datetime,bid,ask,open_interest,volume
2023-01-26 09:30:46,6,28,477,477
2023-01-26 09:32:05,5,28,477,477
2023-01-26 09:32:05,5,35,477,477
2023-01-26 09:32:05,5,42,477,477
2023-01-26 09:32:06,5,49,477,477
2023-01-26 09:32:06,5,56,477,477
2023-01-26 09:32:06,5,100,477,477
2023-01-26 09:33:01,5,25,477,477
2023-01-26 09:35:30,9,25,477,477
2023-01-26 09:35:48,5,25,477,477
2023-01-26 09:35:48,9,25,477,477
2023-01-26 09:36:07,5,25,477,477
2023-01-26 09:36:07,9,25,477,477
2023-01-26 09:36:26,5,25,477,477
2023-01-26 09:36:26,8,25,477,477
2023-01-26 09:36:42,5,25,477,477
2023-01-26 09:36:42,7,25,477,477
2023-01-26 09:37:00,5,25,477,477
2023-01-26 09:37:00,8,25,477,477
2023-01-26 09:37:18,5,25,477,477
2023-01-26 09:37:18,8,25,477,477
2023-01-26 09:37:36,5,25,477,477
2023-01-26 09:37:36,8,25,477,477
2023-01-26 09:37:53,5,25,477,477
2023-01-26 09:37:53,9,25,477,477
2023-01-26 09:38:03,5,26,477,477
2023-01-26 09:38:13,9,26,477,477
2023-01-26 09:38:30,5,26,477,477
2023-01-26 09:38:30,9,26,477,477
2023-01-26 09:38:46,5,26,477,477
2023-01-26 09:38:46,9,26,477,477
2023-01-26 09:39:06,5,26,477,477
2023-01-26 09:39:06,9,26,477,477
2023-01-26 09:39:24,5,26,477,477
2023-01-26 09:39:25,8,26,477,477
2023-01-26 09:39:42,5,26,477,477
2023-01-26 09:39:42,8,26,477,477
2023-01-26 09:40:00,5,26,477,477
2023-01-26 09:40:00,9,26,477,477
2023-01-26 09:40:18,5,26,477,477
2023-01-26 09:40:18,8,26,477,477
2023-01-26 09:40:36,5,26,477,477
2023-01-26 09:40:36,9,26,477,477
2023-01-26 09:40:48,5,21,477,477
2023-01-26 09:40:48,13,21,477,477
2023-01-26 09:40:48,14,21,477,477
2023-01-26 09:40:48,15,21,477,477
2023-01-26 09:40:48,15,19,477,477
2023-01-26 09:41:17,14,19,477,477
2023-01-26 09:41:18,14,21,477,477
2023-01-26 09:41:21,16,21,477,477
2023-01-26 09:43:17,16,29,477,477
2023-01-26 09:43:17,16,22,477,477
2023-01-26 09:43:18,16,20,477,477
2023-01-26 09:43:46,16,22,477,477
2023-01-26 09:43:47,16,21,477,477
2023-01-26 09:44:16,16,23,477,477
2023-01-26 09:44:17,14,23,477,477
2023-01-26 09:44:17,15,23,477,477
2023-01-26 09:44:18,17,23,477,477
2023-01-26 09:44:18,17,24,477,477
2023-01-26 09:44:18,17,22,477,477
2023-01-26 09:44:29,17,24,740,740
2023-01-26 09:44:35,17,26,1025,1025
2023-01-26 09:44:47,18,26,1025,1025
2023-01-26 09:44:47,20,26,1025,1025
2023-01-26 09:44:47,20,24,1025,1025
2023-01-26 09:44:51,20,26,1241,1241
2023-01-26 09:45:20,20,25,1241,1241
2023-01-26 09:45:21,18,25,1241,1241
2023-01-26 09:45:21,18,23,1241,1241
2023-01-26 09:45:47,18,25,1241,1241
2023-01-26 09:45:47,16,25,1241,1241
2023-01-26 09:45:47,19,25,1241,1241
2023-01-26 09:45:48,19,24,1241,1241
2023-01-26 09:46:49,17,24,1241,1241
2023-01-26 09:46:49,17,23,1241,1241
2023-01-26 09:46:50,16,23,1241,1241
2023-01-26 09:46:50,18,23,1241,1241
2023-01-26 09:48:46,19,23,1241,1241
2023-01-26 09:49:18,18,23,1241,1241
2023-01-26 09:49:46,18,30,1241,1241
2023-01-26 09:49:46,18,28,1241,1241
2023-01-26 09:49:46,10,28,1241,1241
2023-01-26 09:49:47,17,28,1241,1241
2023-01-26 09:49:47,17,24,1241,1241
2023-01-26 09:49:47,19,24,1241,1241
2023-01-26 09:50:23,17,24,1241,1241
2023-01-26 09:50:23,18,24,1241,1241
2023-01-26 09:50:24,18,25,1241,1241
2023-01-26 09:50:25,20,25,1241,1241
2023-01-26 09:50:45,20,25,1574,1574
2023-01-26 09:50:48,20,29,1574,1574
2023-01-26 09:50:48,20,30,1574,1574
2023-01-26 09:50:49,20,26,1574,1574
2023-01-26 09:50:49,21,26,1574,1574
2023-01-26 09:51:07,21,28,1777,1777
2023-01-26 09:51:18,23,28,1777,1777
2023-01-26 09:52:17,22,28,1777,1777
2023-01-26 09:52:17,22,30,1777,1777
2023-01-26 09:52:17,22,29,1777,1777
2023-01-26 09:52:18,24,29,1777,1777
2023-01-26 09:53:17,24,30,1777,1777
2023-01-26 09:53:18,24,29,1777,1777
2023-01-26 09:53:47,24,27,1777,1777
2023-01-26 09:53:50,23,27,1777,1777
2023-01-26 09:54:17,22,27,1777,1777
2023-01-26 09:54:46,22,29,1777,1777
2023-01-26 09:54:49,24,29,1777,1777
2023-01-26 09:56:46,26,29,1777,1777
2023-01-26 09:56:47,26,30,1777,1777
2023-01-26 09:59:17,22,30,1777,1777
2023-01-26 09:59:18,23,30,1777,1777
2023-01-26 09:59:18,25,30,1777,1777
2023-01-26 10:02:19,21,30,1777,1777
2023-01-26 10:02:20,16,30,1777,1777
2023-01-26 10:02:21,24,30,1777,1777
2023-01-26 10:02:21,26,30,1777,1777
2023-01-26 10:02:47,26,29,1777,1777
2023-01-26 10:03:16,24,29,1777,1777
2023-01-26 10:03:17,21,29,1777,1777
2023-01-26 10:03:17,23,29,1777,1777
2023-01-26 10:03:18,25,29,1777,1777
2023-01-26 10:03:42,26,29,1777,1777
2023-01-26 10:03:47,26,28,1777,1777
2023-01-26 10:03:57,23,28,1777,1777
2023-01-26 10:04:19,19,28,1777,1777
2023-01-26 10:04:19,22,28,1777,1777
2023-01-26 10:04:19,22,27,1777,1777
2023-01-26 10:05:19,22,29,1777,1777
2023-01-26 10:05:19,23,29,1777,1777
2023-01-26 10:05:20,23,28,1777,1777
2023-01-26 10:05:48,22,28,1777,1777
2023-01-26 10:05:48,22,27,1777,1777
2023-01-26 10:06:40,27,29,2085,2085
2023-01-26 10:08:31,26,29,2085,2085
2023-01-26 10:08:45,26,29,2085,2277
2023-01-26 10:08:55,26,29,2085,2352
2023-01-26 10:09:17,24,29,2085,2352
2023-01-26 10:09:17,16,29,2085,2352
2023-01-26 10:09:17,21,29,2085,2352
2023-01-26 10:09:17,23,29,2085,2352
2023-01-26 10:09:18,25,29,2085,2352
2023-01-26 10:09:47,24,29,2085,2352
2023-01-26 10:09:47,26,29,2085,2352
2023-01-26 10:11:18,24,29,2085,2352
2023-01-26 10:11:19,27,29,2085,2352
2023-01-26 10:11:32,27,29,2085,2377
2023-01-26 10:12:18,25,29,2085,2377
2023-01-26 10:12:18,26,29,2085,2377
2023-01-26 10:13:06,26,29,1876,2586
2023-01-26 10:13:18,25,29,1876,2586
2023-01-26 10:13:47,21,29,1876,2586
2023-01-26 10:13:47,24,29,1876,2586
2023-01-26 10:14:16,24,28,1876,2586
2023-01-26 10:14:18,23,28,1876,2586
2023-01-26 10:16:17,23,29,1876,2586
2023-01-26 10:16:18,18,29,1876,2586
2023-01-26 10:16:18,18,27,1876,2586
2023-01-26 10:16:18,20,27,1876,2586
2023-01-26 10:16:19,22,27,1876,2586
2023-01-26 10:16:47,22,29,1876,2586
2023-01-26 10:16:47,21,29,1876,2586
2023-01-26 10:16:47,21,28,1876,2586
2023-01-26 10:16:47,21,26,1876,2586
2023-01-26 10:17:21,18,26,1876,2586
2023-01-26 10:17:21,18,24,1876,2586
2023-01-26 10:17:21,20,24,1876,2586
2023-01-26 10:18:49,19,24,1876,2586
2023-01-26 10:19:17,19,26,1876,2586
2023-01-26 10:19:17,19,24,1876,2586
2023-01-26 10:20:26,19,26,1876,2586
2023-01-26 10:20:26,19,25,1876,2586
2023-01-26 10:20:26,19,23,1876,2586
2023-01-26 10:20:49,17,23,1876,2586
2023-01-26 10:20:50,16,23,1876,2586
2023-01-26 10:20:51,18,23,1876,2586
2023-01-26 10:21:19,19,23,1876,2586
2023-01-26 10:21:48,16,23,1876,2586
2023-01-26 10:21:48,16,25,1876,2586
2023-01-26 10:21:49,20,25,1876,2586
2023-01-26 10:22:17,20,26,1876,2586
2023-01-26 10:22:17,18,26,1876,2586
2023-01-26 10:22:17,19,26,1876,2586
2023-01-26 10:22:17,19,24,1876,2586
2023-01-26 10:22:46,19,26,1876,2586
2023-01-26 10:22:47,18,26,1876,2586
2023-01-26 10:22:47,20,26,1876,2586
2023-01-26 10:22:47,20,25,1876,2586
2023-01-26 10:23:17,20,26,1876,2586
2023-01-26 10:23:17,18,26,1876,2586
2023-01-26 10:23:18,18,24,1876,2586
2023-01-26 10:23:18,17,24,1876,2586
2023-01-26 10:23:18,19,24,1876,2586
2023-01-26 10:23:49,19,23,1876,2586
2023-01-26 10:23:49,19,21,1876,2586
2023-01-26 10:23:49,17,21,1876,2586
2023-01-26 10:24:18,16,21,1876,2586
2023-01-26 10:24:48,16,20,1876,2586
2023-01-26 10:25:51,16,21,1876,2586
2023-01-26 10:26:18,17,21,1876,2586
2023-01-26 10:27:17,16,21,1876,2586
2023-01-26 10:27:17,16,23,1876,2586
2023-01-26 10:27:17,18,23,1876,2586
2023-01-26 10:27:46,18,25,1876,2586
2023-01-26 10:27:46,18,24,1876,2586
2023-01-26 10:27:46,18,22,1876,2586
2023-01-26 10:27:46,16,22,1876,2586
2023-01-26 10:27:47,17,22,1876,2586
2023-01-26 10:28:18,16,22,1876,2586
2023-01-26 10:28:19,18,22,1876,2586
2023-01-26 10:28:37,18,24,2175,2885
2023-01-26 10:28:41,19,24,2175,2885
2023-01-26 10:28:48,19,25,2175,2885
2023-01-26 10:28:48,19,29,2175,2885
2023-01-26 10:28:48,19,25,2175,2885
2023-01-26 10:28:49,19,23,2175,2885
2023-01-26 10:29:19,19,24,2175,2885
2023-01-26 10:29:46,20,24,2175,2885
2023-01-26 10:29:46,20,25,2175,2885
2023-01-26 10:30:21,20,27,2175,2885
2023-01-26 10:30:22,19,27,2175,2885
2023-01-26 10:30:22,19,29,2175,2885
2023-01-26 10:30:23,19,28,2175,2885
2023-01-26 10:30:24,19,26,2175,2885
2023-01-26 10:30:24,19,24,2175,2885
2023-01-26 10:30:47,19,26,2175,2885
2023-01-26 10:30:48,20,26,2175,2885
2023-01-26 10:30:48,20,25,2175,2885
2023-01-26 10:31:18,19,25,2175,2885
2023-01-26 10:31:19,21,25,2175,2885
2023-01-26 10:31:48,19,25,2175,2885
2023-01-26 10:31:50,20,25,2175,2885
2023-01-26 10:32:49,19,25,2175,2885
2023-01-26 10:32:51,21,25,2175,2885
2023-01-26 10:33:10,21,25,2075,2985
2023-01-26 10:33:19,19,25,2075,2985
2023-01-26 10:33:21,19,28,2075,2985
2023-01-26 10:33:22,19,24,2075,2985
2023-01-26 10:33:51,19,23,2075,2985
2023-01-26 10:36:06,19,25,2345,3255
2023-01-26 10:36:19,19,27,2345,3255
2023-01-26 10:36:20,19,26,2345,3255
2023-01-26 10:36:23,21,26,2345,3255
2023-01-26 10:37:19,21,27,2345,3255
2023-01-26 10:37:20,21,25,2345,3255
2023-01-26 10:38:21,19,25,2345,3255
2023-01-26 10:38:22,20,25,2345,3255
2023-01-26 10:38:22,22,25,2345,3255
2023-01-26 10:38:22,22,27,2345,3255
2023-01-26 10:38:50,22,29,2345,3255
2023-01-26 10:38:50,24,29,2345,3255
2023-01-26 10:39:18,22,29,2345,3255
2023-01-26 10:39:19,23,29,2345,3255
2023-01-26 10:39:19,25,29,2345,3255
2023-01-26 10:40:25,27,29,2345,3255
2023-01-26 10:40:49,25,29,2345,3255
2023-01-26 10:40:49,26,29,2345,3255
2023-01-26 10:42:18,20,29,2345,3255
2023-01-26 10:42:18,24,29,2345,3255
2023-01-26 10:42:19,26,29,2345,3255
2023-01-26 10:43:20,25,29,2345,3255
2023-01-26 10:43:51,26,29,2345,3255
2023-01-26 10:44:17,25,29,2345,3255
2023-01-26 10:45:20,23,29,2345,3255
2023-01-26 10:45:21,20,29,2345,3255
2023-01-26 10:45:22,26,29,2345,3255
2023-01-26 10:46:21,23,29,2345,3255
2023-01-26 10:46:21,25,29,2345,3255
2023-01-26 10:47:47,21,29,2345,3255
2023-01-26 10:47:48,24,29,2345,3255
2023-01-26 10:47:48,26,29,2345,3255
2023-01-26 10:48:19,25,29,2345,3255
2023-01-26 10:48:48,21,29,2345,3255
2023-01-26 10:48:48,22,29,2345,3255
2023-01-26 10:48:49,24,29,2345,3255
2023-01-26 10:49:17,22,29,2345,3255
2023-01-26 10:49:17,19,29,2345,3255
2023-01-26 10:49:17,23,29,2345,3255
2023-01-26 10:49:17,25,29,2345,3255
2023-01-26 10:49:50,24,29,2345,3255
2023-01-26 10:51:48,19,29,2345,3255
2023-01-26 10:51:49,25,29,2345,3255
2023-01-26 10:52:47,23,29,2345,3255
2023-01-26 10:52:48,19,29,2345,3255
2023-01-26 10:52:49,22,29,2345,3255
2023-01-26 10:52:50,24,29,2345,3255
2023-01-26 10:52:50,26,29,2345,3255
2023-01-26 10:53:47,24,29,2345,3255
2023-01-26 10:53:48,19,29,2345,3255
2023-01-26 10:53:48,25,29,2345,3255
2023-01-26 10:53:49,27,29,2345,3255
2023-01-26 10:54:29,27,33,2554,3464
2023-01-26 10:54:47,29,33,2554,3464
2023-01-26 10:54:49,29,35,2554,3464
2023-01-26 10:55:21,29,40,2554,3464
2023-01-26 10:55:22,29,36,2554,3464
2023-01-26 10:55:22,31,36,2554,3464
2023-01-26 10:55:50,31,37,2554,3464
2023-01-26 10:56:07,35,37,2554,3464
2023-01-26 10:56:12,31,37,2345,3673
2023-01-26 10:56:46,29,37,2345,3673
2023-01-26 10:56:49,27,37,2345,3673
2023-01-26 10:56:51,25,37,2345,3673
2023-01-26 10:56:51,25,39,2345,3673
2023-01-26 10:56:51,25,41,2345,3673
2023-01-26 10:56:51,25,37,2345,3673
2023-01-26 10:56:51,30,37,2345,3673
2023-01-26 10:56:51,32,37,2345,3673
2023-01-26 10:57:48,32,39,2345,3673
2023-01-26 10:57:49,30,39,2345,3673
2023-01-26 10:57:49,30,42,2345,3673
2023-01-26 10:57:50,30,38,2345,3673
2023-01-26 10:57:50,32,38,2345,3673
2023-01-26 10:58:46,30,38,2345,3673
2023-01-26 10:58:47,31,38,2345,3673
2023-01-26 10:58:48,33,38,2345,3673
2023-01-26 11:00:50,33,42,2345,3673
2023-01-26 11:00:50,33,41,2345,3673
2023-01-26 11:00:50,33,39,2345,3673
2023-01-26 11:01:20,33,41,2345,3673
2023-01-26 11:01:21,33,42,2345,3673
2023-01-26 11:01:21,33,40,2345,3673
2023-01-26 11:01:21,33,38,2345,3673
2023-01-26 11:02:17,31,38,2345,3673
2023-01-26 11:02:18,25,38,2345,3673
2023-01-26 11:02:18,30,38,2345,3673
2023-01-26 11:02:19,32,38,2345,3673
2023-01-26 11:03:49,32,42,2345,3673
2023-01-26 11:03:49,32,37,2345,3673
2023-01-26 11:04:18,30,37,2345,3673
2023-01-26 11:04:19,25,37,2345,3673
2023-01-26 11:04:19,27,37,2345,3673
2023-01-26 11:04:19,31,37,2345,3673
2023-01-26 11:05:23,30,37,2345,3673
2023-01-26 11:05:23,32,37,2345,3673
2023-01-26 11:06:47,32,39,2345,3673
2023-01-26 11:06:47,32,38,2345,3673
2023-01-26 11:06:47,28,38,2345,3673
2023-01-26 11:06:47,25,38,2345,3673
2023-01-26 11:06:48,33,38,2345,3673
2023-01-26 11:07:48,25,38,2345,3673
2023-01-26 11:07:48,32,38,2345,3673
2023-01-26 11:08:18,30,38,2345,3673
2023-01-26 11:08:18,31,38,2345,3673
2023-01-26 11:08:19,33,38,2345,3673
2023-01-26 11:08:48,33,42,2345,3673
2023-01-26 11:08:48,33,39,2345,3673
2023-01-26 11:09:49,31,39,2345,3673
2023-01-26 11:09:49,33,39,2345,3673
2023-01-26 11:10:49,33,41,2345,3673
2023-01-26 11:10:51,33,40,2345,3673
2023-01-26 11:10:51,33,38,2345,3673
2023-01-26 11:11:49,33,40,2345,3673
2023-01-26 11:11:51,33,39,2345,3673
2023-01-26 11:12:19,33,41,2345,3673
2023-01-26 11:12:19,33,38,2345,3673
2023-01-26 11:12:49,33,42,2345,3673
2023-01-26 11:12:50,33,43,2345,3673
2023-01-26 11:12:50,31,43,2345,3673
2023-01-26 11:12:50,31,39,2345,3673
2023-01-26 11:12:51,33,39,2345,3673
2023-01-26 11:13:17,33,43,2345,3673
2023-01-26 11:13:18,33,38,2345,3673
2023-01-26 11:14:18,33,41,2345,3673
2023-01-26 11:14:18,33,39,2345,3673
2023-01-26 11:15:12,33,39,2234,3784
2023-01-26 11:15:21,31,39,2234,3784
2023-01-26 11:15:22,25,39,2234,3784
2023-01-26 11:15:23,25,37,2234,3784
2023-01-26 11:15:24,28,37,2234,3784
2023-01-26 11:15:24,28,35,2234,3784
2023-01-26 11:15:24,30,35,2234,3784
2023-01-26 11:15:48,29,35,2234,3784
2023-01-26 11:15:50,29,36,2234,3784
2023-01-26 11:15:50,31,36,2234,3784
2023-01-26 11:16:47,31,38,2234,3784
2023-01-26 11:16:47,31,40,2234,3784
2023-01-26 11:16:48,31,43,2234,3784
2023-01-26 11:16:48,29,43,2234,3784
2023-01-26 11:16:48,29,39,2234,3784
2023-01-26 11:16:49,26,39,2234,3784
2023-01-26 11:16:49,26,37,2234,3784
2023-01-26 11:16:49,26,35,2234,3784
2023-01-26 11:16:49,30,35,2234,3784
2023-01-26 11:17:05,30,35,2179,3839
2023-01-26 11:17:17,26,35,2179,3839
2023-01-26 11:17:17,25,35,2179,3839
2023-01-26 11:17:17,25,34,2179,3839
2023-01-26 11:17:19,29,34,2179,3839
2023-01-26 11:19:18,29,36,2179,3839
2023-01-26 11:19:18,29,39,2179,3839
2023-01-26 11:19:18,29,35,2179,3839
2023-01-26 11:19:48,29,39,2179,3839
2023-01-26 11:19:48,29,38,2179,3839
2023-01-26 11:19:48,29,36,2179,3839
2023-01-26 11:19:49,31,36,2179,3839
2023-01-26 11:21:18,29,36,2179,3839
2023-01-26 11:21:19,29,38,2179,3839
2023-01-26 11:21:19,29,40,2179,3839
2023-01-26 11:21:19,25,40,2179,3839
2023-01-26 11:21:19,25,39,2179,3839
2023-01-26 11:21:19,28,39,2179,3839
2023-01-26 11:21:20,30,39,2179,3839
2023-01-26 11:21:20,32,39,2179,3839
2023-01-26 11:21:20,32,37,2179,3839
2023-01-26 11:22:19,31,37,2179,3839
2023-01-26 11:22:19,31,38,2179,3839
2023-01-26 11:22:20,33,38,2179,3839
2023-01-26 11:22:51,31,38,2179,3839
2023-01-26 11:22:51,25,38,2179,3839
2023-01-26 11:22:51,30,38,2179,3839
2023-01-26 11:22:51,32,38,2179,3839
2023-01-26 11:23:18,30,38,2179,3839
2023-01-26 11:23:18,25,38,2179,3839
2023-01-26 11:23:20,33,38,2179,3839
2023-01-26 11:23:48,33,40,2179,3839
2023-01-26 11:23:48,33,39,2179,3839
2023-01-26 11:23:50,32,39,2179,3839
2023-01-26 11:23:50,32,37,2179,3839
2023-01-26 11:24:18,32,39,2179,3839
2023-01-26 11:24:18,32,41,2179,3839
2023-01-26 11:24:19,33,41,2179,3839
2023-01-26 11:24:19,33,42,2179,3839
2023-01-26 11:24:19,33,38,2179,3839
2023-01-26 11:25:20,33,40,2179,3839
2023-01-26 11:25:21,33,44,2179,3839
2023-01-26 11:25:21,33,39,2179,3839
2023-01-26 11:25:22,31,39,2179,3839
2023-01-26 11:25:24,33,39,2179,3839
2023-01-26 11:26:48,33,38,2179,3839
2023-01-26 11:28:48,33,37,2179,3839
2023-01-26 11:28:49,32,37,2179,3839
2023-01-26 11:29:17,32,38,2179,3839
2023-01-26 11:29:47,32,42,2179,3839
2023-01-26 11:29:47,32,44,2179,3839
2023-01-26 11:29:48,32,37,2179,3839
2023-01-26 11:30:25,29,37,2179,3839
2023-01-26 11:30:25,31,37,2179,3839
2023-01-26 11:30:49,31,36,2179,3839
2023-01-26 11:31:18,29,36,2179,3839
2023-01-26 11:31:18,27,36,2179,3839
2023-01-26 11:31:18,26,36,2179,3839
2023-01-26 11:31:19,28,36,2179,3839
2023-01-26 11:31:20,30,36,2179,3839
2023-01-26 11:31:48,28,36,2179,3839
2023-01-26 11:31:48,26,36,2179,3839
2023-01-26 11:31:48,27,36,2179,3839
2023-01-26 11:31:48,31,36,2179,3839
2023-01-26 11:32:19,26,36,2179,3839
2023-01-26 11:32:20,28,36,2179,3839
2023-01-26 11:32:20,30,36,2179,3839
2023-01-26 11:32:48,28,36,2179,3839
2023-01-26 11:32:49,29,36,2179,3839
2023-01-26 11:32:50,31,36,2179,3839
2023-01-26 11:34:16,31,38,2179,3839
2023-01-26 11:34:17,29,38,2179,3839
2023-01-26 11:34:17,29,40,2179,3839
2023-01-26 11:34:17,29,41,2179,3839
2023-01-26 11:34:17,29,39,2179,3839
2023-01-26 11:34:18,31,39,2179,3839
2023-01-26 11:34:18,31,37,2179,3839
2023-01-26 11:34:46,31,39,2179,3839
2023-01-26 11:34:46,31,40,2179,3839
2023-01-26 11:34:47,31,36,2179,3839
2023-01-26 11:35:49,31,38,2179,3839
2023-01-26 11:35:49,31,36,2179,3839
2023-01-26 11:36:18,29,36,2179,3839
2023-01-26 11:36:19,30,36,2179,3839
2023-01-26 11:36:47,30,35,2179,3839
2023-01-26 11:37:18,26,35,2179,3839
2023-01-26 11:37:18,27,35,2179,3839
2023-01-26 11:37:18,29,35,2179,3839
2023-01-26 11:38:17,30,35,2179,3839
2023-01-26 11:39:17,28,35,2179,3839
2023-01-26 11:39:17,26,35,2179,3839
2023-01-26 11:39:17,31,35,2179,3839
2023-01-26 11:39:19,31,36,2179,3839
2023-01-26 11:39:46,31,38,2179,3839
2023-01-26 11:39:46,31,40,2179,3839
2023-01-26 11:39:47,31,46,2179,3839
2023-01-26 11:39:47,32,46,2179,3839
2023-01-26 11:39:47,32,41,2179,3839
2023-01-26 11:39:47,32,37,2179,3839
2023-01-26 11:41:18,30,37,2179,3839
2023-01-26 11:41:19,30,39,2179,3839
2023-01-26 11:41:20,30,37,2179,3839
2023-01-26 11:41:20,32,37,2179,3839
2023-01-26 11:42:47,30,37,2179,3839
2023-01-26 11:42:48,30,39,2179,3839
2023-01-26 11:42:48,30,38,2179,3839
2023-01-26 11:42:49,26,38,2179,3839
2023-01-26 11:42:50,27,38,2179,3839
2023-01-26 11:42:50,27,36,2179,3839
2023-01-26 11:42:50,31,36,2179,3839
2023-01-26 11:43:18,31,38,2179,3839
2023-01-26 11:43:19,31,39,2179,3839
2023-01-26 11:43:19,31,35,2179,3839
2023-01-26 11:43:20,30,35,2179,3839
2023-01-26 11:44:48,28,35,2179,3839
2023-01-26 11:44:48,28,33,2179,3839
2023-01-26 11:45:20,28,35,2179,3839
2023-01-26 11:45:21,28,34,2179,3839
2023-01-26 11:45:48,26,34,2179,3839
2023-01-26 11:45:48,27,34,2179,3839
2023-01-26 11:45:48,29,34,2179,3839
2023-01-26 11:46:17,29,38,2179,3839
2023-01-26 11:46:18,29,42,2179,3839
2023-01-26 11:46:18,26,42,2179,3839
2023-01-26 11:46:18,30,42,2179,3839
2023-01-26 11:46:18,30,35,2179,3839
2023-01-26 11:47:17,29,35,2179,3839
2023-01-26 11:47:47,29,37,2179,3839
2023-01-26 11:47:48,29,35,2179,3839
2023-01-26 11:48:18,29,37,2179,3839
2023-01-26 11:48:19,29,34,2179,3839
2023-01-26 11:50:47,27,34,2179,3839
2023-01-26 11:50:48,27,38,2179,3839
2023-01-26 11:50:48,27,40,2179,3839
2023-01-26 11:50:49,27,37,2179,3839
2023-01-26 11:50:49,28,37,2179,3839
2023-01-26 11:50:49,28,35,2179,3839
2023-01-26 11:50:49,30,35,2179,3839
2023-01-26 11:52:49,30,37,2179,3839
2023-01-26 11:52:49,29,37,2179,3839
2023-01-26 11:52:50,29,35,2179,3839
2023-01-26 11:54:18,27,35,2179,3839
2023-01-26 11:54:18,28,35,2179,3839
2023-01-26 11:54:18,30,35,2179,3839
2023-01-26 11:55:49,28,35,2179,3839
2023-01-26 11:55:50,27,35,2179,3839
2023-01-26 11:55:51,27,36,2179,3839
2023-01-26 11:55:51,31,36,2179,3839
2023-01-26 11:57:47,31,35,2179,3839
2023-01-26 11:57:47,30,35,2179,3839
2023-01-26 11:58:18,30,37,2179,3839
2023-01-26 11:58:18,28,37,2179,3839
2023-01-26 11:58:18,28,40,2179,3839
2023-01-26 11:58:19,28,34,2179,3839
2023-01-26 11:58:19,29,34,2179,3839
2023-01-26 11:59:18,27,34,2179,3839
2023-01-26 11:59:19,26,34,2179,3839
2023-01-26 11:59:19,28,34,2179,3839
2023-01-26 11:59:49,28,38,2179,3839
2023-01-26 11:59:49,28,36,2179,3839
2023-01-26 11:59:51,28,34,2179,3839
2023-01-26 12:00:27,25,34,2179,3839
2023-01-26 12:00:28,27,34,2179,3839
2023-01-26 12:00:31,29,34,2179,3839
2023-01-26 12:01:21,29,36,2179,3839
2023-01-26 12:01:22,27,36,2179,3839
2023-01-26 12:01:22,27,38,2179,3839
2023-01-26 12:01:22,27,37,2179,3839
2023-01-26 12:01:23,27,33,2179,3839
2023-01-26 12:01:48,28,33,2179,3839
2023-01-26 12:02:19,26,33,2179,3839
2023-01-26 12:02:20,27,33,2179,3839
2023-01-26 12:02:50,25,33,2179,3839
2023-01-26 12:02:51,26,33,2179,3839
2023-01-26 12:02:52,26,31,2179,3839
2023-01-26 12:03:20,26,33,2179,3839
2023-01-26 12:03:21,26,36,2179,3839
2023-01-26 12:03:21,26,34,2179,3839
2023-01-26 12:03:21,26,30,2179,3839
2023-01-26 12:03:21,25,30,2179,3839
2023-01-26 12:04:20,25,34,2179,3839
2023-01-26 12:04:20,25,36,2179,3839
2023-01-26 12:04:21,25,31,2179,3839
2023-01-26 12:04:21,26,31,2179,3839
2023-01-26 12:05:23,25,31,2179,3839
2023-01-26 12:05:23,26,31,2179,3839
2023-01-26 12:06:51,25,31,2179,3839
2023-01-26 12:07:21,25,29,2179,3839
2023-01-26 12:07:50,25,27,2179,3839
2023-01-26 12:08:20,25,28,2179,3839
2023-01-26 12:08:49,25,30,2179,3839
2023-01-26 12:08:49,25,27,2179,3839
2023-01-26 12:09:48,25,29,2179,3839
2023-01-26 12:09:48,25,27,2179,3839
2023-01-26 12:10:24,25,26,2179,3839
2023-01-26 12:10:31,25,26,2179,3939
2023-01-26 12:10:36,21,25,2206,3989
2023-01-26 12:10:50,21,26,2206,3989
2023-01-26 12:10:52,21,24,2206,3989
2023-01-26 12:10:57,19,24,2206,3989
2023-01-26 12:11:17,19,28,2206,3989
2023-01-26 12:11:17,19,34,2206,3989
2023-01-26 12:11:17,19,25,2206,3989
2023-01-26 12:11:18,18,25,2206,3989
2023-01-26 12:11:18,18,23,2206,3989
2023-01-26 12:12:19,18,27,2206,3989
2023-01-26 12:12:19,18,22,2206,3989
2023-01-26 12:12:23,18,22,2279,4089
2023-01-26 12:13:19,18,24,2279,4089
2023-01-26 12:13:19,18,22,2279,4089
2023-01-26 12:13:55,18,22,2379,4189
2023-01-26 12:14:00,18,22,2479,4289
2023-01-26 12:14:17,18,24,2479,4289
2023-01-26 12:14:18,19,24,2479,4289
2023-01-26 12:15:21,18,24,2479,4289
2023-01-26 12:15:23,20,24,2479,4289
2023-01-26 12:15:23,20,25,2479,4289
2023-01-26 12:15:50,20,25,2812,4622
2023-01-26 12:16:19,20,27,2812,4622
2023-01-26 12:16:19,22,27,2812,4622
2023-01-26 12:17:17,20,27,2812,4622
2023-01-26 12:17:18,23,27,2812,4622
2023-01-26 12:17:18,23,28,2812,4622
2023-01-26 12:17:47,23,30,2812,4622
2023-01-26 12:17:47,23,33,2812,4622
2023-01-26 12:17:47,23,29,2812,4622
2023-01-26 12:17:48,23,27,2812,4622
2023-01-26 12:18:18,23,29,2812,4622
2023-01-26 12:18:19,23,31,2812,4622
2023-01-26 12:18:19,23,30,2812,4622
2023-01-26 12:18:19,23,28,2812,4622
2023-01-26 12:18:47,23,30,2812,4622
2023-01-26 12:18:48,23,31,2812,4622
2023-01-26 12:18:49,23,27,2812,4622
2023-01-26 12:18:49,22,27,2812,4622
2023-01-26 12:19:18,22,29,2812,4622
2023-01-26 12:19:18,20,29,2812,4622
2023-01-26 12:19:18,21,29,2812,4622
2023-01-26 12:19:19,23,29,2812,4622
2023-01-26 12:19:19,23,28,2812,4622
2023-01-26 12:20:30,21,28,2812,4622
2023-01-26 12:20:30,23,28,2812,4622
2023-01-26 12:21:48,23,33,2812,4622
2023-01-26 12:21:48,23,27,2812,4622
2023-01-26 12:21:49,22,27,2812,4622
2023-01-26 12:22:48,19,27,2812,4622
2023-01-26 12:22:48,19,26,2812,4622
2023-01-26 12:22:48,21,26,2812,4622
2023-01-26 12:23:30,21,26,2819,4629
2023-01-26 12:23:46,22,26,2819,4629
2023-01-26 12:23:47,22,28,2819,4629
2023-01-26 12:23:47,22,27,2819,4629
2023-01-26 12:24:48,19,27,2819,4629
2023-01-26 12:24:48,19,30,2819,4629
2023-01-26 12:24:48,19,28,2819,4629
2023-01-26 12:24:49,23,28,2819,4629
2023-01-26 12:26:19,23,26,2819,4629
2023-01-26 12:26:19,19,26,2819,4629
2023-01-26 12:26:19,20,26,2819,4629
2023-01-26 12:26:19,22,26,2819,4629
2023-01-26 12:26:44,22,28,2819,4629
2023-01-26 12:26:45,22,27,2819,4629
2023-01-26 12:27:48,20,27,2819,4629
2023-01-26 12:27:49,21,27,2819,4629
2023-01-26 12:27:49,21,31,2819,4629
2023-01-26 12:27:49,21,28,2819,4629
2023-01-26 12:27:49,23,28,2819,4629
2023-01-26 12:28:46,23,30,2819,4629
2023-01-26 12:28:46,20,30,2819,4629
2023-01-26 12:28:47,20,29,2819,4629
2023-01-26 12:28:47,22,29,2819,4629
2023-01-26 12:28:47,22,27,2819,4629
2023-01-26 12:29:19,18,27,2819,4629
2023-01-26 12:29:19,18,26,2819,4629
2023-01-26 12:29:20,19,26,2819,4629
2023-01-26 12:29:20,21,26,2819,4629
2023-01-26 12:29:47,20,26,2819,4629
2023-01-26 12:29:47,20,30,2819,4629
2023-01-26 12:29:47,22,30,2819,4629
2023-01-26 12:29:47,22,27,2819,4629
2023-01-26 12:31:48,20,27,2819,4629
2023-01-26 12:31:48,20,25,2819,4629
2023-01-26 12:31:49,21,25,2819,4629
2023-01-26 12:32:18,20,25,2819,4629
2023-01-26 12:34:16,20,27,2819,4629
2023-01-26 12:34:16,20,29,2819,4629
2023-01-26 12:34:17,20,33,2819,4629
2023-01-26 12:34:17,20,26,2819,4629
2023-01-26 12:34:17,20,24,2819,4629
2023-01-26 12:35:13,20,24,2844,4654
2023-01-26 12:35:20,19,24,2844,4654
2023-01-26 12:35:21,20,24,2844,4654
2023-01-26 12:35:47,18,24,2844,4654
2023-01-26 12:35:48,19,24,2844,4654
2023-01-26 12:38:03,19,24,2837,4661
2023-01-26 12:38:17,19,26,2837,4661
2023-01-26 12:38:17,19,27,2837,4661
2023-01-26 12:38:18,19,23,2837,4661
2023-01-26 12:39:18,19,30,2837,4661
2023-01-26 12:39:18,19,28,2837,4661
2023-01-26 12:39:18,19,24,2837,4661
2023-01-26 12:39:47,18,24,2837,4661
2023-01-26 12:39:48,20,24,2837,4661
2023-01-26 12:40:25,19,24,2837,4661
2023-01-26 12:40:48,19,26,2837,4661
2023-01-26 12:40:49,19,24,2837,4661
2023-01-26 12:41:18,19,26,2837,4661
2023-01-26 12:41:18,18,26,2837,4661
2023-01-26 12:41:18,18,25,2837,4661
2023-01-26 12:41:19,18,23,2837,4661
2023-01-26 12:41:47,18,25,2837,4661
2023-01-26 12:41:47,18,24,2837,4661
2023-01-26 12:41:48,19,24,2837,4661
2023-01-26 12:42:47,19,26,2837,4661
2023-01-26 12:42:47,19,31,2837,4661
2023-01-26 12:42:48,19,29,2837,4661
2023-01-26 12:42:48,20,29,2837,4661
2023-01-26 12:42:49,20,27,2837,4661
2023-01-26 12:42:49,20,25,2837,4661
2023-01-26 12:43:47,20,31,2837,4661
2023-01-26 12:43:47,20,28,2837,4661
2023-01-26 12:43:48,20,26,2837,4661
2023-01-26 12:43:48,19,26,2837,4661
2023-01-26 12:43:48,21,26,2837,4661
2023-01-26 12:44:47,21,28,2837,4661
2023-01-26 12:44:48,19,28,2837,4661
2023-01-26 12:44:48,19,31,2837,4661
2023-01-26 12:44:48,20,31,2837,4661
2023-01-26 12:44:48,20,27,2837,4661
2023-01-26 12:44:48,22,27,2837,4661
2023-01-26 12:45:51,19,27,2837,4661
2023-01-26 12:45:51,19,26,2837,4661
2023-01-26 12:45:51,21,26,2837,4661
2023-01-26 12:46:47,21,31,2837,4661
2023-01-26 12:46:47,20,31,2837,4661
2023-01-26 12:46:48,20,29,2837,4661
2023-01-26 12:46:48,20,27,2837,4661
2023-01-26 12:46:48,22,27,2837,4661
2023-01-26 12:47:10,22,27,2948,4772
2023-01-26 12:47:17,22,29,2948,4772
2023-01-26 12:47:18,24,29,2948,4772
2023-01-26 12:48:18,25,29,2948,4772
2023-01-26 12:48:18,25,32,2948,4772
2023-01-26 12:48:18,25,30,2948,4772
2023-01-26 12:48:47,25,32,2948,4772
2023-01-26 12:48:47,25,37,2948,4772
2023-01-26 12:48:47,26,37,2948,4772
2023-01-26 12:48:47,26,35,2948,4772
2023-01-26 12:48:47,26,33,2948,4772
2023-01-26 12:48:48,26,31,2948,4772
2023-01-26 12:49:16,26,33,2948,4772
2023-01-26 12:49:17,25,33,2948,4772
2023-01-26 12:49:17,25,32,2948,4772
2023-01-26 12:49:17,25,30,2948,4772
2023-01-26 12:50:47,25,29,2948,4772
2023-01-26 12:50:52,23,29,2948,4772
2023-01-26 12:50:52,23,28,2948,4772
2023-01-26 12:51:19,23,29,2948,4772
2023-01-26 12:51:20,19,29,2948,4772
2023-01-26 12:51:20,20,29,2948,4772
2023-01-26 12:51:20,22,29,2948,4772
2023-01-26 12:51:21,22,27,2948,4772
2023-01-26 12:51:47,20,27,2948,4772
2023-01-26 12:51:48,20,25,2948,4772
2023-01-26 12:52:48,20,29,2948,4772
2023-01-26 12:52:49,20,28,2948,4772
2023-01-26 12:52:49,18,28,2948,4772
2023-01-26 12:52:49,18,24,2948,4772
2023-01-26 12:52:50,19,24,2948,4772
2023-01-26 12:52:58,19,23,2948,4772
2023-01-26 12:53:18,18,23,2948,4772
2023-01-26 12:54:17,19,23,2948,4772
2023-01-26 12:55:48,18,23,2948,4772
2023-01-26 12:56:48,19,23,2948,4772
2023-01-26 12:59:08,19,23,2948,4872
2023-01-26 12:59:13,23,24,2948,4883
2023-01-26 12:59:17,23,26,3330,5265
2023-01-26 12:59:18,19,26,3330,5265
2023-01-26 12:59:18,18,26,3330,5265
2023-01-26 12:59:18,18,27,3330,5265
2023-01-26 12:59:19,20,27,3330,5265
2023-01-26 12:59:19,20,25,3330,5265
2023-01-26 12:59:47,20,26,3330,5265
2023-01-26 12:59:47,22,26,3330,5265
2023-01-26 13:00:24,22,28,3330,5265
2023-01-26 13:00:25,20,28,3330,5265
2023-01-26 13:00:26,18,28,3330,5265
2023-01-26 13:00:26,19,28,3330,5265
2023-01-26 13:00:26,23,28,3330,5265
2023-01-26 13:00:49,21,28,3330,5265
2023-01-26 13:00:49,20,28,3330,5265
2023-01-26 13:00:49,22,28,3330,5265
2023-01-26 13:00:49,22,27,3330,5265
2023-01-26 13:02:19,20,27,3330,5265
2023-01-26 13:02:20,19,27,3330,5265
2023-01-26 13:02:20,19,25,3330,5265
2023-01-26 13:02:20,21,25,3330,5265
2023-01-26 13:02:48,21,26,3330,5265
2023-01-26 13:03:18,21,25,3330,5265
2023-01-26 13:03:48,21,27,3330,5265
2023-01-26 13:03:48,18,27,3330,5265
2023-01-26 13:03:49,22,27,3330,5265
2023-01-26 13:04:48,22,26,3330,5265
2023-01-26 13:04:49,21,26,3330,5265
2023-01-26 13:05:49,21,28,3330,5265
2023-01-26 13:05:49,23,28,3330,5265
2023-01-26 13:06:48,23,32,3330,5265
2023-01-26 13:06:48,24,32,3330,5265
2023-01-26 13:06:48,24,36,3330,5265
2023-01-26 13:06:49,24,29,3330,5265
2023-01-26 13:07:17,24,31,3330,5265
2023-01-26 13:07:18,22,31,3330,5265
2023-01-26 13:07:19,23,31,3330,5265
2023-01-26 13:07:19,25,31,3330,5265
2023-01-26 13:07:49,22,31,3330,5265
2023-01-26 13:07:49,24,31,3330,5265
2023-01-26 13:07:49,26,31,3330,5265
2023-01-26 13:08:39,27,31,3330,5265
2023-01-26 13:08:48,27,32,3330,5265
2023-01-26 13:08:51,31,32,3330,5265
2023-01-26 13:08:58,27,32,3330,5265
2023-01-26 13:09:17,27,34,3330,5265
2023-01-26 13:09:18,29,34,3330,5265
2023-01-26 13:10:23,27,34,3330,5265
2023-01-26 13:10:24,28,34,3330,5265
2023-01-26 13:10:52,28,38,3330,5265
2023-01-26 13:10:52,28,33,3330,5265
2023-01-26 13:11:18,26,33,3330,5265
2023-01-26 13:11:18,24,33,3330,5265
2023-01-26 13:11:18,27,33,3330,5265
2023-01-26 13:11:19,27,34,3330,5265
2023-01-26 13:11:19,27,32,3330,5265
2023-01-26 13:11:48,27,33,3330,5265
2023-01-26 13:12:18,27,43,3330,5265
2023-01-26 13:12:18,27,34,3330,5265
2023-01-26 13:12:18,27,32,3330,5265
2023-01-26 13:12:47,27,34,3330,5265
2023-01-26 13:12:47,24,34,3330,5265
2023-01-26 13:12:47,24,36,3330,5265
2023-01-26 13:12:47,24,35,3330,5265
2023-01-26 13:12:47,24,33,3330,5265
2023-01-26 13:12:48,24,31,3330,5265
2023-01-26 13:12:48,26,31,3330,5265
2023-01-26 13:13:17,24,31,3330,5265
2023-01-26 13:13:17,24,33,3330,5265
2023-01-26 13:13:18,24,35,3330,5265
2023-01-26 13:13:19,24,30,3330,5265
2023-01-26 13:13:19,23,30,3330,5265
2023-01-26 13:13:19,25,30,3330,5265
2023-01-26 13:14:18,23,30,3330,5265
2023-01-26 13:14:18,23,35,3330,5265
2023-01-26 13:14:18,23,31,3330,5265
2023-01-26 13:14:19,24,31,3330,5265
2023-01-26 13:14:19,24,29,3330,5265
2023-01-26 13:14:48,25,29,3330,5265
2023-01-26 13:14:48,25,30,3330,5265
2023-01-26 13:15:49,25,32,3330,5265
2023-01-26 13:15:49,25,34,3330,5265
2023-01-26 13:15:49,25,35,3330,5265
2023-01-26 13:15:49,23,35,3330,5265
2023-01-26 13:15:49,26,35,3330,5265
2023-01-26 13:15:49,26,33,3330,5265
2023-01-26 13:15:50,26,31,3330,5265
2023-01-26 13:16:48,24,31,3330,5265
2023-01-26 13:16:48,26,31,3330,5265
2023-01-26 13:17:17,26,33,3330,5265
2023-01-26 13:17:17,24,33,3330,5265
2023-01-26 13:17:17,23,33,3330,5265
2023-01-26 13:17:17,25,33,3330,5265
2023-01-26 13:17:18,25,30,3330,5265
2023-01-26 13:17:45,25,31,3330,5265
2023-01-26 13:18:17,26,31,3330,5265
2023-01-26 13:19:18,26,35,3330,5265
2023-01-26 13:19:18,26,34,3330,5265
2023-01-26 13:19:19,23,34,3330,5265
2023-01-26 13:19:19,23,32,3330,5265
2023-01-26 13:19:19,25,32,3330,5265
2023-01-26 13:19:19,27,32,3330,5265
2023-01-26 13:19:48,25,32,3330,5265
2023-01-26 13:19:48,25,34,3330,5265
2023-01-26 13:19:48,23,34,3330,5265
2023-01-26 13:19:49,23,36,3330,5265
2023-01-26 13:19:49,23,37,3330,5265
2023-01-26 13:19:49,28,37,3330,5265
2023-01-26 13:19:49,28,35,3330,5265
2023-01-26 13:19:49,28,33,3330,5265
2023-01-26 13:20:25,29,33,3330,5265
2023-01-26 13:20:25,29,35,3330,5265
2023-01-26 13:20:26,29,36,3330,5265
2023-01-26 13:20:26,29,34,3330,5265
2023-01-26 13:20:48,27,34,3330,5265
2023-01-26 13:20:49,27,42,3330,5265
2023-01-26 13:20:49,27,35,3330,5265
2023-01-26 13:20:51,27,33,3330,5265
2023-01-26 13:21:19,27,35,3330,5265
2023-01-26 13:21:19,27,37,3330,5265
2023-01-26 13:21:19,27,34,3330,5265
2023-01-26 13:21:20,29,34,3330,5265
2023-01-26 13:21:47,27,34,3330,5265
2023-01-26 13:21:48,27,37,3330,5265
2023-01-26 13:21:48,27,33,3330,5265
2023-01-26 13:22:18,27,32,3330,5265
2023-01-26 13:22:50,25,32,3330,5265
2023-01-26 13:22:53,25,30,3330,5265
2023-01-26 13:23:52,25,32,3330,5265
2023-01-26 13:23:52,22,32,3330,5265
2023-01-26 13:23:52,22,34,3330,5265
2023-01-26 13:23:53,24,34,3330,5265
2023-01-26 13:23:53,24,31,3330,5265
2023-01-26 13:23:53,24,29,3330,5265
2023-01-26 13:24:20,24,34,3330,5265
2023-01-26 13:24:21,24,30,3330,5265
2023-01-26 13:24:48,24,29,3330,5265
2023-01-26 13:25:34,24,29,3332,5267
2023-01-26 13:25:55,24,27,3332,5267
2023-01-26 13:25:56,22,27,3332,5267
2023-01-26 13:26:18,22,29,3332,5267
2023-01-26 13:26:19,22,28,3332,5267
2023-01-26 13:26:19,23,28,3332,5267
2023-01-26 13:27:18,21,28,3332,5267
2023-01-26 13:27:18,21,30,3332,5267
2023-01-26 13:27:19,21,34,3332,5267
2023-01-26 13:27:20,21,27,3332,5267
2023-01-26 13:27:22,22,27,3332,5267
2023-01-26 13:29:38,22,27,3332,5270
2023-01-26 13:29:39,22,27,3332,5275
2023-01-26 13:29:51,22,27,3332,5278
2023-01-26 13:29:52,22,27,3332,5283
2023-01-26 13:30:50,21,27,3332,5283
2023-01-26 13:30:51,21,25,3332,5283
2023-01-26 13:31:19,21,27,3332,5283
2023-01-26 13:31:20,21,26,3332,5283
2023-01-26 13:31:20,21,24,3332,5283
2023-01-26 13:31:50,21,26,3332,5283
2023-01-26 13:31:51,21,25,3332,5283
2023-01-26 13:31:52,21,23,3332,5283
2023-01-26 13:32:49,21,22,3332,5283
2023-01-26 13:33:18,21,24,3332,5283
2023-01-26 13:33:50,21,31,3332,5283
2023-01-26 13:33:50,21,27,3332,5283
2023-01-26 13:33:50,21,25,3332,5283
2023-01-26 13:34:16,21,29,3332,5283
2023-01-26 13:34:17,21,28,3332,5283
2023-01-26 13:34:17,21,26,3332,5283
2023-01-26 13:34:18,21,24,3332,5283
2023-01-26 13:35:49,21,26,3332,5283
2023-01-26 13:35:49,21,24,3332,5283
2023-01-26 13:36:15,21,23,3332,5283
2023-01-26 13:36:49,21,22,3332,5283
2023-01-26 13:38:11,21,22,3332,5383
2023-01-26 13:38:15,19,21,3332,5394
2023-01-26 13:38:18,19,21,3335,5397
2023-01-26 13:38:18,19,20,3335,5397
2023-01-26 13:38:25,19,20,3338,5400
2023-01-26 13:38:37,19,21,3338,5400
2023-01-26 13:38:38,19,21,3341,5403
2023-01-26 13:38:38,18,21,3341,5403
2023-01-26 13:38:38,18,20,3341,5403
2023-01-26 13:38:50,18,23,3341,5403
2023-01-26 13:38:50,18,20,3341,5403
2023-01-26 13:38:50,16,18,3442,5504
2023-01-26 13:39:49,16,17,3442,5504
2023-01-26 13:39:52,13,17,3442,5722
2023-01-26 13:40:28,12,17,3442,5722
2023-01-26 13:40:28,12,21,3442,5722
2023-01-26 13:40:30,12,18,3442,5722
2023-01-26 13:40:30,12,16,3442,5722
2023-01-26 13:41:17,12,18,3442,5722
2023-01-26 13:41:18,12,17,3442,5722
2023-01-26 13:41:52,12,16,3442,5722
2023-01-26 13:42:22,11,16,3442,5722
2023-01-26 13:42:22,11,15,3442,5722
2023-01-26 13:44:18,11,16,3442,5722
2023-01-26 13:44:19,12,16,3442,5722
2023-01-26 13:44:48,11,16,3442,5722
2023-01-26 13:44:48,11,15,3442,5722
2023-01-26 13:45:22,11,16,3442,5722
2023-01-26 13:45:22,11,12,3442,5722
2023-01-26 13:45:22,11,12,3152,6012
2023-01-26 13:47:26,8,12,3152,6012
2023-01-26 13:47:26,9,12,3152,6012
2023-01-26 13:47:27,11,12,3152,6012
2023-01-26 13:47:39,10,12,3152,6012
2023-01-26 13:47:46,8,12,3152,6012
2023-01-26 13:47:46,10,12,3152,6012
2023-01-26 13:47:47,11,12,3152,6012
2023-01-26 13:47:58,10,12,3152,6012
2023-01-26 13:48:07,11,12,3152,6012
2023-01-26 13:48:10,11,13,3152,6322
2023-01-26 13:48:18,10,13,3152,6322
2023-01-26 13:48:20,9,13,3152,6322
2023-01-26 13:48:26,11,13,3152,6322
2023-01-26 13:48:37,10,13,3152,6322
2023-01-26 13:48:46,11,13,3152,6322
2023-01-26 13:48:57,10,13,3152,6322
2023-01-26 13:49:06,9,13,3152,6322
2023-01-26 13:49:06,10,13,3152,6322
2023-01-26 13:49:06,11,13,3152,6322
2023-01-26 13:49:18,10,13,3152,6322
2023-01-26 13:49:21,9,13,3152,6322
2023-01-26 13:49:30,10,13,3152,6322
2023-01-26 13:49:31,11,13,3152,6322
2023-01-26 13:49:44,10,13,3152,6322
2023-01-26 13:49:47,9,13,3152,6322
2023-01-26 13:49:48,9,14,3152,6322
2023-01-26 13:49:48,10,14,3152,6322
2023-01-26 13:49:55,11,14,3152,6322
2023-01-26 13:50:08,10,14,3152,6322
2023-01-26 13:50:19,11,14,3152,6322
2023-01-26 13:50:36,10,14,3152,6322
2023-01-26 13:50:37,10,13,3152,6322
2023-01-26 13:50:50,10,14,3152,6322
2023-01-26 13:51:03,10,13,3152,6322
2023-01-26 13:51:21,10,14,3152,6322
2023-01-26 13:51:31,10,13,3152,6322
2023-01-26 13:51:46,10,14,3152,6322
2023-01-26 13:51:51,11,14,3152,6322
2023-01-26 13:52:00,11,13,3152,6322
2023-01-26 13:52:02,10,13,3152,6322
2023-01-26 13:52:12,10,14,3152,6322
2023-01-26 13:52:32,10,13,3152,6322
2023-01-26 13:52:48,10,14,3152,6322
2023-01-26 13:53:06,10,13,3152,6322
2023-01-26 13:53:18,10,14,3152,6322
2023-01-26 13:53:18,10,13,3152,6322
2023-01-26 13:53:27,9,13,3152,6322
2023-01-26 13:53:34,11,13,3152,6322
2023-01-26 13:53:43,11,14,3458,6628
2023-01-26 13:53:44,9,14,3458,6628
2023-01-26 13:53:50,10,14,3458,6628
2023-01-26 13:53:56,11,14,3458,6628
2023-01-26 13:54:11,10,14,3458,6628
2023-01-26 13:54:12,10,13,3458,6628
2023-01-26 13:54:17,11,13,3458,6628
2023-01-26 13:54:30,11,15,3458,6628
2023-01-26 13:54:31,11,14,3458,6628
2023-01-26 13:54:48,11,13,3458,6628
2023-01-26 13:55:09,11,15,3458,6628
2023-01-26 13:55:10,11,14,3458,6628
2023-01-26 13:55:21,12,14,3458,6628
2023-01-26 13:55:22,12,15,3458,6628
2023-01-26 13:55:26,12,13,3458,6628
2023-01-26 13:55:31,11,13,3458,6628
2023-01-26 13:55:42,11,15,3458,6628
2023-01-26 13:55:42,12,15,3458,6628
2023-01-26 13:55:49,12,16,3458,6628
2023-01-26 13:56:10,12,14,3458,6628
2023-01-26 13:56:19,10,14,3458,6628
2023-01-26 13:56:20,11,14,3458,6628
2023-01-26 13:56:24,11,13,3458,6628
2023-01-26 13:56:50,11,15,3458,6628
2023-01-26 13:56:50,11,14,3458,6628
2023-01-26 13:56:58,12,14,3458,6628
2023-01-26 13:57:03,12,13,3458,6628
2023-01-26 13:57:08,11,13,3458,6628
2023-01-26 13:57:15,11,14,3458,6628
2023-01-26 13:57:17,12,14,3458,6628
2023-01-26 13:57:20,12,15,3458,6628
2023-01-26 13:57:22,12,16,3458,6628
2023-01-26 13:57:30,12,14,3458,6628
2023-01-26 13:57:42,12,15,3458,6628
2023-01-26 13:57:44,12,13,3458,6628
2023-01-26 13:57:57,12,14,3458,6628
2023-01-26 13:58:01,12,15,3458,6628
2023-01-26 13:58:08,12,14,3458,6628
2023-01-26 13:58:21,12,13,3458,6628
2023-01-26 13:58:42,12,16,3458,6628
2023-01-26 13:58:45,12,14,3458,6628
2023-01-26 13:58:47,11,14,3458,6628
2023-01-26 13:58:57,11,15,3458,6628
2023-01-26 13:58:59,11,13,3458,6628
2023-01-26 13:59:01,10,13,3458,6628
2023-01-26 13:59:10,10,14,3458,6628
2023-01-26 13:59:10,11,14,3458,6628
2023-01-26 13:59:17,11,15,3458,6628
2023-01-26 13:59:20,11,14,3458,6628
2023-01-26 13:59:31,11,13,3458,6628
2023-01-26 13:59:46,11,14,3458,6628
2023-01-26 13:59:47,11,15,3458,6628
2023-01-26 13:59:53,11,14,3458,6628
2023-01-26 14:00:03,11,13,3458,6628
2023-01-26 14:00:15,11,14,3458,6628
2023-01-26 14:00:18,12,14,3458,6628
2023-01-26 14:00:24,12,15,3458,6628
2023-01-26 14:00:30,11,15,3458,6628
2023-01-26 14:00:31,11,14,3458,6628
2023-01-26 14:00:38,12,14,3458,6628
2023-01-26 14:00:45,12,15,3458,6628
2023-01-26 14:00:48,11,15,3458,6628
2023-01-26 14:00:49,10,15,3458,6628
2023-01-26 14:00:50,11,15,3458,6628
2023-01-26 14:01:01,11,14,3458,6628
2023-01-26 14:01:06,13,14,3458,6628
2023-01-26 14:01:08,14,15,3461,6631
2023-01-26 14:01:18,13,17,3461,6631
2023-01-26 14:01:24,12,17,3461,6631
2023-01-26 14:01:25,12,15,3461,6631
2023-01-26 14:01:28,13,15,3461,6631
2023-01-26 14:01:29,13,14,3461,6631
2023-01-26 14:01:48,12,17,3461,6631
2023-01-26 14:01:48,12,19,3461,6631
2023-01-26 14:01:49,12,23,3461,6631
2023-01-26 14:01:49,12,22,3461,6631
2023-01-26 14:01:50,12,18,3461,6631
2023-01-26 14:01:50,13,18,3461,6631
2023-01-26 14:02:04,13,14,3461,6631
2023-01-26 14:02:16,13,15,3461,6631
2023-01-26 14:02:18,13,16,3461,6631
2023-01-26 14:02:18,12,16,3461,6631
2023-01-26 14:02:22,13,16,3461,6631
2023-01-26 14:02:42,12,17,3461,6631
2023-01-26 14:02:43,12,15,3461,6631
2023-01-26 14:02:48,13,15,3461,6631
2023-01-26 14:03:08,13,16,3461,6631
2023-01-26 14:03:12,13,17,3461,6631
2023-01-26 14:03:18,13,18,3461,6631
2023-01-26 14:03:18,13,16,3461,6631
2023-01-26 14:03:19,12,16,3461,6631
2023-01-26 14:03:23,12,15,3461,6631
2023-01-26 14:03:35,12,16,3461,6631
2023-01-26 14:03:40,12,15,3461,6631
2023-01-26 14:03:42,11,15,3461,6631
2023-01-26 14:03:46,12,15,3461,6631
2023-01-26 14:04:13,13,15,3461,6631
2023-01-26 14:04:26,12,15,3461,6631
2023-01-26 14:04:28,11,15,3461,6631
2023-01-26 14:04:29,12,15,3461,6631
2023-01-26 14:05:12,11,15,3461,6631
2023-01-26 14:06:18,11,14,3461,6631
2023-01-26 14:06:21,10,14,3461,6631
2023-01-26 14:06:27,10,14,3461,6646
2023-01-26 14:07:19,10,13,3461,6646
2023-01-26 14:07:38,11,13,3461,6646
2023-01-26 14:07:49,11,14,3461,6646
2023-01-26 14:07:57,10,14,3461,6646
2023-01-26 14:08:48,10,13,3461,6646
2023-01-26 14:08:48,10,12,3461,6646
2023-01-26 14:09:40,8,12,3461,6646
2023-01-26 14:09:40,9,12,3461,6646
2023-01-26 14:09:42,11,12,3461,6646
2023-01-26 14:09:48,10,11,3461,6649
2023-01-26 14:10:20,8,11,3461,6649
2023-01-26 14:10:20,9,11,3461,6649
2023-01-26 14:10:21,9,11,3461,6652
2023-01-26 14:10:24,10,11,3461,6652
2023-01-26 14:11:00,8,11,3461,6652
2023-01-26 14:11:00,10,11,3461,6652
2023-01-26 14:11:19,9,10,3461,6655
2023-01-26 14:11:39,8,10,3461,6658
2023-01-26 14:11:42,9,10,3461,6658
2023-01-26 14:11:47,9,10,3461,6661
2023-01-26 14:11:56,9,10,3461,6664
2023-01-26 14:12:17,8,10,3461,6667
2023-01-26 14:12:18,9,10,3461,6667
2023-01-26 14:12:26,9,10,3461,6670
2023-01-26 14:12:50,8,10,3461,6673
2023-01-26 14:12:53,8,10,3462,6678
2023-01-26 14:13:08,9,10,3462,6678
2023-01-26 14:13:16,9,11,3462,6678
2023-01-26 14:13:17,9,10,3462,6678
2023-01-26 14:13:20,8,10,3465,6681
2023-01-26 14:13:22,8,10,3470,6686
2023-01-26 14:13:39,9,10,3470,6686
2023-01-26 14:13:54,8,10,3473,6689
2023-01-26 14:13:57,8,10,3478,6694
2023-01-26 14:14:15,8,10,3481,6697
2023-01-26 14:14:17,9,10,3481,6697
2023-01-26 14:14:26,9,10,3484,6700
2023-01-26 14:14:29,8,10,3489,6705
2023-01-26 14:15:38,9,10,3489,6705
2023-01-26 14:15:49,9,11,3489,6705
2023-01-26 14:15:51,8,11,3489,6705
2023-01-26 14:16:00,10,11,3489,6705
2023-01-26 14:16:09,10,11,3711,6927
2023-01-26 14:16:14,8,11,3711,6927
2023-01-26 14:16:22,10,11,3711,6927
2023-01-26 14:16:30,10,11,3716,6932
2023-01-26 14:16:37,8,11,3716,6932
2023-01-26 14:16:44,9,11,3716,6932
2023-01-26 14:16:47,9,12,3716,6932
2023-01-26 14:17:08,8,12,3716,6932
2023-01-26 14:17:08,9,12,3716,6932
2023-01-26 14:17:17,9,11,3716,6932
2023-01-26 14:17:28,8,11,3716,6932
2023-01-26 14:18:17,8,10,3716,6932
2023-01-26 14:19:18,8,9,3716,6932
2023-01-26 14:20:01,8,9,3719,6935
2023-01-26 14:20:02,8,9,3724,6940
2023-01-26 14:20:24,8,10,3724,6940
2023-01-26 14:20:24,8,9,3724,6940
2023-01-26 14:20:51,8,9,3890,7106
2023-01-26 14:21:19,7,8,3991,7207
2023-01-26 14:22:48,7,9,3991,7207
2023-01-26 14:22:49,7,8,3991,7207
2023-01-26 14:23:09,7,8,3991,7222
2023-01-26 14:23:18,5,7,4101,7332
2023-01-26 14:23:24,4,7,4101,7332
2023-01-26 14:23:29,6,7,4101,7332
2023-01-26 14:23:39,4,7,4101,7332
2023-01-26 14:23:48,6,7,4101,7332
2023-01-26 14:24:01,4,7,4101,7332
2023-01-26 14:24:20,6,7,4101,7332
2023-01-26 14:24:37,4,7,4101,7332
2023-01-26 14:24:42,6,7,4101,7332
2023-01-26 14:24:56,4,7,4101,7332
2023-01-26 14:25:02,6,7,4101,7332
2023-01-26 14:25:20,4,7,4101,7332
2023-01-26 14:25:24,6,7,4101,7332
2023-01-26 14:25:35,4,7,4101,7332
2023-01-26 14:26:19,4,8,4101,7332
2023-01-26 14:26:20,5,8,4101,7332
2023-01-26 14:26:47,5,9,4101,7332
2023-01-26 14:26:52,6,9,4101,7332
2023-01-26 14:26:57,6,10,4324,7555
2023-01-26 14:27:18,7,10,4324,7555
2023-01-26 14:27:18,7,11,4324,7555
2023-01-26 14:27:46,7,10,4324,7555
2023-01-26 14:27:46,6,10,4324,7555
2023-01-26 14:28:14,8,10,4324,7555
2023-01-26 14:28:27,6,10,4324,7555
2023-01-26 14:28:48,6,9,4324,7555
2023-01-26 14:29:48,7,9,4324,7555
2023-01-26 14:30:01,6,9,4324,7555
2023-01-26 14:30:25,6,8,4324,7555
2023-01-26 14:31:20,6,9,4324,7555
2023-01-26 14:31:20,6,8,4324,7555
2023-01-26 14:31:34,7,8,4324,7555
2023-01-26 14:31:46,6,8,4324,7555
2023-01-26 14:31:58,7,8,4324,7555
2023-01-26 14:32:18,6,8,4324,7555
2023-01-26 14:32:48,6,7,4324,7555
2023-01-26 14:34:16,6,8,4324,7555
2023-01-26 14:34:16,6,7,4324,7555
2023-01-26 14:34:22,6,7,4364,7595
2023-01-26 14:34:26,4,7,4364,7595
2023-01-26 14:34:30,6,7,4364,7595
2023-01-26 14:34:46,4,7,4364,7595
2023-01-26 14:34:50,5,7,4364,7595
2023-01-26 14:35:07,4,7,4364,7595
2023-01-26 14:35:22,4,8,4364,7595
2023-01-26 14:35:22,4,7,4364,7595
2023-01-26 14:35:24,6,7,4364,7595
2023-01-26 14:35:43,4,7,4364,7595
2023-01-26 14:35:48,5,7,4364,7595
2023-01-26 14:36:01,4,7,4364,7595
2023-01-26 14:36:12,5,7,4364,7595
2023-01-26 14:36:17,5,6,4364,7595
2023-01-26 14:36:28,4,6,4364,7595
2023-01-26 14:36:28,3,6,4364,7595
2023-01-26 14:36:34,4,6,4364,7595
2023-01-26 14:36:45,3,6,4364,7595
2023-01-26 14:36:57,5,6,4364,7595
2023-01-26 14:37:11,4,6,4364,7595
2023-01-26 14:37:18,5,6,4364,7595
2023-01-26 14:37:32,4,6,4364,7595
2023-01-26 14:37:42,5,6,4364,7595
2023-01-26 14:37:53,4,6,4364,7595
2023-01-26 14:38:04,5,6,4364,7595
2023-01-26 14:38:17,4,6,4364,7595
2023-01-26 14:38:28,5,6,4364,7595
2023-01-26 14:38:42,4,6,4364,7595
2023-01-26 14:38:48,5,6,4364,7595
2023-01-26 14:39:00,4,6,4364,7595
2023-01-26 14:39:06,5,6,4364,7595
2023-01-26 14:39:21,4,6,4364,7595
2023-01-26 14:39:30,6,7,4748,7979
2023-01-26 14:39:46,4,7,4748,7979
2023-01-26 14:39:46,4,8,4748,7979
2023-01-26 14:39:52,6,8,4748,7979
2023-01-26 14:40:05,4,8,4748,7979
2023-01-26 14:40:17,4,7,4748,7979
2023-01-26 14:40:18,5,7,4748,7979
2023-01-26 14:40:31,4,7,4748,7979
2023-01-26 14:40:39,4,6,4748,7979
2023-01-26 14:40:44,5,6,4748,7979
2023-01-26 14:40:59,4,6,4748,7979
2023-01-26 14:41:10,5,6,4748,7979
2023-01-26 14:41:24,4,6,4748,7979
2023-01-26 14:41:54,5,6,4748,7979
2023-01-26 14:42:08,4,6,4748,7979
2023-01-26 14:42:48,4,5,4748,7979
2023-01-26 14:44:41,3,5,4748,8079
2023-01-26 14:44:46,2,5,4748,8079
2023-01-26 14:44:46,2,6,4748,8079
2023-01-26 14:44:46,1,6,4748,8079
2023-01-26 14:44:47,1,5,4748,8079
2023-01-26 14:44:56,4,5,4748,8079
2023-01-26 14:45:11,1,5,4748,8079
2023-01-26 14:45:18,4,5,4748,8079
2023-01-26 14:45:19,4,6,4748,8079
2023-01-26 14:45:26,4,11,4748,8079
2023-01-26 14:45:28,4,12,4748,8079
2023-01-26 14:45:29,1,12,4748,8079
2023-01-26 14:45:40,4,12,4748,8079
2023-01-26 14:45:48,4,7,4748,8079
2023-01-26 14:45:48,4,6,4748,8079
2023-01-26 14:45:48,4,5,4748,8079
2023-01-26 14:45:58,2,5,4748,8079
2023-01-26 14:46:02,4,5,4748,8079
2023-01-26 14:46:19,2,5,4748,8079
2023-01-26 14:46:22,4,5,4748,8079
2023-01-26 14:46:36,2,5,4748,8079
2023-01-26 14:46:48,1,5,4748,8079
2023-01-26 14:46:48,4,5,4748,8079
2023-01-26 14:47:04,1,5,4748,8079
2023-01-26 14:47:11,4,5,4748,8079
2023-01-26 14:47:16,4,6,4748,8079
2023-01-26 14:47:24,1,6,4748,8079
2023-01-26 14:47:24,1,5,4748,8079
2023-01-26 14:47:32,3,5,4748,8079
2023-01-26 14:47:45,1,5,4748,8079
2023-01-26 14:47:56,3,5,4748,8079
2023-01-26 14:48:07,1,5,4748,8079
2023-01-26 14:48:16,4,5,4748,8079
2023-01-26 14:48:17,4,6,4748,8079
2023-01-26 14:48:25,4,7,4748,8079
2023-01-26 14:48:29,1,7,4748,8079
2023-01-26 14:48:36,3,7,4748,8079
2023-01-26 14:48:50,1,7,4748,8079
2023-01-26 14:49:00,4,7,4748,8079
2023-01-26 14:49:18,1,7,4748,8079
2023-01-26 14:49:22,4,7,4748,8079
2023-01-26 14:49:26,4,10,4748,8079
2023-01-26 14:49:26,4,7,4748,8079
2023-01-26 14:49:39,1,7,4748,8079
2023-01-26 14:49:44,4,7,4748,8079
2023-01-26 14:49:45,4,6,4748,8079
2023-01-26 14:49:45,4,5,4748,8079
2023-01-26 14:49:58,1,5,4748,8079
2023-01-26 14:50:08,5,6,5085,8416
2023-01-26 14:50:23,1,6,5085,8416
2023-01-26 14:50:25,3,6,5085,8416
2023-01-26 14:50:32,5,6,5085,8416
2023-01-26 14:50:48,2,6,5085,8416
2023-01-26 14:50:54,5,6,5085,8416
2023-01-26 14:51:09,2,6,5085,8416
2023-01-26 14:51:19,2,7,5085,8416
2023-01-26 14:51:19,2,6,5085,8416
2023-01-26 14:51:20,4,6,5085,8416
2023-01-26 14:51:31,2,6,5085,8416
2023-01-26 14:51:42,5,6,5085,8416
2023-01-26 14:51:55,2,6,5085,8416
2023-01-26 14:52:07,5,6,5085,8416
2023-01-26 14:52:17,2,6,5085,8416
2023-01-26 14:52:19,3,6,5085,8416
2023-01-26 14:52:30,5,6,5085,8416
2023-01-26 14:52:43,3,6,5085,8416
2023-01-26 14:52:47,2,6,5085,8416
2023-01-26 14:52:54,7,8,5563,8894
2023-01-26 14:53:10,2,8,5563,8894
2023-01-26 14:53:16,6,8,5563,8894
2023-01-26 14:53:19,6,7,5563,8894
2023-01-26 14:53:35,4,7,5563,8894
2023-01-26 14:53:40,6,7,5563,8894
2023-01-26 14:53:51,3,7,5563,8894
2023-01-26 14:54:02,5,7,5563,8894
2023-01-26 14:54:16,3,7,5563,8894
2023-01-26 14:54:26,6,7,5563,8894
2023-01-26 14:54:41,3,7,5563,8894
2023-01-26 14:54:46,3,6,5563,8894
2023-01-26 14:54:48,6,7,5669,9000
2023-01-26 14:54:57,6,8,5884,9215
2023-01-26 14:55:05,3,8,5884,9215
2023-01-26 14:55:08,5,8,5884,9215
2023-01-26 14:55:21,3,8,5884,9215
2023-01-26 14:55:21,4,8,5884,9215
2023-01-26 14:55:21,4,7,5884,9215
2023-01-26 14:55:32,5,7,5884,9215
2023-01-26 14:55:45,4,7,5884,9215
2023-01-26 14:55:47,3,7,5884,9215
2023-01-26 14:55:54,5,7,5884,9215
2023-01-26 14:55:58,5,11,5884,9215
2023-01-26 14:56:00,5,7,5884,9215
2023-01-26 14:56:08,3,7,5884,9215
2023-01-26 14:56:14,5,7,5884,9215
2023-01-26 14:56:28,1,7,5884,9215
2023-01-26 14:56:35,1,11,5884,9215
2023-01-26 14:56:35,1,7,5884,9215
2023-01-26 14:56:36,5,7,5884,9215
2023-01-26 14:56:52,1,7,5884,9215
2023-01-26 14:57:00,1,11,5884,9215
2023-01-26 14:57:00,5,11,5884,9215
2023-01-26 14:57:04,5,7,5884,9215
2023-01-26 14:57:13,1,7,5884,9215
2023-01-26 14:57:16,2,7,5884,9215
2023-01-26 14:57:16,2,6,5884,9215
2023-01-26 14:57:22,4,6,5884,9215
2023-01-26 14:57:34,2,6,5884,9215
2023-01-26 14:57:46,2,5,5884,9215
2023-01-26 14:57:48,4,5,5884,9215
2023-01-26 14:57:59,2,5,5884,9215
2023-01-26 14:58:12,3,5,5884,9215
2023-01-26 14:58:25,2,5,5884,9215
2023-01-26 14:58:34,4,5,5884,9215
2023-01-26 14:58:49,1,5,5884,9215
2023-01-26 14:58:58,3,5,5884,9215
2023-01-26 14:59:15,1,5,5884,9215
2023-01-26 14:59:16,1,6,5884,9215
2023-01-26 14:59:18,1,11,5884,9215
2023-01-26 14:59:19,1,6,5884,9215
2023-01-26 14:59:20,3,6,5884,9215
2023-01-26 14:59:42,1,6,5884,9215
2023-01-26 15:00:21,3,6,5884,9215
2023-01-26 15:00:33,1,6,5884,9215
2023-01-26 15:00:58,3,6,5884,9215
2023-01-26 15:01:12,1,6,5884,9215
2023-01-26 15:01:13,1,9,5884,9215
2023-01-26 15:01:14,1,6,5884,9215
2023-01-26 15:01:20,3,6,5884,9215
2023-01-26 15:01:42,1,6,5884,9215
2023-01-26 15:01:45,3,6,5884,9215
2023-01-26 15:01:57,1,6,5884,9215
2023-01-26 15:02:08,3,6,5884,9215
2023-01-26 15:02:15,3,9,5884,9215
2023-01-26 15:02:16,3,6,5884,9215
2023-01-26 15:02:18,1,6,5884,9215
2023-01-26 15:02:28,1,15,5884,9215
2023-01-26 15:02:28,1,7,5884,9215
2023-01-26 15:02:30,4,7,5884,9215
2023-01-26 15:02:41,4,6,5884,9215
2023-01-26 15:02:46,1,6,5884,9215
2023-01-26 15:02:52,1,7,5884,9215
2023-01-26 15:02:52,3,7,5884,9215
2023-01-26 15:03:07,1,7,5884,9215
2023-01-26 15:03:17,1,8,5884,9215
2023-01-26 15:03:17,2,8,5884,9215
2023-01-26 15:03:18,2,6,5884,9215
2023-01-26 15:03:31,1,6,5884,9215
2023-01-26 15:03:44,2,6,5884,9215
2023-01-26 15:04:08,1,6,5884,9215
2023-01-26 15:04:10,2,6,5884,9215
2023-01-26 15:04:26,1,6,5884,9215
2023-01-26 15:04:32,2,6,5884,9215
2023-01-26 15:04:50,1,6,5884,9215
2023-01-26 15:04:58,2,6,5884,9215
2023-01-26 15:05:15,1,6,5884,9215
2023-01-26 15:05:21,2,6,5884,9215
2023-01-26 15:05:37,1,3,5884,9215
2023-01-26 15:05:44,2,3,5884,9215
2023-01-26 15:06:04,1,3,5884,9215
2023-01-26 15:06:08,2,3,5884,9215
2023-01-26 15:06:16,2,3,5984,9315
2023-01-26 15:06:28,1,3,5984,9315
2023-01-26 15:06:30,3,4,6084,9415
2023-01-26 15:06:41,1,4,6084,9415
2023-01-26 15:06:54,3,4,6084,9415
2023-01-26 15:07:12,1,4,6084,9415
2023-01-26 15:07:24,3,4,6084,9415
2023-01-26 15:07:36,1,4,6084,9415
2023-01-26 15:07:43,1,7,6184,9515
2023-01-26 15:07:48,3,7,6184,9515
2023-01-26 15:07:50,3,9,6184,9515
2023-01-26 15:07:51,3,7,6184,9515
2023-01-26 15:08:04,1,7,6184,9515
2023-01-26 15:08:12,4,7,6184,9515
2023-01-26 15:08:26,1,7,6184,9515
2023-01-26 15:08:34,3,7,6184,9515
2023-01-26 15:08:39,3,9,6184,9515
2023-01-26 15:08:39,3,7,6184,9515
2023-01-26 15:08:49,1,7,6184,9515
2023-01-26 15:08:57,1,5,6184,9515
2023-01-26 15:08:58,3,5,6184,9515
2023-01-26 15:09:19,1,5,6184,9515
2023-01-26 15:09:22,2,5,6184,9515
2023-01-26 15:09:42,1,5,6184,9515
2023-01-26 15:09:45,2,5,6184,9515
2023-01-26 15:10:07,1,5,6184,9515
2023-01-26 15:10:08,2,5,6184,9515
2023-01-26 15:10:24,1,5,6184,9515
2023-01-26 15:10:34,3,5,6184,9515
2023-01-26 15:10:57,1,5,6184,9515
2023-01-26 15:10:58,3,5,6184,9515
2023-01-26 15:11:10,1,5,6184,9515
2023-01-26 15:11:22,2,5,6184,9515
2023-01-26 15:11:34,1,5,6184,9515
2023-01-26 15:11:44,2,5,6184,9515
2023-01-26 15:11:59,1,5,6184,9515
2023-01-26 15:12:30,2,5,6184,9515
2023-01-26 15:12:50,1,5,6184,9515
2023-01-26 15:14:02,2,5,6184,9515
2023-01-26 15:14:16,1,5,6184,9515
2023-01-26 15:17:03,0,5,6184,9515
2023-01-26 15:17:07,0,4,6184,9515
2023-01-26 15:19:34,0,1,6184,9515
