datetime,bid,ask,open_interest,volume
2023-10-27 09:30:19,63,100,0,0
2023-10-27 09:30:19,65,100,0,0
2023-10-27 09:30:19,65,75,0,0
2023-10-27 09:30:19,65,72,0,0
2023-10-27 09:30:46,65,100,0,0
2023-10-27 09:30:46,0,100,0,0
2023-10-27 09:30:46,62,100,0,0
2023-10-27 09:30:46,64,100,0,0
2023-10-27 09:30:46,64,74,0,0
2023-10-27 09:30:46,64,72,0,0
2023-10-27 09:30:46,64,70,0,0
2023-10-27 09:30:49,64,100,0,0
2023-10-27 09:30:49,0,100,0,0
2023-10-27 09:30:49,61,100,0,0
2023-10-27 09:30:49,63,100,0,0
2023-10-27 09:30:49,63,72,0,0
2023-10-27 09:30:49,63,69,0,0
2023-10-27 09:31:43,0,69,0,0
2023-10-27 09:31:43,0,100,0,0
2023-10-27 09:31:43,64,100,0,0
2023-10-27 09:31:43,64,74,0,0
2023-10-27 09:31:43,64,70,0,0
2023-10-27 09:32:04,0,70,0,0
2023-10-27 09:32:04,0,100,0,0
2023-10-27 09:32:04,63,100,0,0
2023-10-27 09:32:04,65,100,0,0
2023-10-27 09:32:04,65,72,0,0
2023-10-27 09:32:18,65,100,0,0
2023-10-27 09:32:18,0,100,0,0
2023-10-27 09:32:18,62,100,0,0
2023-10-27 09:32:18,64,100,0,0
2023-10-27 09:32:18,64,74,0,0
2023-10-27 09:32:18,64,70,0,0
2023-10-27 09:32:27,64,100,0,0
2023-10-27 09:32:27,0,100,0,0
2023-10-27 09:32:27,62,100,0,0
2023-10-27 09:32:27,62,68,0,0
2023-10-27 09:32:48,0,68,0,0
2023-10-27 09:32:48,0,100,0,0
2023-10-27 09:32:48,62,100,0,0
2023-10-27 09:32:48,64,100,0,0
2023-10-27 09:32:48,64,74,0,0
2023-10-27 09:32:48,64,72,0,0
2023-10-27 09:32:48,64,70,0,0
2023-10-27 09:33:32,0,70,0,0
2023-10-27 09:33:32,0,100,0,0
2023-10-27 09:33:32,65,100,0,0
2023-10-27 09:33:32,65,75,0,0
2023-10-27 09:33:32,65,73,0,0
2023-10-27 09:33:32,65,72,0,0
2023-10-27 09:33:43,65,100,0,0
2023-10-27 09:33:43,0,100,0,0
2023-10-27 09:33:43,60,100,0,0
2023-10-27 09:33:43,62,100,0,0
2023-10-27 09:33:43,64,100,0,0
2023-10-27 09:33:43,64,73,0,0
2023-10-27 09:33:43,64,69,0,0
2023-10-27 09:33:51,64,100,0,0
2023-10-27 09:33:51,0,100,0,0
2023-10-27 09:33:51,60,100,0,0
2023-10-27 09:33:51,62,100,0,0
2023-10-27 09:33:51,62,68,0,0
2023-10-27 09:34:02,0,68,0,0
2023-10-27 09:34:02,0,100,0,0
2023-10-27 09:34:02,64,100,0,0
2023-10-27 09:34:02,64,72,0,0
2023-10-27 09:34:02,64,69,0,0
2023-10-27 09:34:11,64,100,0,0
2023-10-27 09:34:11,0,100,0,0
2023-10-27 09:34:11,60,100,0,0
2023-10-27 09:34:11,62,100,0,0
2023-10-27 09:34:11,62,68,0,0
2023-10-27 09:34:34,62,100,0,0
2023-10-27 09:34:34,0,100,0,0
2023-10-27 09:34:34,59,100,0,0
2023-10-27 09:34:34,61,100,0,0
2023-10-27 09:34:34,61,69,0,0
2023-10-27 09:34:34,61,67,0,0
2023-10-27 09:35:34,56,67,0,0
2023-10-27 09:35:35,56,100,0,0
2023-10-27 09:35:35,57,100,0,0
2023-10-27 09:35:35,60,100,0,0
2023-10-27 09:35:35,60,70,0,0
2023-10-27 09:35:35,60,66,0,0
2023-10-27 09:36:12,60,100,0,0
2023-10-27 09:36:12,0,100,0,0
2023-10-27 09:36:12,59,100,0,0
2023-10-27 09:36:12,59,64,0,0
2023-10-27 09:36:18,59,100,0,0
2023-10-27 09:36:18,0,100,0,0
2023-10-27 09:36:18,52,100,0,0
2023-10-27 09:36:18,56,100,0,0
2023-10-27 09:36:18,56,63,0,0
2023-10-27 09:36:45,0,63,0,0
2023-10-27 09:36:45,0,100,0,0
2023-10-27 09:36:45,55,100,0,0
2023-10-27 09:36:45,57,100,0,0
2023-10-27 09:36:45,57,68,0,0
2023-10-27 09:36:45,57,64,0,0
2023-10-27 09:37:45,57,100,0,0
2023-10-27 09:37:46,59,100,0,0
2023-10-27 09:37:46,59,67,0,0
2023-10-27 09:37:46,59,65,0,0
2023-10-27 09:37:56,59,100,0,0
2023-10-27 09:37:56,0,100,0,0
2023-10-27 09:37:56,56,100,0,0
2023-10-27 09:37:56,57,100,0,0
2023-10-27 09:37:56,57,64,0,0
2023-10-27 09:38:51,0,64,0,0
2023-10-27 09:38:51,0,100,0,0
2023-10-27 09:38:51,54,100,0,0
2023-10-27 09:38:51,59,100,0,0
2023-10-27 09:38:51,59,67,0,0
2023-10-27 09:38:51,59,65,0,0
2023-10-27 09:38:59,0,65,0,0
2023-10-27 09:38:59,0,100,0,0
2023-10-27 09:38:59,61,100,0,0
2023-10-27 09:38:59,61,67,0,0
2023-10-27 09:39:22,61,100,0,0
2023-10-27 09:39:22,0,100,0,0
2023-10-27 09:39:22,56,100,0,0
2023-10-27 09:39:22,59,100,0,0
2023-10-27 09:39:22,59,69,0,0
2023-10-27 09:39:22,59,67,0,0
2023-10-27 09:39:22,59,65,0,0
2023-10-27 09:39:36,59,100,0,0
2023-10-27 09:39:36,0,100,0,0
2023-10-27 09:39:36,57,100,0,0
2023-10-27 09:39:36,57,68,0,0
2023-10-27 09:39:36,57,66,0,0
2023-10-27 09:39:36,57,64,0,0
2023-10-27 09:39:52,57,100,0,0
2023-10-27 09:39:52,0,100,0,0
2023-10-27 09:39:52,52,100,0,0
2023-10-27 09:39:52,55,100,0,0
2023-10-27 09:39:52,56,100,0,0
2023-10-27 09:39:52,56,62,0,0
2023-10-27 09:40:17,56,100,0,0
2023-10-27 09:40:17,0,100,0,0
2023-10-27 09:40:17,50,100,0,0
2023-10-27 09:40:17,55,100,0,0
2023-10-27 09:40:17,55,65,0,0
2023-10-27 09:40:17,55,61,0,0
2023-10-27 09:40:23,0,61,0,0
2023-10-27 09:40:23,0,100,0,0
2023-10-27 09:40:23,53,100,0,0
2023-10-27 09:40:23,56,100,0,0
2023-10-27 09:40:23,56,64,0,0
2023-10-27 09:40:23,56,62,0,0
2023-10-27 09:40:33,56,100,0,0
2023-10-27 09:40:33,0,100,0,0
2023-10-27 09:40:33,52,100,0,0
2023-10-27 09:40:33,55,100,0,0
2023-10-27 09:40:33,55,61,0,0
2023-10-27 09:41:33,55,100,0,0
2023-10-27 09:41:34,54,100,0,0
2023-10-27 09:41:34,56,100,0,0
2023-10-27 09:41:34,56,66,0,0
2023-10-27 09:41:34,56,64,0,0
2023-10-27 09:41:34,56,62,0,0
2023-10-27 09:41:50,56,100,0,0
2023-10-27 09:41:50,0,100,0,0
2023-10-27 09:41:50,52,100,0,0
2023-10-27 09:41:50,55,100,0,0
2023-10-27 09:41:50,55,64,0,0
2023-10-27 09:41:50,55,60,0,0
2023-10-27 09:42:43,55,100,0,0
2023-10-27 09:42:43,0,100,0,0
2023-10-27 09:42:43,48,100,0,0
2023-10-27 09:42:43,51,100,0,0
2023-10-27 09:42:43,53,100,0,0
2023-10-27 09:42:43,53,61,0,0
2023-10-27 09:42:43,53,59,0,0
2023-10-27 09:43:43,51,59,0,0
2023-10-27 09:43:44,51,100,0,0
2023-10-27 09:43:44,53,100,0,0
2023-10-27 09:43:44,53,61,0,0
2023-10-27 09:43:44,53,59,0,0
2023-10-27 09:44:07,0,59,0,0
2023-10-27 09:44:07,0,100,0,0
2023-10-27 09:44:07,52,100,0,0
2023-10-27 09:44:07,54,100,0,0
2023-10-27 09:44:07,54,64,0,0
2023-10-27 09:44:07,54,60,0,0
2023-10-27 09:44:20,54,100,0,0
2023-10-27 09:44:20,0,100,0,0
2023-10-27 09:44:20,48,100,0,0
2023-10-27 09:44:20,53,100,0,0
2023-10-27 09:44:20,53,59,0,0
2023-10-27 09:44:46,0,59,0,0
2023-10-27 09:44:46,0,100,0,0
2023-10-27 09:44:46,49,100,0,0
2023-10-27 09:44:46,52,100,0,0
2023-10-27 09:44:46,54,100,0,0
2023-10-27 09:44:46,54,64,0,0
2023-10-27 09:44:46,54,60,0,0
2023-10-27 09:44:55,0,60,0,0
2023-10-27 09:44:55,0,100,0,0
2023-10-27 09:44:55,52,100,0,0
2023-10-27 09:44:55,55,100,0,0
2023-10-27 09:44:55,55,66,0,0
2023-10-27 09:44:55,55,63,0,0
2023-10-27 09:44:55,55,61,0,0
2023-10-27 09:45:05,0,61,0,0
2023-10-27 09:45:05,0,100,0,0
2023-10-27 09:45:05,56,100,0,0
2023-10-27 09:45:05,56,67,0,0
2023-10-27 09:45:05,56,63,0,0
2023-10-27 09:45:20,0,63,0,0
2023-10-27 09:45:20,0,100,0,0
2023-10-27 09:45:20,53,100,0,0
2023-10-27 09:45:20,56,100,0,0
2023-10-27 09:45:20,57,100,0,0
2023-10-27 09:45:20,57,66,0,0
2023-10-27 09:45:20,57,64,0,0
2023-10-27 09:45:28,0,64,0,0
2023-10-27 09:45:28,0,100,0,0
2023-10-27 09:45:28,57,100,0,0
2023-10-27 09:45:28,60,100,0,0
2023-10-27 09:45:28,60,67,0,0
2023-10-27 09:45:28,60,65,0,0
2023-10-27 09:45:32,60,100,0,0
2023-10-27 09:45:32,0,100,0,0
2023-10-27 09:45:32,57,100,0,0
2023-10-27 09:45:32,57,64,0,0
2023-10-27 09:45:43,57,100,0,0
2023-10-27 09:45:43,0,100,0,0
2023-10-27 09:45:43,55,100,0,0
2023-10-27 09:45:43,56,100,0,0
2023-10-27 09:45:43,56,66,0,0
2023-10-27 09:45:43,56,64,0,0
2023-10-27 09:45:43,56,62,0,0
2023-10-27 09:46:43,0,62,0,0
2023-10-27 09:46:44,52,100,0,0
2023-10-27 09:46:44,55,100,0,0
2023-10-27 09:46:44,56,100,0,0
2023-10-27 09:46:44,56,65,0,0
2023-10-27 09:46:44,56,63,0,0
2023-10-27 09:47:14,56,100,0,0
2023-10-27 09:47:14,0,100,0,0
2023-10-27 09:47:14,51,100,0,0
2023-10-27 09:47:14,54,100,0,0
2023-10-27 09:47:14,56,100,0,0
2023-10-27 09:47:14,56,66,0,0
2023-10-27 09:47:14,56,64,0,0
2023-10-27 09:47:14,56,62,0,0
2023-10-27 09:47:55,56,100,0,0
2023-10-27 09:47:55,0,100,0,0
2023-10-27 09:47:55,53,100,0,0
2023-10-27 09:47:55,55,100,0,0
2023-10-27 09:47:55,55,63,0,0
2023-10-27 09:47:55,55,61,0,0
2023-10-27 09:48:45,55,100,0,0
2023-10-27 09:48:45,0,100,0,0
2023-10-27 09:48:45,53,100,0,0
2023-10-27 09:48:45,53,59,0,0
2023-10-27 09:49:17,53,100,0,0
2023-10-27 09:49:17,0,100,0,0
2023-10-27 09:49:17,50,100,0,0
2023-10-27 09:49:17,52,100,0,0
2023-10-27 09:49:17,52,62,0,0
2023-10-27 09:49:17,52,58,0,0
2023-10-27 09:49:19,52,100,0,0
2023-10-27 09:49:19,0,100,0,0
2023-10-27 09:49:19,48,100,0,0
2023-10-27 09:49:19,50,100,0,0
2023-10-27 09:49:19,50,56,0,0
2023-10-27 09:50:19,0,56,0,0
2023-10-27 09:50:20,46,100,0,0
2023-10-27 09:50:20,48,100,0,0
2023-10-27 09:50:20,51,100,0,0
2023-10-27 09:50:20,51,62,0,0
2023-10-27 09:50:20,51,57,0,0
2023-10-27 09:50:44,51,100,0,0
2023-10-27 09:50:44,0,100,0,0
2023-10-27 09:50:44,50,100,0,0
2023-10-27 09:50:44,50,58,0,0
2023-10-27 09:50:44,50,56,0,0
2023-10-27 09:51:23,0,56,0,0
2023-10-27 09:51:23,0,100,0,0
2023-10-27 09:51:23,46,100,0,0
2023-10-27 09:51:23,51,100,0,0
2023-10-27 09:51:23,51,57,0,0
2023-10-27 09:52:11,0,57,0,0
2023-10-27 09:52:11,0,100,0,0
2023-10-27 09:52:11,50,100,0,0
2023-10-27 09:52:11,52,100,0,0
2023-10-27 09:52:11,52,63,0,0
2023-10-27 09:52:11,52,58,0,0
2023-10-27 09:52:23,52,100,0,0
2023-10-27 09:52:23,0,100,0,0
2023-10-27 09:52:23,49,100,0,0
2023-10-27 09:52:23,51,100,0,0
2023-10-27 09:52:23,51,59,0,0
2023-10-27 09:52:23,51,57,0,0
2023-10-27 09:52:53,51,100,0,0
2023-10-27 09:52:53,0,100,0,0
2023-10-27 09:52:53,47,100,0,0
2023-10-27 09:52:53,50,100,0,0
2023-10-27 09:52:53,50,60,0,0
2023-10-27 09:52:53,50,57,0,0
2023-10-27 09:52:53,50,55,0,0
2023-10-27 09:53:39,50,100,0,0
2023-10-27 09:53:39,0,100,0,0
2023-10-27 09:53:39,46,100,0,0
2023-10-27 09:53:39,48,100,0,0
2023-10-27 09:53:39,48,59,0,0
2023-10-27 09:53:39,48,54,0,0
2023-10-27 09:54:39,48,56,0,0
2023-10-27 09:54:40,48,100,0,0
2023-10-27 09:54:40,48,54,0,0
2023-10-27 09:55:09,0,54,0,0
2023-10-27 09:55:09,0,100,0,0
2023-10-27 09:55:09,47,100,0,0
2023-10-27 09:55:09,49,100,0,0
2023-10-27 09:55:09,49,57,0,0
2023-10-27 09:55:09,49,55,0,0
2023-10-27 09:55:16,0,55,0,0
2023-10-27 09:55:16,0,100,0,0
2023-10-27 09:55:16,51,100,0,0
2023-10-27 09:55:16,51,62,0,0
2023-10-27 09:55:16,51,57,0,0
2023-10-27 09:56:16,49,57,0,0
2023-10-27 09:56:17,46,100,0,0
2023-10-27 09:56:17,51,100,0,0
2023-10-27 09:56:17,51,57,0,0
2023-10-27 09:56:36,0,57,0,0
2023-10-27 09:56:36,0,100,0,0
2023-10-27 09:56:36,47,100,0,0
2023-10-27 09:56:36,49,100,0,0
2023-10-27 09:56:36,52,100,0,0
2023-10-27 09:56:36,52,63,0,0
2023-10-27 09:56:36,52,58,0,0
2023-10-27 09:56:44,52,100,0,0
2023-10-27 09:56:44,0,100,0,0
2023-10-27 09:56:44,51,100,0,0
2023-10-27 09:56:44,51,57,0,0
2023-10-27 09:57:30,0,57,0,0
2023-10-27 09:57:30,0,100,0,0
2023-10-27 09:57:30,49,100,0,0
2023-10-27 09:57:30,52,100,0,0
2023-10-27 09:57:30,52,58,0,0
2023-10-27 09:57:50,0,58,0,0
2023-10-27 09:57:50,0,100,0,0
2023-10-27 09:57:50,49,100,0,0
2023-10-27 09:57:50,54,100,0,0
2023-10-27 09:57:50,54,62,0,0
2023-10-27 09:57:50,54,60,0,0
2023-10-27 09:58:50,54,62,0,0
2023-10-27 09:58:51,49,100,0,0
2023-10-27 09:58:51,52,100,0,0
2023-10-27 09:58:51,54,100,0,0
2023-10-27 09:58:51,54,60,0,0
2023-10-27 09:59:51,0,60,0,0
2023-10-27 09:59:52,50,100,0,0
2023-10-27 09:59:52,53,100,0,0
2023-10-27 09:59:52,53,62,0,0
2023-10-27 09:59:52,53,59,0,0
2023-10-27 10:00:00,0,59,0,0
2023-10-27 10:00:00,0,100,0,0
2023-10-27 10:00:00,49,100,0,0
2023-10-27 10:00:00,54,100,0,0
2023-10-27 10:00:00,54,66,0,0
2023-10-27 10:00:00,54,64,0,0
2023-10-27 10:00:01,54,100,0,0
2023-10-27 10:00:01,0,100,0,0
2023-10-27 10:00:01,48,100,0,0
2023-10-27 10:00:01,51,100,0,0
2023-10-27 10:00:01,51,64,0,0
2023-10-27 10:00:01,51,62,0,0
2023-10-27 10:00:08,51,100,0,0
2023-10-27 10:00:08,0,100,0,0
2023-10-27 10:00:08,47,100,0,0
2023-10-27 10:00:08,52,100,0,0
2023-10-27 10:00:08,52,60,0,0
2023-10-27 10:00:08,52,58,0,0
2023-10-27 10:00:09,52,100,0,0
2023-10-27 10:00:09,0,100,0,0
2023-10-27 10:00:09,45,100,0,0
2023-10-27 10:00:09,47,100,0,0
2023-10-27 10:00:09,50,100,0,0
2023-10-27 10:00:09,50,61,0,0
2023-10-27 10:00:09,50,56,0,0
2023-10-27 10:00:14,47,56,125,125
2023-10-27 10:00:23,0,56,125,125
2023-10-27 10:00:23,0,100,125,125
2023-10-27 10:00:23,49,100,125,125
2023-10-27 10:00:23,49,57,125,125
2023-10-27 10:00:23,49,55,125,125
2023-10-27 10:00:24,49,100,125,125
2023-10-27 10:00:24,0,100,125,125
2023-10-27 10:00:24,42,100,125,125
2023-10-27 10:00:24,45,100,125,125
2023-10-27 10:00:24,47,100,125,125
2023-10-27 10:00:24,47,58,125,125
2023-10-27 10:00:24,47,55,125,125
2023-10-27 10:00:24,47,53,125,125
2023-10-27 10:00:29,0,53,125,125
2023-10-27 10:00:29,0,100,125,125
2023-10-27 10:00:29,49,100,125,125
2023-10-27 10:00:29,49,60,125,125
2023-10-27 10:00:29,49,58,125,125
2023-10-27 10:00:29,49,55,125,125
2023-10-27 10:00:31,0,55,125,125
2023-10-27 10:00:31,0,100,125,125
2023-10-27 10:00:31,47,100,125,125
2023-10-27 10:00:31,50,100,125,125
2023-10-27 10:00:31,50,58,125,125
2023-10-27 10:00:31,50,56,125,125
2023-10-27 10:00:41,50,100,125,125
2023-10-27 10:00:41,0,100,125,125
2023-10-27 10:00:41,47,100,125,125
2023-10-27 10:00:41,49,100,125,125
2023-10-27 10:00:41,49,55,125,125
2023-10-27 10:01:28,0,55,125,125
2023-10-27 10:01:28,0,100,125,125
2023-10-27 10:01:28,48,100,125,125
2023-10-27 10:01:28,50,100,125,125
2023-10-27 10:01:28,50,58,125,125
2023-10-27 10:01:28,50,56,125,125
2023-10-27 10:01:34,50,100,125,125
2023-10-27 10:01:34,0,100,125,125
2023-10-27 10:01:34,46,100,125,125
2023-10-27 10:01:34,49,100,125,125
2023-10-27 10:01:34,49,58,125,125
2023-10-27 10:01:34,49,55,125,125
2023-10-27 10:01:51,49,100,125,125
2023-10-27 10:01:51,0,100,125,125
2023-10-27 10:01:51,45,100,125,125
2023-10-27 10:01:51,47,100,125,125
2023-10-27 10:01:51,47,55,125,125
2023-10-27 10:01:51,47,53,125,125
2023-10-27 10:02:07,47,100,125,125
2023-10-27 10:02:07,0,100,125,125
2023-10-27 10:02:07,43,100,125,125
2023-10-27 10:02:07,46,100,125,125
2023-10-27 10:02:07,46,55,125,125
2023-10-27 10:02:07,46,52,125,125
2023-10-27 10:03:07,46,55,125,125
2023-10-27 10:03:08,41,100,125,125
2023-10-27 10:03:08,46,100,125,125
2023-10-27 10:03:08,46,52,125,125
2023-10-27 10:03:32,0,52,125,125
2023-10-27 10:03:32,0,100,125,125
2023-10-27 10:03:32,46,100,125,125
2023-10-27 10:03:32,46,58,125,125
2023-10-27 10:03:32,46,56,125,125
2023-10-27 10:03:36,0,56,125,125
2023-10-27 10:03:36,0,100,125,125
2023-10-27 10:03:36,48,100,125,125
2023-10-27 10:03:36,50,100,125,125
2023-10-27 10:03:36,50,58,125,125
2023-10-27 10:03:36,50,56,125,125
2023-10-27 10:03:47,0,56,125,125
2023-10-27 10:03:47,0,100,125,125
2023-10-27 10:03:47,48,100,125,125
2023-10-27 10:03:47,51,100,125,125
2023-10-27 10:03:47,51,57,125,125
2023-10-27 10:04:11,0,57,125,125
2023-10-27 10:04:11,0,100,125,125
2023-10-27 10:04:11,47,100,125,125
2023-10-27 10:04:11,52,100,125,125
2023-10-27 10:04:11,52,60,125,125
2023-10-27 10:04:11,52,58,125,125
2023-10-27 10:04:17,0,58,125,125
2023-10-27 10:04:17,0,100,125,125
2023-10-27 10:04:17,52,100,125,125
2023-10-27 10:04:17,54,100,125,125
2023-10-27 10:04:17,54,64,125,125
2023-10-27 10:04:17,54,62,125,125
2023-10-27 10:04:17,54,60,125,125
2023-10-27 10:04:29,0,60,125,125
2023-10-27 10:04:29,0,100,125,125
2023-10-27 10:04:29,55,100,125,125
2023-10-27 10:04:29,55,61,125,125
2023-10-27 10:04:37,0,61,125,125
2023-10-27 10:04:37,0,100,125,125
2023-10-27 10:04:37,52,100,125,125
2023-10-27 10:04:37,55,100,125,125
2023-10-27 10:04:37,56,100,125,125
2023-10-27 10:04:37,56,63,125,125
2023-10-27 10:04:52,0,63,125,125
2023-10-27 10:04:52,0,100,125,125
2023-10-27 10:04:52,55,100,125,125
2023-10-27 10:04:52,57,100,125,125
2023-10-27 10:04:52,57,64,125,125
2023-10-27 10:05:08,57,100,125,125
2023-10-27 10:05:08,0,100,125,125
2023-10-27 10:05:08,56,100,125,125
2023-10-27 10:05:08,56,64,125,125
2023-10-27 10:05:08,56,62,125,125
2023-10-27 10:05:17,0,62,125,125
2023-10-27 10:05:17,0,100,125,125
2023-10-27 10:05:17,56,100,125,125
2023-10-27 10:05:17,57,100,125,125
2023-10-27 10:05:17,57,66,125,125
2023-10-27 10:05:17,57,64,125,125
2023-10-27 10:05:31,0,64,125,125
2023-10-27 10:05:31,0,100,125,125
2023-10-27 10:05:31,56,100,125,125
2023-10-27 10:05:31,59,100,125,125
2023-10-27 10:05:31,59,67,125,125
2023-10-27 10:05:31,59,65,125,125
2023-10-27 10:06:17,59,100,125,125
2023-10-27 10:06:17,0,100,125,125
2023-10-27 10:06:17,56,100,125,125
2023-10-27 10:06:17,56,63,125,125
2023-10-27 10:06:37,56,100,125,125
2023-10-27 10:06:37,0,100,125,125
2023-10-27 10:06:37,56,100,125,125
2023-10-27 10:06:37,56,64,125,125
2023-10-27 10:06:37,56,62,125,125
2023-10-27 10:06:52,0,62,125,125
2023-10-27 10:06:52,0,100,125,125
2023-10-27 10:06:52,54,100,125,125
2023-10-27 10:06:52,56,100,125,125
2023-10-27 10:06:52,56,63,125,125
2023-10-27 10:06:59,0,63,125,125
2023-10-27 10:06:59,0,100,125,125
2023-10-27 10:06:59,56,100,125,125
2023-10-27 10:06:59,59,100,125,125
2023-10-27 10:06:59,59,65,125,125
2023-10-27 10:07:22,0,65,125,125
2023-10-27 10:07:22,0,100,125,125
2023-10-27 10:07:22,55,100,125,125
2023-10-27 10:07:22,60,100,125,125
2023-10-27 10:07:22,60,66,125,125
2023-10-27 10:07:27,60,100,125,125
2023-10-27 10:07:27,0,100,125,125
2023-10-27 10:07:27,59,100,125,125
2023-10-27 10:07:27,59,69,125,125
2023-10-27 10:07:27,59,65,125,125
2023-10-27 10:08:27,59,67,125,125
2023-10-27 10:08:28,57,100,125,125
2023-10-27 10:08:28,57,66,125,125
2023-10-27 10:08:28,57,64,125,125
2023-10-27 10:08:32,57,100,125,125
2023-10-27 10:08:32,0,100,125,125
2023-10-27 10:08:32,55,100,125,125
2023-10-27 10:08:32,56,100,125,125
2023-10-27 10:08:32,56,66,125,125
2023-10-27 10:08:32,56,62,125,125
2023-10-27 10:08:45,56,100,125,125
2023-10-27 10:08:45,0,100,125,125
2023-10-27 10:08:45,50,100,125,125
2023-10-27 10:08:45,55,100,125,125
2023-10-27 10:08:45,55,61,125,125
2023-10-27 10:09:15,55,100,125,125
2023-10-27 10:09:15,0,100,125,125
2023-10-27 10:09:15,48,100,125,125
2023-10-27 10:09:15,53,100,125,125
2023-10-27 10:09:15,53,61,125,125
2023-10-27 10:09:15,53,59,125,125
2023-10-27 10:09:21,53,100,125,125
2023-10-27 10:09:21,0,100,125,125
2023-10-27 10:09:21,49,100,125,125
2023-10-27 10:09:21,52,100,125,125
2023-10-27 10:09:21,52,63,125,125
2023-10-27 10:09:21,52,61,125,125
2023-10-27 10:09:21,52,58,125,125
2023-10-27 10:09:33,52,100,125,125
2023-10-27 10:09:33,0,100,125,125
2023-10-27 10:09:33,51,100,125,125
2023-10-27 10:09:33,51,62,125,125
2023-10-27 10:09:33,51,57,125,125
2023-10-27 10:09:39,0,57,125,125
2023-10-27 10:09:39,0,100,125,125
2023-10-27 10:09:39,52,100,125,125
2023-10-27 10:09:39,52,60,125,125
2023-10-27 10:09:39,52,58,125,125
2023-10-27 10:10:10,49,58,125,125
2023-10-27 10:10:10,0,58,125,125
2023-10-27 10:10:10,0,62,125,125
2023-10-27 10:10:10,0,100,125,125
2023-10-27 10:13:45,59,100,125,125
2023-10-27 10:13:45,59,65,125,125
2023-10-27 10:13:52,0,65,125,125
2023-10-27 10:13:52,0,100,125,125
2023-10-27 10:13:52,55,100,125,125
2023-10-27 10:13:52,60,100,125,125
2023-10-27 10:13:52,60,70,125,125
2023-10-27 10:13:52,60,66,125,125
2023-10-27 10:14:10,0,66,125,125
2023-10-27 10:14:10,0,100,125,125
2023-10-27 10:14:10,56,100,125,125
2023-10-27 10:14:10,60,100,125,125
2023-10-27 10:14:10,62,100,125,125
2023-10-27 10:14:10,62,69,125,125
2023-10-27 10:14:10,62,67,125,125
2023-10-27 10:14:15,0,67,125,125
2023-10-27 10:14:15,0,100,125,125
2023-10-27 10:14:15,61,100,125,125
2023-10-27 10:14:15,63,100,125,125
2023-10-27 10:14:15,63,72,125,125
2023-10-27 10:14:15,63,69,125,125
2023-10-27 10:14:38,63,100,125,125
2023-10-27 10:14:38,0,100,125,125
2023-10-27 10:14:38,56,100,125,125
2023-10-27 10:14:38,62,100,125,125
2023-10-27 10:14:38,62,72,125,125
2023-10-27 10:14:38,62,68,125,125
2023-10-27 10:14:54,62,100,125,125
2023-10-27 10:14:54,0,100,125,125
2023-10-27 10:14:54,56,100,125,125
2023-10-27 10:14:54,60,100,125,125
2023-10-27 10:14:54,60,66,125,125
2023-10-27 10:15:45,60,100,125,125
2023-10-27 10:15:45,0,100,125,125
2023-10-27 10:15:45,59,100,125,125
2023-10-27 10:15:45,59,65,125,125
2023-10-27 10:15:52,59,100,125,125
2023-10-27 10:15:52,0,100,125,125
2023-10-27 10:15:52,53,100,125,125
2023-10-27 10:15:52,55,100,125,125
2023-10-27 10:15:52,57,100,125,125
2023-10-27 10:15:52,57,65,125,125
2023-10-27 10:15:52,57,63,125,125
2023-10-27 10:16:21,57,100,125,125
2023-10-27 10:16:21,0,100,125,125
2023-10-27 10:16:21,56,100,125,125
2023-10-27 10:16:21,56,66,125,125
2023-10-27 10:16:21,56,62,125,125
2023-10-27 10:16:52,0,62,125,125
2023-10-27 10:16:52,0,100,125,125
2023-10-27 10:16:52,55,100,125,125
2023-10-27 10:16:52,57,100,125,125
2023-10-27 10:16:52,57,63,125,125
2023-10-27 10:17:11,0,63,125,125
2023-10-27 10:17:11,0,100,125,125
2023-10-27 10:17:11,59,100,125,125
2023-10-27 10:17:11,59,67,125,125
2023-10-27 10:17:11,59,65,125,125
2023-10-27 10:17:24,59,100,125,125
2023-10-27 10:17:24,0,100,125,125
2023-10-27 10:17:24,54,100,125,125
2023-10-27 10:17:24,56,100,125,125
2023-10-27 10:17:24,56,65,125,125
2023-10-27 10:17:24,56,63,125,125
2023-10-27 10:17:38,56,100,125,125
2023-10-27 10:17:38,0,100,125,125
2023-10-27 10:17:38,54,100,125,125
2023-10-27 10:17:38,56,100,125,125
2023-10-27 10:17:38,56,64,125,125
2023-10-27 10:17:38,56,62,125,125
2023-10-27 10:18:08,0,62,125,125
2023-10-27 10:18:08,0,100,125,125
2023-10-27 10:18:08,52,100,125,125
2023-10-27 10:18:08,56,100,125,125
2023-10-27 10:18:08,56,65,125,125
2023-10-27 10:18:08,56,63,125,125
2023-10-27 10:18:28,56,100,125,125
2023-10-27 10:18:28,0,100,125,125
2023-10-27 10:18:28,54,100,125,125
2023-10-27 10:18:28,56,100,125,125
2023-10-27 10:18:28,56,62,125,125
2023-10-27 10:18:35,56,100,125,125
2023-10-27 10:18:35,0,100,125,125
2023-10-27 10:18:35,50,100,125,125
2023-10-27 10:18:35,55,100,125,125
2023-10-27 10:18:35,55,63,125,125
2023-10-27 10:18:35,55,61,125,125
2023-10-27 10:18:47,55,100,125,125
2023-10-27 10:18:47,0,100,125,125
2023-10-27 10:18:47,53,100,125,125
2023-10-27 10:18:47,53,64,125,125
2023-10-27 10:18:47,53,59,125,125
2023-10-27 10:19:01,0,59,125,125
2023-10-27 10:19:01,0,100,125,125
2023-10-27 10:19:01,52,100,125,125
2023-10-27 10:19:01,55,100,125,125
2023-10-27 10:19:01,55,65,125,125
2023-10-27 10:19:01,55,61,125,125
2023-10-27 10:19:15,55,100,125,125
2023-10-27 10:19:15,0,100,125,125
2023-10-27 10:19:15,53,100,125,125
2023-10-27 10:19:15,53,63,125,125
2023-10-27 10:19:15,53,61,125,125
2023-10-27 10:19:15,53,59,125,125
2023-10-27 10:19:24,53,100,125,125
2023-10-27 10:19:24,0,100,125,125
2023-10-27 10:19:24,50,100,125,125
2023-10-27 10:19:24,52,100,125,125
2023-10-27 10:19:24,52,57,125,125
2023-10-27 10:20:18,0,57,125,125
2023-10-27 10:20:18,0,100,125,125
2023-10-27 10:20:18,51,100,125,125
2023-10-27 10:20:18,53,100,125,125
2023-10-27 10:20:18,53,61,125,125
2023-10-27 10:20:18,53,59,125,125
2023-10-27 10:20:28,53,100,125,125
2023-10-27 10:20:28,0,100,125,125
2023-10-27 10:20:28,51,100,125,125
2023-10-27 10:20:28,51,61,125,125
2023-10-27 10:20:28,51,59,125,125
2023-10-27 10:20:28,51,57,125,125
2023-10-27 10:21:28,48,57,125,125
2023-10-27 10:21:29,48,100,125,125
2023-10-27 10:21:29,51,100,125,125
2023-10-27 10:21:29,51,57,125,125
2023-10-27 10:21:42,0,57,125,125
2023-10-27 10:21:42,0,100,125,125
2023-10-27 10:21:42,52,100,125,125
2023-10-27 10:21:42,52,63,125,125
2023-10-27 10:21:42,52,60,125,125
2023-10-27 10:21:42,52,58,125,125
2023-10-27 10:21:50,0,58,125,125
2023-10-27 10:21:50,0,100,125,125
2023-10-27 10:21:50,54,100,125,125
2023-10-27 10:21:50,54,60,125,125
2023-10-27 10:21:52,0,60,125,125
2023-10-27 10:21:52,0,100,125,125
2023-10-27 10:21:52,55,100,125,125
2023-10-27 10:21:52,55,63,125,125
2023-10-27 10:21:52,55,61,125,125
2023-10-27 10:22:02,0,61,125,125
2023-10-27 10:22:02,0,100,125,125
2023-10-27 10:22:02,55,100,125,125
2023-10-27 10:22:02,56,100,125,125
2023-10-27 10:22:02,56,66,125,125
2023-10-27 10:22:02,56,62,125,125
2023-10-27 10:22:18,0,62,125,125
2023-10-27 10:22:18,0,100,125,125
2023-10-27 10:22:18,56,100,125,125
2023-10-27 10:22:18,57,100,125,125
2023-10-27 10:22:18,57,68,125,125
2023-10-27 10:22:18,57,66,125,125
2023-10-27 10:22:18,57,64,125,125
2023-10-27 10:22:31,0,64,125,125
2023-10-27 10:22:31,0,100,125,125
2023-10-27 10:22:31,59,100,125,125
2023-10-27 10:22:31,59,69,125,125
2023-10-27 10:22:31,59,65,125,125
2023-10-27 10:22:45,59,100,125,125
2023-10-27 10:22:45,0,100,125,125
2023-10-27 10:22:45,56,100,125,125
2023-10-27 10:22:45,57,100,125,125
2023-10-27 10:22:45,57,66,125,125
2023-10-27 10:22:45,57,64,125,125
2023-10-27 10:22:47,57,100,125,125
2023-10-27 10:22:47,0,100,125,125
2023-10-27 10:22:47,56,100,125,125
2023-10-27 10:22:47,56,67,125,125
2023-10-27 10:22:47,56,65,125,125
2023-10-27 10:22:47,56,63,125,125
2023-10-27 10:22:55,56,100,125,125
2023-10-27 10:22:55,0,100,125,125
2023-10-27 10:22:55,52,100,125,125
2023-10-27 10:22:55,52,67,125,125
2023-10-27 10:22:55,52,65,125,125
2023-10-27 10:22:55,52,63,125,125
2023-10-27 10:23:29,0,63,125,125
2023-10-27 10:23:29,0,100,125,125
2023-10-27 10:23:29,56,100,125,125
2023-10-27 10:23:29,56,66,125,125
2023-10-27 10:23:29,56,62,125,125
2023-10-27 10:24:21,56,100,125,125
2023-10-27 10:24:21,0,100,125,125
2023-10-27 10:24:21,53,100,125,125
2023-10-27 10:24:21,55,100,125,125
2023-10-27 10:24:21,55,61,125,125
2023-10-27 10:24:25,55,100,125,125
2023-10-27 10:24:25,0,100,125,125
2023-10-27 10:24:25,51,100,125,125
2023-10-27 10:24:25,53,100,125,125
2023-10-27 10:24:25,53,59,125,125
2023-10-27 10:25:06,53,100,125,125
2023-10-27 10:25:06,0,100,125,125
2023-10-27 10:25:06,47,100,125,125
2023-10-27 10:25:06,49,100,125,125
2023-10-27 10:25:06,52,100,125,125
2023-10-27 10:25:06,52,61,125,125
2023-10-27 10:25:06,52,58,125,125
2023-10-27 10:25:56,0,58,125,125
2023-10-27 10:25:56,0,100,125,125
2023-10-27 10:25:56,48,100,125,125
2023-10-27 10:25:56,53,100,125,125
2023-10-27 10:25:56,53,63,125,125
2023-10-27 10:25:56,53,59,125,125
2023-10-27 10:26:07,0,59,125,125
2023-10-27 10:26:07,0,100,125,125
2023-10-27 10:26:07,55,100,125,125
2023-10-27 10:26:07,55,65,125,125
2023-10-27 10:26:07,55,61,125,125
2023-10-27 10:26:19,0,61,125,125
2023-10-27 10:26:19,0,100,125,125
2023-10-27 10:26:19,56,100,125,125
2023-10-27 10:26:19,56,66,125,125
2023-10-27 10:26:19,56,62,125,125
2023-10-27 10:26:31,0,62,125,125
2023-10-27 10:26:31,0,100,125,125
2023-10-27 10:26:31,56,100,125,125
2023-10-27 10:26:31,57,100,125,125
2023-10-27 10:26:31,57,68,125,125
2023-10-27 10:26:31,57,64,125,125
2023-10-27 10:26:54,57,100,125,125
2023-10-27 10:26:54,0,100,125,125
2023-10-27 10:26:54,54,100,125,125
2023-10-27 10:26:54,56,100,125,125
2023-10-27 10:26:54,56,64,125,125
2023-10-27 10:26:54,56,62,125,125
2023-10-27 10:26:56,56,100,125,125
2023-10-27 10:26:56,0,100,125,125
2023-10-27 10:26:56,54,100,125,125
2023-10-27 10:26:56,54,64,125,125
2023-10-27 10:26:56,54,62,125,125
2023-10-27 10:26:56,54,60,125,125
2023-10-27 10:27:32,54,100,125,125
2023-10-27 10:27:32,0,100,125,125
2023-10-27 10:27:32,48,100,125,125
2023-10-27 10:27:32,51,100,125,125
2023-10-27 10:27:32,53,100,125,125
2023-10-27 10:27:32,53,59,125,125
2023-10-27 10:28:32,51,59,125,125
2023-10-27 10:28:33,51,100,125,125
2023-10-27 10:28:33,53,100,125,125
2023-10-27 10:28:33,53,59,125,125
2023-10-27 10:28:44,0,59,125,125
2023-10-27 10:28:44,0,100,125,125
2023-10-27 10:28:44,51,100,125,125
2023-10-27 10:28:44,54,100,125,125
2023-10-27 10:28:44,54,60,125,125
2023-10-27 10:29:12,54,100,125,125
2023-10-27 10:29:12,0,100,125,125
2023-10-27 10:29:12,48,100,125,125
2023-10-27 10:29:12,50,100,125,125
2023-10-27 10:29:12,53,100,125,125
2023-10-27 10:29:12,53,59,125,125
2023-10-27 10:30:02,53,100,125,125
2023-10-27 10:30:02,0,100,125,125
2023-10-27 10:30:02,46,100,125,125
2023-10-27 10:30:02,51,100,125,125
2023-10-27 10:30:02,51,59,125,125
2023-10-27 10:30:02,51,57,125,125
2023-10-27 10:30:20,0,57,125,125
2023-10-27 10:30:20,0,100,125,125
2023-10-27 10:30:20,53,100,125,125
2023-10-27 10:30:20,53,59,125,125
2023-10-27 10:30:30,53,100,125,125
2023-10-27 10:30:30,0,100,125,125
2023-10-27 10:30:30,52,100,125,125
2023-10-27 10:30:30,52,61,125,125
2023-10-27 10:30:30,52,58,125,125
2023-10-27 10:31:23,0,58,125,125
2023-10-27 10:31:23,0,100,125,125
2023-10-27 10:31:23,53,100,125,125
2023-10-27 10:31:23,53,59,125,125
2023-10-27 10:31:43,53,100,125,125
2023-10-27 10:31:43,0,100,125,125
2023-10-27 10:31:43,47,100,125,125
2023-10-27 10:31:43,49,100,125,125
2023-10-27 10:31:43,52,100,125,125
2023-10-27 10:31:43,52,59,125,125
2023-10-27 10:31:43,52,57,125,125
2023-10-27 10:31:51,52,100,125,125
2023-10-27 10:31:51,0,100,125,125
2023-10-27 10:31:51,50,100,125,125
2023-10-27 10:31:51,50,61,125,125
2023-10-27 10:31:51,50,59,125,125
2023-10-27 10:31:51,50,56,125,125
2023-10-27 10:31:58,0,56,125,125
2023-10-27 10:31:58,0,100,125,125
2023-10-27 10:31:58,51,100,125,125
2023-10-27 10:31:58,51,62,125,125
2023-10-27 10:31:58,51,57,125,125
2023-10-27 10:32:22,51,100,125,125
2023-10-27 10:32:22,0,100,125,125
2023-10-27 10:32:22,45,100,125,125
2023-10-27 10:32:22,50,100,125,125
2023-10-27 10:32:22,50,61,125,125
2023-10-27 10:32:22,50,56,125,125
2023-10-27 10:33:22,50,61,125,125
2023-10-27 10:33:23,44,100,125,125
2023-10-27 10:33:23,47,100,125,125
2023-10-27 10:33:23,49,100,125,125
2023-10-27 10:33:23,49,57,125,125
2023-10-27 10:33:23,49,55,125,125
2023-10-27 10:34:06,0,55,125,125
2023-10-27 10:34:06,0,100,125,125
2023-10-27 10:34:06,46,100,125,125
2023-10-27 10:34:06,51,100,125,125
2023-10-27 10:34:06,51,57,125,125
2023-10-27 10:34:27,0,57,125,125
2023-10-27 10:34:27,0,100,125,125
2023-10-27 10:34:27,52,100,125,125
2023-10-27 10:34:27,52,63,125,125
2023-10-27 10:34:27,52,58,125,125
2023-10-27 10:35:27,52,61,125,125
2023-10-27 10:35:28,52,100,125,125
2023-10-27 10:35:28,52,63,125,125
2023-10-27 10:35:28,52,58,125,125
2023-10-27 10:36:10,0,58,125,125
2023-10-27 10:36:10,0,100,125,125
2023-10-27 10:36:10,54,100,125,125
2023-10-27 10:36:10,54,60,125,125
2023-10-27 10:36:27,0,60,125,125
2023-10-27 10:36:27,0,100,125,125
2023-10-27 10:36:27,53,100,125,125
2023-10-27 10:36:27,55,100,125,125
2023-10-27 10:36:27,55,61,125,125
2023-10-27 10:36:38,0,61,125,125
2023-10-27 10:36:38,0,100,125,125
2023-10-27 10:36:38,55,100,125,125
2023-10-27 10:36:38,56,100,125,125
2023-10-27 10:36:38,56,65,125,125
2023-10-27 10:36:38,56,63,125,125
2023-10-27 10:37:06,0,63,125,125
2023-10-27 10:37:06,0,100,125,125
2023-10-27 10:37:06,56,100,125,125
2023-10-27 10:37:06,59,100,125,125
2023-10-27 10:37:06,59,64,125,125
2023-10-27 10:37:19,59,100,125,125
2023-10-27 10:37:19,0,100,125,125
2023-10-27 10:37:19,56,100,125,125
2023-10-27 10:37:19,56,65,125,125
2023-10-27 10:37:19,56,63,125,125
2023-10-27 10:37:21,56,100,125,125
2023-10-27 10:37:21,0,100,125,125
2023-10-27 10:37:21,51,100,125,125
2023-10-27 10:37:21,53,100,125,125
2023-10-27 10:37:21,56,100,125,125
2023-10-27 10:37:21,56,65,125,125
2023-10-27 10:37:21,56,63,125,125
2023-10-27 10:37:21,56,61,125,125
2023-10-27 10:37:25,56,100,125,125
2023-10-27 10:37:25,0,100,125,125
2023-10-27 10:37:25,49,100,125,125
2023-10-27 10:37:25,52,100,125,125
2023-10-27 10:37:25,54,100,125,125
2023-10-27 10:37:25,54,62,125,125
2023-10-27 10:37:25,54,60,125,125
2023-10-27 10:37:39,54,100,125,125
2023-10-27 10:37:39,0,100,125,125
2023-10-27 10:37:39,53,100,125,125
2023-10-27 10:37:39,53,64,125,125
2023-10-27 10:37:39,53,61,125,125
2023-10-27 10:37:39,53,59,125,125
2023-10-27 10:37:46,53,100,125,125
2023-10-27 10:37:46,0,100,125,125
2023-10-27 10:37:46,52,100,125,125
2023-10-27 10:37:46,52,57,125,125
2023-10-27 10:38:20,52,100,125,125
2023-10-27 10:38:20,0,100,125,125
2023-10-27 10:38:20,48,100,125,125
2023-10-27 10:38:20,50,100,125,125
2023-10-27 10:38:20,50,58,125,125
2023-10-27 10:38:20,50,56,125,125
2023-10-27 10:38:50,0,56,125,125
2023-10-27 10:38:50,0,100,125,125
2023-10-27 10:38:50,51,100,125,125
2023-10-27 10:38:50,51,62,125,125
2023-10-27 10:38:50,51,59,125,125
2023-10-27 10:38:50,51,57,125,125
2023-10-27 10:39:09,51,100,125,125
2023-10-27 10:39:09,0,100,125,125
2023-10-27 10:39:09,50,100,125,125
2023-10-27 10:39:09,50,56,125,125
2023-10-27 10:39:22,50,100,125,125
2023-10-27 10:39:22,0,100,125,125
2023-10-27 10:39:22,45,100,125,125
2023-10-27 10:39:22,48,100,125,125
2023-10-27 10:39:22,48,54,125,125
2023-10-27 10:40:04,48,100,125,125
2023-10-27 10:40:04,0,100,125,125
2023-10-27 10:40:04,42,100,125,125
2023-10-27 10:40:04,44,100,125,125
2023-10-27 10:40:04,47,100,125,125
2023-10-27 10:40:04,47,58,125,125
2023-10-27 10:40:04,47,56,125,125
2023-10-27 10:40:04,47,53,125,125
2023-10-27 10:41:04,44,53,125,125
2023-10-27 10:41:05,47,100,125,125
2023-10-27 10:41:05,47,53,125,125
2023-10-27 10:41:55,47,100,125,125
2023-10-27 10:41:55,0,100,125,125
2023-10-27 10:41:55,42,100,125,125
2023-10-27 10:41:55,45,100,125,125
2023-10-27 10:41:55,45,53,125,125
2023-10-27 10:41:55,45,51,125,125
2023-10-27 10:41:59,45,100,125,125
2023-10-27 10:41:59,0,100,125,125
2023-10-27 10:41:59,40,100,125,125
2023-10-27 10:41:59,44,100,125,125
2023-10-27 10:41:59,44,50,125,125
2023-10-27 10:42:17,44,100,125,125
2023-10-27 10:42:17,0,100,125,125
2023-10-27 10:42:17,37,100,125,125
2023-10-27 10:42:17,42,100,125,125
2023-10-27 10:42:17,42,48,125,125
2023-10-27 10:42:24,42,100,125,125
2023-10-27 10:42:24,0,100,125,125
2023-10-27 10:42:24,39,100,125,125
2023-10-27 10:42:24,41,100,125,125
2023-10-27 10:42:24,41,50,125,125
2023-10-27 10:42:24,41,47,125,125
2023-10-27 10:42:36,41,100,125,125
2023-10-27 10:42:36,0,100,125,125
2023-10-27 10:42:36,39,100,125,125
2023-10-27 10:42:36,39,45,125,125
2023-10-27 10:43:05,0,45,125,125
2023-10-27 10:43:05,0,100,125,125
2023-10-27 10:43:05,40,100,125,125
2023-10-27 10:43:05,40,49,125,125
2023-10-27 10:43:05,40,46,125,125
2023-10-27 10:44:05,40,49,125,125
2023-10-27 10:44:05,35,100,125,125
2023-10-27 10:44:05,39,100,125,125
2023-10-27 10:44:05,39,47,125,125
2023-10-27 10:44:05,39,45,125,125
2023-10-27 10:44:38,0,45,125,125
2023-10-27 10:44:38,0,100,125,125
2023-10-27 10:44:38,35,100,125,125
2023-10-27 10:44:38,37,100,125,125
2023-10-27 10:44:38,40,100,125,125
2023-10-27 10:44:38,40,46,125,125
2023-10-27 10:45:09,0,46,125,125
2023-10-27 10:45:09,0,100,125,125
2023-10-27 10:45:09,40,100,125,125
2023-10-27 10:45:09,42,100,125,125
2023-10-27 10:45:09,42,50,125,125
2023-10-27 10:45:09,42,48,125,125
2023-10-27 10:45:31,0,48,125,125
2023-10-27 10:45:31,0,100,125,125
2023-10-27 10:45:31,38,100,125,125
2023-10-27 10:45:31,41,100,125,125
2023-10-27 10:45:31,43,100,125,125
2023-10-27 10:45:31,43,51,125,125
2023-10-27 10:45:31,43,49,125,125
2023-10-27 10:46:31,43,51,125,125
2023-10-27 10:46:32,42,100,125,125
2023-10-27 10:46:32,42,53,125,125
2023-10-27 10:46:32,42,48,125,125
2023-10-27 10:46:55,0,48,125,125
2023-10-27 10:46:55,0,100,125,125
2023-10-27 10:46:55,42,100,125,125
2023-10-27 10:46:55,44,100,125,125
2023-10-27 10:46:55,44,55,125,125
2023-10-27 10:46:55,44,50,125,125
2023-10-27 10:47:33,0,50,125,125
2023-10-27 10:47:33,0,100,125,125
2023-10-27 10:47:33,45,100,125,125
2023-10-27 10:47:33,45,53,125,125
2023-10-27 10:47:33,45,51,125,125
2023-10-27 10:47:40,0,51,125,125
2023-10-27 10:47:40,0,100,125,125
2023-10-27 10:47:40,45,100,125,125
2023-10-27 10:47:40,47,100,125,125
2023-10-27 10:47:40,47,58,125,125
2023-10-27 10:47:40,47,53,125,125
2023-10-27 10:48:39,0,53,125,125
2023-10-27 10:48:39,0,100,125,125
2023-10-27 10:48:39,43,100,125,125
2023-10-27 10:48:39,46,100,125,125
2023-10-27 10:48:39,48,100,125,125
2023-10-27 10:48:39,48,56,125,125
2023-10-27 10:48:39,48,54,125,125
2023-10-27 10:49:30,48,100,125,125
2023-10-27 10:49:30,0,100,125,125
2023-10-27 10:49:30,45,100,125,125
2023-10-27 10:49:30,47,100,125,125
2023-10-27 10:49:30,47,58,125,125
2023-10-27 10:49:30,47,55,125,125
2023-10-27 10:49:30,47,53,125,125
2023-10-27 10:50:03,0,53,125,125
2023-10-27 10:50:03,0,100,125,125
2023-10-27 10:50:03,47,100,125,125
2023-10-27 10:50:03,47,59,125,125
2023-10-27 10:50:03,47,57,125,125
2023-10-27 10:50:04,0,57,125,125
2023-10-27 10:50:04,0,100,125,125
2023-10-27 10:50:04,46,100,125,125
2023-10-27 10:50:04,51,100,125,125
2023-10-27 10:50:04,51,61,125,125
2023-10-27 10:50:04,51,56,125,125
2023-10-27 10:50:05,0,56,125,125
2023-10-27 10:50:05,0,100,125,125
2023-10-27 10:50:05,52,100,125,125
2023-10-27 10:50:05,52,63,125,125
2023-10-27 10:50:05,52,60,125,125
2023-10-27 10:50:05,52,58,125,125
2023-10-27 10:50:12,0,58,125,125
2023-10-27 10:50:12,0,100,125,125
2023-10-27 10:50:12,50,100,125,125
2023-10-27 10:50:12,53,100,125,125
2023-10-27 10:50:12,53,61,125,125
2023-10-27 10:50:12,53,59,125,125
2023-10-27 10:50:40,53,100,125,125
2023-10-27 10:50:40,0,100,125,125
2023-10-27 10:50:40,47,100,125,125
2023-10-27 10:50:40,52,100,125,125
2023-10-27 10:50:40,52,62,125,125
2023-10-27 10:50:40,52,59,125,125
2023-10-27 10:50:40,52,57,125,125
2023-10-27 10:50:47,52,100,125,125
2023-10-27 10:50:47,0,100,125,125
2023-10-27 10:50:47,45,100,125,125
2023-10-27 10:50:47,50,100,125,125
2023-10-27 10:50:47,50,61,125,125
2023-10-27 10:50:47,50,56,125,125
2023-10-27 10:50:49,50,100,125,125
2023-10-27 10:50:49,0,100,125,125
2023-10-27 10:50:49,47,100,125,125
2023-10-27 10:50:49,49,100,125,125
2023-10-27 10:50:49,49,60,125,125
2023-10-27 10:50:49,49,57,125,125
2023-10-27 10:50:49,49,55,125,125
2023-10-27 10:51:00,0,55,125,125
2023-10-27 10:51:00,0,100,125,125
2023-10-27 10:51:00,49,100,125,125
2023-10-27 10:51:00,51,100,125,125
2023-10-27 10:51:00,51,61,125,125
2023-10-27 10:51:00,51,59,125,125
2023-10-27 10:51:00,51,56,125,125
2023-10-27 10:52:00,49,56,125,125
2023-10-27 10:52:01,45,100,125,125
2023-10-27 10:52:01,47,100,125,125
2023-10-27 10:52:01,50,100,125,125
2023-10-27 10:52:01,50,56,125,125
2023-10-27 10:52:30,0,56,125,125
2023-10-27 10:52:30,0,100,125,125
2023-10-27 10:52:30,46,100,125,125
2023-10-27 10:52:30,49,100,125,125
2023-10-27 10:52:30,51,100,125,125
2023-10-27 10:52:30,51,62,125,125
2023-10-27 10:52:30,51,59,125,125
2023-10-27 10:52:30,51,57,125,125
2023-10-27 10:52:40,0,57,125,125
2023-10-27 10:52:40,0,100,125,125
2023-10-27 10:52:40,48,100,125,125
2023-10-27 10:52:40,50,100,125,125
2023-10-27 10:52:40,53,100,125,125
2023-10-27 10:52:40,53,62,125,125
2023-10-27 10:52:40,53,59,125,125
2023-10-27 10:53:26,0,59,125,125
2023-10-27 10:53:26,0,100,125,125
2023-10-27 10:53:26,52,100,125,125
2023-10-27 10:53:26,54,100,125,125
2023-10-27 10:53:26,54,60,125,125
2023-10-27 10:53:30,0,60,125,125
2023-10-27 10:53:30,0,100,125,125
2023-10-27 10:53:30,50,100,125,125
2023-10-27 10:53:30,55,100,125,125
2023-10-27 10:53:30,55,65,125,125
2023-10-27 10:53:30,55,61,125,125
2023-10-27 10:54:30,55,63,125,125
2023-10-27 10:54:31,54,100,125,125
2023-10-27 10:54:31,54,62,125,125
2023-10-27 10:54:31,54,60,125,125
2023-10-27 10:55:18,0,60,125,125
2023-10-27 10:55:18,0,100,125,125
2023-10-27 10:55:18,51,100,125,125
2023-10-27 10:55:18,53,100,125,125
2023-10-27 10:55:18,56,100,125,125
2023-10-27 10:55:18,56,62,125,125
2023-10-27 10:55:34,56,100,125,125
2023-10-27 10:55:34,0,100,125,125
2023-10-27 10:55:34,54,100,125,125
2023-10-27 10:55:34,54,64,125,125
2023-10-27 10:55:34,54,62,125,125
2023-10-27 10:55:34,54,60,125,125
2023-10-27 10:55:44,0,60,125,125
2023-10-27 10:55:44,0,100,125,125
2023-10-27 10:55:44,51,100,125,125
2023-10-27 10:55:44,56,100,125,125
2023-10-27 10:55:44,56,63,125,125
2023-10-27 10:55:44,56,61,125,125
2023-10-27 10:56:06,0,61,125,125
2023-10-27 10:56:06,0,100,125,125
2023-10-27 10:56:06,56,100,125,125
2023-10-27 10:56:06,56,67,125,125
2023-10-27 10:56:06,56,63,125,125
2023-10-27 10:57:06,52,63,125,125
2023-10-27 10:57:07,51,100,125,125
2023-10-27 10:57:07,53,100,125,125
2023-10-27 10:57:07,56,100,125,125
2023-10-27 10:57:07,56,64,125,125
2023-10-27 10:57:07,56,62,125,125
2023-10-27 10:57:48,0,62,125,125
2023-10-27 10:57:48,0,100,125,125
2023-10-27 10:57:48,55,100,125,125
2023-10-27 10:57:48,56,100,125,125
2023-10-27 10:57:48,56,63,125,125
2023-10-27 10:57:54,56,100,125,125
2023-10-27 10:57:54,0,100,125,125
2023-10-27 10:57:54,51,100,125,125
2023-10-27 10:57:54,56,100,125,125
2023-10-27 10:57:54,56,64,125,125
2023-10-27 10:57:54,56,62,125,125
2023-10-27 10:58:54,0,62,125,125
2023-10-27 10:58:55,56,100,125,125
2023-10-27 10:58:55,56,62,125,125
2023-10-27 10:59:05,0,62,125,125
2023-10-27 10:59:05,0,100,125,125
2023-10-27 10:59:05,57,100,125,125
2023-10-27 10:59:05,57,68,125,125
2023-10-27 10:59:05,57,66,125,125
2023-10-27 10:59:05,57,64,125,125
2023-10-27 10:59:32,57,100,125,125
2023-10-27 10:59:32,0,100,125,125
2023-10-27 10:59:32,51,100,125,125
2023-10-27 10:59:32,53,100,125,125
2023-10-27 10:59:32,56,100,125,125
2023-10-27 10:59:32,56,66,125,125
2023-10-27 10:59:32,56,64,125,125
2023-10-27 10:59:32,56,62,125,125
2023-10-27 10:59:45,0,62,125,125
2023-10-27 10:59:45,0,100,125,125
2023-10-27 10:59:45,56,100,125,125
2023-10-27 10:59:45,56,65,125,125
2023-10-27 10:59:45,56,63,125,125
2023-10-27 11:00:02,0,63,125,125
2023-10-27 11:00:02,0,100,125,125
2023-10-27 11:00:02,56,100,125,125
2023-10-27 11:00:02,59,100,125,125
2023-10-27 11:00:02,59,65,125,125
2023-10-27 11:00:05,62,65,125,125
2023-10-27 11:00:33,62,100,125,125
2023-10-27 11:00:33,62,67,125,125
2023-10-27 11:00:33,62,65,125,125
2023-10-27 11:00:37,54,65,126,126
2023-10-27 11:01:11,64,65,126,126
2023-10-27 11:01:13,54,65,127,127
2023-10-27 11:01:17,54,100,127,127
2023-10-27 11:01:17,0,100,127,127
2023-10-27 11:01:17,50,100,127,127
2023-10-27 11:01:17,52,100,127,127
2023-10-27 11:01:17,55,100,127,127
2023-10-27 11:01:17,55,61,127,127
2023-10-27 11:01:25,0,61,127,127
2023-10-27 11:01:25,0,100,127,127
2023-10-27 11:01:25,55,100,127,127
2023-10-27 11:01:25,56,100,127,127
2023-10-27 11:01:25,56,67,127,127
2023-10-27 11:01:25,56,63,127,127
2023-10-27 11:01:33,0,63,127,127
2023-10-27 11:01:33,0,100,127,127
2023-10-27 11:01:33,55,100,127,127
2023-10-27 11:01:33,57,100,127,127
2023-10-27 11:01:33,57,66,127,127
2023-10-27 11:01:33,57,64,127,127
2023-10-27 11:01:52,57,100,127,127
2023-10-27 11:01:52,0,100,127,127
2023-10-27 11:01:52,56,100,127,127
2023-10-27 11:01:52,56,65,127,127
2023-10-27 11:01:52,56,63,127,127
2023-10-27 11:02:04,0,63,127,127
2023-10-27 11:02:04,0,100,127,127
2023-10-27 11:02:04,53,100,127,127
2023-10-27 11:02:04,57,100,127,127
2023-10-27 11:02:04,57,66,127,127
2023-10-27 11:02:04,57,64,127,127
2023-10-27 11:03:00,57,100,127,127
2023-10-27 11:03:00,0,100,127,127
2023-10-27 11:03:00,55,100,127,127
2023-10-27 11:03:00,56,100,127,127
2023-10-27 11:03:00,56,63,127,127
2023-10-27 11:03:19,0,63,127,127
2023-10-27 11:03:19,0,100,127,127
2023-10-27 11:03:19,53,100,127,127
2023-10-27 11:03:19,57,100,127,127
2023-10-27 11:03:19,57,66,127,127
2023-10-27 11:03:19,57,64,127,127
2023-10-27 11:03:42,57,100,127,127
2023-10-27 11:03:42,0,100,127,127
2023-10-27 11:03:42,52,100,127,127
2023-10-27 11:03:42,56,100,127,127
2023-10-27 11:03:42,56,66,127,127
2023-10-27 11:03:42,56,64,127,127
2023-10-27 11:03:42,56,62,127,127
2023-10-27 11:04:42,55,62,127,127
2023-10-27 11:04:43,52,100,127,127
2023-10-27 11:04:43,55,100,127,127
2023-10-27 11:04:43,56,100,127,127
2023-10-27 11:04:43,56,67,127,127
2023-10-27 11:04:43,56,65,127,127
2023-10-27 11:04:43,56,63,127,127
2023-10-27 11:05:09,56,100,127,127
2023-10-27 11:05:09,0,100,127,127
2023-10-27 11:05:09,53,100,127,127
2023-10-27 11:05:09,56,100,127,127
2023-10-27 11:05:09,56,66,127,127
2023-10-27 11:05:09,56,64,127,127
2023-10-27 11:05:09,56,62,127,127
2023-10-27 11:05:41,0,62,127,127
2023-10-27 11:05:41,0,100,127,127
2023-10-27 11:05:41,56,100,127,127
2023-10-27 11:05:41,56,65,127,127
2023-10-27 11:05:41,56,63,127,127
2023-10-27 11:05:48,0,63,127,127
2023-10-27 11:05:48,0,100,127,127
2023-10-27 11:05:48,56,100,127,127
2023-10-27 11:05:48,57,100,127,127
2023-10-27 11:05:48,57,66,127,127
2023-10-27 11:05:48,57,64,127,127
2023-10-27 11:05:51,0,64,127,127
2023-10-27 11:05:51,0,100,127,127
2023-10-27 11:05:51,60,100,127,127
2023-10-27 11:05:51,60,70,127,127
2023-10-27 11:05:51,60,68,127,127
2023-10-27 11:05:51,60,66,127,127
2023-10-27 11:05:53,0,66,127,127
2023-10-27 11:05:53,0,100,127,127
2023-10-27 11:05:53,62,100,127,127
2023-10-27 11:05:53,62,69,127,127
2023-10-27 11:05:53,62,67,127,127
2023-10-27 11:06:46,62,100,127,127
2023-10-27 11:06:46,0,100,127,127
2023-10-27 11:06:46,55,100,127,127
2023-10-27 11:06:46,56,100,127,127
2023-10-27 11:06:46,60,100,127,127
2023-10-27 11:06:46,60,68,127,127
2023-10-27 11:06:46,60,66,127,127
2023-10-27 11:07:07,0,66,127,127
2023-10-27 11:07:07,0,100,127,127
2023-10-27 11:07:07,61,100,127,127
2023-10-27 11:07:07,61,69,127,127
2023-10-27 11:07:07,61,67,127,127
2023-10-27 11:07:36,61,69,125,152
2023-10-27 11:07:36,0,69,125,152
2023-10-27 11:07:36,0,100,125,152
2023-10-27 11:07:36,63,100,125,152
2023-10-27 11:07:36,63,72,125,152
2023-10-27 11:07:36,63,69,125,152
2023-10-27 11:08:03,0,69,125,152
2023-10-27 11:08:03,0,100,125,152
2023-10-27 11:08:03,63,100,125,152
2023-10-27 11:08:03,65,100,125,152
2023-10-27 11:08:03,65,74,125,152
2023-10-27 11:08:03,65,70,125,152
2023-10-27 11:08:25,65,100,125,152
2023-10-27 11:08:25,0,100,125,152
2023-10-27 11:08:25,63,100,125,152
2023-10-27 11:08:25,63,73,125,152
2023-10-27 11:08:25,63,69,125,152
2023-10-27 11:08:41,0,69,125,152
2023-10-27 11:08:41,0,100,125,152
2023-10-27 11:08:41,64,100,125,152
2023-10-27 11:08:41,64,72,125,152
2023-10-27 11:08:41,64,70,125,152
2023-10-27 11:09:06,64,100,125,152
2023-10-27 11:09:06,0,100,125,152
2023-10-27 11:09:06,59,100,125,152
2023-10-27 11:09:06,61,100,125,152
2023-10-27 11:09:06,63,100,125,152
2023-10-27 11:09:06,63,72,125,152
2023-10-27 11:09:06,63,69,125,152
2023-10-27 11:10:06,63,72,125,152
2023-10-27 11:10:07,63,100,125,152
2023-10-27 11:10:07,63,69,125,152
2023-10-27 11:10:16,63,100,125,152
2023-10-27 11:10:16,0,100,125,152
2023-10-27 11:10:16,60,100,125,152
2023-10-27 11:10:16,62,100,125,152
2023-10-27 11:10:16,62,70,125,152
2023-10-27 11:10:16,62,68,125,152
2023-10-27 11:10:41,0,68,125,152
2023-10-27 11:10:41,0,100,125,152
2023-10-27 11:10:41,64,100,125,152
2023-10-27 11:10:41,64,69,125,152
2023-10-27 11:11:12,0,69,125,152
2023-10-27 11:11:12,0,100,125,152
2023-10-27 11:11:12,61,100,125,152
2023-10-27 11:11:12,63,100,125,152
2023-10-27 11:11:12,65,100,125,152
2023-10-27 11:11:12,65,73,125,152
2023-10-27 11:11:12,65,72,125,152
2023-10-27 11:11:25,65,100,125,152
2023-10-27 11:11:25,0,100,125,152
2023-10-27 11:11:25,60,100,125,152
2023-10-27 11:11:25,62,100,125,152
2023-10-27 11:11:25,64,100,125,152
2023-10-27 11:11:25,64,72,125,152
2023-10-27 11:11:25,64,69,125,152
2023-10-27 11:11:34,64,100,125,152
2023-10-27 11:11:34,0,100,125,152
2023-10-27 11:11:34,57,100,125,152
2023-10-27 11:11:34,60,100,125,152
2023-10-27 11:11:34,62,100,125,152
2023-10-27 11:11:34,62,68,125,152
2023-10-27 11:11:39,62,100,125,152
2023-10-27 11:11:39,0,100,125,152
2023-10-27 11:11:39,56,100,125,152
2023-10-27 11:11:39,61,100,125,152
2023-10-27 11:11:39,61,72,125,152
2023-10-27 11:11:39,61,69,125,152
2023-10-27 11:11:39,61,67,125,152
2023-10-27 11:11:48,0,67,125,152
2023-10-27 11:11:48,0,100,125,152
2023-10-27 11:11:48,60,100,125,152
2023-10-27 11:11:48,62,100,125,152
2023-10-27 11:11:48,62,72,125,152
2023-10-27 11:11:48,62,70,125,152
2023-10-27 11:11:48,62,68,125,152
2023-10-27 11:12:15,0,68,125,152
2023-10-27 11:12:15,0,100,125,152
2023-10-27 11:12:15,64,100,125,152
2023-10-27 11:12:15,64,69,125,152
2023-10-27 11:12:48,0,69,125,152
2023-10-27 11:12:48,0,100,125,152
2023-10-27 11:12:48,63,100,125,152
2023-10-27 11:12:48,65,100,125,152
2023-10-27 11:12:48,65,75,125,152
2023-10-27 11:12:48,65,73,125,152
2023-10-27 11:12:48,65,72,125,152
2023-10-27 11:12:51,0,72,125,152
2023-10-27 11:12:51,0,100,125,152
2023-10-27 11:12:51,66,100,125,152
2023-10-27 11:12:51,66,76,125,152
2023-10-27 11:12:51,66,74,125,152
2023-10-27 11:12:51,66,72,125,152
2023-10-27 11:13:01,66,100,125,152
2023-10-27 11:13:01,0,100,125,152
2023-10-27 11:13:01,65,100,125,152
2023-10-27 11:13:01,65,75,125,152
2023-10-27 11:13:01,65,72,125,152
2023-10-27 11:13:41,65,100,125,152
2023-10-27 11:13:41,0,100,125,152
2023-10-27 11:13:41,62,100,125,152
2023-10-27 11:13:41,64,100,125,152
2023-10-27 11:13:41,64,72,125,152
2023-10-27 11:13:41,64,70,125,152
2023-10-27 11:13:54,0,70,125,152
2023-10-27 11:13:54,0,100,125,152
2023-10-27 11:13:54,63,100,125,152
2023-10-27 11:13:54,65,100,125,152
2023-10-27 11:13:54,65,72,125,152
2023-10-27 11:14:13,0,72,125,152
2023-10-27 11:14:13,0,100,125,152
2023-10-27 11:14:13,66,100,125,152
2023-10-27 11:14:13,66,74,125,152
2023-10-27 11:14:13,66,72,125,152
2023-10-27 11:14:34,0,72,125,152
2023-10-27 11:14:34,0,100,125,152
2023-10-27 11:14:34,68,100,125,152
2023-10-27 11:14:34,68,75,125,152
2023-10-27 11:14:34,68,73,125,152
2023-10-27 11:15:06,0,73,125,152
2023-10-27 11:15:06,0,100,125,152
2023-10-27 11:15:06,67,100,125,152
2023-10-27 11:15:06,69,100,125,152
2023-10-27 11:15:06,69,79,125,152
2023-10-27 11:15:06,69,77,125,152
2023-10-27 11:15:06,69,75,125,152
2023-10-27 11:15:44,0,75,125,152
2023-10-27 11:15:44,0,100,125,152
2023-10-27 11:15:44,70,100,125,152
2023-10-27 11:15:44,70,78,125,152
2023-10-27 11:15:44,70,76,125,152
2023-10-27 11:16:04,0,76,125,152
2023-10-27 11:16:04,0,100,125,152
2023-10-27 11:16:04,72,100,125,152
2023-10-27 11:16:04,72,79,125,152
2023-10-27 11:16:04,72,77,125,152
2023-10-27 11:17:04,72,79,125,152
2023-10-27 11:17:05,70,100,125,152
2023-10-27 11:17:05,72,100,125,152
2023-10-27 11:17:05,72,78,125,152
2023-10-27 11:18:05,68,78,125,152
2023-10-27 11:18:05,71,100,125,152
2023-10-27 11:18:05,71,80,125,152
2023-10-27 11:18:05,71,77,125,152
2023-10-27 11:18:45,71,100,125,152
2023-10-27 11:18:45,0,100,125,152
2023-10-27 11:18:45,70,100,125,152
2023-10-27 11:18:45,70,75,125,152
2023-10-27 11:19:11,70,100,125,152
2023-10-27 11:19:11,0,100,125,152
2023-10-27 11:19:11,68,100,125,152
2023-10-27 11:19:11,68,76,125,152
2023-10-27 11:19:11,68,74,125,152
2023-10-27 11:19:26,68,100,125,152
2023-10-27 11:19:26,0,100,125,152
2023-10-27 11:19:26,63,100,125,152
2023-10-27 11:19:26,65,100,125,152
2023-10-27 11:19:26,67,100,125,152
2023-10-27 11:19:26,67,73,125,152
2023-10-27 11:20:22,67,100,125,152
2023-10-27 11:20:22,0,100,125,152
2023-10-27 11:20:22,64,100,125,152
2023-10-27 11:20:22,66,100,125,152
2023-10-27 11:20:22,66,74,125,152
2023-10-27 11:20:22,66,72,125,152
2023-10-27 11:21:15,0,72,125,152
2023-10-27 11:21:15,0,100,125,152
2023-10-27 11:21:15,65,100,125,152
2023-10-27 11:21:15,67,100,125,152
2023-10-27 11:21:15,67,73,125,152
2023-10-27 11:21:38,0,73,125,152
2023-10-27 11:21:38,0,100,125,152
2023-10-27 11:21:38,64,100,125,152
2023-10-27 11:21:38,68,100,125,152
2023-10-27 11:21:38,68,76,125,152
2023-10-27 11:21:38,68,74,125,152
2023-10-27 11:22:08,0,74,125,152
2023-10-27 11:22:08,0,100,125,152
2023-10-27 11:22:08,70,100,125,152
2023-10-27 11:22:08,70,80,125,152
2023-10-27 11:22:08,70,78,125,152
2023-10-27 11:22:08,70,76,125,152
2023-10-27 11:23:08,0,76,125,152
2023-10-27 11:23:09,66,100,125,152
2023-10-27 11:23:09,68,100,125,152
2023-10-27 11:23:09,70,100,125,152
2023-10-27 11:23:09,70,76,125,152
2023-10-27 11:24:09,68,76,125,152
2023-10-27 11:24:10,70,100,125,152
2023-10-27 11:24:10,70,76,125,152
2023-10-27 11:24:48,70,100,125,152
2023-10-27 11:24:48,0,100,125,152
2023-10-27 11:24:48,69,100,125,152
2023-10-27 11:24:48,69,77,125,152
2023-10-27 11:24:48,69,75,125,152
2023-10-27 11:25:15,0,75,125,152
2023-10-27 11:25:15,0,100,125,152
2023-10-27 11:25:15,66,100,125,152
2023-10-27 11:25:15,68,100,125,152
2023-10-27 11:25:15,70,100,125,152
2023-10-27 11:25:15,70,78,125,152
2023-10-27 11:25:15,70,76,125,152
2023-10-27 11:25:20,70,100,125,152
2023-10-27 11:25:20,0,100,125,152
2023-10-27 11:25:20,69,100,125,152
2023-10-27 11:25:20,69,77,125,152
2023-10-27 11:25:20,69,75,125,152
2023-10-27 11:25:42,69,100,125,152
2023-10-27 11:25:42,0,100,125,152
2023-10-27 11:25:42,67,100,125,152
2023-10-27 11:25:42,67,77,125,152
2023-10-27 11:25:42,67,73,125,152
2023-10-27 11:26:42,67,100,125,152
2023-10-27 11:26:43,66,100,125,152
2023-10-27 11:26:43,68,100,125,152
2023-10-27 11:26:43,68,78,125,152
2023-10-27 11:26:43,68,74,125,152
2023-10-27 11:27:20,68,100,125,152
2023-10-27 11:27:20,0,100,125,152
2023-10-27 11:27:20,63,100,125,152
2023-10-27 11:27:20,65,100,125,152
2023-10-27 11:27:20,67,100,125,152
2023-10-27 11:27:20,67,75,125,152
2023-10-27 11:27:20,67,73,125,152
2023-10-27 11:27:52,0,73,125,152
2023-10-27 11:27:52,0,100,125,152
2023-10-27 11:27:52,64,100,125,152
2023-10-27 11:27:52,66,100,125,152
2023-10-27 11:27:52,68,100,125,152
2023-10-27 11:27:52,68,76,125,152
2023-10-27 11:27:52,68,74,125,152
2023-10-27 11:28:08,66,74,416,443
2023-10-27 11:28:52,66,76,416,443
2023-10-27 11:28:53,63,100,416,443
2023-10-27 11:28:53,65,100,416,443
2023-10-27 11:28:53,67,100,416,443
2023-10-27 11:28:53,67,75,416,443
2023-10-27 11:28:53,67,73,416,443
2023-10-27 11:29:24,67,100,416,443
2023-10-27 11:29:24,0,100,416,443
2023-10-27 11:29:24,65,100,416,443
2023-10-27 11:29:24,65,75,416,443
2023-10-27 11:29:24,65,73,416,443
2023-10-27 11:29:24,65,72,416,443
2023-10-27 11:30:24,63,72,416,443
2023-10-27 11:30:25,63,100,416,443
2023-10-27 11:30:25,65,100,416,443
2023-10-27 11:30:25,65,75,416,443
2023-10-27 11:30:25,65,73,416,443
2023-10-27 11:30:25,65,72,416,443
2023-10-27 11:30:38,65,100,416,443
2023-10-27 11:30:38,0,100,416,443
2023-10-27 11:30:38,60,100,416,443
2023-10-27 11:30:38,62,100,416,443
2023-10-27 11:30:38,64,100,416,443
2023-10-27 11:30:38,64,74,416,443
2023-10-27 11:30:38,64,70,416,443
2023-10-27 11:31:16,64,100,416,443
2023-10-27 11:31:16,0,100,416,443
2023-10-27 11:31:16,61,100,416,443
2023-10-27 11:31:16,63,100,416,443
2023-10-27 11:31:16,63,70,416,443
2023-10-27 11:31:16,63,68,416,443
2023-10-27 11:31:22,63,100,416,443
2023-10-27 11:31:22,0,100,416,443
2023-10-27 11:31:22,61,100,416,443
2023-10-27 11:31:22,61,69,416,443
2023-10-27 11:31:22,61,67,416,443
2023-10-27 11:31:46,61,100,416,443
2023-10-27 11:31:46,0,100,416,443
2023-10-27 11:31:46,57,100,416,443
2023-10-27 11:31:46,60,100,416,443
2023-10-27 11:31:46,60,68,416,443
2023-10-27 11:31:46,60,66,416,443
2023-10-27 11:31:51,0,66,416,443
2023-10-27 11:31:51,0,100,416,443
2023-10-27 11:31:51,57,100,416,443
2023-10-27 11:31:51,61,100,416,443
2023-10-27 11:31:51,61,72,416,443
2023-10-27 11:31:51,61,69,416,443
2023-10-27 11:31:51,61,67,416,443
2023-10-27 11:32:05,0,67,416,443
2023-10-27 11:32:05,0,100,416,443
2023-10-27 11:32:05,61,100,416,443
2023-10-27 11:32:05,63,100,416,443
2023-10-27 11:32:05,63,70,416,443
2023-10-27 11:32:05,63,68,416,443
2023-10-27 11:32:13,63,100,416,443
2023-10-27 11:32:13,0,100,416,443
2023-10-27 11:32:13,61,100,416,443
2023-10-27 11:32:13,61,69,416,443
2023-10-27 11:32:13,61,67,416,443
2023-10-27 11:32:54,61,100,416,443
2023-10-27 11:32:54,0,100,416,443
2023-10-27 11:32:54,55,100,416,443
2023-10-27 11:32:54,60,100,416,443
2023-10-27 11:32:54,60,70,416,443
2023-10-27 11:32:54,60,66,416,443
2023-10-27 11:33:03,60,100,416,443
2023-10-27 11:33:03,0,100,416,443
2023-10-27 11:33:03,54,100,416,443
2023-10-27 11:33:03,59,100,416,443
2023-10-27 11:33:03,59,64,416,443
2023-10-27 11:33:16,59,100,416,443
2023-10-27 11:33:16,0,100,416,443
2023-10-27 11:33:16,56,100,416,443
2023-10-27 11:33:16,56,63,416,443
2023-10-27 11:33:26,56,100,416,443
2023-10-27 11:33:26,0,100,416,443
2023-10-27 11:33:26,54,100,416,443
2023-10-27 11:33:26,56,100,416,443
2023-10-27 11:33:26,56,66,416,443
2023-10-27 11:33:26,56,62,416,443
2023-10-27 11:33:44,0,62,416,443
2023-10-27 11:33:44,0,100,416,443
2023-10-27 11:33:44,54,100,416,443
2023-10-27 11:33:44,56,100,416,443
2023-10-27 11:33:44,56,65,416,443
2023-10-27 11:33:44,56,63,416,443
2023-10-27 11:34:24,56,100,416,443
2023-10-27 11:34:24,0,100,416,443
2023-10-27 11:34:24,51,100,416,443
2023-10-27 11:34:24,56,100,416,443
2023-10-27 11:34:24,56,64,416,443
2023-10-27 11:34:24,56,62,416,443
2023-10-27 11:35:24,54,62,416,443
2023-10-27 11:35:25,52,100,416,443
2023-10-27 11:35:25,55,100,416,443
2023-10-27 11:35:25,55,66,416,443
2023-10-27 11:35:25,55,63,416,443
2023-10-27 11:35:25,55,61,416,443
2023-10-27 11:36:00,0,61,416,443
2023-10-27 11:36:00,0,100,416,443
2023-10-27 11:36:00,55,100,416,443
2023-10-27 11:36:00,56,100,416,443
2023-10-27 11:36:00,56,63,416,443
2023-10-27 11:36:36,0,63,416,443
2023-10-27 11:36:36,0,100,416,443
2023-10-27 11:36:36,55,100,416,443
2023-10-27 11:36:36,56,100,416,443
2023-10-27 11:36:36,59,100,416,443
2023-10-27 11:36:36,59,67,416,443
2023-10-27 11:36:36,59,65,416,443
2023-10-27 11:36:52,0,65,416,443
2023-10-27 11:36:52,0,100,416,443
2023-10-27 11:36:52,60,100,416,443
2023-10-27 11:36:52,60,68,416,443
2023-10-27 11:36:52,60,66,416,443
2023-10-27 11:36:54,0,66,416,443
2023-10-27 11:36:54,0,100,416,443
2023-10-27 11:36:54,61,100,416,443
2023-10-27 11:36:54,61,69,416,443
2023-10-27 11:36:54,61,67,416,443
2023-10-27 11:37:23,0,67,416,443
2023-10-27 11:37:23,0,100,416,443
2023-10-27 11:37:23,61,100,416,443
2023-10-27 11:37:23,63,100,416,443
2023-10-27 11:37:23,63,72,416,443
2023-10-27 11:37:23,63,69,416,443
2023-10-27 11:37:25,0,69,416,443
2023-10-27 11:37:25,0,100,416,443
2023-10-27 11:37:25,64,100,416,443
2023-10-27 11:37:25,64,72,416,443
2023-10-27 11:37:25,64,70,416,443
2023-10-27 11:37:40,64,100,416,443
2023-10-27 11:37:40,0,100,416,443
2023-10-27 11:37:40,61,100,416,443
2023-10-27 11:37:40,63,100,416,443
2023-10-27 11:37:40,63,73,416,443
2023-10-27 11:37:40,63,69,416,443
2023-10-27 11:38:29,63,100,416,443
2023-10-27 11:38:29,0,100,416,443
2023-10-27 11:38:29,62,100,416,443
2023-10-27 11:38:29,62,72,416,443
2023-10-27 11:38:29,62,69,416,443
2023-10-27 11:38:29,62,67,416,443
2023-10-27 11:38:53,62,100,416,443
2023-10-27 11:38:53,0,100,416,443
2023-10-27 11:38:53,57,100,416,443
2023-10-27 11:38:53,60,100,416,443
2023-10-27 11:38:53,60,66,416,443
2023-10-27 11:39:48,60,100,416,443
2023-10-27 11:39:48,0,100,416,443
2023-10-27 11:39:48,56,100,416,443
2023-10-27 11:39:48,59,100,416,443
2023-10-27 11:39:48,59,65,416,443
2023-10-27 11:39:57,56,65,529,556
2023-10-27 11:40:09,0,65,529,556
2023-10-27 11:40:09,0,100,529,556
2023-10-27 11:40:09,60,100,529,556
2023-10-27 11:40:09,60,66,529,556
2023-10-27 11:41:06,60,100,529,556
2023-10-27 11:41:06,0,100,529,556
2023-10-27 11:41:06,54,100,529,556
2023-10-27 11:41:06,59,100,529,556
2023-10-27 11:41:06,59,66,529,556
2023-10-27 11:41:06,59,64,529,556
2023-10-27 11:41:50,0,64,529,556
2023-10-27 11:41:50,0,100,529,556
2023-10-27 11:41:50,60,100,529,556
2023-10-27 11:41:50,60,68,529,556
2023-10-27 11:41:50,60,66,529,556
2023-10-27 11:42:10,60,100,529,556
2023-10-27 11:42:10,0,100,529,556
2023-10-27 11:42:10,57,100,529,556
2023-10-27 11:42:10,57,64,529,556
2023-10-27 11:42:24,57,100,529,556
2023-10-27 11:42:24,0,100,529,556
2023-10-27 11:42:24,52,100,529,556
2023-10-27 11:42:24,55,100,529,556
2023-10-27 11:42:24,56,100,529,556
2023-10-27 11:42:24,56,67,529,556
2023-10-27 11:42:24,56,65,529,556
2023-10-27 11:42:24,56,63,529,556
2023-10-27 11:43:24,0,63,529,556
2023-10-27 11:43:25,55,100,529,556
2023-10-27 11:43:25,56,100,529,556
2023-10-27 11:43:25,56,67,529,556
2023-10-27 11:43:25,56,63,529,556
2023-10-27 11:44:25,56,100,529,556
2023-10-27 11:44:26,56,100,529,556
2023-10-27 11:44:26,56,62,529,556
2023-10-27 11:45:05,56,100,529,556
2023-10-27 11:45:05,0,100,529,556
2023-10-27 11:45:05,52,100,529,556
2023-10-27 11:45:05,55,100,529,556
2023-10-27 11:45:05,55,61,529,556
2023-10-27 11:45:08,55,100,529,556
2023-10-27 11:45:08,0,100,529,556
2023-10-27 11:45:08,54,100,529,556
2023-10-27 11:45:08,54,60,529,556
2023-10-27 11:45:09,54,100,529,556
2023-10-27 11:45:09,0,100,529,556
2023-10-27 11:45:09,47,100,529,556
2023-10-27 11:45:09,49,100,529,556
2023-10-27 11:45:09,52,100,529,556
2023-10-27 11:45:09,52,58,529,556
2023-10-27 11:45:23,52,100,529,556
2023-10-27 11:45:23,0,100,529,556
2023-10-27 11:45:23,45,100,529,556
2023-10-27 11:45:23,50,100,529,556
2023-10-27 11:45:23,50,61,529,556
2023-10-27 11:45:23,50,58,529,556
2023-10-27 11:45:23,50,56,529,556
2023-10-27 11:46:10,0,56,529,556
2023-10-27 11:46:10,0,100,529,556
2023-10-27 11:46:10,52,100,529,556
2023-10-27 11:46:10,52,58,529,556
2023-10-27 11:46:27,52,100,529,556
2023-10-27 11:46:27,0,100,529,556
2023-10-27 11:46:27,51,100,529,556
2023-10-27 11:46:27,51,58,529,556
2023-10-27 11:46:27,51,56,529,556
2023-10-27 11:47:18,0,56,529,556
2023-10-27 11:47:18,0,100,529,556
2023-10-27 11:47:18,50,100,529,556
2023-10-27 11:47:18,52,100,529,556
2023-10-27 11:47:18,52,58,529,556
2023-10-27 11:47:21,0,58,529,556
2023-10-27 11:47:21,0,100,529,556
2023-10-27 11:47:21,51,100,529,556
2023-10-27 11:47:21,54,100,529,556
2023-10-27 11:47:21,54,62,529,556
2023-10-27 11:47:21,54,60,529,556
2023-10-27 11:47:46,0,60,529,556
2023-10-27 11:47:46,0,100,529,556
2023-10-27 11:47:46,52,100,529,556
2023-10-27 11:47:46,55,100,529,556
2023-10-27 11:47:46,55,65,529,556
2023-10-27 11:47:46,55,61,529,556
2023-10-27 11:47:58,0,61,529,556
2023-10-27 11:47:58,0,100,529,556
2023-10-27 11:47:58,55,100,529,556
2023-10-27 11:47:58,56,100,529,556
2023-10-27 11:47:58,56,64,529,556
2023-10-27 11:47:58,56,62,529,556
2023-10-27 11:48:58,0,62,529,556
2023-10-27 11:48:59,54,100,529,556
2023-10-27 11:48:59,56,100,529,556
2023-10-27 11:48:59,56,64,529,556
2023-10-27 11:48:59,56,62,529,556
2023-10-27 11:49:15,56,100,529,556
2023-10-27 11:49:15,0,100,529,556
2023-10-27 11:49:15,49,100,529,556
2023-10-27 11:49:15,52,100,529,556
2023-10-27 11:49:15,54,100,529,556
2023-10-27 11:49:15,54,64,529,556
2023-10-27 11:49:15,54,62,529,556
2023-10-27 11:49:15,54,60,529,556
2023-10-27 11:49:51,0,60,529,556
2023-10-27 11:49:51,0,100,529,556
2023-10-27 11:49:51,50,100,529,556
2023-10-27 11:49:51,52,100,529,556
2023-10-27 11:49:51,55,100,529,556
2023-10-27 11:49:51,55,65,529,556
2023-10-27 11:49:51,55,61,529,556
2023-10-27 11:50:12,55,100,529,556
2023-10-27 11:50:12,56,100,529,556
2023-10-27 11:50:12,56,62,529,556
2023-10-27 11:51:09,55,62,529,556
2023-10-27 11:51:09,55,100,529,556
2023-10-27 11:51:09,57,100,529,556
2023-10-27 11:51:09,57,68,529,556
2023-10-27 11:51:09,57,64,529,556
2023-10-27 11:51:41,57,100,529,556
2023-10-27 11:51:41,55,100,529,556
2023-10-27 11:51:41,56,100,529,556
2023-10-27 11:51:41,56,66,529,556
2023-10-27 11:51:41,56,64,529,556
2023-10-27 11:51:41,56,62,529,556
2023-10-27 11:51:54,56,100,529,556
2023-10-27 11:51:54,55,100,529,556
2023-10-27 11:51:54,55,61,529,556
2023-10-27 11:52:21,55,100,529,556
2023-10-27 11:52:21,56,100,529,556
2023-10-27 11:52:21,56,63,529,556
2023-10-27 11:53:13,56,100,529,556
2023-10-27 11:53:13,55,100,529,556
2023-10-27 11:53:13,55,65,529,556
2023-10-27 11:53:13,55,61,529,556
2023-10-27 11:53:36,55,100,529,556
2023-10-27 11:53:36,56,100,529,556
2023-10-27 11:53:36,56,62,529,556
2023-10-27 11:54:30,56,100,529,556
2023-10-27 11:54:30,55,100,529,556
2023-10-27 11:54:30,55,61,529,556
2023-10-27 11:55:02,55,100,529,556
2023-10-27 11:55:02,55,65,529,556
2023-10-27 11:55:02,55,60,529,556
2023-10-27 11:55:26,55,100,529,556
2023-10-27 11:55:26,56,100,529,556
2023-10-27 11:55:26,56,62,529,556
2023-10-27 11:55:37,55,62,529,556
2023-10-27 11:55:37,55,100,529,556
2023-10-27 11:55:37,56,100,529,556
2023-10-27 11:55:37,56,65,529,556
2023-10-27 11:55:37,56,63,529,556
2023-10-27 11:56:18,56,100,529,556
2023-10-27 11:56:18,55,100,529,556
2023-10-27 11:56:18,56,100,529,556
2023-10-27 11:56:18,56,64,529,556
2023-10-27 11:56:18,56,62,529,556
2023-10-27 11:56:36,55,62,529,556
2023-10-27 11:56:36,55,100,529,556
2023-10-27 11:56:36,56,100,529,556
2023-10-27 11:56:36,56,63,529,556
2023-10-27 11:57:36,56,65,529,556
2023-10-27 11:57:37,57,100,529,556
2023-10-27 11:57:37,57,65,529,556
2023-10-27 11:57:37,57,63,529,556
2023-10-27 11:58:14,57,100,529,556
2023-10-27 11:58:14,55,100,529,556
2023-10-27 11:58:14,56,100,529,556
2023-10-27 11:58:14,56,64,529,556
2023-10-27 11:58:14,56,62,529,556
2023-10-27 11:58:49,56,100,529,556
2023-10-27 11:58:49,55,100,529,556
2023-10-27 11:58:49,55,63,529,556
2023-10-27 11:58:49,55,61,529,556
2023-10-27 11:59:10,55,100,529,556
2023-10-27 11:59:10,56,100,529,556
2023-10-27 11:59:10,56,64,529,556
2023-10-27 11:59:10,56,62,529,556
2023-10-27 11:59:56,55,62,529,556
2023-10-27 11:59:56,55,100,529,556
2023-10-27 11:59:56,57,100,529,556
2023-10-27 11:59:56,57,68,529,556
2023-10-27 11:59:56,57,66,529,556
2023-10-27 11:59:56,57,64,529,556
2023-10-27 12:00:25,55,64,529,556
2023-10-27 12:00:25,55,100,529,556
2023-10-27 12:00:25,59,100,529,556
2023-10-27 12:00:25,59,69,529,556
2023-10-27 12:00:25,59,65,529,556
2023-10-27 12:00:41,59,100,529,556
2023-10-27 12:00:41,55,100,529,556
2023-10-27 12:00:41,56,100,529,556
2023-10-27 12:00:41,56,63,529,556
2023-10-27 12:01:40,55,63,529,556
2023-10-27 12:01:40,55,100,529,556
2023-10-27 12:01:40,56,100,529,556
2023-10-27 12:01:40,59,100,529,556
2023-10-27 12:01:40,59,66,529,556
2023-10-27 12:01:40,59,64,529,556
2023-10-27 12:01:54,59,66,529,581
2023-10-27 12:02:00,55,66,529,581
2023-10-27 12:02:00,55,100,529,581
2023-10-27 12:02:00,57,100,529,581
2023-10-27 12:02:00,60,100,529,581
2023-10-27 12:02:00,60,70,529,581
2023-10-27 12:02:00,60,66,529,581
2023-10-27 12:02:27,60,100,529,581
2023-10-27 12:02:27,55,100,529,581
2023-10-27 12:02:27,57,100,529,581
2023-10-27 12:02:27,57,64,529,581
2023-10-27 12:02:37,57,100,529,581
2023-10-27 12:02:37,55,100,529,581
2023-10-27 12:02:37,56,100,529,581
2023-10-27 12:02:37,56,63,529,581
2023-10-27 12:02:45,56,100,529,581
2023-10-27 12:02:45,55,100,529,581
2023-10-27 12:02:45,55,61,529,581
2023-10-27 12:03:45,55,63,529,581
2023-10-27 12:03:46,55,63,529,581
2023-10-27 12:03:46,55,61,529,581
2023-10-27 12:04:05,55,100,529,581
2023-10-27 12:04:05,55,60,529,581
2023-10-27 12:04:22,55,100,529,581
2023-10-27 12:04:22,55,64,529,581
2023-10-27 12:04:22,55,60,529,581
2023-10-27 12:04:53,55,100,529,581
2023-10-27 12:04:53,55,59,529,581
2023-10-27 12:05:33,55,100,529,581
2023-10-27 12:05:33,55,62,529,581
2023-10-27 12:05:33,55,60,529,581
2023-10-27 12:05:44,55,100,529,581
2023-10-27 12:05:44,56,100,529,581
2023-10-27 12:05:44,56,66,529,581
2023-10-27 12:05:44,56,62,529,581
2023-10-27 12:05:51,55,62,529,581
2023-10-27 12:05:51,55,100,529,581
2023-10-27 12:05:51,56,100,529,581
2023-10-27 12:05:51,56,65,529,581
2023-10-27 12:05:51,56,63,529,581
2023-10-27 12:05:58,55,63,529,581
2023-10-27 12:05:58,55,100,529,581
2023-10-27 12:05:58,56,100,529,581
2023-10-27 12:05:58,59,100,529,581
2023-10-27 12:05:58,59,65,529,581
2023-10-27 12:06:47,59,100,529,581
2023-10-27 12:06:47,55,100,529,581
2023-10-27 12:06:47,56,100,529,581
2023-10-27 12:06:47,56,67,529,581
2023-10-27 12:06:47,56,63,529,581
2023-10-27 12:06:51,56,100,529,581
2023-10-27 12:06:51,55,100,529,581
2023-10-27 12:06:51,55,65,529,581
2023-10-27 12:06:51,55,63,529,581
2023-10-27 12:06:51,55,61,529,581
2023-10-27 12:06:56,55,100,529,581
2023-10-27 12:06:56,55,62,529,581
2023-10-27 12:06:56,55,60,529,581
2023-10-27 12:07:11,55,100,529,581
2023-10-27 12:07:11,55,61,529,581
2023-10-27 12:07:26,55,100,529,581
2023-10-27 12:07:26,56,100,529,581
2023-10-27 12:07:26,56,64,529,581
2023-10-27 12:07:26,56,62,529,581
2023-10-27 12:07:47,56,64,529,631
2023-10-27 12:07:47,55,64,529,631
2023-10-27 12:07:47,55,100,529,631
2023-10-27 12:07:47,56,100,529,631
2023-10-27 12:07:47,57,100,529,631
2023-10-27 12:07:47,57,68,529,631
2023-10-27 12:07:47,57,66,529,631
2023-10-27 12:07:47,57,64,529,631
2023-10-27 12:08:47,57,66,529,631
2023-10-27 12:08:48,56,100,529,631
2023-10-27 12:08:48,56,63,529,631
2023-10-27 12:09:48,55,63,529,631
2023-10-27 12:09:49,56,100,529,631
2023-10-27 12:09:49,57,100,529,631
2023-10-27 12:09:49,57,68,529,631
2023-10-27 12:09:49,57,66,529,631
2023-10-27 12:09:49,57,64,529,631
2023-10-27 12:09:56,55,64,529,631
2023-10-27 12:09:56,55,100,529,631
2023-10-27 12:09:56,59,100,529,631
2023-10-27 12:09:56,59,69,529,631
2023-10-27 12:09:56,59,65,529,631
2023-10-27 12:10:30,59,100,529,631
2023-10-27 12:10:30,55,100,529,631
2023-10-27 12:10:30,57,100,529,631
2023-10-27 12:10:30,57,64,529,631
2023-10-27 12:10:47,57,100,529,631
2023-10-27 12:10:47,55,100,529,631
2023-10-27 12:10:47,56,100,529,631
2023-10-27 12:10:47,56,64,529,631
2023-10-27 12:10:47,56,62,529,631
2023-10-27 12:11:44,55,62,529,631
2023-10-27 12:11:44,55,100,529,631
2023-10-27 12:11:44,56,100,529,631
2023-10-27 12:11:44,57,100,529,631
2023-10-27 12:11:44,57,64,529,631
2023-10-27 12:12:37,57,100,529,631
2023-10-27 12:12:37,55,100,529,631
2023-10-27 12:12:37,56,100,529,631
2023-10-27 12:12:37,56,66,529,631
2023-10-27 12:12:37,56,64,529,631
2023-10-27 12:12:37,56,62,529,631
2023-10-27 12:12:44,56,100,529,631
2023-10-27 12:12:44,55,100,529,631
2023-10-27 12:12:44,55,61,529,631
2023-10-27 12:13:04,55,100,529,631
2023-10-27 12:13:04,56,100,529,631
2023-10-27 12:13:04,56,63,529,631
2023-10-27 12:13:12,56,100,529,631
2023-10-27 12:13:12,55,100,529,631
2023-10-27 12:13:12,55,63,529,631
2023-10-27 12:13:12,55,61,529,631
2023-10-27 12:13:30,55,100,529,631
2023-10-27 12:13:30,55,60,529,631
2023-10-27 12:14:23,55,100,529,631
2023-10-27 12:14:23,55,64,529,631
2023-10-27 12:14:23,55,62,529,631
2023-10-27 12:14:23,55,60,529,631
2023-10-27 12:14:54,55,100,529,631
2023-10-27 12:14:54,55,58,529,631
2023-10-27 12:14:54,55,56,529,631
2023-10-27 12:15:00,50,56,529,632
2023-10-27 12:15:19,53,56,529,632
2023-10-27 12:15:37,53,100,529,632
2023-10-27 12:15:37,53,57,529,632
2023-10-27 12:15:47,53,100,529,632
2023-10-27 12:15:47,53,63,529,632
2023-10-27 12:15:47,53,59,529,632
2023-10-27 12:16:02,53,100,529,632
2023-10-27 12:16:02,53,62,529,632
2023-10-27 12:16:02,53,57,529,632
2023-10-27 12:17:02,53,59,529,632
2023-10-27 12:17:03,53,61,529,632
2023-10-27 12:17:03,53,58,529,632
2023-10-27 12:18:01,53,100,529,632
2023-10-27 12:19:26,55,100,529,632
2023-10-27 12:19:26,55,61,529,632
2023-10-27 12:19:59,53,61,529,632
2023-10-27 12:19:59,53,100,529,632
2023-10-27 12:19:59,54,100,529,632
2023-10-27 12:19:59,56,100,529,632
2023-10-27 12:19:59,56,66,529,632
2023-10-27 12:19:59,56,64,529,632
2023-10-27 12:19:59,56,62,529,632
2023-10-27 12:20:40,56,100,529,632
2023-10-27 12:20:40,53,100,529,632
2023-10-27 12:20:40,55,100,529,632
2023-10-27 12:20:40,55,63,529,632
2023-10-27 12:20:40,55,61,529,632
2023-10-27 12:21:28,55,100,529,632
2023-10-27 12:21:28,53,100,529,632
2023-10-27 12:21:28,53,64,529,632
2023-10-27 12:21:28,53,61,529,632
2023-10-27 12:21:28,53,59,529,632
2023-10-27 12:21:59,53,100,529,632
2023-10-27 12:21:59,53,59,529,632
2023-10-27 12:22:34,53,100,529,632
2023-10-27 12:22:34,53,56,529,632
2023-10-27 12:23:30,53,100,529,632
2023-10-27 12:23:30,53,62,529,632
2023-10-27 12:23:30,53,57,529,632
2023-10-27 12:23:51,53,100,529,632
2023-10-27 12:23:51,53,55,529,632
2023-10-27 12:24:22,51,55,529,633
2023-10-27 12:24:22,51,100,529,633
2023-10-27 12:24:22,51,56,529,633
2023-10-27 12:24:22,51,54,529,633
2023-10-27 12:25:16,51,52,529,633
2023-10-27 12:25:19,51,54,529,635
2023-10-27 12:25:22,51,100,529,635
2023-10-27 12:25:23,51,55,529,635
2023-10-27 12:25:49,51,100,529,635
2023-10-27 12:25:49,51,57,529,635
2023-10-27 12:25:49,51,54,529,635
2023-10-27 12:25:54,53,54,529,635
2023-10-27 12:25:57,51,54,529,636
2023-10-27 12:25:59,49,54,529,637
2023-10-27 12:26:21,49,100,529,637
2023-10-27 12:26:21,49,57,529,637
2023-10-27 12:26:21,49,54,529,637
2023-10-27 12:26:21,49,52,529,637
2023-10-27 12:26:35,49,100,529,637
2023-10-27 12:26:35,49,54,529,637
2023-10-27 12:26:35,49,51,529,637
2023-10-27 12:26:37,47,51,529,638
2023-10-27 12:26:37,47,100,529,638
2023-10-27 12:26:37,47,52,529,638
2023-10-27 12:26:37,47,49,529,638
2023-10-27 12:26:39,45,49,529,639
2023-10-27 12:27:15,45,100,529,639
2023-10-27 12:27:15,45,49,529,639
2023-10-27 12:27:15,41,49,529,641
2023-10-27 12:27:26,41,100,529,641
2023-10-27 12:27:26,41,50,529,641
2023-10-27 12:27:26,41,47,529,641
2023-10-27 12:27:26,41,45,529,641
2023-10-27 12:27:28,41,100,529,641
2023-10-27 12:27:28,41,47,529,641
2023-10-27 12:27:28,41,44,529,641
2023-10-27 12:27:58,41,100,529,641
2023-10-27 12:27:58,41,47,529,641
2023-10-27 12:27:58,41,45,529,641
2023-10-27 12:28:13,43,45,529,641
2023-10-27 12:28:13,41,45,529,643
2023-10-27 12:28:23,41,100,529,643
2023-10-27 12:28:23,41,50,529,643
2023-10-27 12:28:23,41,47,529,643
2023-10-27 12:28:51,41,100,529,643
2023-10-27 12:28:51,42,100,529,643
2023-10-27 12:28:51,42,53,529,643
2023-10-27 12:28:51,42,50,529,643
2023-10-27 12:28:51,42,48,529,643
2023-10-27 12:29:15,44,48,529,643
2023-10-27 12:29:16,44,100,529,643
2023-10-27 12:29:16,44,49,529,643
2023-10-27 12:29:26,44,100,529,643
2023-10-27 12:29:26,45,100,529,643
2023-10-27 12:29:26,45,54,529,643
2023-10-27 12:29:26,45,51,529,643
2023-10-27 12:30:01,46,51,529,643
2023-10-27 12:30:26,46,54,529,643
2023-10-27 12:30:27,46,53,529,643
2023-10-27 12:30:27,46,51,529,643
2023-10-27 12:30:59,46,100,529,643
2023-10-27 12:30:59,46,55,529,643
2023-10-27 12:30:59,46,50,529,643
2023-10-27 12:31:42,46,100,529,643
2023-10-27 12:31:42,46,51,529,643
2023-10-27 12:32:02,46,100,529,643
2023-10-27 12:32:02,46,50,529,643
2023-10-27 12:32:28,46,100,529,643
2023-10-27 12:32:28,46,56,529,643
2023-10-27 12:32:28,46,53,529,643
2023-10-27 12:32:28,46,51,529,643
2023-10-27 12:32:36,46,100,529,643
2023-10-27 12:32:36,46,54,529,643
2023-10-27 12:32:36,46,49,529,643
2023-10-27 12:32:51,46,100,529,643
2023-10-27 12:32:51,46,48,529,643
2023-10-27 12:33:20,46,100,529,643
2023-10-27 12:33:20,46,54,529,643
2023-10-27 12:33:20,46,51,529,643
2023-10-27 12:33:20,46,49,529,643
2023-10-27 12:33:42,46,100,529,643
2023-10-27 12:33:42,46,50,529,643
2023-10-27 12:33:42,46,48,529,643
2023-10-27 12:33:43,44,48,529,644
2023-10-27 12:33:48,42,48,529,646
2023-10-27 12:33:50,42,100,529,646
2023-10-27 12:33:50,41,100,529,646
2023-10-27 12:33:50,41,47,529,646
2023-10-27 12:34:04,42,47,529,646
2023-10-27 12:34:26,42,100,529,646
2023-10-27 12:34:26,42,48,529,646
2023-10-27 12:34:42,42,100,529,646
2023-10-27 12:34:42,43,100,529,646
2023-10-27 12:34:42,43,51,529,646
2023-10-27 12:34:42,43,49,529,646
2023-10-27 12:34:55,42,49,529,646
2023-10-27 12:34:55,42,100,529,646
2023-10-27 12:34:55,45,100,529,646
2023-10-27 12:34:55,45,51,529,646
2023-10-27 12:35:55,45,56,529,646
2023-10-27 12:35:56,44,100,529,646
2023-10-27 12:35:56,44,52,529,646
2023-10-27 12:35:56,44,50,529,646
2023-10-27 12:36:41,42,50,529,646
2023-10-27 12:36:41,42,100,529,646
2023-10-27 12:36:41,46,100,529,646
2023-10-27 12:36:41,46,57,529,646
2023-10-27 12:36:41,46,54,529,646
2023-10-27 12:36:41,46,52,529,646
2023-10-27 12:36:57,42,52,529,646
2023-10-27 12:36:57,42,100,529,646
2023-10-27 12:36:57,45,100,529,646
2023-10-27 12:36:57,47,100,529,646
2023-10-27 12:36:57,47,53,529,646
2023-10-27 12:37:04,51,53,529,646
2023-10-27 12:37:06,51,100,529,646
2023-10-27 12:37:06,51,57,529,646
2023-10-27 12:37:06,51,54,529,646
2023-10-27 12:37:26,51,100,529,646
2023-10-27 12:37:26,51,61,529,646
2023-10-27 12:37:26,51,58,529,646
2023-10-27 12:37:26,51,56,529,646
2023-10-27 12:37:31,54,56,529,646
2023-10-27 12:37:39,54,100,529,646
2023-10-27 12:37:39,54,57,529,646
2023-10-27 12:38:28,51,57,529,648
2023-10-27 12:38:28,51,100,529,648
2023-10-27 12:38:28,51,55,529,648
2023-10-27 12:39:15,51,100,529,648
2023-10-27 12:39:15,51,61,529,648
2023-10-27 12:39:15,51,59,529,648
2023-10-27 12:39:15,51,57,529,648
2023-10-27 12:40:15,51,100,529,648
2023-10-27 12:40:16,51,59,529,648
2023-10-27 12:40:16,51,57,529,648
2023-10-27 12:40:35,51,100,529,648
2023-10-27 12:40:35,51,60,529,648
2023-10-27 12:40:35,51,58,529,648
2023-10-27 12:40:35,51,55,529,648
2023-10-27 12:40:56,51,100,529,648
2023-10-27 12:40:56,51,58,529,648
2023-10-27 12:40:56,51,55,529,648
2023-10-27 12:40:56,48,55,529,650
2023-10-27 12:41:09,48,100,529,650
2023-10-27 12:41:09,49,100,529,650
2023-10-27 12:41:09,49,57,529,650
2023-10-27 12:41:09,49,55,529,650
2023-10-27 12:42:09,48,55,529,650
2023-10-27 12:42:10,48,57,529,650
2023-10-27 12:42:10,48,54,529,650
2023-10-27 12:42:26,48,100,529,650
2023-10-27 12:42:26,49,100,529,650
2023-10-27 12:42:26,49,60,529,650
2023-10-27 12:42:26,49,57,529,650
2023-10-27 12:42:26,49,55,529,650
2023-10-27 12:43:07,49,100,529,650
2023-10-27 12:43:07,48,100,529,650
2023-10-27 12:43:07,48,54,529,650
2023-10-27 12:43:16,48,100,529,650
2023-10-27 12:43:16,48,54,529,650
2023-10-27 12:43:16,48,52,529,650
2023-10-27 12:43:40,48,100,529,650
2023-10-27 12:43:40,48,51,529,650
2023-10-27 12:44:00,48,100,529,650
2023-10-27 12:44:00,48,57,529,650
2023-10-27 12:44:00,48,54,529,650
2023-10-27 12:44:00,48,52,529,650
2023-10-27 12:44:16,48,100,529,650
2023-10-27 12:44:16,48,51,529,650
2023-10-27 12:45:16,48,54,529,650
2023-10-27 12:45:17,48,50,529,650
2023-10-27 12:45:29,44,50,529,651
2023-10-27 12:45:34,45,50,529,651
2023-10-27 12:45:44,45,100,529,651
2023-10-27 12:45:44,45,50,529,651
2023-10-27 12:45:44,45,48,529,651
2023-10-27 12:45:56,45,100,529,651
2023-10-27 12:45:56,45,55,529,651
2023-10-27 12:45:56,45,50,529,651
2023-10-27 12:46:23,45,100,529,651
2023-10-27 12:46:23,45,48,529,651
2023-10-27 12:47:20,43,48,529,652
2023-10-27 12:47:23,43,53,529,652
2023-10-27 12:47:24,43,49,529,652
2023-10-27 12:47:24,43,47,529,652
2023-10-27 12:47:37,43,100,529,652
2023-10-27 12:47:37,43,48,529,652
2023-10-27 12:48:11,43,100,529,652
2023-10-27 12:48:11,43,51,529,652
2023-10-27 12:48:11,43,49,529,652
2023-10-27 12:48:11,43,46,529,652
2023-10-27 12:49:11,43,49,529,652
2023-10-27 12:49:12,43,51,529,652
2023-10-27 12:49:12,43,48,529,652
2023-10-27 12:49:12,43,46,529,652
2023-10-27 12:49:54,43,100,529,652
2023-10-27 12:49:54,43,45,529,652
2023-10-27 12:49:55,42,45,529,653
2023-10-27 12:50:34,41,45,529,655
2023-10-27 12:50:43,40,45,529,660
2023-10-27 12:50:44,40,100,529,660
2023-10-27 12:50:44,40,48,529,660
2023-10-27 12:50:44,40,46,529,660
2023-10-27 12:50:44,40,44,529,660
2023-10-27 12:50:47,37,44,529,662
2023-10-27 12:50:50,37,100,529,662
2023-10-27 12:50:50,36,100,529,662
2023-10-27 12:50:50,36,43,529,662
2023-10-27 12:50:56,36,100,529,662
2023-10-27 12:50:56,0,100,529,715
2023-10-27 12:50:56,27,100,529,715
2023-10-27 12:50:56,28,100,529,715
2023-10-27 12:50:56,31,100,529,715
2023-10-27 12:50:56,31,46,529,715
2023-10-27 12:50:56,31,41,529,715
2023-10-27 12:51:05,35,41,529,715
2023-10-27 12:51:19,35,100,529,715
2023-10-27 12:51:19,35,44,529,715
2023-10-27 12:51:19,35,41,529,715
2023-10-27 12:51:28,35,100,529,715
2023-10-27 12:51:28,37,100,529,715
2023-10-27 12:51:28,37,47,529,715
2023-10-27 12:51:28,37,44,529,715
2023-10-27 12:51:28,37,43,529,715
2023-10-27 12:51:37,37,100,529,715
2023-10-27 12:51:37,36,100,529,715
2023-10-27 12:51:37,36,46,529,715
2023-10-27 12:51:37,36,41,529,715
2023-10-27 12:52:27,36,100,529,715
2023-10-27 12:52:27,36,40,529,715
2023-10-27 12:52:50,36,100,529,715
2023-10-27 12:52:50,36,46,529,715
2023-10-27 12:52:50,36,44,529,715
2023-10-27 12:52:50,36,41,529,715
2023-10-27 12:53:50,36,44,529,715
2023-10-27 12:53:51,36,43,529,715
2023-10-27 12:54:51,36,45,529,715
2023-10-27 12:54:52,36,43,529,715
2023-10-27 12:55:22,36,100,529,715
2023-10-27 12:55:22,36,40,529,715
2023-10-27 12:55:52,36,100,529,715
2023-10-27 12:55:52,36,44,529,715
2023-10-27 12:55:52,36,39,529,715
2023-10-27 12:55:55,35,39,529,718
2023-10-27 12:56:52,35,41,529,718
2023-10-27 12:56:53,35,44,529,718
2023-10-27 12:56:53,35,39,529,718
2023-10-27 12:57:20,37,39,529,718
2023-10-27 12:57:21,35,39,529,719
2023-10-27 12:57:53,35,100,529,719
2023-10-27 12:57:53,35,41,529,719
2023-10-27 12:57:53,35,39,529,719
2023-10-27 12:58:53,35,41,529,719
2023-10-27 12:58:54,35,40,529,719
2023-10-27 12:59:04,35,100,529,719
2023-10-27 12:59:04,35,41,529,719
2023-10-27 12:59:04,35,39,529,719
2023-10-27 12:59:37,34,39,529,722
2023-10-27 12:59:40,34,100,529,722
2023-10-27 12:59:40,34,38,529,722
2023-10-27 13:00:39,34,100,529,722
2023-10-27 13:00:39,34,44,529,722
2023-10-27 13:00:39,34,41,529,722
2023-10-27 13:00:39,34,39,529,722
2023-10-27 13:00:50,34,100,529,722
2023-10-27 13:00:50,35,100,529,722
2023-10-27 13:00:50,35,41,529,722
2023-10-27 13:01:17,36,41,529,722
2023-10-27 13:01:25,36,100,529,722
2023-10-27 13:01:25,36,45,529,722
2023-10-27 13:01:25,36,43,529,722
2023-10-27 13:01:25,36,40,529,722
2023-10-27 13:01:42,36,100,529,722
2023-10-27 13:01:42,36,41,529,722
2023-10-27 13:02:08,37,41,529,722
2023-10-27 13:02:42,37,44,529,722
2023-10-27 13:02:43,37,43,529,722
2023-10-27 13:02:50,37,100,529,722
2023-10-27 13:02:50,37,40,529,722
2023-10-27 13:03:08,36,40,529,724
2023-10-27 13:03:15,36,100,529,724
2023-10-27 13:03:15,36,41,529,724
2023-10-27 13:03:15,36,39,529,724
2023-10-27 13:03:16,34,39,529,726
2023-10-27 13:03:21,34,100,529,726
2023-10-27 13:03:21,34,37,529,726
2023-10-27 13:04:21,34,39,529,726
2023-10-27 13:04:22,34,37,529,726
2023-10-27 13:04:22,32,37,529,729
2023-10-27 13:05:02,32,100,529,729
2023-10-27 13:05:02,32,35,529,729
2023-10-27 13:05:06,29,35,529,733
2023-10-27 13:05:16,29,100,529,733
2023-10-27 13:05:16,29,38,529,733
2023-10-27 13:05:16,29,34,529,733
2023-10-27 13:05:19,26,34,534,738
2023-10-27 13:05:24,26,100,534,738
2023-10-27 13:05:24,26,33,534,738
2023-10-27 13:05:24,26,31,534,738
2023-10-27 13:06:05,26,100,534,738
2023-10-27 13:06:05,26,33,534,738
2023-10-27 13:06:05,26,31,534,738
2023-10-27 13:06:05,26,29,534,738
2023-10-27 13:06:19,26,100,534,738
2023-10-27 13:06:19,26,32,534,738
2023-10-27 13:06:19,26,28,534,738
2023-10-27 13:06:19,22,28,540,744
2023-10-27 13:06:42,22,100,540,744
2023-10-27 13:06:42,0,100,540,744
2023-10-27 13:06:42,18,100,540,744
2023-10-27 13:06:42,19,100,540,744
2023-10-27 13:06:42,21,100,540,744
2023-10-27 13:06:42,21,27,540,744
2023-10-27 13:06:45,21,100,540,744
2023-10-27 13:06:45,0,100,540,744
2023-10-27 13:06:45,17,100,540,744
2023-10-27 13:06:45,19,100,540,744
2023-10-27 13:06:45,19,25,540,744
2023-10-27 13:07:41,19,100,540,744
2023-10-27 13:07:41,0,100,540,744
2023-10-27 13:07:41,15,100,540,744
2023-10-27 13:07:41,18,100,540,744
2023-10-27 13:07:41,18,28,540,744
2023-10-27 13:07:41,18,24,540,744
2023-10-27 13:08:14,0,24,540,744
2023-10-27 13:08:14,0,100,540,744
2023-10-27 13:08:14,16,100,540,744
2023-10-27 13:08:14,17,100,540,744
2023-10-27 13:08:14,19,100,540,744
2023-10-27 13:08:14,19,25,540,744
2023-10-27 13:08:26,0,25,540,744
2023-10-27 13:08:26,0,100,540,744
2023-10-27 13:08:26,21,100,540,744
2023-10-27 13:08:26,21,27,540,744
2023-10-27 13:09:26,21,29,540,744
2023-10-27 13:09:27,17,100,540,744
2023-10-27 13:09:27,18,100,540,744
2023-10-27 13:09:27,20,100,540,744
2023-10-27 13:09:27,20,28,540,744
2023-10-27 13:09:27,20,26,540,744
2023-10-27 13:10:23,0,26,540,744
2023-10-27 13:10:23,0,100,540,744
2023-10-27 13:10:23,22,100,540,744
2023-10-27 13:10:23,22,29,540,744
2023-10-27 13:10:23,22,27,540,744
2023-10-27 13:11:23,22,29,540,744
2023-10-27 13:11:23,21,100,540,744
2023-10-27 13:11:23,23,100,540,744
2023-10-27 13:11:23,23,33,540,744
2023-10-27 13:11:23,23,29,540,744
2023-10-27 13:11:59,23,100,540,744
2023-10-27 13:11:59,0,100,540,744
2023-10-27 13:11:59,22,100,540,744
2023-10-27 13:11:59,22,31,540,744
2023-10-27 13:11:59,22,29,540,744
2023-10-27 13:11:59,22,27,540,744
2023-10-27 13:12:15,22,100,540,744
2023-10-27 13:12:15,0,100,540,744
2023-10-27 13:12:15,17,100,540,744
2023-10-27 13:12:15,18,100,540,744
2023-10-27 13:12:15,20,100,540,744
2023-10-27 13:12:15,20,30,540,744
2023-10-27 13:12:15,20,28,540,744
2023-10-27 13:12:15,20,26,540,744
2023-10-27 13:12:34,20,100,540,744
2023-10-27 13:12:34,0,100,540,744
2023-10-27 13:12:34,16,100,540,744
2023-10-27 13:12:34,17,100,540,744
2023-10-27 13:12:34,19,100,540,744
2023-10-27 13:12:34,19,25,540,744
2023-10-27 13:12:56,19,100,540,744
2023-10-27 13:12:56,0,100,540,744
2023-10-27 13:12:56,18,100,540,744
2023-10-27 13:12:56,18,25,540,744
2023-10-27 13:12:56,18,23,540,744
2023-10-27 13:13:46,0,23,540,744
2023-10-27 13:13:46,0,100,540,744
2023-10-27 13:13:46,19,100,540,744
2023-10-27 13:13:46,19,27,540,744
2023-10-27 13:13:46,19,25,540,744
2023-10-27 13:14:11,19,100,540,744
2023-10-27 13:14:11,0,100,540,744
2023-10-27 13:14:11,18,100,540,744
2023-10-27 13:14:11,18,27,540,744
2023-10-27 13:14:11,18,23,540,744
2023-10-27 13:14:41,19,23,540,744
2023-10-27 13:15:11,19,25,540,744
2023-10-27 13:15:12,19,23,540,744
2023-10-27 13:15:52,19,100,540,744
2023-10-27 13:15:52,19,29,540,744
2023-10-27 13:15:52,19,27,540,744
2023-10-27 13:15:52,19,25,540,744
2023-10-27 13:16:51,19,100,540,744
2023-10-27 13:16:51,19,27,540,744
2023-10-27 13:16:51,19,23,540,744
2023-10-27 13:17:51,19,100,540,744
2023-10-27 13:17:52,19,24,540,744
2023-10-27 13:17:52,19,22,540,744
2023-10-27 13:18:21,19,100,540,744
2023-10-27 13:18:21,19,24,540,744
2023-10-27 13:18:21,19,21,540,744
2023-10-27 13:18:21,15,21,559,763
2023-10-27 13:18:25,15,100,559,763
2023-10-27 13:18:25,0,100,559,763
2023-10-27 13:18:25,14,100,559,763
2023-10-27 13:18:25,14,20,559,763
2023-10-27 13:18:37,0,20,559,763
2023-10-27 13:18:37,0,100,559,763
2023-10-27 13:18:37,15,100,559,763
2023-10-27 13:18:37,15,23,559,763
2023-10-27 13:18:37,15,21,559,763
2023-10-27 13:18:44,0,21,559,763
2023-10-27 13:18:44,0,100,559,763
2023-10-27 13:18:44,15,100,559,763
2023-10-27 13:18:44,17,100,559,763
2023-10-27 13:18:44,17,22,559,763
2023-10-27 13:18:56,0,22,559,763
2023-10-27 13:18:56,0,100,559,763
2023-10-27 13:18:56,15,100,559,763
2023-10-27 13:18:56,16,100,559,763
2023-10-27 13:18:56,18,100,559,763
2023-10-27 13:18:56,18,28,559,763
2023-10-27 13:18:56,18,26,559,763
2023-10-27 13:18:56,18,24,559,763
2023-10-27 13:19:11,18,100,559,763
2023-10-27 13:19:11,0,100,559,763
2023-10-27 13:19:11,14,100,559,763
2023-10-27 13:19:11,17,100,559,763
2023-10-27 13:19:11,17,25,559,763
2023-10-27 13:19:11,17,23,559,763
2023-10-27 13:20:11,17,27,559,763
2023-10-27 13:20:12,15,100,559,763
2023-10-27 13:20:12,17,100,559,763
2023-10-27 13:20:12,17,24,559,763
2023-10-27 13:20:12,17,22,559,763
2023-10-27 13:20:57,17,100,559,763
2023-10-27 13:20:57,0,100,559,763
2023-10-27 13:20:57,15,100,559,763
2023-10-27 13:20:57,15,23,559,763
2023-10-27 13:20:57,15,21,559,763
2023-10-27 13:21:49,0,21,559,763
2023-10-27 13:21:49,0,100,559,763
2023-10-27 13:21:49,13,100,559,763
2023-10-27 13:21:49,14,100,559,763
2023-10-27 13:21:49,16,100,559,763
2023-10-27 13:21:49,16,24,559,763
2023-10-27 13:21:49,16,22,559,763
2023-10-27 13:22:35,0,22,559,763
2023-10-27 13:22:35,0,100,559,763
2023-10-27 13:22:35,18,100,559,763
2023-10-27 13:22:35,18,25,559,763
2023-10-27 13:22:35,18,23,559,763
2023-10-27 13:22:44,22,23,559,763
2023-10-27 13:22:45,18,23,559,888
2023-10-27 13:23:35,16,23,559,888
2023-10-27 13:23:36,19,100,559,888
2023-10-27 13:23:36,19,28,559,888
2023-10-27 13:23:36,19,26,559,888
2023-10-27 13:23:36,19,24,559,888
2023-10-27 13:24:06,20,24,559,888
2023-10-27 13:24:36,20,26,559,888
2023-10-27 13:24:37,20,28,559,888
2023-10-27 13:24:37,20,26,559,888
2023-10-27 13:24:37,20,24,559,888
2023-10-27 13:25:10,21,24,559,888
2023-10-27 13:25:37,21,100,559,888
2023-10-27 13:25:37,21,26,559,888
2023-10-27 13:25:37,21,24,559,888
2023-10-27 13:26:11,21,100,559,888
2023-10-27 13:26:11,21,30,559,888
2023-10-27 13:26:11,21,26,559,888
2023-10-27 13:26:31,21,100,559,888
2023-10-27 13:26:31,21,31,559,888
2023-10-27 13:26:31,21,27,559,888
2023-10-27 13:26:56,21,100,559,888
2023-10-27 13:26:56,23,100,559,888
2023-10-27 13:26:56,23,29,559,888
2023-10-27 13:27:33,23,100,559,888
2023-10-27 13:27:33,21,100,559,888
2023-10-27 13:27:33,21,29,559,888
2023-10-27 13:27:33,21,27,559,888
2023-10-27 13:28:05,21,100,559,888
2023-10-27 13:28:05,21,26,559,888
2023-10-27 13:28:16,21,100,559,888
2023-10-27 13:28:16,21,28,559,888
2023-10-27 13:28:16,21,26,559,888
2023-10-27 13:28:55,21,100,559,888
2023-10-27 13:28:55,21,24,559,888
2023-10-27 13:28:55,21,22,559,888
2023-10-27 13:29:03,20,22,560,889
2023-10-27 13:29:05,18,22,562,891
2023-10-27 13:29:29,18,100,562,891
2023-10-27 13:29:29,18,25,562,891
2023-10-27 13:29:29,18,23,562,891
2023-10-27 13:30:24,18,100,562,891
2023-10-27 13:30:24,18,22,562,891
2023-10-27 13:30:50,18,100,562,891
2023-10-27 13:30:50,18,21,562,891
2023-10-27 13:30:54,15,21,565,894
2023-10-27 13:31:50,15,100,565,894
2023-10-27 13:31:51,15,100,565,894
2023-10-27 13:31:51,15,25,565,894
2023-10-27 13:31:51,15,23,565,894
2023-10-27 13:31:51,15,21,565,894
2023-10-27 13:32:51,15,23,565,894
2023-10-27 13:32:51,13,100,565,894
2023-10-27 13:32:51,16,100,565,894
2023-10-27 13:32:51,16,26,565,894
2023-10-27 13:32:51,16,22,565,894
2023-10-27 13:33:51,16,24,565,894
2023-10-27 13:33:52,16,22,565,894
2023-10-27 13:34:47,16,100,565,894
2023-10-27 13:34:47,17,100,565,894
2023-10-27 13:34:47,17,27,565,894
2023-10-27 13:34:47,17,23,565,894
2023-10-27 13:35:13,16,23,565,894
2023-10-27 13:35:13,16,100,565,894
2023-10-27 13:35:13,17,100,565,894
2023-10-27 13:35:13,19,100,565,894
2023-10-27 13:35:13,19,24,565,894
2023-10-27 13:35:43,16,24,565,894
2023-10-27 13:35:43,16,26,565,894
2023-10-27 13:35:43,16,100,565,894
2023-10-27 13:36:43,16,23,565,894
2023-10-27 13:36:43,16,21,565,894
2023-10-27 13:37:36,16,100,565,894
2023-10-27 13:37:36,16,22,565,894
2023-10-27 13:37:36,16,20,565,894
2023-10-27 13:38:36,16,22,565,894
2023-10-27 13:38:37,16,22,565,894
2023-10-27 13:38:37,16,20,565,894
2023-10-27 13:38:56,16,100,565,894
2023-10-27 13:38:56,16,21,565,894
2023-10-27 13:38:56,16,19,565,894
2023-10-27 13:39:17,16,100,565,894
2023-10-27 13:39:17,16,23,565,894
2023-10-27 13:39:17,16,20,565,894
2023-10-27 13:39:30,16,100,565,894
2023-10-27 13:39:30,16,22,565,894
2023-10-27 13:39:47,16,100,565,894
2023-10-27 13:39:47,16,21,565,894
2023-10-27 13:40:18,16,100,565,894
2023-10-27 13:40:18,16,22,565,894
2023-10-27 13:40:18,16,19,565,894
2023-10-27 13:40:24,16,100,565,894
2023-10-27 13:40:24,16,20,565,894
2023-10-27 13:40:24,16,18,565,894
2023-10-27 13:40:25,12,18,574,903
2023-10-27 13:41:11,0,18,574,903
2023-10-27 13:41:11,0,100,574,903
2023-10-27 13:41:11,10,100,574,903
2023-10-27 13:41:11,11,100,574,903
2023-10-27 13:41:11,13,100,574,903
2023-10-27 13:41:11,13,22,574,903
2023-10-27 13:41:11,13,19,574,903
2023-10-27 13:41:28,13,18,574,903
2023-10-27 13:41:54,8,18,574,903
2023-10-27 13:41:54,15,18,574,903
2023-10-27 13:42:14,8,18,574,903
2023-10-27 13:42:14,13,18,574,903
2023-10-27 13:42:14,14,18,574,903
2023-10-27 13:42:14,16,18,574,903
2023-10-27 13:42:15,16,22,574,931
2023-10-27 13:42:39,8,22,574,931
2023-10-27 13:42:39,8,100,574,931
2023-10-27 13:42:39,18,100,574,931
2023-10-27 13:42:39,18,23,574,931
2023-10-27 13:42:52,8,23,574,931
2023-10-27 13:42:52,8,100,574,931
2023-10-27 13:42:52,17,100,574,931
2023-10-27 13:42:52,19,100,574,931
2023-10-27 13:42:52,19,27,574,931
2023-10-27 13:42:52,19,25,574,931
2023-10-27 13:43:11,19,24,574,931
2023-10-27 13:43:22,8,24,574,931
2023-10-27 13:43:22,18,24,574,931
2023-10-27 13:43:22,20,24,574,931
2023-10-27 13:43:51,8,24,574,931
2023-10-27 13:43:51,17,24,574,931
2023-10-27 13:43:51,19,24,574,931
2023-10-27 13:44:01,8,24,574,931
2023-10-27 13:44:01,20,24,574,931
2023-10-27 13:44:48,20,24,577,934
2023-10-27 13:44:48,8,24,577,934
2023-10-27 13:44:48,15,24,577,934
2023-10-27 13:44:48,18,24,577,934
2023-10-27 13:45:06,8,24,577,934
2023-10-27 13:45:06,14,24,577,934
2023-10-27 13:45:06,17,24,577,934
2023-10-27 13:45:06,17,23,577,934
2023-10-27 13:45:48,17,24,577,934
2023-10-27 13:45:48,12,24,577,934
2023-10-27 13:45:48,13,24,577,934
2023-10-27 13:45:48,16,24,577,934
2023-10-27 13:45:48,16,22,577,934
2023-10-27 13:46:09,16,24,577,934
2023-10-27 13:46:09,0,24,577,934
2023-10-27 13:46:09,15,24,577,934
2023-10-27 13:46:09,15,22,577,934
2023-10-27 13:46:09,15,20,577,934
2023-10-27 13:46:43,9,20,577,934
2023-10-27 13:46:43,9,24,577,934
2023-10-27 13:46:43,14,24,577,934
2023-10-27 13:46:43,16,24,577,934
2023-10-27 13:46:43,16,22,577,934
2023-10-27 13:47:15,16,21,577,934
2023-10-27 13:47:22,9,21,577,934
2023-10-27 13:47:22,15,21,577,934
2023-10-27 13:47:22,17,21,577,934
2023-10-27 13:47:28,9,21,577,934
2023-10-27 13:47:28,16,21,577,934
2023-10-27 13:48:28,14,21,577,934
2023-10-27 13:48:29,15,21,577,934
2023-10-27 13:48:29,17,21,577,934
2023-10-27 13:49:15,9,21,577,934
2023-10-27 13:49:15,13,21,577,934
2023-10-27 13:49:15,15,21,577,934
2023-10-27 13:49:29,9,21,577,934
2023-10-27 13:49:29,12,21,577,934
2023-10-27 13:49:29,14,21,577,934
2023-10-27 13:49:29,14,20,577,934
2023-10-27 13:49:43,14,21,577,934
2023-10-27 13:49:43,9,21,577,934
2023-10-27 13:49:43,12,21,577,934
2023-10-27 13:49:43,13,21,577,934
2023-10-27 13:49:43,13,20,577,934
2023-10-27 13:49:43,13,18,577,934
2023-10-27 13:50:02,9,18,577,934
2023-10-27 13:50:02,9,21,577,934
2023-10-27 13:50:02,11,21,577,934
2023-10-27 13:50:02,14,21,577,934
2023-10-27 13:50:02,14,20,577,934
2023-10-27 13:50:04,9,20,577,934
2023-10-27 13:50:04,9,21,577,934
2023-10-27 13:50:04,11,21,577,934
2023-10-27 13:50:04,12,21,577,934
2023-10-27 13:50:04,14,21,577,934
2023-10-27 13:50:08,9,21,577,934
2023-10-27 13:50:08,18,21,577,934
2023-10-27 13:50:16,13,21,577,934
2023-10-27 13:50:16,15,21,577,934
2023-10-27 13:50:16,17,21,577,934
2023-10-27 13:51:15,17,22,577,934
2023-10-27 13:51:15,17,21,577,934
2023-10-27 13:51:16,12,21,577,934
2023-10-27 13:51:17,15,21,577,934
2023-10-27 13:51:17,17,21,577,934
2023-10-27 13:52:14,12,21,577,934
2023-10-27 13:52:14,13,21,577,934
2023-10-27 13:52:14,14,21,577,934
2023-10-27 13:52:14,16,21,577,934
2023-10-27 13:53:02,10,21,577,934
2023-10-27 13:53:02,11,21,577,934
2023-10-27 13:53:02,14,21,577,934
2023-10-27 13:53:02,14,20,577,934
2023-10-27 13:53:50,10,20,577,934
2023-10-27 13:53:50,10,21,577,934
2023-10-27 13:53:50,16,21,577,934
2023-10-27 13:54:01,10,21,577,934
2023-10-27 13:54:01,11,21,577,934
2023-10-27 13:54:01,14,21,577,934
2023-10-27 13:54:01,14,20,577,934
2023-10-27 13:54:29,14,21,577,934
2023-10-27 13:54:29,0,21,577,934
2023-10-27 13:54:29,10,21,577,934
2023-10-27 13:54:29,13,21,577,934
2023-10-27 13:54:29,13,19,577,934
2023-10-27 13:54:46,13,21,577,934
2023-10-27 13:54:46,8,21,577,934
2023-10-27 13:54:46,11,21,577,934
2023-10-27 13:54:46,12,21,577,934
2023-10-27 13:54:46,12,17,577,934
2023-10-27 13:55:15,12,16,577,934
2023-10-27 13:55:39,7,16,577,934
2023-10-27 13:55:39,8,16,577,934
2023-10-27 13:55:39,9,16,577,934
2023-10-27 13:55:39,10,16,577,934
2023-10-27 13:56:19,7,16,577,934
2023-10-27 13:56:19,11,16,577,934
2023-10-27 13:56:19,12,16,577,934
2023-10-27 13:57:19,11,16,577,934
2023-10-27 13:57:20,11,16,577,934
2023-10-27 13:57:20,12,16,577,934
2023-10-27 13:57:49,7,16,577,934
2023-10-27 13:57:49,9,16,577,934
2023-10-27 13:57:49,10,16,577,934
2023-10-27 13:57:49,11,16,577,934
2023-10-27 13:58:49,10,16,577,934
2023-10-27 13:58:50,11,16,577,934
2023-10-27 13:59:16,11,15,577,934
2023-10-27 13:59:19,11,18,401,1134
2023-10-27 13:59:31,7,18,401,1134
2023-10-27 13:59:31,7,100,401,1134
2023-10-27 13:59:31,12,100,401,1134
2023-10-27 13:59:31,12,21,401,1134
2023-10-27 13:59:31,12,18,401,1134
2023-10-27 13:59:39,7,18,401,1134
2023-10-27 13:59:39,7,100,401,1134
2023-10-27 13:59:39,13,100,401,1134
2023-10-27 13:59:39,13,19,401,1134
2023-10-27 13:59:55,13,100,401,1134
2023-10-27 13:59:55,7,100,401,1134
2023-10-27 13:59:55,10,100,401,1134
2023-10-27 13:59:55,11,100,401,1134
2023-10-27 13:59:55,12,100,401,1134
2023-10-27 13:59:55,12,19,401,1134
2023-10-27 13:59:55,12,17,401,1134
2023-10-27 13:59:56,14,17,401,1134
2023-10-27 14:00:55,14,20,401,1134
2023-10-27 14:00:56,14,20,401,1134
2023-10-27 14:00:56,14,18,401,1134
2023-10-27 14:01:56,14,100,401,1134
2023-10-27 14:01:57,14,21,401,1134
2023-10-27 14:01:57,14,20,401,1134
2023-10-27 14:01:57,14,18,401,1134
2023-10-27 14:02:08,12,18,408,1141
2023-10-27 14:02:11,12,100,408,1141
2023-10-27 14:02:11,0,100,408,1141
2023-10-27 14:02:11,11,100,408,1141
2023-10-27 14:02:11,11,20,408,1141
2023-10-27 14:02:11,11,19,408,1141
2023-10-27 14:02:11,11,17,408,1141
2023-10-27 14:02:58,11,100,408,1141
2023-10-27 14:02:58,8,100,408,1141
2023-10-27 14:02:58,9,100,408,1141
2023-10-27 14:02:58,10,100,408,1141
2023-10-27 14:02:58,10,18,408,1141
2023-10-27 14:02:58,10,17,408,1141
2023-10-27 14:02:58,10,15,408,1141
2023-10-27 14:03:51,8,15,408,1141
2023-10-27 14:03:51,8,100,408,1141
2023-10-27 14:03:51,9,100,408,1141
2023-10-27 14:03:51,11,100,408,1141
2023-10-27 14:03:51,11,17,408,1141
2023-10-27 14:04:11,11,100,408,1141
2023-10-27 14:04:11,8,100,408,1141
2023-10-27 14:04:11,10,100,408,1141
2023-10-27 14:04:11,10,15,408,1141
2023-10-27 14:05:11,9,15,408,1141
2023-10-27 14:05:12,9,100,408,1141
2023-10-27 14:05:12,10,100,408,1141
2023-10-27 14:05:12,10,15,408,1141
2023-10-27 14:05:50,10,100,408,1141
2023-10-27 14:05:50,8,100,408,1141
2023-10-27 14:05:50,8,14,408,1141
2023-10-27 14:06:08,8,100,408,1141
2023-10-27 14:06:08,8,16,408,1141
2023-10-27 14:06:08,8,13,408,1141
2023-10-27 14:06:37,8,100,408,1141
2023-10-27 14:06:37,8,12,408,1141
2023-10-27 14:06:37,8,11,408,1141
2023-10-27 14:07:21,8,100,408,1141
2023-10-27 14:07:21,8,13,408,1141
2023-10-27 14:07:46,8,100,408,1141
2023-10-27 14:07:46,9,100,408,1141
2023-10-27 14:07:46,9,15,408,1141
2023-10-27 14:07:46,9,14,408,1141
2023-10-27 14:08:46,8,14,408,1141
2023-10-27 14:08:47,9,100,408,1141
2023-10-27 14:08:47,10,100,408,1141
2023-10-27 14:08:47,10,17,408,1141
2023-10-27 14:08:47,10,15,408,1141
2023-10-27 14:09:47,9,15,408,1141
2023-10-27 14:09:48,9,100,408,1141
2023-10-27 14:09:48,9,17,408,1141
2023-10-27 14:09:48,9,15,408,1141
2023-10-27 14:09:56,9,15,408,1145
2023-10-27 14:10:48,9,17,408,1145
2023-10-27 14:10:48,9,100,408,1145
2023-10-27 14:10:48,9,17,408,1145
2023-10-27 14:10:48,9,15,408,1145
2023-10-27 14:11:27,8,15,408,1145
2023-10-27 14:11:27,8,100,408,1145
2023-10-27 14:11:27,10,100,408,1145
2023-10-27 14:11:27,10,18,408,1145
2023-10-27 14:11:27,10,16,408,1145
2023-10-27 14:12:27,9,16,408,1145
2023-10-27 14:12:28,11,100,408,1145
2023-10-27 14:12:28,11,19,408,1145
2023-10-27 14:12:28,11,17,408,1145
2023-10-27 14:12:46,11,100,408,1145
2023-10-27 14:12:46,8,100,408,1145
2023-10-27 14:12:46,9,100,408,1145
2023-10-27 14:12:46,10,100,408,1145
2023-10-27 14:12:46,10,19,408,1145
2023-10-27 14:12:46,10,16,408,1145
2023-10-27 14:13:43,8,16,408,1145
2023-10-27 14:13:43,8,100,408,1145
2023-10-27 14:13:43,10,100,408,1145
2023-10-27 14:13:43,11,100,408,1145
2023-10-27 14:13:43,11,17,408,1145
2023-10-27 14:14:43,11,19,408,1145
2023-10-27 14:14:44,10,100,408,1145
2023-10-27 14:14:44,10,18,408,1145
2023-10-27 14:14:44,10,16,408,1145
2023-10-27 14:15:28,8,16,408,1145
2023-10-27 14:15:28,8,100,408,1145
2023-10-27 14:15:28,12,100,408,1145
2023-10-27 14:15:28,12,18,408,1145
2023-10-27 14:16:28,12,20,408,1145
2023-10-27 14:16:29,10,100,408,1145
2023-10-27 14:16:29,12,100,408,1145
2023-10-27 14:16:29,12,21,408,1145
2023-10-27 14:16:29,12,20,408,1145
2023-10-27 14:16:29,12,18,408,1145
