datetime,bid,ask,open_interest,volume
2023-02-07 09:30:15,25,49,336,347
2023-02-07 09:30:15,25,38,336,347
2023-02-07 09:30:15,25,35,336,347
2023-02-07 09:30:15,29,35,336,347
2023-02-07 09:40:47,29,33,336,347
2023-02-07 09:40:48,29,31,336,347
2023-02-07 09:41:47,29,33,336,347
2023-02-07 09:41:47,29,35,336,347
2023-02-07 09:41:48,29,34,336,347
2023-02-07 09:41:48,29,32,336,347
2023-02-07 09:43:47,29,31,336,347
2023-02-07 09:47:47,29,34,336,347
2023-02-07 09:47:47,29,32,336,347
2023-02-07 09:48:08,31,32,336,347
2023-02-07 09:48:09,29,32,336,347
2023-02-07 09:48:10,31,32,336,347
2023-02-07 09:48:11,29,32,336,347
2023-02-07 09:48:14,31,32,336,347
2023-02-07 09:48:14,29,32,336,347
2023-02-07 09:48:30,31,32,336,347
2023-02-07 09:48:32,29,32,336,347
2023-02-07 09:48:34,31,32,336,347
2023-02-07 09:48:38,29,32,336,347
2023-02-07 09:48:41,31,32,336,347
2023-02-07 09:48:44,29,32,336,347
2023-02-07 09:48:51,31,32,336,347
2023-02-07 09:48:54,29,32,336,347
2023-02-07 09:48:55,31,32,336,347
2023-02-07 09:49:03,29,32,336,347
2023-02-07 09:51:16,29,31,336,347
2023-02-07 09:51:46,29,30,336,347
2023-02-07 09:52:15,30,32,407,418
2023-02-07 09:52:20,29,34,407,418
2023-02-07 09:52:20,29,31,407,418
2023-02-07 09:52:47,29,33,407,418
2023-02-07 09:52:47,29,32,407,418
2023-02-07 09:53:27,31,32,407,418
2023-02-07 09:53:30,29,32,407,418
2023-02-07 09:53:37,31,32,407,418
2023-02-07 09:54:47,31,34,407,418
2023-02-07 09:54:47,31,35,407,418
2023-02-07 09:54:47,31,33,407,418
2023-02-07 09:55:17,29,33,407,418
2023-02-07 09:55:19,31,33,407,418
2023-02-07 09:55:21,31,34,407,418
2023-02-07 09:55:21,31,32,407,418
2023-02-07 09:56:12,29,32,407,418
2023-02-07 09:56:15,31,32,407,418
2023-02-07 09:57:16,31,34,407,418
2023-02-07 09:57:16,31,37,407,418
2023-02-07 09:57:16,31,33,407,418
2023-02-07 09:59:47,31,34,407,418
2023-02-07 09:59:47,31,32,407,418
2023-02-07 10:00:24,31,34,407,418
2023-02-07 10:00:25,31,36,407,418
2023-02-07 10:00:25,31,37,407,418
2023-02-07 10:00:25,31,33,407,418
2023-02-07 10:03:15,31,33,425,436
2023-02-07 10:03:47,29,33,425,436
2023-02-07 10:07:45,29,35,425,436
2023-02-07 10:07:45,29,34,425,436
2023-02-07 10:14:33,31,34,425,436
2023-02-07 10:24:45,31,35,425,436
2023-02-07 10:31:29,31,35,452,463
2023-02-07 10:31:47,31,36,452,463
2023-02-07 10:41:19,31,38,452,463
2023-02-07 10:41:19,31,37,452,463
2023-02-07 10:41:47,31,38,452,463
2023-02-07 10:41:48,31,36,452,463
2023-02-07 10:43:18,31,38,452,463
2023-02-07 10:43:18,31,37,452,463
2023-02-07 10:44:31,31,37,488,534
2023-02-07 10:44:34,31,36,488,534
2023-02-07 10:44:49,29,36,488,534
2023-02-07 10:44:49,31,36,488,534
2023-02-07 10:45:19,29,36,488,534
2023-02-07 10:45:19,27,36,488,534
2023-02-07 10:45:19,25,36,488,534
2023-02-07 10:45:20,26,36,488,534
2023-02-07 10:45:20,30,36,488,534
2023-02-07 10:45:21,30,35,488,534
2023-02-07 10:45:22,30,36,488,534
2023-02-07 10:45:47,31,36,488,534
2023-02-07 10:46:46,29,36,488,534
2023-02-07 10:46:46,25,36,488,534
2023-02-07 10:46:47,26,36,488,534
2023-02-07 10:46:47,28,36,488,534
2023-02-07 10:46:47,30,36,488,534
2023-02-07 10:47:48,25,36,488,534
2023-02-07 10:47:48,29,36,488,534
2023-02-07 10:47:48,31,36,488,534
2023-02-07 10:53:47,29,36,488,534
2023-02-07 10:53:47,25,36,488,534
2023-02-07 10:53:48,28,36,488,534
2023-02-07 10:53:48,32,36,488,534
2023-02-07 10:54:03,32,37,488,534
2023-02-07 10:54:16,30,37,488,534
2023-02-07 10:54:16,27,37,488,534
2023-02-07 10:54:16,29,37,488,534
2023-02-07 10:54:16,31,37,488,534
2023-02-07 10:54:33,31,36,488,534
2023-02-07 10:54:39,31,37,488,534
2023-02-07 10:54:45,29,37,488,534
2023-02-07 10:54:45,30,37,488,534
2023-02-07 10:54:45,32,37,488,534
2023-02-07 10:59:18,30,37,488,534
2023-02-07 10:59:18,28,37,488,534
2023-02-07 10:59:18,31,37,488,534
2023-02-07 10:59:19,33,37,488,534
2023-02-07 11:01:19,31,37,488,534
2023-02-07 11:01:19,26,37,488,534
2023-02-07 11:01:20,32,37,488,534
2023-02-07 11:03:48,30,37,488,534
2023-02-07 11:03:48,20,37,488,534
2023-02-07 11:03:48,33,37,488,534
2023-02-07 11:04:47,31,37,488,534
2023-02-07 11:04:47,32,37,488,534
2023-02-07 11:05:23,30,37,488,534
2023-02-07 11:05:23,28,37,488,534
2023-02-07 11:05:23,20,37,488,534
2023-02-07 11:05:24,29,37,488,534
2023-02-07 11:05:24,33,37,488,534
2023-02-07 11:06:17,31,37,488,534
2023-02-07 11:06:17,29,37,488,534
2023-02-07 11:06:17,20,37,488,534
2023-02-07 11:06:17,30,37,488,534
2023-02-07 11:06:17,32,37,488,534
2023-02-07 11:07:11,32,36,488,534
2023-02-07 11:07:17,32,37,488,534
2023-02-07 11:07:19,32,36,488,534
2023-02-07 11:07:47,32,37,488,534
2023-02-07 11:07:56,32,36,488,534
2023-02-07 11:08:15,32,35,488,534
2023-02-07 11:08:23,32,35,452,570
2023-02-07 11:08:24,32,34,452,570
2023-02-07 11:08:35,32,35,452,570
2023-02-07 11:08:40,32,35,452,606
2023-02-07 11:08:47,32,34,452,606
2023-02-07 11:08:48,30,34,452,606
2023-02-07 11:09:13,29,34,452,606
2023-02-07 11:09:18,29,35,452,606
2023-02-07 11:09:46,28,35,452,606
2023-02-07 11:09:46,28,34,452,606
2023-02-07 11:09:47,28,32,452,606
2023-02-07 11:10:23,28,34,452,606
2023-02-07 11:10:24,28,35,452,606
2023-02-07 11:10:24,28,33,452,606
2023-02-07 11:11:23,30,33,452,606
2023-02-07 11:11:51,30,34,452,606
2023-02-07 11:12:35,29,34,488,642
2023-02-07 11:12:35,29,33,488,642
2023-02-07 11:12:48,27,33,488,642
2023-02-07 11:12:48,19,33,488,642
2023-02-07 11:12:49,26,33,488,642
2023-02-07 11:12:49,28,33,488,642
2023-02-07 11:14:47,29,33,488,642
2023-02-07 11:15:20,28,33,488,642
2023-02-07 11:15:59,28,31,488,642
2023-02-07 11:16:41,28,33,488,642
2023-02-07 11:16:46,28,32,488,642
2023-02-07 11:17:17,27,32,488,642
2023-02-07 11:17:18,29,32,488,642
2023-02-07 11:17:18,29,33,488,642
2023-02-07 11:17:50,29,32,488,642
2023-02-07 11:17:54,29,33,488,642
2023-02-07 11:17:55,29,32,488,642
2023-02-07 11:18:39,29,33,488,642
2023-02-07 11:20:49,30,33,488,642
2023-02-07 11:21:18,26,33,488,642
2023-02-07 11:21:19,27,33,488,642
2023-02-07 11:21:19,29,33,488,642
2023-02-07 11:21:53,29,34,488,642
2023-02-07 11:22:17,27,34,488,642
2023-02-07 11:22:17,28,34,488,642
2023-02-07 11:22:17,30,34,488,642
2023-02-07 11:23:48,29,34,488,642
2023-02-07 11:23:49,31,34,488,642
2023-02-07 11:24:58,31,34,488,682
2023-02-07 11:25:19,30,34,488,682
2023-02-07 11:26:17,31,34,488,682
2023-02-07 11:26:20,31,33,488,682
2023-02-07 11:26:37,31,34,488,682
2023-02-07 11:27:26,31,33,488,682
2023-02-07 11:27:31,31,34,488,682
2023-02-07 11:27:33,29,31,488,795
2023-02-07 11:28:47,30,31,488,795
2023-02-07 11:29:03,28,30,488,927
2023-02-07 11:29:30,26,30,488,927
2023-02-07 11:29:30,23,30,488,927
2023-02-07 11:29:30,25,30,488,927
2023-02-07 11:29:46,28,30,488,927
2023-02-07 11:30:48,26,30,488,927
2023-02-07 11:30:48,25,30,488,927
2023-02-07 11:30:49,27,30,488,927
2023-02-07 11:32:48,25,30,488,927
2023-02-07 11:32:49,26,30,488,927
2023-02-07 11:32:55,26,29,488,927
2023-02-07 11:32:56,26,27,488,927
2023-02-07 11:33:28,26,28,488,927
2023-02-07 11:33:28,26,28,452,963
2023-02-07 11:33:37,26,30,452,963
2023-02-07 11:33:37,26,27,452,963
2023-02-07 11:33:48,22,27,452,963
2023-02-07 11:35:03,23,27,452,963
2023-02-07 11:35:20,23,27,470,981
2023-02-07 11:35:20,23,26,470,981
2023-02-07 11:36:47,21,26,470,981
2023-02-07 11:36:47,22,26,470,981
2023-02-07 11:36:57,23,26,470,981
2023-02-07 11:37:10,22,26,470,981
2023-02-07 11:37:19,23,26,470,981
2023-02-07 11:38:19,25,26,470,981
2023-02-07 11:39:06,26,30,452,999
2023-02-07 11:39:20,26,29,452,999
2023-02-07 11:39:22,26,30,452,999
2023-02-07 11:39:30,26,29,452,999
2023-02-07 11:39:57,26,30,452,999
2023-02-07 11:40:37,26,30,452,1017
2023-02-07 11:41:04,26,29,452,1017
2023-02-07 11:41:06,26,30,452,1017
2023-02-07 11:41:08,26,29,452,1017
2023-02-07 11:41:15,26,30,452,1017
2023-02-07 11:43:01,26,30,452,1025
2023-02-07 11:44:25,26,29,452,1025
2023-02-07 11:44:34,26,28,452,1025
2023-02-07 11:44:48,25,28,452,1025
2023-02-07 11:44:59,25,28,452,1028
2023-02-07 11:45:22,25,30,452,1028
2023-02-07 11:46:04,25,29,452,1028
2023-02-07 11:46:27,25,28,452,1028
2023-02-07 11:46:46,25,28,452,1036
2023-02-07 11:47:33,25,27,452,1036
2023-02-07 11:47:33,24,27,452,1036
2023-02-07 11:48:07,25,27,452,1036
2023-02-07 11:48:17,25,28,452,1036
2023-02-07 11:49:15,25,30,452,1036
2023-02-07 11:49:16,25,29,452,1036
2023-02-07 11:49:16,25,27,452,1036
2023-02-07 11:49:30,27,30,437,1051
2023-02-07 11:50:13,27,30,437,1059
2023-02-07 11:50:43,27,30,437,1067
2023-02-07 11:51:14,27,30,437,1075
2023-02-07 11:51:19,27,31,437,1075
2023-02-07 11:51:44,27,31,437,1083
2023-02-07 11:52:14,27,31,437,1091
2023-02-07 11:52:45,27,31,437,1099
2023-02-07 11:53:15,27,31,437,1107
2023-02-07 11:53:29,27,32,437,1107
2023-02-07 11:53:41,27,31,437,1107
2023-02-07 11:53:43,27,32,437,1107
2023-02-07 11:53:46,27,32,437,1115
2023-02-07 11:54:05,27,31,437,1115
2023-02-07 11:54:06,27,32,437,1115
2023-02-07 11:54:09,27,31,437,1115
2023-02-07 11:54:15,27,32,437,1115
2023-02-07 11:54:16,27,32,437,1123
2023-02-07 11:54:19,27,31,437,1123
2023-02-07 11:54:22,28,31,437,1123
2023-02-07 11:54:29,28,33,437,1123
2023-02-07 11:54:46,28,33,440,1131
2023-02-07 11:55:17,28,33,448,1139
2023-02-07 11:55:22,29,33,448,1139
2023-02-07 11:55:30,30,33,448,1139
2023-02-07 11:55:33,30,33,348,1239
2023-02-07 11:55:36,29,30,334,1253
2023-02-07 11:55:47,29,33,334,1253
2023-02-07 11:55:47,29,33,342,1261
2023-02-07 11:56:18,29,33,350,1269
2023-02-07 11:56:49,29,33,358,1277
2023-02-07 11:57:18,29,33,366,1285
2023-02-07 11:57:48,28,33,366,1285
2023-02-07 11:57:51,28,33,374,1293
2023-02-07 11:57:57,28,31,374,1293
2023-02-07 11:58:20,28,31,382,1301
2023-02-07 11:58:21,28,33,382,1301
2023-02-07 11:58:48,28,33,390,1309
2023-02-07 11:58:56,29,33,390,1309
2023-02-07 11:58:58,28,33,390,1309
2023-02-07 11:59:18,27,33,390,1309
2023-02-07 11:59:19,27,33,398,1317
2023-02-07 11:59:19,27,32,398,1317
2023-02-07 11:59:20,29,32,398,1317
2023-02-07 11:59:24,29,31,398,1317
2023-02-07 11:59:49,29,31,406,1325
2023-02-07 11:59:53,29,33,406,1325
2023-02-07 12:00:20,29,33,414,1333
2023-02-07 12:00:27,30,33,414,1333
2023-02-07 12:00:49,30,33,422,1341
2023-02-07 12:01:19,30,33,430,1349
2023-02-07 12:01:22,30,32,430,1349
2023-02-07 12:01:39,30,35,430,1349
2023-02-07 12:01:40,30,34,430,1349
2023-02-07 12:01:41,30,34,438,1357
2023-02-07 12:01:42,30,33,438,1357
2023-02-07 12:01:52,29,33,438,1357
2023-02-07 12:02:20,30,33,438,1357
2023-02-07 12:02:36,30,32,438,1357
2023-02-07 12:02:47,28,32,438,1357
2023-02-07 12:02:47,29,32,438,1357
2023-02-07 12:03:02,27,32,567,1486
2023-02-07 12:03:17,29,32,567,1486
2023-02-07 12:03:22,27,32,567,1486
2023-02-07 12:03:28,29,32,567,1486
2023-02-07 12:03:30,27,32,567,1486
2023-02-07 12:03:32,29,32,567,1486
2023-02-07 12:03:33,27,32,567,1486
2023-02-07 12:03:49,28,32,567,1486
2023-02-07 12:04:05,28,31,567,1486
2023-02-07 12:04:14,28,30,567,1486
2023-02-07 12:04:18,27,30,567,1486
2023-02-07 12:04:43,27,30,575,1494
2023-02-07 12:05:13,26,27,577,1496
2023-02-07 12:05:44,26,29,577,1496
2023-02-07 12:05:44,26,27,577,1496
2023-02-07 12:05:49,23,27,577,1496
2023-02-07 12:05:49,25,27,577,1496
2023-02-07 12:06:18,25,29,577,1496
2023-02-07 12:06:20,25,27,577,1496
2023-02-07 12:06:47,26,27,577,1496
2023-02-07 12:06:49,26,31,577,1496
2023-02-07 12:06:51,26,27,577,1496
2023-02-07 12:07:19,25,31,577,1496
2023-02-07 12:07:20,27,31,577,1496
2023-02-07 12:07:21,27,31,585,1504
2023-02-07 12:07:47,25,31,585,1504
2023-02-07 12:07:48,26,31,585,1504
2023-02-07 12:07:51,26,27,585,1504
2023-02-07 12:08:21,26,30,585,1504
2023-02-07 12:08:21,26,27,585,1504
2023-02-07 12:08:22,25,27,724,1643
2023-02-07 12:08:46,26,27,724,1643
2023-02-07 12:08:52,26,29,724,1643
2023-02-07 12:08:52,26,27,724,1643
2023-02-07 12:09:19,25,27,724,1643
2023-02-07 12:09:22,25,30,724,1643
2023-02-07 12:09:22,25,27,724,1643
2023-02-07 12:09:53,25,30,724,1643
2023-02-07 12:09:53,25,27,724,1643
2023-02-07 12:10:23,25,30,724,1643
2023-02-07 12:10:23,25,27,724,1643
2023-02-07 12:10:23,26,27,724,1643
2023-02-07 12:10:53,26,30,724,1643
2023-02-07 12:10:53,26,27,724,1643
2023-02-07 12:11:17,25,27,724,1643
2023-02-07 12:11:23,25,30,724,1643
2023-02-07 12:11:23,25,27,724,1643
2023-02-07 12:11:53,25,30,724,1643
2023-02-07 12:11:53,25,27,724,1643
2023-02-07 12:12:24,25,30,724,1643
2023-02-07 12:12:24,25,27,724,1643
2023-02-07 12:12:47,26,27,724,1643
2023-02-07 12:12:54,26,31,724,1643
2023-02-07 12:12:54,26,27,724,1643
2023-02-07 12:13:24,26,31,724,1643
2023-02-07 12:13:25,26,27,724,1643
2023-02-07 12:13:49,27,31,732,1651
2023-02-07 12:13:49,27,32,732,1651
2023-02-07 12:13:55,27,28,732,1651
2023-02-07 12:14:25,27,32,732,1651
2023-02-07 12:14:25,27,28,732,1651
2023-02-07 12:14:54,27,33,732,1651
2023-02-07 12:14:55,27,32,732,1651
2023-02-07 12:14:56,27,32,740,1659
2023-02-07 12:14:58,26,27,853,1772
2023-02-07 12:15:04,26,32,853,1772
2023-02-07 12:15:20,26,30,853,1772
2023-02-07 12:15:26,26,27,853,1772
2023-02-07 12:15:56,26,31,853,1772
2023-02-07 12:15:56,26,28,853,1772
2023-02-07 12:16:15,27,28,853,1772
2023-02-07 12:16:26,27,31,853,1772
2023-02-07 12:16:27,27,28,853,1772
2023-02-07 12:16:57,27,31,853,1772
2023-02-07 12:16:57,27,28,853,1772
2023-02-07 12:17:08,26,28,863,1782
2023-02-07 12:17:27,26,30,863,1782
2023-02-07 12:17:28,26,27,863,1782
2023-02-07 12:17:57,26,30,863,1782
2023-02-07 12:17:58,26,28,863,1782
2023-02-07 12:18:28,26,30,863,1782
2023-02-07 12:18:28,26,27,863,1782
2023-02-07 12:18:58,26,30,863,1782
2023-02-07 12:18:58,26,27,863,1782
2023-02-07 12:19:29,26,30,863,1782
2023-02-07 12:19:29,26,28,863,1782
2023-02-07 12:19:59,26,30,863,1782
2023-02-07 12:19:59,26,28,863,1782
2023-02-07 12:20:09,28,31,871,1790
2023-02-07 12:20:19,28,31,879,1798
2023-02-07 12:20:24,28,32,879,1798
2023-02-07 12:20:32,26,32,879,1798
2023-02-07 12:20:32,30,32,879,1798
2023-02-07 12:20:40,26,32,879,1798
2023-02-07 12:20:40,26,32,879,1808
2023-02-07 12:20:47,26,33,879,1808
2023-02-07 12:20:48,26,32,879,1808
2023-02-07 12:20:48,26,33,879,1808
2023-02-07 12:20:48,28,33,879,1808
2023-02-07 12:20:51,28,33,887,1816
2023-02-07 12:21:21,29,33,887,1816
2023-02-07 12:21:21,31,33,887,1816
2023-02-07 12:21:21,31,33,895,1824
2023-02-07 12:21:21,31,36,895,1824
2023-02-07 12:21:49,29,36,895,1824
2023-02-07 12:21:49,27,36,895,1824
2023-02-07 12:21:49,25,36,895,1824
2023-02-07 12:21:49,30,36,895,1824
2023-02-07 12:21:50,32,36,895,1824
2023-02-07 12:21:51,32,36,903,1832
2023-02-07 12:21:52,32,35,903,1832
2023-02-07 12:21:53,32,35,972,1901
2023-02-07 12:21:57,30,35,974,1903
2023-02-07 12:22:17,28,35,974,1903
2023-02-07 12:22:17,29,35,974,1903
2023-02-07 12:22:17,31,35,974,1903
2023-02-07 12:22:18,31,36,974,1903
2023-02-07 12:22:21,31,36,982,1911
2023-02-07 12:22:22,31,35,982,1911
2023-02-07 12:22:38,29,35,1061,1990
2023-02-07 12:22:46,27,35,1061,1990
2023-02-07 12:22:46,30,35,1061,1990
2023-02-07 12:22:47,30,36,1061,1990
2023-02-07 12:22:52,30,36,1069,1998
2023-02-07 12:23:12,28,36,1169,2098
2023-02-07 12:23:19,25,36,1169,2098
2023-02-07 12:23:19,29,36,1169,2098
2023-02-07 12:23:20,31,36,1169,2098
2023-02-07 12:23:22,31,36,1177,2106
2023-02-07 12:23:31,29,36,1259,2188
2023-02-07 12:23:48,29,34,1259,2188
2023-02-07 12:23:52,29,34,1267,2196
2023-02-07 12:24:02,29,30,1267,2196
2023-02-07 12:24:32,29,35,1267,2196
2023-02-07 12:24:33,29,30,1267,2196
2023-02-07 12:24:47,28,30,1267,2196
2023-02-07 12:24:47,30,35,1275,2204
2023-02-07 12:25:03,30,35,1283,2212
2023-02-07 12:25:20,30,37,1283,2212
2023-02-07 12:25:20,30,38,1283,2212
2023-02-07 12:25:20,30,36,1283,2212
2023-02-07 12:25:34,30,36,1291,2220
2023-02-07 12:25:38,28,30,1401,2330
2023-02-07 12:25:49,30,35,1409,2338
2023-02-07 12:26:04,30,35,1417,2346
2023-02-07 12:26:18,30,35,1488,2417
2023-02-07 12:26:23,28,35,1513,2442
2023-02-07 12:26:31,26,28,1614,2543
2023-02-07 12:26:46,27,28,1614,2543
2023-02-07 12:26:54,25,27,1734,2663
2023-02-07 12:27:02,25,27,1834,2763
2023-02-07 12:27:06,25,27,1934,2863
2023-02-07 12:27:10,25,27,2034,2963
2023-02-07 12:27:13,25,27,2134,3063
2023-02-07 12:27:17,25,27,2234,3163
2023-02-07 12:27:21,25,27,2334,3263
2023-02-07 12:27:25,25,27,2434,3363
2023-02-07 12:27:28,25,27,2534,3463
2023-02-07 12:27:32,25,27,2634,3563
2023-02-07 12:27:36,25,27,2734,3663
2023-02-07 12:27:39,25,27,2834,3763
2023-02-07 12:27:42,25,27,2934,3863
2023-02-07 12:27:47,25,27,3034,3963
2023-02-07 12:27:47,25,27,3058,3987
2023-02-07 12:27:50,25,27,3158,4087
2023-02-07 12:27:54,25,27,3258,4187
2023-02-07 12:27:58,25,27,3358,4287
2023-02-07 12:28:02,25,27,3458,4387
2023-02-07 12:29:04,25,29,3458,4442
2023-02-07 12:30:15,25,26,3458,4442
2023-02-07 12:30:45,25,29,3458,4442
2023-02-07 12:30:45,25,26,3458,4442
2023-02-07 12:31:15,25,29,3458,4442
2023-02-07 12:31:15,25,26,3458,4442
2023-02-07 12:31:46,25,29,3458,4442
2023-02-07 12:31:47,25,26,3458,4442
2023-02-07 12:32:16,25,29,3458,4442
2023-02-07 12:32:17,25,26,3458,4442
2023-02-07 12:32:46,25,29,3458,4442
2023-02-07 12:32:47,25,26,3458,4442
2023-02-07 12:33:15,25,28,3458,4442
2023-02-07 12:33:17,25,29,3458,4442
2023-02-07 12:33:18,25,26,3458,4442
2023-02-07 12:33:46,25,29,3458,4442
2023-02-07 12:33:46,25,28,3458,4442
2023-02-07 12:33:46,26,28,3458,4442
2023-02-07 12:33:47,26,28,3470,4454
2023-02-07 12:33:49,26,29,3470,4454
2023-02-07 12:33:49,26,28,3470,4454
2023-02-07 12:33:53,26,29,3470,4454
2023-02-07 12:33:55,26,28,3470,4454
2023-02-07 12:33:57,26,29,3470,4454
2023-02-07 12:34:16,26,28,3470,4454
2023-02-07 12:34:17,26,29,3470,4454
2023-02-07 12:34:18,26,29,3482,4466
2023-02-07 12:34:48,26,29,3494,4478
2023-02-07 12:35:18,26,29,3506,4490
2023-02-07 12:35:49,26,29,3518,4502
2023-02-07 12:36:07,25,29,3610,4594
2023-02-07 12:36:18,26,29,3610,4594
2023-02-07 12:36:21,26,29,3622,4606
2023-02-07 12:36:49,25,29,3622,4606
2023-02-07 12:36:49,25,26,3622,4606
2023-02-07 12:37:08,23,25,3756,4816
2023-02-07 12:37:19,22,25,3756,4816
2023-02-07 12:37:19,24,25,3756,4816
2023-02-07 12:37:59,24,25,3756,4876
2023-02-07 12:41:31,22,25,3849,4969
2023-02-07 12:41:54,22,25,3849,5005
2023-02-07 12:41:56,22,23,3849,5005
2023-02-07 12:41:56,22,25,3849,5005
2023-02-07 12:41:56,22,25,3849,5023
2023-02-07 12:41:56,20,25,3849,5023
2023-02-07 12:41:58,20,23,3849,5023
2023-02-07 12:41:58,20,25,3849,5023
2023-02-07 12:42:02,20,23,3849,5023
2023-02-07 12:42:04,20,25,3849,5023
2023-02-07 12:42:07,20,23,3849,5023
2023-02-07 12:42:10,20,25,3849,5023
2023-02-07 12:42:18,19,25,3849,5023
2023-02-07 12:42:19,19,24,3849,5023
2023-02-07 12:42:23,19,23,3849,5023
2023-02-07 12:42:30,21,23,3849,5023
2023-02-07 12:42:33,23,24,3861,5035
2023-02-07 12:42:36,23,24,3861,5041
2023-02-07 12:42:37,19,21,3897,5077
2023-02-07 12:42:44,19,21,3897,6199
2023-02-07 12:42:47,19,21,4119,6421
2023-02-07 12:42:49,17,21,4119,6421
2023-02-07 12:42:50,17,20,4119,6421
2023-02-07 12:42:50,17,18,4119,6421
2023-02-07 12:42:50,21,22,4439,6771
2023-02-07 12:43:14,21,22,4469,6801
2023-02-07 12:43:17,21,26,4469,6815
2023-02-07 12:43:22,16,27,4469,6815
2023-02-07 12:43:24,19,27,4469,6815
2023-02-07 12:43:24,19,26,4469,6815
2023-02-07 12:43:32,19,27,4469,6815
2023-02-07 12:43:32,19,24,4469,6815
2023-02-07 12:43:54,16,24,4469,6815
2023-02-07 12:44:16,16,21,4469,6815
2023-02-07 12:44:31,16,24,4469,6815
2023-02-07 12:44:31,16,23,4469,6815
2023-02-07 12:44:32,16,24,4469,6815
2023-02-07 12:44:35,16,23,4469,6815
2023-02-07 12:44:38,16,22,4469,6815
2023-02-07 12:44:41,16,21,4469,6815
2023-02-07 12:44:47,16,22,4469,6815
2023-02-07 12:44:54,17,22,4469,6815
2023-02-07 12:44:55,17,21,4469,6815
2023-02-07 12:44:56,17,20,4469,6815
2023-02-07 12:45:03,17,19,4469,6815
2023-02-07 12:45:03,16,17,4457,6827
2023-02-07 12:45:07,15,17,4457,6827
2023-02-07 12:45:21,15,19,4457,6827
2023-02-07 12:45:25,15,21,4457,6827
2023-02-07 12:45:25,15,17,4457,6827
2023-02-07 12:45:32,15,17,4457,6851
2023-02-07 12:45:34,15,21,4457,6851
2023-02-07 12:45:34,15,19,4457,6851
2023-02-07 12:45:36,15,21,4457,6851
2023-02-07 12:45:36,15,18,4457,6851
2023-02-07 12:45:42,15,17,4457,6851
2023-02-07 12:45:45,15,18,4457,6851
2023-02-07 12:45:46,15,16,4457,6851
2023-02-07 12:45:57,15,18,4457,6851
2023-02-07 12:45:57,15,18,4457,6869
2023-02-07 12:46:01,15,16,4457,6869
2023-02-07 12:46:16,15,16,4457,7091
2023-02-07 12:46:16,13,15,4457,7177
2023-02-07 12:46:26,12,16,4457,7177
2023-02-07 12:46:39,12,18,4457,7177
2023-02-07 12:46:53,12,16,4457,7177
2023-02-07 12:47:02,9,16,4457,7177
2023-02-07 12:47:04,9,14,4457,7177
2023-02-07 12:47:05,9,16,4457,7177
2023-02-07 12:47:06,9,14,4457,7177
2023-02-07 12:47:07,9,16,4457,7177
2023-02-07 12:47:10,9,13,4457,7177
2023-02-07 12:47:11,8,13,4457,7177
2023-02-07 12:47:14,8,16,4457,7177
2023-02-07 12:47:15,8,14,4457,7177
2023-02-07 12:47:27,8,16,4457,7177
2023-02-07 12:47:42,10,16,4457,7177
2023-02-07 12:47:46,9,16,4457,7177
2023-02-07 12:47:50,9,14,4457,7177
2023-02-07 12:47:52,9,16,4457,7177
2023-02-07 12:48:02,9,14,4457,7177
2023-02-07 12:48:11,9,16,4457,7177
2023-02-07 12:48:13,9,14,4457,7177
2023-02-07 12:48:29,9,16,4457,7177
2023-02-07 12:48:34,9,14,4457,7177
2023-02-07 12:48:37,9,16,4457,7177
2023-02-07 12:48:38,9,14,4457,7177
2023-02-07 12:48:42,8,14,4457,7177
2023-02-07 12:48:52,8,16,4457,7177
2023-02-07 12:48:55,8,14,4457,7177
2023-02-07 12:49:12,9,14,4457,7177
2023-02-07 12:49:18,9,13,4457,7177
2023-02-07 12:49:29,8,13,4457,7189
2023-02-07 12:49:30,8,9,4457,7189
2023-02-07 12:49:43,8,14,4457,7201
2023-02-07 12:49:46,8,14,4457,7375
2023-02-07 12:49:46,8,14,4457,7524
2023-02-07 12:49:46,8,12,4457,7524
2023-02-07 12:49:47,4,6,4457,7619
2023-02-07 12:50:03,3,6,4457,7619
2023-02-07 12:50:13,3,6,4445,7631
2023-02-07 12:50:14,4,6,4445,7631
2023-02-07 12:50:24,3,4,4445,7649
2023-02-07 12:50:35,3,5,4445,7788
2023-02-07 12:50:36,3,5,4445,7806
2023-02-07 12:50:43,3,5,4433,7818
2023-02-07 12:50:49,3,5,4451,7836
2023-02-07 12:50:49,3,6,4451,7836
2023-02-07 12:50:49,3,8,4451,7836
2023-02-07 12:50:49,3,8,4473,7858
2023-02-07 12:50:50,3,4,4473,7858
2023-02-07 12:50:52,3,8,4473,7858
2023-02-07 12:51:14,3,8,4473,7870
2023-02-07 12:51:21,3,6,4473,7870
2023-02-07 12:51:22,3,5,4473,7870
2023-02-07 12:51:23,3,6,4473,7870
2023-02-07 12:51:44,5,6,4473,7870
2023-02-07 12:51:49,3,6,4473,7882
2023-02-07 12:51:50,3,5,4473,7882
2023-02-07 12:51:50,3,5,4497,7906
2023-02-07 12:52:08,3,7,4509,8155
2023-02-07 12:52:09,3,6,4509,8155
2023-02-07 12:52:13,3,5,4509,8155
2023-02-07 12:52:13,3,6,4509,8155
2023-02-07 12:52:14,3,5,4509,8155
2023-02-07 12:52:14,3,6,4509,8167
2023-02-07 12:52:15,3,5,4509,8167
2023-02-07 12:52:16,3,6,4509,8167
2023-02-07 12:52:20,3,6,4529,8187
2023-02-07 12:52:20,3,6,4541,8199
2023-02-07 12:52:21,3,6,4549,8207
2023-02-07 12:52:21,3,5,4549,8207
2023-02-07 12:52:23,3,5,4567,8225
2023-02-07 12:52:25,3,6,4567,8225
2023-02-07 12:52:26,3,5,4567,8225
2023-02-07 12:52:27,3,6,4567,8225
2023-02-07 12:52:28,3,5,4567,8225
2023-02-07 12:52:45,3,5,4555,8237
2023-02-07 12:52:47,3,4,4555,8237
2023-02-07 12:52:52,3,4,4597,8279
2023-02-07 12:52:59,3,5,4597,8297
2023-02-07 12:53:14,3,5,4609,8309
2023-02-07 12:53:15,3,5,4597,8321
2023-02-07 12:53:18,3,7,4597,8321
2023-02-07 12:53:22,3,6,4597,8321
2023-02-07 12:53:24,3,7,4597,8321
2023-02-07 12:53:30,3,6,4597,8321
2023-02-07 12:53:43,3,5,4597,8321
2023-02-07 12:53:45,4,5,4597,8321
2023-02-07 12:53:47,4,6,4597,8321
2023-02-07 12:53:58,4,7,4597,8321
2023-02-07 12:53:58,4,6,4597,8321
2023-02-07 12:53:58,4,5,4597,8321
2023-02-07 12:53:59,4,5,4597,8327
2023-02-07 12:54:15,3,5,4597,8327
2023-02-07 12:56:03,3,4,4597,8327
2023-02-07 12:56:23,3,4,4615,8345
2023-02-07 12:57:21,3,4,4615,8363
2023-02-07 12:58:01,3,7,4615,8363
2023-02-07 12:58:28,3,6,4615,8363
2023-02-07 12:58:34,3,7,4615,8363
2023-02-07 12:59:06,3,7,4633,8381
2023-02-07 13:00:51,3,7,4648,8396
2023-02-07 13:00:52,3,7,4651,8399
2023-02-07 13:00:53,3,6,4651,8399
2023-02-07 13:00:53,3,7,4651,8399
2023-02-07 13:00:56,3,6,4651,8399
2023-02-07 13:00:59,3,7,4651,8399
2023-02-07 13:01:03,3,7,4687,8435
2023-02-07 13:01:04,3,7,4697,8445
2023-02-07 13:01:04,3,7,4701,8449
2023-02-07 13:01:22,3,6,4701,8449
2023-02-07 13:01:22,3,6,4721,8469
2023-02-07 13:01:24,3,7,4721,8469
2023-02-07 13:01:42,3,6,4721,8469
2023-02-07 13:01:47,3,6,4740,8488
2023-02-07 13:01:48,3,7,4740,8488
2023-02-07 13:01:51,3,6,4740,8488
2023-02-07 13:01:52,3,7,4740,8488
2023-02-07 13:02:19,3,7,4758,8506
2023-02-07 13:02:31,5,7,4758,8506
2023-02-07 13:02:33,5,6,4758,8506
2023-02-07 13:02:50,5,7,4758,8506
2023-02-07 13:02:51,3,7,4758,8524
2023-02-07 13:02:51,3,5,4758,8524
2023-02-07 13:03:06,3,7,4772,8538
2023-02-07 13:03:24,3,8,4772,8538
2023-02-07 13:03:44,4,8,4772,8538
2023-02-07 13:03:44,4,7,4772,8538
2023-02-07 13:04:11,4,8,4772,8538
2023-02-07 13:04:43,3,8,4772,8538
2023-02-07 13:04:44,4,8,4772,8538
2023-02-07 13:04:57,5,8,4772,8538
2023-02-07 13:05:01,4,8,4772,8538
2023-02-07 13:05:04,5,8,4772,8538
2023-02-07 13:05:05,5,11,4778,8544
2023-02-07 13:05:19,6,11,4778,8544
2023-02-07 13:05:20,6,11,4778,8554
2023-02-07 13:06:08,6,14,4778,8554
2023-02-07 13:06:08,6,13,4778,8554
2023-02-07 13:06:09,7,13,4778,8554
2023-02-07 13:06:11,6,13,4778,8554
2023-02-07 13:06:15,7,13,4778,8554
2023-02-07 13:06:19,7,15,4778,8554
2023-02-07 13:06:20,7,11,4778,8554
2023-02-07 13:06:46,5,11,4778,8554
2023-02-07 13:07:15,4,11,4778,8554
2023-02-07 13:07:16,6,11,4778,8554
2023-02-07 13:07:23,6,9,4778,8554
2023-02-07 13:07:48,4,5,4778,8554
2023-02-07 13:07:49,4,5,4778,8686
2023-02-07 13:08:16,4,6,4778,8686
2023-02-07 13:08:17,3,9,4778,8686
2023-02-07 13:08:17,5,9,4778,8686
2023-02-07 13:08:32,5,8,4778,8686
2023-02-07 13:08:40,5,8,4778,8698
2023-02-07 13:09:06,3,8,4778,8716
2023-02-07 13:09:09,3,11,4778,8716
2023-02-07 13:09:09,5,11,4778,8716
2023-02-07 13:09:10,5,10,4778,8716
2023-02-07 13:09:11,5,11,4778,8716
2023-02-07 13:09:12,5,10,4778,8716
2023-02-07 13:09:18,5,11,4778,8716
2023-02-07 13:09:18,7,11,4778,8716
2023-02-07 13:09:22,7,14,4796,8734
2023-02-07 13:09:22,7,13,4796,8734
2023-02-07 13:09:23,8,13,4796,8734
2023-02-07 13:09:38,7,13,4796,8752
2023-02-07 13:09:38,7,14,4796,8752
2023-02-07 13:09:38,7,11,4796,8752
2023-02-07 13:10:49,6,11,4796,8752
2023-02-07 13:10:49,6,10,4796,8752
2023-02-07 13:10:50,6,11,4796,8752
2023-02-07 13:10:51,3,11,4796,8770
2023-02-07 13:10:52,5,11,4796,8770
2023-02-07 13:11:00,3,11,4796,8770
2023-02-07 13:11:02,5,11,4796,8770
2023-02-07 13:11:04,3,11,4796,8770
2023-02-07 13:11:10,5,11,4796,8770
2023-02-07 13:11:14,3,11,4796,8770
2023-02-07 13:11:16,5,11,4796,8770
2023-02-07 13:11:20,6,11,4796,8770
2023-02-07 13:11:23,6,14,4796,8770
2023-02-07 13:11:24,7,14,4796,8770
2023-02-07 13:11:38,7,12,4796,8770
2023-02-07 13:11:38,6,12,4796,8770
2023-02-07 13:11:42,7,12,4796,8770
2023-02-07 13:11:42,7,14,4796,8770
2023-02-07 13:11:44,7,12,4796,8770
2023-02-07 13:11:48,6,8,4796,8770
2023-02-07 13:11:49,5,8,4796,8770
2023-02-07 13:11:49,7,8,4796,8770
2023-02-07 13:11:51,7,8,4778,8788
2023-02-07 13:12:04,5,8,4778,8788
2023-02-07 13:12:04,5,9,4778,8854
2023-02-07 13:12:11,7,9,4778,8854
2023-02-07 13:12:20,8,9,4778,8854
2023-02-07 13:12:37,8,10,4778,8954
2023-02-07 13:12:42,8,10,4778,8971
2023-02-07 13:12:48,6,10,4778,8971
2023-02-07 13:12:48,6,12,4778,8971
2023-02-07 13:12:50,7,12,4778,8971
2023-02-07 13:12:53,7,14,4778,8971
2023-02-07 13:12:54,7,12,4778,8971
2023-02-07 13:12:54,7,14,4778,8971
2023-02-07 13:12:54,7,13,4778,8971
2023-02-07 13:12:56,7,11,4778,8971
2023-02-07 13:13:21,8,11,4778,8971
2023-02-07 13:13:40,8,13,4778,8971
2023-02-07 13:13:46,7,13,4778,8989
2023-02-07 13:13:49,7,10,4778,8989
2023-02-07 13:13:51,8,10,4778,8989
2023-02-07 13:14:21,7,10,4778,8989
2023-02-07 13:14:46,6,7,4760,9025
2023-02-07 13:14:47,6,7,4760,9043
2023-02-07 13:14:49,7,8,4760,9060
2023-02-07 13:14:52,7,8,4742,9078
2023-02-07 13:14:53,10,11,4742,9252
2023-02-07 13:15:11,10,13,4742,9269
2023-02-07 13:15:26,10,14,4742,9369
2023-02-07 13:15:31,10,13,4742,9369
2023-02-07 13:15:32,10,14,4742,9369
2023-02-07 13:15:41,10,16,4742,9369
2023-02-07 13:15:44,10,18,4742,9369
2023-02-07 13:15:44,11,18,4742,9369
2023-02-07 13:15:47,11,20,4760,9405
2023-02-07 13:15:48,14,20,4760,9405
2023-02-07 13:15:56,14,21,4760,9405
2023-02-07 13:15:56,17,21,4760,9405
2023-02-07 13:16:06,19,21,4760,9405
2023-02-07 13:16:12,19,27,4778,9423
2023-02-07 13:16:13,19,25,4778,9423
2023-02-07 13:16:15,19,27,4778,9423
2023-02-07 13:16:18,19,26,4778,9423
2023-02-07 13:16:19,19,25,4778,9423
2023-02-07 13:16:24,19,24,4778,9423
2023-02-07 13:16:24,17,24,4778,9423
2023-02-07 13:16:33,17,23,4778,9423
2023-02-07 13:16:36,17,24,4778,9423
2023-02-07 13:16:39,17,22,4778,9423
2023-02-07 13:16:46,17,21,4778,9423
2023-02-07 13:16:54,15,21,4778,9423
2023-02-07 13:17:24,16,21,4778,9423
2023-02-07 13:17:31,16,23,4778,9423
2023-02-07 13:17:32,16,22,4778,9423
2023-02-07 13:17:47,16,24,4778,9423
2023-02-07 13:17:48,16,21,4778,9423
2023-02-07 13:17:51,16,20,4778,9423
2023-02-07 13:17:54,14,20,4778,9423
2023-02-07 13:17:56,14,21,4778,9423
2023-02-07 13:18:00,14,20,4778,9423
2023-02-07 13:18:01,14,21,4778,9423
2023-02-07 13:18:02,14,19,4778,9423
2023-02-07 13:18:12,14,21,4778,9423
2023-02-07 13:18:15,14,20,4778,9423
2023-02-07 13:18:24,13,20,4778,9423
2023-02-07 13:18:24,13,21,4778,9423
2023-02-07 13:18:25,14,21,4778,9423
2023-02-07 13:18:33,14,20,4778,9423
2023-02-07 13:18:38,14,21,4778,9423
2023-02-07 13:18:40,14,20,4778,9423
2023-02-07 13:18:48,14,21,4778,9423
2023-02-07 13:18:49,14,20,4778,9423
2023-02-07 13:18:53,13,21,4778,9423
2023-02-07 13:18:53,13,19,4778,9423
2023-02-07 13:18:55,14,19,4778,9423
2023-02-07 13:19:25,13,19,4778,9423
2023-02-07 13:19:28,13,21,4778,9423
2023-02-07 13:19:28,13,18,4778,9423
2023-02-07 13:19:33,13,17,4778,9423
2023-02-07 13:19:37,13,18,4778,9423
2023-02-07 13:19:37,13,16,4778,9423
2023-02-07 13:19:38,13,15,4778,9423
2023-02-07 13:19:56,11,15,4778,9423
2023-02-07 13:20:03,11,18,4778,9423
2023-02-07 13:20:03,11,17,4778,9423
2023-02-07 13:20:09,11,18,4778,9423
2023-02-07 13:20:14,11,17,4778,9423
2023-02-07 13:20:18,11,18,4778,9423
2023-02-07 13:20:26,11,17,4778,9423
2023-02-07 13:20:27,13,17,4778,9423
2023-02-07 13:20:28,16,17,4778,9423
2023-02-07 13:20:36,16,18,4778,9423
2023-02-07 13:20:38,16,17,4778,9423
2023-02-07 13:20:43,16,17,4778,9441
2023-02-07 13:20:44,16,18,4778,9441
2023-02-07 13:20:51,13,18,4778,9441
2023-02-07 13:20:56,12,18,4778,9441
2023-02-07 13:21:29,11,18,4778,9441
2023-02-07 13:21:29,11,19,4778,9441
2023-02-07 13:21:35,11,17,4778,9441
2023-02-07 13:21:35,11,14,4778,9441
2023-02-07 13:21:37,11,19,4778,9441
2023-02-07 13:21:37,11,16,4778,9441
2023-02-07 13:21:45,11,19,4778,9441
2023-02-07 13:21:46,12,19,4778,9441
2023-02-07 13:21:46,12,18,4778,9441
2023-02-07 13:21:50,12,19,4778,9441
2023-02-07 13:21:51,14,19,4778,9441
2023-02-07 13:21:51,16,19,4778,9441
2023-02-07 13:21:56,16,22,4778,9441
2023-02-07 13:21:57,17,22,4778,9441
2023-02-07 13:22:01,17,25,4778,9441
2023-02-07 13:22:05,17,24,4778,9441
2023-02-07 13:22:06,17,21,4778,9441
2023-02-07 13:22:17,17,19,4778,9441
2023-02-07 13:22:17,17,19,4791,9454
2023-02-07 13:22:18,17,21,4803,9466
2023-02-07 13:22:18,17,22,4816,9479
2023-02-07 13:22:19,18,22,4816,9479
2023-02-07 13:22:28,20,22,4816,9479
2023-02-07 13:22:28,20,24,4816,9479
2023-02-07 13:22:38,20,22,4816,9479
2023-02-07 13:22:38,18,22,4816,9479
2023-02-07 13:22:40,17,22,4816,9479
2023-02-07 13:22:47,16,22,4816,9479
2023-02-07 13:22:48,16,24,4816,9479
2023-02-07 13:22:51,16,23,4816,9479
2023-02-07 13:22:52,18,23,4816,9479
2023-02-07 13:22:52,18,22,4816,9479
2023-02-07 13:23:02,15,22,4816,9479
2023-02-07 13:23:02,16,22,4816,9479
2023-02-07 13:23:02,16,20,4816,9479
2023-02-07 13:23:05,15,20,4816,9479
2023-02-07 13:23:06,15,23,4816,9479
2023-02-07 13:23:06,15,18,4816,9479
2023-02-07 13:23:30,16,18,4816,9479
2023-02-07 13:23:30,16,20,4816,9479
2023-02-07 13:23:37,17,20,4816,9479
2023-02-07 13:23:38,18,20,4816,9479
2023-02-07 13:23:38,18,22,4816,9479
2023-02-07 13:23:47,19,22,4816,9479
2023-02-07 13:23:50,19,30,4816,9479
2023-02-07 13:23:50,19,24,4816,9479
2023-02-07 13:23:51,20,24,4816,9479
2023-02-07 13:23:57,21,24,4816,9479
2023-02-07 13:24:03,21,25,4816,9479
2023-02-07 13:24:03,22,25,4816,9479
2023-02-07 13:24:04,23,25,4816,9479
2023-02-07 13:24:08,22,25,4816,9479
2023-02-07 13:24:17,21,25,4816,9479
2023-02-07 13:24:17,21,24,4816,9479
2023-02-07 13:24:19,20,24,4816,9479
2023-02-07 13:24:38,21,24,4816,9479
2023-02-07 13:24:49,20,24,4816,9479
2023-02-07 13:25:10,21,24,4816,9479
2023-02-07 13:25:10,20,24,4816,9479
2023-02-07 13:25:12,21,24,4816,9479
2023-02-07 13:25:15,20,24,4816,9479
2023-02-07 13:25:27,20,22,4816,9479
2023-02-07 13:25:28,19,22,4816,9479
2023-02-07 13:25:28,18,22,4816,9479
2023-02-07 13:25:52,19,22,4816,9479
2023-02-07 13:25:58,18,22,4816,9479
2023-02-07 13:26:13,18,24,4816,9479
2023-02-07 13:26:14,16,24,4816,9479
2023-02-07 13:26:14,16,19,4816,9479
2023-02-07 13:26:27,15,19,4816,9479
2023-02-07 13:26:48,14,19,4816,9479
2023-02-07 13:26:48,14,22,4816,9479
2023-02-07 13:26:48,14,17,4816,9479
2023-02-07 13:27:04,15,17,4816,9479
2023-02-07 13:27:04,15,19,4816,9479
2023-02-07 13:27:05,14,19,4816,9479
2023-02-07 13:27:07,15,19,4816,9479
2023-02-07 13:27:10,14,19,4816,9479
2023-02-07 13:27:12,15,19,4816,9479
2023-02-07 13:27:13,16,19,4816,9479
2023-02-07 13:27:21,17,19,4816,9479
2023-02-07 13:27:22,17,21,4816,9479
2023-02-07 13:27:27,18,21,4816,9479
2023-02-07 13:27:36,17,21,4816,9479
2023-02-07 13:27:37,19,21,4816,9479
2023-02-07 13:27:38,19,23,4816,9479
2023-02-07 13:27:45,17,23,4816,9479
2023-02-07 13:27:45,21,23,4816,9479
2023-02-07 13:27:46,24,25,4816,9497
2023-02-07 13:27:46,24,27,4816,9497
2023-02-07 13:27:55,24,27,4814,9499
2023-02-07 13:27:55,26,27,4814,9499
2023-02-07 13:27:56,24,26,4796,9517
2023-02-07 13:27:59,21,26,4796,9517
2023-02-07 13:28:01,23,28,4796,9517
2023-02-07 13:28:02,21,28,4796,9517
2023-02-07 13:28:02,21,27,4796,9517
2023-02-07 13:28:06,20,27,4796,9517
2023-02-07 13:28:07,20,25,4796,9517
2023-02-07 13:28:24,19,25,4796,9517
2023-02-07 13:28:29,19,23,4796,9517
2023-02-07 13:28:30,18,23,4796,9517
2023-02-07 13:28:32,18,25,4796,9517
2023-02-07 13:28:36,18,23,4796,9517
2023-02-07 13:28:36,18,25,4796,9517
2023-02-07 13:28:38,19,25,4796,9517
2023-02-07 13:28:42,19,26,4796,9517
2023-02-07 13:28:44,21,26,4796,9517
2023-02-07 13:28:55,21,27,4796,9517
2023-02-07 13:28:59,23,27,4796,9517
2023-02-07 13:28:59,23,28,4796,9517
2023-02-07 13:29:03,24,28,4796,9517
2023-02-07 13:29:04,27,28,4796,9517
2023-02-07 13:29:06,27,33,4814,9535
2023-02-07 13:29:10,29,33,4814,9535
2023-02-07 13:29:11,29,36,4814,9535
2023-02-07 13:29:15,29,35,4814,9535
2023-02-07 13:29:19,29,34,4814,9535
2023-02-07 13:29:19,27,34,4814,9535
2023-02-07 13:29:26,27,31,4814,9535
2023-02-07 13:29:37,29,31,4814,9535
2023-02-07 13:29:44,32,36,4832,9553
2023-02-07 13:29:44,32,38,4832,9553
2023-02-07 13:29:46,32,36,4832,9553
2023-02-07 13:29:50,32,38,4832,9553
2023-02-07 13:29:52,35,38,4832,9553
2023-02-07 13:29:56,27,38,4850,9571
2023-02-07 13:29:57,27,39,4850,9571
2023-02-07 13:30:01,27,43,4850,9571
2023-02-07 13:30:02,27,44,4850,9571
2023-02-07 13:30:02,27,43,4850,9571
2023-02-07 13:30:22,27,44,4850,9571
2023-02-07 13:30:26,27,35,4850,9571
2023-02-07 13:30:55,20,45,4850,9571
2023-02-07 13:30:56,28,45,4850,9571
2023-02-07 13:30:56,28,36,4850,9571
2023-02-07 13:31:26,28,45,4850,9571
2023-02-07 13:31:26,28,36,4850,9571
2023-02-07 13:31:55,20,45,4850,9571
2023-02-07 13:31:56,27,45,4850,9571
2023-02-07 13:31:57,27,35,4850,9571
2023-02-07 13:32:25,20,45,4850,9571
2023-02-07 13:32:27,29,45,4850,9571
2023-02-07 13:32:27,29,37,4850,9571
2023-02-07 13:32:56,20,44,4850,9571
2023-02-07 13:32:57,29,44,4850,9571
2023-02-07 13:32:58,29,37,4850,9571
2023-02-07 13:33:27,20,44,4850,9571
2023-02-07 13:33:28,20,45,4850,9571
2023-02-07 13:33:28,29,45,4850,9571
2023-02-07 13:33:28,29,44,4850,9571
2023-02-07 13:33:28,29,37,4850,9571
2023-02-07 13:33:58,28,45,4850,9571
2023-02-07 13:33:58,28,36,4850,9571
2023-02-07 13:34:27,25,44,4850,9571
2023-02-07 13:34:29,28,44,4850,9571
2023-02-07 13:34:29,28,36,4850,9571
2023-02-07 13:34:47,34,36,4850,9571
2023-02-07 13:34:47,36,42,4868,9589
2023-02-07 13:34:48,36,41,4868,9589
2023-02-07 13:35:01,36,37,4868,9589
2023-02-07 13:35:22,34,37,4868,9589
2023-02-07 13:35:22,32,37,4868,9589
2023-02-07 13:35:23,29,37,4868,9589
2023-02-07 13:35:23,35,37,4868,9589
2023-02-07 13:35:24,35,36,4868,9589
2023-02-07 13:35:28,35,37,4868,9589
2023-02-07 13:35:30,35,39,4868,9589
2023-02-07 13:35:35,35,38,4868,9589
2023-02-07 13:35:46,35,38,4904,9625
2023-02-07 13:35:47,35,39,4904,9625
2023-02-07 13:35:48,35,38,4904,9625
2023-02-07 13:35:48,36,38,4904,9625
2023-02-07 13:35:50,36,39,4904,9625
2023-02-07 13:36:01,36,41,4904,9625
2023-02-07 13:36:02,36,37,4904,9625
2023-02-07 13:36:19,32,37,4904,9625
2023-02-07 13:36:19,33,37,4904,9625
2023-02-07 13:36:19,37,42,4922,9643
2023-02-07 13:36:23,37,41,4922,9643
2023-02-07 13:36:27,37,39,4922,9643
2023-02-07 13:36:37,37,38,4922,9643
2023-02-07 13:36:45,37,39,4922,9643
2023-02-07 13:36:46,35,39,4922,9643
2023-02-07 13:36:49,35,38,4922,9643
2023-02-07 13:36:51,35,39,4922,9643
2023-02-07 13:36:52,35,38,4922,9643
2023-02-07 13:36:56,35,41,4922,9643
2023-02-07 13:36:57,35,40,4922,9643
2023-02-07 13:36:57,35,39,4922,9643
2023-02-07 13:37:03,35,38,4922,9643
2023-02-07 13:37:10,35,39,4922,9643
2023-02-07 13:37:11,35,38,4922,9643
2023-02-07 13:37:19,36,38,4922,9643
2023-02-07 13:37:20,36,39,4922,9643
2023-02-07 13:37:21,36,39,4929,9650
2023-02-07 13:37:25,36,38,4929,9650
2023-02-07 13:37:33,36,39,4929,9650
2023-02-07 13:37:37,36,38,4929,9650
2023-02-07 13:37:38,36,38,4956,9677
2023-02-07 13:37:38,36,39,4956,9677
2023-02-07 13:37:47,34,39,4956,9677
2023-02-07 13:37:47,32,39,4956,9677
2023-02-07 13:37:47,31,39,4956,9677
2023-02-07 13:37:48,33,39,4956,9677
2023-02-07 13:37:48,37,39,4956,9677
2023-02-07 13:37:58,37,42,4956,9677
2023-02-07 13:37:58,37,40,4956,9677
2023-02-07 13:38:28,37,43,4956,9677
2023-02-07 13:38:30,37,40,4956,9677
2023-02-07 13:38:59,37,43,4956,9677
2023-02-07 13:38:59,37,40,4956,9677
2023-02-07 13:39:29,37,43,4956,9677
2023-02-07 13:39:29,37,41,4956,9677
2023-02-07 13:39:59,37,43,4956,9677
2023-02-07 13:39:59,37,41,4956,9677
2023-02-07 13:40:30,37,42,4956,9677
2023-02-07 13:40:30,37,39,4956,9677
2023-02-07 13:40:50,38,39,4956,9677
2023-02-07 13:41:00,38,43,4956,9677
2023-02-07 13:41:00,38,39,4956,9677
2023-02-07 13:41:19,34,39,4956,9677
2023-02-07 13:41:19,31,39,4956,9677
2023-02-07 13:41:30,31,45,4956,9677
2023-02-07 13:41:31,31,39,4956,9677
2023-02-07 13:42:01,26,44,4956,9677
2023-02-07 13:42:02,30,44,4956,9677
2023-02-07 13:42:02,30,45,4956,9677
2023-02-07 13:42:02,30,38,4956,9677
2023-02-07 13:42:31,31,48,4956,9677
2023-02-07 13:42:32,31,39,4956,9677
2023-02-07 13:43:02,31,48,4956,9677
2023-02-07 13:43:02,31,39,4956,9677
2023-02-07 13:43:31,27,49,4956,9677
2023-02-07 13:43:31,27,50,4956,9677
2023-02-07 13:43:32,32,50,4956,9677
2023-02-07 13:43:32,32,40,4956,9677
2023-02-07 13:44:00,27,40,4956,9677
2023-02-07 13:44:02,32,50,4956,9677
2023-02-07 13:44:03,32,40,4956,9677
2023-02-07 13:44:31,27,51,4956,9677
2023-02-07 13:44:33,32,51,4956,9677
2023-02-07 13:44:33,32,40,4956,9677
2023-02-07 13:44:49,34,40,4956,9677
2023-02-07 13:44:49,36,40,4956,9677
2023-02-07 13:45:03,36,41,4956,9677
2023-02-07 13:45:20,33,41,4956,9677
2023-02-07 13:45:34,27,51,4956,9677
2023-02-07 13:45:37,33,51,4956,9677
2023-02-07 13:45:37,33,41,4956,9677
2023-02-07 13:45:51,27,51,4956,9677
2023-02-07 13:45:56,33,51,4956,9677
2023-02-07 13:45:57,33,41,4956,9677
2023-02-07 13:46:12,27,51,4956,9677
2023-02-07 13:46:14,27,52,4956,9677
2023-02-07 13:46:14,27,51,4956,9677
2023-02-07 13:46:17,32,51,4956,9677
2023-02-07 13:46:17,32,40,4956,9677
2023-02-07 13:46:32,27,51,4956,9677
2023-02-07 13:46:37,32,51,4956,9677
2023-02-07 13:46:37,32,40,4956,9677
2023-02-07 13:46:51,27,51,4956,9677
2023-02-07 13:46:53,27,52,4956,9677
2023-02-07 13:46:53,27,51,4956,9677
2023-02-07 13:46:57,32,51,4956,9677
2023-02-07 13:46:57,32,40,4956,9677
2023-02-07 13:47:12,27,51,4956,9677
2023-02-07 13:47:14,27,52,4956,9677
2023-02-07 13:47:14,27,51,4956,9677
2023-02-07 13:47:17,31,51,4956,9677
2023-02-07 13:47:17,33,51,4956,9677
2023-02-07 13:47:17,33,44,4956,9677
2023-02-07 13:47:17,33,40,4956,9677
2023-02-07 13:47:18,35,40,4956,9677
2023-02-07 13:47:46,35,41,4956,9677
2023-02-07 13:47:46,33,41,4956,9677
2023-02-07 13:47:47,36,41,4956,9677
2023-02-07 13:47:59,36,40,4956,9677
2023-02-07 13:48:18,36,41,4956,9677
2023-02-07 13:48:18,36,43,4956,9677
2023-02-07 13:48:18,33,43,4956,9677
2023-02-07 13:48:18,35,52,4956,9677
2023-02-07 13:48:18,35,44,4956,9677
2023-02-07 13:48:19,35,40,4956,9677
2023-02-07 13:48:40,35,39,4956,9677
2023-02-07 13:48:49,33,39,4956,9677
2023-02-07 13:48:49,31,39,4956,9677
2023-02-07 13:48:49,32,39,4956,9677
2023-02-07 13:48:50,34,39,4956,9677
2023-02-07 13:49:16,34,38,4956,9677
2023-02-07 13:49:16,33,38,4956,9677
2023-02-07 13:50:22,32,38,4956,9677
2023-02-07 13:50:23,32,40,4956,9677
2023-02-07 13:50:24,32,39,4956,9677
2023-02-07 13:50:24,34,39,4956,9677
2023-02-07 13:50:49,34,38,4956,9677
2023-02-07 13:50:49,32,38,4956,9677
2023-02-07 13:50:49,31,38,4956,9677
2023-02-07 13:50:49,33,38,4956,9677
2023-02-07 13:51:18,33,39,4956,9677
2023-02-07 13:51:43,33,38,4956,9677
2023-02-07 13:51:43,33,39,4956,9677
2023-02-07 13:51:49,36,39,4956,9677
2023-02-07 13:51:49,36,41,4956,9677
2023-02-07 13:52:03,36,40,4956,9677
2023-02-07 13:52:09,36,41,4956,9677
2023-02-07 13:52:17,34,41,4956,9677
2023-02-07 13:52:17,34,52,4956,9677
2023-02-07 13:52:18,34,51,4956,9677
2023-02-07 13:52:18,27,51,4956,9677
2023-02-07 13:52:23,33,51,4956,9677
2023-02-07 13:52:23,33,41,4956,9677
2023-02-07 13:52:37,27,51,4956,9677
2023-02-07 13:52:37,27,52,4956,9677
2023-02-07 13:52:38,27,51,4956,9677
2023-02-07 13:52:39,27,52,4956,9677
2023-02-07 13:52:39,27,51,4956,9677
2023-02-07 13:52:44,33,51,4956,9677
2023-02-07 13:52:44,33,41,4956,9677
2023-02-07 13:52:57,27,51,4956,9677
2023-02-07 13:52:58,27,52,4956,9677
2023-02-07 13:52:58,27,51,4956,9677
2023-02-07 13:53:00,27,52,4956,9677
2023-02-07 13:53:00,27,51,4956,9677
2023-02-07 13:53:02,27,52,4956,9677
2023-02-07 13:53:03,27,51,4956,9677
2023-02-07 13:53:04,33,51,4956,9677
2023-02-07 13:53:04,33,41,4956,9677
2023-02-07 13:53:17,27,51,4956,9677
2023-02-07 13:53:19,27,52,4956,9677
2023-02-07 13:53:19,27,51,4956,9677
2023-02-07 13:53:21,27,52,4956,9677
2023-02-07 13:53:21,27,51,4956,9677
2023-02-07 13:53:21,27,52,4956,9677
2023-02-07 13:53:23,27,51,4956,9677
2023-02-07 13:53:24,33,51,4956,9677
2023-02-07 13:53:24,33,41,4956,9677
2023-02-07 13:53:38,27,51,4956,9677
2023-02-07 13:53:44,33,51,4956,9677
2023-02-07 13:53:44,33,41,4956,9677
2023-02-07 13:53:48,34,41,4956,9677
2023-02-07 13:53:49,36,41,4956,9677
2023-02-07 13:53:58,36,42,4956,9677
2023-02-07 13:54:05,36,41,4956,9677
2023-02-07 13:54:20,36,42,4956,9677
2023-02-07 13:54:47,37,42,4956,9677
2023-02-07 13:55:06,37,41,4956,9677
2023-02-07 13:55:19,37,42,4956,9677
2023-02-07 13:55:26,37,41,4956,9677
2023-02-07 13:55:41,37,42,4956,9677
2023-02-07 13:55:47,37,41,4956,9677
2023-02-07 13:55:48,35,41,4956,9677
2023-02-07 13:55:48,33,41,4956,9677
2023-02-07 13:55:48,34,41,4956,9677
2023-02-07 13:55:49,36,41,4956,9677
2023-02-07 13:56:16,34,41,4956,9677
2023-02-07 13:56:16,33,41,4956,9677
2023-02-07 13:56:16,35,41,4956,9677
2023-02-07 13:56:45,31,41,4956,9677
2023-02-07 13:56:45,32,41,4956,9677
2023-02-07 13:56:45,34,41,4956,9677
2023-02-07 13:56:45,36,41,4956,9677
2023-02-07 13:57:18,36,42,4956,9677
2023-02-07 13:57:19,34,42,4956,9677
2023-02-07 13:57:19,37,42,4956,9677
2023-02-07 13:57:47,36,42,4956,9677
2023-02-07 13:57:48,36,41,4956,9677
2023-02-07 14:00:26,35,41,4956,9677
2023-02-07 14:00:49,33,41,4956,9677
2023-02-07 14:00:50,34,41,4956,9677
2023-02-07 14:00:50,36,41,4956,9677
2023-02-07 14:01:17,34,41,4956,9677
2023-02-07 14:01:17,33,41,4956,9677
2023-02-07 14:01:26,29,41,4956,9677
2023-02-07 14:01:32,31,41,4956,9677
2023-02-07 14:01:33,31,39,4956,9677
2023-02-07 14:01:46,29,41,4956,9677
2023-02-07 14:01:48,29,44,4956,9677
2023-02-07 14:01:53,33,44,4956,9677
2023-02-07 14:01:53,33,41,4956,9677
2023-02-07 14:02:06,29,41,4956,9677
2023-02-07 14:02:11,29,43,4956,9677
2023-02-07 14:02:13,33,43,4956,9677
2023-02-07 14:02:13,33,41,4956,9677
2023-02-07 14:02:27,29,43,4956,9677
2023-02-07 14:02:33,33,45,4956,9677
2023-02-07 14:02:34,33,41,4956,9677
2023-02-07 14:02:54,32,45,4956,9677
2023-02-07 14:02:54,32,40,4956,9677
2023-02-07 14:03:05,32,38,4956,9677
2023-02-07 14:03:07,27,38,4956,9677
2023-02-07 14:03:13,27,36,4956,9677
2023-02-07 14:03:15,29,36,4956,9677
2023-02-07 14:03:22,29,34,4956,9677
2023-02-07 14:03:28,27,34,4956,9677
2023-02-07 14:03:34,28,34,4956,9677
2023-02-07 14:03:54,23,34,4956,9677
2023-02-07 14:03:55,27,34,4956,9677
2023-02-07 14:03:57,27,35,4956,9677
2023-02-07 14:03:57,27,32,4956,9677
2023-02-07 14:04:03,27,35,4956,9677
2023-02-07 14:04:03,27,34,4956,9677
2023-02-07 14:04:10,24,34,4956,9677
2023-02-07 14:04:16,27,34,4956,9677
2023-02-07 14:04:31,25,34,4956,9677
2023-02-07 14:04:36,28,34,4956,9677
2023-02-07 14:04:44,28,35,4956,9677
2023-02-07 14:04:51,25,35,4956,9677
2023-02-07 14:04:51,25,34,4956,9677
2023-02-07 14:04:56,27,34,4956,9677
2023-02-07 14:05:07,27,35,4956,9677
2023-02-07 14:05:10,25,35,4956,9677
2023-02-07 14:05:10,25,34,4956,9677
2023-02-07 14:05:16,27,34,4956,9677
2023-02-07 14:05:17,27,35,4956,9677
2023-02-07 14:05:23,27,34,4956,9677
2023-02-07 14:05:31,26,34,4956,9677
2023-02-07 14:05:32,26,34,4956,9677
2023-02-07 14:05:36,27,34,4956,9677
2023-02-07 14:05:49,27,35,4956,9677
2023-02-07 14:05:50,29,35,4956,9677
2023-02-07 14:05:52,29,34,4956,9677
2023-02-07 14:05:53,29,35,4956,9677
2023-02-07 14:05:54,29,34,4956,9677
2023-02-07 14:05:55,29,35,4956,9677
2023-02-07 14:06:07,29,34,4956,9677
2023-02-07 14:06:09,29,35,4956,9677
2023-02-07 14:06:18,28,35,4956,9677
2023-02-07 14:06:19,30,35,4956,9677
2023-02-07 14:06:21,30,34,4956,9677
2023-02-07 14:06:29,30,35,4956,9677
2023-02-07 14:06:37,30,34,4956,9677
2023-02-07 14:06:42,30,33,4956,9677
2023-02-07 14:06:47,29,33,4956,9677
2023-02-07 14:06:49,29,34,4956,9677
2023-02-07 14:06:51,29,33,4956,9677
2023-02-07 14:07:01,29,31,4956,9677
2023-02-07 14:07:01,29,31,4956,9713
2023-02-07 14:07:03,28,29,4956,9767
2023-02-07 14:07:03,27,29,4946,9785
2023-02-07 14:07:04,27,29,4964,9803
2023-02-07 14:07:17,27,35,4964,9803
2023-02-07 14:07:17,26,27,4964,9849
2023-02-07 14:07:21,26,27,4964,9949
2023-02-07 14:07:22,26,29,4964,9949
2023-02-07 14:07:22,24,25,4995,9980
2023-02-07 14:07:31,24,29,4995,9980
2023-02-07 14:07:31,24,29,5000,9985
2023-02-07 14:07:32,24,30,5000,9985
2023-02-07 14:07:33,24,31,5000,9985
2023-02-07 14:07:34,24,30,5000,9985
2023-02-07 14:07:34,22,24,5000,10056
2023-02-07 14:07:48,18,24,5000,10056
2023-02-07 14:07:49,18,24,4990,10066
2023-02-07 14:07:49,16,24,4979,10077
2023-02-07 14:07:51,16,24,4968,10088
2023-02-07 14:07:51,16,20,4968,10088
2023-02-07 14:08:06,18,20,4968,10088
2023-02-07 14:08:07,18,21,4968,10088
2023-02-07 14:08:10,18,22,4968,10088
2023-02-07 14:08:13,20,22,4968,10088
2023-02-07 14:08:13,20,23,4968,10088
2023-02-07 14:08:15,18,23,4968,10088
2023-02-07 14:08:16,20,23,4968,10088
2023-02-07 14:08:27,20,24,4968,10088
2023-02-07 14:08:31,20,26,4968,10088
2023-02-07 14:08:33,23,27,4968,10088
2023-02-07 14:08:41,20,27,4968,10088
2023-02-07 14:08:41,20,25,4968,10088
2023-02-07 14:08:46,22,25,4968,10088
2023-02-07 14:08:53,20,25,4968,10088
2023-02-07 14:08:58,20,25,4972,10092
2023-02-07 14:08:58,20,42,4972,10092
2023-02-07 14:08:59,20,41,4972,10092
2023-02-07 14:08:59,20,23,4972,10092
2023-02-07 14:09:22,19,23,4972,10092
2023-02-07 14:09:23,19,27,4972,10092
2023-02-07 14:09:23,19,21,4972,10092
2023-02-07 14:09:36,16,21,4972,10092
2023-02-07 14:09:44,18,21,4972,10092
2023-02-07 14:09:51,18,24,4972,10092
2023-02-07 14:09:52,18,23,4972,10092
2023-02-07 14:09:53,20,23,4972,10092
2023-02-07 14:09:55,18,23,4972,10092
2023-02-07 14:09:58,20,23,4972,10092
2023-02-07 14:10:02,18,23,4972,10092
2023-02-07 14:10:15,20,23,4972,10092
2023-02-07 14:10:17,20,25,4972,10092
2023-02-07 14:10:22,19,25,4972,10092
2023-02-07 14:10:22,19,23,4972,10092
2023-02-07 14:10:25,19,27,4972,10092
2023-02-07 14:10:25,19,21,4972,10092
2023-02-07 14:10:32,16,19,4972,10102
2023-02-07 14:10:35,13,19,4972,10102
2023-02-07 14:10:36,13,17,4972,10102
2023-02-07 14:10:47,15,17,4972,10102
2023-02-07 14:10:47,15,19,4972,10102
2023-02-07 14:11:02,16,19,4972,10102
2023-02-07 14:11:22,15,19,4972,10102
2023-02-07 14:11:33,15,22,4990,10120
2023-02-07 14:11:34,17,22,4990,10120
2023-02-07 14:11:42,17,29,4990,10120
2023-02-07 14:11:43,17,24,4990,10120
2023-02-07 14:12:03,17,29,4990,10120
2023-02-07 14:12:03,17,24,4990,10120
2023-02-07 14:12:20,17,23,4990,10120
2023-02-07 14:12:20,17,21,4990,10120
2023-02-07 14:12:28,17,23,4990,10186
2023-02-07 14:12:29,16,23,4990,10186
2023-02-07 14:12:32,17,23,4990,10186
2023-02-07 14:12:34,16,23,4990,10186
2023-02-07 14:12:44,16,20,4990,10186
2023-02-07 14:13:16,15,20,4990,10186
2023-02-07 14:13:17,14,20,4990,10186
2023-02-07 14:13:18,14,18,4990,10186
2023-02-07 14:13:44,15,18,4990,10186
2023-02-07 14:13:46,15,22,4990,10186
2023-02-07 14:13:47,15,21,4990,10186
2023-02-07 14:13:47,15,17,4990,10186
2023-02-07 14:14:00,14,17,4990,10186
2023-02-07 14:14:01,13,17,4990,10186
2023-02-07 14:14:17,13,18,4990,10186
2023-02-07 14:14:18,14,18,4990,10186
2023-02-07 14:14:48,14,17,4990,10186
2023-02-07 14:14:49,13,17,4990,10186
2023-02-07 14:15:42,12,17,4990,10248
2023-02-07 14:15:50,12,15,4990,10248
2023-02-07 14:16:01,11,15,4990,10248
2023-02-07 14:16:19,11,17,4990,10248
2023-02-07 14:16:19,11,16,4990,10248
2023-02-07 14:16:19,11,17,4990,10248
2023-02-07 14:16:21,11,16,4990,10248
2023-02-07 14:16:30,11,24,4990,10248
2023-02-07 14:16:31,11,23,4990,10248
2023-02-07 14:16:37,11,15,4990,10248
2023-02-07 14:16:40,11,14,4990,10248
2023-02-07 14:16:48,11,14,5007,10265
2023-02-07 14:16:49,11,15,5007,10265
2023-02-07 14:16:52,11,23,5007,10265
2023-02-07 14:16:52,11,24,5007,10265
2023-02-07 14:16:57,11,17,5007,10265
2023-02-07 14:17:17,11,24,5007,10265
2023-02-07 14:17:17,11,17,5007,10265
2023-02-07 14:17:38,11,24,5007,10265
2023-02-07 14:17:38,11,15,5007,10265
2023-02-07 14:17:58,11,24,5007,10265
2023-02-07 14:17:58,11,18,5007,10265
2023-02-07 14:18:19,11,24,5007,10265
2023-02-07 14:18:20,11,17,5007,10265
2023-02-07 14:18:40,11,24,5007,10265
2023-02-07 14:18:40,11,17,5007,10265
2023-02-07 14:19:00,11,24,5007,10265
2023-02-07 14:19:00,11,16,5007,10265
2023-02-07 14:19:14,11,23,5007,10265
2023-02-07 14:19:14,11,24,5007,10265
2023-02-07 14:19:17,11,13,5007,10265
2023-02-07 14:19:17,11,12,5007,10265
2023-02-07 14:20:35,11,14,5007,10398
2023-02-07 14:20:41,12,14,5007,10398
2023-02-07 14:20:47,12,19,5007,10444
2023-02-07 14:20:48,12,16,5007,10444
2023-02-07 14:20:58,11,16,5007,10444
2023-02-07 14:21:02,12,16,5007,10444
2023-02-07 14:21:10,12,18,5007,10521
2023-02-07 14:21:15,13,18,5007,10521
2023-02-07 14:21:17,13,20,5007,10592
2023-02-07 14:21:19,12,20,5007,10592
2023-02-07 14:21:23,14,20,5007,10592
2023-02-07 14:21:42,13,20,5007,10592
2023-02-07 14:21:48,13,21,5007,10592
2023-02-07 14:22:02,14,25,5007,10592
2023-02-07 14:22:03,14,22,5007,10592
2023-02-07 14:22:19,12,20,5007,10592
2023-02-07 14:22:19,14,20,5007,10592
2023-02-07 14:22:19,14,18,5007,10592
2023-02-07 14:23:18,14,21,5007,10592
2023-02-07 14:23:18,14,19,5007,10592
2023-02-07 14:23:18,13,19,5007,10592
2023-02-07 14:23:18,13,17,5007,10592
2023-02-07 14:23:49,13,18,5007,10592
2023-02-07 14:23:49,12,18,5007,10635
2023-02-07 14:23:50,12,13,5007,10635
2023-02-07 14:23:51,11,13,5007,10635
2023-02-07 14:24:17,11,15,5007,10635
2023-02-07 14:24:17,11,17,5007,10635
2023-02-07 14:24:25,11,25,5007,10635
2023-02-07 14:24:25,11,16,5007,10635
2023-02-07 14:24:45,11,25,5007,10635
2023-02-07 14:24:45,11,18,5007,10635
2023-02-07 14:25:00,11,42,5007,10635
2023-02-07 14:25:00,11,98,5007,10635
2023-02-07 14:25:01,11,97,5007,10635
2023-02-07 14:25:01,11,20,5007,10635
2023-02-07 14:25:07,11,17,5007,10635
2023-02-07 14:25:27,11,20,5007,10635
2023-02-07 14:25:27,11,18,5007,10635
2023-02-07 14:25:47,11,20,5007,10635
2023-02-07 14:25:48,11,13,5007,10635
2023-02-07 14:26:02,11,14,5007,10635
2023-02-07 14:26:17,11,12,5007,10635
2023-02-07 14:26:47,11,14,5007,10635
2023-02-07 14:27:17,11,18,5007,10635
2023-02-07 14:27:29,11,20,5007,10635
2023-02-07 14:27:29,11,18,5007,10635
2023-02-07 14:27:50,11,20,5007,10635
2023-02-07 14:27:50,11,19,5007,10635
2023-02-07 14:28:05,11,20,5007,10635
2023-02-07 14:28:10,12,20,5007,10635
2023-02-07 14:28:26,11,20,5007,10635
2023-02-07 14:28:29,11,19,5007,10635
2023-02-07 14:28:46,11,17,5007,10635
2023-02-07 14:28:47,11,15,5007,10635
2023-02-07 14:30:49,11,13,5007,10635
2023-02-07 14:31:17,11,17,5007,10635
2023-02-07 14:31:27,11,20,5007,10635
2023-02-07 14:31:33,11,18,5007,10635
2023-02-07 14:31:54,11,20,5007,10635
2023-02-07 14:31:54,11,17,5007,10635
2023-02-07 14:32:14,11,20,5007,10635
2023-02-07 14:32:14,11,15,5007,10635
2023-02-07 14:32:28,11,20,5007,10635
2023-02-07 14:32:28,11,19,5007,10635
2023-02-07 14:32:34,11,14,5007,10635
2023-02-07 14:32:37,8,11,5007,10729
2023-02-07 14:32:44,8,13,5007,10729
2023-02-07 14:32:46,6,13,5007,10729
2023-02-07 14:32:48,5,13,5007,10729
2023-02-07 14:32:48,5,20,5007,10729
2023-02-07 14:32:51,5,19,5007,10729
2023-02-07 14:32:55,5,11,5007,10729
2023-02-07 14:33:07,5,10,5007,10729
2023-02-07 14:33:26,3,10,5007,10729
2023-02-07 14:33:36,3,20,5007,10729
2023-02-07 14:33:36,3,10,5007,10729
2023-02-07 14:33:50,3,19,5007,10729
2023-02-07 14:33:50,3,20,5007,10729
2023-02-07 14:33:56,3,10,5007,10729
2023-02-07 14:34:17,3,20,5007,10729
2023-02-07 14:34:17,3,10,5007,10729
2023-02-07 14:34:32,3,19,5007,10729
2023-02-07 14:34:37,3,11,5007,10729
2023-02-07 14:34:54,3,19,5007,10729
2023-02-07 14:34:57,3,11,5007,10729
2023-02-07 14:35:18,3,13,5007,10729
2023-02-07 14:35:18,3,11,5007,10729
2023-02-07 14:35:37,3,13,5007,10729
2023-02-07 14:35:38,3,11,5007,10729
2023-02-07 14:35:58,3,13,5007,10729
2023-02-07 14:35:58,3,10,5007,10729
2023-02-07 14:36:18,3,13,5007,10729
2023-02-07 14:36:18,3,10,5007,10729
2023-02-07 14:36:38,3,13,5007,10729
2023-02-07 14:36:39,3,11,5007,10729
2023-02-07 14:36:57,3,13,5007,10729
2023-02-07 14:37:00,4,13,5007,10729
2023-02-07 14:37:00,4,12,5007,10729
2023-02-07 14:37:19,3,13,5007,10729
2023-02-07 14:37:19,3,10,5007,10729
2023-02-07 14:37:39,3,13,5007,10729
2023-02-07 14:37:39,3,11,5007,10729
2023-02-07 14:38:00,4,13,5007,10729
2023-02-07 14:38:00,4,12,5007,10729
2023-02-07 14:38:00,4,8,5007,10729
2023-02-07 14:39:01,3,8,5007,10729
2023-02-07 14:39:22,4,8,5007,10729
2023-02-07 14:39:41,3,8,5007,10729
2023-02-07 14:40:03,4,8,5007,10729
2023-02-07 14:42:02,3,8,5007,10729
2023-02-07 14:42:05,4,8,5007,10729
2023-02-07 14:42:19,3,8,5007,10729
2023-02-07 14:44:26,4,8,5007,10729
2023-02-07 14:45:27,3,8,5007,10729
2023-02-07 14:52:16,3,9,5007,10729
2023-02-07 14:52:36,3,8,5007,10729
2023-02-07 14:53:55,3,11,5007,10729
2023-02-07 14:53:57,3,8,5007,10729
2023-02-07 14:54:37,3,7,5007,10729
2023-02-07 14:55:12,3,8,5007,10729
2023-02-07 14:55:40,3,7,5007,10729
2023-02-07 14:56:40,3,8,5007,10729
2023-02-07 14:56:41,3,7,5007,10729
2023-02-07 14:56:41,3,8,5007,10729
2023-02-07 14:57:20,3,7,5007,10729
2023-02-07 14:57:41,3,8,5007,10729
2023-02-07 15:00:08,3,7,5007,10729
2023-02-07 15:00:08,3,8,5007,10729
2023-02-07 15:00:12,3,7,5007,10729
2023-02-07 15:00:13,3,7,5007,10739
2023-02-07 15:00:24,3,6,5007,10739
2023-02-07 15:00:45,3,7,5007,10739
2023-02-07 15:00:51,2,3,4981,10765
2023-02-07 15:03:09,2,3,5205,10989
2023-02-07 15:03:09,2,3,5241,11025
2023-02-07 15:09:22,2,6,5241,11054
2023-02-07 15:09:22,2,5,5241,11054
2023-02-07 15:09:27,2,6,5241,11054
2023-02-07 15:09:53,2,6,5249,11062
2023-02-07 15:11:41,2,5,5249,11062
2023-02-07 15:13:02,2,6,5249,11062
2023-02-07 15:14:23,2,5,5249,11062
2023-02-07 15:15:04,2,6,5249,11062
2023-02-07 15:15:24,2,4,5249,11062
2023-02-07 15:15:58,1,6,5249,11189
2023-02-07 15:16:05,1,4,5249,11189
2023-02-07 15:21:55,1,3,5249,11189
2023-02-07 15:22:08,1,6,5249,11189
2023-02-07 15:22:13,1,4,5249,11189
2023-02-07 15:22:27,1,3,5249,11189
2023-02-07 15:22:27,1,6,5249,11189
2023-02-07 15:22:27,1,6,5257,11197
2023-02-07 15:22:34,1,4,5257,11197
2023-02-07 15:24:38,1,5,5257,11197
2023-02-07 15:25:26,0,5,6249,12189
2023-02-07 15:25:59,0,6,6249,12189
2023-02-07 15:26:13,0,5,6249,12189
2023-02-07 15:26:13,0,6,6249,12189
2023-02-07 15:26:43,0,5,6249,12189
2023-02-07 15:26:52,0,6,6249,12189
2023-02-07 15:28:28,0,1,6249,12189
