datetime,bid,ask,open_interest,volume
2023-02-07 09:30:15,2,6,50,50
2023-02-07 09:32:07,1,6,50,50
2023-02-07 09:38:53,2,6,50,50
2023-02-07 09:40:48,3,6,50,50
2023-02-07 09:41:48,2,6,50,50
2023-02-07 09:42:19,3,6,50,50
2023-02-07 09:42:47,2,6,50,50
2023-02-07 09:43:17,3,6,50,50
2023-02-07 09:44:45,2,6,50,50
2023-02-07 09:44:45,3,6,50,50
2023-02-07 09:47:46,2,6,50,50
2023-02-07 09:48:35,3,6,50,50
2023-02-07 09:48:47,3,5,50,50
2023-02-07 09:50:23,3,6,50,50
2023-02-07 09:51:18,3,7,50,50
2023-02-07 09:51:42,3,6,50,50
2023-02-07 09:51:51,3,7,50,50
2023-02-07 09:51:52,3,6,50,50
2023-02-07 09:53:17,3,5,50,50
2023-02-07 09:53:55,3,4,50,50
2023-02-07 11:08:40,3,4,86,86
2023-02-07 11:15:13,3,6,86,86
2023-02-07 11:15:32,3,5,86,86
2023-02-07 11:28:55,5,6,86,88
2023-02-07 11:29:47,3,5,63,111
2023-02-07 11:30:48,3,6,63,111
2023-02-07 11:31:19,3,5,63,111
2023-02-07 11:32:22,3,6,232,307
2023-02-07 11:32:49,3,5,232,307
2023-02-07 11:33:05,3,5,346,421
2023-02-07 11:33:16,3,6,346,421
2023-02-07 11:33:46,3,7,451,526
2023-02-07 11:33:47,4,7,451,526
2023-02-07 11:33:47,4,8,451,526
2023-02-07 11:34:18,4,9,605,680
2023-02-07 11:34:47,5,9,605,680
2023-02-07 11:34:47,5,8,605,680
2023-02-07 11:35:21,5,8,623,698
2023-02-07 11:35:47,4,8,623,698
2023-02-07 11:36:18,5,8,623,698
2023-02-07 11:36:18,5,9,623,698
2023-02-07 11:37:24,5,8,623,698
2023-02-07 11:38:19,4,8,623,698
2023-02-07 11:39:48,3,8,623,698
2023-02-07 11:39:50,4,8,623,698
2023-02-07 11:40:24,5,8,623,698
2023-02-07 11:40:39,5,8,641,716
2023-02-07 11:40:49,4,8,641,716
2023-02-07 11:41:47,3,8,641,716
2023-02-07 11:41:47,4,8,641,716
2023-02-07 11:43:03,6,8,641,716
2023-02-07 11:43:20,6,7,641,716
2023-02-07 11:43:33,4,7,641,716
2023-02-07 11:43:52,4,8,641,716
2023-02-07 11:44:19,3,8,641,716
2023-02-07 11:44:19,4,8,641,716
2023-02-07 11:44:46,5,8,641,716
2023-02-07 11:45:46,4,8,641,716
2023-02-07 11:46:47,7,8,641,716
2023-02-07 11:46:49,7,9,641,716
2023-02-07 11:47:17,5,9,641,716
2023-02-07 11:47:18,5,8,641,716
2023-02-07 11:48:18,5,9,641,716
2023-02-07 11:50:14,7,9,641,716
2023-02-07 11:50:25,7,8,641,716
2023-02-07 11:50:46,7,10,641,716
2023-02-07 11:50:47,7,9,641,716
2023-02-07 11:51:14,5,9,641,716
2023-02-07 11:51:15,7,9,641,716
2023-02-07 11:51:44,5,9,641,716
2023-02-07 11:51:46,7,9,641,716
2023-02-07 11:51:49,7,8,641,716
2023-02-07 11:52:21,7,9,641,716
2023-02-07 11:52:44,5,9,641,716
2023-02-07 11:52:46,7,9,641,716
2023-02-07 11:53:17,5,9,641,716
2023-02-07 11:53:17,7,9,641,716
2023-02-07 11:54:22,7,8,641,716
2023-02-07 11:55:18,6,8,641,716
2023-02-07 11:56:18,4,8,641,716
2023-02-07 11:56:18,4,7,641,716
2023-02-07 11:56:20,6,7,641,716
2023-02-07 11:57:20,4,7,649,724
2023-02-07 11:57:48,4,8,649,724
2023-02-07 11:57:48,3,8,649,724
2023-02-07 11:57:49,4,8,649,724
2023-02-07 11:57:53,7,8,649,724
2023-02-07 11:58:54,6,8,649,724
2023-02-07 11:59:19,6,7,649,724
2023-02-07 12:00:51,3,7,649,724
2023-02-07 12:00:51,6,7,649,724
2023-02-07 12:02:19,3,7,649,724
2023-02-07 12:03:20,4,7,649,724
2023-02-07 12:04:44,4,7,657,732
2023-02-07 12:04:51,4,8,657,732
2023-02-07 12:05:15,7,8,657,732
2023-02-07 12:06:52,6,8,657,732
2023-02-07 12:07:20,4,7,657,732
2023-02-07 12:07:22,6,7,657,732
2023-02-07 12:07:47,6,8,657,732
2023-02-07 12:07:52,7,8,657,732
2023-02-07 12:09:54,6,8,657,732
2023-02-07 12:10:23,4,8,657,732
2023-02-07 12:10:23,4,7,657,732
2023-02-07 12:10:25,6,7,657,732
2023-02-07 12:10:55,4,7,665,740
2023-02-07 12:11:18,4,8,665,740
2023-02-07 12:11:25,7,8,665,740
2023-02-07 12:11:55,6,8,665,740
2023-02-07 12:12:18,6,7,665,740
2023-02-07 12:13:18,6,8,665,740
2023-02-07 12:13:18,6,7,665,740
2023-02-07 12:13:56,3,7,665,740
2023-02-07 12:13:56,6,7,665,740
2023-02-07 12:14:17,3,6,673,748
2023-02-07 12:14:27,3,6,681,756
2023-02-07 12:14:57,3,6,689,764
2023-02-07 12:15:20,3,7,689,764
2023-02-07 12:15:27,6,7,689,764
2023-02-07 12:15:58,3,7,689,764
2023-02-07 12:15:58,6,7,689,764
2023-02-07 12:16:27,3,7,689,764
2023-02-07 12:16:29,6,7,689,764
2023-02-07 12:16:48,6,8,689,764
2023-02-07 12:16:48,6,7,689,764
2023-02-07 12:16:58,3,7,689,764
2023-02-07 12:16:59,6,7,689,764
2023-02-07 12:17:18,3,6,697,772
2023-02-07 12:17:29,3,6,705,780
2023-02-07 12:17:59,3,6,713,788
2023-02-07 12:18:18,3,7,713,788
2023-02-07 12:18:29,6,7,713,788
2023-02-07 12:18:59,3,6,713,788
2023-02-07 12:19:00,3,7,713,796
2023-02-07 12:19:30,6,7,713,796
2023-02-07 12:19:48,3,6,721,804
2023-02-07 12:20:01,3,6,729,812
2023-02-07 12:20:20,5,6,729,812
2023-02-07 12:20:49,3,6,729,812
2023-02-07 12:20:52,5,6,729,812
2023-02-07 12:21:20,3,6,729,812
2023-02-07 12:21:20,3,5,729,812
2023-02-07 12:21:22,3,5,737,820
2023-02-07 12:21:49,3,6,737,820
2023-02-07 12:21:50,3,8,737,820
2023-02-07 12:21:52,5,8,737,820
2023-02-07 12:22:20,3,8,737,820
2023-02-07 12:22:22,5,8,737,820
2023-02-07 12:22:52,3,8,737,820
2023-02-07 12:22:53,5,8,737,820
2023-02-07 12:23:20,5,6,737,820
2023-02-07 12:23:20,3,5,745,828
2023-02-07 12:23:24,4,5,745,828
2023-02-07 12:23:47,4,6,745,828
2023-02-07 12:23:49,4,8,745,828
2023-02-07 12:23:53,3,8,745,828
2023-02-07 12:23:54,4,8,745,828
2023-02-07 12:24:33,3,8,745,828
2023-02-07 12:24:34,4,8,745,828
2023-02-07 12:25:04,3,8,745,828
2023-02-07 12:25:04,4,8,745,828
2023-02-07 12:25:34,3,8,745,828
2023-02-07 12:25:35,4,8,745,828
2023-02-07 12:26:05,3,8,745,828
2023-02-07 12:26:07,4,8,745,828
2023-02-07 12:26:35,3,8,745,828
2023-02-07 12:26:36,4,8,745,828
2023-02-07 12:27:14,4,12,745,828
2023-02-07 12:27:21,4,10,745,828
2023-02-07 12:27:22,4,9,745,828
2023-02-07 12:27:24,4,10,745,828
2023-02-07 12:27:25,4,9,745,828
2023-02-07 12:27:34,3,9,745,828
2023-02-07 12:27:36,4,9,745,828
2023-02-07 12:27:47,3,4,753,836
2023-02-07 12:28:06,3,4,761,844
2023-02-07 12:28:21,3,5,761,844
2023-02-07 12:28:21,3,6,761,844
2023-02-07 12:28:21,3,10,761,844
2023-02-07 12:28:37,4,10,761,844
2023-02-07 12:29:07,3,10,761,844
2023-02-07 12:29:07,4,10,761,844
2023-02-07 12:29:35,3,10,761,844
2023-02-07 12:30:17,4,10,761,844
2023-02-07 12:32:20,5,10,761,844
2023-02-07 12:32:49,4,9,761,844
2023-02-07 12:32:50,5,9,761,844
2023-02-07 12:33:17,5,6,761,844
2023-02-07 12:33:17,4,5,773,856
2023-02-07 12:34:17,3,5,773,856
2023-02-07 12:34:18,3,7,773,856
2023-02-07 12:34:18,3,10,773,856
2023-02-07 12:34:19,3,9,773,856
2023-02-07 12:34:19,4,9,773,856
2023-02-07 12:34:45,4,10,773,856
2023-02-07 12:34:48,3,9,773,856
2023-02-07 12:34:48,3,5,773,856
2023-02-07 12:34:48,3,4,773,856
2023-02-07 12:34:50,3,4,785,868
2023-02-07 12:35:19,3,5,871,954
2023-02-07 12:35:20,4,5,871,954
2023-02-07 12:35:24,4,10,871,954
2023-02-07 12:35:26,4,9,871,954
2023-02-07 12:35:45,4,10,871,954
2023-02-07 12:35:48,3,9,871,954
2023-02-07 12:35:51,4,9,871,954
2023-02-07 12:36:07,4,10,871,954
2023-02-07 12:36:19,3,9,871,954
2023-02-07 12:36:22,4,9,871,954
2023-02-07 12:36:49,4,7,871,954
2023-02-07 12:36:49,4,6,871,954
2023-02-07 12:36:49,4,5,871,954
2023-02-07 12:36:58,4,5,1085,1168
2023-02-07 12:37:19,4,6,1085,1168
2023-02-07 12:37:21,5,6,1085,1168
2023-02-07 12:37:51,4,6,1085,1168
2023-02-07 12:37:51,5,6,1085,1168
2023-02-07 12:38:22,4,6,1085,1168
2023-02-07 12:38:52,5,6,1085,1168
2023-02-07 12:39:21,4,6,1085,1168
2023-02-07 12:39:22,5,6,1085,1168
2023-02-07 12:40:21,4,6,1085,1168
2023-02-07 12:40:24,5,6,1085,1168
2023-02-07 12:41:45,5,7,1085,1168
2023-02-07 12:41:48,5,8,1085,1168
2023-02-07 12:41:54,5,8,1085,1186
2023-02-07 12:41:54,6,8,1085,1186
2023-02-07 12:41:55,7,8,1085,1186
2023-02-07 12:41:57,7,8,1103,1204
2023-02-07 12:41:59,6,8,1103,1204
2023-02-07 12:42:19,6,11,1103,1204
2023-02-07 12:42:21,6,12,1103,1204
2023-02-07 12:42:21,6,10,1103,1204
2023-02-07 12:42:25,8,10,1103,1204
2023-02-07 12:42:30,8,12,1103,1204
2023-02-07 12:42:31,8,9,1103,1204
2023-02-07 12:42:33,4,8,1103,1216
2023-02-07 12:42:36,4,7,1103,1216
2023-02-07 12:42:39,4,6,1103,1216
2023-02-07 12:42:56,4,5,1103,1216
2023-02-07 12:42:58,4,6,1103,1216
2023-02-07 12:43:32,4,8,1103,1216
2023-02-07 12:43:49,4,9,1103,1222
2023-02-07 12:43:56,7,11,1103,1222
2023-02-07 12:44:19,7,12,1103,1222
2023-02-07 12:44:20,7,13,1103,1222
2023-02-07 12:44:25,6,13,1103,1222
2023-02-07 12:44:26,8,13,1103,1222
2023-02-07 12:44:29,8,15,1103,1222
2023-02-07 12:44:30,8,11,1103,1222
2023-02-07 12:44:54,4,11,1103,1222
2023-02-07 12:44:54,6,11,1103,1222
2023-02-07 12:44:56,8,11,1103,1222
2023-02-07 12:44:56,8,15,1103,1222
2023-02-07 12:45:03,8,16,1103,1222
2023-02-07 12:45:07,8,15,1103,1222
2023-02-07 12:45:26,9,15,1103,1222
2023-02-07 12:45:29,10,15,1103,1222
2023-02-07 12:45:31,10,17,1103,1222
2023-02-07 12:45:31,12,17,1103,1222
2023-02-07 12:45:32,10,17,1103,1222
2023-02-07 12:45:34,10,16,1103,1222
2023-02-07 12:45:36,10,17,1103,1222
2023-02-07 12:45:43,12,17,1103,1222
2023-02-07 12:45:57,12,18,1103,1222
2023-02-07 12:45:58,14,18,1103,1222
2023-02-07 12:45:58,14,19,1103,1222
2023-02-07 12:46:12,16,19,1103,1222
2023-02-07 12:46:21,14,19,1103,1222
2023-02-07 12:46:25,16,19,1103,1222
2023-02-07 12:46:26,16,21,1103,1222
2023-02-07 12:46:26,14,21,1103,1222
2023-02-07 12:46:28,14,20,1103,1222
2023-02-07 12:46:29,16,20,1103,1222
2023-02-07 12:46:31,14,20,1103,1222
2023-02-07 12:46:36,16,20,1103,1222
2023-02-07 12:46:37,14,20,1103,1222
2023-02-07 12:46:45,12,20,1103,1222
2023-02-07 12:46:46,12,19,1103,1222
2023-02-07 12:46:51,14,19,1103,1222
2023-02-07 12:46:51,14,20,1103,1222
2023-02-07 12:47:03,14,21,1103,1222
2023-02-07 12:47:04,16,21,1103,1222
2023-02-07 12:47:05,16,23,1103,1222
2023-02-07 12:47:10,18,23,1103,1222
2023-02-07 12:47:12,16,23,1103,1222
2023-02-07 12:47:22,18,23,1103,1222
2023-02-07 12:47:24,16,23,1103,1222
2023-02-07 12:47:28,14,23,1103,1222
2023-02-07 12:47:29,14,21,1103,1222
2023-02-07 12:47:31,14,23,1103,1222
2023-02-07 12:47:31,16,23,1103,1222
2023-02-07 12:47:41,16,21,1103,1222
2023-02-07 12:47:41,14,21,1103,1222
2023-02-07 12:47:45,14,23,1103,1222
2023-02-07 12:47:45,16,23,1103,1222
2023-02-07 12:48:02,18,23,1103,1222
2023-02-07 12:48:04,16,23,1103,1222
2023-02-07 12:48:06,18,23,1103,1222
2023-02-07 12:48:08,16,23,1103,1222
2023-02-07 12:48:17,18,23,1103,1222
2023-02-07 12:48:21,16,23,1103,1222
2023-02-07 12:48:58,18,23,1103,1222
2023-02-07 12:49:06,16,23,1103,1222
2023-02-07 12:49:07,18,23,1103,1222
2023-02-07 12:49:08,16,23,1103,1222
2023-02-07 12:49:14,16,24,1103,1222
2023-02-07 12:49:14,16,23,1103,1222
2023-02-07 12:49:17,16,22,1103,1222
2023-02-07 12:49:29,18,22,1103,1222
2023-02-07 12:49:29,18,22,1115,1234
2023-02-07 12:49:29,16,18,1121,1240
2023-02-07 12:49:36,18,22,1127,1246
2023-02-07 12:49:45,16,22,1127,1246
2023-02-07 12:49:45,16,30,1103,1334
2023-02-07 12:49:46,16,24,1103,1334
2023-02-07 12:49:46,16,30,1091,1424
2023-02-07 12:49:46,24,30,1091,1424
2023-02-07 12:49:46,24,30,1091,1510
2023-02-07 12:49:47,24,30,1091,1528
2023-02-07 12:49:47,24,29,1091,1528
2023-02-07 12:49:50,22,24,1091,1546
2023-02-07 12:50:01,22,29,1091,1546
2023-02-07 12:50:01,23,29,1091,1546
2023-02-07 12:50:04,22,29,1091,1546
2023-02-07 12:50:15,22,24,1091,1546
2023-02-07 12:50:23,22,30,1079,1611
2023-02-07 12:50:23,22,36,1079,1680
2023-02-07 12:50:24,22,36,1079,1747
2023-02-07 12:50:24,19,36,1061,1765
2023-02-07 12:50:24,24,36,1061,1765
2023-02-07 12:50:24,24,28,1061,1765
2023-02-07 12:50:28,21,24,1061,1783
2023-02-07 12:50:36,21,28,1061,1783
2023-02-07 12:50:36,19,28,1061,1783
2023-02-07 12:50:37,19,36,1061,1783
2023-02-07 12:50:37,19,26,1061,1783
2023-02-07 12:50:40,20,26,1061,1783
2023-02-07 12:50:45,20,24,1061,1783
2023-02-07 12:50:49,34,36,1049,1831
2023-02-07 12:50:49,34,36,1049,1849
2023-02-07 12:50:49,34,36,1049,1929
2023-02-07 12:50:49,32,34,1049,1933
2023-02-07 12:50:50,23,32,1049,2005
2023-02-07 12:51:06,23,34,1049,2005
2023-02-07 12:51:06,23,33,1049,2005
2023-02-07 12:51:14,23,26,1049,2005
2023-02-07 12:51:15,23,24,1049,2005
2023-02-07 12:51:20,23,26,1037,2082
2023-02-07 12:51:20,30,32,1037,2117
2023-02-07 12:51:21,30,32,1037,2209
2023-02-07 12:51:22,23,30,1037,2248
2023-02-07 12:51:22,25,30,1037,2248
2023-02-07 12:51:27,25,31,1037,2248
2023-02-07 12:51:28,22,25,1037,2284
2023-02-07 12:51:30,20,25,1037,2284
2023-02-07 12:51:31,21,25,1037,2284
2023-02-07 12:51:45,21,28,1037,2284
2023-02-07 12:51:46,21,24,1037,2284
2023-02-07 12:51:49,28,32,1025,2332
2023-02-07 12:51:49,30,32,1025,2332
2023-02-07 12:51:49,30,32,1054,2423
2023-02-07 12:51:49,30,32,1066,2435
2023-02-07 12:51:50,30,32,1078,2447
2023-02-07 12:51:51,30,32,1102,2471
2023-02-07 12:51:51,30,31,1102,2471
2023-02-07 12:51:53,30,32,1102,2471
2023-02-07 12:51:54,28,30,1149,2518
2023-02-07 12:51:57,23,28,1201,2570
2023-02-07 12:52:00,25,28,1201,2570
2023-02-07 12:52:03,25,31,1201,2570
2023-02-07 12:52:10,24,31,1201,2570
2023-02-07 12:52:11,27,31,1201,2570
2023-02-07 12:52:13,27,32,1201,2570
2023-02-07 12:52:14,27,31,1201,2570
2023-02-07 12:52:14,27,31,1201,2582
2023-02-07 12:52:15,27,30,1201,2582
2023-02-07 12:52:16,27,29,1201,2582
2023-02-07 12:52:20,27,29,1201,2594
2023-02-07 12:52:20,26,27,1201,2606
2023-02-07 12:52:24,26,27,1219,2624
2023-02-07 12:52:48,26,31,1264,2669
2023-02-07 12:52:48,26,31,1264,2681
2023-02-07 12:52:48,29,31,1264,2681
2023-02-07 12:52:48,29,33,1264,2681
2023-02-07 12:52:49,30,33,1264,2681
2023-02-07 12:52:51,30,33,1306,2723
2023-02-07 12:53:02,29,33,1306,2732
2023-02-07 12:53:03,29,32,1306,2732
2023-02-07 12:53:14,28,32,1306,2744
2023-02-07 12:53:17,28,33,1306,2744
2023-02-07 12:53:17,28,33,1306,2756
2023-02-07 12:53:18,27,33,1306,2756
2023-02-07 12:53:21,25,33,1306,2756
2023-02-07 12:53:21,28,33,1306,2756
2023-02-07 12:53:21,28,34,1306,2756
2023-02-07 12:53:41,28,33,1306,2756
2023-02-07 12:53:42,29,33,1306,2756
2023-02-07 12:53:43,29,34,1306,2756
2023-02-07 12:53:44,29,33,1306,2756
2023-02-07 12:53:48,29,33,1294,2768
2023-02-07 12:53:57,30,33,1294,2768
2023-02-07 12:53:59,28,33,1294,2774
2023-02-07 12:54:00,28,30,1294,2774
2023-02-07 12:54:20,28,30,1294,2786
2023-02-07 12:54:33,28,32,1294,2786
2023-02-07 12:54:34,28,33,1294,2786
2023-02-07 12:54:38,28,32,1294,2786
2023-02-07 12:54:49,25,28,1294,2792
2023-02-07 12:55:19,25,31,1294,2792
2023-02-07 12:55:19,25,28,1294,2792
2023-02-07 12:55:51,25,33,1294,2792
2023-02-07 12:55:51,25,29,1294,2792
2023-02-07 12:56:03,27,29,1294,2792
2023-02-07 12:56:21,27,33,1294,2792
2023-02-07 12:56:21,27,30,1294,2792
2023-02-07 12:56:23,27,30,1312,2810
2023-02-07 12:57:11,29,30,1312,2810
2023-02-07 12:57:27,29,33,1312,2810
2023-02-07 12:57:27,29,31,1312,2810
2023-02-07 12:57:57,29,33,1312,2810
2023-02-07 12:57:57,29,31,1312,2810
2023-02-07 12:58:22,21,31,1312,2810
2023-02-07 12:58:22,27,31,1312,2810
2023-02-07 12:58:28,27,30,1312,2810
2023-02-07 12:58:46,27,34,1317,2851
2023-02-07 12:58:46,27,36,1339,2891
2023-02-07 12:58:46,28,36,1339,2891
2023-02-07 12:58:46,28,40,1383,2935
2023-02-07 12:58:47,32,40,1383,2935
2023-02-07 12:58:47,35,40,1383,2935
2023-02-07 12:59:01,35,40,1365,2953
2023-02-07 12:59:01,32,35,1348,2970
2023-02-07 12:59:01,33,35,1348,2970
2023-02-07 12:59:06,32,35,1348,2988
2023-02-07 12:59:13,28,35,1348,3006
2023-02-07 12:59:18,28,34,1348,3006
2023-02-07 12:59:24,28,33,1348,3006
2023-02-07 12:59:24,27,33,1348,3006
2023-02-07 12:59:26,27,34,1348,3006
2023-02-07 12:59:29,27,33,1348,3006
2023-02-07 12:59:30,27,32,1348,3006
2023-02-07 13:00:01,27,33,1348,3006
2023-02-07 13:00:02,28,33,1348,3006
2023-02-07 13:00:03,28,34,1348,3006
2023-02-07 13:00:03,28,31,1348,3006
2023-02-07 13:00:16,27,31,1348,3006
2023-02-07 13:00:33,27,34,1348,3006
2023-02-07 13:00:33,27,31,1348,3006
2023-02-07 13:00:34,28,31,1348,3006
2023-02-07 13:00:50,28,39,1383,3077
2023-02-07 13:00:51,28,41,1452,3146
2023-02-07 13:00:51,43,47,1502,3196
2023-02-07 13:00:51,28,47,1517,3211
2023-02-07 13:00:52,36,43,1517,3211
2023-02-07 13:00:58,36,42,1517,3211
2023-02-07 13:01:02,36,42,1499,3229
2023-02-07 13:01:03,31,42,1499,3265
2023-02-07 13:01:03,31,36,1499,3265
2023-02-07 13:01:04,31,36,1509,3275
2023-02-07 13:01:04,31,36,1513,3279
2023-02-07 13:01:05,31,34,1513,3279
2023-02-07 13:01:22,40,41,1567,3347
2023-02-07 13:01:22,40,41,1643,3423
2023-02-07 13:01:22,44,47,1670,3450
2023-02-07 13:01:23,44,47,1690,3470
2023-02-07 13:01:24,40,44,1720,3500
2023-02-07 13:01:25,40,43,1720,3500
2023-02-07 13:01:27,36,40,1729,3509
2023-02-07 13:01:32,36,46,1729,3509
2023-02-07 13:01:33,36,46,1724,3527
2023-02-07 13:01:34,36,40,1724,3527
2023-02-07 13:01:42,36,39,1724,3527
2023-02-07 13:01:47,40,47,1761,3564
2023-02-07 13:01:47,40,46,1761,3564
2023-02-07 13:01:48,38,40,1820,3623
2023-02-07 13:01:51,36,38,1897,3700
2023-02-07 13:01:57,36,45,1897,3700
2023-02-07 13:02:03,36,46,1897,3700
2023-02-07 13:02:03,36,46,1915,3718
2023-02-07 13:02:04,36,45,1915,3718
2023-02-07 13:02:09,31,45,1879,3817
2023-02-07 13:02:10,31,37,1879,3817
2023-02-07 13:02:17,31,35,1879,3817
2023-02-07 13:02:19,35,37,1915,3853
2023-02-07 13:02:19,35,40,1915,3853
2023-02-07 13:02:19,33,40,1933,3871
2023-02-07 13:02:23,33,39,1933,3871
2023-02-07 13:02:33,33,39,1951,3889
2023-02-07 13:02:49,31,39,1951,3936
2023-02-07 13:02:51,31,39,1951,3954
2023-02-07 13:02:51,31,36,1951,3954
2023-02-07 13:02:52,31,36,1951,3968
2023-02-07 13:02:52,31,34,1951,3968
2023-02-07 13:02:52,31,32,1951,3968
2023-02-07 13:02:56,29,32,1947,3972
2023-02-07 13:03:00,27,32,1947,3972
2023-02-07 13:03:01,28,32,1947,3972
2023-02-07 13:03:03,27,32,1947,3990
2023-02-07 13:03:16,27,33,1947,3990
2023-02-07 13:03:20,27,31,1947,3990
2023-02-07 13:03:20,23,31,1947,3990
2023-02-07 13:03:20,25,31,1947,3990
2023-02-07 13:03:31,25,33,1947,3990
2023-02-07 13:03:33,25,27,1947,3990
2023-02-07 13:03:37,23,27,1947,3990
2023-02-07 13:03:37,23,33,1965,4008
2023-02-07 13:03:38,23,31,1965,4008
2023-02-07 13:03:39,23,30,1965,4008
2023-02-07 13:03:44,23,32,1965,4008
2023-02-07 13:03:45,25,32,1965,4008
2023-02-07 13:03:46,25,28,1965,4008
2023-02-07 13:03:59,23,28,1965,4008
2023-02-07 13:04:14,23,29,1965,4008
2023-02-07 13:04:14,23,28,1965,4008
2023-02-07 13:04:15,21,28,1965,4008
2023-02-07 13:04:38,21,27,1965,4008
2023-02-07 13:04:47,21,26,1965,4008
2023-02-07 13:04:54,18,26,1965,4008
2023-02-07 13:04:55,19,26,1965,4008
2023-02-07 13:04:57,19,25,1965,4008
2023-02-07 13:04:58,19,24,1965,4008
2023-02-07 13:04:58,18,24,1965,4008
2023-02-07 13:05:02,19,24,1965,4008
2023-02-07 13:05:02,19,26,1965,4008
2023-02-07 13:05:04,19,25,1965,4008
2023-02-07 13:05:06,19,24,1965,4008
2023-02-07 13:05:20,17,24,1975,4018
2023-02-07 13:05:20,17,22,1975,4018
2023-02-07 13:05:31,19,22,1975,4018
2023-02-07 13:05:40,17,22,1975,4018
2023-02-07 13:05:48,18,22,1975,4018
2023-02-07 13:06:06,18,20,1975,4018
2023-02-07 13:06:17,17,20,1975,4018
2023-02-07 13:06:18,17,22,1975,4018
2023-02-07 13:06:48,19,22,1975,4018
2023-02-07 13:07:18,19,24,1975,4018
2023-02-07 13:07:24,21,24,1975,4018
2023-02-07 13:07:30,21,26,1975,4018
2023-02-07 13:07:49,23,26,1975,4018
2023-02-07 13:07:55,23,24,1975,4018
2023-02-07 13:07:55,23,26,1975,4018
2023-02-07 13:08:20,22,26,1975,4018
2023-02-07 13:08:41,22,24,1975,4018
2023-02-07 13:08:42,22,24,1987,4030
2023-02-07 13:08:48,24,26,1987,4040
2023-02-07 13:08:49,24,28,1987,4040
2023-02-07 13:08:58,24,27,1987,4040
2023-02-07 13:09:03,24,26,1987,4040
2023-02-07 13:09:06,24,26,2005,4058
2023-02-07 13:09:07,24,28,2005,4058
2023-02-07 13:09:07,24,25,2005,4058
2023-02-07 13:09:11,22,25,2005,4100
2023-02-07 13:09:12,22,24,2005,4100
2023-02-07 13:09:17,23,24,2005,4100
2023-02-07 13:09:19,23,24,2005,4118
2023-02-07 13:09:38,23,25,2023,4136
2023-02-07 13:09:42,23,26,2023,4136
2023-02-07 13:09:46,21,26,2023,4136
2023-02-07 13:09:46,20,26,2023,4136
2023-02-07 13:09:47,20,22,2023,4136
2023-02-07 13:10:26,20,24,2023,4185
2023-02-07 13:10:46,20,23,2023,4185
2023-02-07 13:10:49,22,23,2023,4185
2023-02-07 13:10:51,20,23,2041,4203
2023-02-07 13:10:53,19,23,2041,4203
2023-02-07 13:11:18,19,25,2041,4203
2023-02-07 13:11:18,19,24,2041,4203
2023-02-07 13:11:22,19,23,2041,4203
2023-02-07 13:11:23,19,24,2041,4203
2023-02-07 13:11:23,19,22,2041,4203
2023-02-07 13:11:25,19,21,2041,4203
2023-02-07 13:11:27,19,22,2041,4203
2023-02-07 13:11:28,19,21,2041,4203
2023-02-07 13:11:32,19,22,2041,4203
2023-02-07 13:11:48,19,22,2023,4221
2023-02-07 13:11:48,17,22,2023,4221
2023-02-07 13:11:49,17,21,2023,4221
2023-02-07 13:11:49,16,21,2023,4221
2023-02-07 13:11:53,17,21,2023,4221
2023-02-07 13:12:19,17,19,2023,4221
2023-02-07 13:12:21,16,19,2023,4221
2023-02-07 13:12:42,16,19,2023,4238
2023-02-07 13:12:48,16,21,2023,4238
2023-02-07 13:12:52,17,21,2023,4238
2023-02-07 13:13:22,16,21,2023,4238
2023-02-07 13:13:26,16,20,2023,4238
2023-02-07 13:13:47,16,20,2041,4256
2023-02-07 13:13:49,16,18,2041,4256
2023-02-07 13:14:11,18,20,1964,4333
2023-02-07 13:14:16,16,20,1964,4333
2023-02-07 13:14:16,16,22,1964,4333
2023-02-07 13:14:16,16,21,1964,4333
2023-02-07 13:14:16,16,19,1964,4333
2023-02-07 13:14:18,19,21,1865,4432
2023-02-07 13:14:23,17,21,1865,4432
2023-02-07 13:14:31,17,22,1865,4528
2023-02-07 13:14:40,17,21,1865,4528
2023-02-07 13:14:44,17,22,1865,4528
2023-02-07 13:14:46,17,20,1865,4528
2023-02-07 13:14:46,18,20,1865,4528
2023-02-07 13:14:46,18,20,1865,4546
2023-02-07 13:14:47,20,22,1883,4564
2023-02-07 13:14:53,20,21,1883,4564
2023-02-07 13:14:57,20,21,1883,4625
2023-02-07 13:14:57,18,20,1883,4629
2023-02-07 13:15:00,16,20,1883,4701
2023-02-07 13:15:39,14,20,1883,4701
2023-02-07 13:15:40,15,20,1883,4701
2023-02-07 13:15:41,14,20,1883,4701
2023-02-07 13:15:43,14,19,1883,4701
2023-02-07 13:15:45,14,18,1883,4701
2023-02-07 13:15:54,11,18,1883,4701
2023-02-07 13:15:55,10,18,1883,4701
2023-02-07 13:15:55,10,16,1883,4701
2023-02-07 13:16:11,10,14,1883,4701
2023-02-07 13:16:24,7,14,1883,4701
2023-02-07 13:16:33,8,14,1883,4701
2023-02-07 13:16:42,9,14,1883,4701
2023-02-07 13:16:55,9,16,1883,4701
2023-02-07 13:17:51,8,16,1883,4701
2023-02-07 13:17:51,10,16,1883,4701
2023-02-07 13:18:02,11,16,1883,4701
2023-02-07 13:18:05,11,17,1883,4701
2023-02-07 13:18:06,10,17,1883,4701
2023-02-07 13:18:07,11,17,1883,4701
2023-02-07 13:18:08,10,17,1883,4701
2023-02-07 13:18:13,10,16,1883,4701
2023-02-07 13:19:03,11,16,1883,4701
2023-02-07 13:19:04,11,18,1883,4701
2023-02-07 13:19:06,10,18,1883,4701
2023-02-07 13:19:17,11,18,1883,4701
2023-02-07 13:19:30,12,18,1883,4701
2023-02-07 13:19:36,11,18,1883,4701
2023-02-07 13:19:36,13,19,1883,4701
2023-02-07 13:19:38,14,19,1883,4701
2023-02-07 13:19:40,13,19,1883,4701
2023-02-07 13:19:43,14,19,1883,4701
2023-02-07 13:19:44,13,19,1883,4701
2023-02-07 13:19:45,14,19,1883,4701
2023-02-07 13:19:46,13,19,1883,4701
2023-02-07 13:19:47,10,11,1847,4737
2023-02-07 13:19:47,8,9,1847,4773
2023-02-07 13:19:48,9,10,1752,4868
2023-02-07 13:19:52,10,11,1669,4951
2023-02-07 13:19:57,8,12,1669,4994
2023-02-07 13:19:58,8,15,1651,5012
2023-02-07 13:19:58,9,15,1651,5012
2023-02-07 13:20:02,9,14,1651,5012
2023-02-07 13:20:03,8,14,1651,5012
2023-02-07 13:20:09,7,14,1651,5012
2023-02-07 13:20:10,7,13,1651,5012
2023-02-07 13:20:12,7,14,1651,5012
2023-02-07 13:20:18,7,13,1651,5012
2023-02-07 13:20:25,7,14,1651,5012
2023-02-07 13:20:28,9,14,1651,5012
2023-02-07 13:20:29,10,14,1651,5012
2023-02-07 13:20:58,12,14,1651,5012
2023-02-07 13:21:27,12,16,1651,5012
2023-02-07 13:21:27,11,16,1651,5012
2023-02-07 13:21:34,11,13,1651,5012
2023-02-07 13:21:35,11,13,1651,5030
2023-02-07 13:21:35,11,13,1669,5048
2023-02-07 13:21:37,11,13,1687,5066
2023-02-07 13:21:37,11,13,1705,5084
2023-02-07 13:21:37,11,13,1723,5102
2023-02-07 13:21:37,11,13,1731,5120
2023-02-07 13:21:38,11,16,1731,5120
2023-02-07 13:21:48,11,18,1731,5120
2023-02-07 13:21:48,11,19,1731,5120
2023-02-07 13:21:48,11,14,1731,5120
2023-02-07 13:21:48,11,13,1731,5120
2023-02-07 13:21:59,9,13,1731,5120
2023-02-07 13:22:05,9,13,1695,5156
2023-02-07 13:22:08,13,14,1669,5182
2023-02-07 13:22:17,9,14,1659,5192
2023-02-07 13:22:18,6,14,1659,5192
2023-02-07 13:22:18,6,10,1659,5192
2023-02-07 13:22:29,8,10,1659,5192
2023-02-07 13:22:45,8,16,1659,5192
2023-02-07 13:22:52,8,10,1659,5192
2023-02-07 13:23:22,9,10,1659,5192
2023-02-07 13:23:53,7,10,1659,5192
2023-02-07 13:24:03,7,8,1659,5192
2023-02-07 13:24:53,4,8,1659,5192
2023-02-07 13:24:54,7,8,1659,5192
2023-02-07 13:26:14,7,10,1659,5192
2023-02-07 13:26:25,4,10,1659,5192
2023-02-07 13:26:28,4,19,1695,5228
2023-02-07 13:26:28,10,19,1695,5228
2023-02-07 13:26:29,10,18,1695,5228
2023-02-07 13:26:47,10,15,1695,5228
2023-02-07 13:26:47,10,13,1695,5228
2023-02-07 13:27:30,9,13,1695,5228
2023-02-07 13:27:46,9,15,1695,5228
2023-02-07 13:27:47,8,15,1695,5228
2023-02-07 13:27:47,8,12,1695,5228
2023-02-07 13:27:47,8,10,1695,5228
2023-02-07 13:27:48,7,10,1695,5228
2023-02-07 13:28:19,7,11,1695,5228
2023-02-07 13:28:19,7,13,1695,5228
2023-02-07 13:28:19,7,9,1695,5228
2023-02-07 13:28:19,5,9,1695,5228
2023-02-07 13:28:19,5,7,1695,5228
2023-02-07 13:28:46,5,8,1695,5228
2023-02-07 13:28:47,5,13,1695,5228
2023-02-07 13:28:56,4,19,1695,5228
2023-02-07 13:28:56,4,12,1695,5228
2023-02-07 13:29:26,4,19,1695,5228
2023-02-07 13:29:27,4,10,1695,5228
2023-02-07 13:29:57,4,19,1695,5228
2023-02-07 13:29:57,4,9,1695,5228
2023-02-07 13:30:27,4,7,1695,5228
2023-02-07 13:30:58,4,6,1695,5228
2023-02-07 13:31:26,4,10,1695,5228
2023-02-07 13:31:28,4,6,1695,5228
2023-02-07 13:31:58,4,7,1695,5228
2023-02-07 13:32:22,4,7,1696,5229
2023-02-07 13:32:29,4,6,1696,5229
2023-02-07 13:32:59,4,5,1696,5229
2023-02-07 13:35:00,4,9,1696,5229
2023-02-07 13:35:03,4,5,1696,5229
2023-02-07 13:35:07,4,5,1696,5285
2023-02-07 13:35:33,4,9,1696,5285
2023-02-07 13:35:33,4,5,1696,5285
2023-02-07 13:35:46,4,5,1732,5321
2023-02-07 13:36:02,4,9,1732,5321
2023-02-07 13:36:04,4,5,1732,5321
2023-02-07 13:37:21,3,5,1739,5328
2023-02-07 13:37:28,3,7,1739,5328
2023-02-07 13:37:30,3,5,1739,5328
2023-02-07 13:37:38,3,5,1766,5355
2023-02-07 13:40:31,3,7,1766,5355
2023-02-07 13:40:32,3,5,1766,5355
2023-02-07 13:41:00,3,19,1766,5355
2023-02-07 13:41:02,3,6,1766,5355
2023-02-07 13:44:35,3,5,1766,5355
2023-02-07 13:46:32,3,7,1766,5355
2023-02-07 13:46:39,3,5,1766,5355
2023-02-07 13:47:19,2,7,2036,5645
2023-02-07 13:47:19,2,6,2036,5645
2023-02-07 13:47:20,2,4,2036,5645
2023-02-07 13:47:40,2,5,2036,5645
2023-02-07 13:55:08,2,6,2036,5645
2023-02-07 13:56:03,2,3,2036,5645
2023-02-07 14:04:37,2,6,2041,5650
2023-02-07 14:06:50,2,6,2331,5940
2023-02-07 14:07:21,4,6,2331,5940
2023-02-07 14:08:27,2,8,2331,5940
2023-02-07 14:08:54,4,8,2331,5940
2023-02-07 14:09:07,5,8,2331,5940
2023-02-07 14:10:43,5,13,2349,5958
2023-02-07 14:10:43,5,12,2349,5958
2023-02-07 14:10:52,7,12,2349,5958
2023-02-07 14:10:58,7,13,2349,5958
2023-02-07 14:10:59,5,13,2349,5958
2023-02-07 14:11:04,5,10,2349,5958
2023-02-07 14:11:17,5,13,2349,5958
2023-02-07 14:11:24,5,10,2349,5958
2023-02-07 14:11:30,5,13,2359,5968
2023-02-07 14:11:37,5,12,2359,5968
2023-02-07 14:11:44,5,10,2359,5968
2023-02-07 14:11:59,5,12,2359,5968
2023-02-07 14:12:05,5,10,2359,5968
2023-02-07 14:12:21,5,12,2359,5968
2023-02-07 14:12:25,5,10,2359,5968
2023-02-07 14:12:41,5,12,2359,5968
2023-02-07 14:12:48,5,9,2359,5968
2023-02-07 14:12:48,5,8,2359,5968
2023-02-07 14:12:49,5,7,2359,5968
2023-02-07 14:12:54,5,9,2359,6137
2023-02-07 14:12:59,5,12,2359,6207
2023-02-07 14:12:59,5,11,2359,6207
2023-02-07 14:13:17,5,9,2359,6207
2023-02-07 14:13:46,5,11,2359,6207
2023-02-07 14:13:47,5,12,2359,6207
2023-02-07 14:13:47,5,11,2359,6207
2023-02-07 14:14:02,5,12,2359,6207
2023-02-07 14:15:02,6,12,2359,6207
2023-02-07 14:15:15,6,16,2369,6245
2023-02-07 14:15:15,6,15,2369,6245
2023-02-07 14:15:19,6,11,2369,6245
2023-02-07 14:15:19,6,10,2369,6245
2023-02-07 14:15:20,6,9,2369,6245
2023-02-07 14:15:25,6,11,2369,6387
2023-02-07 14:15:50,7,11,2369,6387
2023-02-07 14:15:52,7,12,2369,6450
2023-02-07 14:16:04,8,12,2369,6450
2023-02-07 14:16:10,8,15,2369,6540
2023-02-07 14:16:10,8,14,2369,6540
2023-02-07 14:16:21,8,13,2369,6540
2023-02-07 14:16:31,8,14,2369,6540
2023-02-07 14:16:31,8,13,2369,6540
2023-02-07 14:16:39,9,13,2369,6540
2023-02-07 14:16:48,9,17,2386,6557
2023-02-07 14:16:58,8,20,2386,6557
2023-02-07 14:16:59,8,15,2386,6557
2023-02-07 14:17:19,8,20,2386,6557
2023-02-07 14:17:19,8,15,2386,6557
2023-02-07 14:17:39,8,20,2386,6557
2023-02-07 14:17:40,8,16,2386,6557
2023-02-07 14:18:00,8,20,2386,6557
2023-02-07 14:18:00,8,13,2386,6557
2023-02-07 14:18:21,8,20,2386,6557
2023-02-07 14:18:21,8,14,2386,6557
2023-02-07 14:18:41,8,20,2386,6557
2023-02-07 14:18:42,8,14,2386,6557
2023-02-07 14:18:45,8,12,2386,6557
2023-02-07 14:19:16,8,13,2386,6557
2023-02-07 14:19:18,9,13,2386,6557
2023-02-07 14:20:23,9,14,2386,6557
2023-02-07 14:20:44,9,12,2386,6557
2023-02-07 14:20:49,8,12,2386,6557
2023-02-07 14:21:18,8,11,2386,6557
2023-02-07 14:21:28,7,11,2386,6557
2023-02-07 14:21:47,7,10,2386,6557
2023-02-07 14:21:48,6,10,2386,6557
2023-02-07 14:22:50,6,9,2386,6557
2023-02-07 14:22:50,5,9,2386,6557
2023-02-07 14:23:02,6,9,2386,6557
2023-02-07 14:23:03,5,9,2386,6557
2023-02-07 14:23:17,5,10,2386,6557
2023-02-07 14:23:18,6,10,2386,6557
2023-02-07 14:23:25,7,10,2386,6557
2023-02-07 14:23:36,7,11,2386,6621
2023-02-07 14:23:49,9,11,2386,6621
2023-02-07 14:23:50,9,13,2386,6621
2023-02-07 14:23:52,11,13,2386,6621
2023-02-07 14:23:56,9,13,2386,6621
2023-02-07 14:24:17,9,15,2386,6621
2023-02-07 14:24:17,8,15,2386,6621
2023-02-07 14:24:18,7,15,2386,6621
2023-02-07 14:24:21,7,19,2386,6621
2023-02-07 14:24:27,7,15,2386,6621
2023-02-07 14:24:47,7,19,2386,6621
2023-02-07 14:24:47,7,14,2386,6621
2023-02-07 14:25:08,7,19,2386,6621
2023-02-07 14:25:08,7,14,2386,6621
2023-02-07 14:25:28,7,19,2386,6621
2023-02-07 14:25:29,7,14,2386,6621
2023-02-07 14:25:48,7,19,2386,6621
2023-02-07 14:25:48,8,19,2386,6621
2023-02-07 14:25:48,8,14,2386,6621
2023-02-07 14:25:48,8,13,2386,6621
2023-02-07 14:25:49,8,12,2386,6621
2023-02-07 14:26:17,8,13,2386,6621
2023-02-07 14:26:17,9,13,2386,6621
2023-02-07 14:26:46,8,13,2386,6621
2023-02-07 14:26:47,7,13,2386,6621
2023-02-07 14:26:47,7,11,2386,6621
2023-02-07 14:27:17,8,11,2386,6621
2023-02-07 14:27:47,8,13,2386,6621
2023-02-07 14:27:47,6,13,2386,6621
2023-02-07 14:27:47,6,19,2386,6621
2023-02-07 14:27:52,6,12,2386,6621
2023-02-07 14:27:58,4,12,2386,6621
2023-02-07 14:28:07,4,19,2386,6621
2023-02-07 14:28:12,4,11,2386,6621
2023-02-07 14:28:26,4,19,2386,6621
2023-02-07 14:28:31,4,12,2386,6621
2023-02-07 14:28:45,4,19,2386,6621
2023-02-07 14:28:46,4,11,2386,6621
2023-02-07 14:28:46,4,10,2386,6621
2023-02-07 14:28:47,5,10,2386,6621
2023-02-07 14:28:47,6,10,2386,6621
2023-02-07 14:29:16,6,11,2386,6621
2023-02-07 14:29:16,7,11,2386,6621
2023-02-07 14:29:47,7,10,2386,6621
2023-02-07 14:30:49,8,10,2386,6621
2023-02-07 14:30:49,8,12,2386,6621
2023-02-07 14:31:17,8,11,2386,6621
2023-02-07 14:31:17,8,10,2386,6621
2023-02-07 14:31:18,6,10,2386,6621
2023-02-07 14:31:47,5,10,2386,6621
2023-02-07 14:31:47,5,12,2386,6621
2023-02-07 14:31:48,5,13,2386,6621
2023-02-07 14:31:49,5,17,2386,6621
2023-02-07 14:31:56,5,13,2386,6621
2023-02-07 14:31:58,6,13,2386,6621
2023-02-07 14:32:12,6,16,2386,6621
2023-02-07 14:32:16,6,17,2386,6621
2023-02-07 14:32:16,7,17,2386,6621
2023-02-07 14:32:16,7,15,2386,6621
2023-02-07 14:32:26,8,15,2386,6621
2023-02-07 14:32:26,8,14,2386,6621
2023-02-07 14:32:27,7,14,2386,6621
2023-02-07 14:32:33,8,14,2386,6621
2023-02-07 14:32:37,9,14,2386,6621
2023-02-07 14:32:37,9,16,2386,6621
2023-02-07 14:32:39,9,15,2386,6621
2023-02-07 14:32:39,10,15,2386,6621
2023-02-07 14:32:40,9,15,2386,6621
2023-02-07 14:32:48,9,16,2386,6621
2023-02-07 14:32:49,10,16,2386,6621
2023-02-07 14:32:51,10,19,2386,6621
2023-02-07 14:32:51,11,19,2386,6621
2023-02-07 14:32:57,12,19,2386,6621
2023-02-07 14:33:06,12,20,2386,6621
2023-02-07 14:33:07,12,18,2386,6621
2023-02-07 14:33:07,12,20,2386,6621
2023-02-07 14:33:08,12,19,2386,6621
2023-02-07 14:33:10,13,19,2386,6621
2023-02-07 14:33:16,13,20,2386,6621
2023-02-07 14:33:18,13,15,2386,6621
2023-02-07 14:33:22,14,15,2386,6621
2023-02-07 14:33:26,16,20,2386,6631
2023-02-07 14:33:37,17,20,2386,6631
2023-02-07 14:33:53,16,20,2386,6631
2023-02-07 14:33:57,18,20,2386,6631
2023-02-07 14:34:14,16,20,2386,6631
2023-02-07 14:34:18,17,20,2386,6631
2023-02-07 14:34:25,17,25,2386,6631
2023-02-07 14:34:25,17,18,2386,6631
2023-02-07 14:34:38,15,18,2386,6631
2023-02-07 14:34:53,14,18,2386,6631
2023-02-07 14:34:57,15,18,2386,6631
2023-02-07 14:35:03,14,18,2386,6631
2023-02-07 14:35:06,14,22,2396,6641
2023-02-07 14:35:14,14,26,2396,6641
2023-02-07 14:35:18,15,26,2396,6641
2023-02-07 14:35:20,15,21,2396,6641
2023-02-07 14:35:39,16,26,2396,6641
2023-02-07 14:35:39,16,24,2396,6641
2023-02-07 14:36:00,16,26,2396,6641
2023-02-07 14:36:00,16,24,2396,6641
2023-02-07 14:36:16,15,26,2396,6641
2023-02-07 14:36:21,15,23,2396,6641
2023-02-07 14:36:38,15,26,2396,6641
2023-02-07 14:36:40,15,22,2396,6641
2023-02-07 14:36:45,16,22,2396,6641
2023-02-07 14:36:45,16,21,2396,6641
2023-02-07 14:37:21,16,19,2396,6641
2023-02-07 14:37:21,16,21,2396,6691
2023-02-07 14:37:41,15,21,2396,6691
2023-02-07 14:37:52,15,22,2396,6691
2023-02-07 14:37:58,15,26,2396,6691
2023-02-07 14:38:02,15,23,2396,6691
2023-02-07 14:38:22,15,26,2396,6691
2023-02-07 14:38:23,15,21,2396,6691
2023-02-07 14:38:37,15,26,2396,6691
2023-02-07 14:38:43,15,22,2396,6691
2023-02-07 14:38:59,15,26,2396,6691
2023-02-07 14:39:03,15,22,2396,6691
2023-02-07 14:39:22,15,26,2396,6691
2023-02-07 14:39:24,15,21,2396,6691
2023-02-07 14:39:40,15,26,2396,6691
2023-02-07 14:39:43,15,23,2396,6691
2023-02-07 14:39:47,17,23,2396,6691
2023-02-07 14:39:48,17,21,2396,6691
2023-02-07 14:40:24,15,21,2396,6691
2023-02-07 14:40:24,15,25,2396,6691
2023-02-07 14:40:24,15,26,2396,6691
2023-02-07 14:40:25,15,22,2396,6691
2023-02-07 14:40:45,15,25,2396,6691
2023-02-07 14:40:46,15,20,2396,6691
2023-02-07 14:40:51,15,19,2396,6691
2023-02-07 14:41:21,15,26,2396,6691
2023-02-07 14:41:26,15,20,2396,6691
2023-02-07 14:41:45,15,26,2396,6691
2023-02-07 14:41:46,15,20,2396,6691
2023-02-07 14:42:03,15,26,2396,6691
2023-02-07 14:42:06,15,20,2396,6691
2023-02-07 14:42:26,15,26,2396,6691
2023-02-07 14:42:26,15,20,2396,6691
2023-02-07 14:42:38,16,20,2396,6691
2023-02-07 14:42:39,15,20,2396,6691
2023-02-07 14:42:41,15,26,2396,6691
2023-02-07 14:42:41,16,26,2396,6691
2023-02-07 14:42:47,16,24,2396,6691
2023-02-07 14:42:47,16,22,2396,6691
2023-02-07 14:42:47,16,20,2396,6691
2023-02-07 14:42:48,17,20,2396,6691
2023-02-07 14:42:49,18,20,2396,6691
2023-02-07 14:43:03,18,22,2396,6738
2023-02-07 14:43:10,19,22,2396,6738
2023-02-07 14:43:10,20,22,2396,6738
2023-02-07 14:43:16,19,22,2396,6738
2023-02-07 14:43:17,19,26,2396,6738
2023-02-07 14:43:20,18,32,2396,6738
2023-02-07 14:43:27,18,25,2396,6738
2023-02-07 14:43:44,18,31,2396,6738
2023-02-07 14:43:49,18,26,2396,6738
2023-02-07 14:44:03,18,31,2396,6738
2023-02-07 14:44:03,16,31,2396,6738
2023-02-07 14:44:08,15,31,2396,6738
2023-02-07 14:44:08,15,30,2396,6738
2023-02-07 14:44:08,17,30,2396,6738
2023-02-07 14:44:08,17,25,2396,6738
2023-02-07 14:44:23,15,31,2396,6738
2023-02-07 14:44:26,15,30,2396,6738
2023-02-07 14:44:27,15,31,2396,6738
2023-02-07 14:44:27,15,23,2396,6738
2023-02-07 14:44:28,15,19,2396,6738
2023-02-07 14:44:48,15,23,2396,6738
2023-02-07 14:44:49,15,19,2396,6738
2023-02-07 14:45:02,15,23,2396,6738
2023-02-07 14:45:09,15,19,2396,6738
2023-02-07 14:45:23,15,23,2396,6738
2023-02-07 14:45:29,15,21,2396,6738
2023-02-07 14:45:49,15,23,2396,6738
2023-02-07 14:45:50,15,22,2396,6738
2023-02-07 14:46:05,15,31,2396,6738
2023-02-07 14:46:09,15,30,2396,6738
2023-02-07 14:46:10,15,22,2396,6738
2023-02-07 14:46:24,15,25,2396,6738
2023-02-07 14:46:30,15,20,2396,6738
2023-02-07 14:46:48,15,25,2396,6738
2023-02-07 14:46:52,15,21,2396,6738
2023-02-07 14:47:02,16,21,2396,6738
2023-02-07 14:47:13,16,25,2396,6738
2023-02-07 14:47:13,16,24,2396,6738
2023-02-07 14:47:26,16,25,2396,6738
2023-02-07 14:47:31,16,25,2396,6738
2023-02-07 14:47:31,16,24,2396,6738
2023-02-07 14:47:47,15,25,2396,6738
2023-02-07 14:47:52,15,23,2396,6738
2023-02-07 14:48:11,15,25,2396,6738
2023-02-07 14:48:12,15,22,2396,6738
2023-02-07 14:48:27,15,25,2396,6738
2023-02-07 14:48:33,15,23,2396,6738
2023-02-07 14:48:42,15,22,2396,6738
2023-02-07 14:48:45,15,23,2396,6738
2023-02-07 14:48:53,15,25,2396,6738
2023-02-07 14:48:53,15,24,2396,6738
2023-02-07 14:48:54,15,20,2396,6738
2023-02-07 14:49:08,15,25,2396,6738
2023-02-07 14:49:14,15,22,2396,6738
2023-02-07 14:49:32,15,25,2396,6738
2023-02-07 14:49:34,15,23,2396,6738
2023-02-07 14:49:48,15,25,2396,6738
2023-02-07 14:49:53,15,23,2396,6738
2023-02-07 14:50:13,16,25,2396,6738
2023-02-07 14:50:14,16,21,2396,6738
2023-02-07 14:50:21,15,21,2396,6738
2023-02-07 14:50:28,15,25,2396,6738
2023-02-07 14:50:36,15,20,2396,6738
2023-02-07 14:50:53,15,25,2396,6738
2023-02-07 14:50:56,15,21,2396,6738
2023-02-07 14:51:10,15,25,2396,6738
2023-02-07 14:51:14,15,30,2396,6738
2023-02-07 14:51:15,15,31,2396,6738
2023-02-07 14:51:16,15,30,2396,6738
2023-02-07 14:51:16,15,22,2396,6738
2023-02-07 14:51:17,15,21,2396,6738
2023-02-07 14:51:21,15,22,2396,6738
2023-02-07 14:51:22,15,21,2396,6738
2023-02-07 14:51:29,15,22,2396,6738
2023-02-07 14:51:35,15,24,2396,6738
2023-02-07 14:51:36,15,20,2396,6738
2023-02-07 14:51:55,15,24,2396,6738
2023-02-07 14:51:56,15,21,2396,6738
2023-02-07 14:52:15,15,25,2396,6738
2023-02-07 14:52:18,15,21,2396,6738
2023-02-07 14:52:20,16,21,2396,6738
2023-02-07 14:52:25,17,21,2396,6738
2023-02-07 14:52:27,18,21,2396,6738
2023-02-07 14:52:34,18,31,2396,6738
2023-02-07 14:52:34,19,31,2396,6738
2023-02-07 14:52:35,18,31,2396,6738
2023-02-07 14:52:35,21,31,2396,6738
2023-02-07 14:52:37,21,30,2396,6738
2023-02-07 14:52:38,21,26,2396,6738
2023-02-07 14:52:41,19,26,2396,6738
2023-02-07 14:52:49,18,26,2396,6738
2023-02-07 14:52:51,18,30,2396,6738
2023-02-07 14:52:51,18,31,2396,6738
2023-02-07 14:52:57,18,30,2396,6738
2023-02-07 14:52:57,18,25,2396,6738
2023-02-07 14:52:59,19,25,2396,6738
2023-02-07 14:53:05,20,25,2396,6738
2023-02-07 14:53:18,20,30,2396,6738
2023-02-07 14:53:18,20,28,2396,6738
2023-02-07 14:53:19,21,28,2396,6738
2023-02-07 14:53:26,21,31,2406,6748
2023-02-07 14:53:26,21,30,2406,6748
2023-02-07 14:53:31,21,31,2406,6748
2023-02-07 14:53:31,20,31,2388,6766
2023-02-07 14:53:32,20,24,2388,6766
2023-02-07 14:53:35,20,31,2406,6784
2023-02-07 14:53:36,21,31,2406,6784
2023-02-07 14:53:37,21,30,2406,6784
2023-02-07 14:53:38,21,28,2406,6784
2023-02-07 14:53:53,21,31,2406,6784
2023-02-07 14:53:54,22,31,2406,6784
2023-02-07 14:53:57,21,31,2406,6784
2023-02-07 14:53:59,21,30,2406,6784
2023-02-07 14:53:59,21,28,2406,6784
2023-02-07 14:54:05,20,28,2406,6784
2023-02-07 14:54:08,22,28,2406,6784
2023-02-07 14:54:15,22,31,2406,6784
2023-02-07 14:54:16,20,31,2406,6839
2023-02-07 14:54:19,20,30,2406,6839
2023-02-07 14:54:20,20,26,2406,6839
2023-02-07 14:54:29,22,26,2406,6839
2023-02-07 14:54:33,24,26,2406,6839
2023-02-07 14:54:34,24,31,2406,6839
2023-02-07 14:54:39,24,29,2406,6839
2023-02-07 14:54:56,24,31,2406,6839
2023-02-07 14:54:57,21,31,2406,6839
2023-02-07 14:54:57,22,31,2406,6839
2023-02-07 14:54:59,23,31,2406,6839
2023-02-07 14:55:00,23,29,2406,6839
2023-02-07 14:55:03,24,29,2406,6839
2023-02-07 14:55:11,24,29,2406,6872
2023-02-07 14:55:13,24,31,2406,6872
2023-02-07 14:55:20,24,30,2406,6872
2023-02-07 14:55:20,24,27,2406,6872
2023-02-07 14:55:32,27,31,2406,6882
2023-02-07 14:55:32,27,30,2406,6882
2023-02-07 14:55:33,27,31,2406,6882
2023-02-07 14:55:37,24,31,2406,6887
2023-02-07 14:55:42,24,30,2406,6887
2023-02-07 14:55:43,24,28,2406,6887
2023-02-07 14:56:01,24,30,2406,6887
2023-02-07 14:56:01,24,28,2406,6887
2023-02-07 14:56:15,24,31,2406,6887
2023-02-07 14:56:17,24,42,2406,6887
2023-02-07 14:56:17,24,98,2406,6887
2023-02-07 14:56:19,24,97,2406,6887
2023-02-07 14:56:19,24,31,2406,6887
2023-02-07 14:56:21,24,30,2406,6887
2023-02-07 14:56:21,24,27,2406,6887
2023-02-07 14:56:30,21,27,2428,6909
2023-02-07 14:56:38,21,31,2428,6909
2023-02-07 14:56:41,21,30,2428,6909
2023-02-07 14:56:42,21,25,2428,6909
2023-02-07 14:56:43,18,25,2428,6909
2023-02-07 14:56:55,18,31,2428,6909
2023-02-07 14:57:02,18,30,2428,6909
2023-02-07 14:57:02,18,24,2428,6909
2023-02-07 14:57:21,18,30,2428,6909
2023-02-07 14:57:22,18,25,2428,6909
2023-02-07 14:57:28,18,24,2428,6909
2023-02-07 14:57:35,18,31,2428,6909
2023-02-07 14:57:38,16,31,2428,6909
2023-02-07 14:57:42,16,30,2428,6909
2023-02-07 14:57:43,16,23,2428,6909
2023-02-07 14:57:50,16,22,2428,6909
2023-02-07 14:57:55,16,23,2428,6909
2023-02-07 14:57:58,16,31,2428,6909
2023-02-07 14:58:04,16,30,2428,6909
2023-02-07 14:58:05,16,22,2428,6909
2023-02-07 14:58:16,17,22,2428,6909
2023-02-07 14:58:24,17,30,2428,6909
2023-02-07 14:58:24,17,23,2428,6909
2023-02-07 14:58:32,16,23,2428,6909
2023-02-07 14:58:32,17,23,2428,6909
2023-02-07 14:58:33,16,23,2428,6909
2023-02-07 14:58:43,16,30,2428,6909
2023-02-07 14:58:43,16,23,2428,6909
2023-02-07 14:59:02,16,31,2428,6909
2023-02-07 14:59:04,16,30,2428,6909
2023-02-07 14:59:04,16,22,2428,6909
2023-02-07 14:59:07,17,22,2428,6909
2023-02-07 14:59:15,18,22,2428,6909
2023-02-07 14:59:19,18,31,2428,6909
2023-02-07 14:59:20,18,31,2428,6909
2023-02-07 14:59:22,19,31,2428,6909
2023-02-07 14:59:24,19,30,2428,6909
2023-02-07 14:59:25,19,25,2428,6909
2023-02-07 14:59:27,18,25,2428,6909
2023-02-07 14:59:28,19,25,2428,6909
2023-02-07 14:59:32,18,25,2428,6909
2023-02-07 14:59:37,19,25,2428,6909
2023-02-07 14:59:40,19,31,2428,6909
2023-02-07 14:59:40,18,31,2428,6909
2023-02-07 14:59:41,19,31,2428,6909
2023-02-07 14:59:44,19,30,2428,6909
2023-02-07 14:59:44,18,30,2428,6909
2023-02-07 14:59:45,18,25,2428,6909
2023-02-07 14:59:45,19,25,2428,6909
2023-02-07 14:59:54,18,25,2428,6909
2023-02-07 15:00:01,19,31,2428,6909
2023-02-07 15:00:05,24,31,2428,6909
2023-02-07 15:00:06,27,31,2428,6909
2023-02-07 15:00:07,27,37,2428,6909
2023-02-07 15:00:07,27,37,2428,6919
2023-02-07 15:00:08,27,36,2428,6919
2023-02-07 15:00:08,24,36,2428,6919
2023-02-07 15:00:08,24,33,2428,6919
2023-02-07 15:00:08,26,33,2428,6919
2023-02-07 15:00:09,29,33,2428,6919
2023-02-07 15:00:13,27,33,2428,6919
2023-02-07 15:00:13,28,33,2428,6919
2023-02-07 15:00:13,28,37,2428,6919
2023-02-07 15:00:13,28,35,2428,6919
2023-02-07 15:00:13,31,35,2428,6919
2023-02-07 15:00:14,31,35,2428,6929
2023-02-07 15:00:14,31,34,2428,6929
2023-02-07 15:00:15,31,35,2428,6929
2023-02-07 15:00:15,31,37,2428,6929
2023-02-07 15:00:17,33,37,2428,6929
2023-02-07 15:00:21,35,37,2428,6929
2023-02-07 15:00:22,33,37,2428,6929
2023-02-07 15:00:26,33,37,2428,6939
2023-02-07 15:00:26,35,37,2428,6939
2023-02-07 15:00:32,33,37,2428,6939
2023-02-07 15:00:35,33,36,2428,6939
2023-02-07 15:00:36,32,36,2428,6939
2023-02-07 15:00:37,32,35,2428,6939
2023-02-07 15:00:47,31,35,2428,6939
2023-02-07 15:01:11,30,34,2428,6939
2023-02-07 15:01:11,30,33,2428,6939
2023-02-07 15:01:13,29,33,2428,6939
2023-02-07 15:01:13,29,32,2428,6939
2023-02-07 15:01:19,29,35,2428,6939
2023-02-07 15:01:20,31,35,2428,6939
2023-02-07 15:01:26,31,34,2428,6939
2023-02-07 15:01:33,30,34,2428,6939
2023-02-07 15:01:36,31,34,2428,6939
2023-02-07 15:01:44,31,35,2428,6939
2023-02-07 15:01:44,30,35,2428,6939
2023-02-07 15:01:54,30,33,2428,6939
2023-02-07 15:01:55,29,33,2428,6939
2023-02-07 15:01:56,30,33,2428,6939
2023-02-07 15:02:01,29,33,2428,6939
2023-02-07 15:02:02,30,33,2428,6939
2023-02-07 15:02:08,29,33,2428,6939
2023-02-07 15:02:10,30,33,2428,6939
2023-02-07 15:02:12,30,34,2428,6939
2023-02-07 15:02:12,31,34,2428,6939
2023-02-07 15:02:14,32,34,2428,6939
2023-02-07 15:02:15,32,34,2428,6945
2023-02-07 15:02:18,31,34,2428,6945
2023-02-07 15:02:20,30,34,2428,6945
2023-02-07 15:02:26,30,36,2428,6945
2023-02-07 15:02:26,29,36,2428,6945
2023-02-07 15:02:32,30,36,2428,6945
2023-02-07 15:02:34,29,36,2428,6945
2023-02-07 15:02:40,29,34,2428,6945
2023-02-07 15:02:41,28,34,2428,6945
2023-02-07 15:02:57,28,33,2428,6945
2023-02-07 15:03:01,27,33,2428,6945
2023-02-07 15:03:03,27,32,2428,6945
2023-02-07 15:03:03,26,32,2428,6945
2023-02-07 15:03:03,25,32,2428,6945
2023-02-07 15:03:06,25,36,2428,6945
2023-02-07 15:03:06,23,36,2428,6945
2023-02-07 15:03:06,23,31,2428,6945
2023-02-07 15:03:06,23,36,2428,6945
2023-02-07 15:03:06,23,30,2428,6945
2023-02-07 15:03:09,26,30,2428,6945
2023-02-07 15:03:09,33,34,2428,6981
2023-02-07 15:03:09,33,34,2428,7205
2023-02-07 15:03:09,26,33,2428,7235
2023-02-07 15:03:10,26,32,2428,7235
2023-02-07 15:03:35,24,32,2428,7235
2023-02-07 15:03:36,25,32,2428,7235
2023-02-07 15:03:37,24,32,2428,7235
2023-02-07 15:03:45,23,32,2428,7235
2023-02-07 15:03:46,21,32,2428,7235
2023-02-07 15:03:49,21,33,2428,7235
2023-02-07 15:03:49,21,31,2428,7235
2023-02-07 15:03:49,21,33,2428,7235
2023-02-07 15:03:50,21,28,2428,7235
2023-02-07 15:03:51,21,27,2428,7235
2023-02-07 15:04:03,21,28,2428,7235
2023-02-07 15:04:05,21,33,2428,7235
2023-02-07 15:04:06,19,33,2428,7235
2023-02-07 15:04:10,19,32,2428,7235
2023-02-07 15:04:10,19,26,2428,7235
2023-02-07 15:04:13,19,25,2428,7235
2023-02-07 15:04:14,18,25,2428,7235
2023-02-07 15:04:23,18,26,2428,7235
2023-02-07 15:04:29,17,32,2428,7235
2023-02-07 15:04:30,17,21,2428,7235
2023-02-07 15:04:45,17,32,2428,7235
2023-02-07 15:04:47,15,32,2428,7235
2023-02-07 15:04:51,15,22,2428,7235
2023-02-07 15:04:52,15,21,2428,7235
2023-02-07 15:05:00,14,21,2428,7235
2023-02-07 15:05:11,14,20,2428,7235
2023-02-07 15:05:11,14,19,2428,7235
2023-02-07 15:05:18,14,20,2428,7235
2023-02-07 15:05:27,15,33,2428,7235
2023-02-07 15:05:30,15,32,2428,7235
2023-02-07 15:05:31,15,20,2428,7235
2023-02-07 15:05:34,14,20,2428,7235
2023-02-07 15:05:40,15,20,2428,7235
2023-02-07 15:05:44,15,32,2428,7235
2023-02-07 15:05:52,15,21,2428,7235
2023-02-07 15:05:52,15,20,2428,7235
2023-02-07 15:05:56,16,20,2428,7235
2023-02-07 15:06:02,16,21,2428,7235
2023-02-07 15:06:05,16,32,2428,7235
2023-02-07 15:06:10,15,32,2428,7235
2023-02-07 15:06:11,15,21,2428,7235
2023-02-07 15:06:12,15,20,2428,7235
2023-02-07 15:06:30,16,20,2428,7235
2023-02-07 15:06:33,15,20,2428,7235
2023-02-07 15:06:56,14,20,2428,7235
2023-02-07 15:07:12,14,27,2428,7235
2023-02-07 15:07:13,14,18,2428,7235
2023-02-07 15:07:14,14,17,2428,7235
2023-02-07 15:07:16,14,18,2428,7235
2023-02-07 15:07:26,14,28,2428,7235
2023-02-07 15:07:32,14,27,2428,7235
2023-02-07 15:07:33,14,19,2428,7235
2023-02-07 15:07:36,14,18,2428,7235
2023-02-07 15:07:46,14,28,2428,7235
2023-02-07 15:07:54,14,27,2428,7235
2023-02-07 15:07:54,14,17,2428,7235
2023-02-07 15:07:57,14,16,2428,7235
2023-02-07 15:08:01,12,16,2428,7235
2023-02-07 15:08:06,12,17,2428,7235
2023-02-07 15:08:07,12,16,2428,7235
2023-02-07 15:08:07,12,17,2428,7235
2023-02-07 15:08:08,12,28,2428,7235
2023-02-07 15:08:14,12,27,2428,7235
2023-02-07 15:08:14,12,17,2428,7235
2023-02-07 15:08:16,12,16,2428,7235
2023-02-07 15:08:20,12,17,2428,7235
2023-02-07 15:08:34,12,28,2428,7235
2023-02-07 15:08:34,12,27,2428,7235
2023-02-07 15:08:35,12,17,2428,7235
2023-02-07 15:08:38,12,16,2428,7235
2023-02-07 15:08:48,12,17,2428,7235
2023-02-07 15:08:49,12,27,2428,7235
2023-02-07 15:08:55,12,15,2428,7235
2023-02-07 15:08:56,12,14,2428,7235
2023-02-07 15:09:06,12,15,2428,7235
2023-02-07 15:09:08,12,14,2428,7235
2023-02-07 15:09:08,12,15,2428,7235
2023-02-07 15:09:09,12,28,2428,7235
2023-02-07 15:09:10,12,27,2428,7235
2023-02-07 15:09:13,7,27,2539,7346
2023-02-07 15:09:15,7,13,2539,7346
2023-02-07 15:09:15,7,12,2539,7346
2023-02-07 15:09:27,7,13,2539,7346
2023-02-07 15:09:28,7,28,2539,7346
2023-02-07 15:09:28,7,27,2539,7346
2023-02-07 15:09:31,7,28,2539,7346
2023-02-07 15:09:32,7,27,2539,7346
2023-02-07 15:09:35,7,11,2539,7346
2023-02-07 15:09:49,7,27,2539,7346
2023-02-07 15:09:52,7,28,2549,7356
2023-02-07 15:09:54,7,27,2549,7356
2023-02-07 15:09:56,7,12,2549,7356
2023-02-07 15:10:14,7,28,2549,7356
2023-02-07 15:10:18,9,28,2549,7356
2023-02-07 15:10:20,9,27,2549,7356
2023-02-07 15:10:21,9,14,2549,7356
2023-02-07 15:10:29,10,14,2549,7356
2023-02-07 15:10:41,10,28,2549,7356
2023-02-07 15:10:41,10,27,2549,7356
2023-02-07 15:10:41,10,15,2549,7356
2023-02-07 15:11:02,10,27,2549,7356
2023-02-07 15:11:03,10,16,2549,7356
2023-02-07 15:11:08,11,16,2549,7356
2023-02-07 15:11:21,11,29,2549,7356
2023-02-07 15:11:22,11,17,2549,7356
2023-02-07 15:11:33,10,17,2549,7356
2023-02-07 15:11:33,13,17,2549,7356
2023-02-07 15:11:42,13,24,2549,7356
2023-02-07 15:11:43,13,18,2549,7356
2023-02-07 15:12:02,13,25,2549,7356
2023-02-07 15:12:03,13,18,2549,7356
2023-02-07 15:12:17,13,25,2549,7356
2023-02-07 15:12:17,11,25,2549,7356
2023-02-07 15:12:23,11,24,2549,7356
2023-02-07 15:12:24,11,17,2549,7356
2023-02-07 15:12:30,12,17,2549,7356
2023-02-07 15:12:42,12,24,2549,7356
2023-02-07 15:12:43,12,17,2549,7356
2023-02-07 15:12:46,13,17,2549,7356
2023-02-07 15:12:51,12,17,2549,7356
2023-02-07 15:13:00,12,24,2549,7356
2023-02-07 15:13:04,12,16,2549,7356
2023-02-07 15:13:08,10,16,2549,7374
2023-02-07 15:13:09,10,15,2549,7374
2023-02-07 15:13:32,12,15,2549,7374
2023-02-07 15:13:44,12,25,2567,7392
2023-02-07 15:13:44,12,24,2567,7392
2023-02-07 15:13:44,12,18,2567,7392
2023-02-07 15:14:00,12,24,2567,7392
2023-02-07 15:14:05,12,17,2567,7392
2023-02-07 15:14:12,12,17,2569,7394
2023-02-07 15:14:22,12,24,2569,7394
2023-02-07 15:14:25,12,17,2569,7394
2023-02-07 15:14:42,12,24,2569,7394
2023-02-07 15:14:45,12,17,2569,7394
2023-02-07 15:15:00,12,24,2569,7394
2023-02-07 15:15:06,12,16,2569,7394
2023-02-07 15:15:20,12,24,2569,7394
2023-02-07 15:15:25,14,24,2569,7394
2023-02-07 15:15:26,14,17,2569,7394
2023-02-07 15:15:33,17,25,2569,7404
2023-02-07 15:15:34,17,22,2569,7404
2023-02-07 15:15:34,17,21,2569,7404
2023-02-07 15:15:37,17,22,2569,7404
2023-02-07 15:15:44,16,22,2569,7404
2023-02-07 15:15:44,19,22,2569,7404
2023-02-07 15:15:45,19,31,2569,7404
2023-02-07 15:15:45,19,24,2569,7404
2023-02-07 15:15:47,19,22,2569,7404
2023-02-07 15:15:47,15,22,2569,7404
2023-02-07 15:15:47,21,22,2569,7404
2023-02-07 15:15:55,18,22,2569,7404
2023-02-07 15:15:56,19,22,2569,7404
2023-02-07 15:16:03,18,22,2569,7404
2023-02-07 15:16:09,17,22,2569,7404
2023-02-07 15:16:09,17,23,2569,7404
2023-02-07 15:16:10,17,20,2569,7404
2023-02-07 15:16:37,15,20,2569,7412
2023-02-07 15:16:38,15,19,2569,7412
2023-02-07 15:17:07,15,18,2569,7412
2023-02-07 15:17:35,15,19,2569,7412
2023-02-07 15:17:38,17,19,2569,7412
2023-02-07 15:17:48,17,20,2569,7412
2023-02-07 15:17:52,17,21,2569,7412
2023-02-07 15:17:59,17,22,2569,7412
2023-02-07 15:17:59,19,22,2569,7412
2023-02-07 15:18:05,17,22,2569,7412
2023-02-07 15:18:11,19,22,2569,7412
2023-02-07 15:18:13,19,23,2569,7412
2023-02-07 15:18:14,21,23,2569,7412
2023-02-07 15:18:15,21,24,2569,7412
2023-02-07 15:18:18,19,24,2569,7412
2023-02-07 15:18:19,19,23,2569,7412
2023-02-07 15:18:32,19,22,2569,7412
2023-02-07 15:18:43,19,23,2569,7412
2023-02-07 15:19:13,22,23,2569,7412
2023-02-07 15:19:13,22,24,2569,7412
2023-02-07 15:19:24,24,26,2569,7422
2023-02-07 15:19:25,24,28,2569,7422
2023-02-07 15:19:59,24,26,2569,7422
2023-02-07 15:19:59,22,26,2569,7422
2023-02-07 15:20:01,24,26,2569,7422
2023-02-07 15:20:01,24,28,2569,7422
2023-02-07 15:20:04,22,28,2569,7422
2023-02-07 15:20:07,24,28,2569,7422
2023-02-07 15:20:12,24,27,2569,7422
2023-02-07 15:20:21,22,27,2569,7422
2023-02-07 15:20:24,24,27,2569,7422
2023-02-07 15:20:33,24,28,2569,7422
2023-02-07 15:20:49,22,28,2569,7422
2023-02-07 15:20:51,24,28,2569,7422
2023-02-07 15:20:53,24,27,2569,7422
2023-02-07 15:20:56,22,27,2569,7422
2023-02-07 15:21:03,24,27,2569,7422
2023-02-07 15:21:07,24,28,2569,7422
2023-02-07 15:21:24,27,28,2569,7422
2023-02-07 15:21:27,27,33,2569,7422
2023-02-07 15:21:28,30,33,2569,7422
2023-02-07 15:21:55,32,33,2569,7422
2023-02-07 15:22:04,32,34,2569,7428
2023-02-07 15:22:04,32,33,2569,7428
2023-02-07 15:22:08,32,34,2569,7428
2023-02-07 15:22:14,32,35,2569,7428
2023-02-07 15:22:26,33,35,2569,7428
2023-02-07 15:22:27,33,35,2569,7436
2023-02-07 15:22:28,33,36,2569,7436
2023-02-07 15:22:28,32,36,2569,7436
2023-02-07 15:22:28,34,36,2569,7436
2023-02-07 15:22:29,34,40,2569,7436
2023-02-07 15:22:35,32,40,2569,7436
2023-02-07 15:22:36,33,40,2569,7436
2023-02-07 15:22:41,34,40,2569,7436
2023-02-07 15:22:46,33,40,2569,7436
2023-02-07 15:22:49,34,40,2569,7436
2023-02-07 15:23:11,32,40,2569,7436
2023-02-07 15:23:12,33,40,2569,7436
2023-02-07 15:23:13,32,40,2569,7436
2023-02-07 15:23:15,33,40,2569,7436
2023-02-07 15:23:16,33,39,2569,7436
2023-02-07 15:23:16,33,38,2569,7436
2023-02-07 15:23:17,32,38,2569,7436
2023-02-07 15:23:32,31,38,2569,7436
2023-02-07 15:23:35,31,37,2569,7436
2023-02-07 15:23:36,31,36,2569,7436
2023-02-07 15:23:53,31,38,2569,7436
2023-02-07 15:23:53,31,35,2569,7436
2023-02-07 15:23:54,29,35,2569,7436
2023-02-07 15:23:56,28,35,2569,7436
2023-02-07 15:23:58,28,33,2569,7436
2023-02-07 15:23:58,27,33,2569,7436
2023-02-07 15:24:02,27,43,2569,7436
2023-02-07 15:24:03,27,35,2569,7436
2023-02-07 15:24:03,28,35,2569,7436
2023-02-07 15:24:06,27,35,2569,7436
2023-02-07 15:24:11,28,35,2569,7436
2023-02-07 15:24:17,29,35,2569,7436
2023-02-07 15:24:21,29,34,2569,7436
2023-02-07 15:24:25,30,34,2569,7436
2023-02-07 15:24:28,32,34,2569,7436
2023-02-07 15:24:36,32,35,2569,7436
2023-02-07 15:24:49,32,38,2569,7436
2023-02-07 15:24:49,32,37,2569,7436
2023-02-07 15:24:50,30,37,2569,7436
2023-02-07 15:24:55,31,37,2569,7436
2023-02-07 15:24:55,30,37,2569,7436
2023-02-07 15:24:59,30,36,2569,7436
2023-02-07 15:25:00,31,36,2569,7436
2023-02-07 15:25:04,30,36,2569,7436
2023-02-07 15:25:10,31,36,2569,7436
2023-02-07 15:25:11,30,36,2569,7436
2023-02-07 15:25:18,30,37,2569,7436
2023-02-07 15:25:18,31,37,2569,7436
2023-02-07 15:25:18,31,36,2569,7436
2023-02-07 15:25:28,30,36,2569,7436
2023-02-07 15:25:31,30,35,2569,7436
2023-02-07 15:25:31,28,35,2569,7436
2023-02-07 15:25:34,27,35,2569,7436
2023-02-07 15:25:37,27,33,2569,7436
2023-02-07 15:25:41,27,34,2569,7436
2023-02-07 15:25:41,28,34,2569,7436
2023-02-07 15:25:50,27,34,2569,7436
2023-02-07 15:25:54,27,35,2569,7436
2023-02-07 15:25:54,28,35,2569,7436
2023-02-07 15:26:00,28,34,2569,7436
2023-02-07 15:26:00,27,34,2569,7436
2023-02-07 15:26:01,29,34,2569,7436
2023-02-07 15:26:05,27,34,2569,7436
2023-02-07 15:26:06,28,34,2569,7436
2023-02-07 15:26:06,30,34,2569,7436
2023-02-07 15:26:10,31,34,2569,7436
2023-02-07 15:26:12,32,34,2569,7436
2023-02-07 15:26:13,31,34,2569,7436
2023-02-07 15:26:14,33,39,2569,7436
2023-02-07 15:26:17,31,39,2569,7436
2023-02-07 15:26:19,32,39,2569,7436
2023-02-07 15:26:21,31,39,2569,7436
2023-02-07 15:26:22,32,39,2569,7436
2023-02-07 15:26:23,31,39,2569,7436
2023-02-07 15:26:31,30,39,2569,7436
2023-02-07 15:26:31,30,36,2569,7436
2023-02-07 15:26:37,29,36,2569,7436
2023-02-07 15:26:37,28,36,2569,7436
2023-02-07 15:26:37,30,36,2569,7436
2023-02-07 15:26:39,28,36,2569,7436
2023-02-07 15:26:39,29,36,2569,7436
2023-02-07 15:26:39,29,42,2569,7436
2023-02-07 15:26:39,29,41,2569,7436
2023-02-07 15:26:39,31,35,2569,7436
2023-02-07 15:26:40,32,35,2569,7436
2023-02-07 15:26:41,33,35,2569,7436
2023-02-07 15:26:42,32,35,2569,7436
2023-02-07 15:26:43,34,35,2569,7436
2023-02-07 15:26:53,34,40,2569,7436
2023-02-07 15:26:54,34,39,2569,7436
2023-02-07 15:27:03,37,39,2569,7436
2023-02-07 15:27:06,38,39,2569,7436
2023-02-07 15:27:13,38,44,2569,7436
2023-02-07 15:27:13,39,44,2569,7436
2023-02-07 15:27:13,39,46,2569,7436
2023-02-07 15:27:14,39,44,2569,7436
2023-02-07 15:27:23,37,44,2569,7436
2023-02-07 15:27:25,38,44,2569,7436
2023-02-07 15:27:28,38,48,2569,7436
2023-02-07 15:27:28,38,46,2569,7436
2023-02-07 15:27:29,39,46,2569,7436
2023-02-07 15:27:31,37,46,2569,7436
2023-02-07 15:27:32,40,46,2569,7436
2023-02-07 15:27:33,40,44,2569,7436
2023-02-07 15:27:39,41,44,2569,7436
2023-02-07 15:27:46,42,44,2569,7436
2023-02-07 15:27:47,42,48,2569,7436
2023-02-07 15:27:47,40,48,2569,7436
2023-02-07 15:27:48,43,48,2569,7436
2023-02-07 15:28:00,41,48,2569,7436
2023-02-07 15:28:06,40,48,2569,7436
2023-02-07 15:28:07,42,48,2569,7436
2023-02-07 15:28:08,43,48,2569,7436
2023-02-07 15:28:25,43,47,2569,7436
2023-02-07 15:28:34,40,47,2569,7436
2023-02-07 15:28:34,41,47,2569,7436
2023-02-07 15:28:35,41,46,2569,7436
2023-02-07 15:28:42,40,46,2569,7436
2023-02-07 15:28:47,41,46,2569,7436
2023-02-07 15:28:48,41,48,2569,7436
2023-02-07 15:28:49,40,48,2569,7436
2023-02-07 15:28:49,42,48,2569,7436
2023-02-07 15:28:50,45,48,2569,7436
2023-02-07 15:28:53,45,52,2569,7436
2023-02-07 15:28:54,45,51,2569,7436
2023-02-07 15:28:55,45,46,2569,7436
2023-02-07 15:29:03,46,52,2579,7446
2023-02-07 15:29:03,46,51,2579,7446
2023-02-07 15:29:08,45,51,2579,7446
2023-02-07 15:29:09,45,52,2579,7446
2023-02-07 15:29:12,42,52,2579,7446
2023-02-07 15:29:12,43,52,2579,7446
2023-02-07 15:29:13,43,54,2579,7446
2023-02-07 15:29:13,43,50,2579,7446
2023-02-07 15:29:14,44,50,2579,7446
2023-02-07 15:29:16,44,49,2579,7446
2023-02-07 15:29:19,45,49,2579,7446
2023-02-07 15:29:20,47,49,2579,7446
2023-02-07 15:29:27,45,49,2579,7446
2023-02-07 15:29:27,48,49,2579,7446
2023-02-07 15:29:31,48,54,2579,7446
2023-02-07 15:29:32,48,53,2579,7446
2023-02-07 15:29:32,51,53,2579,7446
2023-02-07 15:29:34,52,53,2579,7446
2023-02-07 15:29:38,51,53,2579,7446
2023-02-07 15:29:39,51,53,2579,7456
2023-02-07 15:29:39,51,54,2579,7456
2023-02-07 15:29:45,52,54,2579,7456
2023-02-07 15:29:46,51,54,2579,7464
2023-02-07 15:29:50,48,56,2579,7464
2023-02-07 15:29:51,50,56,2579,7464
2023-02-07 15:29:53,48,56,2579,7464
2023-02-07 15:29:58,48,54,2579,7464
2023-02-07 15:30:10,50,54,2579,7464
2023-02-07 15:30:12,50,56,2579,7464
2023-02-07 15:30:16,52,56,2579,7464
2023-02-07 15:30:16,52,58,2579,7464
2023-02-07 15:30:17,52,56,2579,7464
2023-02-07 15:30:17,52,55,2579,7464
2023-02-07 15:30:18,50,55,2579,7464
2023-02-07 15:30:20,48,55,2579,7464
2023-02-07 15:30:21,48,54,2579,7464
2023-02-07 15:30:24,48,53,2579,7464
2023-02-07 15:30:26,48,52,2579,7464
2023-02-07 15:30:26,46,52,2579,7464
2023-02-07 15:30:27,46,51,2579,7464
2023-02-07 15:30:31,47,51,2579,7464
2023-02-07 15:30:36,45,51,2579,7464
2023-02-07 15:30:43,45,50,2579,7464
2023-02-07 15:30:44,45,49,2579,7464
2023-02-07 15:30:45,45,52,2579,7464
2023-02-07 15:30:46,45,51,2579,7464
2023-02-07 15:30:49,47,51,2579,7464
2023-02-07 15:30:50,47,52,2579,7464
2023-02-07 15:30:52,47,53,2579,7464
2023-02-07 15:30:52,45,53,2579,7464
2023-02-07 15:30:52,45,52,2579,7464
2023-02-07 15:30:56,45,54,2579,7464
2023-02-07 15:30:56,45,53,2579,7464
2023-02-07 15:30:56,47,53,2579,7464
2023-02-07 15:31:01,49,53,2579,7464
2023-02-07 15:31:03,47,53,2579,7464
2023-02-07 15:31:10,45,53,2579,7464
2023-02-07 15:31:10,45,52,2579,7464
2023-02-07 15:31:13,45,51,2579,7464
2023-02-07 15:31:15,45,50,2579,7464
2023-02-07 15:31:16,45,49,2579,7464
2023-02-07 15:31:16,45,52,2579,7464
2023-02-07 15:31:17,45,51,2579,7464
2023-02-07 15:31:18,45,50,2579,7464
2023-02-07 15:31:19,45,49,2579,7464
2023-02-07 15:31:22,43,49,2579,7464
2023-02-07 15:31:24,41,49,2579,7464
2023-02-07 15:31:25,41,47,2579,7464
2023-02-07 15:31:25,41,46,2579,7464
2023-02-07 15:31:28,43,46,2579,7464
2023-02-07 15:31:28,43,50,2579,7464
2023-02-07 15:31:29,43,49,2579,7464
2023-02-07 15:31:29,43,50,2579,7464
2023-02-07 15:31:29,45,50,2579,7464
2023-02-07 15:31:31,45,51,2579,7464
2023-02-07 15:31:33,45,52,2579,7464
2023-02-07 15:31:33,45,51,2579,7464
2023-02-07 15:31:36,45,52,2579,7464
2023-02-07 15:31:36,45,51,2579,7464
2023-02-07 15:31:40,47,51,2579,7464
2023-02-07 15:31:41,47,52,2579,7464
2023-02-07 15:31:42,45,52,2579,7464
2023-02-07 15:31:44,47,52,2579,7464
2023-02-07 15:31:54,47,54,2579,7464
2023-02-07 15:31:54,47,53,2579,7464
2023-02-07 15:31:54,50,53,2579,7464
2023-02-07 15:31:55,50,56,2579,7464
2023-02-07 15:31:56,50,55,2579,7464
2023-02-07 15:32:01,52,55,2579,7464
2023-02-07 15:32:07,50,55,2579,7464
2023-02-07 15:32:09,52,55,2579,7464
2023-02-07 15:32:12,52,57,2579,7464
2023-02-07 15:32:15,50,57,2579,7464
2023-02-07 15:32:20,50,56,2579,7464
2023-02-07 15:32:21,50,55,2579,7464
2023-02-07 15:32:23,50,54,2579,7464
2023-02-07 15:32:23,48,54,2579,7464
2023-02-07 15:32:25,50,54,2579,7464
2023-02-07 15:32:25,50,56,2579,7464
2023-02-07 15:32:26,50,57,2579,7464
2023-02-07 15:32:26,50,56,2579,7464
2023-02-07 15:32:37,50,54,2579,7464
2023-02-07 15:32:37,48,54,2579,7464
2023-02-07 15:32:43,48,55,2579,7464
2023-02-07 15:32:43,50,55,2579,7464
2023-02-07 15:32:45,50,54,2579,7464
2023-02-07 15:32:47,52,54,2579,7464
2023-02-07 15:32:47,52,55,2579,7464
2023-02-07 15:32:48,50,55,2579,7464
2023-02-07 15:32:51,48,55,2597,7482
2023-02-07 15:32:52,48,54,2597,7482
2023-02-07 15:32:55,48,51,2597,7482
2023-02-07 15:32:56,44,51,2597,7482
2023-02-07 15:32:57,44,50,2597,7482
2023-02-07 15:33:02,44,50,2597,7492
2023-02-07 15:33:02,44,51,2597,7492
2023-02-07 15:33:02,44,50,2597,7492
2023-02-07 15:33:07,42,50,2597,7492
2023-02-07 15:33:07,47,51,2597,7492
2023-02-07 15:33:08,47,52,2597,7492
2023-02-07 15:33:08,47,51,2597,7492
2023-02-07 15:33:20,40,51,2597,7492
2023-02-07 15:33:20,47,51,2597,7492
2023-02-07 15:33:20,49,51,2597,7492
2023-02-07 15:33:20,49,55,2597,7492
2023-02-07 15:33:21,49,54,2597,7492
2023-02-07 15:34:02,45,54,2597,7492
2023-02-07 15:34:03,45,52,2597,7492
2023-02-07 15:34:03,45,51,2597,7492
2023-02-07 15:34:04,47,51,2597,7492
2023-02-07 15:34:13,47,54,2597,7492
2023-02-07 15:34:16,47,53,2597,7492
2023-02-07 15:34:39,44,53,2597,7492
2023-02-07 15:34:39,44,51,2597,7492
2023-02-07 15:34:41,44,50,2597,7492
2023-02-07 15:34:41,40,50,2597,7492
2023-02-07 15:34:41,46,50,2597,7492
2023-02-07 15:34:41,46,54,2597,7492
2023-02-07 15:34:41,46,53,2597,7492
2023-02-07 15:34:42,46,52,2597,7492
2023-02-07 15:34:58,46,54,2597,7492
2023-02-07 15:34:58,40,54,2597,7492
2023-02-07 15:34:58,40,53,2597,7492
2023-02-07 15:34:58,48,53,2597,7492
2023-02-07 15:35:08,45,53,2597,7492
2023-02-07 15:35:09,46,53,2597,7492
2023-02-07 15:35:14,46,51,2597,7492
2023-02-07 15:35:14,45,51,2597,7492
2023-02-07 15:35:14,45,50,2597,7492
2023-02-07 15:35:17,44,50,2597,7492
2023-02-07 15:35:17,44,49,2597,7492
2023-02-07 15:35:18,42,49,2597,7492
2023-02-07 15:35:18,42,48,2597,7492
2023-02-07 15:35:22,42,47,2597,7492
2023-02-07 15:35:22,40,47,2597,7492
2023-02-07 15:35:24,40,46,2597,7492
2023-02-07 15:35:27,40,48,2597,7492
2023-02-07 15:35:27,40,47,2597,7492
2023-02-07 15:35:28,42,47,2597,7492
2023-02-07 15:35:35,40,47,2597,7492
2023-02-07 15:35:39,40,45,2597,7492
2023-02-07 15:35:42,40,44,2597,7492
2023-02-07 15:35:44,40,43,2597,7492
2023-02-07 15:35:44,40,42,2597,7492
2023-02-07 15:35:44,38,42,2597,7492
2023-02-07 15:35:45,38,42,2597,7500
2023-02-07 15:35:45,38,40,2597,7500
2023-02-07 15:35:45,34,38,2595,7502
2023-02-07 15:35:48,34,40,2595,7502
2023-02-07 15:35:48,34,37,2595,7502
2023-02-07 15:35:50,34,36,2595,7502
2023-02-07 15:35:51,34,35,2595,7502
2023-02-07 15:35:51,32,35,2595,7502
2023-02-07 15:36:03,32,37,2595,7502
2023-02-07 15:36:04,34,37,2595,7502
2023-02-07 15:36:05,34,39,2595,7502
2023-02-07 15:36:10,34,38,2595,7502
2023-02-07 15:36:11,37,38,2595,7502
2023-02-07 15:36:12,37,39,2595,7502
2023-02-07 15:36:17,39,41,2595,7502
2023-02-07 15:36:23,37,41,2595,7502
2023-02-07 15:36:24,39,41,2595,7502
2023-02-07 15:36:24,39,43,2595,7502
2023-02-07 15:36:27,39,44,2595,7502
2023-02-07 15:36:27,41,44,2595,7502
2023-02-07 15:36:31,41,44,2597,7504
2023-02-07 15:36:35,44,48,2597,7512
2023-02-07 15:36:35,44,47,2597,7512
2023-02-07 15:36:38,44,48,2597,7512
2023-02-07 15:36:38,41,48,2597,7512
2023-02-07 15:37:09,41,46,2597,7512
2023-02-07 15:37:10,41,48,2597,7512
2023-02-07 15:37:12,41,46,2597,7512
2023-02-07 15:37:16,41,48,2597,7512
2023-02-07 15:37:16,41,45,2597,7512
2023-02-07 15:37:17,41,44,2597,7512
2023-02-07 15:37:19,40,44,2597,7512
2023-02-07 15:37:19,40,43,2597,7512
2023-02-07 15:37:21,37,43,2597,7512
2023-02-07 15:37:30,37,45,2597,7512
2023-02-07 15:37:30,37,42,2597,7512
2023-02-07 15:37:36,37,40,2597,7512
2023-02-07 15:37:38,37,42,2597,7512
2023-02-07 15:37:44,35,41,2597,7512
2023-02-07 15:37:47,35,40,2597,7512
2023-02-07 15:37:53,40,42,2579,7530
2023-02-07 15:37:55,40,45,2579,7530
2023-02-07 15:37:57,39,45,2579,7530
2023-02-07 15:38:03,39,50,2579,7530
2023-02-07 15:38:03,41,50,2579,7530
2023-02-07 15:38:03,41,49,2579,7530
2023-02-07 15:38:04,41,47,2579,7530
2023-02-07 15:38:07,41,46,2579,7530
2023-02-07 15:38:23,39,47,2579,7530
2023-02-07 15:38:24,39,45,2579,7530
2023-02-07 15:38:28,39,47,2579,7530
2023-02-07 15:38:31,39,46,2579,7530
2023-02-07 15:38:31,39,45,2579,7530
2023-02-07 15:38:34,39,47,2579,7530
2023-02-07 15:38:34,39,46,2579,7530
2023-02-07 15:38:40,39,45,2579,7530
2023-02-07 15:38:42,39,43,2579,7530
2023-02-07 15:38:43,37,43,2579,7530
2023-02-07 15:38:49,39,43,2579,7530
2023-02-07 15:38:49,39,45,2579,7530
2023-02-07 15:38:52,37,45,2579,7530
2023-02-07 15:38:53,37,43,2579,7530
2023-02-07 15:39:06,37,44,2579,7530
2023-02-07 15:39:09,37,43,2579,7530
2023-02-07 15:39:11,40,43,2579,7530
2023-02-07 15:39:11,40,44,2579,7530
2023-02-07 15:39:20,40,47,2579,7530
2023-02-07 15:39:20,40,49,2579,7530
2023-02-07 15:39:20,40,48,2579,7530
2023-02-07 15:39:20,41,48,2579,7530
2023-02-07 15:39:21,44,48,2579,7530
2023-02-07 15:39:21,44,50,2579,7530
2023-02-07 15:39:32,44,52,2579,7530
2023-02-07 15:39:32,46,52,2579,7530
2023-02-07 15:39:33,49,52,2579,7530
2023-02-07 15:39:37,49,51,2579,7530
2023-02-07 15:39:37,49,51,2597,7548
2023-02-07 15:39:40,49,57,2597,7548
2023-02-07 15:39:40,50,57,2597,7548
2023-02-07 15:39:41,51,57,2597,7548
2023-02-07 15:40:04,51,55,2597,7548
2023-02-07 15:40:05,48,55,2597,7548
2023-02-07 15:40:07,48,57,2597,7548
2023-02-07 15:40:07,48,54,2597,7548
2023-02-07 15:40:15,48,57,2597,7548
2023-02-07 15:40:15,50,57,2597,7548
2023-02-07 15:40:19,48,57,2597,7548
2023-02-07 15:40:19,54,57,2597,7548
2023-02-07 15:40:20,54,58,2597,7548
2023-02-07 15:40:23,54,60,2597,7548
2023-02-07 15:40:23,34,60,2597,7548
2023-02-07 15:40:23,56,60,2597,7548
2023-02-07 15:40:24,56,63,2597,7548
2023-02-07 15:40:24,56,62,2597,7548
2023-02-07 15:40:26,56,63,2597,7548
2023-02-07 15:40:28,58,63,2597,7548
2023-02-07 15:40:39,56,63,2597,7548
2023-02-07 15:40:42,58,63,2597,7548
2023-02-07 15:40:42,58,65,2597,7548
2023-02-07 15:40:43,58,63,2597,7548
2023-02-07 15:40:44,56,63,2597,7548
2023-02-07 15:40:46,56,62,2597,7548
2023-02-07 15:40:58,56,61,2597,7548
2023-02-07 15:40:59,54,61,2597,7548
2023-02-07 15:41:00,54,62,2597,7548
2023-02-07 15:41:00,54,61,2597,7548
2023-02-07 15:41:12,53,61,2597,7548
2023-02-07 15:41:12,57,61,2597,7548
2023-02-07 15:41:13,57,63,2597,7548
2023-02-07 15:41:16,57,62,2597,7548
2023-02-07 15:41:17,55,62,2597,7548
2023-02-07 15:41:17,55,63,2597,7548
2023-02-07 15:41:17,53,63,2597,7548
2023-02-07 15:41:17,57,63,2597,7548
2023-02-07 15:41:25,57,64,2597,7548
2023-02-07 15:41:25,57,65,2597,7548
2023-02-07 15:41:28,57,64,2597,7548
2023-02-07 15:41:28,57,63,2597,7548
2023-02-07 15:41:33,53,63,2597,7548
2023-02-07 15:41:33,55,63,2597,7548
2023-02-07 15:41:33,55,62,2597,7548
2023-02-07 15:41:34,55,61,2597,7548
2023-02-07 15:41:35,55,62,2597,7548
2023-02-07 15:41:35,55,60,2597,7548
2023-02-07 15:41:35,53,60,2597,7548
2023-02-07 15:42:01,53,57,2597,7548
2023-02-07 15:42:01,52,57,2597,7548
2023-02-07 15:42:08,50,57,2597,7548
2023-02-07 15:42:08,50,53,2597,7548
2023-02-07 15:42:08,48,53,2597,7548
2023-02-07 15:42:08,42,53,2597,7548
2023-02-07 15:42:09,46,53,2597,7548
2023-02-07 15:42:09,48,53,2597,7548
2023-02-07 15:42:11,48,51,2597,7548
2023-02-07 15:42:18,48,53,2597,7548
2023-02-07 15:42:21,48,51,2597,7548
2023-02-07 15:42:23,42,51,2597,7548
2023-02-07 15:42:23,42,53,2597,7548
2023-02-07 15:42:24,46,53,2597,7548
2023-02-07 15:42:35,45,53,2597,7548
2023-02-07 15:42:35,45,55,2597,7548
2023-02-07 15:42:35,45,54,2597,7548
2023-02-07 15:42:35,49,54,2597,7548
2023-02-07 15:42:35,49,55,2597,7548
2023-02-07 15:42:46,49,57,2597,7548
2023-02-07 15:42:47,49,59,2597,7548
2023-02-07 15:42:48,49,58,2597,7548
2023-02-07 15:42:48,52,58,2597,7548
2023-02-07 15:42:48,52,59,2597,7548
2023-02-07 15:42:50,52,57,2597,7548
2023-02-07 15:42:56,47,57,2597,7548
2023-02-07 15:42:56,54,57,2597,7548
2023-02-07 15:42:57,47,57,2597,7548
2023-02-07 15:42:57,56,57,2597,7548
2023-02-07 15:43:03,42,57,2597,7548
2023-02-07 15:43:04,54,61,2597,7548
2023-02-07 15:43:14,54,60,2597,7548
2023-02-07 15:43:17,54,62,2597,7548
2023-02-07 15:43:17,54,61,2597,7548
2023-02-07 15:43:17,54,62,2597,7548
2023-02-07 15:43:18,52,62,2597,7548
2023-02-07 15:43:18,52,59,2597,7548
2023-02-07 15:43:30,42,59,2597,7548
2023-02-07 15:43:30,42,63,2597,7548
2023-02-07 15:43:30,50,62,2597,7548
2023-02-07 15:43:30,55,62,2597,7548
2023-02-07 15:43:31,55,60,2597,7548
2023-02-07 15:43:33,53,60,2597,7548
2023-02-07 15:43:35,53,57,2597,7548
2023-02-07 15:43:35,50,57,2597,7548
2023-02-07 15:43:39,50,56,2597,7548
2023-02-07 15:43:42,50,57,2597,7548
2023-02-07 15:43:47,50,56,2597,7548
2023-02-07 15:43:51,50,57,2597,7548
2023-02-07 15:43:55,47,57,2597,7548
2023-02-07 15:43:56,52,57,2597,7548
2023-02-07 15:44:00,55,57,2597,7548
2023-02-07 15:44:05,55,61,2597,7548
2023-02-07 15:44:08,42,61,2597,7548
2023-02-07 15:44:08,53,61,2597,7548
2023-02-07 15:44:08,53,60,2597,7548
2023-02-07 15:44:09,53,59,2597,7548
2023-02-07 15:44:17,55,59,2597,7548
2023-02-07 15:44:20,60,61,2597,7581
2023-02-07 15:44:20,60,61,2597,7614
2023-02-07 15:44:26,55,61,2597,7614
2023-02-07 15:44:30,55,60,2597,7614
2023-02-07 15:44:31,53,60,2597,7614
2023-02-07 15:44:31,53,59,2597,7614
2023-02-07 15:44:35,55,59,2597,7614
2023-02-07 15:44:40,53,59,2597,7614
2023-02-07 15:44:40,53,60,2597,7614
2023-02-07 15:44:43,55,60,2597,7614
2023-02-07 15:44:43,55,59,2597,7614
2023-02-07 15:44:43,55,62,2597,7632
2023-02-07 15:44:46,55,61,2597,7632
2023-02-07 15:45:02,57,61,2597,7632
2023-02-07 15:45:07,57,59,2597,7632
2023-02-07 15:45:07,42,59,2597,7632
2023-02-07 15:45:07,42,57,2597,7632
2023-02-07 15:45:07,52,57,2597,7632
2023-02-07 15:45:10,42,57,2597,7632
2023-02-07 15:45:11,54,57,2597,7632
2023-02-07 15:45:21,54,61,2597,7668
2023-02-07 15:45:21,54,60,2597,7668
2023-02-07 15:45:32,57,60,2597,7668
2023-02-07 15:45:32,57,64,2597,7668
2023-02-07 15:45:33,57,63,2597,7668
2023-02-07 15:45:34,57,62,2597,7668
2023-02-07 15:45:35,57,63,2597,7668
2023-02-07 15:45:43,53,63,2597,7668
2023-02-07 15:45:43,60,63,2597,7668
2023-02-07 15:45:45,63,68,2607,7678
2023-02-07 15:45:46,63,67,2607,7678
2023-02-07 15:45:46,63,68,2607,7678
2023-02-07 15:45:47,63,68,2627,7698
2023-02-07 15:45:50,42,68,2627,7698
2023-02-07 15:45:53,60,68,2627,7698
2023-02-07 15:45:53,60,70,2627,7698
2023-02-07 15:45:53,67,70,2627,7698
2023-02-07 15:45:55,67,69,2627,7698
2023-02-07 15:45:56,65,69,2627,7698
2023-02-07 15:46:00,65,72,2637,7728
2023-02-07 15:46:01,67,72,2637,7728
2023-02-07 15:46:01,67,71,2637,7728
2023-02-07 15:46:02,67,70,2637,7728
2023-02-07 15:46:04,67,71,2637,7728
2023-02-07 15:46:07,67,70,2637,7728
2023-02-07 15:46:11,67,70,2637,7745
2023-02-07 15:46:11,67,71,2638,7754
2023-02-07 15:46:13,67,69,2638,7754
2023-02-07 15:46:18,70,72,2648,7764
2023-02-07 15:46:18,70,73,2648,7764
2023-02-07 15:46:20,70,73,2648,7772
2023-02-07 15:46:21,72,73,2648,7772
2023-02-07 15:46:23,73,79,2648,7794
2023-02-07 15:46:26,73,78,2648,7794
2023-02-07 15:46:31,72,78,2648,7794
2023-02-07 15:46:34,72,76,2648,7794
2023-02-07 15:46:35,66,76,2648,7794
2023-02-07 15:46:35,75,76,2648,7794
2023-02-07 15:46:42,66,76,2684,7830
2023-02-07 15:46:45,66,82,2694,7840
2023-02-07 15:46:46,66,83,2694,7840
2023-02-07 15:46:47,42,83,2694,7840
2023-02-07 15:46:47,42,84,2694,7840
2023-02-07 15:46:50,23,84,2694,7840
2023-02-07 15:46:52,67,86,2694,7840
2023-02-07 15:46:53,67,88,2694,7840
2023-02-07 15:46:53,67,87,2694,7840
2023-02-07 15:46:54,74,87,2694,7840
2023-02-07 15:46:54,74,84,2694,7840
2023-02-07 15:47:08,67,87,2694,7840
2023-02-07 15:47:09,67,86,2694,7840
2023-02-07 15:47:14,67,88,2694,7840
2023-02-07 15:47:14,67,87,2694,7840
2023-02-07 15:47:15,75,87,2694,7840
2023-02-07 15:47:16,75,85,2694,7840
2023-02-07 15:47:20,75,84,2694,7840
2023-02-07 15:47:24,75,85,2694,7840
2023-02-07 15:47:29,67,85,2694,7840
2023-02-07 15:47:35,74,85,2694,7840
2023-02-07 15:47:36,74,84,2694,7840
2023-02-07 15:47:47,74,87,2704,7850
2023-02-07 15:47:47,74,86,2704,7850
2023-02-07 15:47:48,67,86,2704,7850
2023-02-07 15:47:50,67,88,2740,7886
2023-02-07 15:47:51,67,87,2740,7886
2023-02-07 15:47:55,77,87,2740,7886
2023-02-07 15:47:56,77,87,2773,7919
2023-02-07 15:47:59,77,88,2783,7929
2023-02-07 15:48:03,77,86,2783,7929
2023-02-07 15:48:04,77,83,2783,7929
2023-02-07 15:48:05,77,86,2783,7965
2023-02-07 15:48:05,77,85,2783,7965
2023-02-07 15:48:05,79,85,2783,7965
2023-02-07 15:48:09,79,86,2783,7965
2023-02-07 15:48:11,79,88,2783,7965
2023-02-07 15:48:12,79,87,2783,7965
2023-02-07 15:48:12,81,87,2783,7965
2023-02-07 15:48:13,81,88,2783,7965
2023-02-07 15:48:15,81,87,2783,7965
2023-02-07 15:48:16,81,83,2783,7965
2023-02-07 15:48:31,81,87,2783,7965
2023-02-07 15:48:34,81,85,2783,7965
2023-02-07 15:48:34,81,84,2783,7965
2023-02-07 15:48:34,78,84,2783,7965
2023-02-07 15:48:49,84,85,2811,7993
2023-02-07 15:48:50,78,85,2811,8011
2023-02-07 15:48:52,80,85,2811,8011
2023-02-07 15:48:54,76,85,2829,8029
2023-02-07 15:48:54,76,84,2829,8029
2023-02-07 15:48:55,76,83,2829,8029
2023-02-07 15:48:56,76,79,2829,8029
2023-02-07 15:49:07,76,84,2839,8039
2023-02-07 15:49:07,76,83,2839,8039
2023-02-07 15:49:10,79,83,2839,8039
2023-02-07 15:49:12,83,85,2849,8049
2023-02-07 15:49:13,83,85,2859,8059
2023-02-07 15:49:14,79,85,2895,8095
2023-02-07 15:49:15,79,83,2895,8095
2023-02-07 15:49:17,79,81,2895,8095
2023-02-07 15:49:24,79,84,2905,8105
2023-02-07 15:49:25,71,84,2913,8113
2023-02-07 15:49:30,67,84,2913,8113
2023-02-07 15:49:30,67,83,2913,8113
2023-02-07 15:49:33,67,84,2913,8113
2023-02-07 15:49:37,72,84,2913,8113
2023-02-07 15:49:37,72,82,2913,8113
2023-02-07 15:49:38,72,82,2918,8118
2023-02-07 15:49:50,67,86,2923,8123
2023-02-07 15:49:50,67,85,2923,8123
2023-02-07 15:49:51,72,85,2923,8123
2023-02-07 15:50:02,72,87,2923,8123
2023-02-07 15:50:07,67,87,2923,8123
2023-02-07 15:50:10,67,86,2923,8123
2023-02-07 15:50:12,67,86,2923,8133
2023-02-07 15:50:20,67,94,2923,8133
2023-02-07 15:50:20,67,93,2923,8133
2023-02-07 15:50:25,67,94,2923,8133
2023-02-07 15:50:25,67,93,2923,8133
2023-02-07 15:50:32,78,93,2923,8133
2023-02-07 15:50:49,67,93,2923,8133
2023-02-07 15:50:54,78,93,2923,8133
2023-02-07 15:51:34,79,93,2923,8133
2023-02-07 15:51:37,82,93,2923,8133
2023-02-07 15:51:53,23,93,2923,8133
2023-02-07 15:51:55,80,93,2923,8133
2023-02-07 15:52:12,23,94,2988,8198
2023-02-07 15:52:15,80,94,2988,8198
2023-02-07 15:52:50,80,96,2988,8198
2023-02-07 15:52:50,23,95,2988,8198
2023-02-07 15:52:50,23,98,2988,8198
2023-02-07 15:52:52,23,97,2988,8198
2023-02-07 15:52:56,80,97,2988,8198
2023-02-07 15:52:56,80,96,2988,8198
2023-02-07 15:53:09,23,95,2988,8198
2023-02-07 15:53:16,80,95,2988,8198
2023-02-07 15:53:23,80,98,3034,8244
2023-02-07 15:53:23,80,97,3034,8244
2023-02-07 15:53:37,80,96,3034,8244
2023-02-07 15:53:49,80,95,3034,8244
2023-02-07 15:53:56,23,98,3034,8244
2023-02-07 15:53:56,23,97,3034,8244
2023-02-07 15:53:57,79,97,3034,8244
2023-02-07 15:53:57,79,95,3034,8244
2023-02-07 15:54:02,79,94,3034,8244
2023-02-07 15:54:07,82,94,3034,8244
2023-02-07 15:54:26,82,93,3034,8244
2023-02-07 15:54:50,82,91,3034,8244
2023-02-07 15:54:52,79,91,3034,8244
2023-02-07 15:54:54,79,93,3044,8254
2023-02-07 15:55:14,23,94,3044,8254
2023-02-07 15:55:18,23,97,3044,8254
2023-02-07 15:55:19,80,97,3044,8254
2023-02-07 15:55:21,85,97,3044,8254
2023-02-07 15:55:44,87,97,3044,8254
2023-02-07 15:55:58,23,97,3044,8254
2023-02-07 15:56:00,80,97,3044,8254
2023-02-07 15:56:28,79,97,3044,8254
2023-02-07 15:56:30,79,95,3044,8254
2023-02-07 15:56:33,79,94,3044,8254
2023-02-07 15:56:41,74,94,3044,8254
2023-02-07 15:56:55,23,93,3044,8254
2023-02-07 15:56:59,23,93,3044,8256
2023-02-07 15:57:02,77,93,3044,8256
2023-02-07 15:57:05,77,95,3044,8256
2023-02-07 15:57:10,82,95,3044,8256
2023-02-07 15:57:18,82,94,3044,8256
2023-02-07 15:57:23,76,94,3044,8256
2023-02-07 15:57:42,23,94,3044,8257
2023-02-07 15:57:42,74,94,3044,8257
2023-02-07 15:58:02,77,94,3044,8257
2023-02-07 15:58:04,77,94,3044,8273
2023-02-07 15:58:06,77,97,3044,8273
2023-02-07 15:58:20,23,97,3044,8273
2023-02-07 15:58:27,23,98,3044,8291
2023-02-07 15:58:28,94,98,3044,8291
2023-02-07 15:58:52,94,100,3044,8642
2023-02-07 15:59:48,95,100,3044,8642
