datetime,bid,ask,open_interest,volume
2023-10-31 09:30:58,2,45,29,29
2023-10-31 09:31:00,2,27,29,29
2023-10-31 09:31:00,24,27,29,29
2023-10-31 09:31:00,25,27,29,29
2023-10-31 09:31:04,24,27,29,29
2023-10-31 09:31:10,24,26,29,29
2023-10-31 09:31:14,24,27,29,29
2023-10-31 09:31:23,24,26,29,29
2023-10-31 09:31:32,24,27,29,29
2023-10-31 09:31:35,24,26,29,29
2023-10-31 09:31:36,24,27,29,29
2023-10-31 09:31:40,25,27,29,29
2023-10-31 09:31:46,24,27,29,29
2023-10-31 09:31:47,25,27,29,29
2023-10-31 09:31:50,24,27,29,29
2023-10-31 09:31:55,24,26,29,29
2023-10-31 09:32:10,24,27,29,29
2023-10-31 09:32:15,25,27,29,29
2023-10-31 09:32:17,24,27,29,29
2023-10-31 09:32:25,25,27,29,29
2023-10-31 09:32:27,24,27,29,29
2023-10-31 09:32:37,24,26,29,29
2023-10-31 09:32:38,24,27,29,29
2023-10-31 09:32:46,25,27,29,29
2023-10-31 09:32:47,24,27,29,29
2023-10-31 09:32:57,24,26,29,29
2023-10-31 09:32:59,24,27,29,29
2023-10-31 09:33:01,25,27,29,29
2023-10-31 09:33:02,24,27,29,29
2023-10-31 09:33:11,24,26,29,29
2023-10-31 09:33:16,24,27,29,29
2023-10-31 09:33:17,25,27,29,29
2023-10-31 09:33:17,25,27,209,209
2023-10-31 09:33:18,24,27,209,209
2023-10-31 09:33:23,25,27,209,209
2023-10-31 09:33:24,24,27,209,209
2023-10-31 09:33:31,25,27,209,209
2023-10-31 09:33:40,24,27,209,209
2023-10-31 09:33:43,25,27,209,209
2023-10-31 09:33:45,24,27,209,209
2023-10-31 09:33:48,25,27,209,209
2023-10-31 09:33:49,24,27,209,209
2023-10-31 09:34:33,24,26,209,209
2023-10-31 09:34:49,23,26,209,209
2023-10-31 09:34:54,24,26,209,209
2023-10-31 09:35:01,23,26,209,209
2023-10-31 09:35:12,23,25,209,209
2023-10-31 09:35:40,22,25,209,209
2023-10-31 09:35:42,22,24,209,209
2023-10-31 09:35:44,23,24,209,209
2023-10-31 09:35:46,22,24,209,209
2023-10-31 09:35:46,23,24,209,209
2023-10-31 09:35:52,23,24,328,328
2023-10-31 09:35:52,22,24,328,328
2023-10-31 09:36:02,21,24,328,328
2023-10-31 09:36:02,22,24,328,328
2023-10-31 09:36:06,22,23,328,328
2023-10-31 09:36:06,21,23,328,328
2023-10-31 09:36:23,22,23,328,328
2023-10-31 09:36:28,21,23,328,328
2023-10-31 09:36:29,22,23,328,328
2023-10-31 09:36:30,21,23,328,328
2023-10-31 09:37:03,21,22,328,328
2023-10-31 09:37:03,21,22,459,459
2023-10-31 09:37:13,21,22,519,519
2023-10-31 09:37:15,20,22,519,519
2023-10-31 09:37:17,20,21,519,519
2023-10-31 09:37:50,20,22,519,519
2023-10-31 09:38:11,20,22,519,544
2023-10-31 09:38:31,20,21,519,544
2023-10-31 09:38:40,20,22,519,544
2023-10-31 09:39:03,21,22,519,544
2023-10-31 09:39:04,21,22,579,604
2023-10-31 09:39:05,21,22,639,664
2023-10-31 09:39:06,20,22,639,664
2023-10-31 09:39:12,21,22,639,664
2023-10-31 09:39:13,20,22,639,664
2023-10-31 09:39:17,21,22,639,664
2023-10-31 09:39:25,20,22,639,664
2023-10-31 09:39:25,21,22,639,664
2023-10-31 09:39:31,20,22,639,664
2023-10-31 09:39:34,21,22,639,664
2023-10-31 09:39:42,20,22,639,664
2023-10-31 09:39:44,21,22,639,664
2023-10-31 09:39:45,20,22,639,664
2023-10-31 09:39:52,21,22,639,664
2023-10-31 09:39:53,20,22,639,664
2023-10-31 09:39:54,21,22,639,664
2023-10-31 09:39:55,20,22,639,664
2023-10-31 09:39:57,21,22,639,664
2023-10-31 09:40:03,20,22,639,664
2023-10-31 09:40:07,21,22,639,664
2023-10-31 09:40:09,20,22,639,664
2023-10-31 09:40:30,21,22,639,664
2023-10-31 09:40:32,20,22,639,664
2023-10-31 09:40:32,21,22,639,664
2023-10-31 09:40:40,20,22,639,664
2023-10-31 09:40:41,21,22,639,664
2023-10-31 09:40:42,20,22,639,664
2023-10-31 09:40:44,21,22,639,664
2023-10-31 09:40:45,20,22,639,664
2023-10-31 09:41:16,20,22,639,708
2023-10-31 09:41:24,20,21,639,708
2023-10-31 09:41:51,21,22,640,709
2023-10-31 09:42:36,20,22,640,709
2023-10-31 09:42:39,21,22,640,709
2023-10-31 09:42:44,20,22,640,709
2023-10-31 09:42:44,21,22,640,709
2023-10-31 09:42:45,20,22,640,709
2023-10-31 09:42:45,21,22,640,709
2023-10-31 09:42:58,20,22,640,709
2023-10-31 09:43:00,21,22,640,709
2023-10-31 09:43:07,21,23,640,709
2023-10-31 09:43:11,22,23,640,709
2023-10-31 09:43:11,22,23,642,711
2023-10-31 09:43:16,21,23,642,711
2023-10-31 09:43:18,22,23,642,711
2023-10-31 09:43:21,21,23,642,711
2023-10-31 09:43:24,22,23,642,711
2023-10-31 09:43:28,21,23,642,711
2023-10-31 09:44:28,21,22,642,711
2023-10-31 09:44:28,20,22,642,711
2023-10-31 09:45:13,20,23,642,711
2023-10-31 09:45:14,21,23,642,711
2023-10-31 09:45:22,22,23,642,711
2023-10-31 09:45:28,21,23,642,711
2023-10-31 09:45:28,22,23,642,711
2023-10-31 09:45:42,22,24,642,711
2023-10-31 09:45:52,22,23,642,711
2023-10-31 09:45:53,21,23,642,711
2023-10-31 09:46:04,22,23,642,711
2023-10-31 09:46:09,21,23,642,711
2023-10-31 09:46:09,22,23,642,711
2023-10-31 09:46:11,21,23,642,711
2023-10-31 09:46:12,22,23,642,711
2023-10-31 09:46:15,21,23,642,711
2023-10-31 09:46:29,22,23,642,711
2023-10-31 09:46:32,21,23,642,711
2023-10-31 09:46:33,22,23,642,711
2023-10-31 09:46:34,21,23,642,711
2023-10-31 09:46:35,22,23,642,711
2023-10-31 09:46:36,21,23,642,711
2023-10-31 09:46:37,22,23,642,711
2023-10-31 09:46:38,22,24,642,711
2023-10-31 09:46:57,22,23,642,711
2023-10-31 09:46:57,21,23,642,711
2023-10-31 09:47:07,22,23,642,711
2023-10-31 09:47:12,22,24,642,711
2023-10-31 09:47:17,22,23,642,711
2023-10-31 09:47:27,21,23,642,711
2023-10-31 09:47:31,22,23,642,711
2023-10-31 09:47:35,21,23,642,711
2023-10-31 09:47:38,22,23,642,711
2023-10-31 09:47:40,21,23,642,711
2023-10-31 09:47:46,22,23,642,711
2023-10-31 09:47:49,21,23,642,711
2023-10-31 09:47:50,22,23,642,711
2023-10-31 09:47:51,22,24,642,711
2023-10-31 09:47:55,22,23,642,711
2023-10-31 09:47:57,21,23,642,711
2023-10-31 09:47:58,22,23,642,711
2023-10-31 09:48:00,21,23,642,711
2023-10-31 09:48:03,20,23,642,711
2023-10-31 09:48:04,21,23,642,711
2023-10-31 09:48:08,21,22,642,711
2023-10-31 09:48:08,20,22,642,711
2023-10-31 09:48:10,20,23,642,711
2023-10-31 09:48:10,21,23,642,711
2023-10-31 09:48:12,21,22,642,711
2023-10-31 09:48:12,20,22,642,711
2023-10-31 09:48:23,20,23,642,711
2023-10-31 09:48:25,21,23,642,711
2023-10-31 09:48:44,22,23,642,711
2023-10-31 09:48:53,21,23,642,711
2023-10-31 09:49:04,20,23,642,711
2023-10-31 09:49:05,21,23,642,711
2023-10-31 09:49:05,20,23,642,711
2023-10-31 09:49:09,21,23,642,711
2023-10-31 09:49:11,21,22,642,711
2023-10-31 09:49:11,20,22,642,711
2023-10-31 09:49:26,20,23,642,711
2023-10-31 09:49:28,20,22,642,711
2023-10-31 09:49:57,20,23,642,711
2023-10-31 09:50:02,21,23,642,711
2023-10-31 09:50:03,20,23,642,711
2023-10-31 09:50:04,21,23,642,711
2023-10-31 09:50:15,20,23,642,711
2023-10-31 09:50:16,21,23,642,711
2023-10-31 09:50:21,21,22,642,711
2023-10-31 09:50:21,20,22,642,711
2023-10-31 09:50:28,21,22,642,711
2023-10-31 09:50:29,21,23,642,711
2023-10-31 09:50:30,20,23,642,711
2023-10-31 09:50:30,21,23,642,711
2023-10-31 09:50:31,21,22,642,711
2023-10-31 09:50:31,20,22,642,711
2023-10-31 09:50:33,21,22,642,711
2023-10-31 09:50:33,21,23,642,711
2023-10-31 09:50:34,20,23,642,711
2023-10-31 09:50:35,20,22,642,711
2023-10-31 09:51:21,20,21,642,711
2023-10-31 09:51:23,19,21,642,711
2023-10-31 09:51:57,19,20,642,711
2023-10-31 09:51:59,19,21,642,711
2023-10-31 09:51:59,19,20,642,711
2023-10-31 09:52:04,18,20,642,711
2023-10-31 09:52:17,18,19,642,711
2023-10-31 09:52:51,17,19,642,711
2023-10-31 09:52:54,17,18,642,711
2023-10-31 09:53:01,17,19,642,711
2023-10-31 09:53:01,17,18,642,711
2023-10-31 09:53:03,17,19,642,711
2023-10-31 09:53:34,17,20,642,711
2023-10-31 09:53:36,17,19,642,711
2023-10-31 09:53:36,17,20,642,711
2023-10-31 09:53:40,17,19,642,711
2023-10-31 09:54:00,17,20,642,711
2023-10-31 09:54:01,17,19,642,711
2023-10-31 09:54:01,17,20,642,711
2023-10-31 09:54:02,18,20,642,711
2023-10-31 09:54:13,17,20,642,711
2023-10-31 09:54:17,17,19,642,711
2023-10-31 09:54:18,17,20,642,711
2023-10-31 09:54:25,17,19,642,711
2023-10-31 09:54:28,17,20,642,711
2023-10-31 09:54:29,17,19,642,711
2023-10-31 09:54:32,17,20,642,711
2023-10-31 09:54:35,18,20,642,711
2023-10-31 09:54:35,18,21,642,711
2023-10-31 09:54:36,19,21,642,711
2023-10-31 09:54:55,19,21,1142,1211
2023-10-31 09:54:56,19,20,1142,1211
2023-10-31 09:54:57,19,21,1142,1211
2023-10-31 09:55:03,19,20,1142,1211
2023-10-31 09:55:03,18,20,1142,1211
2023-10-31 09:55:15,19,20,1142,1211
2023-10-31 09:55:18,19,21,1142,1211
2023-10-31 09:55:28,20,21,1142,1211
2023-10-31 09:55:29,19,21,1142,1211
2023-10-31 09:55:30,20,21,1142,1211
2023-10-31 09:55:32,19,21,1142,1211
2023-10-31 09:55:34,19,21,1192,1261
2023-10-31 09:55:37,19,20,1192,1261
2023-10-31 09:57:00,19,21,1163,1311
2023-10-31 09:57:07,20,21,1163,1311
2023-10-31 09:57:11,19,21,1163,1311
2023-10-31 09:57:15,20,21,1163,1311
2023-10-31 09:57:16,19,21,1163,1311
2023-10-31 09:57:18,20,21,1163,1311
2023-10-31 09:57:21,19,21,1163,1311
2023-10-31 09:57:22,20,21,1163,1311
2023-10-31 09:57:25,19,21,1163,1311
2023-10-31 09:57:50,20,21,1163,1311
2023-10-31 09:58:10,19,21,1163,1311
2023-10-31 09:58:10,20,21,1163,1311
2023-10-31 09:59:04,20,21,1163,1661
2023-10-31 09:59:05,20,21,1163,2011
2023-10-31 09:59:10,20,22,1360,2311
2023-10-31 09:59:10,21,22,1360,2311
2023-10-31 09:59:14,20,22,1360,2311
2023-10-31 09:59:16,21,22,1360,2311
2023-10-31 09:59:31,20,22,1360,2311
2023-10-31 09:59:32,21,22,1360,2311
2023-10-31 09:59:36,20,22,1360,2311
2023-10-31 10:00:00,19,22,1360,2311
2023-10-31 10:00:01,19,21,1360,2311
2023-10-31 10:00:16,19,22,1360,2311
2023-10-31 10:00:28,19,21,1360,2311
2023-10-31 10:00:50,19,20,1360,2311
2023-10-31 10:00:56,19,21,1360,2311
2023-10-31 10:00:59,19,20,1360,2311
2023-10-31 10:01:14,19,20,1163,2661
2023-10-31 10:01:22,19,21,1163,2661
2023-10-31 10:01:26,19,20,1163,2661
2023-10-31 10:02:16,19,21,1163,2661
2023-10-31 10:02:20,19,20,1163,2661
2023-10-31 10:04:31,18,20,1163,2711
2023-10-31 10:04:31,18,19,1163,2711
2023-10-31 10:05:06,18,20,1163,2711
2023-10-31 10:05:06,18,19,1163,2711
2023-10-31 10:05:27,18,20,1163,2711
2023-10-31 10:05:27,18,19,1163,2711
2023-10-31 10:05:37,18,20,1163,2711
2023-10-31 10:05:38,18,19,1163,2711
2023-10-31 10:05:39,18,20,1163,2711
2023-10-31 10:05:39,18,19,1163,2711
2023-10-31 10:06:36,18,20,1163,2711
2023-10-31 10:06:40,18,21,1163,2711
2023-10-31 10:06:41,18,20,1163,2711
2023-10-31 10:06:55,18,19,1163,2711
2023-10-31 10:06:57,18,21,1163,2711
2023-10-31 10:06:57,18,20,1163,2711
2023-10-31 10:06:59,19,20,1163,2711
2023-10-31 10:06:59,19,21,1163,2711
2023-10-31 10:07:00,19,20,1163,2711
2023-10-31 10:07:01,19,21,1163,2711
2023-10-31 10:07:03,19,20,1163,2711
2023-10-31 10:07:04,19,21,1163,2711
2023-10-31 10:07:06,19,22,1163,2711
2023-10-31 10:07:09,20,22,1163,2711
2023-10-31 10:07:18,21,22,1163,2711
2023-10-31 10:07:31,21,22,1310,3061
2023-10-31 10:07:39,21,22,1660,3411
2023-10-31 10:07:49,21,23,1960,3711
2023-10-31 10:07:49,22,23,1960,3711
2023-10-31 10:08:01,21,23,1960,3711
2023-10-31 10:08:12,20,23,1960,3711
2023-10-31 10:08:15,21,23,1960,3711
2023-10-31 10:08:21,20,23,1960,3711
2023-10-31 10:08:21,21,23,1960,3711
2023-10-31 10:08:33,22,23,1960,3711
2023-10-31 10:09:01,21,23,1960,3711
2023-10-31 10:09:28,22,23,1960,3711
2023-10-31 10:09:43,21,23,1960,3711
2023-10-31 10:09:43,22,23,1960,3711
2023-10-31 10:09:55,22,23,2310,4061
2023-10-31 10:09:59,22,23,2660,4411
2023-10-31 10:10:03,22,24,2960,4711
2023-10-31 10:10:03,23,24,2960,4711
2023-10-31 10:10:03,23,25,3160,4911
2023-10-31 10:10:04,24,25,3160,4911
2023-10-31 10:10:09,25,27,3161,4912
2023-10-31 10:10:12,25,28,3161,4912
2023-10-31 10:10:13,26,28,3161,4912
2023-10-31 10:10:40,27,28,3161,4912
2023-10-31 10:10:46,27,29,3161,4912
2023-10-31 10:11:08,28,29,3161,4912
2023-10-31 10:11:17,26,29,3161,4912
2023-10-31 10:11:17,27,29,3161,4912
2023-10-31 10:11:31,26,29,3161,4912
2023-10-31 10:11:31,27,29,3161,4912
2023-10-31 10:11:32,26,29,3161,4912
2023-10-31 10:11:32,27,29,3161,4912
2023-10-31 10:11:34,27,28,3161,4912
2023-10-31 10:11:35,27,30,3161,4912
2023-10-31 10:11:35,28,30,3161,4912
2023-10-31 10:11:36,27,30,3161,4912
2023-10-31 10:11:37,28,30,3161,4912
2023-10-31 10:11:41,27,30,3161,4912
2023-10-31 10:11:41,28,30,3161,4912
2023-10-31 10:11:45,29,30,3161,4912
2023-10-31 10:11:47,29,31,3161,4912
2023-10-31 10:11:47,29,30,3161,4912
2023-10-31 10:11:48,29,31,3161,4912
2023-10-31 10:11:51,30,31,3161,4912
2023-10-31 10:12:01,28,31,3161,4912
2023-10-31 10:12:01,29,31,3161,4912
2023-10-31 10:12:16,29,30,3161,4912
2023-10-31 10:12:16,28,30,3161,4912
2023-10-31 10:12:25,28,30,3176,4927
2023-10-31 10:12:26,29,30,3176,4927
2023-10-31 10:12:29,27,29,3176,4942
2023-10-31 10:12:29,28,29,3176,4942
2023-10-31 10:12:30,28,31,3176,4942
2023-10-31 10:12:30,28,30,3176,4942
2023-10-31 10:12:31,28,31,3176,4942
2023-10-31 10:12:33,29,31,3176,4942
2023-10-31 10:12:37,30,31,3176,4942
2023-10-31 10:12:41,29,31,3176,4942
2023-10-31 10:12:42,30,31,3176,4942
2023-10-31 10:12:49,29,31,3176,4942
2023-10-31 10:12:58,28,31,3176,4942
2023-10-31 10:13:01,28,30,3176,4942
2023-10-31 10:13:06,28,29,3176,4942
2023-10-31 10:13:11,29,30,3177,4943
2023-10-31 10:13:11,28,30,3177,4943
2023-10-31 10:13:18,29,30,3177,4943
2023-10-31 10:13:28,29,31,3177,4943
2023-10-31 10:13:34,29,30,3177,4943
2023-10-31 10:14:11,28,30,3177,4943
2023-10-31 10:14:11,29,30,3177,4943
2023-10-31 10:14:12,28,30,3177,4943
2023-10-31 10:14:12,29,30,3177,4943
2023-10-31 10:14:41,28,30,3177,4943
2023-10-31 10:14:41,29,30,3177,4943
2023-10-31 10:14:47,28,30,3177,4943
2023-10-31 10:15:06,29,30,3177,4943
2023-10-31 10:15:12,28,30,3177,4943
2023-10-31 10:15:12,29,30,3177,4943
2023-10-31 10:15:58,29,32,3187,4953
2023-10-31 10:15:58,30,32,3187,4953
2023-10-31 10:16:11,31,32,3187,4953
2023-10-31 10:16:24,31,33,3187,4953
2023-10-31 10:16:37,32,33,3187,4953
2023-10-31 10:16:52,31,33,3187,4953
2023-10-31 10:16:52,32,33,3187,4953
2023-10-31 10:16:57,30,33,3187,4953
2023-10-31 10:16:57,31,33,3187,4953
2023-10-31 10:17:26,30,33,3187,4953
2023-10-31 10:17:26,31,33,3187,4953
2023-10-31 10:17:35,32,33,3187,4953
2023-10-31 10:17:40,31,33,3187,4953
2023-10-31 10:17:45,32,33,3187,4953
2023-10-31 10:17:55,31,33,3187,4953
2023-10-31 10:17:55,32,33,3187,4953
2023-10-31 10:18:11,31,33,3187,4953
2023-10-31 10:18:11,32,33,3187,4953
2023-10-31 10:18:12,31,33,3187,4953
2023-10-31 10:18:13,32,33,3187,4953
2023-10-31 10:18:18,31,33,3187,4953
2023-10-31 10:18:37,32,33,3187,4953
2023-10-31 10:18:38,31,33,3187,4953
2023-10-31 10:18:40,32,33,3187,4953
2023-10-31 10:18:44,31,33,3187,4953
2023-10-31 10:18:54,30,33,3187,4953
2023-10-31 10:18:55,30,32,3187,4953
2023-10-31 10:18:58,29,32,3187,4953
2023-10-31 10:18:59,30,32,3187,4953
2023-10-31 10:18:59,29,32,3187,4953
2023-10-31 10:19:01,30,32,3187,4953
2023-10-31 10:19:03,29,32,3187,4953
2023-10-31 10:19:04,30,32,3187,4953
2023-10-31 10:19:05,29,32,3187,4953
2023-10-31 10:19:12,29,31,3187,4953
2023-10-31 10:19:16,28,31,3187,4953
2023-10-31 10:19:18,29,31,3187,4953
2023-10-31 10:19:24,29,32,3187,4953
2023-10-31 10:19:25,29,31,3187,4953
2023-10-31 10:19:27,28,31,3187,4953
2023-10-31 10:19:46,29,31,3187,4953
2023-10-31 10:19:54,29,30,3187,4953
2023-10-31 10:19:55,29,31,3187,4953
2023-10-31 10:20:22,30,31,3187,4953
2023-10-31 10:20:27,30,33,3187,4953
2023-10-31 10:20:28,30,32,3187,4953
2023-10-31 10:20:39,30,33,3187,4953
2023-10-31 10:20:47,31,33,3187,4953
2023-10-31 10:20:49,30,33,3187,4953
2023-10-31 10:20:50,31,33,3187,4953
2023-10-31 10:20:53,30,33,3187,4953
2023-10-31 10:21:01,30,32,3187,4953
2023-10-31 10:21:10,31,32,3187,4953
2023-10-31 10:21:10,31,32,3187,5153
2023-10-31 10:21:10,31,32,3187,5513
2023-10-31 10:21:11,31,32,3187,5633
2023-10-31 10:21:22,31,32,2837,5983
2023-10-31 10:21:22,31,32,2837,5994
2023-10-31 10:21:24,31,32,2837,6260
2023-10-31 10:21:31,31,32,2969,6620
2023-10-31 10:21:39,31,32,2969,6720
2023-10-31 10:21:39,31,32,2969,6740
2023-10-31 10:21:40,31,32,2969,6780
2023-10-31 10:21:41,31,32,2969,6840
2023-10-31 10:21:43,31,33,2969,6840
2023-10-31 10:21:43,31,32,2969,6840
2023-10-31 10:22:07,31,33,2969,6840
2023-10-31 10:22:07,32,33,2969,6840
2023-10-31 10:22:13,30,33,2969,6840
2023-10-31 10:22:13,31,33,2969,6840
2023-10-31 10:22:19,30,33,2969,6840
2023-10-31 10:22:19,32,33,2969,6840
2023-10-31 10:22:21,30,33,2969,6840
2023-10-31 10:22:21,31,33,2969,6840
2023-10-31 10:22:23,31,32,2969,6840
2023-10-31 10:22:25,31,33,2969,6840
2023-10-31 10:22:25,31,32,2969,6840
2023-10-31 10:22:28,30,32,2964,6845
2023-10-31 10:22:31,30,31,2964,6845
2023-10-31 10:22:32,30,32,2964,6845
2023-10-31 10:22:36,30,31,2964,6845
2023-10-31 10:22:37,30,32,2964,6845
2023-10-31 10:22:46,29,32,2964,6845
2023-10-31 10:22:46,29,31,2964,6845
2023-10-31 10:22:47,29,32,2964,6845
2023-10-31 10:22:47,29,31,2964,6845
2023-10-31 10:22:52,29,31,3084,6965
2023-10-31 10:22:53,29,30,3084,6965
2023-10-31 10:22:59,29,31,3084,6965
2023-10-31 10:23:08,29,30,3084,6965
2023-10-31 10:23:16,30,31,2964,7085
2023-10-31 10:23:17,29,31,2964,7085
2023-10-31 10:23:20,30,31,2964,7085
2023-10-31 10:23:42,30,33,2964,7085
2023-10-31 10:23:42,31,33,2964,7085
2023-10-31 10:23:43,31,32,2964,7085
2023-10-31 10:23:43,30,32,2964,7085
2023-10-31 10:23:55,29,32,2964,7085
2023-10-31 10:23:56,29,31,2964,7085
2023-10-31 10:24:01,29,31,3104,7225
2023-10-31 10:24:06,30,31,3104,7225
2023-10-31 10:24:06,29,31,3104,7365
2023-10-31 10:24:09,29,31,3104,7565
2023-10-31 10:24:12,28,31,3104,7565
2023-10-31 10:24:14,29,31,3104,7565
2023-10-31 10:25:11,28,31,3104,7565
2023-10-31 10:25:16,28,30,3104,7565
2023-10-31 10:25:18,28,31,3104,7565
2023-10-31 10:25:19,28,30,3104,7565
2023-10-31 10:25:23,28,31,3104,7565
2023-10-31 10:25:24,29,31,3104,7565
2023-10-31 10:25:25,28,31,3104,7565
2023-10-31 10:25:26,29,31,3104,7565
2023-10-31 10:25:26,28,31,3104,7565
2023-10-31 10:25:34,29,31,3104,7565
2023-10-31 10:25:35,28,31,3104,7565
2023-10-31 10:25:41,28,30,3104,7565
2023-10-31 10:25:42,28,31,3104,7565
2023-10-31 10:25:46,29,31,3104,7565
2023-10-31 10:25:46,29,30,3104,7565
2023-10-31 10:25:49,29,31,3104,7565
2023-10-31 10:25:50,28,31,3104,7565
2023-10-31 10:25:53,28,30,3104,7565
2023-10-31 10:26:26,28,29,3104,7565
2023-10-31 10:26:27,28,30,3104,7565
2023-10-31 10:27:18,29,30,3104,7565
2023-10-31 10:27:19,28,30,3104,7565
2023-10-31 10:27:24,29,30,3104,7565
2023-10-31 10:27:30,28,30,3104,7565
2023-10-31 10:27:33,29,30,3104,7565
2023-10-31 10:27:36,28,30,3104,7565
2023-10-31 10:27:54,28,29,3104,7565
2023-10-31 10:27:56,28,30,3104,7565
2023-10-31 10:27:56,28,29,3104,7565
2023-10-31 10:28:07,28,30,3104,7565
2023-10-31 10:28:10,28,29,3104,7565
2023-10-31 10:28:17,28,29,3104,7715
2023-10-31 10:28:23,28,29,3104,7727
2023-10-31 10:28:23,28,29,3104,7767
2023-10-31 10:28:25,28,29,3104,7905
2023-10-31 10:28:26,28,29,2967,8255
2023-10-31 10:29:04,28,30,2967,8255
2023-10-31 10:29:08,29,30,2967,8255
2023-10-31 10:29:17,28,30,2967,8255
2023-10-31 10:29:35,29,30,2967,8255
2023-10-31 10:29:48,28,30,2967,8255
2023-10-31 10:29:48,29,30,2967,8255
2023-10-31 10:29:53,28,30,2967,8255
2023-10-31 10:29:56,29,30,2967,8255
2023-10-31 10:30:34,28,30,2967,8255
2023-10-31 10:30:35,29,30,2967,8255
2023-10-31 10:31:09,29,30,3104,8605
2023-10-31 10:31:11,29,31,3154,8655
2023-10-31 10:31:11,30,31,3154,8655
2023-10-31 10:31:15,29,31,3154,8655
2023-10-31 10:31:18,28,31,3154,8655
2023-10-31 10:31:19,29,31,3154,8655
2023-10-31 10:31:25,29,30,3154,8655
2023-10-31 10:31:25,28,30,3154,8655
2023-10-31 10:31:34,28,31,3154,8655
2023-10-31 10:31:34,29,31,3154,8655
2023-10-31 10:31:35,29,30,3154,8655
2023-10-31 10:31:35,28,30,3154,8655
2023-10-31 10:31:36,28,31,3154,8655
2023-10-31 10:31:36,29,31,3154,8655
2023-10-31 10:31:39,29,30,3154,8655
2023-10-31 10:31:39,28,30,3154,8655
2023-10-31 10:31:40,29,30,3154,8655
2023-10-31 10:31:41,28,30,3154,8655
2023-10-31 10:31:41,29,30,3154,8655
2023-10-31 10:31:42,28,30,3154,8655
2023-10-31 10:31:45,28,29,3154,8655
2023-10-31 10:31:46,28,30,3154,8655
2023-10-31 10:32:05,28,29,3154,8655
2023-10-31 10:32:08,28,30,3154,8655
2023-10-31 10:32:24,28,29,3154,8655
2023-10-31 10:32:25,28,30,3154,8655
2023-10-31 10:33:01,28,31,3154,8655
2023-10-31 10:33:10,29,31,3154,8655
2023-10-31 10:33:18,28,31,3154,8655
2023-10-31 10:33:25,28,30,3154,8655
2023-10-31 10:33:26,28,31,3154,8655
2023-10-31 10:33:28,28,30,3154,8655
2023-10-31 10:33:29,28,31,3154,8655
2023-10-31 10:33:30,28,30,3154,8655
2023-10-31 10:33:43,28,29,3154,8655
2023-10-31 10:33:45,28,30,3154,8655
2023-10-31 10:33:48,28,29,3154,8655
2023-10-31 10:33:48,28,30,3154,8655
2023-10-31 10:33:49,28,29,3154,8655
2023-10-31 10:33:59,28,30,3154,8655
2023-10-31 10:34:00,28,29,3154,8655
2023-10-31 10:34:07,27,29,2967,8965
2023-10-31 10:34:15,27,28,2967,8965
2023-10-31 10:34:16,27,30,2967,8965
2023-10-31 10:34:16,27,29,2967,8965
2023-10-31 10:34:27,27,28,2967,8965
2023-10-31 10:34:28,27,29,2967,8965
2023-10-31 10:34:29,27,28,2967,8965
2023-10-31 10:34:41,27,29,2967,8965
2023-10-31 10:34:44,27,28,2967,8965
2023-10-31 10:35:01,27,28,2987,8985
2023-10-31 10:35:06,27,28,3087,9085
2023-10-31 10:35:07,27,28,3107,9105
2023-10-31 10:35:07,27,28,3107,9455
2023-10-31 10:35:08,27,28,3187,9535
2023-10-31 10:35:11,27,28,3187,9885
2023-10-31 10:35:22,27,28,3247,9945
2023-10-31 10:35:37,26,28,3247,9965
2023-10-31 10:35:37,26,27,3247,9965
2023-10-31 10:36:33,26,28,3247,9965
2023-10-31 10:36:33,26,27,3247,9965
2023-10-31 10:37:14,26,27,3282,10015
2023-10-31 10:37:15,26,27,3332,10065
2023-10-31 10:37:15,26,27,3382,10115
2023-10-31 10:37:16,26,27,3432,10165
2023-10-31 10:37:28,26,27,3512,10245
2023-10-31 10:37:29,26,27,3612,10345
2023-10-31 10:37:32,26,27,3662,10395
2023-10-31 10:37:35,26,27,3712,10445
2023-10-31 10:37:35,26,27,3762,10495
2023-10-31 10:37:35,26,27,3782,10515
2023-10-31 10:37:35,26,27,3832,10565
2023-10-31 10:37:35,26,27,3882,10615
2023-10-31 10:37:36,26,27,3932,10665
2023-10-31 10:37:36,26,27,3982,10715
2023-10-31 10:37:36,22,27,4032,10765
2023-10-31 10:37:36,22,26,4032,10765
2023-10-31 10:37:36,22,25,4032,10765
2023-10-31 10:37:48,22,24,4032,10765
2023-10-31 10:37:49,22,25,4032,10765
2023-10-31 10:37:50,22,24,4032,10765
2023-10-31 10:37:51,22,25,4032,10765
2023-10-31 10:37:52,22,24,4032,10765
2023-10-31 10:37:59,21,24,4032,10765
2023-10-31 10:38:08,21,23,4032,10765
2023-10-31 10:38:09,21,24,4032,10765
2023-10-31 10:38:10,21,23,4032,10765
2023-10-31 10:38:23,21,24,4032,10765
2023-10-31 10:38:33,22,24,4032,10765
2023-10-31 10:38:34,22,25,4032,10765
2023-10-31 10:38:50,22,24,4032,10765
2023-10-31 10:38:53,21,24,4032,10765
2023-10-31 10:38:56,22,24,4032,10765
2023-10-31 10:38:57,21,24,4032,10765
2023-10-31 10:39:16,21,25,4032,10765
2023-10-31 10:39:18,21,24,4032,10765
2023-10-31 10:39:37,22,24,4032,10765
2023-10-31 10:39:38,22,25,4032,10765
2023-10-31 10:39:53,22,24,4032,10765
2023-10-31 10:39:55,22,25,4032,10765
2023-10-31 10:39:58,22,24,4032,10765
2023-10-31 10:40:00,21,24,4032,10765
2023-10-31 10:40:13,21,23,4032,10765
2023-10-31 10:40:21,20,23,4032,10765
2023-10-31 10:40:28,21,23,4032,10765
2023-10-31 10:40:31,20,23,4032,10765
2023-10-31 10:40:39,21,23,4032,10765
2023-10-31 10:40:41,20,23,4032,10765
2023-10-31 10:40:45,21,23,4032,10765
2023-10-31 10:40:48,21,24,4032,10765
2023-10-31 10:40:49,21,23,4032,10765
2023-10-31 10:40:50,21,24,4032,10765
2023-10-31 10:40:56,21,23,4032,10765
2023-10-31 10:41:01,20,23,4032,10765
2023-10-31 10:41:03,21,23,4032,10765
2023-10-31 10:41:05,21,24,4032,10765
2023-10-31 10:41:08,21,23,4032,10765
2023-10-31 10:41:08,21,24,4032,10765
2023-10-31 10:41:14,22,24,4032,10765
2023-10-31 10:41:15,22,25,4032,10765
2023-10-31 10:41:17,22,24,4032,10765
2023-10-31 10:41:21,22,25,4032,10765
2023-10-31 10:41:29,23,25,4032,10765
2023-10-31 10:41:35,22,25,4032,10765
2023-10-31 10:41:41,22,24,4032,10765
2023-10-31 10:41:42,22,25,4032,10765
2023-10-31 10:41:49,23,25,4032,10765
2023-10-31 10:41:52,23,26,4032,10765
2023-10-31 10:41:56,24,26,4032,10765
2023-10-31 10:42:05,24,27,4032,10765
2023-10-31 10:42:12,25,27,4032,10765
2023-10-31 10:42:18,25,28,4032,10765
2023-10-31 10:42:21,26,28,4032,10765
2023-10-31 10:42:29,26,29,4032,10765
2023-10-31 10:42:29,26,28,4032,10765
2023-10-31 10:42:30,27,28,4032,10765
2023-10-31 10:42:30,27,29,4032,10765
2023-10-31 10:42:32,27,30,4032,10765
2023-10-31 10:42:34,27,29,4032,10765
2023-10-31 10:42:36,26,29,4032,10765
2023-10-31 10:42:36,27,29,4032,10765
2023-10-31 10:42:45,28,29,4032,10765
2023-10-31 10:42:47,26,29,4032,10765
2023-10-31 10:42:47,27,29,4032,10765
2023-10-31 10:42:50,28,29,4032,10765
2023-10-31 10:42:53,28,30,4032,10765
2023-10-31 10:43:17,27,30,4032,10765
2023-10-31 10:43:17,28,30,4032,10765
2023-10-31 10:43:21,28,31,4032,10765
2023-10-31 10:43:22,29,31,4032,10765
2023-10-31 10:43:27,28,31,4032,10765
2023-10-31 10:43:27,29,31,4032,10765
2023-10-31 10:43:54,28,31,4032,10765
2023-10-31 10:43:55,29,31,4032,10765
2023-10-31 10:44:29,30,31,4032,10765
2023-10-31 10:44:36,30,31,4032,11115
2023-10-31 10:44:37,30,32,4032,11365
2023-10-31 10:44:38,31,32,4032,11365
2023-10-31 10:44:47,31,32,3982,11415
2023-10-31 10:44:47,31,32,3932,11465
2023-10-31 10:44:48,31,33,3932,11765
2023-10-31 10:45:08,32,33,3932,11765
2023-10-31 10:45:11,31,33,3932,11765
2023-10-31 10:45:47,32,33,3932,11765
2023-10-31 10:45:47,32,33,3933,12115
2023-10-31 10:45:51,31,33,3933,12115
2023-10-31 10:45:51,31,33,3883,12165
2023-10-31 10:45:51,32,33,3883,12165
2023-10-31 10:46:21,31,33,3883,12165
2023-10-31 10:46:21,32,33,3883,12165
2023-10-31 10:46:27,32,34,3963,12246
2023-10-31 10:46:28,33,34,3963,12246
2023-10-31 10:46:35,32,34,3963,12246
2023-10-31 10:46:35,32,33,3963,12246
2023-10-31 10:46:39,31,33,3963,12246
2023-10-31 10:46:40,31,32,3963,12246
2023-10-31 10:47:06,31,32,3630,12579
2023-10-31 10:47:10,30,32,3528,12746
2023-10-31 10:47:25,31,32,3528,12746
2023-10-31 10:47:39,31,33,3528,12746
2023-10-31 10:47:43,31,32,3528,12746
2023-10-31 10:47:56,31,33,3528,12746
2023-10-31 10:48:21,30,33,3528,12746
2023-10-31 10:48:21,30,34,3528,12746
2023-10-31 10:48:21,31,33,3528,12746
2023-10-31 10:48:21,32,33,3528,12746
2023-10-31 10:48:22,32,34,3528,12746
2023-10-31 10:48:29,30,34,3528,12746
2023-10-31 10:48:29,30,33,3528,12746
2023-10-31 10:48:29,31,33,3528,12746
2023-10-31 10:48:33,31,34,3528,12746
2023-10-31 10:48:33,31,33,3528,12746
2023-10-31 10:48:34,31,34,3528,12746
2023-10-31 10:48:34,32,34,3528,12746
2023-10-31 10:48:38,32,33,3528,12746
2023-10-31 10:48:41,32,34,3528,12746
2023-10-31 10:49:05,32,33,3528,12746
2023-10-31 10:49:11,30,33,3528,12746
2023-10-31 10:49:11,31,33,3528,12746
2023-10-31 10:49:20,31,32,3528,12746
2023-10-31 10:49:23,29,32,3528,12746
2023-10-31 10:49:23,30,32,3528,12746
2023-10-31 10:49:34,30,31,3528,12746
2023-10-31 10:49:35,30,32,3528,12746
2023-10-31 10:49:35,30,31,3528,12746
2023-10-31 10:49:36,30,32,3528,12746
2023-10-31 10:50:04,31,32,3528,12746
2023-10-31 10:50:09,31,33,3528,12746
2023-10-31 10:50:11,31,32,3528,12746
2023-10-31 10:50:14,31,33,3528,12746
2023-10-31 10:50:14,31,32,3528,12746
2023-10-31 10:50:16,31,33,3528,12746
2023-10-31 10:50:42,32,33,3528,12746
2023-10-31 10:50:44,32,34,3528,12746
2023-10-31 10:50:48,32,33,3528,12746
2023-10-31 10:50:55,32,34,3528,12746
2023-10-31 10:50:56,32,33,3528,12746
2023-10-31 10:50:59,32,34,3528,12746
2023-10-31 10:51:05,32,35,3528,12746
2023-10-31 10:51:09,32,34,3528,12746
2023-10-31 10:51:10,33,34,3528,12746
2023-10-31 10:51:24,33,35,3528,12746
2023-10-31 10:51:35,33,36,3528,12746
2023-10-31 10:51:36,34,36,3528,12746
2023-10-31 10:51:46,34,35,3528,12746
2023-10-31 10:51:46,32,35,3528,12746
2023-10-31 10:51:46,33,35,3528,12746
2023-10-31 10:51:50,33,36,3528,12746
2023-10-31 10:51:51,34,36,3528,12746
2023-10-31 10:52:14,34,37,3528,12746
2023-10-31 10:52:20,35,37,3528,12746
2023-10-31 10:52:22,35,36,3528,12746
2023-10-31 10:52:22,33,36,3528,12746
2023-10-31 10:52:22,34,36,3528,12746
2023-10-31 10:52:32,34,37,3528,12746
2023-10-31 10:52:32,35,37,3528,12746
2023-10-31 10:52:32,35,36,3528,12746
2023-10-31 10:53:04,35,37,3528,12746
2023-10-31 10:53:15,35,38,3528,12746
2023-10-31 10:53:15,36,38,3528,12746
2023-10-31 10:53:40,37,38,3528,12746
2023-10-31 10:55:51,35,38,3528,12746
2023-10-31 10:55:51,34,38,3528,12746
2023-10-31 10:55:51,35,38,3528,12746
2023-10-31 10:55:51,36,38,3528,12746
2023-10-31 10:55:56,36,37,3528,12746
2023-10-31 10:55:57,36,38,3528,12746
2023-10-31 10:56:08,36,37,3528,12746
2023-10-31 10:56:17,34,37,3528,12746
2023-10-31 10:56:17,35,37,3528,12746
2023-10-31 10:56:28,35,36,3528,12746
2023-10-31 10:56:30,33,36,3528,12746
2023-10-31 10:56:30,34,36,3528,12746
2023-10-31 10:56:43,34,35,3528,12746
2023-10-31 10:56:44,34,36,3528,12746
2023-10-31 10:56:44,34,35,3528,12746
2023-10-31 10:56:49,34,36,3528,12746
2023-10-31 10:56:54,33,36,3528,12746
2023-10-31 10:56:54,35,36,3528,12746
2023-10-31 10:57:17,33,36,3528,12746
2023-10-31 10:57:17,34,36,3528,12746
2023-10-31 10:57:38,33,36,3528,12746
2023-10-31 10:57:38,35,36,3528,12746
2023-10-31 10:57:51,33,36,3528,12746
2023-10-31 10:57:51,34,36,3528,12746
2023-10-31 10:57:54,33,36,3528,12746
2023-10-31 10:57:54,34,36,3528,12746
2023-10-31 10:57:54,35,36,3528,12746
2023-10-31 10:58:11,36,37,3463,12936
2023-10-31 10:58:25,35,37,3463,12936
2023-10-31 10:58:25,35,36,3463,12936
2023-10-31 10:58:33,36,37,3463,13064
2023-10-31 10:58:52,36,38,3463,13064
2023-10-31 10:58:53,36,37,3463,13064
2023-10-31 10:58:54,36,38,3463,13064
2023-10-31 10:58:54,36,37,3463,13064
2023-10-31 10:59:11,37,38,3463,13084
2023-10-31 10:59:35,36,38,3463,13084
2023-10-31 10:59:41,37,38,3463,13084
2023-10-31 10:59:43,37,38,3463,13296
2023-10-31 10:59:44,37,39,3463,13296
2023-10-31 10:59:52,35,39,3463,13296
2023-10-31 10:59:52,34,38,3463,13296
2023-10-31 10:59:52,36,38,3463,13296
2023-10-31 11:00:01,36,39,3463,13296
2023-10-31 11:00:01,37,39,3463,13296
2023-10-31 11:00:34,37,40,3463,13296
2023-10-31 11:00:34,38,40,3463,13296
2023-10-31 11:00:34,38,39,3463,13296
2023-10-31 11:00:49,38,40,3463,13296
2023-10-31 11:00:49,38,39,3463,13296
2023-10-31 11:00:50,38,40,3463,13296
2023-10-31 11:00:50,38,39,3463,13296
2023-10-31 11:01:50,38,40,3463,13296
2023-10-31 11:01:51,38,39,3463,13296
2023-10-31 11:02:19,36,39,3463,13296
2023-10-31 11:02:19,35,39,3463,13296
2023-10-31 11:02:19,36,39,3463,13296
2023-10-31 11:02:19,37,39,3463,13296
2023-10-31 11:02:21,37,38,3463,13296
2023-10-31 11:02:22,37,39,3463,13296
2023-10-31 11:02:23,37,38,3463,13296
2023-10-31 11:03:00,35,38,3463,13296
2023-10-31 11:03:00,34,38,3463,13296
2023-10-31 11:03:00,36,38,3463,13296
2023-10-31 11:03:16,36,37,3463,13296
2023-10-31 11:03:19,34,37,3463,13296
2023-10-31 11:03:19,33,37,3463,13296
2023-10-31 11:03:19,34,37,3463,13296
2023-10-31 11:03:19,35,37,3463,13296
2023-10-31 11:03:23,35,36,3463,13296
2023-10-31 11:03:58,35,37,3463,13296
2023-10-31 11:04:20,35,36,3463,13296
2023-10-31 11:04:32,35,37,3463,13296
2023-10-31 11:04:32,35,36,3463,13296
2023-10-31 11:04:33,35,37,3463,13296
2023-10-31 11:04:33,35,36,3463,13296
2023-10-31 11:05:27,35,37,3463,13296
2023-10-31 11:05:30,35,36,3463,13296
2023-10-31 11:05:44,35,37,3463,13296
2023-10-31 11:05:44,35,37,3463,13316
2023-10-31 11:05:45,35,36,3463,13316
2023-10-31 11:06:11,35,38,3463,13316
2023-10-31 11:06:11,35,37,3463,13316
2023-10-31 11:06:11,35,36,3463,13316
2023-10-31 11:06:11,36,37,3463,13336
2023-10-31 11:06:11,35,37,3463,13336
2023-10-31 11:06:11,34,37,3463,13336
2023-10-31 11:06:12,35,37,3463,13336
2023-10-31 11:06:12,36,37,3463,13336
2023-10-31 11:06:15,34,37,3463,13336
2023-10-31 11:06:15,33,37,3463,13336
2023-10-31 11:06:15,35,37,3463,13336
2023-10-31 11:06:19,35,36,3463,13336
2023-10-31 11:06:25,33,36,3463,13336
2023-10-31 11:06:25,32,36,3463,13336
2023-10-31 11:06:25,34,36,3463,13336
2023-10-31 11:06:46,34,35,3463,13336
2023-10-31 11:06:52,34,36,3463,13336
2023-10-31 11:06:53,34,35,3463,13336
2023-10-31 11:06:55,34,36,3463,13336
2023-10-31 11:06:56,34,35,3463,13336
2023-10-31 11:06:56,34,36,3463,13336
2023-10-31 11:06:57,34,35,3463,13336
2023-10-31 11:06:57,34,36,3463,13336
2023-10-31 11:07:02,32,36,3463,13336
2023-10-31 11:07:02,33,36,3463,13336
2023-10-31 11:07:02,35,36,3463,13336
2023-10-31 11:07:19,35,37,3463,13336
2023-10-31 11:07:24,35,36,3463,13336
2023-10-31 11:07:31,33,36,3463,13336
2023-10-31 11:07:31,32,36,3463,13336
2023-10-31 11:07:31,33,36,3463,13336
2023-10-31 11:07:31,34,36,3463,13336
2023-10-31 11:07:45,35,36,3463,13336
2023-10-31 11:08:00,33,36,3463,13336
2023-10-31 11:08:00,32,36,3463,13336
2023-10-31 11:08:00,33,36,3463,13336
2023-10-31 11:08:00,34,36,3463,13336
2023-10-31 11:08:07,34,37,3463,13336
2023-10-31 11:08:08,34,36,3463,13336
2023-10-31 11:08:11,34,37,3463,13336
2023-10-31 11:08:11,35,37,3463,13336
2023-10-31 11:08:13,35,36,3463,13336
2023-10-31 11:08:15,35,37,3463,13336
2023-10-31 11:08:17,35,36,3463,13336
2023-10-31 11:08:22,35,37,3463,13336
2023-10-31 11:08:40,34,37,3463,13336
2023-10-31 11:08:40,36,37,3463,13336
2023-10-31 11:09:01,33,37,3463,13336
2023-10-31 11:09:01,34,37,3463,13336
2023-10-31 11:09:01,35,37,3463,13336
2023-10-31 11:09:32,36,37,3463,13336
2023-10-31 11:10:03,36,38,3463,13336
2023-10-31 11:10:03,36,37,3463,13336
2023-10-31 11:10:04,36,38,3463,13336
2023-10-31 11:10:04,36,37,3463,13336
2023-10-31 11:10:54,34,37,3463,13336
2023-10-31 11:10:54,33,37,3463,13336
2023-10-31 11:10:54,34,37,3463,13336
2023-10-31 11:10:55,35,37,3463,13336
2023-10-31 11:10:57,35,36,3463,13336
2023-10-31 11:11:02,35,37,3463,13336
2023-10-31 11:11:02,35,36,3463,13336
2023-10-31 11:11:03,35,37,3463,13336
2023-10-31 11:11:03,35,36,3463,13336
2023-10-31 11:11:08,32,36,3463,13336
2023-10-31 11:11:08,34,36,3463,13336
2023-10-31 11:11:29,35,36,3463,13336
2023-10-31 11:11:36,32,36,3463,13336
2023-10-31 11:11:36,34,36,3463,13336
2023-10-31 11:11:39,34,35,3463,13336
2023-10-31 11:11:40,34,36,3463,13336
2023-10-31 11:11:42,34,35,3463,13336
2023-10-31 11:11:51,34,36,3463,13336
2023-10-31 11:11:51,34,35,3463,13336
2023-10-31 11:11:52,34,36,3463,13336
2023-10-31 11:11:52,34,35,3463,13336
2023-10-31 11:12:52,34,37,3463,13336
2023-10-31 11:12:52,35,37,3463,13336
2023-10-31 11:12:58,36,37,3463,13336
2023-10-31 11:13:10,36,38,3463,13336
2023-10-31 11:13:10,36,37,3463,13336
2023-10-31 11:13:11,36,38,3463,13336
2023-10-31 11:13:11,36,37,3463,13336
2023-10-31 11:13:34,36,38,3463,13336
2023-10-31 11:13:34,36,37,3463,13336
2023-10-31 11:13:36,36,38,3463,13336
2023-10-31 11:13:36,36,37,3463,13336
2023-10-31 11:13:38,33,37,3463,13336
2023-10-31 11:13:38,34,37,3463,13336
2023-10-31 11:13:38,35,37,3463,13336
2023-10-31 11:13:56,36,37,3463,13336
2023-10-31 11:14:36,36,38,3463,13336
2023-10-31 11:14:37,36,37,3463,13336
2023-10-31 11:14:53,36,39,3463,13336
2023-10-31 11:14:53,37,39,3463,13336
2023-10-31 11:14:58,37,38,3463,13336
2023-10-31 11:14:59,37,39,3463,13336
2023-10-31 11:15:10,37,38,3463,13336
2023-10-31 11:15:11,37,39,3463,13336
2023-10-31 11:15:11,37,38,3463,13336
2023-10-31 11:15:20,34,38,3463,13336
2023-10-31 11:15:20,35,38,3463,13336
2023-10-31 11:15:20,36,38,3463,13336
2023-10-31 11:15:41,36,38,3463,13376
2023-10-31 11:15:42,36,37,3463,13376
2023-10-31 11:15:48,34,37,3463,13376
2023-10-31 11:15:48,35,37,3463,13376
2023-10-31 11:16:10,33,37,3463,13376
2023-10-31 11:16:10,34,37,3463,13376
2023-10-31 11:16:14,32,37,3463,13376
2023-10-31 11:16:14,33,37,3463,13376
2023-10-31 11:16:15,33,36,3463,13376
2023-10-31 11:16:16,33,35,3463,13376
2023-10-31 11:16:17,33,36,3463,13376
2023-10-31 11:16:21,33,35,3463,13376
2023-10-31 11:16:22,33,36,3463,13376
2023-10-31 11:16:22,33,35,3463,13376
2023-10-31 11:16:49,31,35,3463,13376
2023-10-31 11:16:49,32,35,3463,13376
2023-10-31 11:16:56,32,34,3463,13376
2023-10-31 11:17:02,30,34,3463,13376
2023-10-31 11:17:02,31,34,3463,13376
2023-10-31 11:17:06,30,34,3463,13376
2023-10-31 11:17:09,31,34,3463,13376
2023-10-31 11:17:10,31,33,3463,13376
2023-10-31 11:17:11,31,34,3463,13376
2023-10-31 11:17:12,31,35,3463,13376
2023-10-31 11:17:12,31,34,3463,13376
2023-10-31 11:17:16,32,34,3463,13376
2023-10-31 11:17:18,32,35,3463,13376
2023-10-31 11:17:23,32,34,3463,13376
2023-10-31 11:17:27,32,35,3463,13376
2023-10-31 11:17:32,32,34,3463,13376
2023-10-31 11:17:33,32,35,3463,13376
2023-10-31 11:17:33,32,34,3463,13376
2023-10-31 11:17:53,33,34,3463,13376
2023-10-31 11:18:04,33,36,3463,13376
2023-10-31 11:18:05,33,35,3463,13376
2023-10-31 11:18:08,33,36,3463,13376
2023-10-31 11:18:10,33,35,3463,13376
2023-10-31 11:18:12,32,35,3463,13376
2023-10-31 11:18:18,32,34,3463,13376
2023-10-31 11:18:24,31,34,3463,13376
2023-10-31 11:18:24,32,34,3463,13376
2023-10-31 11:18:39,31,34,3463,13376
2023-10-31 11:18:40,32,34,3463,13376
2023-10-31 11:19:06,31,34,3463,13376
2023-10-31 11:19:06,32,34,3463,13376
2023-10-31 11:19:11,32,35,3463,13376
2023-10-31 11:19:11,32,34,3463,13376
2023-10-31 11:19:12,32,35,3463,13376
2023-10-31 11:19:13,32,34,3463,13376
2023-10-31 11:19:19,31,34,3463,13376
2023-10-31 11:19:20,32,34,3463,13376
2023-10-31 11:19:21,31,34,3463,13376
2023-10-31 11:19:21,32,34,3463,13376
2023-10-31 11:19:23,30,34,3463,13376
2023-10-31 11:19:23,31,34,3463,13376
2023-10-31 11:19:30,31,33,3463,13376
2023-10-31 11:19:31,31,34,3463,13376
2023-10-31 11:19:38,32,34,3463,13376
2023-10-31 11:19:46,32,35,3463,13376
2023-10-31 11:19:46,32,34,3463,13376
2023-10-31 11:19:47,32,35,3463,13376
2023-10-31 11:19:52,33,35,3463,13376
2023-10-31 11:19:54,32,35,3463,13376
2023-10-31 11:19:55,33,35,3463,13376
2023-10-31 11:20:03,33,36,3463,13376
2023-10-31 11:20:04,33,35,3463,13376
2023-10-31 11:20:26,31,35,3463,13376
2023-10-31 11:20:26,32,35,3463,13376
2023-10-31 11:20:32,33,35,3463,13376
2023-10-31 11:20:36,31,35,3463,13376
2023-10-31 11:20:36,32,35,3463,13376
2023-10-31 11:20:38,31,35,3463,13376
2023-10-31 11:20:38,32,35,3463,13376
2023-10-31 11:20:44,32,34,3463,13376
2023-10-31 11:20:55,31,34,3463,13376
2023-10-31 11:20:56,32,34,3463,13376
2023-10-31 11:20:56,32,35,3463,13376
2023-10-31 11:20:57,32,34,3463,13376
2023-10-31 11:21:08,31,32,3196,13643
2023-10-31 11:21:08,31,32,3340,14043
2023-10-31 11:21:09,31,33,3340,14043
2023-10-31 11:21:09,32,33,3340,14043
2023-10-31 11:21:24,32,34,3340,14043
2023-10-31 11:21:28,31,34,3340,14043
2023-10-31 11:21:28,32,34,3340,14043
2023-10-31 11:21:33,32,33,3340,14043
2023-10-31 11:21:47,31,33,3340,14043
2023-10-31 11:21:47,32,33,3340,14043
2023-10-31 11:21:49,32,33,3340,14056
2023-10-31 11:21:49,30,33,3340,14056
2023-10-31 11:21:49,31,33,3340,14056
2023-10-31 11:21:51,31,32,3340,14056
2023-10-31 11:21:51,30,32,3340,14056
2023-10-31 11:22:01,31,32,3340,14056
2023-10-31 11:22:04,30,32,3340,14056
2023-10-31 11:22:08,31,32,3340,14056
2023-10-31 11:22:14,30,32,3340,14056
2023-10-31 11:22:14,31,32,3340,14056
2023-10-31 11:22:17,31,33,3340,14056
2023-10-31 11:22:21,32,33,3340,14056
2023-10-31 11:22:28,32,33,3340,14070
2023-10-31 11:22:31,32,33,3340,14087
2023-10-31 11:22:35,31,33,3340,14087
2023-10-31 11:22:36,32,33,3340,14087
2023-10-31 11:22:38,31,33,3340,14087
2023-10-31 11:22:38,30,33,3340,14087
2023-10-31 11:22:38,31,33,3340,14087
2023-10-31 11:22:39,31,32,3340,14087
2023-10-31 11:22:39,30,32,3340,14087
2023-10-31 11:22:43,31,32,3340,14087
2023-10-31 11:22:45,30,32,3340,14087
2023-10-31 11:22:45,31,32,3340,14087
2023-10-31 11:22:54,30,32,3340,14087
2023-10-31 11:22:54,31,32,3340,14087
2023-10-31 11:22:57,31,33,3340,14087
2023-10-31 11:23:01,32,33,3340,14087
2023-10-31 11:23:04,31,32,3340,14209
2023-10-31 11:23:04,30,32,3340,14209
2023-10-31 11:23:08,31,32,3340,14209
2023-10-31 11:23:17,30,32,3340,14209
2023-10-31 11:23:17,31,32,3340,14209
2023-10-31 11:23:20,31,33,3340,14209
2023-10-31 11:23:22,32,33,3340,14209
2023-10-31 11:23:24,31,33,3340,14209
2023-10-31 11:23:24,32,33,3340,14209
2023-10-31 11:23:27,31,33,3340,14209
2023-10-31 11:23:32,32,33,3340,14209
2023-10-31 11:23:33,31,33,3340,14209
2023-10-31 11:23:34,30,33,3340,14209
2023-10-31 11:23:34,31,33,3340,14209
2023-10-31 11:23:35,31,32,3340,14209
2023-10-31 11:23:44,30,32,3340,14209
2023-10-31 11:23:45,31,32,3340,14209
2023-10-31 11:23:49,30,32,3340,14209
2023-10-31 11:23:50,31,32,3340,14209
2023-10-31 11:23:54,30,32,3340,14209
2023-10-31 11:23:58,30,31,3340,14209
2023-10-31 11:24:06,29,31,3340,14209
2023-10-31 11:24:07,29,30,3340,14209
2023-10-31 11:24:32,28,30,3340,14209
2023-10-31 11:24:33,29,30,3340,14209
2023-10-31 11:24:47,29,31,3340,14209
2023-10-31 11:24:48,30,31,3340,14209
2023-10-31 11:24:54,29,31,3340,14209
2023-10-31 11:24:55,30,31,3340,14209
2023-10-31 11:24:57,30,31,3459,14359
2023-10-31 11:24:57,28,31,3459,14359
2023-10-31 11:24:57,29,31,3459,14359
2023-10-31 11:24:57,29,30,3459,14359
2023-10-31 11:24:59,29,31,3459,14359
2023-10-31 11:25:02,30,31,3459,14359
2023-10-31 11:25:03,29,31,3459,14359
2023-10-31 11:25:04,29,30,3459,14359
2023-10-31 11:25:06,29,31,3459,14359
2023-10-31 11:25:09,30,31,3459,14359
2023-10-31 11:25:16,29,31,3459,14359
2023-10-31 11:25:18,29,30,3459,14359
2023-10-31 11:25:21,29,31,3459,14359
2023-10-31 11:25:22,30,31,3459,14359
2023-10-31 11:25:22,30,31,3459,14419
2023-10-31 11:25:24,30,32,3459,14419
2023-10-31 11:25:26,31,32,3459,14419
2023-10-31 11:25:30,31,32,3459,14619
2023-10-31 11:25:30,31,32,3642,14808
2023-10-31 11:25:30,31,33,3642,14808
2023-10-31 11:25:30,32,33,3642,14808
2023-10-31 11:25:33,32,33,3919,15158
2023-10-31 11:25:35,32,33,3919,15508
2023-10-31 11:25:43,32,34,3919,15558
2023-10-31 11:25:44,33,34,3919,15558
2023-10-31 11:25:45,33,34,4033,15672
2023-10-31 11:25:47,32,34,4033,15672
2023-10-31 11:25:47,33,34,4033,15672
2023-10-31 11:25:50,32,34,4033,15672
2023-10-31 11:25:50,33,34,4033,15672
2023-10-31 11:25:51,32,34,4033,15672
2023-10-31 11:25:51,33,34,4033,15672
2023-10-31 11:25:53,32,34,4033,15672
2023-10-31 11:25:53,33,34,4033,15672
2023-10-31 11:25:54,32,34,4033,15672
2023-10-31 11:26:03,33,34,4033,15672
2023-10-31 11:26:04,32,34,4033,15672
2023-10-31 11:26:04,33,34,4033,15672
2023-10-31 11:26:23,32,34,4033,15672
2023-10-31 11:26:24,33,34,4033,15672
2023-10-31 11:26:37,34,35,4033,15815
2023-10-31 11:26:38,34,36,4033,15815
2023-10-31 11:26:42,35,36,4033,15815
2023-10-31 11:26:46,35,37,4033,15815
2023-10-31 11:26:50,36,37,4033,15815
2023-10-31 11:27:30,35,37,4033,15815
2023-10-31 11:27:53,36,37,4033,15815
2023-10-31 11:28:35,35,37,4033,15815
2023-10-31 11:28:36,36,37,4033,15815
2023-10-31 11:28:37,35,37,4033,15815
2023-10-31 11:28:40,36,37,4033,15815
2023-10-31 11:28:41,35,37,4033,15815
2023-10-31 11:28:43,36,37,4033,15815
2023-10-31 11:28:46,35,37,4033,15815
2023-10-31 11:28:46,36,37,4033,15815
2023-10-31 11:28:47,35,37,4033,15815
2023-10-31 11:28:50,34,37,4033,15815
2023-10-31 11:28:51,35,37,4033,15815
2023-10-31 11:29:10,34,37,4033,15815
2023-10-31 11:29:14,35,37,4033,15815
2023-10-31 11:29:17,34,37,4033,15815
2023-10-31 11:29:18,34,36,4033,15815
2023-10-31 11:29:26,34,35,4033,15815
2023-10-31 11:29:26,33,35,4033,15815
2023-10-31 11:29:31,32,35,4033,15815
2023-10-31 11:29:36,32,34,4033,15815
2023-10-31 11:29:38,32,33,4033,15815
2023-10-31 11:29:44,31,33,4033,15815
2023-10-31 11:29:46,31,32,4033,15815
2023-10-31 11:29:52,30,32,4033,15815
2023-10-31 11:30:12,29,32,3899,16015
2023-10-31 11:30:13,29,31,3899,16015
2023-10-31 11:30:25,29,31,3899,16096
2023-10-31 11:30:50,29,32,3899,16096
2023-10-31 11:30:53,29,31,3899,16096
2023-10-31 11:31:15,29,30,3899,16096
2023-10-31 11:31:49,28,30,3899,16096
2023-10-31 11:32:02,29,30,3899,16096
2023-10-31 11:32:02,29,31,3899,16096
2023-10-31 11:32:02,29,32,3899,16096
2023-10-31 11:32:02,29,31,3899,16096
2023-10-31 11:32:03,29,32,3899,16096
2023-10-31 11:32:06,30,32,3899,16096
2023-10-31 11:32:09,29,32,3899,16096
2023-10-31 11:32:15,30,32,3899,16096
2023-10-31 11:32:18,29,32,3899,16096
2023-10-31 11:32:19,30,32,3899,16096
2023-10-31 11:32:21,30,31,3899,16096
2023-10-31 11:32:22,31,32,3979,16176
2023-10-31 11:32:57,30,33,3979,16176
2023-10-31 11:33:01,31,33,3979,16176
2023-10-31 11:33:02,30,33,3979,16176
2023-10-31 11:33:02,31,33,3979,16176
2023-10-31 11:33:04,30,33,3979,16176
2023-10-31 11:33:04,31,33,3979,16176
2023-10-31 11:33:24,30,33,3979,16176
2023-10-31 11:33:26,30,32,3979,16176
2023-10-31 11:33:35,29,32,3979,16176
2023-10-31 11:33:36,30,32,3979,16176
2023-10-31 11:33:38,29,32,3979,16176
2023-10-31 11:33:39,29,31,3979,16176
2023-10-31 11:33:43,29,32,3979,16176
2023-10-31 11:33:45,30,32,3979,16176
2023-10-31 11:33:46,29,32,3979,16176
2023-10-31 11:33:46,30,32,3979,16176
2023-10-31 11:33:51,29,32,3979,16176
2023-10-31 11:33:51,30,32,3979,16176
2023-10-31 11:33:55,30,33,3979,16176
2023-10-31 11:33:55,31,33,3979,16176
2023-10-31 11:34:04,31,34,3979,16176
2023-10-31 11:34:04,32,34,3979,16176
2023-10-31 11:34:21,33,34,3979,16176
2023-10-31 11:34:23,32,34,3979,16176
2023-10-31 11:34:23,33,34,3979,16176
2023-10-31 11:34:25,32,34,3979,16176
2023-10-31 11:34:25,33,34,3979,16176
2023-10-31 11:34:28,32,34,3979,16176
2023-10-31 11:34:28,33,34,3979,16176
2023-10-31 11:34:30,32,34,3979,16176
2023-10-31 11:34:33,33,34,3979,16176
2023-10-31 11:34:42,33,35,3979,16176
2023-10-31 11:34:49,34,35,3979,16176
2023-10-31 11:34:50,33,35,3979,16176
2023-10-31 11:34:51,34,35,3979,16176
2023-10-31 11:34:51,33,35,3979,16176
2023-10-31 11:34:54,34,35,3979,16176
2023-10-31 11:35:00,33,35,3979,16176
2023-10-31 11:35:00,34,35,3979,16176
2023-10-31 11:35:07,34,36,3979,16176
2023-10-31 11:35:09,35,36,3979,16176
2023-10-31 11:35:17,34,36,3979,16176
2023-10-31 11:35:18,35,36,3979,16176
2023-10-31 11:35:21,34,36,3979,16176
2023-10-31 11:35:48,34,35,3979,16176
2023-10-31 11:35:48,33,35,3979,16176
2023-10-31 11:35:52,34,35,3979,16176
2023-10-31 11:36:00,33,35,3979,16176
2023-10-31 11:36:02,32,35,3979,16176
2023-10-31 11:36:03,32,34,3979,16176
2023-10-31 11:36:16,32,35,3979,16176
2023-10-31 11:36:19,33,35,3979,16176
2023-10-31 11:36:19,32,35,3979,16176
2023-10-31 11:36:21,33,35,3979,16176
2023-10-31 11:36:23,32,35,3979,16176
2023-10-31 11:36:24,33,35,3979,16176
2023-10-31 11:36:27,32,35,3979,16176
2023-10-31 11:36:32,32,34,3979,16176
2023-10-31 11:36:53,32,33,3979,16176
2023-10-31 11:36:53,31,33,3979,16176
2023-10-31 11:38:12,32,33,3979,16176
2023-10-31 11:38:23,32,34,3979,16176
2023-10-31 11:38:41,32,35,3979,16176
2023-10-31 11:38:47,33,35,3979,16176
2023-10-31 11:38:54,32,35,3979,16176
2023-10-31 11:38:55,33,35,3979,16176
2023-10-31 11:39:27,34,35,3979,16176
2023-10-31 11:39:28,33,35,3979,16176
2023-10-31 11:39:31,34,35,3979,16176
2023-10-31 11:39:32,33,35,3979,16176
2023-10-31 11:39:34,34,35,3979,16176
2023-10-31 11:39:39,33,35,3979,16176
2023-10-31 11:40:10,32,35,3979,16176
2023-10-31 11:40:11,33,35,3979,16176
2023-10-31 11:40:16,32,35,3979,16176
2023-10-31 11:40:18,33,35,3979,16176
2023-10-31 11:40:18,32,35,3979,16176
2023-10-31 11:40:19,32,34,3979,16176
2023-10-31 11:40:22,31,34,3979,16176
2023-10-31 11:40:23,32,34,3979,16176
2023-10-31 11:40:31,31,34,3979,16176
2023-10-31 11:40:32,32,34,3979,16176
2023-10-31 11:40:55,32,35,3979,16176
2023-10-31 11:40:58,33,35,3979,16176
2023-10-31 11:41:04,32,35,3979,16176
2023-10-31 11:41:05,33,35,3979,16176
2023-10-31 11:41:05,32,35,3979,16176
2023-10-31 11:41:08,32,34,3979,16176
2023-10-31 11:41:12,31,34,3979,16176
2023-10-31 11:41:15,31,33,3979,16176
2023-10-31 11:41:36,30,33,3979,16176
2023-10-31 11:41:36,30,32,3979,16176
2023-10-31 11:42:04,30,31,3979,16176
2023-10-31 11:42:08,29,31,3979,16176
2023-10-31 11:42:32,29,30,3979,16176
2023-10-31 11:42:32,28,30,3979,16176
2023-10-31 11:42:53,28,29,3979,16176
2023-10-31 11:42:53,27,29,3979,16176
2023-10-31 11:43:02,27,30,3979,16176
2023-10-31 11:43:09,28,30,3979,16176
2023-10-31 11:43:12,27,30,3979,16176
2023-10-31 11:43:13,28,30,3979,16176
2023-10-31 11:43:40,28,31,3979,16176
2023-10-31 11:43:52,28,30,3979,16176
2023-10-31 11:43:53,28,31,3979,16176
2023-10-31 11:43:57,28,30,3979,16176
2023-10-31 11:43:58,28,31,3979,16176
2023-10-31 11:44:05,29,31,3979,16176
2023-10-31 11:44:07,28,31,3979,16176
2023-10-31 11:44:08,29,31,3979,16176
2023-10-31 11:44:29,29,30,3979,16176
2023-10-31 11:44:29,29,31,3979,16176
2023-10-31 11:44:31,28,31,3979,16176
2023-10-31 11:44:38,29,31,3979,16176
2023-10-31 11:44:39,28,31,3979,16176
2023-10-31 11:44:40,29,31,3979,16176
2023-10-31 11:44:42,28,31,3979,16176
2023-10-31 11:44:43,29,31,3979,16176
2023-10-31 11:44:45,28,31,3979,16176
2023-10-31 11:44:45,29,31,3979,16176
2023-10-31 11:44:49,28,31,3979,16176
2023-10-31 11:44:53,29,31,3979,16176
2023-10-31 11:45:13,28,31,3979,16176
2023-10-31 11:45:14,28,30,3979,16176
2023-10-31 11:45:22,27,30,3979,16176
2023-10-31 11:45:26,28,30,3979,16176
2023-10-31 11:45:29,27,30,3979,16176
2023-10-31 11:45:32,28,30,3979,16176
2023-10-31 11:45:36,28,31,3979,16176
2023-10-31 11:45:36,28,30,3979,16176
2023-10-31 11:45:37,28,31,3979,16176
2023-10-31 11:45:38,28,30,3979,16176
2023-10-31 11:45:41,28,31,3979,16176
2023-10-31 11:45:42,28,30,3979,16176
2023-10-31 11:45:51,27,30,3979,16176
2023-10-31 11:45:54,28,30,3979,16176
2023-10-31 11:45:55,28,31,3979,16176
2023-10-31 11:46:13,28,30,3979,16176
2023-10-31 11:46:14,27,30,3979,16176
2023-10-31 11:46:21,27,29,3979,16176
2023-10-31 11:46:26,27,30,3979,16176
2023-10-31 11:46:36,28,30,3979,16176
2023-10-31 11:46:36,27,30,3979,16176
2023-10-31 11:46:37,28,30,3979,16176
2023-10-31 11:46:40,27,30,3979,16176
2023-10-31 11:46:41,27,29,3979,16176
2023-10-31 11:46:45,27,30,3979,16176
2023-10-31 11:47:01,28,30,3979,16176
2023-10-31 11:47:17,28,31,3979,16176
2023-10-31 11:47:21,28,30,3979,16176
2023-10-31 11:47:25,27,30,3979,16176
2023-10-31 11:47:55,27,30,3979,16176
2023-10-31 11:48:03,27,29,3979,16176
2023-10-31 11:48:08,27,30,3979,16176
2023-10-31 11:48:13,28,30,3979,16176
2023-10-31 11:48:15,27,30,3979,16176
2023-10-31 11:48:21,28,30,3979,16176
2023-10-31 11:48:38,29,30,3979,16176
2023-10-31 11:48:39,29,31,3979,16176
2023-10-31 11:48:46,29,32,3979,16176
2023-10-31 11:48:47,30,32,3979,16176
2023-10-31 11:49:01,29,32,3979,16176
2023-10-31 11:49:03,30,32,3979,16176
2023-10-31 11:49:04,29,32,3979,16176
2023-10-31 11:49:13,29,31,3979,16176
2023-10-31 11:49:15,29,32,3979,16176
2023-10-31 11:49:31,30,32,3979,16176
2023-10-31 11:49:32,29,32,3979,16176
2023-10-31 11:49:33,30,32,3979,16176
2023-10-31 11:49:37,29,32,3979,16176
2023-10-31 11:49:41,29,31,3979,16176
2023-10-31 11:49:45,28,31,3979,16176
2023-10-31 11:49:47,28,30,3979,16176
2023-10-31 11:49:50,27,30,3979,16176
2023-10-31 11:49:56,28,30,3979,16176
2023-10-31 11:50:06,27,30,3979,16176
2023-10-31 11:50:07,28,30,3979,16176
2023-10-31 11:50:22,28,31,3979,16176
2023-10-31 11:50:25,29,31,3979,16176
2023-10-31 11:50:36,29,32,3979,16176
2023-10-31 11:50:46,29,31,3979,16176
2023-10-31 11:50:58,28,31,3979,16176
2023-10-31 11:50:59,28,30,3979,16176
2023-10-31 11:51:02,27,30,3979,16176
2023-10-31 11:51:11,27,29,3979,16176
2023-10-31 11:51:19,27,30,3979,16176
2023-10-31 11:51:26,27,29,3979,16176
2023-10-31 11:51:31,27,30,3979,16176
2023-10-31 11:51:32,27,29,3979,16176
2023-10-31 11:51:35,27,30,3979,16176
2023-10-31 11:51:37,28,30,3979,16176
2023-10-31 11:51:41,28,31,3979,16176
2023-10-31 11:51:42,29,31,3979,16176
2023-10-31 11:51:52,28,31,3979,16176
2023-10-31 11:51:55,29,31,3979,16176
2023-10-31 11:51:57,28,31,3979,16176
2023-10-31 11:51:58,29,31,3979,16176
2023-10-31 11:52:05,28,31,3979,16176
2023-10-31 11:52:05,29,31,3979,16176
2023-10-31 11:52:10,28,31,3979,16176
2023-10-31 11:52:10,29,31,3979,16176
2023-10-31 11:52:13,28,31,3979,16176
2023-10-31 11:52:19,28,30,3979,16176
2023-10-31 11:52:47,28,31,3979,16176
2023-10-31 11:52:53,29,31,3979,16176
2023-10-31 11:52:59,28,31,3979,16176
2023-10-31 11:53:09,29,31,3979,16176
2023-10-31 11:53:10,28,31,3979,16176
2023-10-31 11:53:12,29,31,3979,16176
2023-10-31 11:53:23,28,31,3979,16176
2023-10-31 11:53:24,29,31,3979,16176
2023-10-31 11:53:26,28,31,3979,16176
2023-10-31 11:53:27,29,31,3979,16176
2023-10-31 11:53:37,28,31,3979,16176
2023-10-31 11:53:40,29,31,3979,16176
2023-10-31 11:53:46,29,32,3979,16176
2023-10-31 11:54:11,29,31,3979,16176
2023-10-31 11:54:13,28,31,3979,16176
2023-10-31 11:54:26,28,30,3979,16176
2023-10-31 11:54:27,28,31,3979,16176
2023-10-31 11:54:29,28,30,3979,16176
2023-10-31 11:54:32,27,30,3979,16176
2023-10-31 11:55:00,28,30,3979,16176
2023-10-31 11:55:05,28,31,3979,16176
2023-10-31 11:55:20,29,31,3979,16176
2023-10-31 11:55:27,29,32,3979,16176
2023-10-31 11:55:41,30,32,3979,16176
2023-10-31 11:55:45,30,33,3979,16176
2023-10-31 11:55:51,31,33,3979,16176
2023-10-31 11:56:11,32,33,3979,16176
2023-10-31 11:56:13,32,34,3979,16176
2023-10-31 11:57:14,32,35,3979,16176
2023-10-31 11:57:14,33,35,3979,16176
2023-10-31 11:57:35,33,36,3979,16176
2023-10-31 11:57:49,34,36,3979,16176
2023-10-31 11:58:11,35,36,3979,16176
2023-10-31 11:58:12,35,37,3979,16176
2023-10-31 11:58:31,35,38,3979,16176
2023-10-31 11:58:31,36,38,4019,16216
2023-10-31 11:59:05,36,39,4019,16216
2023-10-31 11:59:05,37,39,4019,16216
2023-10-31 11:59:05,38,39,4019,16216
2023-10-31 11:59:09,37,39,4019,16216
2023-10-31 11:59:10,38,39,4019,16216
2023-10-31 11:59:10,38,39,4120,16317
2023-10-31 11:59:10,37,39,4120,16317
2023-10-31 11:59:12,38,39,4120,16317
2023-10-31 11:59:19,37,39,4120,16317
2023-10-31 11:59:20,38,39,4120,16317
2023-10-31 11:59:21,37,39,4120,16317
2023-10-31 11:59:21,38,39,4120,16317
2023-10-31 11:59:48,38,40,4120,16317
2023-10-31 11:59:52,39,40,4120,16317
2023-10-31 11:59:56,39,41,4120,16317
2023-10-31 11:59:56,39,42,4120,16317
2023-10-31 11:59:58,40,42,4120,16317
2023-10-31 12:00:04,41,42,4120,16317
2023-10-31 12:00:07,40,42,4120,16317
2023-10-31 12:00:08,40,41,4120,16317
2023-10-31 12:00:09,40,42,4120,16317
2023-10-31 12:00:12,41,42,4120,16317
2023-10-31 12:00:13,40,42,4120,16317
2023-10-31 12:00:16,40,42,4120,16317
2023-10-31 12:00:18,40,41,4120,16317
2023-10-31 12:00:19,40,42,4120,16317
2023-10-31 12:00:32,41,42,4120,16317
2023-10-31 12:00:37,40,42,4120,16317
2023-10-31 12:00:55,38,42,4120,16317
2023-10-31 12:00:55,39,42,4120,16317
2023-10-31 12:00:55,39,41,4120,16317
2023-10-31 12:00:56,38,41,4120,16317
2023-10-31 12:00:57,38,42,4120,16317
2023-10-31 12:00:57,39,42,4120,16317
2023-10-31 12:00:57,39,41,4120,16317
2023-10-31 12:01:00,39,40,4120,16317
2023-10-31 12:01:02,39,42,4120,16317
2023-10-31 12:01:08,40,42,4120,16317
2023-10-31 12:01:16,39,42,4120,16317
2023-10-31 12:01:18,40,42,4120,16317
2023-10-31 12:01:23,39,42,4120,16317
2023-10-31 12:01:28,38,42,4120,16317
2023-10-31 12:01:28,38,41,4120,16317
2023-10-31 12:01:32,39,41,4120,16317
2023-10-31 12:01:33,38,41,4120,16317
2023-10-31 12:01:42,38,40,4120,16317
2023-10-31 12:01:51,37,40,4120,16317
2023-10-31 12:01:55,37,39,4120,16317
2023-10-31 12:02:15,37,38,4120,16317
2023-10-31 12:02:29,37,39,4120,16317
2023-10-31 12:02:29,37,38,4120,16317
2023-10-31 12:02:30,37,39,4120,16317
2023-10-31 12:03:09,38,39,4120,16317
2023-10-31 12:03:11,38,40,4120,16317
2023-10-31 12:03:12,37,40,4120,16317
2023-10-31 12:03:19,37,39,4120,16317
2023-10-31 12:03:25,37,40,4120,16317
2023-10-31 12:03:33,37,39,4120,16317
2023-10-31 12:03:33,37,40,4120,16317
2023-10-31 12:03:54,37,39,4120,16317
2023-10-31 12:03:59,37,40,4120,16317
2023-10-31 12:04:09,37,39,4120,16317
2023-10-31 12:04:10,37,40,4120,16317
2023-10-31 12:04:10,37,39,4120,16317
2023-10-31 12:04:11,37,40,4120,16317
2023-10-31 12:04:21,37,39,4120,16317
2023-10-31 12:04:34,37,39,4120,16337
2023-10-31 12:04:45,37,38,4120,16337
2023-10-31 12:04:51,37,39,4120,16337
2023-10-31 12:04:55,37,38,4120,16337
2023-10-31 12:05:01,37,39,4120,16337
2023-10-31 12:05:02,37,38,4120,16337
2023-10-31 12:05:04,37,39,4120,16337
2023-10-31 12:05:06,37,38,4120,16337
2023-10-31 12:05:07,36,38,4120,16337
2023-10-31 12:05:11,35,38,4120,16337
2023-10-31 12:05:11,35,37,4120,16337
2023-10-31 12:05:24,36,37,4120,16337
2023-10-31 12:05:46,37,39,4160,16377
2023-10-31 12:06:02,37,40,4160,16377
2023-10-31 12:06:02,37,39,4160,16377
2023-10-31 12:06:04,37,40,4160,16377
2023-10-31 12:06:05,37,39,4160,16377
2023-10-31 12:06:21,36,39,4160,16377
2023-10-31 12:06:23,36,38,4160,16377
2023-10-31 12:06:24,35,38,4160,16377
2023-10-31 12:06:28,36,38,4160,16377
2023-10-31 12:06:34,35,38,4160,16377
2023-10-31 12:06:35,36,38,4160,16377
2023-10-31 12:06:46,36,37,4160,16377
2023-10-31 12:06:48,36,38,4160,16377
2023-10-31 12:07:03,37,38,4160,16377
2023-10-31 12:07:07,37,39,4160,16377
2023-10-31 12:07:15,37,40,4160,16377
2023-10-31 12:07:16,37,39,4160,16377
2023-10-31 12:07:18,37,39,4161,16378
2023-10-31 12:07:19,36,39,4161,16378
2023-10-31 12:07:19,36,39,4162,16379
2023-10-31 12:07:20,36,39,4163,16380
2023-10-31 12:07:21,36,39,4164,16381
2023-10-31 12:07:22,36,39,4165,16382
2023-10-31 12:07:23,36,39,4166,16383
2023-10-31 12:07:24,36,39,4167,16384
2023-10-31 12:07:25,36,39,4168,16385
2023-10-31 12:07:26,36,39,4169,16386
2023-10-31 12:07:27,36,39,4170,16387
2023-10-31 12:07:28,36,39,4171,16388
2023-10-31 12:07:29,36,39,4172,16389
2023-10-31 12:07:30,37,39,4172,16389
2023-10-31 12:07:30,37,39,4173,16390
2023-10-31 12:07:31,37,39,4174,16391
2023-10-31 12:07:32,37,39,4175,16392
2023-10-31 12:07:33,37,39,4176,16393
2023-10-31 12:07:42,36,39,4176,16393
2023-10-31 12:07:46,37,39,4176,16393
2023-10-31 12:07:48,36,39,4176,16393
2023-10-31 12:07:48,37,39,4176,16393
2023-10-31 12:07:52,36,39,4176,16393
2023-10-31 12:07:58,36,38,4176,16393
2023-10-31 12:08:01,35,38,4176,16393
2023-10-31 12:08:10,36,38,4176,16393
2023-10-31 12:08:22,36,37,4176,16393
2023-10-31 12:08:23,36,38,4176,16393
2023-10-31 12:08:25,35,38,4176,16393
2023-10-31 12:08:25,36,38,4176,16393
2023-10-31 12:08:33,36,37,4176,16393
2023-10-31 12:08:36,36,38,4176,16393
2023-10-31 12:08:37,35,38,4176,16393
2023-10-31 12:08:40,36,38,4176,16393
2023-10-31 12:08:43,35,38,4176,16393
2023-10-31 12:08:47,36,38,4176,16393
2023-10-31 12:08:48,35,38,4176,16393
2023-10-31 12:08:49,36,38,4176,16393
2023-10-31 12:08:49,36,37,4176,16393
2023-10-31 12:08:50,35,37,4176,16393
2023-10-31 12:08:50,36,37,4176,16393
2023-10-31 12:08:52,35,37,4176,16393
2023-10-31 12:08:53,36,37,4176,16393
2023-10-31 12:08:54,35,37,4176,16393
2023-10-31 12:08:54,36,37,4176,16393
2023-10-31 12:08:55,35,37,4176,16393
2023-10-31 12:08:59,36,37,4176,16393
2023-10-31 12:09:03,35,37,4176,16393
2023-10-31 12:09:08,36,37,4176,16393
2023-10-31 12:09:09,35,37,4176,16393
2023-10-31 12:09:26,36,37,4176,16393
2023-10-31 12:09:39,36,39,4176,16393
2023-10-31 12:09:39,36,38,4176,16393
2023-10-31 12:09:46,36,37,4176,16393
2023-10-31 12:09:47,36,39,4176,16393
2023-10-31 12:09:53,37,39,4176,16393
2023-10-31 12:10:07,36,39,4176,16393
2023-10-31 12:10:09,37,39,4176,16393
2023-10-31 12:10:14,36,39,4176,16393
2023-10-31 12:10:15,36,38,4176,16393
2023-10-31 12:10:41,37,38,4176,16393
2023-10-31 12:10:44,36,38,4176,16393
2023-10-31 12:10:44,37,38,4176,16393
2023-10-31 12:10:47,36,38,4176,16393
2023-10-31 12:10:49,37,38,4176,16393
2023-10-31 12:10:52,37,39,4176,16393
2023-10-31 12:11:15,37,40,4176,16393
2023-10-31 12:11:19,38,40,4176,16393
2023-10-31 12:11:26,37,40,4176,16393
2023-10-31 12:11:29,38,40,4176,16393
2023-10-31 12:11:33,37,40,4176,16393
2023-10-31 12:11:34,37,39,4176,16393
2023-10-31 12:11:39,37,38,4176,16393
2023-10-31 12:11:39,36,38,4176,16393
2023-10-31 12:11:40,36,39,4176,16393
2023-10-31 12:11:43,37,39,4176,16393
2023-10-31 12:11:50,36,39,4176,16393
2023-10-31 12:11:54,36,38,4176,16393
2023-10-31 12:11:57,36,39,4176,16393
2023-10-31 12:12:10,36,38,4176,16393
2023-10-31 12:12:11,36,39,4176,16393
2023-10-31 12:12:16,37,39,4176,16393
2023-10-31 12:12:28,37,40,4176,16393
2023-10-31 12:12:39,37,39,4176,16393
2023-10-31 12:12:43,36,39,4176,16393
2023-10-31 12:12:47,36,38,4176,16393
2023-10-31 12:12:51,35,38,4176,16393
2023-10-31 12:12:53,35,37,4176,16393
2023-10-31 12:12:56,35,38,4176,16393
2023-10-31 12:12:56,35,37,4176,16393
2023-10-31 12:12:56,35,38,4176,16393
2023-10-31 12:13:04,35,37,4176,16393
2023-10-31 12:13:23,35,36,4176,16393
2023-10-31 12:14:02,34,36,4176,16393
2023-10-31 12:14:04,34,35,4176,16393
2023-10-31 12:14:05,33,35,4176,16393
2023-10-31 12:14:05,33,34,4176,16393
2023-10-31 12:14:09,32,34,4176,16393
2023-10-31 12:14:19,32,33,4176,16393
2023-10-31 12:14:21,31,33,4176,16393
2023-10-31 12:14:21,31,32,4176,16393
2023-10-31 12:14:22,30,32,4176,16393
2023-10-31 12:14:36,30,31,4176,16393
2023-10-31 12:14:36,29,31,4176,16393
2023-10-31 12:14:37,28,31,4176,16393
2023-10-31 12:14:40,29,31,4176,16393
2023-10-31 12:14:41,29,30,4176,16393
2023-10-31 12:14:41,28,30,4176,16393
2023-10-31 12:14:55,28,29,4176,16393
2023-10-31 12:14:56,28,30,4176,16393
2023-10-31 12:14:58,28,29,4176,16393
2023-10-31 12:14:59,27,29,4176,16393
2023-10-31 12:15:01,27,30,4176,16393
2023-10-31 12:15:01,28,30,4176,16393
2023-10-31 12:15:02,27,30,4176,16393
2023-10-31 12:15:03,27,29,4176,16393
2023-10-31 12:15:04,27,30,4176,16393
2023-10-31 12:15:05,28,30,4176,16393
2023-10-31 12:15:12,29,30,4176,16393
2023-10-31 12:15:14,29,31,4176,16393
2023-10-31 12:15:15,29,30,4176,16393
2023-10-31 12:15:15,28,30,4176,16393
2023-10-31 12:15:23,29,30,4176,16393
2023-10-31 12:15:24,28,30,4176,16393
2023-10-31 12:15:25,29,30,4176,16393
2023-10-31 12:15:26,29,31,4176,16393
2023-10-31 12:15:30,28,31,4176,16393
2023-10-31 12:15:31,28,30,4176,16393
2023-10-31 12:15:32,28,31,4176,16393
2023-10-31 12:15:33,28,30,4176,16393
2023-10-31 12:15:57,27,30,4176,16393
2023-10-31 12:15:57,28,30,4176,16393
2023-10-31 12:15:59,27,30,4176,16393
2023-10-31 12:15:59,28,30,4176,16393
2023-10-31 12:16:05,28,29,4176,16393
2023-10-31 12:16:05,27,29,4176,16393
2023-10-31 12:16:08,27,28,4176,16393
2023-10-31 12:16:10,27,29,4176,16393
2023-10-31 12:16:13,27,28,4176,16393
2023-10-31 12:16:14,27,29,4176,16393
2023-10-31 12:16:21,28,29,4176,16393
2023-10-31 12:16:25,27,29,4176,16393
2023-10-31 12:16:35,26,29,4176,16393
2023-10-31 12:16:36,26,27,4176,16393
2023-10-31 12:16:39,25,27,4176,16393
2023-10-31 12:16:40,25,26,4176,16393
2023-10-31 12:16:42,24,26,4176,16393
2023-10-31 12:17:09,24,27,4176,16393
2023-10-31 12:17:10,25,27,4176,16393
2023-10-31 12:17:19,26,27,4176,16393
2023-10-31 12:17:27,26,29,4176,16393
2023-10-31 12:17:31,27,29,4176,16393
2023-10-31 12:17:32,26,29,4176,16393
2023-10-31 12:17:32,27,29,4176,16393
2023-10-31 12:17:33,26,29,4176,16393
2023-10-31 12:17:34,26,28,4176,16393
2023-10-31 12:17:47,25,28,4176,16393
2023-10-31 12:17:47,25,27,4176,16393
2023-10-31 12:17:48,25,28,4176,16393
2023-10-31 12:17:49,26,28,4176,16393
2023-10-31 12:17:50,25,28,4176,16393
2023-10-31 12:17:53,26,28,4176,16393
2023-10-31 12:17:55,25,28,4176,16393
2023-10-31 12:17:57,26,28,4176,16393
2023-10-31 12:17:58,25,28,4176,16393
2023-10-31 12:18:00,25,27,4176,16393
2023-10-31 12:18:01,25,28,4176,16393
2023-10-31 12:18:03,25,27,4176,16393
2023-10-31 12:18:10,24,27,4176,16393
2023-10-31 12:18:11,25,27,4176,16393
2023-10-31 12:18:24,25,28,4176,16393
2023-10-31 12:18:28,25,27,4176,16393
2023-10-31 12:18:38,25,28,4176,16393
2023-10-31 12:18:41,26,28,4176,16393
2023-10-31 12:18:45,26,29,4236,16453
2023-10-31 12:18:47,26,28,4236,16453
2023-10-31 12:18:48,27,28,4236,16453
2023-10-31 12:18:49,27,29,4236,16453
2023-10-31 12:18:52,27,30,4236,16453
2023-10-31 12:18:53,28,30,4236,16453
2023-10-31 12:19:14,28,30,4287,16803
2023-10-31 12:19:15,29,30,4287,16803
2023-10-31 12:19:17,28,30,4287,16803
2023-10-31 12:19:18,29,30,4287,16803
2023-10-31 12:19:19,28,30,4287,16803
2023-10-31 12:19:58,27,30,4287,16803
2023-10-31 12:20:10,27,28,4287,16803
2023-10-31 12:20:11,27,29,4287,16803
2023-10-31 12:20:12,26,29,4287,16803
2023-10-31 12:20:12,26,28,4287,16803
2023-10-31 12:20:17,26,29,4287,16803
2023-10-31 12:20:17,26,28,4287,16803
2023-10-31 12:20:20,26,29,4287,16803
2023-10-31 12:20:24,27,29,4287,16803
2023-10-31 12:20:36,26,29,4287,16803
2023-10-31 12:20:41,27,29,4287,16803
2023-10-31 12:20:45,26,29,4287,16803
2023-10-31 12:20:51,27,29,4287,16803
2023-10-31 12:20:52,26,29,4287,16803
2023-10-31 12:20:56,27,29,4287,16803
2023-10-31 12:20:57,26,29,4287,16803
2023-10-31 12:21:02,27,29,4287,16803
2023-10-31 12:21:11,27,30,4287,16803
2023-10-31 12:21:12,27,29,4287,16803
2023-10-31 12:21:13,27,30,4287,16803
2023-10-31 12:21:22,27,29,4287,16803
2023-10-31 12:21:30,27,30,4287,16803
2023-10-31 12:21:34,27,29,4287,16803
2023-10-31 12:21:38,26,29,4287,16803
2023-10-31 12:21:41,26,28,4287,16803
2023-10-31 12:21:43,26,29,4287,16803
2023-10-31 12:21:44,26,28,4287,16803
2023-10-31 12:21:45,26,29,4287,16803
2023-10-31 12:21:45,26,28,4287,16803
2023-10-31 12:21:46,26,29,4287,16803
2023-10-31 12:21:47,26,28,4287,16803
2023-10-31 12:21:49,26,29,4287,16803
2023-10-31 12:21:49,26,28,4287,16803
2023-10-31 12:21:59,27,28,4287,16803
2023-10-31 12:22:05,27,30,4287,16803
2023-10-31 12:22:07,28,30,4287,16803
2023-10-31 12:22:12,27,30,4287,16803
2023-10-31 12:22:18,27,29,4287,16803
2023-10-31 12:22:23,27,30,4287,16803
2023-10-31 12:22:25,28,30,4287,16803
2023-10-31 12:22:42,27,30,4287,16803
2023-10-31 12:22:48,27,29,4287,16803
2023-10-31 12:22:53,27,30,4287,16803
2023-10-31 12:22:55,27,29,4287,16803
2023-10-31 12:23:04,26,29,4287,16803
2023-10-31 12:23:08,26,28,4287,16803
2023-10-31 12:23:25,26,29,4287,16803
2023-10-31 12:23:26,27,29,4287,16803
2023-10-31 12:23:35,28,29,4287,16803
2023-10-31 12:23:36,27,29,4287,16803
2023-10-31 12:23:37,28,29,4287,16803
2023-10-31 12:23:38,27,29,4287,16803
2023-10-31 12:23:41,28,29,4287,16803
2023-10-31 12:23:47,28,30,4287,16803
2023-10-31 12:24:41,29,30,4287,16803
2023-10-31 12:24:43,28,30,4287,16803
2023-10-31 12:24:43,29,30,4287,16803
2023-10-31 12:24:46,29,31,4287,16803
2023-10-31 12:24:50,28,31,4287,16803
2023-10-31 12:24:51,29,31,4287,16803
2023-10-31 12:24:52,28,31,4287,16803
2023-10-31 12:25:34,28,30,4287,16803
2023-10-31 12:25:43,27,30,4287,16803
2023-10-31 12:25:53,28,30,4287,16803
2023-10-31 12:25:53,28,29,4287,16803
2023-10-31 12:26:08,28,31,4327,16843
2023-10-31 12:26:12,29,31,4327,16843
2023-10-31 12:26:39,30,31,4327,16843
2023-10-31 12:26:39,30,32,4327,16843
2023-10-31 12:26:56,30,33,4587,17103
2023-10-31 12:26:57,31,33,4587,17103
2023-10-31 12:27:05,32,33,4587,17103
2023-10-31 12:27:20,32,34,4667,17183
2023-10-31 12:27:20,33,34,4667,17183
2023-10-31 12:27:21,33,35,4667,17183
2023-10-31 12:27:45,32,35,4667,17183
2023-10-31 12:27:45,32,34,4667,17183
2023-10-31 12:27:50,32,35,4667,17183
2023-10-31 12:27:52,32,34,4667,17183
2023-10-31 12:28:02,31,34,4667,17183
2023-10-31 12:28:05,32,34,4667,17183
2023-10-31 12:28:08,31,34,4667,17183
2023-10-31 12:28:08,31,33,4667,17183
2023-10-31 12:28:11,30,33,4667,17183
2023-10-31 12:28:14,30,32,4667,17183
2023-10-31 12:28:17,30,33,4667,17183
2023-10-31 12:28:17,30,32,4667,17183
2023-10-31 12:28:26,31,32,4667,17183
2023-10-31 12:28:53,31,34,4667,17183
2023-10-31 12:28:53,31,33,4667,17183
2023-10-31 12:29:00,31,34,4667,17183
2023-10-31 12:29:00,31,33,4667,17183
2023-10-31 12:29:13,30,33,4667,17183
2023-10-31 12:29:16,30,32,4667,17183
2023-10-31 12:29:31,31,32,4667,17183
2023-10-31 12:29:31,31,33,4667,17183
2023-10-31 12:29:44,32,33,4667,17183
2023-10-31 12:29:49,32,35,4667,17183
2023-10-31 12:29:55,33,35,4667,17183
2023-10-31 12:30:06,33,36,4667,17183
2023-10-31 12:30:06,34,36,4667,17183
2023-10-31 12:30:09,34,35,4667,17183
2023-10-31 12:30:10,34,36,4667,17183
2023-10-31 12:30:13,34,35,4667,17183
2023-10-31 12:30:14,35,37,4667,17303
2023-10-31 12:30:20,36,37,4667,17303
2023-10-31 12:30:21,35,37,4667,17303
2023-10-31 12:30:41,35,38,4667,17303
2023-10-31 12:30:41,36,38,4667,17303
2023-10-31 12:31:23,36,39,4667,17303
2023-10-31 12:31:24,37,39,4667,17303
2023-10-31 12:31:48,38,39,4667,17303
2023-10-31 12:31:57,38,40,4667,17303
2023-10-31 12:32:00,39,40,4667,17303
2023-10-31 12:32:03,39,42,4667,17303
2023-10-31 12:32:03,39,41,4667,17303
2023-10-31 12:32:05,40,41,4667,17303
2023-10-31 12:32:05,40,42,4667,17303
2023-10-31 12:32:08,41,42,4667,17303
2023-10-31 12:32:09,41,43,4667,17303
2023-10-31 12:32:12,42,43,4667,17303
2023-10-31 12:32:21,41,43,4667,17303
2023-10-31 12:32:28,40,43,4667,17303
2023-10-31 12:32:29,40,42,4667,17303
2023-10-31 12:32:37,41,42,4667,17303
2023-10-31 12:32:38,40,42,4667,17303
2023-10-31 12:33:05,40,43,4667,17303
2023-10-31 12:33:05,40,42,4667,17303
2023-10-31 12:33:11,40,43,4667,17303
2023-10-31 12:33:11,40,42,4667,17303
2023-10-31 12:33:13,41,42,4667,17303
2023-10-31 12:33:15,41,43,4667,17303
2023-10-31 12:33:15,41,42,4667,17303
2023-10-31 12:33:17,40,42,4667,17303
2023-10-31 12:33:21,41,42,4667,17303
2023-10-31 12:33:25,41,43,4667,17303
2023-10-31 12:33:29,41,42,4667,17303
2023-10-31 12:33:30,41,43,4667,17303
2023-10-31 12:33:34,41,42,4667,17303
2023-10-31 12:33:35,41,43,4667,17303
2023-10-31 12:33:36,40,43,4667,17303
2023-10-31 12:33:36,40,42,4667,17303
2023-10-31 12:33:40,39,42,4667,17303
2023-10-31 12:33:42,39,41,4667,17303
2023-10-31 12:33:51,40,41,4667,17303
2023-10-31 12:33:53,39,41,4667,17303
2023-10-31 12:33:55,40,41,4667,17303
2023-10-31 12:34:02,40,43,4667,17303
2023-10-31 12:34:02,40,41,4667,17303
2023-10-31 12:34:16,39,41,4667,17303
2023-10-31 12:34:30,39,40,4667,17303
2023-10-31 12:34:39,38,40,4667,17303
2023-10-31 12:34:46,38,40,4667,17376
2023-10-31 12:35:04,38,41,4667,17376
2023-10-31 12:35:04,38,40,4667,17376
2023-10-31 12:35:21,38,39,4667,17376
2023-10-31 12:35:30,37,39,4667,17376
2023-10-31 12:35:34,37,38,4667,17376
2023-10-31 12:35:38,36,37,4667,17376
2023-10-31 12:35:41,35,37,4667,17376
2023-10-31 12:35:46,35,36,4667,17376
2023-10-31 12:35:50,34,36,4667,17376
2023-10-31 12:35:52,34,36,4536,17726
2023-10-31 12:35:53,33,36,4536,17726
2023-10-31 12:35:53,33,34,4536,17726
2023-10-31 12:35:53,32,34,4536,17726
2023-10-31 12:36:00,32,33,4536,17726
2023-10-31 12:36:01,31,33,4536,17726
2023-10-31 12:36:04,30,33,4536,17726
2023-10-31 12:36:05,31,33,4536,17726
2023-10-31 12:36:06,30,33,4536,17726
2023-10-31 12:36:08,30,32,4536,17726
2023-10-31 12:36:17,29,32,4536,17726
2023-10-31 12:36:17,29,31,4536,17726
2023-10-31 12:36:19,28,31,4536,17726
2023-10-31 12:36:19,28,30,4536,17726
2023-10-31 12:36:20,28,29,4536,17726
2023-10-31 12:36:20,27,28,4516,17746
2023-10-31 12:36:25,27,29,4516,17746
2023-10-31 12:36:27,27,28,4516,17746
2023-10-31 12:36:30,26,28,4516,17746
2023-10-31 12:36:32,26,27,4516,17746
2023-10-31 12:36:32,25,27,4516,17746
2023-10-31 12:36:39,25,26,4516,17746
2023-10-31 12:36:40,24,26,4516,17746
2023-10-31 12:36:45,25,26,4516,17746
2023-10-31 12:36:46,25,27,4516,17746
2023-10-31 12:36:52,26,27,4516,17746
2023-10-31 12:36:53,26,28,4516,17746
2023-10-31 12:36:57,26,29,4517,17946
2023-10-31 12:36:58,27,29,4517,17946
2023-10-31 12:37:16,27,30,4537,17966
2023-10-31 12:37:27,28,30,4537,17966
2023-10-31 12:37:31,28,31,4537,17966
2023-10-31 12:37:31,29,31,4537,17966
2023-10-31 12:37:34,29,32,4537,17966
2023-10-31 12:37:37,30,32,4537,17966
2023-10-31 12:37:47,31,32,4537,17966
2023-10-31 12:37:47,31,33,4537,17966
2023-10-31 12:38:01,31,32,4537,17966
2023-10-31 12:38:02,32,34,4556,17986
2023-10-31 12:38:05,34,35,4576,18006
2023-10-31 12:38:05,34,36,4576,18006
2023-10-31 12:38:34,35,36,4576,18006
2023-10-31 12:38:34,35,37,4737,18206
2023-10-31 12:38:36,36,37,4737,18206
2023-10-31 12:38:38,37,38,4737,18266
2023-10-31 12:38:38,37,38,4737,18326
2023-10-31 12:38:39,37,39,4737,18326
2023-10-31 12:38:41,38,39,4737,18326
2023-10-31 12:38:43,37,39,4737,18326
2023-10-31 12:38:52,38,39,4737,18326
2023-10-31 12:38:53,38,40,4737,18326
2023-10-31 12:38:53,38,41,4737,18326
2023-10-31 12:38:53,38,40,4737,18326
2023-10-31 12:38:54,38,41,4737,18326
2023-10-31 12:38:56,38,40,4737,18326
2023-10-31 12:38:59,38,41,4737,18326
2023-10-31 12:39:01,38,40,4737,18326
2023-10-31 12:39:01,38,41,4737,18326
2023-10-31 12:39:07,39,41,4737,18326
2023-10-31 12:39:12,39,42,4737,18326
2023-10-31 12:39:17,40,42,4737,18326
2023-10-31 12:39:29,39,42,4737,18326
2023-10-31 12:39:33,39,41,4737,18326
2023-10-31 12:39:41,39,42,4737,18326
2023-10-31 12:39:43,40,42,4737,18326
2023-10-31 12:39:44,39,42,4737,18326
2023-10-31 12:39:45,40,42,4737,18326
2023-10-31 12:40:05,39,42,4737,18326
2023-10-31 12:40:08,40,42,4737,18326
2023-10-31 12:40:20,40,41,4737,18326
2023-10-31 12:40:22,39,41,4737,18326
2023-10-31 12:40:25,39,42,4737,18326
2023-10-31 12:40:26,40,42,4737,18326
2023-10-31 12:40:27,39,42,4737,18326
2023-10-31 12:40:29,39,41,4737,18326
2023-10-31 12:40:57,38,41,4737,18326
2023-10-31 12:40:57,38,40,4737,18326
2023-10-31 12:40:57,38,41,4737,18326
2023-10-31 12:40:58,38,40,4737,18326
2023-10-31 12:41:00,38,41,4737,18326
2023-10-31 12:41:00,38,40,4737,18326
2023-10-31 12:41:07,38,41,4737,18326
2023-10-31 12:41:08,38,40,4737,18326
2023-10-31 12:41:08,38,41,4737,18326
2023-10-31 12:41:08,38,40,4737,18326
2023-10-31 12:41:16,39,40,4737,18326
2023-10-31 12:41:16,39,42,4737,18326
2023-10-31 12:41:16,39,41,4737,18326
2023-10-31 12:41:22,39,42,4737,18326
2023-10-31 12:41:24,40,42,4737,18326
2023-10-31 12:41:25,39,42,4737,18326
2023-10-31 12:41:27,39,41,4737,18326
2023-10-31 12:41:32,40,41,4737,18326
2023-10-31 12:41:32,40,42,4737,18326
2023-10-31 12:41:57,40,41,4737,18326
2023-10-31 12:42:05,40,42,4737,18326
2023-10-31 12:42:14,41,42,4737,18326
2023-10-31 12:42:15,41,43,4737,18326
2023-10-31 12:42:19,41,42,4737,18326
2023-10-31 12:42:26,41,43,4737,18326
2023-10-31 12:42:32,41,42,4737,18326
2023-10-31 12:42:32,41,43,4737,18326
2023-10-31 12:42:34,41,42,4737,18326
2023-10-31 12:42:35,41,43,4737,18326
2023-10-31 12:42:35,41,42,4737,18326
2023-10-31 12:42:36,41,43,4737,18326
2023-10-31 12:42:41,42,43,4737,18326
2023-10-31 12:42:45,43,44,4737,18327
2023-10-31 12:42:45,43,45,4737,18327
2023-10-31 12:42:47,43,44,4737,18327
2023-10-31 12:42:48,44,45,4777,18407
2023-10-31 12:42:48,44,46,4831,18461
2023-10-31 12:42:49,44,47,4831,18461
2023-10-31 12:42:49,45,47,4831,18461
2023-10-31 12:42:49,45,47,4831,18521
2023-10-31 12:42:49,45,46,4831,18521
2023-10-31 12:42:49,45,46,4831,18581
2023-10-31 12:42:50,45,47,4831,18581
2023-10-31 12:42:52,46,47,4831,18581
2023-10-31 12:42:55,45,47,4831,18581
2023-10-31 12:43:06,45,46,4831,18581
2023-10-31 12:43:07,45,47,4831,18581
2023-10-31 12:43:08,45,46,4831,18581
2023-10-31 12:43:12,45,47,4831,18581
2023-10-31 12:43:20,46,47,4831,18581
2023-10-31 12:43:24,45,47,4831,18581
2023-10-31 12:43:33,44,47,4831,18581
2023-10-31 12:43:33,44,46,4831,18581
2023-10-31 12:43:42,44,45,4831,18581
2023-10-31 12:43:43,43,45,4831,18581
2023-10-31 12:43:47,42,44,4831,18581
2023-10-31 12:43:56,42,43,4831,18581
2023-10-31 12:44:01,42,44,4831,18581
2023-10-31 12:44:02,42,43,4831,18581
2023-10-31 12:44:03,42,44,4831,18581
2023-10-31 12:44:37,42,43,4831,18581
2023-10-31 12:44:38,41,43,4831,18581
2023-10-31 12:44:43,41,44,4831,18581
2023-10-31 12:44:46,42,44,4831,18581
2023-10-31 12:44:46,42,45,4831,18581
2023-10-31 12:44:47,42,44,4831,18581
2023-10-31 12:44:48,42,45,4831,18581
2023-10-31 12:44:49,42,44,4831,18581
2023-10-31 12:45:03,42,45,4831,18581
2023-10-31 12:45:22,42,44,4831,18581
2023-10-31 12:45:25,42,45,4831,18581
2023-10-31 12:45:31,43,45,4831,18581
2023-10-31 12:45:31,42,45,4831,18581
2023-10-31 12:45:34,42,44,4831,18581
2023-10-31 12:45:45,41,44,4831,18581
2023-10-31 12:46:22,42,44,4831,18581
2023-10-31 12:46:33,42,45,4831,18581
2023-10-31 12:46:52,42,44,4831,18581
2023-10-31 12:46:54,42,45,4831,18581
2023-10-31 12:47:05,43,45,4831,18581
2023-10-31 12:47:10,42,45,4831,18581
2023-10-31 12:47:18,43,45,4831,18581
2023-10-31 12:47:20,42,45,4831,18581
2023-10-31 12:47:27,41,45,4831,18581
2023-10-31 12:47:27,41,44,4831,18581
2023-10-31 12:47:27,42,44,4831,18581
2023-10-31 12:47:32,41,44,4831,18581
2023-10-31 12:47:33,42,44,4831,18581
2023-10-31 12:47:40,41,44,4831,18581
2023-10-31 12:47:41,42,44,4831,18581
2023-10-31 12:47:43,41,44,4831,18581
2023-10-31 12:47:46,42,44,4831,18581
2023-10-31 12:47:56,41,44,4831,18581
2023-10-31 12:47:57,42,44,4831,18581
2023-10-31 12:47:58,41,44,4831,18581
2023-10-31 12:48:00,42,44,4831,18581
2023-10-31 12:48:19,43,44,4831,18581
2023-10-31 12:48:19,43,45,4831,18581
2023-10-31 12:48:20,42,45,4831,18581
2023-10-31 12:48:39,43,45,4831,18581
2023-10-31 12:48:39,43,44,4831,18581
2023-10-31 12:48:45,43,45,4831,18581
2023-10-31 12:48:52,42,45,4831,18581
2023-10-31 12:48:56,42,44,4831,18581
2023-10-31 12:49:01,43,44,4831,18581
2023-10-31 12:49:02,42,44,4831,18581
2023-10-31 12:49:08,42,45,4831,18581
2023-10-31 12:49:09,42,44,4831,18581
2023-10-31 12:49:13,42,45,4831,18581
2023-10-31 12:49:19,42,44,4831,18581
2023-10-31 12:49:29,42,45,4831,18581
2023-10-31 12:49:32,43,45,4831,18581
2023-10-31 12:49:37,43,46,4831,18581
2023-10-31 12:49:38,44,46,4831,18581
2023-10-31 12:49:42,44,47,4831,18581
2023-10-31 12:49:42,44,46,4831,18581
2023-10-31 12:49:59,44,47,4831,18581
2023-10-31 12:49:59,44,46,4831,18581
2023-10-31 12:50:00,44,47,4831,18581
2023-10-31 12:50:01,44,46,4831,18581
2023-10-31 12:50:01,44,47,4831,18581
2023-10-31 12:50:01,44,46,4831,18581
2023-10-31 12:50:05,44,47,4831,18581
2023-10-31 12:50:05,44,46,4831,18581
2023-10-31 12:50:08,44,47,4831,18581
2023-10-31 12:50:08,44,46,4831,18581
2023-10-31 12:50:33,44,45,4831,18581
2023-10-31 12:50:34,44,47,4831,18581
2023-10-31 12:50:34,44,46,4831,18581
2023-10-31 12:50:40,44,47,4831,18581
2023-10-31 12:50:40,44,46,4831,18581
2023-10-31 12:50:56,43,46,4831,18581
2023-10-31 12:50:56,43,45,4831,18581
2023-10-31 12:51:07,43,46,4831,18581
2023-10-31 12:51:09,44,46,4831,18581
2023-10-31 12:51:10,44,45,4831,18581
2023-10-31 12:51:11,44,46,4831,18581
2023-10-31 12:51:13,44,45,4831,18581
2023-10-31 12:51:14,44,46,4831,18581
2023-10-31 12:51:35,44,47,4831,18581
2023-10-31 12:51:35,44,46,4831,18581
2023-10-31 12:52:31,46,47,4851,18737
2023-10-31 12:52:35,46,47,4957,18937
2023-10-31 12:52:36,43,46,5001,18981
2023-10-31 12:52:38,43,45,5001,18981
2023-10-31 12:52:39,43,45,5001,18981
2023-10-31 12:52:42,42,45,5001,18981
2023-10-31 12:52:43,42,44,5001,18981
2023-10-31 12:52:44,42,45,5001,18981
2023-10-31 12:52:46,42,44,5001,18981
2023-10-31 12:52:53,42,45,5001,18981
2023-10-31 12:52:54,42,44,5001,18981
2023-10-31 12:52:56,42,45,5001,18981
2023-10-31 12:52:57,42,44,5001,18981
2023-10-31 12:53:00,41,44,5001,18981
2023-10-31 12:53:04,41,43,5001,18981
2023-10-31 12:53:11,41,42,5001,18981
2023-10-31 12:53:13,41,43,5001,18981
2023-10-31 12:53:20,41,44,5001,18981
2023-10-31 12:53:25,41,43,5001,18981
2023-10-31 12:53:27,41,44,5001,18981
2023-10-31 12:53:27,41,43,5001,18981
2023-10-31 12:54:09,41,44,5001,18981
2023-10-31 12:54:13,41,43,5001,18981
2023-10-31 12:54:16,41,44,5001,18981
2023-10-31 12:54:18,42,44,5001,18981
2023-10-31 12:54:24,43,44,5001,18981
2023-10-31 12:54:25,43,45,5001,18981
2023-10-31 12:54:26,42,45,5001,18981
2023-10-31 12:54:30,42,44,5001,18981
2023-10-31 12:54:31,42,45,5001,18981
2023-10-31 12:54:31,42,44,5001,18981
2023-10-31 12:54:32,42,45,5001,18981
2023-10-31 12:54:37,43,45,5001,18981
2023-10-31 12:54:39,42,45,5001,18981
2023-10-31 12:54:43,42,44,5001,18981
2023-10-31 12:54:44,42,45,5001,18981
2023-10-31 12:54:44,42,44,5001,18981
2023-10-31 12:54:46,42,45,5001,18981
2023-10-31 12:54:50,42,44,5001,18981
2023-10-31 12:54:56,41,44,5001,18981
2023-10-31 12:54:58,42,44,5001,18981
2023-10-31 12:55:02,41,44,5001,18981
2023-10-31 12:55:08,42,44,5001,18981
2023-10-31 12:55:23,42,45,5001,18981
2023-10-31 12:55:24,43,45,5001,18981
2023-10-31 12:55:32,43,46,5001,18981
2023-10-31 12:55:34,44,46,5001,18981
2023-10-31 12:56:02,44,45,5001,18981
2023-10-31 12:56:03,44,46,5001,18981
2023-10-31 12:56:07,43,46,5001,18981
2023-10-31 12:56:08,44,46,5001,18981
2023-10-31 12:56:10,43,46,5001,18981
2023-10-31 12:56:31,43,45,5001,18981
2023-10-31 12:56:32,42,45,5001,18981
2023-10-31 12:56:43,43,45,5001,18981
2023-10-31 12:56:48,44,45,5001,18981
2023-10-31 12:56:51,44,47,5001,18981
2023-10-31 12:56:55,44,46,5001,18981
2023-10-31 12:56:56,44,47,5001,18981
2023-10-31 12:56:58,44,46,5001,18981
2023-10-31 12:57:02,43,46,5001,18981
2023-10-31 12:57:02,44,46,5001,18981
2023-10-31 12:57:02,43,46,5001,18981
2023-10-31 12:57:18,43,45,5001,18981
2023-10-31 12:57:19,43,46,5001,18981
2023-10-31 12:57:20,43,45,5001,18981
2023-10-31 12:57:22,43,46,5001,18981
2023-10-31 12:57:27,44,46,5001,18981
2023-10-31 12:57:42,45,46,5001,18981
2023-10-31 12:57:45,45,47,5001,18981
2023-10-31 12:57:52,46,47,5001,18981
2023-10-31 12:57:58,46,48,5001,18981
2023-10-31 12:58:07,47,48,5001,18981
2023-10-31 12:58:08,47,48,5101,19081
2023-10-31 12:58:09,47,49,5101,19081
2023-10-31 12:58:11,47,48,5101,19081
2023-10-31 12:58:28,47,49,5101,19081
2023-10-31 12:59:04,47,48,5101,19081
2023-10-31 12:59:07,47,49,5101,19081
2023-10-31 12:59:16,47,48,5101,19081
2023-10-31 12:59:17,47,49,5101,19081
2023-10-31 12:59:19,47,48,5101,19081
2023-10-31 12:59:23,47,49,5101,19081
2023-10-31 12:59:31,47,48,5101,19081
2023-10-31 12:59:36,47,49,5101,19081
2023-10-31 12:59:36,47,48,5101,19081
2023-10-31 12:59:40,46,48,5101,19081
2023-10-31 12:59:44,47,48,5101,19081
2023-10-31 12:59:49,46,48,5101,19081
2023-10-31 12:59:51,47,48,5101,19081
2023-10-31 12:59:56,47,49,5101,19081
2023-10-31 12:59:56,47,48,5101,19081
2023-10-31 12:59:59,47,49,5101,19081
2023-10-31 12:59:59,47,48,5101,19081
2023-10-31 13:00:03,47,49,5101,19081
2023-10-31 13:00:13,48,49,5101,19081
2023-10-31 13:00:31,48,50,5101,19081
2023-10-31 13:00:44,48,49,5101,19081
2023-10-31 13:00:53,48,50,5101,19081
2023-10-31 13:00:54,49,50,5101,19081
2023-10-31 13:01:08,49,51,5101,19081
2023-10-31 13:01:18,49,50,5101,19081
2023-10-31 13:01:23,48,50,5101,19081
2023-10-31 13:01:27,48,49,5101,19081
2023-10-31 13:01:30,48,50,5101,19081
2023-10-31 13:01:39,48,49,5101,19081
2023-10-31 13:01:40,48,50,5101,19081
2023-10-31 13:01:41,48,49,5101,19081
2023-10-31 13:01:41,48,50,5101,19081
2023-10-31 13:01:42,48,49,5101,19081
2023-10-31 13:01:47,47,49,5101,19081
2023-10-31 13:01:48,47,48,5101,19081
2023-10-31 13:02:00,47,50,5101,19081
2023-10-31 13:02:00,47,49,5101,19081
2023-10-31 13:02:31,48,49,5101,19081
2023-10-31 13:02:32,47,49,5101,19081
2023-10-31 13:02:33,48,49,5101,19081
2023-10-31 13:02:42,48,51,5101,19081
2023-10-31 13:02:42,48,50,5101,19081
2023-10-31 13:02:57,48,49,5101,19081
2023-10-31 13:03:07,47,49,5101,19081
2023-10-31 13:03:28,48,49,5101,19081
2023-10-31 13:03:35,48,51,5101,19081
2023-10-31 13:03:35,48,50,5101,19081
2023-10-31 13:03:38,48,51,5101,19081
2023-10-31 13:03:38,48,50,5101,19081
2023-10-31 13:03:39,48,51,5101,19081
2023-10-31 13:03:41,49,51,5101,19081
2023-10-31 13:03:46,50,51,5101,19081
2023-10-31 13:03:54,50,52,5101,19081
2023-10-31 13:03:54,50,51,5101,19081
2023-10-31 13:03:55,50,52,5101,19081
2023-10-31 13:03:57,50,51,5101,19081
2023-10-31 13:03:59,50,52,5101,19081
2023-10-31 13:03:59,50,51,5101,19081
2023-10-31 13:04:06,50,52,5101,19081
2023-10-31 13:04:06,50,51,5101,19081
2023-10-31 13:04:11,50,52,5101,19081
2023-10-31 13:04:11,50,51,5101,19081
2023-10-31 13:04:35,49,51,5101,19081
2023-10-31 13:04:35,49,50,5101,19081
2023-10-31 13:04:41,49,51,5101,19081
2023-10-31 13:04:41,49,50,5101,19081
2023-10-31 13:04:51,48,50,5101,19081
2023-10-31 13:05:06,49,50,5101,19081
2023-10-31 13:05:12,49,52,5101,19081
2023-10-31 13:05:12,49,51,5101,19081
2023-10-31 13:05:14,50,51,5101,19081
2023-10-31 13:05:17,50,52,5101,19081
2023-10-31 13:05:17,50,51,5101,19081
2023-10-31 13:05:25,49,51,5101,19081
2023-10-31 13:05:38,49,52,5101,19081
2023-10-31 13:05:38,49,51,5101,19081
2023-10-31 13:05:39,50,51,5101,19081
2023-10-31 13:05:48,50,52,5101,19081
2023-10-31 13:05:49,50,51,5101,19081
2023-10-31 13:05:53,49,51,5101,19081
2023-10-31 13:05:57,49,52,5101,19081
2023-10-31 13:05:57,49,51,5101,19081
2023-10-31 13:06:16,49,50,5101,19081
2023-10-31 13:06:21,49,51,5101,19081
2023-10-31 13:06:21,49,50,5101,19081
2023-10-31 13:06:22,49,51,5101,19081
2023-10-31 13:06:26,49,50,5101,19081
2023-10-31 13:06:27,49,51,5101,19081
2023-10-31 13:06:27,50,51,5101,19081
2023-10-31 13:06:33,49,51,5101,19081
2023-10-31 13:06:37,49,50,5101,19081
2023-10-31 13:06:38,49,51,5101,19081
2023-10-31 13:06:41,50,51,5101,19081
2023-10-31 13:06:52,51,52,5101,19141
2023-10-31 13:06:53,50,52,5101,19141
2023-10-31 13:06:56,51,52,5101,19141
2023-10-31 13:07:28,51,53,5101,19141
2023-10-31 13:07:28,51,52,5101,19141
2023-10-31 13:07:43,51,53,5101,19141
2023-10-31 13:07:43,51,52,5101,19141
2023-10-31 13:07:53,51,53,5101,19141
2023-10-31 13:07:54,51,52,5101,19141
2023-10-31 13:08:03,51,53,5101,19141
2023-10-31 13:08:03,51,52,5101,19141
2023-10-31 13:08:14,51,53,5101,19141
2023-10-31 13:08:14,51,52,5101,19141
2023-10-31 13:08:40,51,53,5101,19141
2023-10-31 13:08:40,51,52,5101,19141
2023-10-31 13:08:42,51,53,5101,19141
2023-10-31 13:08:42,51,52,5101,19141
2023-10-31 13:08:50,51,52,5051,19191
2023-10-31 13:08:50,51,52,5001,19241
2023-10-31 13:08:50,51,52,4951,19291
2023-10-31 13:08:51,50,52,4911,19341
2023-10-31 13:08:51,50,51,4911,19341
2023-10-31 13:09:01,51,52,5023,19492
2023-10-31 13:09:30,51,53,5023,19492
2023-10-31 13:09:30,51,52,5023,19492
2023-10-31 13:09:32,52,53,5141,19610
2023-10-31 13:09:46,52,53,5081,19670
2023-10-31 13:09:56,52,54,5081,19670
2023-10-31 13:09:56,52,53,5081,19670
2023-10-31 13:09:56,53,54,5185,19774
2023-10-31 13:10:05,53,54,5235,19824
2023-10-31 13:10:05,53,54,5285,19874
2023-10-31 13:10:05,53,54,5335,19924
2023-10-31 13:10:06,53,54,5385,19974
2023-10-31 13:10:06,53,54,5465,20054
2023-10-31 13:10:07,51,53,5465,20170
2023-10-31 13:10:07,51,52,5465,20170
2023-10-31 13:10:11,51,53,5465,20170
2023-10-31 13:10:11,51,52,5465,20170
2023-10-31 13:10:23,50,52,5465,20170
2023-10-31 13:10:23,50,51,5465,20170
2023-10-31 13:10:30,49,51,5465,20170
2023-10-31 13:10:32,49,50,5465,20170
2023-10-31 13:10:37,50,51,5628,20333
2023-10-31 13:10:50,49,51,5628,20333
2023-10-31 13:10:50,50,51,5628,20333
2023-10-31 13:10:51,49,51,5628,20333
2023-10-31 13:10:51,49,50,5628,20333
2023-10-31 13:11:05,49,51,5628,20333
2023-10-31 13:11:05,49,50,5628,20333
2023-10-31 13:11:10,48,50,5628,20333
2023-10-31 13:11:10,48,49,5628,20333
2023-10-31 13:11:13,48,50,5628,20333
2023-10-31 13:11:14,48,49,5628,20333
2023-10-31 13:11:17,48,50,5628,20333
2023-10-31 13:11:20,49,50,5628,20333
2023-10-31 13:11:58,48,50,5628,20333
2023-10-31 13:11:58,48,51,5628,20333
2023-10-31 13:11:58,49,51,5628,20333
2023-10-31 13:11:58,49,50,5628,20333
2023-10-31 13:12:07,48,50,5628,20333
2023-10-31 13:12:07,48,51,5628,20333
2023-10-31 13:12:08,48,50,5628,20333
2023-10-31 13:12:09,49,50,5628,20333
2023-10-31 13:12:10,48,50,5628,20333
2023-10-31 13:12:11,48,49,5628,20333
2023-10-31 13:12:13,48,50,5628,20333
2023-10-31 13:12:13,48,49,5628,20333
2023-10-31 13:12:35,47,49,5628,20333
2023-10-31 13:12:36,47,48,5628,20333
2023-10-31 13:12:37,46,48,5628,20333
2023-10-31 13:12:41,46,47,5628,20333
2023-10-31 13:12:43,45,47,5628,20333
2023-10-31 13:12:44,45,47,5428,20533
2023-10-31 13:12:44,45,46,5428,20533
2023-10-31 13:12:44,44,46,5428,20533
2023-10-31 13:12:45,43,46,5428,20533
2023-10-31 13:12:45,43,45,5428,20533
2023-10-31 13:12:46,43,44,5428,20533
2023-10-31 13:12:47,43,45,5428,20533
2023-10-31 13:12:47,43,44,5428,20533
2023-10-31 13:12:47,43,45,5428,20533
2023-10-31 13:12:49,43,44,5428,20533
2023-10-31 13:13:08,43,45,5428,20533
2023-10-31 13:13:08,43,44,5428,20533
2023-10-31 13:13:12,43,45,5428,20533
2023-10-31 13:13:13,44,45,5428,20533
2023-10-31 13:13:18,44,46,5428,20533
2023-10-31 13:13:21,44,45,5428,20533
2023-10-31 13:13:42,43,45,5428,20533
2023-10-31 13:13:43,44,45,5428,20533
2023-10-31 13:13:55,44,47,5428,20533
2023-10-31 13:13:55,45,47,5428,20533
2023-10-31 13:13:58,45,48,5428,20533
2023-10-31 13:13:59,45,47,5428,20533
2023-10-31 13:14:01,46,47,5428,20533
2023-10-31 13:14:15,46,48,5428,20533
2023-10-31 13:14:20,47,48,5428,20533
2023-10-31 13:14:24,47,49,5428,20533
2023-10-31 13:14:24,47,48,5428,20533
2023-10-31 13:14:27,46,48,5428,20533
2023-10-31 13:14:29,46,47,5428,20533
2023-10-31 13:14:34,46,48,5428,20533
2023-10-31 13:14:38,47,48,5428,20533
2023-10-31 13:14:40,46,48,5428,20533
2023-10-31 13:14:41,47,48,5428,20533
2023-10-31 13:15:11,47,49,5428,20533
2023-10-31 13:15:11,48,49,5428,20533
2023-10-31 13:15:20,47,49,5428,20533
2023-10-31 13:15:23,48,49,5428,20533
2023-10-31 13:15:25,48,50,5428,20533
2023-10-31 13:15:29,48,49,5428,20533
2023-10-31 13:15:36,48,50,5428,20533
2023-10-31 13:15:36,49,50,5428,20533
2023-10-31 13:15:37,48,50,5428,20533
2023-10-31 13:15:38,49,50,5428,20533
2023-10-31 13:15:38,48,50,5428,20533
2023-10-31 13:15:39,49,50,5428,20533
2023-10-31 13:15:50,49,51,5428,20533
2023-10-31 13:15:53,50,51,5428,20533
2023-10-31 13:15:57,49,51,5428,20533
2023-10-31 13:15:57,50,51,5428,20533
2023-10-31 13:15:58,49,51,5428,20533
2023-10-31 13:16:01,49,50,5428,20533
2023-10-31 13:16:03,49,51,5428,20533
2023-10-31 13:16:03,49,50,5428,20533
2023-10-31 13:16:14,49,51,5428,20533
2023-10-31 13:16:14,49,50,5428,20533
2023-10-31 13:16:30,49,51,5428,20533
2023-10-31 13:16:30,50,51,5428,20533
2023-10-31 13:16:33,49,51,5428,20533
2023-10-31 13:16:38,50,51,5428,20533
2023-10-31 13:16:40,50,51,5428,20542
2023-10-31 13:16:46,49,51,5428,20542
2023-10-31 13:16:47,49,50,5428,20542
2023-10-31 13:16:48,49,51,5428,20542
2023-10-31 13:16:49,49,50,5428,20542
2023-10-31 13:16:50,49,51,5428,20542
2023-10-31 13:16:51,49,50,5428,20542
2023-10-31 13:16:53,49,51,5428,20542
2023-10-31 13:16:54,49,50,5428,20542
2023-10-31 13:17:07,49,51,5428,20542
2023-10-31 13:17:44,49,50,5428,20542
2023-10-31 13:17:47,49,51,5428,20542
2023-10-31 13:17:48,49,50,5428,20542
2023-10-31 13:17:49,49,51,5428,20542
2023-10-31 13:18:37,50,51,5428,20542
2023-10-31 13:18:38,50,52,5428,20542
2023-10-31 13:18:38,51,52,5428,20542
2023-10-31 13:18:52,50,52,5428,20542
2023-10-31 13:18:52,50,53,5428,20542
2023-10-31 13:18:52,51,53,5428,20542
2023-10-31 13:18:52,51,52,5428,20542
2023-10-31 13:19:09,51,53,5428,20542
2023-10-31 13:19:09,50,53,5428,20542
2023-10-31 13:19:10,51,53,5428,20542
2023-10-31 13:19:10,51,52,5428,20542
2023-10-31 13:19:13,51,53,5428,20542
2023-10-31 13:19:15,51,52,5428,20542
2023-10-31 13:19:36,49,52,5428,20542
2023-10-31 13:19:36,49,51,5428,20542
2023-10-31 13:19:36,50,51,5428,20542
2023-10-31 13:19:38,50,52,5428,20542
2023-10-31 13:19:38,50,51,5428,20542
2023-10-31 13:20:04,50,52,5428,20542
2023-10-31 13:20:04,51,52,5428,20542
2023-10-31 13:20:05,50,52,5428,20542
2023-10-31 13:20:05,50,53,5428,20542
2023-10-31 13:20:05,51,53,5428,20542
2023-10-31 13:20:05,51,52,5428,20542
2023-10-31 13:20:07,51,53,5428,20542
2023-10-31 13:20:07,51,52,5428,20542
2023-10-31 13:20:07,51,53,5428,20542
2023-10-31 13:20:07,51,52,5428,20542
2023-10-31 13:20:08,51,53,5428,20542
2023-10-31 13:20:08,51,52,5428,20542
2023-10-31 13:20:08,51,53,5428,20542
2023-10-31 13:20:08,51,52,5428,20542
2023-10-31 13:20:08,51,53,5428,20542
2023-10-31 13:20:09,51,52,5428,20542
2023-10-31 13:20:11,51,53,5428,20542
2023-10-31 13:20:12,52,53,5428,20542
2023-10-31 13:20:23,51,53,5428,20542
2023-10-31 13:20:27,52,53,5428,20542
2023-10-31 13:20:31,51,53,5428,20542
2023-10-31 13:20:31,51,52,5428,20542
2023-10-31 13:20:33,51,53,5428,20542
2023-10-31 13:20:41,52,53,5428,20542
2023-10-31 13:21:41,52,54,5428,20542
2023-10-31 13:21:41,53,54,5428,20542
2023-10-31 13:21:48,53,54,5428,20562
2023-10-31 13:21:52,53,54,5428,20582
2023-10-31 13:21:53,53,54,5428,20602
2023-10-31 13:22:06,52,54,5428,20602
2023-10-31 13:22:07,52,53,5428,20602
2023-10-31 13:22:07,52,54,5428,20602
2023-10-31 13:22:07,52,53,5428,20602
2023-10-31 13:22:07,52,54,5428,20602
2023-10-31 13:22:08,52,53,5428,20602
2023-10-31 13:22:40,52,54,5428,20602
2023-10-31 13:22:41,52,53,5428,20602
2023-10-31 13:22:47,52,53,5448,20622
2023-10-31 13:22:48,52,54,5448,20622
2023-10-31 13:22:48,52,53,5448,20622
2023-10-31 13:22:48,52,54,5448,20622
2023-10-31 13:22:49,52,53,5448,20622
2023-10-31 13:22:50,52,54,5448,20622
2023-10-31 13:22:50,52,53,5448,20622
2023-10-31 13:22:56,52,54,5448,20622
2023-10-31 13:22:56,52,53,5448,20622
2023-10-31 13:23:02,52,54,5448,20622
2023-10-31 13:23:02,52,53,5448,20622
2023-10-31 13:23:02,52,54,5448,20622
2023-10-31 13:23:02,52,53,5448,20622
2023-10-31 13:23:03,52,54,5448,20622
2023-10-31 13:23:03,53,54,5448,20622
2023-10-31 13:23:05,52,54,5448,20622
2023-10-31 13:23:05,52,53,5448,20622
2023-10-31 13:23:05,52,54,5448,20622
2023-10-31 13:23:05,52,53,5448,20622
2023-10-31 13:23:06,52,54,5448,20622
2023-10-31 13:23:06,52,53,5448,20622
2023-10-31 13:23:06,52,54,5448,20622
2023-10-31 13:23:06,52,53,5448,20622
2023-10-31 13:23:07,52,54,5448,20622
2023-10-31 13:23:07,53,54,5448,20622
2023-10-31 13:23:30,53,54,5648,20822
2023-10-31 13:23:30,53,55,5648,20822
2023-10-31 13:23:30,53,54,5648,20822
2023-10-31 13:23:30,53,55,5648,20822
2023-10-31 13:23:31,53,54,5648,20822
2023-10-31 13:23:31,53,55,5648,20822
2023-10-31 13:23:31,54,55,5648,20822
2023-10-31 13:23:35,54,55,5648,20842
2023-10-31 13:23:41,53,55,5648,20842
2023-10-31 13:23:41,53,54,5648,20842
2023-10-31 13:23:41,53,55,5648,20842
2023-10-31 13:23:41,53,54,5648,20842
2023-10-31 13:23:42,53,55,5648,20842
2023-10-31 13:23:42,53,54,5648,20842
2023-10-31 13:23:42,53,55,5648,20842
2023-10-31 13:23:42,53,54,5648,20842
2023-10-31 13:23:42,53,55,5648,20842
2023-10-31 13:23:43,53,54,5648,20842
2023-10-31 13:23:43,53,55,5648,20842
2023-10-31 13:23:43,53,54,5648,20842
2023-10-31 13:23:43,53,55,5648,20842
2023-10-31 13:23:43,53,54,5648,20842
2023-10-31 13:23:44,53,55,5648,20842
2023-10-31 13:23:44,53,54,5648,20842
2023-10-31 13:23:44,53,55,5648,20842
2023-10-31 13:23:44,53,54,5648,20842
2023-10-31 13:23:45,53,55,5648,20842
2023-10-31 13:23:45,53,54,5648,20842
2023-10-31 13:23:47,52,54,5648,20842
2023-10-31 13:23:50,53,54,5648,20842
2023-10-31 13:23:52,53,54,5648,20862
2023-10-31 13:23:54,52,54,5648,20862
2023-10-31 13:23:56,53,54,5648,20862
2023-10-31 13:23:58,53,54,5648,20922
2023-10-31 13:23:59,52,54,5648,20922
2023-10-31 13:23:59,52,53,5648,20922
2023-10-31 13:24:17,52,54,5648,20922
2023-10-31 13:24:17,51,54,5648,20922
2023-10-31 13:24:18,51,53,5648,20922
2023-10-31 13:24:18,52,53,5648,20922
2023-10-31 13:24:27,51,53,5648,20922
2023-10-31 13:24:29,51,52,5648,20922
2023-10-31 13:24:29,51,53,5648,20922
2023-10-31 13:24:29,51,52,5648,20922
2023-10-31 13:24:29,51,53,5648,20922
2023-10-31 13:24:30,51,52,5648,20922
2023-10-31 13:25:10,51,54,5648,20922
2023-10-31 13:25:10,51,53,5648,20922
2023-10-31 13:25:12,51,54,5648,20922
2023-10-31 13:25:12,51,53,5648,20922
2023-10-31 13:25:13,52,53,5648,20922
2023-10-31 13:25:14,52,54,5648,20922
2023-10-31 13:25:14,52,53,5648,20922
2023-10-31 13:25:19,52,54,5648,20922
2023-10-31 13:25:19,52,53,5648,20922
2023-10-31 13:25:31,52,54,5648,20922
2023-10-31 13:25:31,52,53,5648,20922
2023-10-31 13:25:42,51,53,5648,20922
2023-10-31 13:25:42,51,52,5648,20922
2023-10-31 13:25:42,51,53,5648,20922
2023-10-31 13:25:42,51,52,5648,20922
2023-10-31 13:25:43,51,53,5648,20922
2023-10-31 13:25:43,51,52,5648,20922
2023-10-31 13:25:45,50,52,5648,20922
2023-10-31 13:25:46,51,52,5648,20922
2023-10-31 13:25:52,50,52,5648,20922
2023-10-31 13:25:52,50,53,5648,20922
2023-10-31 13:25:54,50,52,5648,20922
2023-10-31 13:25:54,51,52,5648,20922
2023-10-31 13:25:59,50,52,5648,20922
2023-10-31 13:26:01,50,51,5648,20922
2023-10-31 13:26:06,50,52,5648,20922
2023-10-31 13:26:06,50,51,5648,20922
2023-10-31 13:26:09,50,52,5648,20922
2023-10-31 13:26:09,50,51,5648,20922
2023-10-31 13:26:16,49,51,5648,20922
2023-10-31 13:26:20,50,51,5648,20922
2023-10-31 13:26:21,49,51,5648,20922
2023-10-31 13:26:22,50,51,5648,20922
2023-10-31 13:26:31,49,51,5648,20922
2023-10-31 13:26:31,49,50,5648,20922
2023-10-31 13:26:34,49,51,5648,20922
2023-10-31 13:26:34,49,50,5648,20922
2023-10-31 13:26:55,48,49,5648,20927
2023-10-31 13:27:12,48,50,5648,20927
2023-10-31 13:27:14,49,50,5648,20927
2023-10-31 13:27:15,48,50,5648,20927
2023-10-31 13:27:15,49,50,5648,20927
2023-10-31 13:27:30,49,51,5648,20927
2023-10-31 13:27:34,50,51,5648,20927
2023-10-31 13:27:44,50,52,5648,20927
2023-10-31 13:27:47,51,52,5648,20927
2023-10-31 13:28:04,50,52,5648,20927
2023-10-31 13:28:07,50,51,5648,20927
2023-10-31 13:28:07,50,52,5648,20927
2023-10-31 13:28:08,50,51,5648,20927
2023-10-31 13:28:08,50,53,5648,20927
2023-10-31 13:28:08,50,52,5648,20927
2023-10-31 13:28:09,51,52,5648,20927
2023-10-31 13:28:09,50,52,5648,20927
2023-10-31 13:28:11,51,52,5648,20927
2023-10-31 13:28:12,50,52,5648,20927
2023-10-31 13:28:12,50,51,5648,20927
2023-10-31 13:28:30,50,52,5648,20927
2023-10-31 13:28:30,49,52,5648,20927
2023-10-31 13:28:30,49,51,5648,20927
2023-10-31 13:28:42,49,51,5648,20927
2023-10-31 13:28:43,50,51,5648,20927
2023-10-31 13:29:05,50,52,5648,20927
2023-10-31 13:29:05,49,51,5648,20927
2023-10-31 13:29:05,50,51,5648,20927
2023-10-31 13:29:09,49,51,5648,20927
2023-10-31 13:29:09,50,52,5648,20927
2023-10-31 13:29:09,50,51,5648,20927
2023-10-31 13:29:18,50,53,5648,20927
2023-10-31 13:29:18,50,52,5648,20927
2023-10-31 13:29:23,50,51,5648,20927
2023-10-31 13:29:29,50,53,5648,20927
2023-10-31 13:29:29,50,52,5648,20927
2023-10-31 13:29:32,51,52,5648,20927
2023-10-31 13:29:36,51,53,5648,20927
2023-10-31 13:29:36,50,53,5648,20927
2023-10-31 13:29:36,50,52,5648,20927
2023-10-31 13:29:36,51,52,5648,20927
2023-10-31 13:29:46,51,53,5648,20927
2023-10-31 13:29:50,52,53,5648,20927
2023-10-31 13:29:53,51,53,5648,20927
2023-10-31 13:29:53,51,54,5648,20927
2023-10-31 13:29:53,51,53,5648,20927
2023-10-31 13:30:02,52,54,5648,20927
2023-10-31 13:30:02,52,53,5648,20927
2023-10-31 13:30:02,52,54,5648,20927
2023-10-31 13:30:03,52,53,5648,20927
2023-10-31 13:30:03,52,54,5648,20927
2023-10-31 13:30:05,52,53,5648,20927
2023-10-31 13:30:06,52,54,5648,20927
2023-10-31 13:30:06,52,53,5648,20927
2023-10-31 13:30:06,52,54,5648,20927
2023-10-31 13:30:06,52,53,5648,20927
2023-10-31 13:30:07,52,54,5648,20927
2023-10-31 13:30:07,52,53,5648,20927
2023-10-31 13:30:09,52,53,5848,21127
2023-10-31 13:30:09,52,55,5848,21127
2023-10-31 13:30:09,52,54,5848,21127
2023-10-31 13:30:11,53,54,5848,21127
2023-10-31 13:30:16,53,55,5848,21127
2023-10-31 13:30:16,53,54,5848,21127
2023-10-31 13:30:28,53,55,5848,21127
2023-10-31 13:30:28,54,55,5848,21127
2023-10-31 13:30:28,54,55,6108,21387
2023-10-31 13:30:52,54,56,6108,21387
2023-10-31 13:30:52,55,56,6108,21387
2023-10-31 13:30:52,55,57,6108,21387
2023-10-31 13:30:52,56,57,6108,21387
2023-10-31 13:30:52,56,57,6108,21467
2023-10-31 13:31:55,54,56,6088,21487
2023-10-31 13:31:56,53,56,6088,21487
2023-10-31 13:31:57,53,57,6088,21487
2023-10-31 13:31:57,54,57,6088,21487
2023-10-31 13:31:57,54,56,6088,21487
2023-10-31 13:32:01,53,56,6088,21487
2023-10-31 13:32:05,54,56,6088,21487
2023-10-31 13:32:08,54,57,6088,21487
2023-10-31 13:32:09,54,56,6088,21487
2023-10-31 13:32:15,54,57,6088,21487
2023-10-31 13:32:16,54,56,6088,21487
2023-10-31 13:32:18,54,57,6088,21487
2023-10-31 13:32:20,54,56,6088,21487
2023-10-31 13:32:21,54,57,6088,21487
2023-10-31 13:32:41,55,57,6088,21487
2023-10-31 13:33:30,56,57,6088,21487
2023-10-31 13:33:41,56,58,6088,21887
2023-10-31 13:34:10,56,57,6088,21887
2023-10-31 13:34:10,56,57,6188,21987
2023-10-31 13:34:10,56,57,6238,22037
2023-10-31 13:34:10,56,57,6288,22087
2023-10-31 13:34:11,56,57,6338,22137
