datetime,bid,ask,open_interest,volume
2023-05-04 09:31:04,29,30,1299,2388
2023-05-04 09:32:54,28,29,1299,2394
2023-05-04 09:32:55,28,30,1299,2394
2023-05-04 09:34:41,28,30,1303,2448
2023-05-04 09:34:41,29,30,1303,2448
2023-05-04 09:34:58,30,31,1303,2452
2023-05-04 09:35:11,29,30,1497,2648
2023-05-04 09:35:11,29,31,1497,2648
2023-05-04 09:35:12,29,31,1697,2848
2023-05-04 09:35:13,29,31,1897,3048
2023-05-04 09:35:17,30,31,1897,3048
2023-05-04 09:36:22,31,32,1930,3081
2023-05-04 09:36:23,30,32,1930,3081
2023-05-04 09:36:31,31,32,1930,3081
2023-05-04 09:37:22,32,33,1934,3235
2023-05-04 09:38:19,31,32,1928,3241
2023-05-04 09:38:58,32,33,1928,3245
2023-05-04 09:38:58,31,33,1928,3245
2023-05-04 09:39:17,32,33,1928,3245
2023-05-04 09:39:58,31,32,1922,3251
2023-05-04 09:40:46,31,32,1726,3451
2023-05-04 09:40:51,30,31,1726,3458
2023-05-04 09:40:51,31,32,1726,3601
2023-05-04 09:40:51,30,32,1726,3601
2023-05-04 09:40:52,31,32,1726,3601
2023-05-04 09:40:53,31,32,1526,3801
2023-05-04 09:40:54,31,32,1477,4001
2023-05-04 09:40:56,30,31,1477,4006
2023-05-04 09:40:57,31,32,1622,4151
2023-05-04 09:40:58,30,32,1622,4151
2023-05-04 09:40:58,30,31,1622,4151
2023-05-04 09:40:59,31,32,1622,4301
2023-05-04 09:40:59,30,32,1622,4301
2023-05-04 09:41:01,30,32,1622,4501
2023-05-04 09:41:02,30,31,1622,4501
2023-05-04 09:41:03,31,32,1772,4651
2023-05-04 09:41:03,30,32,1772,4651
2023-05-04 09:41:04,30,32,1774,4851
2023-05-04 09:41:11,31,32,1774,4851
2023-05-04 09:41:28,30,31,1770,4855
2023-05-04 09:41:35,30,31,1933,5055
2023-05-04 09:41:44,29,30,1933,5061
2023-05-04 09:41:53,29,31,1933,5061
2023-05-04 09:42:03,30,31,1933,5061
2023-05-04 09:42:25,29,30,1931,5063
2023-05-04 09:42:25,29,31,1931,5063
2023-05-04 09:42:44,30,31,1931,5063
2023-05-04 09:42:45,29,30,1929,5065
2023-05-04 09:42:45,29,31,1929,5065
2023-05-04 09:43:04,30,31,1929,5065
2023-05-04 09:43:23,29,30,1927,5067
2023-05-04 09:43:23,29,31,1927,5067
2023-05-04 09:43:29,30,31,1927,5067
2023-05-04 09:43:57,29,30,1927,5069
2023-05-04 09:44:00,29,30,2127,5269
2023-05-04 09:44:06,29,30,2327,5469
2023-05-04 09:44:07,29,30,2527,5669
2023-05-04 09:44:51,28,29,2527,5673
2023-05-04 09:44:57,28,29,2727,5873
2023-05-04 09:44:57,28,29,2727,5893
2023-05-04 09:45:05,28,29,2673,5947
2023-05-04 09:45:13,27,28,2673,5989
2023-05-04 09:47:25,26,27,2671,5991
2023-05-04 09:47:25,26,28,2671,5991
2023-05-04 09:47:39,27,28,2671,5991
2023-05-04 09:48:38,26,27,2669,5993
2023-05-04 09:48:38,26,28,2669,5993
2023-05-04 09:48:55,27,28,2669,5993
2023-05-04 09:49:53,28,29,2669,5997
2023-05-04 09:50:07,28,29,2473,6197
2023-05-04 09:50:08,29,30,2469,6201
2023-05-04 09:53:49,29,30,2289,6401
2023-05-04 09:53:50,28,30,2289,6401
2023-05-04 09:54:01,29,30,2289,6401
2023-05-04 09:54:06,29,30,2389,6501
2023-05-04 09:54:19,30,31,2393,6525
2023-05-04 09:54:43,29,30,2387,6557
2023-05-04 09:54:43,29,31,2387,6557
2023-05-04 09:54:48,29,30,2387,6557
2023-05-04 09:54:49,30,31,2407,6577
2023-05-04 09:54:54,29,30,2405,6659
2023-05-04 09:54:54,29,31,2405,6659
2023-05-04 09:55:02,28,29,2383,6681
2023-05-04 09:55:02,28,31,2383,6681
2023-05-04 09:55:03,29,31,2383,6681
2023-05-04 09:55:07,29,31,2483,6781
2023-05-04 09:55:30,30,31,2483,6781
2023-05-04 09:55:44,30,31,2485,6783
2023-05-04 09:55:49,30,31,2585,6883
2023-05-04 09:55:52,30,31,2385,7083
2023-05-04 09:55:53,30,31,2205,7283
2023-05-04 09:55:59,31,32,2209,7287
2023-05-04 09:56:11,32,33,2813,7911
2023-05-04 09:56:22,32,33,2813,8111
2023-05-04 09:56:49,32,33,2913,8211
2023-05-04 09:58:54,32,33,3063,8361
2023-05-04 09:58:55,32,33,3213,8511
2023-05-04 09:58:56,31,32,3213,8517
2023-05-04 09:59:21,31,32,3313,8617
2023-05-04 09:59:22,32,33,3437,8791
2023-05-04 09:59:22,31,33,3437,8791
2023-05-04 09:59:22,31,32,3437,8791
2023-05-04 09:59:22,31,33,3437,8791
2023-05-04 09:59:24,32,33,3437,8791
2023-05-04 09:59:28,31,32,3437,8793
2023-05-04 09:59:35,31,32,3485,8841
2023-05-04 09:59:54,30,31,3485,8866
2023-05-04 10:00:21,30,31,3510,8966
2023-05-04 10:00:51,31,32,3510,8970
2023-05-04 10:00:51,31,32,3610,9070
2023-05-04 10:00:57,30,32,3610,9070
2023-05-04 10:01:05,31,32,3610,9070
2023-05-04 10:01:27,31,32,3760,9220
2023-05-04 10:01:31,31,32,3910,9370
2023-05-04 10:01:52,31,32,4010,9470
2023-05-04 10:02:52,32,33,4014,9474
2023-05-04 10:03:25,31,32,3984,9604
2023-05-04 10:03:25,31,33,3984,9604
2023-05-04 10:03:30,32,33,3984,9604
2023-05-04 10:03:36,32,34,4408,10045
2023-05-04 10:03:40,32,35,4408,10045
2023-05-04 10:03:44,32,34,4408,10045
2023-05-04 10:03:50,33,34,4408,10045
2023-05-04 10:04:07,32,33,4408,10051
2023-05-04 10:04:14,32,34,4408,10051
2023-05-04 10:04:26,33,34,4408,10051
2023-05-04 10:04:28,32,33,4408,10053
2023-05-04 10:04:33,32,34,4408,10053
2023-05-04 10:04:47,32,33,4408,10053
2023-05-04 10:05:05,32,33,4208,10253
2023-05-04 10:05:11,32,33,4208,10353
2023-05-04 10:05:23,33,34,4208,10357
2023-05-04 10:06:52,32,33,4158,10407
2023-05-04 10:06:52,32,34,4158,10407
2023-05-04 10:06:53,33,34,4158,10407
2023-05-04 10:07:44,33,34,4158,10432
2023-05-04 10:07:44,34,35,4158,10444
2023-05-04 10:09:16,33,34,4117,10485
2023-05-04 10:09:17,33,35,4117,10485
2023-05-04 10:09:17,34,35,4117,10485
2023-05-04 10:09:20,33,34,4104,10518
2023-05-04 10:09:20,33,35,4104,10518
2023-05-04 10:09:20,34,35,4104,10518
2023-05-04 10:09:57,33,35,4204,10622
2023-05-04 10:10:06,33,34,4204,10622
2023-05-04 10:10:09,33,35,4204,10622
2023-05-04 10:10:13,33,34,4204,10622
2023-05-04 10:10:42,33,34,4004,10822
2023-05-04 10:11:31,34,35,4004,10838
2023-05-04 10:11:46,33,35,4004,10845
2023-05-04 10:11:47,34,35,4004,10845
2023-05-04 10:11:57,33,34,4004,10846
2023-05-04 10:11:57,32,34,4254,11100
2023-05-04 10:11:59,32,33,4254,11100
2023-05-04 10:13:24,32,33,4060,11300
2023-05-04 10:13:45,33,34,4066,11306
2023-05-04 10:14:13,32,34,4160,11408
2023-05-04 10:14:15,32,33,4160,11408
2023-05-04 10:14:28,31,32,4260,11539
2023-05-04 10:14:41,31,32,4260,11739
2023-05-04 10:15:08,31,32,4260,11939
2023-05-04 10:15:15,31,32,4360,12039
2023-05-04 10:15:19,31,32,4360,12239
2023-05-04 10:15:25,32,33,4360,12422
2023-05-04 10:15:32,32,33,4368,12522
2023-05-04 10:15:46,32,34,4468,12622
2023-05-04 10:15:47,33,34,4468,12622
2023-05-04 10:16:07,32,33,4468,12632
2023-05-04 10:16:29,31,32,4468,12650
2023-05-04 10:16:55,30,32,5168,13356
2023-05-04 10:16:56,30,31,5168,13356
2023-05-04 10:17:07,29,30,5288,13478
2023-05-04 10:17:13,30,31,5319,13509
2023-05-04 10:17:13,29,31,5319,13509
2023-05-04 10:17:14,29,30,5319,13509
2023-05-04 10:17:20,28,30,5419,13613
2023-05-04 10:17:26,28,29,5419,13613
2023-05-04 10:17:28,29,30,5419,13633
2023-05-04 10:17:36,28,29,5499,13715
2023-05-04 10:17:45,27,28,5519,13937
2023-05-04 10:17:46,27,29,5619,14037
2023-05-04 10:17:47,27,28,5619,14037
2023-05-04 10:17:50,27,28,5773,14191
2023-05-04 10:17:51,26,28,5773,14191
2023-05-04 10:17:51,25,28,5971,14391
2023-05-04 10:17:51,25,27,5971,14391
2023-05-04 10:17:57,26,27,5971,14391
2023-05-04 10:18:01,26,28,5971,14391
2023-05-04 10:18:05,27,28,5971,14391
2023-05-04 10:18:17,27,28,5971,14491
2023-05-04 10:18:21,28,29,5919,14546
2023-05-04 10:18:32,29,30,5919,14558
2023-05-04 10:18:33,29,30,5719,14758
2023-05-04 10:18:34,30,31,5719,14763
2023-05-04 10:18:34,30,31,5404,15113
2023-05-04 10:18:34,30,33,5404,15113
2023-05-04 10:18:38,31,33,5404,15113
2023-05-04 10:18:40,31,32,5404,15113
2023-05-04 10:18:47,31,32,5504,15213
2023-05-04 10:19:06,29,31,5504,15217
2023-05-04 10:19:08,30,31,5504,15217
2023-05-04 10:19:29,30,32,5604,15317
2023-05-04 10:19:31,31,32,5604,15317
2023-05-04 10:19:32,30,31,5604,15337
2023-05-04 10:19:32,30,32,5604,15337
2023-05-04 10:19:32,31,32,5604,15337
2023-05-04 10:19:34,30,32,5604,15337
2023-05-04 10:19:37,31,32,5604,15337
2023-05-04 10:19:40,30,32,5604,15337
2023-05-04 10:19:40,31,32,5604,15337
2023-05-04 10:19:41,32,33,5584,15368
2023-05-04 10:20:19,31,32,5680,15478
2023-05-04 10:20:28,30,31,5680,15482
2023-05-04 10:20:38,28,31,5730,15536
2023-05-04 10:20:38,28,30,5730,15536
2023-05-04 10:20:43,28,29,5730,15536
2023-05-04 10:21:01,29,30,5732,15538
2023-05-04 10:21:01,28,30,5732,15538
2023-05-04 10:21:05,28,29,5732,15538
2023-05-04 10:21:30,28,30,5832,15638
2023-05-04 10:21:40,28,29,5832,15638
2023-05-04 10:21:40,29,30,5834,15640
2023-05-04 10:21:40,28,30,5834,15640
2023-05-04 10:22:00,28,30,5934,15740
2023-05-04 10:22:01,28,29,5934,15740
2023-05-04 10:22:10,28,30,5934,15740
2023-05-04 10:22:16,28,29,5934,15740
2023-05-04 10:22:25,27,28,5934,15744
2023-05-04 10:22:31,27,28,6034,15844
2023-05-04 10:22:52,26,28,6284,16098
2023-05-04 10:23:01,26,29,6364,16198
2023-05-04 10:23:01,28,29,6364,16198
2023-05-04 10:23:03,26,28,6384,16218
2023-05-04 10:23:03,26,28,6384,16222
2023-05-04 10:23:04,27,28,6384,16222
2023-05-04 10:23:06,27,29,6384,16222
2023-05-04 10:23:15,26,29,6384,16222
2023-05-04 10:23:20,26,28,6384,16222
2023-05-04 10:23:24,25,28,6684,16924
2023-05-04 10:23:25,25,27,6684,16924
2023-05-04 10:23:35,25,26,6684,16924
2023-05-04 10:23:39,24,26,6688,16932
2023-05-04 10:23:42,24,25,6688,16932
2023-05-04 10:23:54,25,26,6588,17032
2023-05-04 10:24:07,26,27,6588,17040
2023-05-04 10:25:29,26,27,6588,17240
2023-05-04 10:26:10,26,27,6788,17440
2023-05-04 10:26:23,26,27,6938,17590
2023-05-04 10:26:24,26,27,6938,17790
2023-05-04 10:26:25,26,27,6953,17990
2023-05-04 10:26:25,26,27,7103,18140
2023-05-04 10:26:27,26,27,7253,18290
2023-05-04 10:26:27,25,26,7403,18444
2023-05-04 10:26:37,24,25,7399,18448
2023-05-04 10:27:41,25,26,7399,18454
2023-05-04 10:29:55,24,26,7399,18454
2023-05-04 10:29:55,24,25,7399,18454
2023-05-04 10:30:34,23,24,7399,18458
2023-05-04 10:30:34,23,25,7399,18458
2023-05-04 10:30:34,23,24,7399,18458
2023-05-04 10:30:34,23,25,7399,18458
2023-05-04 10:30:36,23,24,7399,18458
2023-05-04 10:30:47,22,24,7399,18862
2023-05-04 10:31:10,23,24,7399,18862
2023-05-04 10:33:44,24,25,7399,18872
2023-05-04 10:33:44,23,25,7399,18872
2023-05-04 10:33:47,24,25,7399,18872
2023-05-04 10:33:53,23,25,7399,18872
2023-05-04 10:33:54,24,25,7399,18872
2023-05-04 10:34:06,25,26,7399,18882
2023-05-04 10:34:10,24,26,7399,18882
2023-05-04 10:34:31,25,26,7399,18882
2023-05-04 10:34:53,25,26,7399,19082
2023-05-04 10:35:02,25,26,7699,19382
2023-05-04 10:35:24,25,26,7871,19582
2023-05-04 10:35:27,25,26,8071,19782
2023-05-04 10:35:34,26,27,8365,20076
2023-05-04 10:35:36,27,29,8372,20083
2023-05-04 10:35:54,28,29,8372,20083
2023-05-04 10:37:27,27,28,8370,20085
2023-05-04 10:37:42,26,27,8362,20093
2023-05-04 10:38:21,25,26,8341,20114
2023-05-04 10:38:37,24,26,8341,20131
2023-05-04 10:38:53,24,25,8341,20131
2023-05-04 10:39:10,23,24,8338,20135
2023-05-04 10:39:11,24,25,8330,20152
2023-05-04 10:39:11,23,25,8330,20152
2023-05-04 10:39:32,24,25,8330,20152
2023-05-04 10:39:37,25,26,8351,20248
2023-05-04 10:39:37,24,26,8351,20248
2023-05-04 10:39:53,24,25,8351,20248
2023-05-04 10:40:24,25,26,8353,20250
2023-05-04 10:40:24,24,26,8353,20250
2023-05-04 10:40:27,25,26,8353,20250
2023-05-04 10:41:21,24,25,8349,20254
2023-05-04 10:42:12,25,26,8355,20260
2023-05-04 10:42:18,26,27,8380,20360
2023-05-04 10:42:24,27,28,8384,20364
2023-05-04 10:42:24,26,28,8384,20364
2023-05-04 10:42:26,27,28,8384,20364
2023-05-04 10:43:07,28,29,8386,20366
2023-05-04 10:43:07,27,29,8386,20366
2023-05-04 10:43:12,27,28,8386,20366
2023-05-04 10:43:29,28,29,8390,20370
2023-05-04 10:43:29,27,29,8390,20370
2023-05-04 10:44:00,28,29,8390,20370
2023-05-04 10:44:30,27,28,8382,20378
2023-05-04 10:44:53,27,28,8370,20578
2023-05-04 10:45:02,26,28,8370,20578
2023-05-04 10:45:27,27,28,8370,20578
2023-05-04 10:46:15,26,27,8370,20580
2023-05-04 10:46:16,26,27,8570,20780
2023-05-04 10:46:39,27,28,8872,21082
2023-05-04 10:46:41,27,29,8900,21482
2023-05-04 10:46:41,28,29,8900,21482
2023-05-04 10:46:42,29,31,8900,21560
2023-05-04 10:46:42,28,31,8900,21560
2023-05-04 10:46:43,29,31,8900,21560
2023-05-04 10:46:44,29,32,8900,21560
2023-05-04 10:46:44,30,32,8900,21560
2023-05-04 10:46:45,31,32,8900,21560
2023-05-04 10:46:47,32,34,8900,21635
2023-05-04 10:46:47,31,34,8900,21635
2023-05-04 10:46:50,33,34,8900,21635
2023-05-04 10:46:52,33,34,8900,21835
2023-05-04 10:47:02,33,36,8625,22212
2023-05-04 10:47:08,33,36,8625,22412
2023-05-04 10:47:08,33,35,8625,22412
2023-05-04 10:47:09,33,36,8625,22412
2023-05-04 10:47:13,34,36,8625,22412
2023-05-04 10:47:16,34,36,8625,22637
2023-05-04 10:47:16,35,36,8625,22637
2023-05-04 10:47:33,34,35,8623,22639
2023-05-04 10:47:53,33,34,8635,22791
2023-05-04 10:47:54,33,35,8635,22791
2023-05-04 10:48:14,34,35,8635,22791
2023-05-04 10:48:55,33,34,8710,22868
2023-05-04 10:49:12,33,34,8707,23068
2023-05-04 10:49:46,33,34,8707,23070
2023-05-04 10:49:52,33,34,8905,23270
2023-05-04 10:49:59,32,33,8905,23270
2023-05-04 10:50:01,32,33,9105,23470
2023-05-04 10:52:21,33,34,9105,23474
2023-05-04 10:52:35,32,33,9105,23479
2023-05-04 10:52:41,31,32,9105,23485
2023-05-04 10:52:43,31,33,9105,23485
2023-05-04 10:52:51,32,33,9105,23485
2023-05-04 10:53:51,33,34,9109,23489
2023-05-04 10:54:00,34,35,9109,23493
2023-05-04 10:54:14,34,35,8909,23693
2023-05-04 10:54:16,35,36,8917,23701
2023-05-04 10:54:25,34,35,8897,23863
2023-05-04 10:54:25,34,36,8897,23863
2023-05-04 10:54:43,35,36,8897,23863
2023-05-04 10:54:49,35,36,8972,23938
2023-05-04 10:54:55,34,35,8972,23958
2023-05-04 10:54:55,34,36,8972,23958
2023-05-04 10:54:55,35,36,8972,23958
2023-05-04 10:55:05,36,37,8952,23984
2023-05-04 10:55:07,36,38,8952,23984
2023-05-04 10:55:07,37,38,8952,23984
2023-05-04 10:56:06,36,37,8949,23987
2023-05-04 10:56:06,36,38,8949,23987
2023-05-04 10:56:14,36,37,8949,23987
2023-05-04 10:56:15,36,38,8949,23987
2023-05-04 10:56:21,35,38,8949,23987
2023-05-04 10:56:21,35,37,8949,23987
2023-05-04 10:56:24,36,37,8949,23987
2023-05-04 10:57:03,35,36,8949,23992
2023-05-04 10:58:01,34,35,8949,24000
2023-05-04 11:00:08,34,35,9149,24200
2023-05-04 11:00:51,34,35,8969,24400
2023-05-04 11:00:53,35,36,8949,24424
2023-05-04 11:01:55,33,35,8949,24430
2023-05-04 11:01:58,33,36,8949,24430
2023-05-04 11:02:02,34,36,8949,24430
2023-05-04 11:02:09,35,36,8949,24430
2023-05-04 11:02:30,34,35,8949,24432
2023-05-04 11:02:42,33,35,8949,24432
2023-05-04 11:03:05,34,35,8949,24432
2023-05-04 11:04:30,33,34,8949,24434
2023-05-04 11:05:07,33,34,9349,24834
2023-05-04 11:05:31,34,35,9349,24938
2023-05-04 11:05:50,35,36,9349,24942
2023-05-04 11:06:24,36,37,9349,24946
2023-05-04 11:07:21,36,37,9281,25146
2023-05-04 11:07:21,37,38,9785,25650
2023-05-04 11:07:22,37,39,9785,25650
2023-05-04 11:07:22,36,37,9797,25746
2023-05-04 11:07:22,36,39,9797,25746
2023-05-04 11:07:22,37,39,9797,25746
2023-05-04 11:07:28,37,39,9897,25846
2023-05-04 11:07:37,38,39,9897,25846
2023-05-04 11:07:57,38,39,10297,26346
2023-05-04 11:08:23,39,40,10301,26350
2023-05-04 11:08:28,40,41,10305,26554
2023-05-04 11:09:00,40,41,10309,26558
2023-05-04 11:09:01,40,42,10309,26558
2023-05-04 11:09:01,40,41,10309,26558
2023-05-04 11:09:02,41,42,10313,26562
2023-05-04 11:09:02,41,44,10313,26562
2023-05-04 11:09:03,42,44,10313,26562
2023-05-04 11:09:08,43,44,10313,26562
2023-05-04 11:09:09,43,45,10313,26562
2023-05-04 11:09:13,44,45,10313,26562
2023-05-04 11:09:13,44,45,10301,26762
2023-05-04 11:09:16,44,46,10301,26962
2023-05-04 11:09:25,44,46,10461,27162
2023-05-04 11:09:42,45,46,10461,27162
2023-05-04 11:10:00,44,45,10459,27164
2023-05-04 11:10:00,44,46,10459,27164
2023-05-04 11:10:06,45,46,10459,27164
2023-05-04 11:10:12,44,45,10457,27166
2023-05-04 11:10:12,44,46,10457,27166
2023-05-04 11:10:26,45,46,10457,27166
2023-05-04 11:10:31,44,45,10455,27168
2023-05-04 11:10:31,44,46,10455,27168
2023-05-04 11:11:01,44,45,10455,27168
2023-05-04 11:11:16,43,44,10453,27170
2023-05-04 11:11:16,43,45,10453,27170
2023-05-04 11:11:18,44,45,10453,27170
2023-05-04 11:12:19,43,44,10451,27172
2023-05-04 11:12:19,43,45,10451,27172
2023-05-04 11:12:19,44,45,10451,27172
2023-05-04 11:12:20,43,45,10291,27372
2023-05-04 11:12:31,44,45,10291,27372
2023-05-04 11:13:02,43,44,10289,27374
2023-05-04 11:13:02,43,45,10289,27374
2023-05-04 11:13:05,43,44,10289,27374
2023-05-04 11:13:13,43,44,10293,27378
2023-05-04 11:13:14,43,44,10297,27382
2023-05-04 11:13:34,43,44,10301,27386
2023-05-04 11:13:37,43,44,10305,27390
2023-05-04 11:13:38,43,44,10309,27394
2023-05-04 11:13:39,43,44,10313,27398
2023-05-04 11:13:40,43,44,10317,27402
2023-05-04 11:13:41,43,44,10321,27406
2023-05-04 11:13:44,43,44,10325,27410
2023-05-04 11:13:46,43,44,10329,27414
2023-05-04 11:13:46,43,44,10333,27418
2023-05-04 11:13:47,43,44,10337,27422
2023-05-04 11:13:48,43,44,10341,27426
2023-05-04 11:13:49,43,44,10345,27430
2023-05-04 11:13:50,43,44,10349,27434
2023-05-04 11:13:51,43,44,10353,27438
2023-05-04 11:13:52,43,44,10853,27938
2023-05-04 11:13:52,43,44,10857,27942
2023-05-04 11:13:53,43,44,10861,27946
2023-05-04 11:13:54,43,44,10865,27950
2023-05-04 11:13:55,43,44,10869,27954
2023-05-04 11:13:56,43,44,10873,27958
2023-05-04 11:13:57,43,44,10877,27962
2023-05-04 11:13:58,43,44,10881,27966
2023-05-04 11:13:59,43,44,10885,27970
2023-05-04 11:14:00,43,44,11085,28170
2023-05-04 11:14:22,43,44,11185,28270
2023-05-04 11:14:28,43,44,11385,28470
2023-05-04 11:14:28,43,44,11585,28670
2023-05-04 11:14:29,43,44,11785,28870
2023-05-04 11:14:37,45,46,11797,28882
2023-05-04 11:16:17,44,45,11791,28888
2023-05-04 11:16:19,43,44,12091,29188
2023-05-04 11:16:50,43,44,12291,29388
2023-05-04 11:17:25,43,45,12291,29388
2023-05-04 11:17:25,44,45,12291,29388
2023-05-04 11:17:55,43,44,12287,29392
2023-05-04 11:18:50,42,43,12283,29396
2023-05-04 11:18:51,41,43,12283,29396
2023-05-04 11:18:58,42,43,12283,29396
2023-05-04 11:19:07,41,43,12283,29398
2023-05-04 11:19:20,42,43,12283,29398
2023-05-04 11:20:18,41,42,12281,29400
2023-05-04 11:20:35,39,41,12279,29402
2023-05-04 11:20:35,40,41,12279,29402
2023-05-04 11:20:36,41,42,12279,29600
2023-05-04 11:20:36,40,42,12279,29600
2023-05-04 11:20:37,40,41,12279,29600
2023-05-04 11:21:31,41,42,12283,29604
2023-05-04 11:21:31,40,42,12283,29604
2023-05-04 11:21:41,41,42,12283,29604
2023-05-04 11:21:44,41,42,12283,29605
2023-05-04 11:22:13,40,41,12277,29611
2023-05-04 11:22:46,41,42,12281,29615
2023-05-04 11:23:11,40,42,12577,29917
2023-05-04 11:23:16,41,42,12577,29917
2023-05-04 11:24:23,41,42,12577,29927
2023-05-04 11:24:43,40,42,12565,30127
2023-05-04 11:24:43,40,41,12565,30127
2023-05-04 11:24:53,38,41,12565,30127
2023-05-04 11:24:57,39,41,12565,30127
2023-05-04 11:25:59,40,41,12565,30127
2023-05-04 11:26:09,41,42,12583,30145
2023-05-04 11:28:08,41,43,13289,30851
2023-05-04 11:28:53,41,42,13289,30851
2023-05-04 11:29:02,41,43,13289,30851
2023-05-04 11:29:23,41,42,13289,30851
2023-05-04 11:29:24,40,41,13275,30865
2023-05-04 11:30:22,41,43,13283,30873
2023-05-04 11:30:22,40,41,13475,31065
2023-05-04 11:30:26,41,43,13535,31125
2023-05-04 11:30:46,41,42,13535,31125
2023-05-04 11:31:21,40,42,13535,31135
2023-05-04 11:31:58,41,42,13535,31135
2023-05-04 11:32:15,40,41,13635,31239
2023-05-04 11:32:57,39,41,13635,31239
2023-05-04 11:32:58,39,40,13635,31239
2023-05-04 11:33:27,38,40,14035,31643
2023-05-04 11:33:35,38,39,14035,31643
2023-05-04 11:33:45,38,39,14037,31645
2023-05-04 11:33:51,38,39,14237,31845
2023-05-04 11:33:56,38,39,14437,32045
2023-05-04 11:34:00,39,40,14542,32150
2023-05-04 11:34:00,38,40,14542,32150
2023-05-04 11:34:36,40,41,14544,32152
2023-05-04 11:35:16,41,42,14699,32307
2023-05-04 11:35:16,40,42,14699,32307
2023-05-04 11:35:26,41,42,14699,32307
2023-05-04 11:36:55,40,41,14689,32317
2023-05-04 11:37:46,41,42,14697,32325
2023-05-04 11:38:22,42,43,14705,32335
2023-05-04 11:38:38,42,43,14703,32337
2023-05-04 11:39:27,42,45,14709,32743
2023-05-04 11:39:29,42,44,14709,32743
2023-05-04 11:39:35,43,44,14709,32743
2023-05-04 11:39:38,43,44,14709,32748
2023-05-04 11:43:30,42,43,14701,32766
2023-05-04 11:43:31,42,43,14693,32774
2023-05-04 11:43:31,42,44,14693,32774
2023-05-04 11:43:32,42,43,14693,32774
2023-05-04 11:43:36,42,44,14693,32774
2023-05-04 11:43:47,42,43,14693,32774
2023-05-04 11:44:06,39,40,15513,33621
2023-05-04 11:44:08,40,41,15666,33774
2023-05-04 11:44:08,39,41,15666,33774
2023-05-04 11:44:14,40,41,15666,33774
2023-05-04 11:44:16,39,41,15666,33774
2023-05-04 11:44:18,40,41,15666,33774
2023-05-04 11:46:33,39,40,15666,33778
2023-05-04 11:46:34,39,40,15666,33782
2023-05-04 11:46:38,39,40,15666,33982
2023-05-04 11:46:46,37,40,15666,33982
2023-05-04 11:46:48,37,39,15666,33982
2023-05-04 11:46:55,37,38,15666,33982
2023-05-04 11:46:57,38,39,15666,33984
2023-05-04 11:46:57,37,39,15666,33984
2023-05-04 11:47:02,39,40,15666,34009
2023-05-04 11:47:02,37,40,15666,34009
2023-05-04 11:47:03,37,39,15666,34009
2023-05-04 11:47:05,37,38,15666,34009
2023-05-04 11:47:09,37,39,15666,34009
2023-05-04 11:47:17,37,38,15666,34009
2023-05-04 11:49:04,36,37,15666,34013
2023-05-04 11:49:56,35,37,15666,34213
2023-05-04 11:49:56,35,36,15666,34213
2023-05-04 11:50:05,33,35,15666,34321
2023-05-04 11:50:26,33,34,15666,34321
2023-05-04 11:50:36,33,34,15666,34521
2023-05-04 11:50:38,32,33,15666,34523
2023-05-04 11:50:38,32,34,15666,34523
2023-05-04 11:50:40,32,33,15666,34523
2023-05-04 11:51:02,31,32,15666,34527
2023-05-04 11:51:47,32,33,15666,34533
2023-05-04 11:51:47,31,33,15666,34533
2023-05-04 11:51:47,32,33,15666,34533
2023-05-04 11:51:53,32,35,15666,34542
2023-05-04 11:51:59,33,35,15666,34542
2023-05-04 11:52:06,33,34,15666,34542
2023-05-04 11:52:12,32,33,15666,34646
2023-05-04 11:52:13,32,34,15666,34646
2023-05-04 11:52:26,32,33,15666,34646
2023-05-04 11:56:03,33,34,15666,34652
2023-05-04 11:56:03,32,34,15666,34652
2023-05-04 11:56:04,33,34,15666,34652
2023-05-04 11:56:05,32,34,15666,34652
2023-05-04 11:56:16,33,34,15666,34652
2023-05-04 11:57:53,32,33,15770,34756
2023-05-04 11:58:01,32,33,15970,34956
2023-05-04 11:58:01,32,33,15971,34957
2023-05-04 11:58:14,32,33,16171,35157
2023-05-04 11:58:17,32,33,16371,35357
2023-05-04 11:58:22,32,33,16571,35557
2023-05-04 11:58:24,33,34,16866,35858
2023-05-04 11:58:24,33,35,16872,35958
2023-05-04 11:58:25,34,35,16872,35958
2023-05-04 11:58:27,33,35,16872,35958
2023-05-04 11:58:40,33,34,16872,35958
2023-05-04 11:58:55,34,35,16874,35960
2023-05-04 11:58:55,36,37,16875,36055
2023-05-04 11:59:48,36,37,16871,36255
2023-05-04 11:59:55,33,37,16871,36255
2023-05-04 11:59:56,33,36,16871,36255
2023-05-04 11:59:57,35,36,16871,36255
2023-05-04 12:01:01,33,35,16867,36259
2023-05-04 12:01:02,33,34,16867,36259
2023-05-04 12:01:03,34,35,16867,36263
2023-05-04 12:01:04,34,35,16867,36267
2023-05-04 12:01:05,34,35,16867,36271
2023-05-04 12:01:06,34,35,16867,36275
2023-05-04 12:01:07,34,35,16867,36279
2023-05-04 12:01:08,34,35,16867,36283
2023-05-04 12:01:09,33,34,16867,36359
2023-05-04 12:01:10,33,35,16867,36359
2023-05-04 12:01:11,33,34,16867,36359
2023-05-04 12:02:38,32,33,17270,36763
2023-05-04 12:02:44,33,34,17290,36785
2023-05-04 12:02:47,32,34,17290,36785
2023-05-04 12:02:47,33,34,17290,36785
2023-05-04 12:05:20,32,34,17290,36785
2023-05-04 12:05:51,33,34,17290,36785
2023-05-04 12:06:56,32,34,17290,36785
2023-05-04 12:06:56,32,33,17290,36785
2023-05-04 12:07:25,33,34,17293,36789
2023-05-04 12:07:47,33,34,17293,36989
2023-05-04 12:07:49,32,33,17590,37289
2023-05-04 12:07:58,31,32,17590,37293
2023-05-04 12:07:58,31,33,17590,37293
2023-05-04 12:08:00,31,32,17590,37293
2023-05-04 12:08:00,31,33,17610,37313
2023-05-04 12:08:08,31,32,17610,37313
2023-05-04 12:08:14,31,33,17611,37319
2023-05-04 12:08:23,31,32,17611,37319
2023-05-04 12:08:24,30,31,17590,37343
2023-05-04 12:08:24,30,32,17590,37343
2023-05-04 12:08:34,29,32,17790,37543
2023-05-04 12:08:40,29,31,17790,37543
2023-05-04 12:08:55,29,30,17790,37543
2023-05-04 12:09:24,28,30,18414,38217
2023-05-04 12:09:26,28,30,18441,38244
2023-05-04 12:09:36,28,29,18441,38244
2023-05-04 12:09:47,28,29,18446,38249
2023-05-04 12:10:00,28,29,18446,38399
2023-05-04 12:10:01,28,29,18451,38404
2023-05-04 12:10:01,28,29,18451,38554
2023-05-04 12:10:03,28,29,18451,38704
2023-05-04 12:10:04,29,30,18445,38750
2023-05-04 12:10:05,30,31,18446,38774
2023-05-04 12:10:22,28,30,18725,39054
2023-05-04 12:10:29,28,29,18725,39054
2023-05-04 12:10:35,28,30,18725,39056
2023-05-04 12:10:56,28,29,18725,39056
2023-05-04 12:11:00,28,30,18726,39058
2023-05-04 12:11:17,28,29,18726,39058
2023-05-04 12:11:33,29,30,18728,39060
2023-05-04 12:11:33,28,30,18728,39060
2023-05-04 12:11:42,28,29,18728,39060
2023-05-04 12:13:07,28,30,18730,39062
2023-05-04 12:13:25,28,29,18730,39062
2023-05-04 12:13:30,28,30,18732,39064
2023-05-04 12:13:44,28,30,19132,39464
2023-05-04 12:14:27,29,30,19132,39464
2023-05-04 12:14:28,28,30,19132,39464
2023-05-04 12:14:31,29,30,19132,39464
2023-05-04 12:14:44,31,32,19174,39506
2023-05-04 12:15:46,32,33,19176,39508
2023-05-04 12:15:58,32,33,19176,39518
2023-05-04 12:16:50,32,34,19176,39518
2023-05-04 12:16:50,33,34,19176,39518
2023-05-04 12:17:31,35,36,19184,39526
2023-05-04 12:17:31,35,37,19184,39526
2023-05-04 12:17:32,35,37,19184,39726
2023-05-04 12:17:32,35,36,19184,39726
2023-05-04 12:17:32,34,36,19184,39726
2023-05-04 12:17:34,35,36,19184,39726
2023-05-04 12:17:35,34,35,19184,39746
2023-05-04 12:17:35,34,36,19184,39746
2023-05-04 12:17:36,35,36,19184,39746
2023-05-04 12:17:38,35,36,19184,39817
2023-05-04 12:17:48,34,35,19179,39822
2023-05-04 12:17:48,34,36,19179,39822
2023-05-04 12:17:49,33,36,19179,40022
2023-05-04 12:17:50,35,36,19179,40022
2023-05-04 12:17:50,35,36,19131,40072
2023-05-04 12:18:01,36,38,19133,40074
2023-05-04 12:18:09,36,37,19133,40074
2023-05-04 12:18:43,36,37,19127,40274
2023-05-04 12:19:03,35,36,19125,40276
2023-05-04 12:19:04,35,37,19125,40276
2023-05-04 12:19:06,35,36,19125,40276
2023-05-04 12:21:10,36,37,19131,40282
2023-05-04 12:22:06,37,38,19137,40288
2023-05-04 12:22:12,38,39,19141,40292
2023-05-04 12:23:16,39,40,19143,40294
2023-05-04 12:23:48,40,41,19147,40298
2023-05-04 12:24:09,41,42,19151,40302
2023-05-04 12:25:30,42,43,19155,40306
2023-05-04 12:25:30,41,43,19155,40306
2023-05-04 12:25:32,42,43,19155,40306
2023-05-04 12:26:26,41,42,19149,40312
2023-05-04 12:26:46,42,43,19153,40316
2023-05-04 12:26:46,41,43,19153,40316
2023-05-04 12:26:56,42,43,19153,40316
2023-05-04 12:27:18,42,43,19153,40516
2023-05-04 12:29:59,43,44,19157,40520
2023-05-04 12:29:59,42,44,19157,40520
2023-05-04 12:30:01,43,44,19157,40520
2023-05-04 12:30:01,44,45,19161,40524
2023-05-04 12:30:01,44,46,19161,40524
2023-05-04 12:30:20,45,46,19161,40524
2023-05-04 12:31:26,44,45,19159,40726
2023-05-04 12:31:29,43,44,19159,40731
2023-05-04 12:31:29,42,44,19159,40731
2023-05-04 12:31:29,43,44,19159,40731
2023-05-04 12:31:30,44,45,19304,40876
2023-05-04 12:31:30,43,45,19304,40876
2023-05-04 12:31:32,43,44,19304,40876
2023-05-04 12:31:36,43,45,19304,40876
2023-05-04 12:31:46,44,45,19304,40876
2023-05-04 12:32:00,43,44,19304,40878
2023-05-04 12:32:30,42,43,19302,40880
2023-05-04 12:32:47,41,43,19302,40886
2023-05-04 12:32:47,41,42,19302,40886
2023-05-04 12:32:49,41,43,19302,40886
2023-05-04 12:33:05,39,43,19302,40886
2023-05-04 12:33:09,40,43,19302,40886
2023-05-04 12:33:43,41,43,19302,40886
2023-05-04 12:33:53,41,42,19302,40886
2023-05-04 12:33:56,41,43,19302,40886
2023-05-04 12:33:57,41,42,19302,40886
2023-05-04 12:33:58,41,43,19302,40886
2023-05-04 12:36:05,42,43,19302,40886
2023-05-04 12:36:21,43,44,19306,40890
2023-05-04 12:36:21,42,44,19306,40890
2023-05-04 12:36:34,43,44,19306,40890
2023-05-04 12:37:22,43,45,19306,40890
2023-05-04 12:37:22,44,45,19306,40890
2023-05-04 12:38:31,43,44,19306,40892
2023-05-04 12:38:33,43,45,19306,40892
2023-05-04 12:38:58,44,45,19306,40892
2023-05-04 12:40:15,43,45,19306,40892
2023-05-04 12:41:06,44,45,19306,40892
2023-05-04 12:41:59,43,44,19306,40894
2023-05-04 12:42:04,43,45,19306,40894
2023-05-04 12:42:11,43,44,19306,40894
2023-05-04 12:42:13,42,43,19606,41200
2023-05-04 12:43:16,41,42,19606,41205
2023-05-04 12:43:38,40,41,19806,41407
2023-05-04 12:43:48,39,41,19806,41407
2023-05-04 12:43:55,38,39,20106,41708
2023-05-04 12:43:55,38,39,20306,41908
2023-05-04 12:43:56,38,39,20506,42108
2023-05-04 12:44:05,38,41,20506,42108
2023-05-04 12:44:06,39,41,20506,42108
2023-05-04 12:44:11,39,40,20506,42108
2023-05-04 12:44:15,39,41,20506,42108
2023-05-04 12:44:20,39,40,20506,42108
2023-05-04 12:44:27,39,41,20506,42108
2023-05-04 12:44:34,39,40,20506,42108
2023-05-04 12:44:52,39,40,20526,42128
2023-05-04 12:44:57,38,39,20526,42150
2023-05-04 12:45:10,37,38,20524,42152
2023-05-04 12:45:16,37,38,20824,42452
2023-05-04 12:45:18,35,37,20823,42453
2023-05-04 12:45:21,34,37,20823,42453
2023-05-04 12:45:21,35,37,20823,42453
2023-05-04 12:45:30,36,37,20823,42453
2023-05-04 12:45:43,35,37,20892,42528
2023-05-04 12:46:06,35,38,20904,42540
2023-05-04 12:46:15,36,38,20904,42540
2023-05-04 12:46:37,37,38,20904,42540
2023-05-04 12:46:56,38,39,20913,42549
2023-05-04 12:47:28,39,42,20945,42581
2023-05-04 12:47:48,40,42,20945,42581
2023-05-04 12:48:02,40,41,20945,42581
2023-05-04 12:48:24,39,40,20943,42583
2023-05-04 12:49:04,39,41,20943,42583
2023-05-04 12:50:15,40,41,20943,42583
2023-05-04 12:50:21,40,42,20943,42583
2023-05-04 12:50:21,41,42,20943,42583
2023-05-04 12:50:43,39,42,20943,42583
2023-05-04 12:51:00,40,42,20943,42583
2023-05-04 12:51:17,40,41,20943,42583
2023-05-04 12:51:19,40,42,20943,42583
2023-05-04 12:51:35,40,41,20943,42583
2023-05-04 12:54:53,41,42,20947,42587
2023-05-04 12:55:05,42,43,20951,42623
2023-05-04 12:55:08,42,45,20951,42623
2023-05-04 12:55:08,43,45,20951,42623
2023-05-04 12:55:34,44,45,20951,42623
2023-05-04 12:56:11,45,46,20955,42627
2023-05-04 12:57:03,45,47,20955,42627
2023-05-04 12:57:04,46,47,20955,42627
2023-05-04 12:57:17,47,48,20959,42631
2023-05-04 12:57:46,47,49,20959,42631
2023-05-04 12:57:46,48,49,20959,42631
2023-05-04 12:57:50,49,50,20963,42635
2023-05-04 12:58:14,49,50,20963,42835
2023-05-04 12:58:57,50,52,20967,43080
2023-05-04 12:58:57,50,51,20967,43080
2023-05-04 12:59:01,49,50,21022,43135
2023-05-04 12:59:11,49,51,21022,43135
2023-05-04 12:59:11,49,52,21022,43135
2023-05-04 12:59:16,50,52,21022,43135
2023-05-04 12:59:17,49,50,21022,43141
2023-05-04 12:59:17,50,52,21166,43285
2023-05-04 12:59:18,49,52,21166,43285
2023-05-04 12:59:21,50,52,21166,43285
2023-05-04 12:59:37,51,52,21166,43285
2023-05-04 12:59:37,50,51,21166,43287
2023-05-04 12:59:41,50,52,21166,43287
2023-05-04 13:00:01,51,52,21166,43287
2023-05-04 13:00:02,51,52,21316,43437
2023-05-04 13:00:17,50,51,21316,43439
2023-05-04 13:00:19,50,52,21316,43439
2023-05-04 13:01:17,50,51,21316,43439
2023-05-04 13:01:22,49,50,21314,43441
2023-05-04 13:04:05,49,51,21314,43441
2023-05-04 13:04:05,50,51,21314,43441
2023-05-04 13:05:23,50,52,21314,43441
2023-05-04 13:05:23,51,52,21314,43441
2023-05-04 13:06:41,52,53,21318,43445
2023-05-04 13:06:55,52,53,21318,43637
2023-05-04 13:07:07,53,54,21322,43641
2023-05-04 13:07:19,55,56,21378,43897
2023-05-04 13:07:21,54,55,21505,44024
2023-05-04 13:07:30,54,56,21505,44024
2023-05-04 13:07:37,55,56,21505,44024
2023-05-04 13:07:41,54,55,21505,44030
2023-05-04 13:07:45,54,56,21505,44030
2023-05-04 13:07:50,54,55,21505,44030
2023-05-04 13:07:54,54,55,21648,44180
2023-05-04 13:07:55,53,54,21791,44323
2023-05-04 13:07:55,52,54,21791,44323
2023-05-04 13:07:55,52,54,21791,44324
2023-05-04 13:08:07,53,54,21791,44324
2023-05-04 13:08:09,52,54,22084,44624
2023-05-04 13:08:34,53,54,22084,44624
2023-05-04 13:08:54,53,55,22084,44624
2023-05-04 13:08:55,54,55,22084,44624
2023-05-04 13:09:26,55,56,22088,44628
2023-05-04 13:11:54,55,57,22092,44632
2023-05-04 13:11:55,56,57,22092,44632
2023-05-04 13:12:50,56,57,22242,44782
2023-05-04 13:12:51,55,56,22292,44837
2023-05-04 13:12:55,55,57,22292,44837
2023-05-04 13:12:56,55,56,22292,44837
2023-05-04 13:13:00,55,57,22292,44837
2023-05-04 13:13:01,56,57,22292,44837
2023-05-04 13:13:46,57,58,22296,44841
2023-05-04 13:13:47,57,58,22446,44991
2023-05-04 13:13:47,56,58,22446,44991
2023-05-04 13:13:48,56,57,22446,44991
2023-05-04 13:15:58,57,58,22448,44993
2023-05-04 13:17:34,58,60,22462,45007
2023-05-04 13:17:37,59,60,22462,45007
2023-05-04 13:17:38,58,59,22462,45009
2023-05-04 13:17:44,58,60,22462,45009
2023-05-04 13:17:44,59,60,22462,45009
2023-05-04 13:18:20,61,62,22540,45087
2023-05-04 13:18:23,61,62,22690,45237
2023-05-04 13:18:24,60,61,22740,45292
2023-05-04 13:18:26,59,60,22740,45312
2023-05-04 13:18:27,59,60,22740,45316
2023-05-04 13:18:34,59,61,22740,45316
2023-05-04 13:18:35,60,61,22740,45316
2023-05-04 13:19:28,59,60,22740,45318
2023-05-04 13:22:38,61,62,22798,45376
2023-05-04 13:22:38,61,62,22802,45380
2023-05-04 13:22:42,60,61,22940,45518
2023-05-04 13:22:42,59,61,22940,45518
2023-05-04 13:22:49,60,61,22940,45518
2023-05-04 13:23:34,59,61,22940,45518
2023-05-04 13:23:35,50,61,22940,45518
2023-05-04 13:23:40,60,61,22940,45518
2023-05-04 13:24:46,60,62,23064,45870
2023-05-04 13:24:48,61,62,23064,45870
2023-05-04 13:26:01,61,62,23068,45874
2023-05-04 13:26:10,61,62,23218,46024
2023-05-04 13:26:11,60,61,23222,46058
2023-05-04 13:26:34,61,62,23224,46060
2023-05-04 13:26:37,61,62,23224,46460
2023-05-04 13:26:37,61,62,23374,46610
2023-05-04 13:26:39,61,62,23374,46810
2023-05-04 13:26:40,61,62,23524,46960
2023-05-04 13:26:41,61,62,23674,47110
2023-05-04 13:26:42,61,62,23824,47260
2023-05-04 13:26:44,61,62,23974,47410
2023-05-04 13:26:45,61,62,24124,47560
2023-05-04 13:26:47,61,62,24274,47710
2023-05-04 13:26:48,61,62,24424,47860
2023-05-04 13:26:50,61,62,24574,48010
2023-05-04 13:26:51,58,60,24561,48071
2023-05-04 13:26:53,59,60,24561,48071
2023-05-04 13:26:53,57,59,24555,48077
2023-05-04 13:26:54,57,60,24555,48077
2023-05-04 13:27:01,58,60,24555,48077
2023-05-04 13:27:09,57,60,24555,48077
2023-05-04 13:27:14,57,59,24555,48077
2023-05-04 13:27:15,58,59,24555,48077
2023-05-04 13:27:16,57,58,24553,48079
2023-05-04 13:27:24,57,59,24553,48079
2023-05-04 13:27:38,58,59,24553,48079
2023-05-04 13:27:59,59,60,24557,48083
2023-05-04 13:28:02,60,61,24561,48087
2023-05-04 13:28:05,60,61,24563,48089
2023-05-04 13:28:07,60,61,24605,48131
2023-05-04 13:28:27,60,61,24613,48139
2023-05-04 13:28:39,60,62,24613,48139
2023-05-04 13:28:39,61,62,24613,48139
2023-05-04 13:29:06,62,63,24617,48143
2023-05-04 13:29:41,63,64,24755,49215
2023-05-04 13:29:42,63,64,24889,49349
2023-05-04 13:29:57,63,64,25039,49499
2023-05-04 13:29:58,63,64,25189,49649
2023-05-04 13:29:59,63,64,25339,49799
2023-05-04 13:30:06,63,64,25339,49965
2023-05-04 13:31:32,63,64,25485,50111
2023-05-04 13:31:32,63,64,25541,50173
2023-05-04 13:33:32,63,64,25541,50373
2023-05-04 13:33:34,63,65,25470,50448
2023-05-04 13:33:45,64,65,25470,50448
2023-05-04 13:34:58,64,65,25470,50452
2023-05-04 13:35:01,63,65,25470,50454
2023-05-04 13:35:01,63,64,25470,50454
2023-05-04 13:35:01,62,64,25470,50459
2023-05-04 13:35:01,62,64,25501,50496
2023-05-04 13:35:01,62,63,25501,50496
2023-05-04 13:35:01,62,63,25506,50501
2023-05-04 13:35:01,62,64,25506,50501
2023-05-04 13:35:04,63,64,25506,50501
2023-05-04 13:35:44,61,64,26906,51903
2023-05-04 13:35:44,61,63,26906,51903
2023-05-04 13:35:50,60,63,26906,51903
2023-05-04 13:35:50,49,63,26906,51903
2023-05-04 13:35:51,50,63,26906,51903
2023-05-04 13:35:53,60,63,26906,51903
2023-05-04 13:35:54,62,63,26906,51903
2023-05-04 13:36:25,63,64,26910,51927
2023-05-04 13:37:04,64,65,26916,51953
2023-05-04 13:37:04,63,65,26916,51953
2023-05-04 13:37:30,65,66,26920,51957
2023-05-04 13:37:30,63,66,26920,51957
2023-05-04 13:37:45,64,66,26920,51957
2023-05-04 13:38:06,64,66,26920,52157
2023-05-04 13:38:07,65,66,26920,52157
2023-05-04 13:40:26,65,66,27070,52307
2023-05-04 13:40:30,64,65,27070,52313
2023-05-04 13:41:02,63,65,27070,52313
2023-05-04 13:41:06,63,64,27070,52313
2023-05-04 13:41:14,62,63,27057,52326
2023-05-04 13:41:15,62,64,27057,52326
2023-05-04 13:41:16,62,63,27057,52326
2023-05-04 13:41:19,60,63,27057,52326
2023-05-04 13:41:25,61,63,27057,52326
2023-05-04 13:41:53,63,64,27061,52330
2023-05-04 13:42:02,64,65,27065,52334
2023-05-04 13:42:14,65,66,27073,52342
2023-05-04 13:42:14,65,66,27077,52346
2023-05-04 13:44:09,64,65,27071,52352
2023-05-04 13:44:10,64,66,27071,52352
2023-05-04 13:44:14,64,65,27071,52352
2023-05-04 13:44:54,65,66,27075,52356
2023-05-04 13:46:40,65,66,27075,52556
2023-05-04 13:46:46,65,66,27075,52756
2023-05-04 13:46:50,65,66,27075,52956
2023-05-04 13:47:41,66,67,27079,52960
2023-05-04 13:48:18,65,67,27067,53160
2023-05-04 13:48:56,65,66,27217,53310
2023-05-04 13:48:59,65,66,27367,53460
2023-05-04 13:49:00,65,66,27517,53610
2023-05-04 13:49:01,65,66,27667,53760
2023-05-04 13:49:02,65,66,27817,53910
2023-05-04 13:50:58,65,66,27817,54310
2023-05-04 13:50:58,64,65,27815,54314
2023-05-04 13:51:05,62,65,27815,54314
2023-05-04 13:51:11,63,65,27815,54314
2023-05-04 13:51:19,63,64,27815,54314
2023-05-04 13:51:38,62,63,27813,54316
2023-05-04 13:51:49,62,64,27813,54316
2023-05-04 13:51:53,63,64,27813,54316
2023-05-04 13:53:36,64,65,27820,54323
2023-05-04 13:53:42,64,66,27820,54323
2023-05-04 13:53:47,65,66,27820,54323
2023-05-04 13:55:29,64,65,27818,54325
2023-05-04 13:55:30,64,66,27818,54325
2023-05-04 13:55:38,65,66,27818,54325
2023-05-04 13:56:30,66,67,27822,54329
2023-05-04 13:57:07,67,68,27826,54333
2023-05-04 13:57:10,66,68,27826,54333
2023-05-04 13:57:22,67,68,27826,54333
2023-05-04 13:57:23,67,68,27826,54533
2023-05-04 13:58:15,66,67,27820,54539
2023-05-04 13:58:15,66,68,27820,54539
2023-05-04 13:58:16,66,67,27820,54539
2023-05-04 13:58:17,66,68,27820,54539
2023-05-04 13:58:17,66,67,27820,54539
2023-05-04 13:59:52,67,68,27822,54541
2023-05-04 14:00:05,68,69,27826,54545
2023-05-04 14:01:09,67,68,27820,54551
2023-05-04 14:01:18,66,67,27812,54559
2023-05-04 14:01:30,65,66,27802,54569
2023-05-04 14:01:31,65,66,27798,54573
2023-05-04 14:01:38,65,67,27798,54573
2023-05-04 14:01:39,65,66,27798,54573
2023-05-04 14:01:49,63,66,27798,54573
2023-05-04 14:01:55,63,65,27798,54573
2023-05-04 14:02:16,64,65,27798,54573
2023-05-04 14:02:52,65,66,27800,54575
2023-05-04 14:03:13,65,67,27800,54575
2023-05-04 14:03:13,66,67,27800,54575
2023-05-04 14:03:24,67,68,27822,54597
2023-05-04 14:04:36,66,67,27813,54606
2023-05-04 14:04:50,65,67,27813,54606
2023-05-04 14:04:55,65,66,27813,54606
2023-05-04 14:05:21,66,67,27815,54608
2023-05-04 14:05:55,65,66,27812,54611
2023-05-04 14:06:00,64,65,27808,54615
2023-05-04 14:06:27,63,64,27804,54619
2023-05-04 14:06:28,63,64,27804,54626
2023-05-04 14:06:30,61,63,27800,54630
2023-05-04 14:06:36,61,62,27800,54630
2023-05-04 14:06:42,61,62,27800,54827
2023-05-04 14:06:43,61,63,27800,54827
2023-05-04 14:06:44,61,62,27800,54827
2023-05-04 14:07:08,62,63,27802,54829
2023-05-04 14:07:17,63,64,27808,54835
2023-05-04 14:07:49,64,65,27813,54840
2023-05-04 14:09:06,65,67,27818,54845
2023-05-04 14:09:16,64,67,27818,54845
2023-05-04 14:09:16,65,67,27818,54845
2023-05-04 14:09:40,66,67,27818,54845
2023-05-04 14:11:30,65,66,27816,54847
2023-05-04 14:11:37,64,65,27810,54853
2023-05-04 14:11:54,63,64,27806,54857
2023-05-04 14:12:05,63,65,27806,54857
2023-05-04 14:12:14,63,64,27806,54857
2023-05-04 14:12:22,63,64,27812,54877
2023-05-04 14:13:12,62,63,27808,54881
2023-05-04 14:13:15,62,64,27808,54881
2023-05-04 14:13:16,62,63,27808,54881
2023-05-04 14:14:17,63,64,27814,54887
2023-05-04 14:16:32,64,65,27820,55093
2023-05-04 14:16:37,65,67,27831,55104
2023-05-04 14:16:50,66,67,27831,55104
2023-05-04 14:16:51,65,66,27829,55106
2023-05-04 14:16:56,66,67,28032,55326
2023-05-04 14:18:56,65,66,28032,55328
2023-05-04 14:19:03,64,65,28032,55340
2023-05-04 14:19:45,65,66,28036,55344
2023-05-04 14:19:54,66,67,28240,55548
2023-05-04 14:20:18,67,68,28244,55552
2023-05-04 14:20:25,67,69,28252,55580
2023-05-04 14:20:26,67,68,28252,55580
2023-05-04 14:21:02,67,68,28252,55780
2023-05-04 14:21:04,67,68,28252,55980
2023-05-04 14:21:05,66,67,28252,55989
2023-05-04 14:21:34,65,66,28247,55994
2023-05-04 14:21:34,65,67,28247,55994
2023-05-04 14:21:44,65,66,28247,55994
2023-05-04 14:21:50,63,66,28247,55994
2023-05-04 14:21:53,64,66,28247,55994
2023-05-04 14:21:57,64,65,28247,55994
2023-05-04 14:21:58,64,65,28247,56194
2023-05-04 14:21:59,64,65,28247,56394
2023-05-04 14:21:59,64,65,28247,56502
2023-05-04 14:22:00,64,65,28247,56702
2023-05-04 14:22:00,63,64,28501,56961
2023-05-04 14:22:01,62,63,28497,56965
2023-05-04 14:22:01,62,64,28497,56965
2023-05-04 14:22:01,62,63,28497,56965
2023-05-04 14:22:02,60,63,28497,56965
2023-05-04 14:22:05,60,62,28497,56965
2023-05-04 14:22:07,60,63,28497,56965
2023-05-04 14:22:07,59,63,28497,56965
2023-05-04 14:22:09,60,63,28497,56965
2023-05-04 14:22:10,60,64,28497,56965
2023-05-04 14:22:19,60,63,28497,56965
2023-05-04 14:22:33,60,62,28497,56965
2023-05-04 14:22:37,60,61,28497,56965
2023-05-04 14:22:37,58,61,28497,56969
2023-05-04 14:22:38,56,61,28497,56969
2023-05-04 14:22:40,57,61,28497,56969
2023-05-04 14:22:44,57,60,28497,56969
2023-05-04 14:23:07,57,59,28497,56969
2023-05-04 14:23:27,58,59,28497,56969
2023-05-04 14:23:41,57,59,28497,56969
2023-05-04 14:23:58,58,59,28497,56969
2023-05-04 14:24:16,58,60,28497,56969
2023-05-04 14:24:16,58,61,28497,56969
2023-05-04 14:24:17,58,63,28497,56969
2023-05-04 14:24:17,58,62,28497,56969
2023-05-04 14:24:18,59,62,28497,56969
2023-05-04 14:24:35,60,62,28497,56969
2023-05-04 14:25:49,59,60,28493,56973
2023-05-04 14:25:49,59,62,28493,56973
2023-05-04 14:25:54,58,59,28489,56977
2023-05-04 14:25:54,58,62,28489,56977
2023-05-04 14:25:56,58,61,28489,56977
2023-05-04 14:26:00,57,58,28485,56981
2023-05-04 14:26:00,57,61,28485,56981
2023-05-04 14:26:05,58,61,28485,56981
2023-05-04 14:26:18,57,58,28482,56985
2023-05-04 14:26:18,57,61,28482,56985
2023-05-04 14:26:19,57,60,28482,56985
2023-05-04 14:26:20,57,59,28482,56985
2023-05-04 14:26:20,55,57,28462,57009
2023-05-04 14:26:20,55,59,28462,57009
2023-05-04 14:26:20,55,58,28462,57009
2023-05-04 14:26:25,55,58,28262,57209
2023-05-04 14:26:26,54,55,28262,57211
2023-05-04 14:26:26,54,58,28262,57211
2023-05-04 14:26:27,53,58,28262,57211
2023-05-04 14:26:32,53,57,28262,57211
2023-05-04 14:26:33,53,58,28262,57211
2023-05-04 14:26:34,53,57,28262,57211
2023-05-04 14:26:35,53,58,28262,57211
2023-05-04 14:26:41,53,57,28262,57211
2023-05-04 14:26:48,54,57,28262,57211
2023-05-04 14:26:59,54,58,28262,57211
2023-05-04 14:27:05,54,57,28262,57211
2023-05-04 14:27:06,53,54,28262,57215
2023-05-04 14:27:06,53,57,28262,57215
2023-05-04 14:27:16,53,58,28262,57215
2023-05-04 14:27:16,53,57,28262,57215
2023-05-04 14:27:17,54,57,28262,57215
2023-05-04 14:27:33,55,57,28262,57215
2023-05-04 14:27:36,54,57,28262,57215
2023-05-04 14:28:09,55,57,28262,57215
2023-05-04 14:29:10,54,57,28262,57215
2023-05-04 14:29:13,54,56,28262,57215
2023-05-04 14:29:13,54,57,28262,57215
2023-05-04 14:29:30,53,57,28262,57215
2023-05-04 14:29:36,53,56,28262,57215
2023-05-04 14:29:37,53,55,28262,57215
2023-05-04 14:29:38,52,53,28262,57219
2023-05-04 14:29:38,52,55,28262,57219
2023-05-04 14:29:39,52,54,28262,57219
2023-05-04 14:29:39,51,52,28262,57223
2023-05-04 14:29:39,51,54,28262,57223
2023-05-04 14:29:40,51,53,28262,57223
2023-05-04 14:29:40,51,54,28262,57223
2023-05-04 14:29:40,49,54,28262,57223
2023-05-04 14:29:49,49,53,28262,57223
2023-05-04 14:30:01,49,52,28262,57223
2023-05-04 14:30:01,47,49,28262,57375
2023-05-04 14:30:02,47,52,28262,57375
2023-05-04 14:30:08,47,51,28262,57375
2023-05-04 14:30:08,47,52,28262,57375
2023-05-04 14:30:08,47,51,28262,57375
2023-05-04 14:30:09,47,50,28262,57375
2023-05-04 14:30:10,46,47,28262,57379
2023-05-04 14:30:10,46,50,28262,57379
2023-05-04 14:30:11,46,51,28262,57379
2023-05-04 14:30:12,46,50,28262,57379
2023-05-04 14:30:20,47,50,28262,57379
2023-05-04 14:30:26,47,49,28262,57379
2023-05-04 14:30:27,46,47,28262,57381
2023-05-04 14:30:27,46,49,28262,57381
2023-05-04 14:30:29,44,46,28262,57385
2023-05-04 14:30:29,44,49,28262,57385
2023-05-04 14:30:31,44,48,28262,57385
2023-05-04 14:30:39,43,48,28262,57385
2023-05-04 14:30:41,43,49,28262,57385
2023-05-04 14:30:42,44,49,28262,57385
2023-05-04 14:30:43,44,48,28262,57385
2023-05-04 14:30:43,44,49,28262,57385
2023-05-04 14:30:48,45,49,28262,57385
2023-05-04 14:30:50,44,49,28262,57385
2023-05-04 14:30:50,45,49,28262,57385
2023-05-04 14:30:51,45,48,28262,57385
2023-05-04 14:30:55,43,45,28262,57389
2023-05-04 14:30:55,43,48,28262,57389
2023-05-04 14:30:55,43,47,28262,57389
2023-05-04 14:30:56,43,48,28262,57389
2023-05-04 14:30:58,43,47,28262,57389
2023-05-04 14:31:01,43,46,28262,57389
2023-05-04 14:31:01,43,45,28262,57389
2023-05-04 14:31:01,43,45,28262,57589
2023-05-04 14:31:02,41,43,28262,57639
2023-05-04 14:31:02,41,45,28262,57639
2023-05-04 14:31:03,41,44,28262,57639
2023-05-04 14:31:03,40,44,28262,57639
2023-05-04 14:31:06,40,43,28262,57639
2023-05-04 14:31:07,40,43,28062,57839
2023-05-04 14:31:08,40,42,28062,57839
2023-05-04 14:31:09,38,40,28073,57939
2023-05-04 14:31:09,38,42,28073,57939
2023-05-04 14:31:10,37,42,28073,57939
2023-05-04 14:31:12,37,41,28073,57939
2023-05-04 14:31:19,37,40,28073,57939
2023-05-04 14:31:23,37,39,28073,57939
2023-05-04 14:31:24,35,37,28175,58041
2023-05-04 14:31:24,35,38,28175,58041
2023-05-04 14:31:27,35,38,28375,58241
2023-05-04 14:31:27,33,38,28375,58241
2023-05-04 14:31:30,33,37,28375,58241
2023-05-04 14:31:31,33,38,28375,58241
2023-05-04 14:31:36,34,38,28375,58241
2023-05-04 14:31:38,35,38,28375,58241
2023-05-04 14:31:51,36,38,28375,58241
2023-05-04 14:31:54,35,38,28375,58241
2023-05-04 14:31:55,36,38,28375,58241
2023-05-04 14:32:02,35,36,28427,58293
2023-05-04 14:32:02,35,38,28427,58293
2023-05-04 14:32:14,35,39,28427,58293
2023-05-04 14:32:29,36,39,28427,58293
2023-05-04 14:32:30,37,39,28427,58293
2023-05-04 14:32:35,38,39,28427,58293
2023-05-04 14:32:35,40,42,28406,58314
2023-05-04 14:32:36,38,40,28406,58393
2023-05-04 14:32:36,38,42,28406,58393
2023-05-04 14:32:46,38,41,28406,58393
2023-05-04 14:32:46,39,41,28406,58393
2023-05-04 14:32:47,40,41,28406,58393
2023-05-04 14:32:50,39,41,28406,58393
2023-05-04 14:32:57,40,41,28406,58393
2023-05-04 14:33:08,40,42,28406,58393
2023-05-04 14:33:09,40,45,28406,58393
2023-05-04 14:33:10,40,44,28406,58393
2023-05-04 14:33:23,40,43,28406,58393
2023-05-04 14:33:27,38,43,28406,58393
2023-05-04 14:33:39,38,44,28446,58504
2023-05-04 14:33:39,42,44,28446,58504
2023-05-04 14:33:40,43,44,28446,58504
2023-05-04 14:33:41,42,43,28446,58524
2023-05-04 14:33:41,42,44,28446,58524
2023-05-04 14:33:42,38,42,28446,58544
2023-05-04 14:33:42,38,43,28446,58544
2023-05-04 14:34:04,43,44,28446,58546
2023-05-04 14:34:05,43,44,28446,58548
2023-05-04 14:34:05,38,43,28464,58566
2023-05-04 14:34:05,38,44,28464,58566
2023-05-04 14:34:06,38,43,28464,58566
2023-05-04 14:34:19,38,44,28464,58566
2023-05-04 14:34:24,39,44,28464,58566
2023-05-04 14:34:25,39,43,28464,58566
2023-05-04 14:34:25,40,43,28464,58566
2023-05-04 14:34:26,39,43,28464,58566
2023-05-04 14:34:28,40,43,28464,58566
2023-05-04 14:34:38,41,43,28464,58566
2023-05-04 14:34:39,42,43,28464,58566
2023-05-04 14:34:50,42,44,28464,58566
2023-05-04 14:34:50,42,47,28464,58566
2023-05-04 14:34:57,43,47,28464,58566
2023-05-04 14:35:00,44,47,28464,58566
2023-05-04 14:35:06,45,47,28464,58566
2023-05-04 14:35:08,46,47,28464,58566
2023-05-04 14:35:10,47,51,28462,58568
2023-05-04 14:35:10,46,51,28462,58568
2023-05-04 14:35:10,47,51,28462,58568
2023-05-04 14:35:15,48,51,28462,58568
2023-05-04 14:35:18,49,51,28462,58568
2023-05-04 14:35:20,50,51,28462,58568
2023-05-04 14:35:21,51,53,28461,58569
2023-05-04 14:35:21,50,53,28461,58569
2023-05-04 14:35:21,51,53,28461,58569
2023-05-04 14:35:21,52,53,28461,58569
2023-05-04 14:35:21,51,53,28461,58569
2023-05-04 14:35:22,53,55,28461,58669
2023-05-04 14:35:22,51,55,28461,58669
2023-05-04 14:35:23,52,55,28461,58669
2023-05-04 14:35:23,53,55,28461,58669
2023-05-04 14:35:24,53,55,28461,58674
2023-05-04 14:35:24,53,54,28461,58674
2023-05-04 14:35:25,54,56,28456,58679
2023-05-04 14:35:25,53,56,28456,58679
2023-05-04 14:35:25,54,56,28456,58679
2023-05-04 14:35:35,54,55,28456,58679
2023-05-04 14:35:36,55,56,28449,58686
2023-05-04 14:35:37,54,56,28449,58686
2023-05-04 14:35:42,55,56,28449,58686
2023-05-04 14:35:53,55,59,28449,58686
2023-05-04 14:36:02,55,58,28449,58686
2023-05-04 14:36:05,55,57,28449,58686
2023-05-04 14:36:18,55,56,28449,58686
2023-05-04 14:36:20,54,55,28453,58690
2023-05-04 14:36:29,52,55,28453,58690
2023-05-04 14:36:29,52,54,28453,58690
2023-05-04 14:37:11,51,54,28453,58690
2023-05-04 14:37:20,52,54,28453,58690
2023-05-04 14:37:22,53,54,28453,58690
2023-05-04 14:38:08,52,54,28453,58690
2023-05-04 14:38:09,52,55,28453,58690
2023-05-04 14:38:10,51,55,28453,58690
2023-05-04 14:38:12,52,55,28453,58690
2023-05-04 14:38:25,51,55,28453,58690
2023-05-04 14:38:26,52,55,28453,58690
2023-05-04 14:38:42,51,55,28453,58690
2023-05-04 14:38:45,51,54,28453,58690
2023-05-04 14:38:58,51,52,28453,58690
2023-05-04 14:38:58,44,47,28461,58698
2023-05-04 14:38:58,44,47,28506,58743
2023-05-04 14:38:58,45,47,28506,58743
2023-05-04 14:38:58,47,49,28653,58890
2023-05-04 14:38:59,47,49,28853,59090
2023-05-04 14:39:00,45,47,28956,59193
2023-05-04 14:39:00,45,49,28956,59193
2023-05-04 14:39:01,45,48,28956,59193
2023-05-04 14:39:01,45,49,28956,59193
2023-05-04 14:39:01,45,47,28956,59193
2023-05-04 14:39:01,45,46,28956,59193
2023-05-04 14:39:01,45,46,29156,59393
2023-05-04 14:39:02,45,47,29156,59393
2023-05-04 14:39:02,45,48,29156,59393
2023-05-04 14:39:02,45,48,29356,59593
2023-05-04 14:39:03,42,45,29406,59643
2023-05-04 14:39:03,42,49,29406,59643
2023-05-04 14:39:04,42,48,29406,59643
2023-05-04 14:39:04,42,47,29406,59643
2023-05-04 14:39:05,42,48,29406,59643
2023-05-04 14:39:05,42,47,29406,59643
2023-05-04 14:39:06,42,46,29406,59643
2023-05-04 14:39:07,42,47,29406,59643
2023-05-04 14:39:07,43,47,29406,59643
2023-05-04 14:39:07,43,49,29406,59643
2023-05-04 14:39:09,44,49,29406,59643
2023-05-04 14:39:14,45,49,29406,59643
2023-05-04 14:39:26,46,49,29406,59643
2023-05-04 14:39:30,46,51,29406,59643
2023-05-04 14:39:32,46,50,29406,59643
2023-05-04 14:39:39,46,49,29406,59643
2023-05-04 14:39:40,46,48,29406,59643
2023-05-04 14:39:48,44,46,29410,59647
2023-05-04 14:39:48,44,48,29410,59647
2023-05-04 14:39:49,42,48,29410,59647
2023-05-04 14:39:56,42,47,29410,59647
2023-05-04 14:39:59,42,48,29410,59647
2023-05-04 14:40:00,42,47,29410,59647
2023-05-04 14:40:01,42,46,29410,59647
2023-05-04 14:40:04,42,47,29410,59647
2023-05-04 14:40:05,42,46,29410,59647
2023-05-04 14:40:21,42,46,29410,59680
2023-05-04 14:40:31,42,45,29410,59680
2023-05-04 14:40:36,42,44,29410,59680
2023-05-04 14:40:37,39,42,29414,59684
2023-05-04 14:40:37,39,44,29414,59684
2023-05-04 14:40:41,39,45,29414,59684
2023-05-04 14:40:50,40,45,29414,59684
2023-05-04 14:40:54,41,45,29414,59684
2023-05-04 14:40:58,40,45,29414,59684
2023-05-04 14:41:03,41,45,29414,59684
2023-05-04 14:41:05,42,45,29414,59684
2023-05-04 14:41:09,41,45,29414,59684
2023-05-04 14:41:13,41,46,29414,59684
2023-05-04 14:41:15,42,46,29414,59684
2023-05-04 14:41:16,45,46,29414,59684
2023-05-04 14:41:22,47,48,29414,59704
2023-05-04 14:41:22,47,48,29416,59706
2023-05-04 14:41:22,47,48,29418,59708
2023-05-04 14:41:22,45,47,29594,59884
2023-05-04 14:41:22,45,48,29594,59884
2023-05-04 14:41:22,45,48,29604,59894
2023-05-04 14:41:23,44,48,29604,59894
2023-05-04 14:41:23,44,49,29604,59894
2023-05-04 14:41:23,44,47,29604,59894
2023-05-04 14:41:29,43,47,29604,59894
2023-05-04 14:41:31,44,47,29604,59894
2023-05-04 14:41:35,44,46,29604,59894
2023-05-04 14:41:36,44,47,29843,60135
2023-05-04 14:41:52,43,47,29843,60135
2023-05-04 14:42:19,43,46,29843,60135
2023-05-04 14:42:23,43,47,29843,60135
2023-05-04 14:42:27,44,47,29843,60135
2023-05-04 14:42:54,43,47,29843,60135
2023-05-04 14:43:06,43,46,29843,60135
2023-05-04 14:43:10,42,46,29843,60135
2023-05-04 14:43:14,43,46,29843,60135
2023-05-04 14:43:20,44,46,29843,60135
2023-05-04 14:43:23,43,46,29843,60135
2023-05-04 14:43:42,44,46,29843,60135
2023-05-04 14:43:42,45,46,29843,60135
2023-05-04 14:44:19,44,46,29843,60135
2023-05-04 14:44:25,45,46,29843,60135
2023-05-04 14:45:13,44,46,29843,60135
2023-05-04 14:45:13,43,46,29843,60135
2023-05-04 14:45:32,42,46,29843,60135
2023-05-04 14:45:33,42,45,29843,60135
2023-05-04 14:45:39,43,45,29843,60135
2023-05-04 14:45:40,42,45,29843,60135
2023-05-04 14:46:00,43,45,29843,60135
2023-05-04 14:46:04,42,45,29843,60135
2023-05-04 14:46:11,43,45,29843,60135
2023-05-04 14:46:12,42,45,29843,60135
2023-05-04 14:46:16,43,45,29843,60135
2023-05-04 14:46:19,44,45,29843,60135
2023-05-04 14:46:19,45,46,29842,60137
2023-05-04 14:46:20,45,47,29842,60139
2023-05-04 14:46:20,46,47,29842,60139
2023-05-04 14:46:42,42,46,29843,60143
2023-05-04 14:46:42,42,47,29843,60143
2023-05-04 14:46:43,42,46,29843,60143
2023-05-04 14:46:43,42,47,29843,60143
2023-05-04 14:46:44,42,46,29843,60143
2023-05-04 14:46:56,42,45,29843,60143
2023-05-04 14:47:02,42,44,29843,60143
2023-05-04 14:47:17,40,44,29843,60143
2023-05-04 14:47:17,41,44,29843,60143
2023-05-04 14:47:18,42,44,29843,60143
2023-05-04 14:47:35,42,45,29843,60143
2023-05-04 14:47:35,42,46,29843,60143
2023-05-04 14:47:40,42,45,29843,60143
2023-05-04 14:47:42,42,44,29843,60143
2023-05-04 14:47:56,40,44,29843,60143
2023-05-04 14:47:58,40,43,29843,60143
2023-05-04 14:48:27,41,43,29843,60143
2023-05-04 14:48:27,42,43,29843,60143
2023-05-04 14:48:49,40,43,29843,60143
2023-05-04 14:48:49,40,44,29843,60143
2023-05-04 14:48:51,41,44,29843,60143
2023-05-04 14:49:00,40,44,29843,60143
2023-05-04 14:49:19,40,43,29843,60143
2023-05-04 14:49:19,40,44,29843,60143
2023-05-04 14:49:20,40,43,29843,60143
2023-05-04 14:49:23,39,40,29847,60147
2023-05-04 14:49:23,39,42,29847,60147
2023-05-04 14:49:26,36,42,29847,60147
2023-05-04 14:49:29,36,41,29847,60147
2023-05-04 14:49:49,37,41,29847,60147
2023-05-04 14:49:52,38,41,29847,60147
2023-05-04 14:49:56,38,40,29847,60147
2023-05-04 14:50:07,36,38,29851,60151
2023-05-04 14:50:07,36,40,29851,60151
2023-05-04 14:50:17,36,39,29851,60151
2023-05-04 14:50:37,37,39,29851,60151
2023-05-04 14:50:39,38,39,29851,60151
2023-05-04 14:50:39,38,40,29851,60151
2023-05-04 14:50:40,39,40,29851,60151
2023-05-04 14:50:40,39,41,29851,60151
2023-05-04 14:51:04,39,42,29851,60151
2023-05-04 14:51:22,37,42,29851,60151
2023-05-04 14:51:25,37,41,29851,60151
2023-05-04 14:51:42,37,40,29851,60151
2023-05-04 14:51:45,36,37,29855,60155
2023-05-04 14:51:45,36,40,29855,60155
2023-05-04 14:51:45,36,39,29855,60155
2023-05-04 14:51:58,33,39,29855,60155
2023-05-04 14:51:58,33,36,29855,60155
2023-05-04 14:51:58,33,39,29855,60155
2023-05-04 14:51:59,34,39,29855,60155
2023-05-04 14:52:01,34,38,29855,60155
2023-05-04 14:52:01,34,37,29855,60155
2023-05-04 14:52:03,34,38,29855,60155
2023-05-04 14:52:03,33,34,29857,60157
2023-05-04 14:52:03,33,38,29857,60157
2023-05-04 14:52:05,33,39,29857,60157
2023-05-04 14:52:06,33,37,29857,60157
2023-05-04 14:52:11,33,36,29857,60157
2023-05-04 14:52:17,32,33,29861,60161
2023-05-04 14:52:17,32,36,29861,60161
2023-05-04 14:52:19,31,36,29861,60161
2023-05-04 14:52:20,32,36,29861,60161
2023-05-04 14:52:21,33,36,29861,60161
2023-05-04 14:52:34,33,35,29861,60161
2023-05-04 14:53:04,34,35,29861,60161
2023-05-04 14:53:05,33,34,29881,60181
2023-05-04 14:53:05,33,35,29881,60181
2023-05-04 14:53:05,34,35,29881,60181
2023-05-04 14:53:06,33,35,29881,60181
2023-05-04 14:53:06,33,35,29905,60381
2023-05-04 14:53:06,33,34,29905,60381
2023-05-04 14:53:07,32,34,29905,60381
2023-05-04 14:53:08,34,35,29885,60401
2023-05-04 14:53:10,35,36,29857,60429
2023-05-04 14:53:12,35,39,29857,60429
2023-05-04 14:53:12,36,39,29857,60429
2023-05-04 14:53:30,37,39,29857,60429
2023-05-04 14:53:41,39,44,29842,60448
2023-05-04 14:53:41,39,43,29842,60448
2023-05-04 14:53:58,37,39,29842,60452
2023-05-04 14:53:58,37,43,29842,60452
2023-05-04 14:53:59,38,43,29842,60452
2023-05-04 14:54:07,39,43,29842,60452
2023-05-04 14:54:11,40,43,29842,60452
2023-05-04 14:54:26,39,43,29842,60452
2023-05-04 14:54:27,39,44,29842,60452
2023-05-04 14:54:27,40,44,29842,60452
2023-05-04 14:54:34,41,44,29842,60452
2023-05-04 14:54:42,40,44,29842,60452
2023-05-04 14:55:06,38,44,29842,60452
2023-05-04 14:55:07,39,44,29842,60452
2023-05-04 14:55:08,40,44,29842,60452
2023-05-04 14:55:18,39,44,29842,60452
2023-05-04 14:55:32,40,44,29842,60452
2023-05-04 14:55:38,39,44,29842,60452
2023-05-04 14:55:44,39,43,29842,60452
2023-05-04 14:55:45,39,41,29842,60452
2023-05-04 14:55:48,38,41,29842,60452
2023-05-04 14:55:49,38,42,29842,60452
2023-05-04 14:55:49,36,42,29842,60452
2023-05-04 14:55:50,36,41,29842,60452
2023-05-04 14:55:54,37,41,29842,60452
2023-05-04 14:55:59,38,41,29842,60452
2023-05-04 14:56:00,39,41,29842,60452
2023-05-04 14:56:05,40,41,29842,60452
2023-05-04 14:56:17,40,44,29842,60452
2023-05-04 14:56:18,41,44,29842,60452
2023-05-04 14:56:59,42,44,29842,60452
2023-05-04 14:57:00,43,44,29842,60452
2023-05-04 14:57:09,44,45,29842,60458
2023-05-04 14:57:09,43,45,29842,60458
2023-05-04 14:57:09,44,45,29842,60458
2023-05-04 14:57:10,45,47,29820,60486
2023-05-04 14:57:10,44,47,29820,60486
2023-05-04 14:57:10,45,47,29820,60486
2023-05-04 14:57:14,45,51,29841,60507
2023-05-04 14:57:14,50,51,29841,60507
2023-05-04 14:57:20,50,53,29841,60507
2023-05-04 14:57:21,50,51,29841,60507
2023-05-04 14:57:42,45,50,29841,60531
2023-05-04 14:57:42,45,51,29841,60531
2023-05-04 14:57:44,45,50,29841,60531
2023-05-04 14:57:51,43,50,29841,60531
2023-05-04 14:57:54,43,49,29841,60531
2023-05-04 14:57:56,43,48,29841,60531
2023-05-04 14:58:04,43,49,29841,60531
2023-05-04 14:58:20,43,48,29841,60531
2023-05-04 14:58:28,43,49,29841,60531
2023-05-04 14:59:00,43,48,29841,60531
2023-05-04 14:59:01,43,47,29841,60531
2023-05-04 14:59:08,43,48,29841,60531
2023-05-04 14:59:13,43,47,29841,60531
2023-05-04 14:59:19,43,48,29841,60531
2023-05-04 15:00:13,43,45,29841,60531
2023-05-04 15:00:22,43,48,29841,60531
2023-05-04 15:00:23,44,48,29841,60531
2023-05-04 15:00:24,45,48,29841,60531
2023-05-04 15:00:27,46,48,29841,60531
2023-05-04 15:00:30,47,48,29841,60531
2023-05-04 15:00:31,48,49,29841,60533
2023-05-04 15:00:31,47,49,29841,60533
2023-05-04 15:00:31,48,49,29841,60533
2023-05-04 15:00:32,49,50,29841,60535
2023-05-04 15:00:32,48,50,29841,60535
2023-05-04 15:00:33,49,50,29841,60535
2023-05-04 15:00:35,49,51,29841,60535
2023-05-04 15:00:36,48,51,29841,60535
2023-05-04 15:00:39,48,54,29841,60535
2023-05-04 15:00:40,49,54,29841,60535
2023-05-04 15:00:43,48,54,29841,60535
2023-05-04 15:00:43,49,54,29841,60535
2023-05-04 15:00:45,49,52,29841,60535
2023-05-04 15:00:45,49,53,29841,60535
2023-05-04 15:00:53,49,54,29841,60535
2023-05-04 15:01:09,50,54,29841,60535
2023-05-04 15:01:10,51,54,29841,60535
2023-05-04 15:01:13,50,54,29841,60535
2023-05-04 15:01:22,49,54,29841,60535
2023-05-04 15:01:26,49,53,29841,60535
2023-05-04 15:01:29,49,52,29841,60535
2023-05-04 15:01:31,48,52,29841,60535
2023-05-04 15:01:38,49,52,29841,60535
2023-05-04 15:01:41,50,52,29841,60535
2023-05-04 15:01:42,51,52,29841,60535
2023-05-04 15:01:42,52,54,29841,60537
2023-05-04 15:01:42,51,54,29841,60537
2023-05-04 15:01:43,52,54,29841,60537
2023-05-04 15:01:44,53,54,29841,60537
2023-05-04 15:01:44,54,55,29841,60539
2023-05-04 15:01:44,53,55,29841,60539
2023-05-04 15:01:45,55,59,29841,60541
2023-05-04 15:01:45,53,59,29841,60541
2023-05-04 15:01:48,53,57,29841,60541
2023-05-04 15:01:56,53,56,29841,60541
2023-05-04 15:02:08,53,55,29841,60541
2023-05-04 15:02:10,53,54,29841,60541
2023-05-04 15:02:16,52,53,29841,60543
2023-05-04 15:02:16,52,54,29841,60543
2023-05-04 15:02:16,52,53,29841,60543
2023-05-04 15:02:17,47,53,29841,60543
2023-05-04 15:02:23,48,53,29841,60543
2023-05-04 15:02:23,48,54,29841,60543
2023-05-04 15:02:25,49,54,29841,60543
2023-05-04 15:02:27,48,54,29841,60543
2023-05-04 15:02:43,49,54,29841,60543
2023-05-04 15:02:44,50,54,29841,60543
2023-05-04 15:02:45,49,54,29841,60543
2023-05-04 15:02:46,50,54,29841,60543
2023-05-04 15:03:01,49,54,29841,60543
2023-05-04 15:03:05,50,54,29841,60543
2023-05-04 15:03:07,51,54,29841,60543
2023-05-04 15:03:13,52,54,29841,60543
2023-05-04 15:03:21,54,55,29841,60547
2023-05-04 15:03:21,52,55,29841,60547
2023-05-04 15:03:27,52,56,29841,60547
2023-05-04 15:03:27,52,58,29841,60547
2023-05-04 15:03:36,52,57,29841,60547
2023-05-04 15:03:38,52,56,29841,60547
2023-05-04 15:03:41,52,55,29841,60547
2023-05-04 15:03:45,52,56,29841,60547
2023-05-04 15:03:52,50,56,29841,60547
2023-05-04 15:03:53,50,55,29841,60547
2023-05-04 15:03:55,50,56,29841,60547
2023-05-04 15:04:14,51,56,29841,60547
2023-05-04 15:04:16,52,56,29841,60547
2023-05-04 15:04:18,53,56,29841,60547
2023-05-04 15:04:30,54,56,29841,60547
2023-05-04 15:04:30,54,58,29841,60547
2023-05-04 15:04:31,54,60,29841,60547
2023-05-04 15:04:41,55,60,29841,60547
2023-05-04 15:04:44,56,60,29841,60547
2023-05-04 15:04:45,57,60,29841,60547
2023-05-04 15:04:57,57,63,29841,60547
2023-05-04 15:04:57,56,63,29841,60547
2023-05-04 15:04:57,56,62,29841,60547
2023-05-04 15:04:57,57,62,29841,60547
2023-05-04 15:04:59,57,63,29841,60547
2023-05-04 15:05:06,57,62,29841,60547
2023-05-04 15:05:07,57,61,29841,60547
2023-05-04 15:05:12,57,62,29841,60547
2023-05-04 15:05:13,57,63,29841,60547
2023-05-04 15:05:14,58,63,29841,60547
2023-05-04 15:05:22,59,63,29841,60547
2023-05-04 15:05:23,60,63,29841,60547
2023-05-04 15:05:27,59,63,29841,60547
2023-05-04 15:05:29,60,63,29841,60547
2023-05-04 15:05:32,61,63,29841,60547
2023-05-04 15:05:33,63,67,29841,60552
2023-05-04 15:05:33,61,67,29841,60552
2023-05-04 15:05:33,61,66,29841,60552
2023-05-04 15:05:34,61,67,29841,60552
2023-05-04 15:05:41,61,66,29841,60552
2023-05-04 15:05:47,61,65,29841,60552
2023-05-04 15:05:53,61,66,29841,60552
2023-05-04 15:06:07,61,65,29841,60552
2023-05-04 15:06:12,61,66,29841,60552
2023-05-04 15:06:25,61,67,29847,60558
2023-05-04 15:06:30,61,66,29847,60558
2023-05-04 15:06:42,61,66,29850,60561
2023-05-04 15:06:42,61,67,29850,60561
2023-05-04 15:06:43,61,66,29850,60561
2023-05-04 15:06:45,62,66,29850,60561
2023-05-04 15:06:48,63,66,29850,60561
2023-05-04 15:06:48,64,66,29850,60561
2023-05-04 15:06:48,65,66,29850,60561
2023-05-04 15:06:49,66,67,29850,60563
2023-05-04 15:06:49,64,67,29850,60563
2023-05-04 15:06:50,67,69,29850,60569
2023-05-04 15:06:50,64,69,29850,60569
2023-05-04 15:06:50,64,68,29850,60569
2023-05-04 15:06:51,65,68,29850,60569
2023-05-04 15:06:51,65,69,29850,60569
2023-05-04 15:06:51,65,68,29850,60569
2023-05-04 15:06:52,68,69,29850,60573
2023-05-04 15:06:52,65,69,29850,60573
2023-05-04 15:06:53,66,69,29850,60573
2023-05-04 15:06:53,69,71,29821,60602
2023-05-04 15:06:53,66,71,29821,60602
2023-05-04 15:06:53,66,70,29821,60602
2023-05-04 15:06:54,65,70,29821,60602
2023-05-04 15:07:01,66,70,29821,60602
2023-05-04 15:07:02,66,72,29821,60602
2023-05-04 15:07:02,70,72,29821,60602
2023-05-04 15:07:02,66,72,29821,60602
2023-05-04 15:07:02,66,71,29821,60602
2023-05-04 15:07:02,67,71,29821,60602
2023-05-04 15:07:03,66,71,29821,60602
2023-05-04 15:07:03,66,72,29821,60602
2023-05-04 15:07:04,67,72,29821,60602
2023-05-04 15:07:05,67,74,29821,60602
2023-05-04 15:07:05,67,73,29821,60602
2023-05-04 15:07:08,68,73,29821,60602
2023-05-04 15:07:14,69,73,29821,60602
2023-05-04 15:07:15,73,74,29821,60616
2023-05-04 15:07:15,69,74,29821,60616
2023-05-04 15:07:15,69,73,29821,60616
2023-05-04 15:07:16,73,74,29821,60624
2023-05-04 15:07:16,70,74,29821,60624
2023-05-04 15:07:16,70,76,29821,60624
2023-05-04 15:07:17,71,76,29821,60624
2023-05-04 15:07:18,72,76,29821,60624
2023-05-04 15:07:18,72,77,29821,60624
2023-05-04 15:07:18,72,76,29821,60624
2023-05-04 15:07:18,72,77,29821,60624
2023-05-04 15:07:19,73,76,29821,60624
2023-05-04 15:07:19,76,77,29821,60628
2023-05-04 15:07:19,73,77,29821,60628
2023-05-04 15:07:20,73,77,29821,60828
2023-05-04 15:07:21,73,78,29821,60828
2023-05-04 15:07:21,77,78,29821,60828
2023-05-04 15:07:21,73,78,29821,60828
2023-05-04 15:07:22,72,78,29821,60828
2023-05-04 15:07:23,72,77,29821,60828
2023-05-04 15:07:27,71,78,29821,60828
2023-05-04 15:07:39,72,73,29821,60828
2023-05-04 15:07:40,71,73,29821,60836
2023-05-04 15:07:41,71,72,29821,60836
2023-05-04 15:07:43,69,72,29821,60836
2023-05-04 15:07:43,65,72,29821,60836
2023-05-04 15:07:43,65,71,29821,60836
2023-05-04 15:07:45,66,71,29821,60836
2023-05-04 15:07:45,66,72,29821,60836
2023-05-04 15:07:45,66,72,29821,60836
2023-05-04 15:07:45,67,72,29821,60836
2023-05-04 15:08:02,68,72,29821,60836
2023-05-04 15:08:02,72,73,29821,60838
2023-05-04 15:08:02,68,73,29821,60838
2023-05-04 15:08:11,67,73,29821,60838
2023-05-04 15:08:15,68,73,29821,60838
2023-05-04 15:08:19,67,73,29821,60838
2023-05-04 15:08:25,67,72,29821,60838
2023-05-04 15:08:27,67,71,29821,60838
2023-05-04 15:08:35,67,70,29821,60838
2023-05-04 15:08:37,67,69,29821,60838
2023-05-04 15:08:38,67,68,29821,60838
2023-05-04 15:08:41,67,69,29821,60838
2023-05-04 15:08:41,63,69,29821,60838
2023-05-04 15:08:42,64,69,29821,60838
2023-05-04 15:08:43,64,68,29821,60838
2023-05-04 15:08:53,68,71,29821,60842
2023-05-04 15:08:53,64,71,29821,60842
2023-05-04 15:08:53,64,70,29821,60842
2023-05-04 15:09:02,65,70,29821,60842
2023-05-04 15:09:22,66,70,29821,60842
2023-05-04 15:09:23,70,71,29821,60844
2023-05-04 15:09:23,66,71,29821,60844
2023-05-04 15:09:24,66,73,29821,60844
2023-05-04 15:09:24,66,72,29821,60844
2023-05-04 15:09:24,67,72,29821,60844
2023-05-04 15:09:28,67,73,29821,60844
2023-05-04 15:09:32,66,73,29821,60844
2023-05-04 15:09:32,66,72,29821,60844
2023-05-04 15:09:39,66,71,29821,60844
2023-05-04 15:10:03,66,70,29821,60844
2023-05-04 15:10:03,66,70,29906,60929
2023-05-04 15:10:03,66,71,29906,60929
2023-05-04 15:10:04,66,70,29906,60929
2023-05-04 15:10:04,66,71,29906,60929
2023-05-04 15:10:09,66,71,29906,60929
2023-05-04 15:10:09,66,70,29906,60929
2023-05-04 15:10:14,70,71,29906,60933
2023-05-04 15:10:14,66,71,29906,60937
2023-05-04 15:10:14,65,71,29906,60937
2023-05-04 15:10:14,64,71,29906,60937
2023-05-04 15:10:15,61,71,29906,60937
2023-05-04 15:10:16,62,71,29906,60937
2023-05-04 15:10:16,62,70,29906,60937
2023-05-04 15:10:27,62,69,29906,60937
2023-05-04 15:10:37,59,69,29906,60937
2023-05-04 15:10:38,60,69,29906,60937
2023-05-04 15:10:59,61,69,29906,60937
2023-05-04 15:11:07,61,68,29906,60937
2023-05-04 15:11:08,61,67,29906,60937
2023-05-04 15:11:20,61,66,29906,60937
2023-05-04 15:11:22,60,66,29906,60937
2023-05-04 15:11:22,57,66,29906,60937
2023-05-04 15:11:24,58,66,29906,60937
2023-05-04 15:11:26,59,66,29906,60937
2023-05-04 15:11:36,61,66,29906,60937
2023-05-04 15:11:45,62,66,29906,60937
2023-05-04 15:11:52,66,69,29906,60941
2023-05-04 15:11:52,62,69,29906,60941
2023-05-04 15:11:52,62,68,29906,60941
2023-05-04 15:12:23,61,68,29906,60941
2023-05-04 15:12:29,60,61,29906,60971
2023-05-04 15:12:29,60,68,29906,60971
2023-05-04 15:12:29,60,67,29906,60971
2023-05-04 15:12:29,60,68,29906,60971
2023-05-04 15:12:29,60,67,29906,60971
2023-05-04 15:12:29,60,67,29906,60979
2023-05-04 15:12:29,60,61,29906,60979
2023-05-04 15:12:29,59,61,29913,61001
2023-05-04 15:12:29,59,60,29913,61001
2023-05-04 15:12:30,56,59,29939,61027
2023-05-04 15:12:30,56,60,29939,61027
2023-05-04 15:12:30,56,59,29939,61027
2023-05-04 15:12:30,56,60,29939,61027
2023-05-04 15:12:31,56,60,30139,61227
2023-05-04 15:12:31,48,60,30139,61227
2023-05-04 15:12:31,48,59,30139,61227
2023-05-04 15:12:31,48,60,30139,61227
2023-05-04 15:12:35,46,60,30139,61227
2023-05-04 15:12:35,46,59,30139,61227
2023-05-04 15:12:40,45,59,30139,61227
2023-05-04 15:12:44,46,59,30139,61227
2023-05-04 15:12:45,46,57,30139,61227
2023-05-04 15:12:46,46,55,30139,61227
2023-05-04 15:12:50,46,54,30139,61227
2023-05-04 15:13:00,46,52,30139,61227
2023-05-04 15:13:01,46,51,30139,61227
2023-05-04 15:13:01,46,52,30139,61227
2023-05-04 15:13:02,46,51,30139,61227
2023-05-04 15:13:02,46,52,30139,61227
2023-05-04 15:13:14,42,52,30139,61227
2023-05-04 15:13:15,42,51,30139,61227
2023-05-04 15:13:16,42,50,30139,61227
2023-05-04 15:13:37,40,50,30139,61227
2023-05-04 15:13:38,40,49,30139,61227
2023-05-04 15:14:12,40,48,30139,61227
2023-05-04 15:14:17,40,47,30139,61227
2023-05-04 15:14:50,48,49,30139,61231
2023-05-04 15:14:50,40,48,30335,61427
2023-05-04 15:14:50,40,49,30335,61427
2023-05-04 15:15:01,40,48,30335,61427
2023-05-04 15:15:05,40,47,30335,61427
2023-05-04 15:15:06,40,44,30335,61427
2023-05-04 15:15:07,40,46,30335,61427
2023-05-04 15:15:08,37,40,30339,61581
2023-05-04 15:15:08,37,42,30339,61581
2023-05-04 15:15:09,37,41,30339,61581
2023-05-04 15:15:09,37,42,30339,61581
2023-05-04 15:15:10,37,46,30539,61781
2023-05-04 15:15:10,37,45,30539,61781
2023-05-04 15:15:11,35,45,30539,61781
2023-05-04 15:15:11,35,43,30539,61781
2023-05-04 15:15:17,35,42,30539,61781
2023-05-04 15:15:20,35,40,30539,61781
2023-05-04 15:15:21,35,39,30539,61781
2023-05-04 15:15:24,34,39,30541,61783
2023-05-04 15:15:25,34,39,30542,61934
2023-05-04 15:15:25,34,40,30542,61934
2023-05-04 15:15:26,31,39,30545,61937
2023-05-04 15:15:26,31,34,30545,61937
2023-05-04 15:15:27,31,33,30545,61937
2023-05-04 15:15:27,31,34,30545,61937
2023-05-04 15:15:33,31,34,30545,62087
2023-05-04 15:15:42,31,33,30545,62087
2023-05-04 15:15:42,31,34,30545,62087
2023-05-04 15:15:43,31,34,30545,62131
2023-05-04 15:15:55,28,34,30545,62131
2023-05-04 15:15:57,28,33,30545,62131
2023-05-04 15:16:29,26,28,30549,62385
2023-05-04 15:16:30,26,28,30549,62535
2023-05-04 15:16:31,28,33,30549,62631
2023-05-04 15:16:36,26,33,30549,62631
2023-05-04 15:16:52,28,33,30549,62631
2023-05-04 15:16:53,18,23,30876,63535
2023-05-04 15:16:53,18,23,30876,63585
2023-05-04 15:16:54,18,23,30876,63685
2023-05-04 15:16:54,18,23,30876,63885
2023-05-04 15:16:54,22,23,30876,63885
2023-05-04 15:16:55,22,23,30876,64085
2023-05-04 15:16:56,23,26,30876,64131
2023-05-04 15:16:56,22,26,30876,64131
2023-05-04 15:16:57,26,30,30676,64331
2023-05-04 15:16:59,26,30,30553,64481
2023-05-04 15:17:00,26,32,30553,64481
2023-05-04 15:17:02,26,30,30553,64481
2023-05-04 15:17:03,30,32,30544,64490
2023-05-04 15:17:07,30,31,30544,64490
2023-05-04 15:17:08,25,31,30548,64494
2023-05-04 15:17:11,22,31,30548,64494
2023-05-04 15:17:11,22,30,30548,64494
2023-05-04 15:17:12,22,30,30548,64644
2023-05-04 15:17:13,22,30,30548,64794
2023-05-04 15:17:14,22,30,30548,64944
2023-05-04 15:17:15,30,31,30548,64994
2023-05-04 15:17:16,31,34,30538,65004
2023-05-04 15:17:17,31,32,30538,65004
2023-05-04 15:17:18,31,32,30538,65154
2023-05-04 15:17:18,31,34,30538,65154
2023-05-04 15:17:21,25,34,30538,65154
2023-05-04 15:17:29,25,33,30538,65154
2023-05-04 15:17:30,23,33,30538,65154
2023-05-04 15:17:30,23,32,30538,65154
2023-05-04 15:17:40,24,32,30538,65154
2023-05-04 15:17:48,24,31,30538,65154
2023-05-04 15:18:06,24,30,30538,65154
2023-05-04 15:18:08,23,24,30592,65208
2023-05-04 15:18:08,23,30,30592,65208
2023-05-04 15:18:10,23,28,30592,65208
2023-05-04 15:18:11,22,23,30596,65212
2023-05-04 15:18:11,22,28,30596,65212
2023-05-04 15:18:19,22,26,30596,65212
2023-05-04 15:18:20,19,22,30596,65362
2023-05-04 15:18:20,19,26,30596,65362
2023-05-04 15:18:21,19,26,30446,65512
2023-05-04 15:18:23,19,26,30296,65662
2023-05-04 15:18:24,19,26,30146,65812
2023-05-04 15:18:28,19,26,29996,65962
2023-05-04 15:18:29,19,26,29846,66112
2023-05-04 15:18:30,19,25,29846,66112
2023-05-04 15:18:31,25,26,29836,66122
2023-05-04 15:18:32,19,25,29836,66262
2023-05-04 15:18:32,19,26,29836,66262
2023-05-04 15:18:33,19,26,29686,66412
2023-05-04 15:18:34,26,28,29582,66521
2023-05-04 15:18:35,19,26,29582,66562
2023-05-04 15:18:35,19,28,29582,66562
2023-05-04 15:18:40,19,25,29582,66562
2023-05-04 15:18:40,19,25,29432,66712
2023-05-04 15:18:42,19,25,29282,66862
2023-05-04 15:18:43,19,25,29132,67012
2023-05-04 15:18:44,19,25,28982,67162
2023-05-04 15:18:45,19,25,28832,67312
2023-05-04 15:18:46,19,25,28682,67462
2023-05-04 15:18:47,25,27,28582,67563
2023-05-04 15:18:55,24,27,28582,67563
2023-05-04 15:18:56,24,26,28582,67563
2023-05-04 15:18:57,26,27,28582,67565
2023-05-04 15:18:58,24,27,28582,67565
2023-05-04 15:19:17,24,25,28582,67565
2023-05-04 15:19:20,24,25,28432,67715
2023-05-04 15:19:21,24,25,28282,67865
2023-05-04 15:19:22,24,25,28132,68015
2023-05-04 15:19:23,24,25,27982,68165
2023-05-04 15:19:25,24,25,27832,68315
2023-05-04 15:19:26,24,25,27682,68465
2023-05-04 15:19:27,24,25,27532,68615
2023-05-04 15:19:28,24,25,27382,68765
2023-05-04 15:19:30,24,25,27232,68915
2023-05-04 15:19:31,24,25,27176,69065
2023-05-04 15:19:32,24,25,27176,69215
2023-05-04 15:19:33,24,25,27176,69365
2023-05-04 15:19:35,24,25,27176,69515
2023-05-04 15:19:36,25,27,27176,69565
2023-05-04 15:19:38,27,28,27178,69567
2023-05-04 15:19:40,27,31,27178,69567
2023-05-04 15:19:40,27,30,27178,69567
2023-05-04 15:19:58,25,30,27178,69567
2023-05-04 15:20:03,26,30,27178,69567
2023-05-04 15:20:03,27,30,27178,69567
2023-05-04 15:20:07,27,29,27178,69567
2023-05-04 15:20:11,29,30,27180,69569
2023-05-04 15:20:15,27,30,27180,69569
2023-05-04 15:20:15,27,29,27180,69569
2023-05-04 15:20:18,27,28,27180,69569
2023-05-04 15:20:21,25,27,27180,69573
2023-05-04 15:20:29,25,26,27180,69573
2023-05-04 15:20:30,26,27,27182,69575
2023-05-04 15:20:32,26,27,27332,69725
2023-05-04 15:20:33,26,27,27482,69875
2023-05-04 15:20:34,26,27,27632,70025
2023-05-04 15:20:36,27,30,27683,70076
2023-05-04 15:20:40,26,30,27683,70076
2023-05-04 15:20:52,26,29,27683,70076
2023-05-04 15:21:01,26,28,27683,70076
2023-05-04 15:21:06,26,27,27683,70076
2023-05-04 15:21:12,26,28,27683,70076
2023-05-04 15:21:16,24,28,27683,70076
2023-05-04 15:21:23,24,27,27683,70076
2023-05-04 15:21:29,24,28,27683,70076
2023-05-04 15:21:33,27,28,27683,70076
2023-05-04 15:21:39,27,28,27683,70080
2023-05-04 15:21:39,27,28,27683,70100
2023-05-04 15:21:39,27,28,27683,70120
2023-05-04 15:22:10,24,27,27683,70218
2023-05-04 15:22:11,24,28,27683,70218
2023-05-04 15:22:13,24,27,27683,70218
2023-05-04 15:22:18,22,27,27683,70218
2023-05-04 15:22:22,22,25,27683,70218
2023-05-04 15:22:32,22,26,27683,70218
2023-05-04 15:22:41,22,23,27683,70218
2023-05-04 15:22:43,22,23,27433,70468
2023-05-04 15:22:46,20,23,27433,70468
2023-05-04 15:22:48,20,22,27433,70468
2023-05-04 15:22:49,22,23,27435,70470
2023-05-04 15:22:53,21,23,27435,70470
2023-05-04 15:22:53,20,23,27435,70470
2023-05-04 15:22:54,21,23,27435,70470
2023-05-04 15:22:55,21,27,27435,70470
2023-05-04 15:22:55,22,27,27435,70470
2023-05-04 15:22:58,21,27,27435,70470
2023-05-04 15:22:58,21,26,27435,70470
2023-05-04 15:23:05,21,23,27435,70470
2023-05-04 15:23:15,21,22,27435,70470
2023-05-04 15:23:17,22,23,27437,70472
2023-05-04 15:23:20,23,27,27438,70473
2023-05-04 15:23:25,24,27,27438,70473
2023-05-04 15:23:25,24,28,27438,70473
2023-05-04 15:23:26,25,28,27438,70473
2023-05-04 15:23:27,26,28,27438,70473
2023-05-04 15:23:27,26,30,27438,70473
2023-05-04 15:23:27,26,29,27438,70473
2023-05-04 15:23:30,25,29,27438,70473
2023-05-04 15:23:32,26,29,27438,70473
2023-05-04 15:23:35,27,29,27438,70473
2023-05-04 15:23:36,28,29,27438,70473
2023-05-04 15:23:37,28,33,27438,70473
2023-05-04 15:23:38,28,32,27438,70473
2023-05-04 15:23:39,29,32,27438,70473
2023-05-04 15:23:42,30,32,27438,70473
2023-05-04 15:23:42,33,34,27440,70475
2023-05-04 15:23:47,29,34,27440,70475
2023-05-04 15:23:50,28,34,27440,70475
2023-05-04 15:23:55,28,33,27440,70475
2023-05-04 15:24:08,28,31,27440,70475
2023-05-04 15:24:10,28,31,27440,70497
2023-05-04 15:24:20,29,31,27440,70497
2023-05-04 15:24:21,29,31,27440,70697
2023-05-04 15:24:23,29,32,27440,70697
2023-05-04 15:24:24,30,32,27440,70697
2023-05-04 15:24:24,30,32,27442,70699
2023-05-04 15:24:24,30,31,27442,70699
2023-05-04 15:24:25,31,32,27442,70701
2023-05-04 15:24:27,30,32,27442,70701
2023-05-04 15:24:27,29,32,27442,70701
2023-05-04 15:24:37,30,32,27442,70701
2023-05-04 15:24:40,30,34,27444,70703
2023-05-04 15:24:45,31,34,27444,70703
2023-05-04 15:24:46,32,34,27444,70703
2023-05-04 15:24:47,31,34,27444,70703
2023-05-04 15:24:50,31,33,27444,70703
2023-05-04 15:25:11,30,33,27444,70703
2023-05-04 15:25:12,29,33,27444,70703
2023-05-04 15:25:26,30,33,27444,70703
2023-05-04 15:25:27,31,33,27444,70703
2023-05-04 15:25:28,32,33,27444,70703
2023-05-04 15:25:28,37,38,27427,70731
2023-05-04 15:25:30,37,38,27425,70733
2023-05-04 15:25:30,36,38,27425,70733
2023-05-04 15:25:31,36,40,27425,70733
2023-05-04 15:25:31,36,41,27425,70733
2023-05-04 15:25:31,36,42,27425,70733
2023-05-04 15:25:31,37,42,27425,70733
2023-05-04 15:25:32,37,38,27425,70733
2023-05-04 15:25:50,38,43,27425,70735
2023-05-04 15:25:52,39,43,27425,70735
2023-05-04 15:25:53,38,43,27425,70735
2023-05-04 15:25:55,38,44,27428,70838
2023-05-04 15:25:55,38,43,27428,70838
2023-05-04 15:26:00,43,44,27450,70860
2023-05-04 15:26:01,42,43,27450,70941
2023-05-04 15:26:03,38,42,27425,70966
2023-05-04 15:26:08,38,43,27425,70966
2023-05-04 15:26:11,39,43,27425,70966
2023-05-04 15:26:14,38,43,27425,70966
2023-05-04 15:26:14,38,41,27425,70966
2023-05-04 15:26:22,42,43,27427,71018
2023-05-04 15:26:23,42,43,27429,71020
2023-05-04 15:26:27,42,43,27429,71170
2023-05-04 15:26:28,39,43,27429,71170
2023-05-04 15:26:28,39,42,27429,71170
2023-05-04 15:26:30,39,43,27429,71170
2023-05-04 15:26:38,40,43,27429,71170
2023-05-04 15:26:40,39,43,27429,71170
2023-05-04 15:26:44,40,43,27429,71170
2023-05-04 15:26:45,41,43,27429,71170
2023-05-04 15:26:46,41,46,27429,71170
2023-05-04 15:26:49,41,45,27429,71170
2023-05-04 15:27:00,41,44,27429,71170
2023-05-04 15:27:08,41,42,27429,71170
2023-05-04 15:27:22,41,43,27429,71170
2023-05-04 15:27:23,39,43,27429,71170
2023-05-04 15:27:23,39,42,27429,71170
2023-05-04 15:27:23,38,42,27429,71170
2023-05-04 15:27:24,38,41,27429,71170
2023-05-04 15:27:27,38,42,27429,71170
2023-05-04 15:27:45,38,44,27429,71170
2023-05-04 15:27:46,38,42,27429,71170
2023-05-04 15:27:59,37,41,27429,71170
2023-05-04 15:28:02,36,41,27429,71170
2023-05-04 15:28:08,36,40,27429,71170
2023-05-04 15:28:10,36,41,27429,71170
2023-05-04 15:28:17,37,41,27429,71170
2023-05-04 15:28:21,38,41,27429,71170
2023-05-04 15:28:26,38,41,27444,71185
2023-05-04 15:28:26,38,39,27444,71185
2023-05-04 15:28:29,40,41,27429,71200
2023-05-04 15:28:40,40,44,27437,71208
2023-05-04 15:28:42,40,41,27437,71208
2023-05-04 15:28:48,42,44,27441,71212
2023-05-04 15:28:58,42,47,27445,71216
2023-05-04 15:29:07,43,47,27445,71216
2023-05-04 15:29:09,42,47,27445,71216
2023-05-04 15:29:11,43,47,27445,71216
2023-05-04 15:29:12,45,47,27445,71216
2023-05-04 15:29:13,45,47,27445,71366
2023-05-04 15:29:13,43,47,27445,71366
2023-05-04 15:29:17,44,47,27445,71366
2023-05-04 15:29:18,45,47,27445,71366
2023-05-04 15:29:19,45,47,27445,71376
2023-05-04 15:29:19,44,45,27445,71396
2023-05-04 15:29:22,44,46,27445,71396
2023-05-04 15:29:30,45,46,27445,71396
2023-05-04 15:29:33,46,47,27425,71420
2023-05-04 15:29:34,45,47,27425,71420
2023-05-04 15:29:34,44,47,27425,71420
2023-05-04 15:29:34,45,47,27425,71420
2023-05-04 15:29:38,48,49,27429,71424
2023-05-04 15:29:39,48,49,27429,71574
2023-05-04 15:29:40,44,48,27429,71642
2023-05-04 15:29:45,44,49,27429,71642
2023-05-04 15:29:46,44,48,27429,71642
2023-05-04 15:29:57,45,48,27429,71642
2023-05-04 15:29:58,46,48,27429,71642
2023-05-04 15:29:58,45,46,27429,71662
2023-05-04 15:30:01,44,46,27429,71662
2023-05-04 15:30:04,44,47,27429,71662
2023-05-04 15:30:05,45,47,27429,71662
2023-05-04 15:30:05,46,47,27429,71662
2023-05-04 15:30:34,47,48,27409,71686
2023-05-04 15:30:35,46,48,27409,71686
2023-05-04 15:30:35,47,48,27409,71686
2023-05-04 15:30:36,48,49,27409,71692
2023-05-04 15:30:36,47,49,27409,71692
2023-05-04 15:30:36,48,49,27409,71692
2023-05-04 15:30:37,49,51,27272,71829
2023-05-04 15:30:37,48,51,27272,71829
2023-05-04 15:30:37,50,51,27272,71829
2023-05-04 15:30:37,49,51,27272,71829
2023-05-04 15:30:37,48,51,27272,71829
2023-05-04 15:30:37,48,53,27272,71829
2023-05-04 15:30:37,48,52,27272,71829
2023-05-04 15:30:39,48,54,27272,71829
2023-05-04 15:30:39,48,53,27272,71829
2023-05-04 15:30:39,48,52,27272,71829
2023-05-04 15:30:39,49,52,27272,71829
2023-05-04 15:30:45,49,54,27272,71829
2023-05-04 15:30:47,52,54,27272,71829
2023-05-04 15:30:51,53,54,27272,71829
2023-05-04 15:30:52,52,54,27272,71829
2023-05-04 15:30:56,53,54,27272,71829
2023-05-04 15:30:57,52,53,27272,71849
2023-05-04 15:30:59,52,54,27272,71849
2023-05-04 15:30:59,52,53,27272,71849
2023-05-04 15:31:05,53,54,27272,71853
2023-05-04 15:31:05,52,54,27272,71853
2023-05-04 15:31:05,53,54,27272,71853
2023-05-04 15:31:11,54,57,27252,71875
2023-05-04 15:31:12,56,57,27252,71875
2023-05-04 15:31:13,56,60,27252,71875
2023-05-04 15:31:14,58,60,27252,71875
2023-05-04 15:31:16,57,58,27252,71895
2023-05-04 15:31:17,56,58,27252,71895
2023-05-04 15:31:18,56,58,27251,71896
2023-05-04 15:31:19,55,58,27251,71896
2023-05-04 15:31:19,55,56,27251,71896
2023-05-04 15:31:19,54,56,27251,71896
2023-05-04 15:31:20,54,58,27251,71896
2023-05-04 15:31:21,54,59,27251,71896
2023-05-04 15:31:21,54,58,27251,71896
2023-05-04 15:31:27,55,58,27251,71896
2023-05-04 15:31:29,54,55,27249,71898
2023-05-04 15:31:31,54,55,27099,72048
2023-05-04 15:31:32,50,54,27097,72050
2023-05-04 15:31:32,51,54,27097,72050
2023-05-04 15:31:32,52,54,27097,72050
2023-05-04 15:31:35,54,58,26958,72198
2023-05-04 15:31:35,52,58,26958,72198
2023-05-04 15:31:35,53,58,26958,72198
2023-05-04 15:31:48,54,58,26958,72198
2023-05-04 15:31:52,53,58,26958,72198
2023-05-04 15:31:52,54,58,26958,72198
2023-05-04 15:32:08,58,59,26958,72200
2023-05-04 15:32:08,54,59,26958,72200
2023-05-04 15:32:16,59,60,26938,72274
2023-05-04 15:32:16,54,60,26938,72274
2023-05-04 15:32:17,54,59,26938,72274
2023-05-04 15:32:20,54,58,26938,72274
2023-05-04 15:32:25,54,57,26938,72274
2023-05-04 15:32:28,54,58,26938,72274
2023-05-04 15:32:30,54,60,26938,72274
2023-05-04 15:32:34,55,60,26938,72274
2023-05-04 15:32:34,60,61,26938,72298
2023-05-04 15:32:34,55,61,26938,72298
2023-05-04 15:32:41,55,60,26938,72298
2023-05-04 15:32:44,55,61,26938,72298
2023-05-04 15:32:53,56,61,26938,72298
2023-05-04 15:33:01,55,61,26938,72298
2023-05-04 15:33:01,61,62,26938,72322
2023-05-04 15:33:01,55,62,26938,72322
2023-05-04 15:33:01,55,61,26938,72322
2023-05-04 15:33:02,60,61,26938,72322
2023-05-04 15:33:02,61,62,26938,72342
2023-05-04 15:33:02,60,62,26938,72342
2023-05-04 15:33:03,55,60,26938,72382
2023-05-04 15:33:03,60,62,26938,72492
2023-05-04 15:33:03,55,62,26938,72492
2023-05-04 15:33:04,55,61,26938,72492
2023-05-04 15:33:04,61,62,26938,72512
2023-05-04 15:33:05,55,62,26938,72512
2023-05-04 15:33:05,54,62,26938,72512
2023-05-04 15:33:05,60,62,26938,72512
2023-05-04 15:33:05,60,61,26938,72512
2023-05-04 15:33:05,54,60,26938,72532
2023-05-04 15:33:06,60,61,26938,72662
2023-05-04 15:33:06,54,61,26938,72662
2023-05-04 15:33:06,55,61,26938,72662
2023-05-04 15:33:06,60,61,26938,72662
2023-05-04 15:33:07,61,62,26938,72682
2023-05-04 15:33:07,60,62,26938,72682
2023-05-04 15:33:08,62,63,26938,72806
2023-05-04 15:33:08,60,63,26938,72806
2023-05-04 15:33:08,61,63,26938,72806
2023-05-04 15:33:08,60,61,26938,72826
2023-05-04 15:33:09,61,63,26938,72956
2023-05-04 15:33:09,60,63,26938,72956
2023-05-04 15:33:10,55,60,26938,72980
2023-05-04 15:33:10,56,60,26938,72980
2023-05-04 15:33:10,57,60,26938,72980
2023-05-04 15:33:10,60,63,26938,73106
2023-05-04 15:33:10,57,63,26938,73106
2023-05-04 15:33:11,57,64,26938,73106
2023-05-04 15:33:11,64,65,26938,73126
2023-05-04 15:33:11,57,65,26938,73126
2023-05-04 15:33:12,63,65,26938,73126
2023-05-04 15:33:13,57,63,26938,73146
2023-05-04 15:33:14,63,65,26938,73276
2023-05-04 15:33:14,57,65,26938,73276
2023-05-04 15:33:14,57,64,26938,73276
2023-05-04 15:33:15,64,65,26938,73296
2023-05-04 15:33:15,57,65,26938,73296
2023-05-04 15:33:15,58,65,26938,73296
2023-05-04 15:33:15,63,65,26938,73296
2023-05-04 15:33:15,58,63,26938,73316
2023-05-04 15:33:20,57,63,26938,73316
2023-05-04 15:33:22,58,64,26938,73316
2023-05-04 15:33:43,59,64,26938,73316
2023-05-04 15:33:46,60,64,26938,73316
2023-05-04 15:33:48,61,64,26938,73316
2023-05-04 15:33:49,60,64,26938,73316
2023-05-04 15:33:49,64,67,26938,73320
2023-05-04 15:33:49,60,67,26938,73320
2023-05-04 15:33:51,60,63,26938,73320
2023-05-04 15:33:51,63,67,26938,73368
2023-05-04 15:33:52,60,67,26938,73368
2023-05-04 15:33:54,60,66,26938,73368
2023-05-04 15:34:01,60,65,26938,73368
2023-05-04 15:34:03,60,66,26938,73368
2023-05-04 15:34:09,61,66,26938,73368
2023-05-04 15:34:12,62,66,26938,73368
2023-05-04 15:34:12,63,66,26938,73368
2023-05-04 15:34:13,66,67,26938,73472
2023-05-04 15:34:13,63,67,26938,73472
2023-05-04 15:34:13,64,67,26938,73472
2023-05-04 15:34:13,63,67,26938,73472
2023-05-04 15:34:14,64,67,26938,73472
2023-05-04 15:34:17,65,67,26938,73472
2023-05-04 15:34:18,64,67,26938,73472
2023-05-04 15:34:42,64,68,26938,73472
2023-05-04 15:34:51,65,68,26938,73472
2023-05-04 15:34:54,64,68,26938,73472
2023-05-04 15:34:59,65,68,26938,73472
2023-05-04 15:35:01,65,72,26938,73472
2023-05-04 15:35:01,68,72,26938,73472
2023-05-04 15:35:01,65,72,26938,73472
2023-05-04 15:35:02,65,71,26938,73472
2023-05-04 15:35:04,68,71,26938,73472
2023-05-04 15:35:06,68,71,27088,73622
2023-05-04 15:35:08,66,68,27138,73672
2023-05-04 15:35:09,68,71,27138,73772
2023-05-04 15:35:09,66,71,27138,73772
2023-05-04 15:35:09,67,71,27138,73772
2023-05-04 15:35:12,66,71,27138,73772
2023-05-04 15:35:29,66,70,27138,73772
2023-05-04 15:35:35,70,71,27138,73872
2023-05-04 15:35:35,66,71,27138,73872
2023-05-04 15:35:36,67,71,27138,73872
2023-05-04 15:35:40,67,74,27138,73872
2023-05-04 15:35:48,67,72,27138,73872
2023-05-04 15:35:50,67,71,27138,73872
2023-05-04 15:35:51,67,72,27138,73872
2023-05-04 15:35:56,67,73,27138,73872
2023-05-04 15:35:58,67,74,27138,73872
2023-05-04 15:36:01,68,74,27138,73872
2023-05-04 15:36:03,67,74,27138,73872
2023-05-04 15:36:03,68,74,27138,73872
2023-05-04 15:36:04,68,73,27138,73872
2023-05-04 15:36:13,68,72,27138,73872
2023-05-04 15:36:14,68,71,27138,73872
2023-05-04 15:36:19,68,72,27138,73872
2023-05-04 15:36:21,72,73,27158,73892
2023-05-04 15:36:21,71,72,27178,73912
2023-05-04 15:36:22,68,71,27178,73932
2023-05-04 15:36:24,67,71,27178,73932
2023-05-04 15:36:29,68,71,27178,73932
2023-05-04 15:36:30,71,74,27178,73936
2023-05-04 15:36:30,68,74,27178,73936
2023-05-04 15:36:30,67,74,27178,73936
2023-05-04 15:36:34,68,74,27178,73936
2023-05-04 15:36:35,69,74,27178,73936
2023-05-04 15:36:38,69,76,27282,74040
2023-05-04 15:36:41,70,76,27282,74040
2023-05-04 15:36:42,71,76,27282,74040
2023-05-04 15:36:56,72,76,27282,74040
2023-05-04 15:36:57,76,79,27282,74044
2023-05-04 15:36:57,72,79,27282,74044
2023-05-04 15:36:57,73,79,27282,74044
2023-05-04 15:36:58,73,80,27282,74044
2023-05-04 15:36:58,73,81,27282,74044
2023-05-04 15:36:58,74,81,27282,74044
2023-05-04 15:36:58,74,80,27282,74044
2023-05-04 15:37:00,75,80,27282,74044
2023-05-04 15:37:00,75,81,27282,74044
2023-05-04 15:37:00,76,81,27282,74044
2023-05-04 15:37:00,77,81,27282,74044
2023-05-04 15:37:01,78,81,27282,74044
2023-05-04 15:37:01,81,83,27282,74144
2023-05-04 15:37:01,78,83,27282,74144
2023-05-04 15:37:02,79,83,27282,74144
2023-05-04 15:37:02,83,84,27228,74208
2023-05-04 15:37:02,79,84,27228,74208
2023-05-04 15:37:02,79,85,27228,74208
2023-05-04 15:37:02,79,86,27228,74208
2023-05-04 15:37:03,79,84,27228,74208
2023-05-04 15:37:03,79,86,27228,74208
2023-05-04 15:37:03,79,85,27228,74208
2023-05-04 15:37:03,79,86,27228,74208
2023-05-04 15:37:07,79,84,27228,74208
2023-05-04 15:37:07,78,84,27228,74208
2023-05-04 15:37:10,78,83,27228,74208
2023-05-04 15:37:21,78,82,27228,74208
2023-05-04 15:37:21,78,83,27228,74208
2023-05-04 15:37:25,78,82,27228,74208
2023-05-04 15:37:32,78,83,27228,74208
2023-05-04 15:37:37,79,83,27228,74208
2023-05-04 15:37:37,79,84,27228,74208
2023-05-04 15:37:43,79,85,27287,74267
2023-05-04 15:37:50,79,84,27287,74267
2023-05-04 15:37:52,79,85,27317,74297
2023-05-04 15:37:52,83,85,27317,74297
2023-05-04 15:37:52,79,83,27307,74317
2023-05-04 15:37:52,79,85,27307,74317
2023-05-04 15:37:54,79,83,27307,74317
2023-05-04 15:37:54,78,83,27307,74317
2023-05-04 15:38:01,78,82,27307,74317
2023-05-04 15:38:03,78,81,27307,74317
2023-05-04 15:38:03,77,78,27307,74320
2023-05-04 15:38:06,77,80,27307,74320
2023-05-04 15:38:06,77,81,27307,74320
2023-05-04 15:38:06,77,80,27307,74320
2023-05-04 15:38:06,77,81,27307,74320
2023-05-04 15:38:06,77,79,27307,74320
2023-05-04 15:38:06,77,80,27307,74320
2023-05-04 15:38:06,77,81,27307,74320
2023-05-04 15:38:07,77,80,27307,74320
2023-05-04 15:38:07,77,79,27307,74320
2023-05-04 15:38:07,73,77,27307,74324
2023-05-04 15:38:08,73,79,27307,74324
2023-05-04 15:38:11,73,80,27307,74324
2023-05-04 15:38:12,72,80,27307,74324
2023-05-04 15:38:12,72,79,27307,74324
2023-05-04 15:38:14,72,78,27307,74324
2023-05-04 15:38:16,71,78,27307,74324
2023-05-04 15:38:16,72,78,27307,74324
2023-05-04 15:38:18,72,79,27307,74324
2023-05-04 15:38:18,72,78,27307,74324
2023-05-04 15:38:24,72,78,27307,74328
2023-05-04 15:38:25,72,73,27307,74328
2023-05-04 15:38:25,73,78,27303,74332
2023-05-04 15:38:25,72,78,27303,74332
2023-05-04 15:38:31,73,78,27303,74332
2023-05-04 15:38:33,72,78,27303,74332
2023-05-04 15:38:46,72,77,27303,74332
2023-05-04 15:38:48,70,72,27303,74337
2023-05-04 15:38:49,69,72,27303,74337
2023-05-04 15:38:52,68,72,27303,74337
2023-05-04 15:38:52,68,74,27303,74337
2023-05-04 15:38:52,68,75,27303,74337
2023-05-04 15:38:55,68,76,27303,74337
2023-05-04 15:38:55,69,76,27303,74337
2023-05-04 15:38:59,69,75,27303,74337
2023-05-04 15:39:03,69,76,27303,74337
2023-05-04 15:39:03,69,75,27303,74337
2023-05-04 15:39:16,70,75,27303,74337
2023-05-04 15:39:16,71,75,27303,74337
2023-05-04 15:39:20,70,75,27303,74337
2023-05-04 15:39:25,69,75,27303,74337
2023-05-04 15:39:25,69,76,27303,74337
2023-05-04 15:39:25,70,76,27303,74337
2023-05-04 15:39:59,70,75,27303,74337
2023-05-04 15:40:00,70,74,27303,74337
2023-05-04 15:40:03,70,73,27303,74337
2023-05-04 15:40:03,69,73,27303,74337
2023-05-04 15:40:03,68,73,27303,74337
2023-05-04 15:40:04,68,72,27303,74337
2023-05-04 15:40:06,68,71,27303,74337
2023-05-04 15:40:06,67,68,27303,74341
2023-05-04 15:40:07,67,70,27303,74341
2023-05-04 15:40:07,67,72,27303,74341
2023-05-04 15:40:08,63,67,27303,74345
2023-05-04 15:40:10,64,67,27303,74345
2023-05-04 15:40:10,63,67,27303,74345
2023-05-04 15:40:15,63,70,27303,74345
2023-05-04 15:40:15,63,72,27303,74345
2023-05-04 15:40:17,65,72,27303,74345
2023-05-04 15:40:18,65,73,27303,74345
2023-05-04 15:40:19,66,73,27303,74345
2023-05-04 15:40:20,66,74,27303,74345
2023-05-04 15:40:22,66,73,27303,74345
2023-05-04 15:40:29,67,73,27303,74345
2023-05-04 15:40:32,66,73,27303,74345
2023-05-04 15:40:50,67,73,27303,74345
2023-05-04 15:40:52,66,73,27303,74345
2023-05-04 15:40:59,67,73,27303,74345
2023-05-04 15:41:00,66,73,27303,74345
2023-05-04 15:41:00,66,74,27303,74345
2023-05-04 15:41:00,67,74,27303,74345
2023-05-04 15:41:01,67,73,27303,74345
2023-05-04 15:41:07,67,74,27303,74345
2023-05-04 15:41:12,68,74,27303,74345
2023-05-04 15:41:12,69,74,27303,74345
2023-05-04 15:41:12,70,74,27303,74345
2023-05-04 15:41:16,71,74,27303,74345
2023-05-04 15:41:17,70,74,27303,74345
2023-05-04 15:41:24,69,74,27303,74345
2023-05-04 15:41:24,67,74,27303,74345
2023-05-04 15:41:25,67,75,27303,74345
2023-05-04 15:41:25,70,75,27303,74345
2023-05-04 15:41:32,75,76,27327,74369
2023-05-04 15:41:33,75,76,27477,74519
2023-05-04 15:41:33,74,75,27503,74545
2023-05-04 15:41:33,74,76,27503,74545
2023-05-04 15:41:33,74,75,27503,74545
2023-05-04 15:41:34,70,74,27503,74565
2023-05-04 15:41:39,70,75,27503,74565
2023-05-04 15:41:43,70,74,27503,74565
2023-05-04 15:41:44,70,73,27503,74565
2023-05-04 15:41:44,67,73,27503,74565
2023-05-04 15:41:50,65,73,27503,74565
2023-05-04 15:41:54,65,72,27503,74565
2023-05-04 15:41:57,65,71,27503,74565
2023-05-04 15:41:57,65,72,27503,74565
2023-05-04 15:41:57,65,70,27503,74565
2023-05-04 15:41:57,65,69,27503,74565
2023-05-04 15:41:57,65,70,27503,74565
2023-05-04 15:41:57,65,71,27503,74565
2023-05-04 15:42:10,65,72,27503,74565
2023-05-04 15:42:14,63,72,27503,74565
2023-05-04 15:42:14,63,71,27503,74565
2023-05-04 15:42:18,63,70,27503,74565
2023-05-04 15:42:29,63,69,27503,74565
2023-05-04 15:42:30,63,70,27503,74565
2023-05-04 15:42:30,63,69,27503,74565
2023-05-04 15:42:30,63,70,27503,74565
2023-05-04 15:42:30,63,68,27503,74565
2023-05-04 15:42:31,63,67,27503,74565
2023-05-04 15:42:31,63,66,27503,74565
2023-05-04 15:42:31,63,68,27503,74565
2023-05-04 15:42:31,57,68,27503,74573
2023-05-04 15:42:31,56,68,27503,74573
2023-05-04 15:42:31,56,63,27503,74573
2023-05-04 15:42:32,61,63,27503,74573
2023-05-04 15:42:33,61,62,27503,74573
2023-05-04 15:42:33,61,63,27503,74573
2023-05-04 15:42:33,56,61,27503,74581
2023-05-04 15:42:33,56,63,27503,74581
2023-05-04 15:42:34,56,62,27503,74581
2023-05-04 15:42:34,56,60,27503,74581
2023-05-04 15:42:36,56,58,27503,74581
2023-05-04 15:42:36,53,58,27503,74581
2023-05-04 15:42:36,48,58,27503,74581
2023-05-04 15:42:37,56,58,27503,74581
2023-05-04 15:42:39,46,56,27503,74592
2023-05-04 15:42:39,46,58,27503,74592
2023-05-04 15:42:39,46,57,27503,74592
2023-05-04 15:42:39,46,54,27503,74592
2023-05-04 15:42:39,46,55,27503,74592
2023-05-04 15:42:39,47,55,27503,74592
2023-05-04 15:42:39,47,56,27503,74592
2023-05-04 15:42:39,47,58,27503,74592
2023-05-04 15:42:39,47,60,27503,74592
2023-05-04 15:42:40,48,60,27503,74592
2023-05-04 15:42:41,49,60,27503,74592
2023-05-04 15:42:41,49,62,27503,74592
2023-05-04 15:42:44,48,62,27503,74592
2023-05-04 15:42:52,48,59,27503,74592
2023-05-04 15:43:00,50,59,27503,74592
2023-05-04 15:43:00,50,60,27503,74592
2023-05-04 15:43:00,50,62,27503,74592
2023-05-04 15:43:01,48,62,27503,74592
2023-05-04 15:43:01,50,62,27503,74592
2023-05-04 15:43:05,48,62,27503,74592
2023-05-04 15:43:07,48,60,27503,74592
2023-05-04 15:43:07,48,59,27503,74592
2023-05-04 15:43:12,48,61,27503,74592
2023-05-04 15:43:17,48,58,27503,74592
2023-05-04 15:43:19,48,57,27503,74592
2023-05-04 15:43:19,48,58,27503,74592
2023-05-04 15:43:19,48,55,27503,74592
2023-05-04 15:43:20,48,58,27503,74592
2023-05-04 15:43:24,48,56,27503,74592
2023-05-04 15:43:31,45,56,27503,74592
2023-05-04 15:43:31,45,58,27503,74592
2023-05-04 15:43:32,45,56,27503,74592
2023-05-04 15:43:33,46,56,27503,74592
2023-05-04 15:43:37,47,56,27503,74592
2023-05-04 15:43:38,45,46,27543,74632
2023-05-04 15:43:38,46,48,27652,74792
2023-05-04 15:43:38,45,48,27652,74792
2023-05-04 15:43:38,45,47,27652,74792
2023-05-04 15:43:39,47,48,27652,74812
2023-05-04 15:43:39,45,48,27652,74812
2023-05-04 15:43:40,46,48,27652,74812
2023-05-04 15:43:40,48,56,27652,74832
2023-05-04 15:43:40,46,56,27652,74832
2023-05-04 15:43:43,45,56,27652,74832
2023-05-04 15:43:46,44,56,27652,74832
2023-05-04 15:43:51,44,55,27652,74832
2023-05-04 15:43:52,44,54,27652,74832
2023-05-04 15:43:52,44,55,27652,74832
2023-05-04 15:43:52,44,54,27652,74832
2023-05-04 15:43:52,44,53,27652,74832
2023-05-04 15:43:52,44,54,27652,74832
2023-05-04 15:43:53,44,53,27652,74832
2023-05-04 15:43:59,44,52,27652,74832
2023-05-04 15:43:59,44,51,27652,74832
2023-05-04 15:43:59,44,52,27652,74832
2023-05-04 15:43:59,44,51,27652,74832
2023-05-04 15:43:59,44,49,27652,74832
2023-05-04 15:44:00,44,50,27652,74832
2023-05-04 15:44:00,44,51,27652,74832
2023-05-04 15:44:00,44,52,27652,74832
2023-05-04 15:44:03,44,50,27652,74832
2023-05-04 15:44:03,44,49,27652,74832
2023-05-04 15:44:04,44,48,27652,74832
2023-05-04 15:44:05,44,47,27652,74832
2023-05-04 15:44:10,38,44,27628,74856
2023-05-04 15:44:10,38,47,27628,74856
2023-05-04 15:44:10,38,48,27628,74856
2023-05-04 15:44:10,38,44,27628,74856
2023-05-04 15:44:11,38,42,27628,74856
2023-05-04 15:44:11,38,43,27628,74856
2023-05-04 15:44:11,38,45,27628,74856
2023-05-04 15:44:11,38,47,27628,74856
2023-05-04 15:44:13,39,47,27628,74856
2023-05-04 15:44:13,39,46,27628,74856
2023-05-04 15:44:24,39,47,27628,74856
2023-05-04 15:44:25,36,39,27588,74896
2023-05-04 15:44:25,36,47,27588,74896
2023-05-04 15:44:25,36,44,27588,74896
2023-05-04 15:44:25,36,45,27588,74896
2023-05-04 15:44:25,36,46,27588,74896
2023-05-04 15:44:30,36,46,27588,74896
2023-05-04 15:44:31,36,44,27588,74896
2023-05-04 15:44:40,36,43,27588,74896
2023-05-04 15:44:41,36,42,27588,74896
2023-05-04 15:44:45,36,43,27588,74896
2023-05-04 15:44:47,36,42,27588,74896
2023-05-04 15:44:54,36,41,27588,74896
2023-05-04 15:44:55,36,40,27588,74896
2023-05-04 15:44:56,35,36,27587,74900
2023-05-04 15:44:56,35,40,27587,74900
2023-05-04 15:44:56,35,39,27587,74900
2023-05-04 15:44:58,32,35,27510,75054
2023-05-04 15:44:58,32,39,27510,75054
2023-05-04 15:44:58,32,38,27510,75054
2023-05-04 15:44:58,31,38,27510,75054
2023-05-04 15:44:59,31,39,27510,75054
2023-05-04 15:45:00,30,39,27510,75054
2023-05-04 15:45:01,30,39,27510,75254
2023-05-04 15:45:01,30,38,27510,75254
2023-05-04 15:45:02,30,37,27510,75254
2023-05-04 15:45:02,28,30,27510,75279
2023-05-04 15:45:02,28,37,27510,75279
2023-05-04 15:45:02,28,36,27510,75279
2023-05-04 15:45:03,28,34,27510,75279
2023-05-04 15:45:03,28,35,27510,75279
2023-05-04 15:45:03,28,29,27510,75279
2023-05-04 15:45:03,27,29,27510,75279
2023-05-04 15:45:03,26,29,27510,75279
2023-05-04 15:45:03,25,29,27510,75279
2023-05-04 15:45:03,25,34,27510,75279
2023-05-04 15:45:05,25,34,27510,75479
2023-05-04 15:45:07,24,25,27510,75579
2023-05-04 15:45:07,24,34,27510,75579
2023-05-04 15:45:07,24,31,27510,75579
2023-05-04 15:45:07,24,30,27510,75579
2023-05-04 15:45:07,24,29,27510,75579
2023-05-04 15:45:07,24,34,27510,75579
2023-05-04 15:45:13,26,34,27510,75579
2023-05-04 15:45:14,24,26,27510,75654
2023-05-04 15:45:14,24,34,27510,75654
2023-05-04 15:45:15,24,35,27510,75654
2023-05-04 15:45:15,24,32,27510,75654
2023-05-04 15:45:15,24,31,27510,75654
2023-05-04 15:45:15,24,32,27510,75654
2023-05-04 15:45:15,26,34,27510,75654
2023-05-04 15:45:16,24,26,27512,75656
2023-05-04 15:45:16,24,34,27512,75656
2023-05-04 15:45:16,24,32,27512,75656
2023-05-04 15:45:16,24,29,27512,75656
2023-05-04 15:45:16,24,31,27512,75656
2023-05-04 15:45:16,24,34,27512,75656
2023-05-04 15:45:17,21,34,27512,75656
2023-05-04 15:45:17,22,34,27512,75656
2023-05-04 15:45:17,22,33,27512,75656
2023-05-04 15:45:17,22,32,27512,75656
2023-05-04 15:45:18,26,32,27512,75656
2023-05-04 15:45:19,22,26,27514,75808
2023-05-04 15:45:19,22,32,27514,75808
2023-05-04 15:45:19,22,28,27514,75808
2023-05-04 15:45:19,22,27,27514,75808
2023-05-04 15:45:19,22,28,27514,75808
2023-05-04 15:45:19,22,29,27514,75808
2023-05-04 15:45:19,22,30,27514,75808
2023-05-04 15:45:19,22,32,27514,75808
2023-05-04 15:45:20,27,32,27514,75808
2023-05-04 15:45:21,22,27,27514,75958
2023-05-04 15:45:21,22,32,27514,75958
2023-05-04 15:45:21,22,31,27514,75958
2023-05-04 15:45:21,22,29,27514,75958
2023-05-04 15:45:21,22,27,27514,75958
2023-05-04 15:45:21,22,28,27514,75958
2023-05-04 15:45:21,22,31,27514,75958
2023-05-04 15:45:22,22,32,27514,75958
2023-05-04 15:45:22,22,31,27514,75958
