datetime,bid,ask,open_interest,volume
2023-04-11 09:30:06,7,12,935,1181
2023-04-11 09:30:08,7,14,935,1181
2023-04-11 09:31:04,7,12,935,1181
2023-04-11 09:31:04,8,12,935,1181
2023-04-11 09:32:03,9,12,935,1181
2023-04-11 09:32:33,10,12,935,1181
2023-04-11 09:33:00,9,12,935,1181
2023-04-11 09:33:25,8,12,935,1181
2023-04-11 09:33:36,8,11,935,1181
2023-04-11 09:33:49,8,10,935,1181
2023-04-11 09:33:54,7,10,935,1181
2023-04-11 09:35:12,7,9,935,1181
2023-04-11 09:35:16,7,9,973,1219
2023-04-11 09:35:27,7,10,973,1219
2023-04-11 09:35:27,7,9,973,1219
2023-04-11 09:35:34,7,8,973,1219
2023-04-11 09:36:26,7,10,973,1219
2023-04-11 09:36:44,7,9,973,1219
2023-04-11 09:37:42,8,9,973,1219
2023-04-11 09:37:46,8,9,1003,1249
2023-04-11 09:37:47,8,10,1003,1249
2023-04-11 09:37:47,8,11,1003,1249
2023-04-11 09:39:04,8,12,1003,1249
2023-04-11 09:39:05,9,12,1003,1249
2023-04-11 09:39:20,8,12,1003,1249
2023-04-11 09:39:20,9,12,1003,1249
2023-04-11 09:39:24,10,12,1003,1249
2023-04-11 09:39:25,12,13,1005,1251
2023-04-11 09:39:28,10,13,1005,1251
2023-04-11 09:39:38,10,13,1121,1367
2023-04-11 09:39:58,10,12,1121,1367
2023-04-11 09:40:11,9,12,1121,1376
2023-04-11 09:40:11,9,12,1121,1393
2023-04-11 09:40:32,10,12,1121,1393
2023-04-11 09:41:18,10,14,1975,2393
2023-04-11 09:41:19,11,14,1975,2393
2023-04-11 09:42:01,12,14,1975,2393
2023-04-11 09:42:01,12,14,1975,2476
2023-04-11 09:42:13,12,14,1975,2645
2023-04-11 09:42:13,12,14,1975,2814
2023-04-11 09:42:15,12,15,1975,2814
2023-04-11 09:42:27,13,15,1975,2814
2023-04-11 09:42:43,13,16,1975,2814
2023-04-11 09:42:53,14,16,1975,2814
2023-04-11 09:43:20,13,16,1975,2814
2023-04-11 09:43:21,14,16,1975,2814
2023-04-11 09:43:54,13,16,1975,2814
2023-04-11 09:44:01,13,15,1975,2814
2023-04-11 09:44:20,12,15,1975,2814
2023-04-11 09:44:37,12,14,1975,2814
2023-04-11 09:44:49,11,14,1975,2814
2023-04-11 09:45:35,11,13,1975,2814
2023-04-11 09:45:56,10,13,1975,2814
2023-04-11 09:46:14,11,13,1975,2814
2023-04-11 09:46:25,11,14,1975,2814
2023-04-11 09:47:55,11,13,1975,2814
2023-04-11 09:48:23,10,13,1975,2814
2023-04-11 09:48:31,10,12,1975,2814
2023-04-11 09:49:31,11,12,1975,2814
2023-04-11 09:49:49,11,13,1978,2817
2023-04-11 09:50:12,11,14,1978,2817
2023-04-11 09:50:50,12,14,1978,2817
2023-04-11 09:51:00,12,15,1978,2817
2023-04-11 09:51:38,12,13,1978,2817
2023-04-11 09:53:14,13,15,1978,2821
2023-04-11 09:53:18,13,16,1978,2821
2023-04-11 09:53:40,14,16,1978,2821
2023-04-11 09:53:45,15,16,1978,2821
2023-04-11 09:54:26,14,16,1978,2821
2023-04-11 09:55:10,14,15,1978,2821
2023-04-11 09:55:19,12,15,1978,2821
2023-04-11 09:56:21,12,14,1978,2821
2023-04-11 09:56:53,12,15,1978,2821
2023-04-11 09:56:57,12,14,1978,2821
2023-04-11 09:57:17,11,14,1978,2821
2023-04-11 09:57:40,11,13,1978,2821
2023-04-11 09:59:17,11,14,1978,2821
2023-04-11 09:59:29,12,14,1978,2821
2023-04-11 09:59:30,12,14,1978,3021
2023-04-11 10:00:12,12,15,1978,3021
2023-04-11 10:00:29,12,15,1978,3193
2023-04-11 10:00:42,12,15,1978,3221
2023-04-11 10:00:47,12,14,1978,3221
2023-04-11 10:01:03,12,15,1978,3221
2023-04-11 10:01:04,12,14,1978,3221
2023-04-11 10:01:19,12,15,1978,3221
2023-04-11 10:01:19,12,14,1978,3221
2023-04-11 10:01:54,12,15,1978,3221
2023-04-11 10:03:36,12,14,1978,3221
2023-04-11 10:03:56,11,14,1978,3221
2023-04-11 10:04:02,11,13,1978,3221
2023-04-11 10:04:24,10,13,1978,3221
2023-04-11 10:04:57,11,13,1978,3221
2023-04-11 10:05:03,11,13,2153,3421
2023-04-11 10:05:09,12,13,2153,3421
2023-04-11 10:05:14,12,14,2153,3421
2023-04-11 10:05:15,12,15,2153,3421
2023-04-11 10:05:36,13,15,2153,3421
2023-04-11 10:06:13,13,16,2153,3421
2023-04-11 10:07:17,13,15,2153,3421
2023-04-11 10:07:26,12,15,2153,3421
2023-04-11 10:07:32,13,15,2153,3421
2023-04-11 10:07:50,13,16,2153,3421
2023-04-11 10:08:03,13,15,2153,3421
2023-04-11 10:08:16,12,15,2153,3421
2023-04-11 10:10:24,12,14,2153,3421
2023-04-11 10:10:57,13,14,2153,3421
2023-04-11 10:11:02,13,16,2153,3421
2023-04-11 10:12:15,14,16,2153,3421
2023-04-11 10:12:18,15,16,2153,3421
2023-04-11 10:12:42,14,16,2153,3421
2023-04-11 10:12:48,15,16,2153,3421
2023-04-11 10:13:03,16,18,2157,3425
2023-04-11 10:13:04,16,18,2185,3453
2023-04-11 10:13:15,16,19,2185,3453
2023-04-11 10:13:16,16,18,2185,3453
2023-04-11 10:13:43,16,19,2185,3453
2023-04-11 10:14:00,16,18,2185,3453
2023-04-11 10:14:04,16,19,2185,3453
2023-04-11 10:14:04,16,17,2185,3453
2023-04-11 10:14:12,14,17,2185,3453
2023-04-11 10:14:28,15,17,2185,3453
2023-04-11 10:14:39,15,18,2185,3453
2023-04-11 10:15:13,16,18,2185,3453
2023-04-11 10:15:30,15,18,2185,3453
2023-04-11 10:15:48,16,18,2185,3453
2023-04-11 10:17:09,17,18,2185,3453
2023-04-11 10:17:20,18,19,2189,3457
2023-04-11 10:17:37,18,21,2189,3457
2023-04-11 10:17:44,19,21,2189,3457
2023-04-11 10:18:07,18,21,2189,3457
2023-04-11 10:18:07,19,21,2189,3457
2023-04-11 10:18:08,18,21,2189,3457
2023-04-11 10:18:21,19,21,2189,3457
2023-04-11 10:18:22,18,21,2189,3457
2023-04-11 10:18:36,19,21,2189,3457
2023-04-11 10:19:05,18,21,2189,3457
2023-04-11 10:19:06,18,22,2189,3457
2023-04-11 10:19:13,18,21,2189,3457
2023-04-11 10:19:15,18,22,2189,3457
2023-04-11 10:19:15,18,21,2189,3457
2023-04-11 10:19:38,18,20,2189,3457
2023-04-11 10:20:23,16,20,2189,3457
2023-04-11 10:20:40,16,19,2189,3457
2023-04-11 10:23:27,16,18,2189,3457
2023-04-11 10:23:48,14,18,2189,3457
2023-04-11 10:24:07,14,17,2189,3457
2023-04-11 10:25:01,14,16,2189,3457
2023-04-11 10:25:34,12,16,2189,3457
2023-04-11 10:25:43,13,16,2189,3457
2023-04-11 10:25:46,12,16,2189,3457
2023-04-11 10:25:48,13,16,2189,3457
2023-04-11 10:25:49,12,16,2189,3457
2023-04-11 10:26:34,12,15,2189,3457
2023-04-11 10:28:27,12,15,2209,3477
2023-04-11 10:29:09,12,14,2209,3477
2023-04-11 10:29:10,12,15,2209,3477
2023-04-11 10:29:14,12,14,2209,3477
2023-04-11 10:29:29,11,14,2209,3477
2023-04-11 10:30:10,11,15,2209,3477
2023-04-11 10:30:14,11,14,2209,3477
2023-04-11 10:31:16,11,15,2209,3477
2023-04-11 10:32:24,12,15,2209,3477
2023-04-11 10:32:35,13,15,2209,3477
2023-04-11 10:33:17,13,16,2209,3477
2023-04-11 10:33:27,13,15,2209,3477
2023-04-11 10:33:41,13,16,2209,3477
2023-04-11 10:33:42,12,16,2209,3477
2023-04-11 10:33:42,12,15,2209,3477
2023-04-11 10:34:05,12,16,2209,3477
2023-04-11 10:34:05,12,15,2209,3477
2023-04-11 10:34:10,12,16,2209,3477
2023-04-11 10:34:24,13,16,2209,3477
2023-04-11 10:34:31,14,16,2209,3477
2023-04-11 10:34:59,14,17,2209,3477
2023-04-11 10:35:01,15,17,2209,3477
2023-04-11 10:35:09,16,17,2209,3477
2023-04-11 10:35:30,16,18,2209,3477
2023-04-11 10:35:56,15,18,2209,3477
2023-04-11 10:36:06,16,18,2209,3477
2023-04-11 10:36:24,16,19,2209,3477
2023-04-11 10:36:57,17,19,2209,3477
2023-04-11 10:36:59,18,19,2209,3477
2023-04-11 10:36:59,18,19,2291,3559
2023-04-11 10:37:05,17,19,2291,3559
2023-04-11 10:37:26,17,20,2291,3559
2023-04-11 10:37:29,18,20,2291,3559
2023-04-11 10:37:38,17,20,2291,3559
2023-04-11 10:37:54,17,19,2291,3559
2023-04-11 10:37:56,16,19,2291,3559
2023-04-11 10:38:24,16,18,2291,3559
2023-04-11 10:38:48,16,17,2291,3559
2023-04-11 10:39:16,16,18,2291,3559
2023-04-11 10:39:25,15,18,2291,3559
2023-04-11 10:40:04,16,18,2291,3559
2023-04-11 10:41:14,15,18,2291,3559
2023-04-11 10:41:20,15,17,2291,3559
2023-04-11 10:41:44,14,17,2291,3559
2023-04-11 10:42:05,15,17,2291,3559
2023-04-11 10:42:39,15,18,2291,3559
2023-04-11 10:42:39,15,19,2291,3559
2023-04-11 10:42:46,16,19,2291,3559
2023-04-11 10:43:03,17,19,2291,3559
2023-04-11 10:43:26,17,20,2291,3559
2023-04-11 10:44:21,18,20,2291,3559
2023-04-11 10:44:36,19,20,2291,3559
2023-04-11 10:45:16,20,22,2291,3563
2023-04-11 10:45:16,20,21,2291,3563
2023-04-11 10:45:28,20,21,2291,3663
2023-04-11 10:45:28,20,21,2291,3763
2023-04-11 10:45:39,20,21,2324,3813
2023-04-11 10:45:39,20,21,2374,3863
2023-04-11 10:45:55,19,21,2374,3863
2023-04-11 10:45:55,17,21,2374,3863
2023-04-11 10:46:13,18,21,2374,3863
2023-04-11 10:46:13,18,19,2374,3863
2023-04-11 10:46:22,18,21,2374,3863
2023-04-11 10:46:22,19,21,2374,3863
2023-04-11 10:46:22,19,20,2374,3863
2023-04-11 10:46:29,19,21,2374,3863
2023-04-11 10:46:29,20,21,2374,3863
2023-04-11 10:46:39,21,22,2376,3865
2023-04-11 10:46:46,20,22,2376,3865
2023-04-11 10:46:46,20,23,2376,3865
2023-04-11 10:46:46,22,23,2376,3865
2023-04-11 10:46:56,20,23,2376,3865
2023-04-11 10:46:56,21,23,2376,3865
2023-04-11 10:46:56,21,22,2376,3865
2023-04-11 10:47:02,20,22,2376,3865
2023-04-11 10:47:02,20,23,2376,3865
2023-04-11 10:47:02,22,23,2376,3865
2023-04-11 10:47:04,20,23,2376,3865
2023-04-11 10:47:04,21,23,2376,3865
2023-04-11 10:47:11,21,24,2376,3865
2023-04-11 10:47:21,22,24,2376,3865
2023-04-11 10:47:33,22,23,2376,3865
2023-04-11 10:47:53,21,23,2376,3865
2023-04-11 10:48:13,21,22,2376,3865
2023-04-11 10:48:26,20,21,2372,3869
2023-04-11 10:49:01,18,20,2368,3873
2023-04-11 10:49:29,18,19,2368,3873
2023-04-11 10:49:55,17,19,2368,3873
2023-04-11 10:50:04,17,18,2368,3873
2023-04-11 10:50:33,16,18,2368,3873
2023-04-11 10:50:58,16,17,2368,3873
2023-04-11 10:51:25,15,17,2368,3873
2023-04-11 10:52:06,14,17,2368,3873
2023-04-11 10:52:06,15,17,2368,3873
2023-04-11 10:52:42,16,17,2368,3873
2023-04-11 10:52:45,16,18,2368,3873
2023-04-11 10:53:26,17,18,2368,3873
2023-04-11 10:53:28,17,19,2368,3873
2023-04-11 10:53:59,16,19,2368,3873
2023-04-11 10:54:37,16,19,2371,3878
2023-04-11 10:54:53,17,19,2371,3878
2023-04-11 10:54:58,16,19,2371,3878
2023-04-11 10:54:59,17,19,2371,3878
2023-04-11 10:55:08,16,19,2371,3878
2023-04-11 10:55:08,17,19,2371,3878
2023-04-11 10:55:11,17,20,2371,3878
2023-04-11 10:55:17,18,20,2371,3878
2023-04-11 10:56:56,19,20,2371,3878
2023-04-11 10:57:04,19,21,2371,3878
2023-04-11 10:57:04,18,21,2371,3878
2023-04-11 10:57:05,19,21,2371,3878
2023-04-11 10:57:05,20,21,2371,3878
2023-04-11 10:57:12,19,21,2371,3878
2023-04-11 10:57:18,19,21,2372,3881
2023-04-11 10:57:23,18,21,2372,3881
2023-04-11 10:57:23,19,21,2372,3881
2023-04-11 10:57:30,20,21,2372,3881
2023-04-11 10:57:37,20,21,2374,3883
2023-04-11 10:57:41,20,21,2376,3885
2023-04-11 10:57:46,20,22,2376,3885
2023-04-11 10:57:47,21,22,2376,3885
2023-04-11 10:57:57,20,22,2376,3885
2023-04-11 10:57:57,21,22,2376,3885
2023-04-11 10:58:05,20,22,2376,3885
2023-04-11 10:58:05,21,22,2376,3885
2023-04-11 10:58:40,23,24,2380,3889
2023-04-11 10:58:41,23,24,2616,4189
2023-04-11 10:58:43,21,23,2632,4205
2023-04-11 10:58:47,22,23,2632,4205
2023-04-11 10:58:47,22,23,2652,4225
2023-04-11 10:58:57,21,22,2650,4227
2023-04-11 10:59:25,21,23,2652,4469
2023-04-11 10:59:29,22,23,2652,4469
2023-04-11 10:59:38,21,23,2652,4469
2023-04-11 10:59:38,23,24,2654,4471
2023-04-11 10:59:46,22,23,2652,4473
2023-04-11 10:59:54,21,23,2652,4473
2023-04-11 10:59:54,21,23,2652,4553
2023-04-11 11:00:05,21,24,2652,4553
2023-04-11 11:00:06,21,22,2652,4553
2023-04-11 11:00:29,21,22,2648,4557
2023-04-11 11:00:37,21,23,2648,4557
2023-04-11 11:00:45,21,22,2648,4557
2023-04-11 11:01:02,21,22,2644,4563
2023-04-11 11:01:19,20,22,2644,4563
2023-04-11 11:01:20,21,22,2644,4563
2023-04-11 11:01:29,20,22,2644,4563
2023-04-11 11:01:29,22,23,2644,4565
2023-04-11 11:02:01,23,24,2646,4567
2023-04-11 11:02:03,23,24,2706,4627
2023-04-11 11:02:09,22,23,2704,4630
2023-04-11 11:02:17,21,22,2704,4632
2023-04-11 11:02:25,21,23,2704,4632
2023-04-11 11:02:25,21,22,2704,4632
2023-04-11 11:03:09,22,24,2704,4634
2023-04-11 11:03:09,22,23,2704,4634
2023-04-11 11:03:15,22,24,2704,4634
2023-04-11 11:03:15,23,24,2704,4634
2023-04-11 11:03:57,23,24,2704,4636
2023-04-11 11:04:00,21,23,2704,4716
2023-04-11 11:04:06,21,22,2704,4716
2023-04-11 11:04:14,20,21,2704,4718
2023-04-11 11:04:39,21,22,2704,4720
2023-04-11 11:04:47,20,21,2704,4722
2023-04-11 11:05:04,20,22,2704,4722
2023-04-11 11:05:04,21,22,2704,4722
2023-04-11 11:05:13,20,21,2704,4724
2023-04-11 11:05:22,20,22,2704,4724
2023-04-11 11:05:22,20,21,2704,4724
2023-04-11 11:05:29,19,20,2704,4736
2023-04-11 11:06:03,18,19,2704,4738
2023-04-11 11:06:14,17,19,2704,4738
2023-04-11 11:06:14,17,20,2704,4738
2023-04-11 11:06:14,18,20,2704,4738
2023-04-11 11:06:14,18,19,2704,4738
2023-04-11 11:06:29,17,19,2704,4738
2023-04-11 11:06:29,17,20,2704,4738
2023-04-11 11:06:29,18,20,2704,4738
2023-04-11 11:06:29,18,19,2704,4738
2023-04-11 11:06:37,17,18,2704,4740
2023-04-11 11:06:52,16,18,2704,4740
2023-04-11 11:06:53,16,19,2704,4740
2023-04-11 11:06:53,18,19,2704,4740
2023-04-11 11:07:01,18,19,2704,4742
2023-04-11 11:07:08,16,19,2704,4742
2023-04-11 11:07:08,18,19,2704,4742
2023-04-11 11:07:17,17,19,2704,4742
2023-04-11 11:07:18,19,20,2704,4744
2023-04-11 11:07:26,17,20,2704,4744
2023-04-11 11:07:26,19,20,2704,4744
2023-04-11 11:07:35,17,20,2704,4744
2023-04-11 11:07:35,18,20,2704,4744
2023-04-11 11:07:35,18,19,2704,4744
2023-04-11 11:07:43,17,19,2704,4744
2023-04-11 11:07:43,17,20,2704,4744
2023-04-11 11:07:43,19,20,2704,4744
2023-04-11 11:07:51,19,21,2704,4744
2023-04-11 11:07:52,19,21,2704,4746
2023-04-11 11:08:02,18,21,2704,4746
2023-04-11 11:08:02,19,21,2704,4746
2023-04-11 11:08:02,19,20,2704,4746
2023-04-11 11:08:08,18,20,2704,4746
2023-04-11 11:08:08,18,21,2704,4746
2023-04-11 11:08:08,19,21,2704,4746
2023-04-11 11:08:08,19,20,2704,4746
2023-04-11 11:08:18,18,20,2704,4746
2023-04-11 11:08:18,18,21,2704,4746
2023-04-11 11:08:18,19,21,2704,4746
2023-04-11 11:08:18,19,20,2704,4746
2023-04-11 11:08:34,18,19,2704,4748
2023-04-11 11:09:15,19,20,2704,4756
2023-04-11 11:09:24,18,20,2704,4756
2023-04-11 11:09:24,19,20,2704,4756
2023-04-11 11:09:33,20,21,2705,4766
2023-04-11 11:09:42,19,21,2705,4766
2023-04-11 11:09:42,20,21,2705,4766
2023-04-11 11:09:49,19,21,2705,4766
2023-04-11 11:09:49,20,21,2705,4766
2023-04-11 11:09:57,19,20,2704,4769
2023-04-11 11:10:07,19,21,2704,4769
2023-04-11 11:10:07,19,20,2704,4769
2023-04-11 11:10:14,19,21,2704,4769
2023-04-11 11:10:15,19,20,2704,4769
2023-04-11 11:10:24,19,20,2704,4771
2023-04-11 11:10:32,18,20,2704,4771
2023-04-11 11:10:32,18,19,2704,4771
2023-04-11 11:10:48,18,20,2704,4771
2023-04-11 11:10:48,19,20,2704,4771
2023-04-11 11:11:16,20,21,2460,5016
2023-04-11 11:11:16,19,21,2508,5071
2023-04-11 11:11:17,19,22,2508,5071
2023-04-11 11:11:17,19,21,2508,5071
2023-04-11 11:11:23,21,22,2533,5096
2023-04-11 11:11:23,21,22,2558,5121
2023-04-11 11:11:39,19,22,2583,5146
2023-04-11 11:11:39,20,22,2583,5146
2023-04-11 11:11:39,20,21,2583,5146
2023-04-11 11:11:48,20,21,2582,5149
2023-04-11 11:11:57,19,21,2582,5149
2023-04-11 11:11:57,19,20,2582,5149
2023-04-11 11:12:21,19,20,2668,5449
2023-04-11 11:12:22,19,21,2666,5453
2023-04-11 11:12:22,20,21,2666,5453
2023-04-11 11:12:27,19,21,2666,5453
2023-04-11 11:12:29,20,21,2666,5453
2023-04-11 11:12:33,19,20,2586,5533
2023-04-11 11:12:39,19,20,2586,5535
2023-04-11 11:12:55,19,20,2588,5537
2023-04-11 11:12:59,18,19,2670,5697
2023-04-11 11:13:06,16,18,2992,6019
2023-04-11 11:13:11,15,18,2992,6019
2023-04-11 11:13:11,16,18,2992,6019
2023-04-11 11:13:22,15,18,2992,6019
2023-04-11 11:13:22,16,18,2992,6019
2023-04-11 11:13:22,16,17,2992,6019
2023-04-11 11:13:37,17,18,2992,6022
2023-04-11 11:13:43,16,18,2992,6022
2023-04-11 11:13:44,16,17,2992,6022
2023-04-11 11:13:54,16,18,2992,6022
2023-04-11 11:13:55,16,17,2992,6022
2023-04-11 11:14:37,15,17,2992,6022
2023-04-11 11:14:51,15,16,2992,6022
2023-04-11 11:17:37,15,16,3016,6046
2023-04-11 11:17:37,15,16,3113,6143
2023-04-11 11:17:37,15,16,3137,6167
2023-04-11 11:17:38,15,16,3142,6172
2023-04-11 11:17:38,14,16,3193,6223
2023-04-11 11:17:39,14,16,3297,6327
2023-04-11 11:17:46,14,15,3297,6327
2023-04-11 11:18:11,13,15,3445,6475
2023-04-11 11:18:12,13,15,3484,6514
2023-04-11 11:18:21,12,15,3484,6514
2023-04-11 11:18:21,13,15,3484,6514
2023-04-11 11:19:31,13,14,3484,6514
2023-04-11 11:19:33,13,15,3484,6514
2023-04-11 11:19:35,13,14,3484,6514
2023-04-11 11:19:44,13,15,3484,6514
2023-04-11 11:19:56,12,15,3484,6514
2023-04-11 11:19:59,12,14,3484,6514
2023-04-11 11:20:11,12,13,3484,6514
2023-04-11 11:20:21,12,14,3484,6514
2023-04-11 11:20:32,11,14,3484,6514
2023-04-11 11:20:37,12,14,3484,6514
2023-04-11 11:20:43,11,14,3484,6514
2023-04-11 11:20:43,12,14,3484,6514
2023-04-11 11:20:52,14,15,3484,6518
2023-04-11 11:20:55,12,15,3484,6518
2023-04-11 11:20:57,12,14,3484,6518
2023-04-11 11:20:59,12,15,3484,6518
2023-04-11 11:21:00,12,15,3505,6539
2023-04-11 11:21:00,12,14,3505,6539
2023-04-11 11:21:08,13,14,3505,6539
2023-04-11 11:21:25,12,14,3505,6539
2023-04-11 11:21:25,12,15,3505,6539
2023-04-11 11:21:25,12,14,3505,6539
2023-04-11 11:21:33,12,15,3505,6539
2023-04-11 11:21:34,12,14,3505,6539
2023-04-11 11:21:42,12,14,3585,6619
2023-04-11 11:21:42,12,14,3665,6699
2023-04-11 11:21:48,11,14,3665,6699
2023-04-11 11:22:23,12,14,3665,6699
2023-04-11 11:22:27,12,15,3665,6699
2023-04-11 11:22:32,13,15,3665,6699
2023-04-11 11:22:40,12,15,3665,6699
2023-04-11 11:22:41,12,14,3665,6699
2023-04-11 11:23:23,11,14,3665,6699
2023-04-11 11:23:31,11,13,3665,6699
2023-04-11 11:23:38,11,14,3665,6699
2023-04-11 11:23:57,12,14,3665,6699
2023-04-11 11:24:05,11,14,3665,6699
2023-04-11 11:24:23,11,13,3665,6699
2023-04-11 11:24:32,11,13,3665,6779
2023-04-11 11:24:37,11,14,3665,6779
2023-04-11 11:24:51,11,14,3665,6829
2023-04-11 11:24:53,11,13,3665,6829
2023-04-11 11:25:02,11,14,3665,6829
2023-04-11 11:25:54,12,14,3665,6829
2023-04-11 11:26:18,13,14,3665,6829
2023-04-11 11:26:22,13,15,3665,6829
2023-04-11 11:26:42,14,15,3665,6829
2023-04-11 11:26:46,14,16,3665,6829
2023-04-11 11:27:07,15,16,3665,6829
2023-04-11 11:27:16,14,16,3665,6829
2023-04-11 11:28:08,15,16,3665,6829
2023-04-11 11:28:15,15,17,3665,6829
2023-04-11 11:29:08,15,16,3665,6829
2023-04-11 11:29:08,14,16,3665,6829
2023-04-11 11:29:11,14,17,3665,6829
2023-04-11 11:29:14,15,17,3665,6829
2023-04-11 11:29:15,15,16,3665,6829
2023-04-11 11:29:16,15,17,3665,6829
2023-04-11 11:29:21,15,16,3665,6829
2023-04-11 11:29:24,15,17,3665,6829
2023-04-11 11:29:27,16,17,3665,6829
2023-04-11 11:29:31,16,17,3673,6837
2023-04-11 11:29:31,16,17,3681,6845
2023-04-11 11:29:56,16,17,3841,7005
2023-04-11 11:30:06,17,18,3842,7009
2023-04-11 11:30:13,16,18,3842,7009
2023-04-11 11:30:13,17,18,3842,7009
2023-04-11 11:30:42,16,18,3842,7009
2023-04-11 11:30:55,16,17,3842,7009
2023-04-11 11:31:00,16,18,3842,7009
2023-04-11 11:31:08,15,18,3842,7009
2023-04-11 11:31:23,16,18,3842,7009
2023-04-11 11:32:01,17,18,3842,7009
2023-04-11 11:32:58,17,18,3875,7042
2023-04-11 11:33:15,16,17,3877,7050
2023-04-11 11:33:27,15,17,3877,7050
2023-04-11 11:33:52,14,17,3877,7050
2023-04-11 11:34:07,15,17,3877,7050
2023-04-11 11:34:17,14,17,3877,7050
2023-04-11 11:34:17,15,17,3877,7050
2023-04-11 11:35:00,15,18,3877,7050
2023-04-11 11:35:01,16,18,3877,7050
2023-04-11 11:35:35,17,18,3877,7050
2023-04-11 11:35:43,18,20,3879,7054
2023-04-11 11:36:00,17,20,3879,7054
2023-04-11 11:36:00,19,20,3879,7054
2023-04-11 11:36:03,19,21,3879,7054
2023-04-11 11:36:08,19,22,3879,7054
2023-04-11 11:36:08,20,22,3879,7054
2023-04-11 11:36:16,21,22,3879,7054
2023-04-11 11:36:26,21,23,3885,7060
2023-04-11 11:36:30,22,23,3885,7060
2023-04-11 11:36:42,21,23,3885,7060
2023-04-11 11:36:42,22,23,3885,7060
2023-04-11 11:36:49,21,22,3885,7300
2023-04-11 11:36:51,21,23,3985,7460
2023-04-11 11:36:59,22,23,3985,7460
2023-04-11 11:37:07,22,23,3983,7462
2023-04-11 11:37:40,22,23,4223,7702
2023-04-11 11:38:18,20,23,4223,7702
2023-04-11 11:38:54,21,23,4223,7702
2023-04-11 11:38:54,21,22,4223,7702
2023-04-11 11:39:04,20,22,4223,7702
2023-04-11 11:39:11,21,22,4223,7702
2023-04-11 11:39:12,21,22,4223,7717
2023-04-11 11:39:21,21,22,4281,7775
2023-04-11 11:39:26,20,21,4400,7942
2023-04-11 11:39:30,20,21,4395,7947
2023-04-11 11:39:39,20,22,4395,7947
2023-04-11 11:39:39,18,22,4395,7947
2023-04-11 11:39:39,19,22,4395,7947
2023-04-11 11:39:39,19,21,4395,7947
2023-04-11 11:39:46,18,21,4395,7947
2023-04-11 11:39:47,18,19,4395,7947
2023-04-11 11:39:55,18,21,4395,7947
2023-04-11 11:39:56,17,18,4395,7954
2023-04-11 11:40:23,16,18,4395,7954
2023-04-11 11:40:23,16,21,4395,7954
2023-04-11 11:40:23,17,21,4395,7954
2023-04-11 11:40:23,17,20,4395,7954
2023-04-11 11:40:23,17,18,4395,7954
2023-04-11 11:40:29,17,18,4395,7957
2023-04-11 11:40:39,17,20,4395,7957
2023-04-11 11:40:39,17,21,4395,7957
2023-04-11 11:40:39,18,21,4395,7957
2023-04-11 11:40:39,18,19,4395,7957
2023-04-11 11:40:46,17,19,4395,7957
2023-04-11 11:40:46,17,21,4395,7957
2023-04-11 11:40:46,18,21,4395,7957
2023-04-11 11:40:46,18,19,4395,7957
2023-04-11 11:40:54,17,19,4395,7957
2023-04-11 11:40:54,17,21,4395,7957
2023-04-11 11:40:54,18,21,4395,7957
2023-04-11 11:40:54,18,19,4395,7957
2023-04-11 11:41:11,17,19,4395,7957
2023-04-11 11:41:11,17,21,4395,7957
2023-04-11 11:41:11,18,21,4395,7957
2023-04-11 11:41:11,18,19,4395,7957
2023-04-11 11:41:19,18,21,4395,7957
2023-04-11 11:41:19,18,19,4395,7957
2023-04-11 11:41:28,17,18,4395,7959
2023-04-11 11:41:45,17,18,4396,7966
2023-04-11 11:41:54,17,19,4396,7966
2023-04-11 11:41:54,18,19,4396,7966
2023-04-11 11:42:11,17,19,4396,7966
2023-04-11 11:42:11,17,18,4396,7966
2023-04-11 11:42:19,17,19,4396,7966
2023-04-11 11:42:19,17,19,4395,7969
2023-04-11 11:42:28,17,18,4395,7969
2023-04-11 11:42:38,17,19,4395,7969
2023-04-11 11:42:38,17,18,4395,7969
2023-04-11 11:42:45,17,19,4395,7969
2023-04-11 11:42:45,17,18,4395,7969
2023-04-11 11:43:00,18,19,4398,7974
2023-04-11 11:43:09,17,19,4398,7974
2023-04-11 11:43:09,18,19,4398,7974
2023-04-11 11:43:45,19,22,4405,7981
2023-04-11 11:43:46,19,20,4405,7981
2023-04-11 11:43:53,18,20,4405,7981
2023-04-11 11:43:53,18,22,4405,7981
2023-04-11 11:43:53,20,22,4405,7981
2023-04-11 11:44:02,18,22,4405,7981
2023-04-11 11:44:02,18,23,4405,7981
2023-04-11 11:44:02,20,23,4405,7981
2023-04-11 11:44:02,20,21,4405,7981
2023-04-11 11:44:19,18,21,4405,7981
2023-04-11 11:44:19,20,21,4405,7981
2023-04-11 11:44:27,21,24,4407,8016
2023-04-11 11:44:27,21,22,4407,8016
2023-04-11 11:44:36,20,22,4407,8016
2023-04-11 11:44:36,20,24,4407,8016
2023-04-11 11:44:36,21,24,4407,8016
2023-04-11 11:44:36,21,22,4407,8016
2023-04-11 11:44:43,20,22,4407,8016
2023-04-11 11:44:43,20,24,4407,8016
2023-04-11 11:44:43,20,21,4407,8016
2023-04-11 11:45:34,20,21,4290,8316
2023-04-11 11:45:41,20,22,4290,8898
2023-04-11 11:45:43,21,22,4290,8898
2023-04-11 11:45:52,21,26,4290,8898
2023-04-11 11:45:52,22,26,4290,8898
2023-04-11 11:45:52,22,26,4290,8898
2023-04-11 11:45:52,22,24,4290,8898
2023-04-11 11:45:52,21,22,4290,9198
2023-04-11 11:45:53,22,24,4290,9218
2023-04-11 11:45:55,22,26,4290,9218
2023-04-11 11:45:55,22,25,4290,9218
2023-04-11 11:45:55,22,26,4290,9218
2023-04-11 11:45:56,22,24,4290,9218
2023-04-11 11:46:21,20,24,4290,9218
2023-04-11 11:46:21,20,25,4290,9218
2023-04-11 11:46:58,21,25,4290,9218
2023-04-11 11:47:16,20,25,4290,9218
2023-04-11 11:47:32,19,25,4290,9218
2023-04-11 11:48:05,19,24,4290,9218
2023-04-11 11:48:12,19,23,4290,9218
2023-04-11 11:48:30,19,22,4290,9218
2023-04-11 11:48:39,17,22,4290,9218
2023-04-11 11:49:11,17,21,4290,9218
2023-04-11 11:49:12,17,21,4276,9234
2023-04-11 11:49:12,17,20,4276,9234
2023-04-11 11:49:12,17,19,4276,9234
2023-04-11 11:49:28,16,19,4276,9234
2023-04-11 11:49:28,16,20,4276,9234
2023-04-11 11:49:28,16,21,4276,9234
2023-04-11 11:49:28,16,19,4276,9234
2023-04-11 11:49:28,16,17,4276,9234
2023-04-11 11:49:38,16,19,4276,9234
2023-04-11 11:49:38,16,17,4276,9234
2023-04-11 11:49:53,17,20,4276,9236
2023-04-11 11:49:53,17,18,4276,9236
2023-04-11 11:50:02,16,18,4276,9236
2023-04-11 11:50:02,16,20,4276,9236
2023-04-11 11:50:02,16,21,4276,9236
2023-04-11 11:50:27,16,20,4276,9236
2023-04-11 11:50:40,15,20,4276,9236
2023-04-11 11:50:52,15,19,4276,9236
2023-04-11 11:50:54,17,19,4276,9236
2023-04-11 11:50:54,17,18,4276,9236
2023-04-11 11:51:03,15,18,4276,9236
2023-04-11 11:51:03,15,19,4276,9236
2023-04-11 11:51:03,17,19,4276,9236
2023-04-11 11:51:03,17,18,4276,9236
2023-04-11 11:51:32,14,18,4276,9236
2023-04-11 11:51:32,14,19,4276,9236
2023-04-11 11:51:42,15,19,4276,9236
2023-04-11 11:51:51,14,19,4276,9236
2023-04-11 11:51:54,15,19,4276,9236
2023-04-11 11:52:01,14,19,4276,9236
2023-04-11 11:52:02,15,19,4276,9236
2023-04-11 11:52:04,14,19,4276,9236
2023-04-11 11:52:18,14,20,4276,9236
2023-04-11 11:52:46,15,20,4276,9236
2023-04-11 11:53:57,14,20,4276,9236
2023-04-11 11:54:13,14,19,4276,9236
2023-04-11 11:54:34,14,17,4276,9236
2023-04-11 11:54:34,14,15,4276,9236
2023-04-11 11:54:42,14,17,4276,9236
2023-04-11 11:54:42,14,17,4196,9316
2023-04-11 11:54:42,14,16,4196,9316
2023-04-11 11:54:50,14,17,4196,9316
2023-04-11 11:54:50,14,15,4196,9316
2023-04-11 11:54:59,14,17,4196,9316
2023-04-11 11:54:59,14,15,4196,9316
2023-04-11 11:55:07,14,17,4196,9316
2023-04-11 11:55:07,14,15,4196,9316
2023-04-11 11:55:23,15,17,4199,9319
2023-04-11 11:55:23,15,16,4199,9319
2023-04-11 11:55:31,14,16,4199,9319
2023-04-11 11:55:32,14,17,4199,9319
2023-04-11 11:55:32,15,17,4199,9319
2023-04-11 11:55:40,15,16,4199,9319
2023-04-11 11:55:47,15,17,4199,9319
2023-04-11 11:55:47,15,16,4199,9319
2023-04-11 11:55:57,15,17,4199,9319
2023-04-11 11:55:57,15,17,4196,9322
2023-04-11 11:56:08,16,17,4196,9322
2023-04-11 11:56:14,17,19,4199,9325
2023-04-11 11:56:14,17,18,4199,9325
2023-04-11 11:56:23,16,18,4199,9325
2023-04-11 11:56:23,16,19,4199,9325
2023-04-11 11:56:23,18,19,4199,9325
2023-04-11 11:56:31,16,19,4199,9325
2023-04-11 11:56:31,18,19,4199,9325
2023-04-11 11:56:41,18,19,4196,9328
2023-04-11 11:56:48,16,19,4196,9328
2023-04-11 11:56:48,18,19,4196,9328
2023-04-11 11:57:07,18,19,4196,9330
2023-04-11 11:57:15,16,19,4196,9330
2023-04-11 11:57:15,17,19,4196,9330
2023-04-11 11:57:15,17,18,4196,9330
2023-04-11 11:57:22,16,18,4196,9330
2023-04-11 11:57:22,16,19,4196,9330
2023-04-11 11:57:23,17,19,4196,9330
2023-04-11 11:57:23,17,18,4196,9330
2023-04-11 11:57:41,16,17,4196,9333
2023-04-11 11:57:57,14,17,4196,9333
2023-04-11 11:57:57,15,17,4196,9333
2023-04-11 11:57:57,15,16,4196,9333
2023-04-11 11:58:57,14,16,4196,9333
2023-04-11 11:58:57,14,17,4196,9333
2023-04-11 11:59:07,14,17,4196,9338
2023-04-11 11:59:12,14,16,4196,9338
2023-04-11 11:59:21,14,17,4196,9338
2023-04-11 11:59:21,14,16,4196,9338
2023-04-11 11:59:47,14,17,4196,9338
2023-04-11 11:59:52,14,17,4196,9388
2023-04-11 12:00:21,14,16,4196,9388
2023-04-11 12:00:28,14,17,4196,9388
2023-04-11 12:00:28,14,16,4196,9388
2023-04-11 12:00:36,14,15,4196,9388
2023-04-11 12:00:44,13,15,4196,9388
2023-04-11 12:00:45,13,16,4196,9388
2023-04-11 12:00:45,13,15,4196,9388
2023-04-11 12:01:36,13,14,4196,9388
2023-04-11 12:01:37,12,14,4196,9388
2023-04-11 12:02:16,12,15,4196,9388
2023-04-11 12:03:00,12,14,4196,9388
2023-04-11 12:03:02,11,14,4196,9388
2023-04-11 12:03:27,11,15,4196,9388
2023-04-11 12:03:46,11,14,4196,9388
2023-04-11 12:04:05,11,13,4196,9388
2023-04-11 12:04:15,11,14,4196,9388
2023-04-11 12:04:30,11,13,4196,9388
2023-04-11 12:04:46,11,14,4196,9388
2023-04-11 12:04:47,12,14,4196,9388
2023-04-11 12:04:47,12,13,4196,9388
2023-04-11 12:04:55,11,13,4196,9388
2023-04-11 12:05:38,12,13,4196,9388
2023-04-11 12:06:02,11,13,4196,9388
2023-04-11 12:06:03,12,13,4196,9388
2023-04-11 12:06:05,12,14,4196,9388
2023-04-11 12:06:10,12,13,4196,9388
2023-04-11 12:06:21,12,14,4196,9388
2023-04-11 12:06:43,13,14,4196,9388
2023-04-11 12:06:52,12,14,4196,9388
2023-04-11 12:06:52,13,14,4196,9388
2023-04-11 12:06:57,13,15,4196,9388
2023-04-11 12:07:26,12,15,4196,9388
2023-04-11 12:07:26,11,15,4196,9388
2023-04-11 12:08:07,11,14,4196,9388
2023-04-11 12:08:17,12,14,4196,9388
2023-04-11 12:08:32,11,14,4196,9388
2023-04-11 12:09:16,12,14,4196,9388
2023-04-11 12:09:48,12,13,4196,9388
2023-04-11 12:10:16,11,12,4196,9390
2023-04-11 12:10:23,11,13,4196,9390
2023-04-11 12:10:23,11,12,4196,9390
2023-04-11 12:10:25,10,12,4196,9390
2023-04-11 12:10:40,10,11,4196,9390
2023-04-11 12:10:49,10,12,4196,9390
2023-04-11 12:10:49,10,11,4196,9390
2023-04-11 12:10:49,9,10,4196,9392
2023-04-11 12:10:56,9,11,4196,9392
2023-04-11 12:11:31,9,10,4196,9392
2023-04-11 12:11:40,9,11,4196,9392
2023-04-11 12:11:40,9,10,4196,9392
2023-04-11 12:11:48,9,11,4196,9392
2023-04-11 12:11:48,9,10,4196,9392
2023-04-11 12:11:57,9,10,4276,9472
2023-04-11 12:12:05,7,10,4448,9644
2023-04-11 12:12:05,7,9,4448,9644
2023-04-11 12:12:58,7,8,4448,9644
2023-04-11 12:13:07,7,8,4473,9669
2023-04-11 12:13:16,6,7,4473,9751
2023-04-11 12:13:34,6,7,4473,10051
2023-04-11 12:13:35,7,8,4545,10209
2023-04-11 12:13:42,6,8,4545,10209
2023-04-11 12:13:44,6,7,4545,10209
2023-04-11 12:13:50,7,8,4545,10213
2023-04-11 12:13:56,6,8,4545,10213
2023-04-11 12:14:08,6,10,4545,10213
2023-04-11 12:14:17,7,10,4545,10213
2023-04-11 12:14:18,6,10,4545,10213
2023-04-11 12:14:19,7,10,4545,10213
2023-04-11 12:14:20,6,10,4545,10213
2023-04-11 12:14:23,6,10,4549,10217
2023-04-11 12:14:26,7,10,4549,10217
2023-04-11 12:14:37,7,11,4549,10217
2023-04-11 12:15:41,8,11,4549,10217
2023-04-11 12:16:21,8,12,4549,10217
2023-04-11 12:16:27,8,11,4549,10217
2023-04-11 12:16:36,8,12,4549,10217
2023-04-11 12:16:42,9,12,4549,10217
2023-04-11 12:16:42,10,12,4549,10217
2023-04-11 12:16:50,10,12,4564,10232
2023-04-11 12:17:59,11,12,4564,10232
2023-04-11 12:19:04,11,13,4564,10232
2023-04-11 12:19:31,11,14,4607,10353
2023-04-11 12:19:47,12,14,4607,10353
2023-04-11 12:19:55,11,14,4607,10353
2023-04-11 12:20:05,11,13,4607,10353
2023-04-11 12:20:14,11,14,4607,10353
2023-04-11 12:20:14,11,13,4607,10353
2023-04-11 12:20:39,10,13,4607,10353
2023-04-11 12:20:39,8,13,4607,10353
2023-04-11 12:20:49,8,11,4607,10353
2023-04-11 12:20:57,8,12,4607,10353
2023-04-11 12:20:57,8,11,4607,10353
2023-04-11 12:21:05,8,12,4607,10353
2023-04-11 12:21:05,8,11,4607,10353
2023-04-11 12:21:24,8,9,4607,10353
2023-04-11 12:21:30,8,10,4607,10353
2023-04-11 12:21:42,9,10,4607,10353
2023-04-11 12:22:03,9,13,4607,10353
2023-04-11 12:23:29,9,12,4607,10353
2023-04-11 12:23:30,9,13,4607,10353
2023-04-11 12:23:58,10,13,4607,10353
2023-04-11 12:24:01,10,15,4607,10353
2023-04-11 12:24:01,10,14,4607,10353
2023-04-11 12:24:25,10,15,4607,10353
2023-04-11 12:25:57,11,15,4607,10353
2023-04-11 12:26:25,11,16,4607,10353
2023-04-11 12:26:29,11,15,4607,10353
2023-04-11 12:26:29,11,14,4607,10353
2023-04-11 12:26:39,11,15,4607,10353
2023-04-11 12:26:39,11,14,4607,10353
2023-04-11 12:26:46,11,13,4607,10353
2023-04-11 12:27:21,11,12,4607,10353
2023-04-11 12:27:29,11,13,4607,10353
2023-04-11 12:27:29,11,12,4607,10353
2023-04-11 12:27:39,11,13,4607,10353
2023-04-11 12:27:39,11,12,4607,10353
2023-04-11 12:27:43,10,12,4607,10353
2023-04-11 12:27:43,9,12,4607,10353
2023-04-11 12:28:05,9,11,4607,10353
2023-04-11 12:28:39,9,10,4607,10353
2023-04-11 12:28:58,9,11,4607,10353
2023-04-11 12:29:39,9,10,4607,10353
2023-04-11 12:29:48,9,11,4607,10353
2023-04-11 12:30:04,9,10,4607,10353
2023-04-11 12:30:13,9,11,4607,10353
2023-04-11 12:30:13,9,10,4607,10353
2023-04-11 12:30:13,9,10,4609,10411
2023-04-11 12:30:20,9,10,4609,10447
2023-04-11 12:30:20,9,10,4609,10471
2023-04-11 12:30:20,8,10,4611,10495
2023-04-11 12:30:30,8,9,4611,10495
2023-04-11 12:30:30,8,9,4611,10735
2023-04-11 12:30:39,8,10,4611,10735
2023-04-11 12:30:39,8,9,4611,10735
2023-04-11 12:31:11,8,10,4611,10735
2023-04-11 12:31:12,8,11,4611,10735
2023-04-11 12:32:31,8,10,4611,10735
2023-04-11 12:32:35,8,11,4611,10735
2023-04-11 12:32:38,8,10,4611,10735
2023-04-11 12:32:38,7,10,4611,10735
2023-04-11 12:33:00,7,9,4611,10735
2023-04-11 12:33:57,7,10,4611,10735
2023-04-11 12:34:07,8,10,4611,10735
2023-04-11 12:34:33,7,10,4611,10735
2023-04-11 12:34:42,8,10,4611,10735
2023-04-11 12:34:58,9,10,4611,10735
2023-04-11 12:35:00,9,11,4611,10735
2023-04-11 12:35:24,10,11,4611,10735
2023-04-11 12:35:28,10,12,4611,10735
2023-04-11 12:35:41,12,13,4611,10741
2023-04-11 12:35:41,12,13,4753,10883
2023-04-11 12:35:57,13,14,4886,11016
2023-04-11 12:35:57,12,14,5053,11183
2023-04-11 12:35:57,12,13,5053,11183
2023-04-11 12:36:00,12,13,5117,11247
2023-04-11 12:36:07,12,13,5237,11367
2023-04-11 12:36:10,12,13,5247,11377
2023-04-11 12:36:16,13,14,5289,11420
2023-04-11 12:36:19,13,16,5289,11420
2023-04-11 12:36:24,12,16,5289,11420
2023-04-11 12:36:39,13,16,5289,11420
2023-04-11 12:36:45,14,16,5289,11420
2023-04-11 12:36:57,16,18,5291,11422
2023-04-11 12:37:04,14,18,5291,11422
2023-04-11 12:37:04,17,18,5291,11422
2023-04-11 12:37:45,16,17,5291,11424
2023-04-11 12:37:46,14,17,5291,11424
2023-04-11 12:37:46,15,17,5291,11424
2023-04-11 12:37:56,14,17,5291,11424
2023-04-11 12:37:56,13,17,5291,11424
2023-04-11 12:37:56,15,17,5291,11424
2023-04-11 12:38:09,15,16,5291,11424
2023-04-11 12:38:11,15,17,5291,11424
2023-04-11 12:38:25,15,16,5291,11424
2023-04-11 12:38:26,14,16,5291,11424
2023-04-11 12:39:19,13,16,5291,11424
2023-04-11 12:39:20,13,17,5291,11424
2023-04-11 12:39:25,14,17,5291,11424
2023-04-11 12:40:04,14,16,5291,11424
2023-04-11 12:40:07,14,15,5291,11424
2023-04-11 12:40:10,12,15,5291,11424
2023-04-11 12:40:18,13,15,5291,11424
2023-04-11 12:40:24,13,14,5291,11424
2023-04-11 12:40:25,13,15,5291,11424
2023-04-11 12:40:58,12,15,5291,11424
2023-04-11 12:40:58,13,15,5291,11424
2023-04-11 12:41:11,13,14,5291,11424
2023-04-11 12:42:03,12,14,5291,11424
2023-04-11 12:42:31,12,13,5291,11424
2023-04-11 12:42:33,12,14,5291,11424
2023-04-11 12:43:02,13,14,5291,11424
2023-04-11 12:43:11,12,14,5291,11424
2023-04-11 12:43:11,13,14,5291,11424
2023-04-11 12:43:39,13,14,5529,11662
2023-04-11 12:43:44,13,14,5524,11962
2023-04-11 12:43:45,12,13,5524,12038
2023-04-11 12:43:53,12,14,5524,12038
2023-04-11 12:44:19,12,13,5524,12038
2023-04-11 12:44:33,10,13,5524,12038
2023-04-11 12:44:37,10,11,5524,12038
2023-04-11 12:44:55,10,12,5524,12038
2023-04-11 12:44:56,10,11,5524,12038
2023-04-11 12:45:19,9,10,5524,12040
2023-04-11 12:45:53,9,14,5524,12040
2023-04-11 12:46:02,9,13,5524,12040
2023-04-11 12:46:20,8,13,5524,12040
2023-04-11 12:48:19,8,12,5524,12040
2023-04-11 12:48:50,7,12,5524,12040
2023-04-11 12:51:19,8,12,5524,12040
2023-04-11 12:51:19,8,11,5524,12040
2023-04-11 12:51:19,8,10,5524,12040
2023-04-11 12:52:00,7,10,5524,12040
2023-04-11 12:52:37,7,9,5524,12040
2023-04-11 12:52:47,6,9,5524,12040
2023-04-11 12:53:08,6,8,5524,12040
2023-04-11 12:54:41,6,7,5524,12040
2023-04-11 12:55:42,6,8,5524,12040
2023-04-11 12:55:42,6,9,5524,12040
2023-04-11 12:55:49,6,8,5524,12040
2023-04-11 13:01:04,6,7,5524,12040
2023-04-11 13:02:03,6,8,5524,12040
2023-04-11 13:02:29,6,7,5524,12040
2023-04-11 13:03:46,6,8,5524,12040
2023-04-11 13:05:38,6,7,5524,12040
2023-04-11 13:05:45,6,8,5524,12040
2023-04-11 13:09:10,4,8,5524,12207
2023-04-11 13:11:09,5,8,5524,12207
2023-04-11 13:11:09,5,7,5524,12207
2023-04-11 13:11:26,4,7,5524,12207
2023-04-11 13:11:26,4,8,5524,12207
2023-04-11 13:11:26,5,8,5524,12207
2023-04-11 13:11:26,5,7,5524,12207
2023-04-11 13:11:36,5,8,5524,12207
2023-04-11 13:11:36,6,8,5524,12207
2023-04-11 13:11:43,5,8,5524,12207
2023-04-11 13:11:43,6,8,5524,12207
2023-04-11 13:11:52,5,8,5524,12207
2023-04-11 13:11:52,6,8,5524,12207
2023-04-11 13:11:58,6,9,5524,12207
2023-04-11 13:12:01,6,8,5524,12207
2023-04-11 13:12:24,5,6,5526,12209
2023-04-11 13:12:31,5,8,5526,12209
2023-04-11 13:12:51,5,7,5526,12209
2023-04-11 13:13:16,6,7,5526,12209
2023-04-11 13:13:58,5,7,5526,12209
2023-04-11 13:14:21,6,7,5526,12209
2023-04-11 13:14:34,7,8,5624,13215
2023-04-11 13:14:38,7,11,5624,13215
2023-04-11 13:15:05,7,10,5624,13215
2023-04-11 13:17:13,7,9,5624,13215
2023-04-11 13:17:45,6,9,5624,13215
2023-04-11 13:22:07,6,8,5624,13215
2023-04-11 13:22:11,5,8,5624,13215
2023-04-11 13:22:11,4,8,5624,13215
2023-04-11 13:22:14,5,8,5624,13215
2023-04-11 13:23:08,7,8,5624,13215
2023-04-11 13:24:14,5,7,5619,13222
2023-04-11 13:24:56,4,7,5619,13222
2023-04-11 13:30:13,4,5,5619,13222
2023-04-11 13:30:57,3,4,5766,13369
2023-04-11 13:31:07,2,5,6099,13702
2023-04-11 13:32:54,2,3,6099,13719
2023-04-11 13:35:16,2,3,6259,13879
2023-04-11 13:35:34,2,5,6349,13971
2023-04-11 13:35:39,2,5,6349,13971
2023-04-11 13:36:57,2,5,6349,13981
2023-04-11 13:48:56,2,3,6349,13981
2023-04-11 13:50:28,2,3,6379,14011
2023-04-11 13:50:28,1,3,6401,14041
2023-04-11 13:50:28,1,2,6401,14041
2023-04-11 13:50:28,1,3,6401,14041
2023-04-11 13:50:29,1,3,6401,14071
2023-04-11 13:50:29,1,2,6401,14071
2023-04-11 13:50:29,1,3,6401,14071
2023-04-11 13:50:30,1,2,6401,14071
2023-04-11 13:50:32,1,3,6401,14071
2023-04-11 13:50:32,1,2,6401,14071
2023-04-11 13:50:36,1,3,6401,14071
2023-04-11 14:00:56,1,3,6401,14084
2023-04-11 14:00:56,1,2,6401,14084
2023-04-11 14:00:56,1,2,6401,14097
2023-04-11 14:00:56,1,3,6401,14097
2023-04-11 14:01:18,1,3,6401,14103
2023-04-11 14:01:18,1,3,6401,14109
2023-04-11 14:01:18,1,3,6401,14115
2023-04-11 14:01:18,1,2,6401,14115
2023-04-11 14:01:18,1,2,6401,14175
2023-04-11 14:01:18,1,3,6401,14175
2023-04-11 14:01:18,1,2,6401,14175
2023-04-11 14:01:18,1,3,6401,14175
2023-04-11 14:01:18,1,2,6401,14175
2023-04-11 14:01:19,1,3,6401,14175
2023-04-11 14:02:44,1,3,6401,14180
2023-04-11 14:02:44,1,3,6401,14185
2023-04-11 14:02:44,1,2,6401,14185
2023-04-11 14:02:44,1,2,6401,14218
2023-04-11 14:02:44,1,3,6401,14218
2023-04-11 14:05:41,1,3,6401,14243
2023-04-11 14:11:59,1,3,6396,14248
2023-04-11 14:30:01,1,2,6396,14248
2023-04-11 14:30:04,1,3,6396,14248
2023-04-11 14:31:26,1,3,6396,14259
2023-04-11 14:32:26,1,3,6396,14261
2023-04-11 14:32:30,1,3,6396,14266
2023-04-11 14:33:25,1,3,6396,14269
2023-04-11 14:33:25,1,2,6396,14269
2023-04-11 14:33:25,1,2,6396,14272
2023-04-11 14:33:25,1,3,6396,14272
2023-04-11 14:33:25,1,3,6396,14275
2023-04-11 14:33:34,1,2,6396,14275
2023-04-11 14:33:39,1,3,6396,14275
2023-04-11 14:33:54,1,3,6396,14277
2023-04-11 14:37:37,1,2,6396,14277
2023-04-11 14:37:38,1,3,6396,14277
2023-04-11 14:37:38,1,2,6396,14277
2023-04-11 14:37:49,1,2,6396,14281
2023-04-11 14:37:49,1,2,6396,14285
2023-04-11 14:37:49,1,2,6396,14289
2023-04-11 14:37:49,1,2,6396,14311
2023-04-11 14:37:50,1,2,6396,14338
2023-04-11 14:37:50,1,2,6396,14365
2023-04-11 14:37:52,1,2,6396,14419
2023-04-11 14:38:12,1,3,6396,14419
2023-04-11 14:38:40,1,2,6396,14419
2023-04-11 14:38:42,1,3,6396,14419
2023-04-11 14:43:57,1,3,6396,14431
2023-04-11 14:44:36,1,3,6396,14456
2023-04-11 14:48:38,1,2,6396,14456
2023-04-11 14:48:39,1,3,6396,14456
2023-04-11 14:49:14,1,2,6396,14456
2023-04-11 14:49:43,1,3,6396,14456
2023-04-11 14:50:02,1,3,6396,14480
2023-04-11 14:50:02,1,2,6396,14480
2023-04-11 14:50:02,1,2,6396,14504
2023-04-11 14:50:02,1,3,6396,14504
2023-04-11 14:50:02,1,3,6396,14528
2023-04-11 14:50:07,1,3,6396,14576
2023-04-11 14:50:07,1,2,6396,14576
2023-04-11 14:50:07,1,3,6396,14576
2023-04-11 14:50:09,1,3,6396,14628
2023-04-11 14:50:09,1,3,6396,14669
2023-04-11 14:52:57,1,2,6396,14669
2023-04-11 14:52:57,1,2,6396,14709
2023-04-11 14:52:57,1,2,6396,14755
2023-04-11 14:52:57,1,2,6541,14911
2023-04-11 14:52:57,1,3,6541,14911
2023-04-11 14:52:57,1,3,6541,14911
2023-04-11 14:52:58,1,3,6587,14957
2023-04-11 14:52:58,1,2,6587,14957
2023-04-11 14:52:58,1,2,6627,14997
2023-04-11 14:52:58,1,3,6627,14997
2023-04-11 14:58:58,1,3,6659,15029
2023-04-11 15:03:28,1,3,6661,15031
2023-04-11 15:03:28,1,3,6663,15033
2023-04-11 15:03:28,1,3,6679,15049
2023-04-11 15:03:28,1,3,6679,15049
2023-04-11 15:03:28,1,2,6679,15049
2023-04-11 15:03:28,1,3,6679,15049
2023-04-11 15:03:46,1,2,6679,15049
2023-04-11 15:04:01,1,2,6683,15053
2023-04-11 15:04:46,1,2,6983,15353
2023-04-11 15:04:52,1,2,7013,15383
2023-04-11 15:06:10,1,2,7019,15389
2023-04-11 15:06:10,1,2,7051,15421
2023-04-11 15:06:11,1,2,7077,15447
2023-04-11 15:06:47,1,2,7078,15448
2023-04-11 15:07:12,1,2,7103,15473
2023-04-11 15:07:28,1,2,7151,15521
2023-04-11 15:07:28,1,2,7157,15527
2023-04-11 15:07:28,1,2,7163,15533
2023-04-11 15:07:37,1,2,7165,15535
2023-04-11 15:07:44,1,2,7177,15547
2023-04-11 15:09:01,1,2,7211,15581
2023-04-11 15:09:01,1,2,7245,15615
2023-04-11 15:09:01,1,2,7279,15649
2023-04-11 15:11:22,1,2,7398,15949
2023-04-11 15:12:54,0,2,7400,16020
2023-04-11 15:12:54,0,1,7400,16020
2023-04-11 15:33:11,0,2,7516,16140
2023-04-11 15:33:32,0,3,7516,16140
2023-04-11 15:33:53,0,1,7516,16140
2023-04-11 15:39:13,0,3,7634,16260
2023-04-11 15:40:03,0,3,7974,16659
2023-04-11 15:41:14,3,10,9521,18208
2023-04-11 15:41:16,3,10,9522,18209
2023-04-11 15:42:04,3,7,9522,18209
2023-04-11 15:42:06,3,10,9522,18209
2023-04-11 15:42:10,0,3,9524,18211
2023-04-11 15:43:10,0,1,9524,18211
2023-04-11 15:44:43,0,3,9528,18217
2023-04-11 15:44:55,0,10,9528,18217
2023-04-11 15:45:05,0,7,9528,18217
2023-04-11 15:45:06,0,10,9528,18217
2023-04-11 15:46:05,0,7,9528,18217
2023-04-11 15:46:07,0,10,9528,18217
2023-04-11 15:47:06,0,7,9528,18217
2023-04-11 15:47:08,0,10,9528,18217
2023-04-11 15:48:21,0,3,9528,18217
2023-04-11 15:48:21,0,1,9528,18217
2023-04-11 15:50:07,0,3,9590,18281
2023-04-11 15:52:52,1,3,9590,18281
2023-04-11 15:54:52,1,2,9590,18281
2023-04-11 15:54:56,0,2,9590,18281
2023-04-11 15:54:56,0,1,9590,18281
2023-04-11 15:55:21,1,2,9590,18283
2023-04-11 15:56:32,0,2,9889,18582
2023-04-11 15:56:40,0,1,9889,18582
2023-04-11 15:57:21,0,2,9889,18584
2023-04-11 15:58:16,0,1,9889,18584
