datetime,bid,ask,open_interest,volume
2023-12-04 09:30:37,4,9,406,555
2023-12-04 09:31:00,4,6,406,555
2023-12-04 09:32:01,4,5,406,555
2023-12-04 09:32:24,3,5,1095,1255
2023-12-04 09:32:26,3,4,1095,1255
2023-12-04 09:33:34,2,4,1095,1455
2023-12-04 09:33:42,2,3,1095,1455
2023-12-04 09:35:07,0,3,1095,1655
2023-12-04 09:35:27,1,3,1095,1655
2023-12-04 09:36:35,0,3,1095,1655
2023-12-04 09:36:50,1,3,1095,1655
2023-12-04 09:36:51,0,3,1095,1655
2023-12-04 09:36:53,1,3,1095,1655
2023-12-04 09:36:54,0,3,1095,1655
2023-12-04 09:36:55,1,3,1095,1655
2023-12-04 09:37:07,0,3,1095,1655
2023-12-04 09:37:12,1,3,1095,1655
2023-12-04 09:38:35,0,3,1095,1655
2023-12-04 09:40:01,1,3,1095,1655
2023-12-04 09:40:03,0,3,1095,1655
2023-12-04 09:40:35,1,3,1095,1655
2023-12-04 09:40:37,0,3,1095,1655
2023-12-04 09:41:08,1,3,1095,1655
2023-12-04 09:41:12,0,3,1095,1655
2023-12-04 09:41:14,1,3,1095,1655
2023-12-04 09:41:15,0,3,1095,1655
2023-12-04 09:41:16,1,3,1095,1655
2023-12-04 09:41:18,0,3,1095,1655
2023-12-04 09:41:19,1,3,1095,1655
2023-12-04 09:41:35,0,3,1095,1655
2023-12-04 09:41:51,1,3,1095,1655
2023-12-04 09:41:52,0,3,1095,1655
2023-12-04 09:42:05,1,3,1095,1655
2023-12-04 09:42:07,0,3,1095,1655
2023-12-04 09:45:09,0,2,1095,1655
2023-12-04 09:57:40,0,3,1095,1655
2023-12-04 09:57:58,1,3,1095,1655
2023-12-04 09:58:09,0,3,1095,1655
2023-12-04 09:58:24,1,3,1095,1655
2023-12-04 09:58:43,0,3,1095,1655
2023-12-04 09:58:51,1,3,1095,1655
2023-12-04 09:58:53,0,3,1095,1655
2023-12-04 09:58:54,1,3,1095,1655
2023-12-04 10:00:06,0,3,1095,1655
2023-12-04 10:00:07,1,3,1095,1655
2023-12-04 10:00:08,0,3,1095,1655
2023-12-04 10:00:09,1,3,1095,1655
2023-12-04 10:00:37,0,3,1095,1655
2023-12-04 10:00:40,1,3,1095,1655
2023-12-04 10:00:49,0,3,1095,1655
2023-12-04 10:01:29,1,3,1095,1655
2023-12-04 10:03:52,0,3,1095,1655
2023-12-04 10:03:54,1,3,1095,1655
2023-12-04 10:04:06,0,3,1095,1655
2023-12-04 10:15:58,1,3,1095,1655
2023-12-04 10:16:14,0,3,1095,1655
2023-12-04 10:16:42,0,2,1095,1655
2023-12-04 10:16:52,1,2,1095,1655
2023-12-04 10:17:11,0,2,1095,1655
2023-12-04 10:17:15,1,2,1095,1655
2023-12-04 10:17:16,0,2,1095,1655
2023-12-04 10:17:24,1,2,1095,1655
2023-12-04 10:17:25,0,2,1095,1655
2023-12-04 10:17:26,1,2,1095,1655
2023-12-04 10:18:10,1,3,1065,1685
2023-12-04 10:18:57,0,3,1065,1685
2023-12-04 10:18:58,1,3,1065,1685
2023-12-04 10:22:53,2,3,1065,1685
2023-12-04 10:23:19,2,3,1265,1885
2023-12-04 10:23:30,2,3,2161,3440
2023-12-04 10:23:35,2,3,3716,4995
2023-12-04 10:24:32,2,3,3966,5245
2023-12-04 10:24:35,2,3,4166,5445
2023-12-04 10:24:35,2,5,4406,5685
2023-12-04 10:24:35,3,5,4406,5685
2023-12-04 10:24:41,4,5,4406,5685
2023-12-04 10:25:19,4,5,4522,5801
2023-12-04 10:25:20,3,5,4522,5801
2023-12-04 10:25:35,4,5,4522,5801
2023-12-04 10:25:49,4,6,4522,5801
2023-12-04 10:26:03,5,6,4522,5801
2023-12-04 10:26:08,5,6,4582,5861
2023-12-04 10:26:12,5,6,4778,6057
2023-12-04 10:26:13,4,6,4778,6057
2023-12-04 10:26:19,5,6,4778,6057
2023-12-04 10:26:24,4,6,4778,6057
2023-12-04 10:26:40,4,6,4828,6107
2023-12-04 10:26:48,5,6,4828,6107
2023-12-04 10:26:48,5,6,4955,6234
2023-12-04 10:26:50,4,6,4955,6234
2023-12-04 10:26:50,5,6,4955,6234
2023-12-04 10:26:50,5,6,5008,6287
2023-12-04 10:27:27,4,6,5008,6287
2023-12-04 10:27:27,5,6,5008,6287
2023-12-04 10:28:07,5,7,5008,6287
2023-12-04 10:28:15,6,7,5008,6287
2023-12-04 10:28:16,5,7,5008,6287
2023-12-04 10:28:16,6,7,5008,6287
2023-12-04 10:28:19,5,7,5008,6287
2023-12-04 10:28:20,6,7,5008,6287
2023-12-04 10:28:22,5,7,5008,6287
2023-12-04 10:28:22,6,7,5008,6287
2023-12-04 10:28:34,5,7,5008,6287
2023-12-04 10:28:35,6,7,5008,6287
2023-12-04 10:28:56,6,8,5008,6287
2023-12-04 10:29:34,6,7,5008,6287
2023-12-04 10:29:35,5,7,5008,6287
2023-12-04 10:29:40,4,7,5008,6287
2023-12-04 10:29:42,5,7,5008,6287
2023-12-04 10:30:32,4,7,5008,6287
2023-12-04 10:30:33,5,7,5008,6287
2023-12-04 10:30:35,4,7,5008,6287
2023-12-04 10:30:39,5,7,5008,6287
2023-12-04 10:32:06,5,8,5008,6287
2023-12-04 10:32:07,6,8,5008,6287
2023-12-04 10:32:07,5,8,5008,6287
2023-12-04 10:32:08,6,8,5008,6287
2023-12-04 10:32:09,5,8,5008,6287
2023-12-04 10:32:10,5,7,5008,6287
2023-12-04 10:32:10,4,7,5008,6287
2023-12-04 10:32:11,5,7,5008,6287
2023-12-04 10:32:13,4,7,5008,6287
2023-12-04 10:32:17,5,7,5008,6287
2023-12-04 10:32:18,4,7,5008,6287
2023-12-04 10:32:22,4,6,5008,6287
2023-12-04 10:33:00,4,5,5008,6287
2023-12-04 10:33:02,4,5,5189,6468
2023-12-04 10:33:03,4,6,5189,6468
2023-12-04 10:33:03,4,5,5189,6468
2023-12-04 10:33:05,4,6,5189,6468
2023-12-04 10:33:44,4,7,5189,6468
2023-12-04 10:33:45,5,7,5189,6468
2023-12-04 10:33:55,5,6,5189,6468
2023-12-04 10:33:56,4,6,5189,6468
2023-12-04 10:33:58,5,6,5189,6468
2023-12-04 10:34:18,4,6,5189,6468
2023-12-04 10:34:18,4,5,5189,6468
2023-12-04 10:34:23,5,6,5293,6572
2023-12-04 10:34:50,5,6,5543,6822
2023-12-04 10:36:26,5,6,5793,7072
2023-12-04 10:36:29,5,6,6043,7322
2023-12-04 10:36:33,5,6,6293,7572
2023-12-04 10:36:35,5,6,6543,7822
2023-12-04 10:36:37,5,6,6793,8072
2023-12-04 10:36:39,5,6,7043,8322
2023-12-04 10:36:40,5,6,7043,8382
2023-12-04 10:36:56,5,6,7293,8632
2023-12-04 10:37:09,5,6,8527,9866
2023-12-04 10:38:31,4,6,8527,9866
2023-12-04 10:39:41,5,6,8527,9866
2023-12-04 10:39:56,4,6,8527,9866
2023-12-04 10:39:56,5,6,8527,9866
2023-12-04 10:40:03,4,6,8527,9866
2023-12-04 10:40:40,5,6,8527,9866
2023-12-04 10:40:40,4,6,8527,9866
2023-12-04 10:40:42,5,6,8527,9866
2023-12-04 10:40:46,4,6,8527,9866
2023-12-04 10:40:53,5,6,8527,9866
2023-12-04 10:41:25,4,6,8527,9866
2023-12-04 10:41:26,5,6,8527,9866
2023-12-04 10:41:42,4,6,8527,9866
2023-12-04 10:41:42,5,6,8527,9866
2023-12-04 10:43:29,4,6,8527,9866
2023-12-04 10:43:43,5,6,8527,9866
2023-12-04 10:43:49,4,6,8527,9866
2023-12-04 10:43:49,4,5,8527,9866
2023-12-04 10:45:27,4,6,8641,9980
2023-12-04 10:45:38,5,6,8641,9980
2023-12-04 10:45:38,4,6,8641,9980
2023-12-04 10:45:39,5,6,8641,9980
2023-12-04 10:45:39,4,6,8641,9980
2023-12-04 10:46:05,5,6,8641,9980
2023-12-04 10:46:05,4,6,8751,10090
2023-12-04 10:46:05,5,6,8751,10090
2023-12-04 10:46:10,4,6,8751,10090
2023-12-04 10:46:15,5,6,8751,10090
2023-12-04 10:46:15,5,7,8751,10090
2023-12-04 10:46:15,5,6,8751,10090
2023-12-04 10:46:17,4,6,8751,10090
2023-12-04 10:46:17,4,5,8751,10090
2023-12-04 10:48:45,4,5,8861,10200
2023-12-04 10:50:48,4,5,9061,10400
2023-12-04 10:50:56,4,5,9311,10650
2023-12-04 10:50:56,4,7,9861,11200
2023-12-04 10:50:57,5,7,9861,11200
2023-12-04 10:50:59,5,8,9861,11200
2023-12-04 10:51:00,5,7,9861,11200
2023-12-04 10:51:01,5,8,9861,11200
2023-12-04 10:51:03,5,7,9861,11200
2023-12-04 10:51:08,5,8,9861,11200
2023-12-04 10:51:14,5,7,9861,11200
2023-12-04 10:51:15,5,8,9861,11200
2023-12-04 10:51:15,5,7,9861,11200
2023-12-04 10:51:15,6,7,9861,11200
2023-12-04 10:51:16,5,7,9861,11200
2023-12-04 10:51:16,6,7,9861,11200
2023-12-04 10:51:17,5,7,9861,11200
2023-12-04 10:51:17,5,8,9861,11200
2023-12-04 10:51:17,5,7,9861,11200
2023-12-04 10:51:17,6,7,9861,11200
2023-12-04 10:51:34,5,7,9861,11200
2023-12-04 10:51:35,6,7,9861,11200
2023-12-04 10:51:42,6,8,9861,11200
2023-12-04 10:51:42,5,8,9861,11200
2023-12-04 10:51:42,6,8,9861,11200
2023-12-04 10:51:46,5,7,9861,11200
2023-12-04 10:51:46,6,8,9861,11200
2023-12-04 10:51:46,6,7,9861,11200
2023-12-04 10:51:49,5,7,9861,11200
2023-12-04 10:51:49,5,8,9861,11200
2023-12-04 10:51:49,5,7,9861,11200
2023-12-04 10:51:49,6,7,9861,11200
2023-12-04 10:51:53,5,7,9861,11200
2023-12-04 10:52:29,6,7,9861,11200
2023-12-04 10:52:30,5,7,9861,11200
2023-12-04 10:52:30,6,7,9861,11200
2023-12-04 10:52:36,5,7,9861,11200
2023-12-04 10:52:36,6,7,9861,11200
2023-12-04 10:52:37,5,7,9861,11200
2023-12-04 10:52:38,6,7,9861,11200
2023-12-04 10:52:39,5,7,9861,11200
2023-12-04 10:53:19,6,7,9861,11200
2023-12-04 10:53:20,5,7,9861,11200
2023-12-04 10:53:24,6,7,9861,11200
2023-12-04 10:53:35,6,8,9861,11200
2023-12-04 10:54:14,7,8,9861,11200
2023-12-04 10:54:14,6,8,9861,11200
2023-12-04 10:54:38,7,8,9861,11200
2023-12-04 10:54:44,6,8,9861,11200
2023-12-04 10:54:44,7,8,9861,11200
2023-12-04 10:54:46,6,8,9861,11200
2023-12-04 10:54:46,7,8,9861,11200
2023-12-04 10:54:49,6,8,9861,11200
2023-12-04 10:54:53,7,8,9861,11200
2023-12-04 10:55:00,6,8,9861,11200
2023-12-04 10:55:00,7,8,9861,11200
2023-12-04 10:55:07,6,8,9861,11200
2023-12-04 10:55:41,6,7,9861,11200
2023-12-04 10:55:43,5,7,9861,11200
2023-12-04 10:56:03,6,7,9861,11200
2023-12-04 10:56:10,5,7,9861,11200
2023-12-04 10:56:10,6,7,9861,11200
2023-12-04 10:56:12,6,8,9861,11200
2023-12-04 10:57:42,6,7,9861,11200
2023-12-04 10:57:44,6,8,9861,11200
2023-12-04 10:59:08,5,8,9861,11200
2023-12-04 10:59:10,5,7,9861,11200
2023-12-04 11:00:07,5,8,9861,11200
2023-12-04 11:00:13,5,7,9861,11200
2023-12-04 11:00:15,5,8,9861,11200
2023-12-04 11:00:15,6,8,9861,11200
2023-12-04 11:00:16,6,7,9861,11200
2023-12-04 11:00:16,5,7,9861,11200
2023-12-04 11:00:18,6,7,9861,11200
2023-12-04 11:00:20,5,7,9861,11200
2023-12-04 11:00:40,6,7,9861,11200
2023-12-04 11:00:41,5,7,9861,11200
2023-12-04 11:00:42,6,7,9861,11200
2023-12-04 11:00:43,6,8,9861,11200
2023-12-04 11:01:55,6,7,9861,11200
2023-12-04 11:01:58,5,7,9861,11200
2023-12-04 11:03:03,5,8,9861,11200
2023-12-04 11:03:06,6,8,9861,11200
2023-12-04 11:03:11,5,8,9861,11200
2023-12-04 11:03:12,6,8,9861,11200
2023-12-04 11:03:20,5,8,9861,11200
2023-12-04 11:03:20,6,8,9861,11200
2023-12-04 11:03:21,6,7,9861,11200
2023-12-04 11:03:25,5,7,9861,11200
2023-12-04 11:03:29,6,7,9861,11200
2023-12-04 11:03:33,6,8,9861,11200
2023-12-04 11:03:33,6,7,9861,11200
2023-12-04 11:03:39,6,8,9861,11200
2023-12-04 11:04:21,5,8,9861,11200
2023-12-04 11:04:22,5,7,9861,11200
2023-12-04 11:04:22,6,7,9861,11200
2023-12-04 11:04:27,5,7,9861,11200
2023-12-04 11:04:31,6,7,9861,11200
2023-12-04 11:04:32,5,7,9861,11200
2023-12-04 11:04:32,6,7,9861,11200
2023-12-04 11:04:49,5,7,9861,11200
2023-12-04 11:04:52,6,7,9861,11200
2023-12-04 11:05:02,6,7,9865,11204
2023-12-04 11:05:04,6,8,9865,11204
2023-12-04 11:05:10,6,8,9864,11205
2023-12-04 11:05:20,6,7,9864,11205
2023-12-04 11:05:22,6,8,9864,11205
2023-12-04 11:05:24,5,8,9864,11205
2023-12-04 11:05:24,6,8,9864,11205
2023-12-04 11:05:25,6,7,9864,11205
2023-12-04 11:05:27,5,7,9864,11205
2023-12-04 11:05:47,5,6,9864,11205
2023-12-04 11:06:22,5,6,9977,11318
2023-12-04 11:06:39,5,7,9977,11318
2023-12-04 11:06:43,5,6,9977,11318
2023-12-04 11:06:53,4,6,9977,11318
2023-12-04 11:07:09,5,6,9977,11318
2023-12-04 11:07:11,4,6,9977,11318
2023-12-04 11:07:24,5,6,9977,11318
2023-12-04 11:07:34,4,6,9977,11318
2023-12-04 11:07:43,5,6,9977,11318
2023-12-04 11:07:50,4,6,9977,11318
2023-12-04 11:07:56,5,6,9977,11318
2023-12-04 11:07:57,4,6,9977,11318
2023-12-04 11:08:35,5,6,9977,11318
2023-12-04 11:08:36,4,6,9977,11318
2023-12-04 11:08:37,5,6,9977,11318
2023-12-04 11:08:39,4,6,9977,11318
2023-12-04 11:08:47,5,6,9977,11318
2023-12-04 11:09:00,5,7,9977,11318
2023-12-04 11:09:13,5,6,9977,11318
2023-12-04 11:09:24,5,7,9977,11318
2023-12-04 11:09:29,4,7,9977,11318
2023-12-04 11:09:29,5,7,9977,11318
2023-12-04 11:09:30,5,6,9977,11318
2023-12-04 11:09:31,5,7,9977,11318
2023-12-04 11:09:36,5,6,9977,11318
2023-12-04 11:09:37,5,7,9977,11318
2023-12-04 11:09:38,5,6,9977,11318
2023-12-04 11:09:44,4,6,9977,11318
2023-12-04 11:10:06,5,6,9977,11318
2023-12-04 11:10:16,4,6,9977,11318
2023-12-04 11:10:28,5,6,9977,11318
2023-12-04 11:10:32,4,6,9977,11318
2023-12-04 11:10:33,5,6,9977,11318
2023-12-04 11:10:34,4,6,9977,11318
2023-12-04 11:10:36,5,6,9977,11318
2023-12-04 11:10:38,4,6,9977,11318
2023-12-04 11:10:40,5,6,9977,11318
2023-12-04 11:10:41,4,6,9977,11318
2023-12-04 11:10:41,5,6,9977,11318
2023-12-04 11:11:05,4,6,9977,11318
2023-12-04 11:11:05,5,6,9977,11318
2023-12-04 11:11:10,4,6,9977,11318
2023-12-04 11:11:10,5,6,9977,11318
2023-12-04 11:11:20,5,7,9977,11318
2023-12-04 11:11:45,5,6,9977,11318
2023-12-04 11:11:53,4,6,9977,11318
2023-12-04 11:11:53,5,6,9977,11318
2023-12-04 11:12:28,4,6,9977,11318
2023-12-04 11:12:28,5,6,9977,11318
2023-12-04 11:12:41,4,6,9977,11318
2023-12-04 11:12:41,5,6,9977,11318
2023-12-04 11:12:42,5,6,10002,11343
2023-12-04 11:12:47,4,6,10002,11343
2023-12-04 11:12:47,5,6,10002,11343
2023-12-04 11:13:27,5,7,10002,11343
2023-12-04 11:13:29,5,6,10002,11343
2023-12-04 11:13:37,4,6,10002,11343
2023-12-04 11:13:37,5,6,10002,11343
2023-12-04 11:13:52,4,6,10002,11343
2023-12-04 11:13:52,5,6,10002,11343
2023-12-04 11:13:53,4,6,10002,11343
2023-12-04 11:13:58,4,5,10002,11343
2023-12-04 11:14:28,4,5,10002,11403
2023-12-04 11:14:30,4,5,10002,11463
2023-12-04 11:14:35,4,5,9802,11663
2023-12-04 11:14:35,4,5,9802,11783
2023-12-04 11:14:38,4,5,9602,11983
2023-12-04 11:14:43,4,5,9602,12109
2023-12-04 11:14:44,4,5,9402,12309
2023-12-04 11:14:44,4,5,9402,12496
2023-12-04 11:14:46,4,5,9402,12616
2023-12-04 11:14:52,4,5,9402,12743
2023-12-04 11:14:55,4,5,9202,12943
2023-12-04 11:15:13,3,5,9202,12943
2023-12-04 11:15:23,2,3,9989,13730
2023-12-04 11:17:36,3,4,14202,18343
2023-12-04 11:17:40,2,4,14202,18343
2023-12-04 11:18:27,2,3,14202,18343
2023-12-04 11:24:11,1,3,14202,18343
2023-12-04 11:25:22,1,4,14202,18343
2023-12-04 11:25:41,2,4,14202,18343
2023-12-04 11:25:42,1,4,14202,18343
2023-12-04 11:25:45,2,4,14202,18343
2023-12-04 11:26:13,1,4,14202,18343
2023-12-04 11:26:14,2,4,14202,18343
2023-12-04 11:26:23,1,4,14202,18343
2023-12-04 11:26:25,2,4,14202,18343
2023-12-04 11:27:09,1,4,14202,18343
2023-12-04 11:27:35,1,3,14202,18343
2023-12-04 11:27:37,1,4,14202,18343
2023-12-04 11:27:37,1,3,14202,18343
2023-12-04 11:30:03,1,4,14202,18343
2023-12-04 11:30:04,1,3,14202,18343
2023-12-04 11:35:05,1,4,14202,18343
2023-12-04 11:35:05,1,3,14202,18343
2023-12-04 11:35:06,1,4,14202,18343
2023-12-04 11:35:07,1,3,14202,18343
2023-12-04 11:35:08,1,4,14202,18343
2023-12-04 11:35:09,1,3,14202,18343
2023-12-04 11:35:11,1,4,14202,18343
2023-12-04 11:35:12,1,3,14202,18343
2023-12-04 11:35:15,1,4,14202,18343
2023-12-04 11:35:15,1,3,14202,18343
2023-12-04 11:35:24,1,4,14202,18343
2023-12-04 11:35:26,1,3,14202,18343
2023-12-04 11:35:30,1,4,14202,18343
2023-12-04 11:35:30,1,3,14202,18343
2023-12-04 11:35:35,1,4,14202,18343
2023-12-04 11:35:42,1,3,14202,18343
2023-12-04 11:35:44,1,4,14202,18343
2023-12-04 11:35:44,1,3,14202,18343
2023-12-04 11:35:46,1,4,14202,18343
2023-12-04 11:35:56,1,3,14202,18343
2023-12-04 11:36:02,1,4,14202,18343
2023-12-04 11:36:17,1,3,14202,18343
2023-12-04 11:36:25,1,4,14202,18343
2023-12-04 11:36:25,1,3,14202,18343
2023-12-04 11:41:48,1,2,14202,18343
2023-12-04 11:47:48,1,2,14202,18543
2023-12-04 11:50:35,1,2,14202,18743
2023-12-04 11:50:42,1,2,14318,18859
2023-12-04 11:50:45,1,2,14402,18943
2023-12-04 11:50:53,1,2,14522,19063
2023-12-04 11:51:15,1,2,14633,19174
2023-12-04 11:56:37,0,2,15302,19843
2023-12-04 11:58:28,0,1,15302,19843
