datetime,bid,ask,open_interest,volume
2023-05-04 09:30:14,24,27,1918,5449
2023-05-04 09:30:28,25,27,1918,5449
2023-05-04 09:31:01,25,27,1918,5459
2023-05-04 09:31:08,25,26,1918,5459
2023-05-04 09:31:15,25,27,1918,5459
2023-05-04 09:31:16,25,26,1918,5459
2023-05-04 09:32:22,25,26,1918,5461
2023-05-04 09:35:16,26,27,1932,5629
2023-05-04 09:36:49,25,26,1918,5649
2023-05-04 09:38:03,24,25,1918,5669
2023-05-04 09:38:04,24,26,1918,5669
2023-05-04 09:38:05,24,25,1918,5669
2023-05-04 09:38:11,23,24,1918,5676
2023-05-04 09:39:01,22,23,1918,5680
2023-05-04 09:39:42,21,23,2172,5934
2023-05-04 09:39:50,21,22,2172,5934
2023-05-04 09:39:54,20,22,2176,5938
2023-05-04 09:40:12,20,21,2176,5938
2023-05-04 09:40:28,19,20,2176,5942
2023-05-04 09:40:45,18,19,2176,5996
2023-05-04 09:40:46,18,20,2315,6196
2023-05-04 09:40:46,17,20,2315,6196
2023-05-04 09:40:47,17,19,2315,6196
2023-05-04 09:41:00,17,18,2315,6196
2023-05-04 09:41:10,17,19,2315,6196
2023-05-04 09:41:15,17,19,2510,6396
2023-05-04 09:41:16,17,20,2510,6396
2023-05-04 09:41:23,18,20,2510,6396
2023-05-04 09:41:25,17,20,2510,6396
2023-05-04 09:41:26,18,20,2510,6396
2023-05-04 09:41:26,18,19,2510,6396
2023-05-04 09:42:17,17,19,2510,6396
2023-05-04 09:42:18,17,18,2510,6396
2023-05-04 09:44:03,16,17,2514,6400
2023-05-04 09:44:07,15,16,2668,6554
2023-05-04 09:44:35,14,16,2670,6556
2023-05-04 09:44:50,14,15,2670,6556
2023-05-04 09:44:55,13,14,2674,6560
2023-05-04 09:44:56,13,14,2874,6760
2023-05-04 09:45:02,13,14,3074,6960
2023-05-04 09:45:06,14,16,3067,6967
2023-05-04 09:45:08,13,16,3067,6967
2023-05-04 09:45:27,13,15,3067,6967
2023-05-04 09:45:55,13,14,3067,6967
2023-05-04 09:46:29,12,14,3142,7373
2023-05-04 09:46:34,12,13,3142,7373
2023-05-04 09:46:36,12,13,3442,7673
2023-05-04 09:46:38,13,14,3442,7675
2023-05-04 09:46:38,12,14,3442,7675
2023-05-04 09:46:53,12,13,3442,7675
2023-05-04 09:48:20,11,12,3596,7829
2023-05-04 09:48:21,12,13,3642,7875
2023-05-04 09:48:21,11,13,3642,7875
2023-05-04 09:48:24,12,13,3642,7875
2023-05-04 09:49:25,11,13,3692,7925
2023-05-04 09:49:52,12,13,3692,7925
2023-05-04 09:50:07,13,14,3692,7939
2023-05-04 09:50:10,14,15,3692,7957
2023-05-04 09:51:12,13,15,3692,7957
2023-05-04 09:51:12,13,14,3692,7957
2023-05-04 09:51:16,14,15,3692,7959
2023-05-04 09:51:16,13,15,3692,7959
2023-05-04 09:51:33,13,14,3692,7959
2023-05-04 09:51:54,13,15,3692,7969
2023-05-04 09:51:57,13,14,3692,7969
2023-05-04 09:52:37,12,14,3692,7969
2023-05-04 09:52:38,12,13,3692,7969
2023-05-04 09:53:06,13,14,3692,7971
2023-05-04 09:53:25,13,16,3692,7971
2023-05-04 09:53:29,13,15,3692,7971
2023-05-04 09:53:31,13,16,3692,7971
2023-05-04 09:53:34,13,15,3692,7971
2023-05-04 09:53:41,13,14,3692,7971
2023-05-04 09:53:50,14,16,3692,7973
2023-05-04 09:53:50,13,16,3692,7973
2023-05-04 09:54:00,13,15,3692,7973
2023-05-04 09:54:12,14,15,3692,7973
2023-05-04 09:54:12,15,16,3692,7975
2023-05-04 09:54:12,14,16,3692,7975
2023-05-04 09:54:14,14,16,3892,8175
2023-05-04 09:54:16,14,16,3943,8375
2023-05-04 09:54:17,14,16,4136,8575
2023-05-04 09:54:18,15,16,4136,8575
2023-05-04 09:54:18,15,17,4136,8575
2023-05-04 09:54:18,15,18,4136,8575
2023-05-04 09:54:19,16,18,4136,8575
2023-05-04 09:54:22,16,17,4136,8575
2023-05-04 09:55:53,17,18,4134,8577
2023-05-04 09:56:25,16,18,4134,8577
2023-05-04 09:56:47,16,17,4134,8577
2023-05-04 09:59:37,15,17,4134,8577
2023-05-04 09:59:38,15,16,4134,8577
2023-05-04 10:00:02,14,15,4138,8581
2023-05-04 10:02:20,15,16,4132,8587
2023-05-04 10:02:23,14,16,4132,8587
2023-05-04 10:02:31,15,16,4132,8587
2023-05-04 10:02:33,14,16,4132,8587
2023-05-04 10:02:34,15,16,4132,8587
2023-05-04 10:02:38,15,17,4227,8687
2023-05-04 10:02:40,15,18,4227,8687
2023-05-04 10:02:41,15,18,3932,8983
2023-05-04 10:02:41,15,17,3932,8983
2023-05-04 10:02:41,14,17,3932,8983
2023-05-04 10:02:43,14,18,3932,8983
2023-05-04 10:02:45,15,18,3932,8983
2023-05-04 10:02:45,15,17,3932,8983
2023-05-04 10:03:02,15,16,3932,8983
2023-05-04 10:04:19,14,16,3932,8983
2023-05-04 10:04:19,14,15,3932,8983
2023-05-04 10:11:05,15,16,3941,8993
2023-05-04 10:11:19,15,16,4031,9083
2023-05-04 10:11:56,14,16,4031,9090
2023-05-04 10:12:01,15,16,4031,9090
2023-05-04 10:12:01,14,16,4219,9290
2023-05-04 10:12:02,13,16,4219,9290
2023-05-04 10:12:02,13,15,4219,9290
2023-05-04 10:12:28,13,14,4219,9290
2023-05-04 10:13:39,13,14,4219,9305
2023-05-04 10:13:49,13,15,4219,9305
2023-05-04 10:14:11,13,14,4219,9305
2023-05-04 10:15:26,13,14,4019,9505
2023-05-04 10:15:27,14,15,3915,9609
2023-05-04 10:15:33,14,16,3943,9641
2023-05-04 10:15:37,14,15,3943,9641
2023-05-04 10:15:39,14,15,3946,9644
2023-05-04 10:16:06,13,14,3946,9674
2023-05-04 10:16:09,12,13,3952,9681
2023-05-04 10:16:14,11,13,3952,9681
2023-05-04 10:16:21,12,13,3952,9681
2023-05-04 10:16:24,11,12,3982,9711
2023-05-04 10:16:29,10,11,3984,9713
2023-05-04 10:17:04,10,11,3984,9913
2023-05-04 10:17:07,9,10,4038,9967
2023-05-04 10:17:41,9,10,4038,10167
2023-05-04 10:17:50,9,10,4038,10367
2023-05-04 10:17:51,8,9,4392,10721
2023-05-04 10:18:04,8,10,4392,10721
2023-05-04 10:18:05,8,9,4392,10721
2023-05-04 10:18:08,7,9,4396,10925
2023-05-04 10:18:16,7,10,4544,11075
2023-05-04 10:18:17,8,10,4544,11075
2023-05-04 10:18:22,9,10,4544,11075
2023-05-04 10:18:22,9,10,4544,11095
2023-05-04 10:18:22,9,10,4544,11113
2023-05-04 10:18:23,9,10,4544,11133
2023-05-04 10:18:33,10,11,4533,11144
2023-05-04 10:18:36,11,12,4529,11148
2023-05-04 10:18:36,11,12,4330,11348
2023-05-04 10:18:36,11,13,4330,11348
2023-05-04 10:18:37,11,12,4330,11348
2023-05-04 10:18:40,12,13,4372,11390
2023-05-04 10:18:43,11,13,4372,11390
2023-05-04 10:18:43,12,13,4372,11390
2023-05-04 10:18:46,11,12,4329,11433
2023-05-04 10:18:46,11,13,4329,11433
2023-05-04 10:18:48,11,13,4337,11441
2023-05-04 10:18:51,11,12,4337,11441
2023-05-04 10:19:11,9,11,4381,11485
2023-05-04 10:19:12,9,12,4381,11485
2023-05-04 10:19:27,10,12,4381,11485
2023-05-04 10:19:33,10,11,4381,11485
2023-05-04 10:19:55,9,10,5118,12442
2023-05-04 10:21:48,8,9,5118,12446
2023-05-04 10:22:14,7,8,5122,12450
2023-05-04 10:22:53,7,8,5382,12710
2023-05-04 10:24:12,7,9,5382,12860
2023-05-04 10:24:20,7,8,5382,12860
2023-05-04 10:26:44,6,7,5382,12871
2023-05-04 10:27:32,6,7,5383,12872
2023-05-04 10:28:16,6,7,5383,13072
2023-05-04 10:29:26,6,7,5383,13122
2023-05-04 10:30:36,5,6,5383,13125
2023-05-04 10:31:24,5,7,5393,13375
2023-05-04 10:31:51,5,6,5393,13375
2023-05-04 10:35:19,6,7,5391,13377
2023-05-04 10:35:36,7,8,5390,13378
2023-05-04 10:37:25,6,7,5394,13382
2023-05-04 10:41:45,6,7,5488,13482
2023-05-04 10:41:46,6,8,5488,13482
2023-05-04 10:41:49,6,7,5488,13482
2023-05-04 10:42:17,8,9,5488,13494
2023-05-04 10:42:26,8,9,5572,13578
2023-05-04 10:42:31,8,9,5576,13582
2023-05-04 10:43:07,7,8,5578,13584
2023-05-04 10:44:30,6,7,5582,13588
2023-05-04 10:46:42,6,7,5588,13688
2023-05-04 10:46:42,7,8,5582,13694
2023-05-04 10:46:46,8,9,5579,13697
2023-05-04 10:46:48,9,10,5503,13773
2023-05-04 10:46:52,9,10,5633,13923
2023-05-04 10:46:52,9,10,5683,13973
2023-05-04 10:46:55,10,11,5683,13981
2023-05-04 10:47:14,11,13,5792,14113
2023-05-04 10:47:15,10,13,5792,14113
2023-05-04 10:47:15,11,13,5792,14113
2023-05-04 10:47:20,11,12,5792,14113
2023-05-04 10:47:24,10,12,5792,14113
2023-05-04 10:47:27,10,11,5792,14113
2023-05-04 10:47:36,9,10,5790,14115
2023-05-04 10:48:28,9,10,5790,14207
2023-05-04 10:50:01,9,10,5783,14407
2023-05-04 10:50:05,8,10,5783,14407
2023-05-04 10:50:08,8,9,5783,14407
2023-05-04 10:52:09,8,10,5783,14407
2023-05-04 10:52:28,8,9,5783,14407
2023-05-04 10:54:43,9,10,5790,14416
2023-05-04 10:54:55,9,11,5790,14416
2023-05-04 10:55:07,10,11,5790,14416
2023-05-04 10:55:38,9,11,5790,14416
2023-05-04 10:55:41,10,11,5790,14416
2023-05-04 10:56:16,9,10,5788,14418
2023-05-04 10:57:03,8,9,5783,14426
2023-05-04 10:58:10,8,9,5783,14428
2023-05-04 10:58:11,7,8,5783,14431
2023-05-04 11:05:48,7,9,5963,14631
2023-05-04 11:05:49,7,10,5963,14631
2023-05-04 11:05:50,8,10,5963,14631
2023-05-04 11:05:52,8,9,5963,14631
2023-05-04 11:07:21,8,10,5963,14631
2023-05-04 11:07:21,10,11,5963,14635
2023-05-04 11:09:01,10,12,5963,14643
2023-05-04 11:09:01,11,12,5963,14643
2023-05-04 11:09:01,11,14,5963,14643
2023-05-04 11:09:02,12,14,5963,14643
2023-05-04 11:09:06,12,15,5963,14643
2023-05-04 11:09:06,13,15,5963,14643
2023-05-04 11:09:08,13,16,5963,14643
2023-05-04 11:09:10,15,16,5963,14643
2023-05-04 11:09:15,15,18,5963,14643
2023-05-04 11:09:17,15,17,5963,14643
2023-05-04 11:09:20,15,16,5963,14643
2023-05-04 11:09:24,15,17,5963,14643
2023-05-04 11:09:24,15,16,5963,14643
2023-05-04 11:09:46,13,16,5963,14645
2023-05-04 11:09:57,14,16,5963,14645
2023-05-04 11:10:57,14,15,5963,14645
2023-05-04 11:11:02,13,14,5963,14647
2023-05-04 11:12:44,13,15,5963,14647
2023-05-04 11:12:45,14,15,5963,14647
2023-05-04 11:14:12,14,16,5963,14647
2023-05-04 11:14:13,15,16,5963,14647
2023-05-04 11:14:34,15,17,5963,14647
2023-05-04 11:14:34,16,17,5963,14647
2023-05-04 11:14:57,15,16,5963,14649
2023-05-04 11:15:05,14,16,5963,14649
2023-05-04 11:15:24,15,16,5963,14649
2023-05-04 11:16:00,14,15,5963,14651
2023-05-04 11:16:01,14,16,5963,14651
2023-05-04 11:16:11,14,15,5963,14651
2023-05-04 11:17:02,13,14,5963,14653
2023-05-04 11:17:49,12,13,5961,14655
2023-05-04 11:17:49,12,14,5961,14655
2023-05-04 11:17:55,12,13,5961,14655
2023-05-04 11:17:55,11,12,5961,14657
2023-05-04 11:18:50,10,11,6061,14759
2023-05-04 11:20:27,9,11,6061,14761
2023-05-04 11:20:29,10,11,6061,14761
2023-05-04 11:24:43,9,10,6061,14763
2023-05-04 11:26:16,10,11,6067,14769
2023-05-04 11:28:36,9,10,6060,14777
2023-05-04 11:28:36,9,11,6060,14777
2023-05-04 11:28:52,9,10,6060,14777
2023-05-04 11:29:25,8,9,6066,14783
2023-05-04 11:32:35,7,8,6070,14787
2023-05-04 11:33:38,6,8,6074,14791
2023-05-04 11:33:59,6,7,6074,14791
2023-05-04 11:36:34,6,7,6064,14801
2023-05-04 11:36:38,6,7,6064,14901
2023-05-04 11:37:37,6,8,6271,15123
2023-05-04 11:37:43,6,7,6271,15123
2023-05-04 11:48:13,6,7,6470,15323
2023-05-04 11:49:28,5,6,6470,15387
2023-05-04 11:49:28,5,7,6470,15387
2023-05-04 11:49:47,5,6,6470,15387
2023-05-04 11:50:22,4,5,6474,15391
2023-05-04 11:50:55,4,5,6474,15591
2023-05-04 11:51:27,4,5,6801,15924
2023-05-04 11:51:54,4,6,6868,15993
2023-05-04 11:52:02,4,6,6942,16067
2023-05-04 11:52:07,4,6,6944,16069
2023-05-04 11:52:11,4,5,6944,16069
2023-05-04 11:58:57,4,5,7242,16369
2023-05-04 12:03:36,4,5,7740,16869
2023-05-04 12:07:14,3,4,7740,16873
2023-05-04 12:07:14,3,5,7740,16873
2023-05-04 12:07:55,3,4,7740,16873
2023-05-04 12:08:11,2,4,7744,17677
2023-05-04 12:08:29,2,3,7744,17677
2023-05-04 12:09:42,2,4,7982,17927
2023-05-04 12:09:53,2,4,8181,18127
2023-05-04 12:10:18,2,5,8231,18177
2023-05-04 12:10:19,3,5,8231,18177
2023-05-04 12:11:32,2,5,8232,18188
2023-05-04 12:11:46,2,3,8232,18188
2023-05-04 12:13:41,2,3,8331,18288
2023-05-04 12:13:45,2,5,8331,18288
2023-05-04 12:14:02,2,4,8331,18288
2023-05-04 12:14:40,2,5,8431,18388
2023-05-04 12:14:41,3,5,8431,18388
2023-05-04 12:15:00,4,5,8431,18388
2023-05-04 12:15:01,3,4,8424,18396
2023-05-04 12:15:01,3,5,8424,18396
2023-05-04 12:15:21,3,4,8424,18396
2023-05-04 12:15:55,3,4,8424,18583
2023-05-04 12:17:31,4,5,8423,18591
2023-05-04 12:22:12,5,6,8423,18599
2023-05-04 12:22:18,5,6,8423,18619
2023-05-04 12:23:16,5,6,8423,18763
2023-05-04 12:30:10,6,7,8423,18883
2023-05-04 12:30:57,6,7,8627,19183
2023-05-04 12:31:26,6,7,8627,19209
2023-05-04 12:31:26,5,7,8627,19289
2023-05-04 12:31:26,5,6,8627,19289
2023-05-04 12:31:26,5,6,8627,19297
2023-05-04 12:31:32,4,6,8627,19307
2023-05-04 12:31:38,5,6,8627,19307
2023-05-04 12:32:30,4,5,8658,19341
2023-05-04 12:34:44,3,4,8666,19349
2023-05-04 12:35:57,4,5,8656,19368
2023-05-04 12:36:35,4,5,8678,19390
2023-05-04 12:39:33,4,5,8682,19422
2023-05-04 12:40:48,4,5,8682,19442
2023-05-04 12:45:07,3,4,8686,19446
2023-05-04 12:54:45,3,4,8689,19459
2023-05-04 12:56:02,4,5,8679,19566
2023-05-04 12:56:03,3,5,8679,19566
2023-05-04 12:56:12,3,4,8679,19566
2023-05-04 12:57:16,4,5,8677,19568
2023-05-04 12:57:56,4,6,8662,19697
2023-05-04 12:58:02,4,5,8662,19697
2023-05-04 12:58:28,4,6,8662,19721
2023-05-04 12:58:49,5,6,8662,19721
2023-05-04 12:59:35,5,7,9112,20171
2023-05-04 12:59:35,6,7,9112,20171
2023-05-04 13:01:24,6,7,8912,20371
2023-05-04 13:01:28,5,6,8906,20377
2023-05-04 13:01:28,5,7,8906,20377
2023-05-04 13:04:11,4,5,8909,20433
2023-05-04 13:04:36,3,4,8964,21088
2023-05-04 13:04:48,3,4,9004,21288
2023-05-04 13:05:08,4,5,9004,21345
2023-05-04 13:07:07,4,5,9004,21495
2023-05-04 13:07:08,4,5,9204,21695
2023-05-04 13:07:08,4,5,9404,21895
2023-05-04 13:07:08,4,5,9404,22045
2023-05-04 13:07:10,4,5,9404,22195
2023-05-04 13:07:11,5,7,9562,22354
2023-05-04 13:07:28,5,6,9562,22354
2023-05-04 13:07:42,6,7,9570,22362
2023-05-04 13:07:50,6,7,9570,22562
2023-05-04 13:07:53,6,7,9570,22762
2023-05-04 13:07:54,6,7,9730,22962
2023-05-04 13:08:09,5,6,9721,22971
2023-05-04 13:08:09,5,7,9721,22971
2023-05-04 13:09:09,6,7,9721,22971
2023-05-04 13:11:59,6,7,9762,23012
2023-05-04 13:13:04,5,6,9762,23014
2023-05-04 13:14:09,5,6,9854,23106
2023-05-04 13:15:37,5,6,9867,23256
2023-05-04 13:15:38,5,6,10017,23406
2023-05-04 13:15:40,5,6,10167,23556
2023-05-04 13:15:46,5,6,10714,24103
2023-05-04 13:16:00,6,7,10714,24161
2023-05-04 13:17:45,7,9,10714,24224
2023-05-04 13:17:49,7,10,10714,24224
2023-05-04 13:17:53,8,10,10714,24224
2023-05-04 13:18:16,9,10,10714,24224
2023-05-04 13:19:06,9,10,10714,24226
2023-05-04 13:22:06,10,11,10714,24230
2023-05-04 13:22:08,11,12,10714,24234
2023-05-04 13:22:12,11,13,10714,24234
2023-05-04 13:22:13,11,12,10714,24234
2023-05-04 13:22:22,12,13,10714,24238
2023-05-04 13:22:32,11,13,10714,24238
2023-05-04 13:22:36,12,13,10714,24238
2023-05-04 13:22:54,14,15,10714,24244
2023-05-04 13:22:56,14,15,10714,24344
2023-05-04 13:22:58,13,15,10714,24344
2023-05-04 13:23:03,12,15,10714,24344
2023-05-04 13:23:05,13,15,10714,24344
2023-05-04 13:24:27,12,15,10714,24354
2023-05-04 13:24:29,13,15,10714,24354
2023-05-04 13:25:22,13,14,10714,24354
2023-05-04 13:25:25,13,15,10714,24354
2023-05-04 13:25:26,13,14,10714,24354
2023-05-04 13:25:30,13,15,10714,24354
2023-05-04 13:25:32,13,14,10714,24354
2023-05-04 13:25:36,13,15,10714,24354
2023-05-04 13:25:52,13,14,10714,24354
2023-05-04 13:26:02,12,13,10714,24362
2023-05-04 13:26:08,11,12,10714,24371
2023-05-04 13:26:09,10,12,10714,24380
2023-05-04 13:26:10,10,11,10714,24380
2023-05-04 13:26:10,10,11,10714,24386
2023-05-04 13:26:12,9,11,10714,24386
2023-05-04 13:26:28,9,10,10714,24386
2023-05-04 13:26:44,8,9,10714,24387
2023-05-04 13:27:17,7,8,10714,24389
2023-05-04 13:27:39,6,7,10714,24391
2023-05-04 13:27:47,6,7,10714,24421
2023-05-04 13:27:49,6,8,10714,24421
2023-05-04 13:27:57,7,8,10714,24421
2023-05-04 13:28:30,7,9,10714,24421
2023-05-04 13:28:31,8,9,10714,24421
2023-05-04 13:28:41,9,10,10716,24423
2023-05-04 13:28:48,8,10,10716,24423
2023-05-04 13:28:53,9,10,10716,24423
2023-05-04 13:29:08,8,9,10716,24428
2023-05-04 13:29:16,8,10,10716,24428
2023-05-04 13:29:16,8,9,10716,24428
2023-05-04 13:30:17,8,10,10716,24428
2023-05-04 13:30:38,9,10,10716,24428
2023-05-04 13:32:26,10,11,10720,24432
2023-05-04 13:32:32,9,11,10720,24432
2023-05-04 13:32:49,11,12,10724,24436
2023-05-04 13:34:18,10,11,10724,24442
2023-05-04 13:34:27,10,12,10724,24442
2023-05-04 13:35:08,11,12,10724,24442
2023-05-04 13:35:54,10,11,10724,24444
2023-05-04 13:36:03,10,12,10724,24444
2023-05-04 13:36:04,10,11,10724,24444
2023-05-04 13:36:33,10,12,10928,24648
2023-05-04 13:36:35,10,11,10928,24648
2023-05-04 13:36:51,9,11,10958,24698
2023-05-04 13:36:53,10,11,10958,24698
2023-05-04 13:38:00,9,10,10952,24704
2023-05-04 13:38:00,9,11,10952,24704
2023-05-04 13:38:00,9,10,10952,24704
2023-05-04 13:40:18,8,9,10950,24706
2023-05-04 13:40:18,8,10,10950,24706
2023-05-04 13:40:18,8,9,10950,24706
2023-05-04 13:40:33,7,9,10950,24706
2023-05-04 13:40:34,7,8,10950,24706
2023-05-04 13:41:12,6,7,10950,24708
2023-05-04 13:42:13,7,8,10954,24712
2023-05-04 13:42:14,6,8,10954,24712
2023-05-04 13:42:23,7,8,10954,24712
2023-05-04 13:44:09,6,7,10954,24718
2023-05-04 13:46:30,6,7,10954,24722
2023-05-04 13:46:30,5,6,10954,24724
2023-05-04 13:46:30,5,6,10954,24728
2023-05-04 13:48:19,4,5,10961,24736
2023-05-04 13:48:19,4,5,10961,24742
2023-05-04 13:48:19,4,5,10961,24748
2023-05-04 14:01:45,3,5,10961,24754
2023-05-04 14:03:14,3,6,10968,24774
2023-05-04 14:03:19,3,6,11013,24819
2023-05-04 14:03:27,3,5,11013,24819
2023-05-04 14:03:27,3,6,11013,24819
2023-05-04 14:03:27,4,6,11013,24819
2023-05-04 14:03:31,3,6,11013,24819
2023-05-04 14:03:32,4,6,11013,24819
2023-05-04 14:03:33,3,6,11013,24819
2023-05-04 14:03:35,4,6,11013,24819
2023-05-04 14:03:41,4,6,11028,24834
2023-05-04 14:04:45,3,4,11029,24859
2023-05-04 14:09:02,2,3,11054,25084
2023-05-04 14:09:06,2,3,11176,25284
2023-05-04 14:10:34,3,4,11177,25311
2023-05-04 14:10:39,2,4,11177,25311
2023-05-04 14:10:41,3,4,11177,25311
2023-05-04 14:12:59,2,4,11176,25317
2023-05-04 14:13:38,2,3,11176,25317
2023-05-04 14:14:49,2,3,11256,25402
2023-05-04 14:14:58,2,3,11325,25471
2023-05-04 14:16:34,2,3,11525,25671
2023-05-04 14:19:03,2,3,11547,25693
2023-05-04 14:20:03,2,3,11558,25704
2023-05-04 14:21:58,2,3,11597,25743
2023-05-04 14:22:38,1,2,11590,25751
2023-05-04 14:25:28,1,2,11406,25935
2023-05-04 14:32:14,1,2,10995,26735
2023-05-04 14:32:47,1,2,10995,26783
2023-05-04 14:32:47,1,2,10995,26831
2023-05-04 14:32:49,1,2,10995,26851
2023-05-04 14:35:01,1,2,11215,27071
2023-05-04 14:46:39,1,2,11215,27073
2023-05-04 14:46:41,1,2,11215,27093
2023-05-04 14:46:41,1,2,11215,27113
2023-05-04 14:54:32,1,2,11515,27413
2023-05-04 14:56:31,1,2,11515,27563
2023-05-04 14:56:56,0,2,11516,27787
2023-05-04 14:57:17,0,1,11516,27787
2023-05-04 14:57:41,0,2,11523,27795
2023-05-04 14:57:48,0,1,11523,27795
2023-05-04 14:57:58,1,2,11523,27803
2023-05-04 15:06:59,0,2,11524,28425
2023-05-04 15:07:19,1,2,11524,28425
2023-05-04 15:10:38,0,2,11528,28429
2023-05-04 15:10:52,0,1,11528,28429
2023-05-04 15:11:54,0,2,11535,28441
2023-05-04 15:11:59,0,1,11535,28441
