datetime,bid,ask,open_interest,volume
2023-08-24 09:30:41,6,9,247,247
2023-08-24 09:31:00,9,10,248,248
2023-08-24 09:31:06,9,10,249,249
2023-08-24 09:31:23,9,10,250,250
2023-08-24 09:31:37,10,12,251,251
2023-08-24 09:31:39,9,12,251,251
2023-08-24 09:31:40,10,12,251,251
2023-08-24 09:31:40,10,12,252,252
2023-08-24 09:31:42,9,12,252,252
2023-08-24 09:31:43,10,12,252,252
2023-08-24 09:31:44,9,12,252,252
2023-08-24 09:31:47,10,12,252,252
2023-08-24 09:31:50,10,13,252,252
2023-08-24 09:31:53,10,12,252,252
2023-08-24 09:31:58,10,12,253,253
2023-08-24 09:31:58,11,12,253,253
2023-08-24 09:31:58,11,13,253,253
2023-08-24 09:32:02,11,12,253,253
2023-08-24 09:32:03,11,13,253,253
2023-08-24 09:32:07,11,12,253,253
2023-08-24 09:32:10,11,13,253,253
2023-08-24 09:32:42,12,13,253,253
2023-08-24 09:32:43,12,13,328,328
2023-08-24 09:32:48,12,14,328,328
2023-08-24 09:33:34,13,14,328,328
2023-08-24 09:33:36,12,14,328,328
2023-08-24 09:33:38,13,14,328,328
2023-08-24 09:33:40,12,14,328,328
2023-08-24 09:33:41,13,14,328,328
2023-08-24 09:33:49,12,14,328,328
2023-08-24 09:33:51,13,14,328,328
2023-08-24 09:33:52,12,14,328,328
2023-08-24 09:33:58,13,14,328,328
2023-08-24 09:34:03,12,14,328,328
2023-08-24 09:34:18,13,14,328,328
2023-08-24 09:34:25,12,14,328,328
2023-08-24 09:34:26,13,14,328,328
2023-08-24 09:34:41,13,15,328,328
2023-08-24 09:34:56,14,15,328,328
2023-08-24 09:35:00,14,16,328,328
2023-08-24 09:35:06,13,16,328,328
2023-08-24 09:35:06,13,15,328,328
2023-08-24 09:35:08,13,16,328,328
2023-08-24 09:35:09,13,15,328,328
2023-08-24 09:35:16,13,16,328,328
2023-08-24 09:35:36,13,15,328,328
2023-08-24 09:35:41,14,15,328,328
2023-08-24 09:36:09,15,16,330,330
2023-08-24 09:36:13,15,17,330,330
2023-08-24 09:36:14,16,17,330,330
2023-08-24 09:36:15,16,17,331,331
2023-08-24 09:36:15,16,17,332,332
2023-08-24 09:36:16,15,17,332,332
2023-08-24 09:36:33,16,17,332,332
2023-08-24 09:36:40,15,17,332,332
2023-08-24 09:37:24,15,17,333,333
2023-08-24 09:37:41,15,17,334,334
2023-08-24 09:37:58,15,17,335,335
2023-08-24 09:37:59,16,17,335,335
2023-08-24 09:38:40,15,17,335,335
2023-08-24 09:38:56,15,16,335,335
2023-08-24 09:39:06,15,16,354,585
2023-08-24 09:39:08,15,17,604,835
2023-08-24 09:39:11,16,17,604,835
2023-08-24 09:39:27,16,18,606,837
2023-08-24 09:39:43,17,18,606,837
2023-08-24 09:39:59,16,18,606,837
2023-08-24 09:40:06,16,17,606,837
2023-08-24 09:40:07,16,18,606,837
2023-08-24 09:40:08,16,17,606,837
2023-08-24 09:40:10,15,17,606,837
2023-08-24 09:40:15,15,16,606,837
2023-08-24 09:40:16,15,17,606,837
2023-08-24 09:40:19,15,18,606,837
2023-08-24 09:40:20,15,17,606,837
2023-08-24 09:40:25,15,18,606,837
2023-08-24 09:40:27,16,18,606,837
2023-08-24 09:40:32,15,18,606,837
2023-08-24 09:40:32,15,17,606,837
2023-08-24 09:40:34,16,17,606,837
2023-08-24 09:40:35,16,18,606,837
2023-08-24 09:40:42,15,18,606,837
2023-08-24 09:40:48,16,18,606,837
2023-08-24 09:40:50,15,18,606,837
2023-08-24 09:40:51,16,18,606,837
2023-08-24 09:40:52,15,18,606,837
2023-08-24 09:40:53,15,17,606,837
2023-08-24 09:40:54,15,18,606,837
2023-08-24 09:40:55,15,17,606,837
2023-08-24 09:40:57,15,18,606,837
2023-08-24 09:40:58,16,18,606,837
2023-08-24 09:40:59,16,17,606,837
2023-08-24 09:41:05,15,17,606,837
2023-08-24 09:41:06,15,18,606,837
2023-08-24 09:41:06,16,18,606,837
2023-08-24 09:41:09,16,17,606,837
2023-08-24 09:41:12,16,18,606,837
2023-08-24 09:41:13,15,18,606,837
2023-08-24 09:41:15,15,17,606,837
2023-08-24 09:41:22,16,17,606,837
2023-08-24 09:41:27,16,18,606,837
2023-08-24 09:41:31,16,17,606,837
2023-08-24 09:41:48,16,18,606,837
2023-08-24 09:42:00,17,18,606,837
2023-08-24 09:42:21,16,18,606,837
2023-08-24 09:42:24,16,17,606,837
2023-08-24 09:42:25,16,18,700,931
2023-08-24 09:42:26,16,17,700,931
2023-08-24 09:42:26,16,18,861,1092
2023-08-24 09:42:27,16,17,861,1092
2023-08-24 09:42:28,16,18,957,1188
2023-08-24 09:42:28,16,17,957,1188
2023-08-24 09:42:29,16,18,1090,1321
2023-08-24 09:42:42,16,19,1202,1521
2023-08-24 09:42:43,17,19,1202,1521
2023-08-24 09:42:48,18,19,1202,1521
2023-08-24 09:42:54,18,20,1202,1521
2023-08-24 09:42:55,19,20,1202,1521
2023-08-24 09:42:56,18,20,1202,1521
2023-08-24 09:43:14,18,19,1202,1521
2023-08-24 09:43:16,18,20,1202,1521
2023-08-24 09:43:17,18,19,1202,1521
2023-08-24 09:43:19,18,20,1202,1521
2023-08-24 09:43:21,18,20,1290,1721
2023-08-24 09:43:33,18,19,1490,1921
2023-08-24 09:43:40,17,19,1688,2119
2023-08-24 09:43:41,17,18,1688,2119
2023-08-24 09:43:41,17,19,1803,2234
2023-08-24 09:43:42,17,18,1803,2234
2023-08-24 09:43:44,17,19,1938,2369
2023-08-24 09:43:45,17,18,1938,2369
2023-08-24 09:43:46,17,19,2094,2525
2023-08-24 09:43:47,17,18,2094,2525
2023-08-24 09:43:48,17,19,2226,2657
2023-08-24 09:43:48,17,18,2226,2657
2023-08-24 09:43:49,17,19,2226,2657
2023-08-24 09:43:50,17,18,2226,2657
2023-08-24 09:43:52,17,19,2397,2828
2023-08-24 09:44:55,18,19,2397,2828
2023-08-24 09:45:17,19,20,2399,2830
2023-08-24 09:45:19,19,20,2424,2855
2023-08-24 09:46:04,19,21,2424,2855
2023-08-24 09:46:17,19,20,2424,2855
2023-08-24 09:46:19,19,21,2424,2855
2023-08-24 09:46:21,19,20,2424,2855
2023-08-24 09:47:04,18,20,2424,2855
2023-08-24 09:47:22,18,19,2424,2855
2023-08-24 09:47:25,18,21,2596,3027
2023-08-24 09:47:52,19,21,2596,3027
2023-08-24 09:48:57,18,21,2596,3027
2023-08-24 09:49:01,18,20,2596,3027
2023-08-24 09:49:21,18,21,2596,3027
2023-08-24 09:49:22,18,20,2596,3027
2023-08-24 09:49:24,18,21,2596,3027
2023-08-24 09:49:26,18,20,2596,3027
2023-08-24 09:49:27,18,21,2596,3027
2023-08-24 09:49:41,19,21,2596,3027
2023-08-24 09:50:18,20,21,2596,3027
2023-08-24 09:50:39,21,22,2599,3030
2023-08-24 09:51:06,20,22,2599,3030
2023-08-24 09:51:47,19,22,2599,3030
2023-08-24 09:51:53,19,21,2599,3030
2023-08-24 09:52:13,19,22,2599,3030
2023-08-24 09:52:21,20,22,2599,3030
2023-08-24 09:52:53,19,22,2599,3030
2023-08-24 09:53:06,19,21,2599,3030
2023-08-24 09:53:21,19,22,2599,3030
2023-08-24 09:53:24,20,22,2599,3030
2023-08-24 09:53:26,19,22,2599,3030
2023-08-24 09:53:59,20,22,2599,3030
2023-08-24 09:54:05,19,22,2599,3030
2023-08-24 09:54:16,19,21,2599,3030
2023-08-24 09:54:49,19,20,2599,3030
2023-08-24 09:55:06,18,20,2599,3030
2023-08-24 09:55:11,18,19,2599,3030
2023-08-24 09:55:15,18,20,2799,3230
2023-08-24 09:55:25,18,21,2799,3230
2023-08-24 09:55:35,19,21,2799,3230
2023-08-24 09:56:00,19,22,2799,3230
2023-08-24 09:56:07,19,21,2799,3230
2023-08-24 09:56:34,18,21,2799,3230
2023-08-24 09:56:41,19,21,2799,3230
2023-08-24 09:56:43,18,21,2799,3230
2023-08-24 09:56:45,19,21,2799,3230
2023-08-24 09:56:48,18,21,2799,3230
2023-08-24 09:56:55,19,21,2799,3230
2023-08-24 09:56:56,18,21,2799,3230
2023-08-24 09:57:06,19,21,2799,3230
2023-08-24 09:57:09,18,21,2799,3230
2023-08-24 09:57:22,18,20,2799,3230
2023-08-24 09:57:28,18,20,2799,3455
2023-08-24 09:57:28,18,19,2799,3455
2023-08-24 09:57:33,18,21,2799,3455
2023-08-24 09:57:33,18,20,2799,3455
2023-08-24 09:57:54,18,19,2799,3455
2023-08-24 09:58:19,17,19,2799,3455
2023-08-24 09:58:19,17,18,2799,3455
2023-08-24 09:59:32,17,19,2799,3455
2023-08-24 09:59:38,18,19,2799,3455
2023-08-24 09:59:58,17,19,2799,3455
2023-08-24 10:00:01,17,20,2799,3455
2023-08-24 10:00:01,17,18,2799,3455
2023-08-24 10:00:05,17,18,2799,3705
2023-08-24 10:01:04,17,20,2799,3705
2023-08-24 10:01:23,18,20,2799,3705
2023-08-24 10:01:25,18,21,2799,3705
2023-08-24 10:01:35,19,21,2799,3705
2023-08-24 10:01:47,18,21,2799,3705
2023-08-24 10:01:47,18,20,2799,3705
2023-08-24 10:02:21,18,21,2799,3705
2023-08-24 10:02:26,18,20,2799,3705
2023-08-24 10:02:28,18,21,2799,3705
2023-08-24 10:02:29,18,20,2799,3705
2023-08-24 10:02:32,19,20,2799,3705
2023-08-24 10:02:33,18,20,2799,3705
2023-08-24 10:02:34,18,20,2799,3705
2023-08-24 10:02:50,18,21,2799,3705
2023-08-24 10:02:53,18,20,2799,3705
2023-08-24 10:03:02,18,21,2799,3705
2023-08-24 10:03:21,19,21,2799,3705
2023-08-24 10:03:34,19,22,2799,3705
2023-08-24 10:03:36,19,21,2799,3705
2023-08-24 10:03:38,19,22,2799,3705
2023-08-24 10:03:43,19,21,2799,3705
2023-08-24 10:03:44,19,22,2799,3705
2023-08-24 10:03:46,19,21,2799,3705
2023-08-24 10:04:30,18,21,2799,3705
2023-08-24 10:04:32,18,20,2799,3705
2023-08-24 10:04:58,17,20,2799,3705
2023-08-24 10:05:11,17,19,2799,3705
2023-08-24 10:05:14,17,20,2799,3705
2023-08-24 10:05:26,18,20,2799,3705
2023-08-24 10:05:29,17,20,2799,3705
2023-08-24 10:05:40,18,20,2799,3705
2023-08-24 10:05:56,18,21,2799,3705
2023-08-24 10:06:00,18,20,2799,3705
2023-08-24 10:06:20,18,21,2799,3705
2023-08-24 10:06:23,19,21,2799,3705
2023-08-24 10:06:25,19,22,2799,3705
2023-08-24 10:06:27,20,22,2799,3705
2023-08-24 10:06:54,21,22,2799,3705
2023-08-24 10:07:14,20,22,2799,3705
2023-08-24 10:07:52,21,22,2799,3705
2023-08-24 10:07:56,21,22,2804,3710
2023-08-24 10:07:56,21,23,2804,3710
2023-08-24 10:07:57,22,23,2804,3710
2023-08-24 10:08:06,22,24,2804,3710
2023-08-24 10:08:06,23,24,2804,3710
2023-08-24 10:08:11,23,25,2804,3710
2023-08-24 10:08:23,24,25,2804,3710
2023-08-24 10:08:30,24,26,2604,3910
2023-08-24 10:08:37,25,26,2604,3910
2023-08-24 10:08:38,24,26,2604,3910
2023-08-24 10:09:16,24,25,2604,3910
2023-08-24 10:09:17,24,26,2604,3910
2023-08-24 10:10:01,25,26,2604,3910
2023-08-24 10:10:03,24,26,2604,3910
2023-08-24 10:10:03,25,26,2604,3910
2023-08-24 10:10:04,25,26,2605,3911
2023-08-24 10:10:15,25,27,2605,3911
2023-08-24 10:10:35,26,27,2605,3911
2023-08-24 10:10:35,26,27,2665,3971
2023-08-24 10:10:37,26,28,2665,3971
2023-08-24 10:11:26,27,28,2665,3971
2023-08-24 10:11:27,26,28,2665,3971
2023-08-24 10:12:02,25,28,2665,3971
2023-08-24 10:12:08,25,27,2665,3971
2023-08-24 10:13:09,26,27,2665,3971
2023-08-24 10:13:12,25,27,2665,3971
2023-08-24 10:13:13,26,27,2665,3971
2023-08-24 10:13:14,26,28,2465,4171
2023-08-24 10:13:15,25,28,2465,4171
2023-08-24 10:13:16,26,28,2465,4171
2023-08-24 10:13:17,27,28,2465,4171
2023-08-24 10:13:19,26,28,2465,4171
2023-08-24 10:13:26,27,28,2465,4171
2023-08-24 10:13:27,26,28,2465,4171
2023-08-24 10:13:31,25,28,2465,4171
2023-08-24 10:13:32,26,28,2465,4171
2023-08-24 10:13:33,25,28,2465,4171
2023-08-24 10:13:36,26,28,2465,4171
2023-08-24 10:13:41,25,28,2465,4171
2023-08-24 10:13:42,26,28,2465,4171
2023-08-24 10:13:56,25,28,2465,4171
2023-08-24 10:13:58,26,28,2465,4171
2023-08-24 10:14:01,25,28,2465,4171
2023-08-24 10:14:01,26,28,2465,4171
2023-08-24 10:14:35,25,28,2465,4171
2023-08-24 10:14:37,25,27,2465,4171
2023-08-24 10:14:39,25,28,2465,4171
2023-08-24 10:14:45,26,28,2465,4171
2023-08-24 10:15:14,27,28,2465,4171
2023-08-24 10:15:16,26,28,2465,4171
2023-08-24 10:15:20,27,28,2465,4171
2023-08-24 10:15:22,26,28,2465,4171
2023-08-24 10:16:23,26,28,2465,4271
2023-08-24 10:16:29,27,28,2465,4271
2023-08-24 10:16:33,27,28,2408,4471
2023-08-24 10:20:09,27,29,2408,4471
2023-08-24 10:20:16,28,29,2408,4471
2023-08-24 10:20:20,27,29,2408,4471
2023-08-24 10:24:44,28,29,2408,4471
2023-08-24 10:24:50,28,29,2432,4638
2023-08-24 10:24:51,27,29,2432,4638
2023-08-24 10:24:52,28,29,2432,4638
2023-08-24 10:25:23,28,29,2408,4838
2023-08-24 10:25:53,28,30,2408,5038
2023-08-24 10:25:54,29,30,2408,5038
2023-08-24 10:26:02,29,30,2408,5238
2023-08-24 10:26:03,28,30,2408,5238
2023-08-24 10:26:04,29,30,2408,5238
2023-08-24 10:26:06,28,30,2408,5238
2023-08-24 10:26:07,29,30,2408,5238
2023-08-24 10:26:13,28,30,2408,5238
2023-08-24 10:26:16,29,30,2408,5238
2023-08-24 10:28:28,29,30,2408,5438
2023-08-24 10:28:30,29,30,2408,5638
2023-08-24 10:28:32,29,31,2408,5838
2023-08-24 10:28:33,30,31,2408,5838
2023-08-24 10:28:49,29,31,2408,5838
2023-08-24 10:28:50,30,31,2408,5838
2023-08-24 10:30:06,30,31,2462,5892
2023-08-24 10:30:17,29,31,2462,5892
2023-08-24 10:31:28,29,30,2462,5892
2023-08-24 10:31:31,29,31,2462,5892
2023-08-24 10:31:37,30,31,2462,5892
2023-08-24 10:33:10,29,31,2462,6092
2023-08-24 10:33:11,29,30,2462,6092
2023-08-24 10:33:12,29,31,2462,6092
2023-08-24 10:33:47,28,31,2462,6092
2023-08-24 10:33:49,28,30,2462,6092
2023-08-24 10:34:07,28,31,2462,6092
2023-08-24 10:34:08,28,30,2462,6092
2023-08-24 10:34:40,28,31,2462,6092
2023-08-24 10:34:40,29,31,2462,6092
2023-08-24 10:34:40,29,30,2462,6092
2023-08-24 10:34:41,28,30,2462,6092
2023-08-24 10:37:23,28,31,2462,6092
2023-08-24 10:37:25,29,31,2462,6092
2023-08-24 10:37:27,28,31,2462,6092
2023-08-24 10:37:36,28,30,2462,6092
2023-08-24 10:37:37,28,31,2462,6092
2023-08-24 10:38:00,29,31,2462,6092
2023-08-24 10:38:01,28,31,2462,6092
2023-08-24 10:38:05,29,31,2462,6092
2023-08-24 10:38:08,28,31,2462,6092
2023-08-24 10:39:01,29,31,2462,6092
2023-08-24 10:39:02,28,31,2462,6092
2023-08-24 10:39:10,29,31,2462,6092
2023-08-24 10:40:18,30,31,2462,6092
2023-08-24 10:40:22,29,31,2462,6092
2023-08-24 10:40:32,30,31,2462,6092
2023-08-24 10:40:33,29,31,2462,6092
2023-08-24 10:40:34,30,31,2462,6092
2023-08-24 10:40:35,29,31,2462,6092
2023-08-24 10:40:51,30,31,2462,6092
2023-08-24 10:40:52,29,31,2462,6092
2023-08-24 10:41:58,30,31,2462,6092
2023-08-24 10:41:59,29,31,2462,6092
2023-08-24 10:42:00,30,31,2462,6092
2023-08-24 10:42:01,29,31,2462,6092
2023-08-24 10:42:33,28,31,2462,6092
2023-08-24 10:43:08,29,31,2462,6092
2023-08-24 10:43:10,28,31,2462,6092
2023-08-24 10:43:11,29,31,2462,6092
2023-08-24 10:43:17,28,31,2462,6092
2023-08-24 10:43:30,28,30,2462,6092
2023-08-24 10:43:47,27,30,2462,6092
2023-08-24 10:43:51,27,29,2462,6092
2023-08-24 10:44:07,28,29,2462,6092
2023-08-24 10:44:12,27,29,2462,6092
2023-08-24 10:44:21,28,29,2462,6092
2023-08-24 10:44:23,27,29,2462,6092
2023-08-24 10:44:28,28,29,2462,6092
2023-08-24 10:44:29,28,30,2462,6092
2023-08-24 10:44:40,27,30,2462,6092
2023-08-24 10:44:43,28,30,2462,6092
2023-08-24 10:44:44,27,30,2462,6092
2023-08-24 10:44:45,28,30,2462,6092
2023-08-24 10:44:46,27,30,2462,6092
2023-08-24 10:44:49,28,30,2462,6092
2023-08-24 10:45:16,27,30,2462,6092
2023-08-24 10:45:38,27,29,2462,6092
2023-08-24 10:45:43,27,30,2462,6092
2023-08-24 10:45:55,27,29,2462,6092
2023-08-24 10:46:36,27,30,2462,6092
2023-08-24 10:46:37,27,29,2462,6092
2023-08-24 10:46:37,28,29,2462,6092
2023-08-24 10:46:49,27,29,2462,6092
2023-08-24 10:46:51,28,29,2462,6092
2023-08-24 10:46:56,27,29,2462,6092
2023-08-24 10:46:58,28,29,2462,6092
2023-08-24 10:47:13,27,29,2462,6092
2023-08-24 10:47:17,28,29,2462,6092
2023-08-24 10:47:19,27,29,2462,6092
2023-08-24 10:47:20,28,29,2462,6092
2023-08-24 10:47:21,27,29,2462,6092
2023-08-24 10:47:23,28,29,2462,6092
2023-08-24 10:47:34,27,29,2462,6092
2023-08-24 10:47:37,27,30,2462,6092
2023-08-24 10:47:37,27,29,2462,6092
2023-08-24 10:47:41,28,29,2462,6092
2023-08-24 10:47:53,28,30,2462,6092
2023-08-24 10:48:05,28,29,2462,6092
2023-08-24 10:48:08,28,30,2462,6092
2023-08-24 10:48:10,28,29,2462,6092
2023-08-24 10:48:18,28,30,2462,6092
2023-08-24 10:48:23,28,29,2462,6092
2023-08-24 10:48:32,28,30,2462,6092
2023-08-24 10:48:33,28,29,2462,6092
2023-08-24 10:48:37,28,30,2462,6092
2023-08-24 10:49:48,28,29,2462,6092
2023-08-24 10:49:49,28,30,2462,6092
2023-08-24 10:49:51,28,29,2462,6092
2023-08-24 10:49:54,28,30,2462,6092
2023-08-24 10:49:56,28,29,2462,6092
2023-08-24 10:50:01,28,30,2462,6092
2023-08-24 10:50:02,28,29,2462,6092
2023-08-24 10:50:06,28,30,2462,6092
2023-08-24 10:50:07,28,29,2462,6092
2023-08-24 10:50:09,28,30,2462,6092
2023-08-24 10:50:10,28,29,2462,6092
2023-08-24 10:50:19,28,30,2462,6092
2023-08-24 10:50:20,28,31,2462,6092
2023-08-24 10:50:20,28,30,2462,6092
2023-08-24 10:50:28,28,31,2462,6092
2023-08-24 10:50:28,29,31,2462,6092
2023-08-24 10:50:36,28,31,2462,6092
2023-08-24 10:50:38,29,31,2462,6092
2023-08-24 10:51:35,30,31,2462,6092
2023-08-24 10:51:36,29,31,2462,6092
2023-08-24 10:51:40,30,31,2462,6092
2023-08-24 10:51:44,29,31,2462,6092
2023-08-24 10:51:46,30,31,2462,6092
2023-08-24 10:51:47,30,31,2462,6097
2023-08-24 10:51:51,29,31,2462,6097
2023-08-24 10:52:41,30,31,2462,6097
2023-08-24 10:52:46,29,31,2462,6097
2023-08-24 10:53:43,30,31,2462,6097
2023-08-24 10:53:52,30,32,2462,6097
2023-08-24 10:54:15,30,32,2462,6177
2023-08-24 10:54:45,30,32,2462,6182
2023-08-24 10:55:06,31,32,2462,6182
2023-08-24 10:55:07,30,32,2462,6182
2023-08-24 10:55:18,31,32,2462,6182
2023-08-24 10:56:11,31,33,2462,6377
2023-08-24 10:56:13,32,33,2462,6377
2023-08-24 10:56:13,32,33,2494,6577
2023-08-24 10:56:14,31,33,2494,6577
2023-08-24 10:56:15,32,33,2494,6577
2023-08-24 10:56:19,31,33,2494,6577
2023-08-24 10:56:47,32,33,2494,6577
2023-08-24 10:56:48,31,33,2494,6577
2023-08-24 10:56:53,32,33,2494,6577
2023-08-24 10:57:20,31,33,2494,6577
2023-08-24 10:57:55,31,32,2494,6577
2023-08-24 10:58:18,30,32,2494,6577
2023-08-24 10:58:53,30,31,2494,6577
2023-08-24 10:59:10,30,32,2494,6577
2023-08-24 10:59:11,30,31,2494,6577
2023-08-24 10:59:12,30,31,2494,6697
2023-08-24 10:59:55,30,31,2494,6757
2023-08-24 11:00:11,30,32,2494,6757
2023-08-24 11:00:11,30,31,2494,6757
2023-08-24 11:00:11,28,31,2494,6957
2023-08-24 11:00:12,28,30,2494,6957
2023-08-24 11:00:21,28,29,2494,6957
2023-08-24 11:00:27,28,30,2494,6957
2023-08-24 11:00:28,28,29,2494,6957
2023-08-24 11:00:29,28,29,2494,7007
2023-08-24 11:00:32,28,29,2494,7152
2023-08-24 11:00:41,27,29,2494,7152
2023-08-24 11:00:46,27,28,2494,7152
2023-08-24 11:00:52,27,28,2494,7286
2023-08-24 11:00:52,26,27,2494,7352
2023-08-24 11:00:55,26,27,2694,7552
2023-08-24 11:01:06,26,28,2694,7552
2023-08-24 11:01:24,27,28,2694,7552
2023-08-24 11:01:28,27,28,2894,7752
2023-08-24 11:01:29,27,28,3094,7952
2023-08-24 11:01:30,27,29,3094,7952
2023-08-24 11:01:31,28,29,3094,7952
2023-08-24 11:01:33,28,29,3294,8152
2023-08-24 11:01:34,28,29,3494,8352
2023-08-24 11:01:35,28,29,3694,8552
2023-08-24 11:01:36,28,29,3894,8752
2023-08-24 11:01:37,28,29,4094,8952
2023-08-24 11:01:38,28,29,4294,9152
2023-08-24 11:01:44,27,29,4294,9152
2023-08-24 11:01:45,28,29,4294,9152
2023-08-24 11:02:03,27,29,4294,9152
2023-08-24 11:02:14,28,29,4294,9152
2023-08-24 11:03:03,28,30,4294,9152
2023-08-24 11:03:12,29,30,4294,9152
2023-08-24 11:03:12,29,30,4294,9246
2023-08-24 11:03:16,29,30,4294,9330
2023-08-24 11:03:16,29,30,4294,9414
2023-08-24 11:04:52,29,31,4294,10074
2023-08-24 11:05:21,29,32,4294,10074
2023-08-24 11:05:21,29,31,4294,10074
2023-08-24 11:05:41,29,30,4294,10074
2023-08-24 11:05:42,29,31,4294,10074
2023-08-24 11:06:30,29,30,4294,10074
2023-08-24 11:06:32,29,31,4790,10714
2023-08-24 11:06:33,29,30,4790,10714
2023-08-24 11:06:35,29,31,4790,10714
2023-08-24 11:06:35,29,30,4790,10714
2023-08-24 11:06:37,29,30,4540,10964
2023-08-24 11:06:40,29,30,4540,11024
2023-08-24 11:06:40,29,30,4540,11084
2023-08-24 11:06:40,28,29,4540,11152
2023-08-24 11:06:44,27,29,4540,11232
2023-08-24 11:06:45,27,28,4540,11232
2023-08-24 11:06:47,27,29,4540,11232
2023-08-24 11:06:48,27,28,4540,11232
2023-08-24 11:06:50,27,29,4540,11232
2023-08-24 11:06:51,26,29,4540,11232
2023-08-24 11:06:51,27,29,4540,11232
2023-08-24 11:06:51,27,28,4540,11232
2023-08-24 11:06:53,27,29,4540,11232
2023-08-24 11:06:54,27,28,4540,11232
2023-08-24 11:07:02,27,29,4540,11232
2023-08-24 11:07:03,27,28,4540,11232
2023-08-24 11:07:04,26,28,4540,11232
2023-08-24 11:07:05,26,29,4540,11232
2023-08-24 11:07:07,26,28,4540,11232
2023-08-24 11:07:21,26,29,4540,11232
2023-08-24 11:07:23,27,29,4540,11232
2023-08-24 11:07:23,27,28,4540,11232
2023-08-24 11:07:24,27,29,4540,11232
2023-08-24 11:08:11,27,28,4540,11232
2023-08-24 11:08:14,27,29,4540,11232
2023-08-24 11:08:17,27,28,4540,11232
2023-08-24 11:08:21,26,28,4540,11232
2023-08-24 11:08:24,26,29,4540,11232
2023-08-24 11:08:26,27,29,4540,11232
2023-08-24 11:08:30,26,29,4540,11232
2023-08-24 11:08:39,26,28,4540,11232
2023-08-24 11:08:44,26,29,4540,11232
2023-08-24 11:08:49,26,28,4540,11232
2023-08-24 11:09:10,26,28,4540,11292
2023-08-24 11:09:14,26,28,4540,11356
2023-08-24 11:09:14,26,28,4540,11466
2023-08-24 11:09:18,27,28,4540,11466
2023-08-24 11:09:18,27,28,4540,11526
2023-08-24 11:09:20,26,28,4540,11526
2023-08-24 11:09:22,27,28,4540,11526
2023-08-24 11:09:39,27,29,4540,11526
2023-08-24 11:09:40,28,29,4540,11526
2023-08-24 11:09:48,27,29,4540,11526
2023-08-24 11:09:55,28,29,4540,11526
2023-08-24 11:10:01,27,29,4540,11526
2023-08-24 11:10:13,28,29,4540,11526
2023-08-24 11:10:19,28,29,4740,11726
2023-08-24 11:10:21,28,30,4740,11726
2023-08-24 11:10:55,27,30,4740,11726
2023-08-24 11:11:01,27,29,4740,11726
2023-08-24 11:11:02,27,30,4740,11726
2023-08-24 11:11:02,28,30,4740,11726
2023-08-24 11:11:22,29,30,4740,11726
2023-08-24 11:11:26,28,30,4740,11726
2023-08-24 11:11:35,29,30,4740,11726
2023-08-24 11:11:48,28,30,4740,11726
2023-08-24 11:13:02,28,29,4740,11726
2023-08-24 11:13:02,27,29,4740,11726
2023-08-24 11:13:40,27,28,4740,11726
2023-08-24 11:13:47,27,29,4740,11726
2023-08-24 11:13:48,26,29,4740,11726
2023-08-24 11:13:49,26,28,4740,11726
2023-08-24 11:13:57,26,27,4740,11726
2023-08-24 11:13:58,26,28,4740,11726
2023-08-24 11:13:59,26,27,4740,11726
2023-08-24 11:14:00,26,28,4740,11726
2023-08-24 11:14:01,26,27,4740,11726
2023-08-24 11:14:04,26,28,4740,11726
2023-08-24 11:14:12,27,28,4740,11726
2023-08-24 11:14:18,27,29,4740,11726
2023-08-24 11:14:28,28,29,4740,11726
2023-08-24 11:14:33,27,29,4740,11726
2023-08-24 11:14:33,28,29,4740,11726
2023-08-24 11:15:37,28,30,4740,11726
2023-08-24 11:15:46,29,30,4740,11726
2023-08-24 11:17:44,28,30,4740,11726
2023-08-24 11:17:47,28,29,4740,11726
2023-08-24 11:17:48,28,30,4740,11726
2023-08-24 11:17:49,28,29,4740,11726
2023-08-24 11:17:50,28,30,4740,11726
2023-08-24 11:17:51,28,29,4740,11726
2023-08-24 11:17:52,28,30,4740,11726
2023-08-24 11:18:27,28,29,4740,11726
2023-08-24 11:18:28,28,30,4740,11726
2023-08-24 11:18:29,28,29,4740,11726
2023-08-24 11:18:30,28,30,4740,11726
2023-08-24 11:19:18,29,30,4740,11726
2023-08-24 11:22:05,28,30,4740,11726
2023-08-24 11:22:15,29,30,4740,11726
2023-08-24 11:22:24,28,30,4740,11726
2023-08-24 11:22:30,28,29,4740,11726
2023-08-24 11:22:31,28,30,4740,11726
2023-08-24 11:22:32,28,29,4740,11726
2023-08-24 11:22:33,28,30,4740,11726
2023-08-24 11:22:34,28,29,4740,11726
2023-08-24 11:22:35,28,30,4740,11726
2023-08-24 11:22:35,28,29,4740,11726
2023-08-24 11:22:36,28,29,4540,11926
2023-08-24 11:22:36,27,29,4540,11926
2023-08-24 11:22:38,27,30,4540,11926
2023-08-24 11:22:38,27,29,4540,11926
2023-08-24 11:22:40,27,29,4340,12126
2023-08-24 11:22:40,27,28,4340,12126
2023-08-24 11:22:41,27,28,4140,12326
2023-08-24 11:22:47,27,29,4140,12326
2023-08-24 11:22:49,27,28,4140,12326
2023-08-24 11:22:51,27,29,4140,12326
2023-08-24 11:22:53,27,28,4140,12326
2023-08-24 11:22:56,27,29,4140,12326
2023-08-24 11:23:01,28,29,4140,12326
2023-08-24 11:23:33,27,29,4140,12326
2023-08-24 11:23:40,27,28,4140,12326
2023-08-24 11:23:42,27,29,4140,12326
2023-08-24 11:24:09,27,28,4140,12326
2023-08-24 11:24:10,27,29,4140,12326
2023-08-24 11:24:17,28,29,4140,12326
2023-08-24 11:25:02,27,29,4044,12422
2023-08-24 11:25:04,28,29,4044,12422
2023-08-24 11:25:05,27,29,4044,12422
2023-08-24 11:25:43,27,28,4044,12422
2023-08-24 11:25:45,27,29,4044,12422
2023-08-24 11:25:53,27,28,4044,12422
2023-08-24 11:25:58,27,29,4044,12422
2023-08-24 11:26:00,27,28,4044,12422
2023-08-24 11:26:03,26,28,4044,12422
2023-08-24 11:26:04,26,27,4044,12422
2023-08-24 11:26:05,26,29,4044,12422
2023-08-24 11:26:06,26,28,4044,12422
2023-08-24 11:26:07,26,27,4044,12422
2023-08-24 11:26:10,26,28,4044,12422
2023-08-24 11:26:16,26,27,4044,12422
2023-08-24 11:26:25,26,27,4044,12542
2023-08-24 11:26:25,25,27,3918,12668
2023-08-24 11:26:32,25,26,3918,12668
2023-08-24 11:26:43,25,27,3918,12668
2023-08-24 11:26:45,25,26,3918,12668
2023-08-24 11:26:45,25,26,3718,12868
2023-08-24 11:26:50,25,27,3718,12868
2023-08-24 11:26:57,26,27,3718,12868
2023-08-24 11:26:59,26,28,3718,12868
2023-08-24 11:27:02,26,29,3718,12868
2023-08-24 11:27:02,27,29,3718,12868
2023-08-24 11:27:07,28,29,3718,12868
2023-08-24 11:27:08,27,29,3718,12868
2023-08-24 11:27:16,26,29,3718,12868
2023-08-24 11:27:18,26,28,3718,12868
2023-08-24 11:27:27,26,29,3718,12868
2023-08-24 11:27:33,26,28,3718,12868
2023-08-24 11:27:39,26,29,3718,12868
2023-08-24 11:27:45,27,29,3718,12868
2023-08-24 11:27:46,26,29,3718,12868
2023-08-24 11:28:01,27,29,3718,12868
2023-08-24 11:28:02,26,29,3718,12868
2023-08-24 11:28:08,27,29,3718,12868
2023-08-24 11:28:11,26,29,3718,12868
2023-08-24 11:28:11,27,29,3718,12868
2023-08-24 11:28:29,28,29,3718,12868
2023-08-24 11:28:33,27,29,3718,12868
2023-08-24 11:29:05,26,29,3718,12868
2023-08-24 11:29:10,27,29,3718,12868
2023-08-24 11:29:58,28,29,3718,12868
2023-08-24 11:30:02,27,29,3718,12868
2023-08-24 11:30:04,28,29,3718,12868
2023-08-24 11:30:05,27,29,3718,12868
2023-08-24 11:30:12,26,29,3718,12868
2023-08-24 11:30:16,27,29,3718,12868
2023-08-24 11:30:18,26,29,3718,12868
2023-08-24 11:30:18,26,28,3718,12868
2023-08-24 11:30:19,27,28,3718,12868
2023-08-24 11:30:20,26,28,3718,12868
2023-08-24 11:30:23,26,29,3718,12868
2023-08-24 11:30:27,26,28,3718,12868
2023-08-24 11:30:31,26,29,3718,12868
2023-08-24 11:30:37,26,28,3718,12868
2023-08-24 11:30:43,26,27,3718,12868
2023-08-24 11:30:48,25,27,3718,12868
2023-08-24 11:30:58,25,28,3718,12868
2023-08-24 11:30:59,25,27,3718,12868
2023-08-24 11:31:00,25,28,3718,12868
2023-08-24 11:31:01,25,27,3718,12868
2023-08-24 11:31:08,26,27,3718,12868
2023-08-24 11:31:10,26,28,3718,12868
2023-08-24 11:31:15,26,29,3718,12868
2023-08-24 11:31:20,26,28,3718,12868
2023-08-24 11:31:39,26,29,3718,12868
2023-08-24 11:31:40,26,28,3718,12868
2023-08-24 11:31:46,26,29,3718,12868
2023-08-24 11:31:47,26,28,3718,12868
2023-08-24 11:31:52,26,29,3718,12868
2023-08-24 11:31:54,26,28,3718,12868
2023-08-24 11:31:59,26,27,3718,12868
2023-08-24 11:32:08,26,28,3718,12868
2023-08-24 11:32:11,25,28,3718,12868
2023-08-24 11:32:13,26,28,3718,12868
2023-08-24 11:32:26,26,27,3718,12868
2023-08-24 11:32:43,25,27,3718,12868
2023-08-24 11:33:07,25,28,3718,12868
2023-08-24 11:33:09,25,27,3718,12868
2023-08-24 11:33:11,25,28,3718,12868
2023-08-24 11:33:12,25,27,3718,12868
2023-08-24 11:33:18,25,28,3718,12868
2023-08-24 11:33:19,26,28,3718,12868
2023-08-24 11:33:20,27,28,3718,12868
2023-08-24 11:33:20,27,29,3718,12868
2023-08-24 11:33:21,27,28,3718,12868
2023-08-24 11:33:22,26,28,3718,12868
2023-08-24 11:33:37,26,29,3718,12868
2023-08-24 11:33:40,26,28,3718,12868
2023-08-24 11:33:41,26,29,3718,12868
2023-08-24 11:33:47,26,28,3718,12868
2023-08-24 11:33:49,26,29,3718,12868
2023-08-24 11:33:53,27,29,3718,12868
2023-08-24 11:33:54,26,29,3718,12868
2023-08-24 11:33:55,27,29,3718,12868
2023-08-24 11:33:58,26,29,3718,12868
2023-08-24 11:34:03,26,28,3718,12868
2023-08-24 11:34:12,25,28,3718,12868
2023-08-24 11:34:13,26,28,3718,12868
2023-08-24 11:34:17,25,28,3718,12868
2023-08-24 11:34:26,26,28,3718,12868
2023-08-24 11:34:27,25,28,3718,12868
2023-08-24 11:35:02,25,27,3718,12868
2023-08-24 11:35:05,25,26,3718,12868
2023-08-24 11:35:05,25,26,3718,12928
2023-08-24 11:35:06,24,26,3578,13068
2023-08-24 11:35:07,24,26,3378,13268
2023-08-24 11:35:07,24,25,3378,13268
2023-08-24 11:35:07,24,25,3378,13391
2023-08-24 11:35:08,24,25,3178,13591
2023-08-24 11:35:09,23,25,3101,13668
2023-08-24 11:35:18,23,25,3101,13735
2023-08-24 11:35:36,23,26,3101,13735
2023-08-24 11:35:39,24,26,3101,13735
2023-08-24 11:35:51,23,26,3101,13735
2023-08-24 11:35:59,23,25,3101,13735
2023-08-24 11:36:00,23,26,3101,13735
2023-08-24 11:36:31,23,25,3101,13735
2023-08-24 11:36:42,23,24,3101,13735
2023-08-24 11:36:52,23,24,2922,13935
2023-08-24 11:36:52,23,24,2982,13995
2023-08-24 11:36:53,22,24,2982,13995
2023-08-24 11:36:54,22,23,2982,13995
2023-08-24 11:36:55,22,24,2982,13995
2023-08-24 11:37:15,22,23,2982,13995
2023-08-24 11:37:17,21,23,2982,13995
2023-08-24 11:37:41,21,22,2982,13995
2023-08-24 11:37:44,21,23,2982,13995
2023-08-24 11:37:55,21,22,2982,13995
2023-08-24 11:37:56,21,23,2982,13995
2023-08-24 11:38:03,21,22,2982,13995
2023-08-24 11:38:10,20,22,2982,13995
2023-08-24 11:38:17,20,22,2983,13996
2023-08-24 11:38:42,20,21,2983,13996
2023-08-24 11:38:57,19,21,2983,13996
2023-08-24 11:39:04,19,21,3128,14141
2023-08-24 11:39:18,20,21,3128,14141
2023-08-24 11:39:20,19,21,3128,14141
2023-08-24 11:39:41,19,20,3128,14141
2023-08-24 11:39:45,19,21,3128,14141
2023-08-24 11:40:10,19,20,3128,14141
2023-08-24 11:40:23,19,21,3128,14141
2023-08-24 11:40:37,20,21,3128,14141
2023-08-24 11:40:40,19,21,3128,14141
2023-08-24 11:40:49,19,22,3128,14141
2023-08-24 11:40:58,19,21,3128,14141
2023-08-24 11:41:00,19,22,3128,14141
2023-08-24 11:41:08,19,21,3128,14141
2023-08-24 11:41:42,19,20,3128,14141
2023-08-24 11:41:44,19,21,3128,14141
2023-08-24 11:42:02,19,20,3128,14141
2023-08-24 11:42:13,19,21,3128,14141
2023-08-24 11:42:16,19,20,3128,14141
2023-08-24 11:42:20,19,21,3128,14141
2023-08-24 11:42:21,19,20,3128,14141
2023-08-24 11:42:30,19,21,3128,14141
2023-08-24 11:42:31,19,20,3128,14141
2023-08-24 11:42:32,19,21,3128,14141
2023-08-24 11:42:48,19,20,3128,14141
2023-08-24 11:42:49,19,21,3128,14141
2023-08-24 11:42:50,19,20,3128,14141
2023-08-24 11:42:56,19,21,3128,14141
2023-08-24 11:43:00,19,20,3128,14141
2023-08-24 11:43:10,19,21,3128,14141
2023-08-24 11:43:21,19,20,3128,14141
2023-08-24 11:43:33,19,21,3128,14141
2023-08-24 11:43:35,19,20,3128,14141
2023-08-24 11:43:49,19,21,3128,14141
2023-08-24 11:43:56,19,20,3128,14141
2023-08-24 11:43:59,19,21,3128,14141
2023-08-24 11:44:07,19,22,3128,14141
2023-08-24 11:44:13,19,21,3128,14141
2023-08-24 11:44:21,19,20,3128,14141
2023-08-24 11:44:30,19,21,3128,14141
2023-08-24 11:44:48,19,20,3128,14141
2023-08-24 11:44:49,19,21,3128,14141
2023-08-24 11:44:58,19,22,3128,14141
2023-08-24 11:44:59,19,21,3128,14141
2023-08-24 11:45:06,19,22,3128,14141
2023-08-24 11:45:15,19,21,3128,14141
2023-08-24 11:45:55,19,20,3128,14141
2023-08-24 11:46:09,19,21,3128,14141
2023-08-24 11:46:10,19,22,3128,14141
2023-08-24 11:46:10,19,21,3128,14141
2023-08-24 11:46:19,19,22,3128,14141
2023-08-24 11:46:19,20,22,3128,14141
2023-08-24 11:46:22,20,21,3128,14141
2023-08-24 11:46:23,20,22,3128,14141
2023-08-24 11:46:23,19,22,3128,14141
2023-08-24 11:46:24,20,22,3128,14141
2023-08-24 11:46:25,19,22,3128,14141
2023-08-24 11:46:26,20,22,3128,14141
2023-08-24 11:46:31,19,22,3128,14141
2023-08-24 11:46:32,19,21,3128,14141
2023-08-24 11:46:33,20,21,3128,14141
2023-08-24 11:46:34,19,21,3128,14141
2023-08-24 11:46:35,20,21,3128,14141
2023-08-24 11:46:40,20,22,3128,14141
2023-08-24 11:46:48,21,22,3128,14141
2023-08-24 11:46:48,21,22,3179,14241
2023-08-24 11:46:50,20,22,3279,14341
2023-08-24 11:46:51,20,21,3279,14341
2023-08-24 11:46:52,20,22,3385,14447
2023-08-24 11:46:53,20,21,3385,14447
2023-08-24 11:46:54,20,22,3488,14550
2023-08-24 11:46:55,20,21,3488,14550
2023-08-24 11:46:56,20,22,3582,14644
2023-08-24 11:46:57,20,21,3582,14644
2023-08-24 11:46:57,19,21,3582,14644
2023-08-24 11:46:57,19,22,3714,14776
2023-08-24 11:46:58,19,21,3714,14776
2023-08-24 11:47:50,19,20,3714,14776
2023-08-24 11:47:51,18,20,3814,14876
2023-08-24 11:47:55,18,19,3814,14876
2023-08-24 11:47:59,18,19,3874,14936
2023-08-24 11:48:00,18,19,3934,14996
2023-08-24 11:48:02,17,19,3964,15026
2023-08-24 11:48:02,17,18,3964,15026
2023-08-24 11:48:51,17,19,3994,15056
2023-08-24 11:48:52,17,20,3994,15056
2023-08-24 11:48:57,17,19,3994,15056
2023-08-24 11:49:04,17,20,4089,15151
2023-08-24 11:49:06,17,19,4089,15151
2023-08-24 11:49:10,18,19,4089,15151
2023-08-24 11:49:42,18,20,4182,15244
2023-08-24 11:49:45,18,19,4182,15244
2023-08-24 11:49:50,18,20,4182,15244
2023-08-24 11:50:00,18,19,4182,15244
2023-08-24 11:50:11,18,20,4182,15244
2023-08-24 11:50:14,18,19,4182,15244
2023-08-24 11:50:17,18,20,4182,15244
2023-08-24 11:50:19,18,19,4182,15244
2023-08-24 11:50:23,17,19,4244,15306
2023-08-24 11:50:47,17,18,4244,15306
2023-08-24 11:50:56,17,18,4444,15506
2023-08-24 11:50:57,16,18,4544,15606
2023-08-24 11:51:13,16,17,4544,15606
2023-08-24 11:51:16,16,18,4681,15743
2023-08-24 11:51:17,16,17,4681,15743
2023-08-24 11:51:17,16,18,4832,15894
2023-08-24 11:51:18,16,17,4832,15894
2023-08-24 11:51:19,16,18,4969,16031
2023-08-24 11:51:20,16,17,4969,16031
2023-08-24 11:51:21,16,18,4969,16031
2023-08-24 11:51:24,16,17,4969,16031
2023-08-24 11:51:24,16,18,5098,16160
2023-08-24 11:52:09,16,17,5098,16160
2023-08-24 11:52:10,15,17,5248,16310
2023-08-24 11:52:27,14,17,5248,16310
2023-08-24 11:52:27,14,16,5248,16310
2023-08-24 11:52:29,14,15,5248,16310
2023-08-24 11:52:51,14,15,5343,16405
2023-08-24 11:53:08,14,16,5343,16405
2023-08-24 11:54:13,14,17,5343,16405
2023-08-24 11:54:15,14,16,5343,16405
2023-08-24 11:55:26,14,17,5343,16405
2023-08-24 11:55:38,14,16,5343,16405
2023-08-24 11:56:00,14,17,5343,16405
2023-08-24 11:56:54,15,17,5343,16405
2023-08-24 11:56:55,15,18,5343,16405
2023-08-24 11:57:01,15,17,5343,16405
2023-08-24 11:57:05,14,17,5343,16405
2023-08-24 11:57:06,14,16,5343,16405
2023-08-24 11:57:06,14,17,5343,16605
2023-08-24 11:57:12,15,17,5343,16605
2023-08-24 11:57:17,15,18,5343,16605
2023-08-24 11:57:41,15,17,5343,16605
2023-08-24 11:57:43,14,17,5343,16605
2023-08-24 11:58:12,14,16,5343,16605
2023-08-24 11:58:19,14,17,5343,16605
2023-08-24 11:58:23,15,17,5343,16605
2023-08-24 11:58:25,14,17,5343,16605
2023-08-24 11:58:33,15,17,5343,16605
2023-08-24 11:58:37,15,18,5343,16605
2023-08-24 11:58:39,15,17,5343,16605
2023-08-24 11:58:44,14,17,5343,16605
2023-08-24 11:58:45,15,17,5343,16605
2023-08-24 11:58:48,14,17,5343,16605
2023-08-24 11:59:19,14,16,5343,16605
2023-08-24 12:00:17,14,17,5343,16605
2023-08-24 12:00:30,15,17,5343,16605
2023-08-24 12:00:38,15,17,5344,16606
2023-08-24 12:00:44,14,17,5344,16606
2023-08-24 12:00:48,14,16,5344,16606
2023-08-24 12:01:09,14,17,5344,16606
2023-08-24 12:01:22,15,17,5344,16606
2023-08-24 12:01:25,14,17,5344,16606
2023-08-24 12:01:29,14,17,5345,16607
2023-08-24 12:01:38,14,16,5345,16607
2023-08-24 12:01:55,14,17,5345,16607
2023-08-24 12:01:59,14,16,5345,16607
2023-08-24 12:02:05,14,17,5345,16607
2023-08-24 12:02:11,15,17,5345,16607
2023-08-24 12:02:12,14,17,5345,16607
2023-08-24 12:02:13,15,17,5345,16607
2023-08-24 12:02:14,15,18,5345,16607
2023-08-24 12:02:19,15,17,5345,16607
2023-08-24 12:02:20,15,17,5346,16608
2023-08-24 12:02:20,15,16,5346,16608
2023-08-24 12:02:57,15,18,5346,16608
2023-08-24 12:02:57,15,17,5346,16608
2023-08-24 12:03:00,15,18,5346,16608
2023-08-24 12:03:00,15,16,5346,16608
2023-08-24 12:03:16,15,18,5346,16608
2023-08-24 12:03:16,15,17,5346,16608
2023-08-24 12:03:56,16,17,5346,16608
2023-08-24 12:04:16,15,17,5346,16608
2023-08-24 12:04:18,15,16,5346,16608
2023-08-24 12:04:18,15,17,5346,16609
2023-08-24 12:04:19,14,17,5346,16609
2023-08-24 12:04:20,14,18,5346,16809
2023-08-24 12:04:21,15,18,5346,16809
2023-08-24 12:04:38,14,18,5346,16809
2023-08-24 12:04:38,14,17,5346,16809
2023-08-24 12:04:51,15,17,5346,16809
2023-08-24 12:04:52,14,17,5346,16809
2023-08-24 12:04:54,15,17,5346,16809
2023-08-24 12:04:55,14,17,5346,16809
2023-08-24 12:04:58,15,17,5346,16809
2023-08-24 12:05:04,15,18,5346,16809
2023-08-24 12:05:13,16,18,5346,16809
2023-08-24 12:05:34,16,19,5346,16809
2023-08-24 12:05:45,17,19,5346,16809
2023-08-24 12:06:00,17,20,5346,16809
2023-08-24 12:06:26,17,19,5346,16809
2023-08-24 12:06:40,17,20,5346,16809
2023-08-24 12:07:04,18,20,5346,16809
2023-08-24 12:07:11,17,20,5346,16809
2023-08-24 12:07:14,18,20,5346,16809
2023-08-24 12:07:38,19,20,5346,16809
2023-08-24 12:07:39,18,20,5346,16809
2023-08-24 12:07:52,19,20,5346,16809
2023-08-24 12:07:53,18,20,5346,16809
2023-08-24 12:07:54,19,20,5346,16809
2023-08-24 12:07:55,18,20,5346,16809
2023-08-24 12:07:56,19,20,5346,16809
2023-08-24 12:07:57,18,20,5346,16809
2023-08-24 12:07:58,19,20,5346,16809
2023-08-24 12:07:59,18,20,5346,16809
2023-08-24 12:08:00,19,20,5346,16809
2023-08-24 12:08:01,18,20,5346,16809
2023-08-24 12:08:05,19,20,5346,16809
2023-08-24 12:08:06,19,21,5346,16809
2023-08-24 12:08:46,18,21,5346,16809
2023-08-24 12:09:02,18,20,5346,16809
2023-08-24 12:09:13,18,21,5346,16809
2023-08-24 12:09:41,18,21,5354,16817
2023-08-24 12:09:48,18,21,5374,16837
2023-08-24 12:10:00,18,20,5374,16837
2023-08-24 12:10:05,17,20,5374,16837
2023-08-24 12:10:06,17,20,5374,16837
2023-08-24 12:10:07,18,20,5374,16837
2023-08-24 12:10:08,17,20,5374,16837
2023-08-24 12:10:09,18,20,5374,16837
2023-08-24 12:10:10,17,20,5374,16837
2023-08-24 12:10:11,18,20,5374,16837
2023-08-24 12:10:12,17,20,5374,16837
2023-08-24 12:10:13,18,20,5374,16837
2023-08-24 12:10:14,17,20,5374,16837
2023-08-24 12:10:14,17,21,5374,16837
2023-08-24 12:10:14,18,21,5374,16837
2023-08-24 12:10:14,19,21,5374,16837
2023-08-24 12:10:15,18,21,5374,16837
2023-08-24 12:10:31,19,21,5374,16837
2023-08-24 12:10:32,18,21,5374,16837
2023-08-24 12:10:33,19,21,5374,16837
2023-08-24 12:10:34,18,21,5374,16837
2023-08-24 12:10:35,19,21,5374,16837
2023-08-24 12:10:36,18,21,5374,16837
2023-08-24 12:10:37,19,21,5374,16837
2023-08-24 12:10:38,18,21,5374,16837
2023-08-24 12:10:39,19,21,5374,16837
2023-08-24 12:10:40,18,21,5374,16837
2023-08-24 12:10:41,19,21,5374,16837
2023-08-24 12:10:42,18,21,5374,16837
2023-08-24 12:10:43,19,21,5374,16837
2023-08-24 12:11:20,20,21,5374,16837
2023-08-24 12:11:21,19,21,5374,16837
2023-08-24 12:11:24,19,22,5374,16837
2023-08-24 12:11:33,20,22,5374,16837
2023-08-24 12:11:34,19,22,5374,16837
2023-08-24 12:11:35,20,22,5374,16837
2023-08-24 12:11:36,19,22,5374,16837
2023-08-24 12:11:37,20,22,5374,16837
2023-08-24 12:11:38,19,22,5374,16837
2023-08-24 12:11:42,20,22,5374,16837
2023-08-24 12:11:43,19,22,5374,16837
2023-08-24 12:11:44,20,22,5374,16837
2023-08-24 12:11:45,19,22,5374,16837
2023-08-24 12:11:46,20,22,5374,16837
2023-08-24 12:11:47,19,22,5374,16837
2023-08-24 12:11:59,20,22,5374,16837
2023-08-24 12:12:00,19,22,5374,16837
2023-08-24 12:12:00,20,22,5374,16837
2023-08-24 12:12:01,19,22,5374,16837
2023-08-24 12:12:24,20,22,5374,16837
2023-08-24 12:12:25,19,22,5374,16837
2023-08-24 12:12:26,20,22,5374,16837
2023-08-24 12:12:27,19,22,5374,16837
2023-08-24 12:12:29,20,22,5374,16837
2023-08-24 12:12:30,19,22,5374,16837
2023-08-24 12:12:31,20,22,5374,16837
2023-08-24 12:12:32,19,22,5374,16837
2023-08-24 12:12:33,20,22,5374,16837
2023-08-24 12:12:34,19,22,5374,16837
2023-08-24 12:12:35,20,22,5374,16837
2023-08-24 12:12:36,19,22,5374,16837
2023-08-24 12:12:37,20,22,5374,16837
2023-08-24 12:12:38,19,22,5374,16837
2023-08-24 12:12:39,20,22,5374,16837
2023-08-24 12:12:40,19,22,5374,16837
2023-08-24 12:12:40,20,22,5374,16837
2023-08-24 12:12:44,21,22,5374,16837
2023-08-24 12:12:45,20,22,5374,16837
2023-08-24 12:12:46,21,22,5374,16837
2023-08-24 12:12:47,20,22,5374,16837
2023-08-24 12:12:48,21,22,5374,16837
2023-08-24 12:12:49,20,22,5374,16837
2023-08-24 12:12:50,21,22,5374,16837
2023-08-24 12:12:51,20,22,5374,16837
2023-08-24 12:12:52,21,22,5374,16837
2023-08-24 12:12:53,20,22,5374,16837
2023-08-24 12:12:54,21,22,5374,16837
2023-08-24 12:12:55,20,22,5374,16837
2023-08-24 12:12:55,20,23,5374,16837
2023-08-24 12:12:56,21,23,5374,16837
2023-08-24 12:12:57,22,23,5374,16837
2023-08-24 12:12:58,21,23,5374,16837
2023-08-24 12:13:06,22,23,5374,16837
2023-08-24 12:13:07,21,23,5374,16837
2023-08-24 12:13:44,22,23,5374,16837
2023-08-24 12:13:45,21,23,5374,16837
2023-08-24 12:13:47,22,23,5374,16837
2023-08-24 12:13:48,21,23,5374,16837
2023-08-24 12:14:08,22,23,5374,16837
2023-08-24 12:14:09,21,23,5374,16837
2023-08-24 12:14:15,22,23,5374,16837
2023-08-24 12:14:16,21,23,5374,16837
2023-08-24 12:14:17,22,23,5374,16837
2023-08-24 12:14:18,21,23,5374,16837
2023-08-24 12:14:19,22,23,5374,16837
2023-08-24 12:14:20,21,23,5374,16837
2023-08-24 12:14:23,22,23,5374,16837
2023-08-24 12:14:24,21,23,5374,16837
2023-08-24 12:14:25,22,23,5374,16837
2023-08-24 12:14:26,21,23,5374,16837
2023-08-24 12:14:27,22,23,5374,16837
2023-08-24 12:14:28,21,23,5374,16837
2023-08-24 12:14:29,22,23,5374,16837
2023-08-24 12:14:30,21,23,5374,16837
2023-08-24 12:14:31,22,23,5374,16837
2023-08-24 12:14:32,21,23,5374,16837
2023-08-24 12:14:33,22,23,5374,16837
2023-08-24 12:14:34,21,23,5374,16837
2023-08-24 12:14:37,22,23,5374,16837
2023-08-24 12:14:38,21,23,5374,16837
2023-08-24 12:14:39,22,23,5374,16837
2023-08-24 12:14:40,21,23,5374,16837
2023-08-24 12:14:41,22,23,5374,16837
2023-08-24 12:14:42,21,23,5374,16837
2023-08-24 12:14:42,21,24,5174,17037
2023-08-24 12:14:43,22,24,5174,17037
2023-08-24 12:14:44,23,24,5174,17037
2023-08-24 12:14:51,23,25,5118,17237
2023-08-24 12:15:08,23,26,5118,17237
2023-08-24 12:15:09,24,26,5118,17237
2023-08-24 12:15:22,25,26,5118,17237
2023-08-24 12:15:29,25,26,5118,17238
2023-08-24 12:15:29,25,26,5118,17239
2023-08-24 12:15:34,24,26,5118,17239
2023-08-24 12:15:35,24,27,5118,17239
2023-08-24 12:15:36,25,27,5118,17239
2023-08-24 12:15:41,26,27,5118,17239
2023-08-24 12:15:41,25,27,5118,17400
2023-08-24 12:15:42,26,27,5118,17400
2023-08-24 12:15:44,25,27,5118,17400
2023-08-24 12:15:45,26,27,5118,17400
2023-08-24 12:15:46,25,27,5118,17400
2023-08-24 12:15:46,25,27,5118,17401
2023-08-24 12:15:49,26,27,5118,17401
2023-08-24 12:15:52,25,27,5118,17401
2023-08-24 12:15:54,26,27,5118,17401
2023-08-24 12:16:09,25,27,5118,17401
2023-08-24 12:16:20,24,27,5118,17401
2023-08-24 12:16:21,25,27,5118,17401
2023-08-24 12:16:22,24,27,5118,17401
2023-08-24 12:16:22,25,27,5118,17401
2023-08-24 12:16:23,24,27,5118,17401
2023-08-24 12:16:24,25,27,5118,17401
2023-08-24 12:16:25,24,27,5118,17401
2023-08-24 12:16:35,24,26,5118,17401
2023-08-24 12:16:36,24,27,5118,17401
2023-08-24 12:16:43,25,27,5118,17401
2023-08-24 12:16:55,26,27,5118,17401
2023-08-24 12:17:22,25,27,5118,17401
2023-08-24 12:17:24,24,27,5118,17401
2023-08-24 12:17:32,25,27,5118,17401
2023-08-24 12:17:42,24,27,5118,17401
2023-08-24 12:17:47,24,26,5118,17401
2023-08-24 12:17:55,24,27,5118,17401
2023-08-24 12:18:20,25,27,5118,17401
2023-08-24 12:18:30,25,28,5118,17401
2023-08-24 12:18:50,25,27,5118,17401
2023-08-24 12:19:13,26,27,5118,17401
2023-08-24 12:19:14,25,27,5118,17401
2023-08-24 12:19:19,24,27,5118,17401
2023-08-24 12:19:22,24,26,5118,17401
2023-08-24 12:19:28,23,26,5118,17401
2023-08-24 12:19:33,24,26,5118,17401
2023-08-24 12:19:35,23,26,5118,17401
2023-08-24 12:19:38,24,26,5118,17401
2023-08-24 12:19:43,24,27,5118,17401
2023-08-24 12:19:47,24,26,5118,17401
2023-08-24 12:20:04,24,25,5118,17401
2023-08-24 12:20:15,24,27,5118,17601
2023-08-24 12:20:16,25,27,5118,17601
2023-08-24 12:20:23,25,28,5118,17601
2023-08-24 12:20:41,25,27,5118,17601
2023-08-24 12:20:54,25,28,5118,17601
2023-08-24 12:21:56,26,28,5118,17601
2023-08-24 12:22:03,26,29,5118,17601
2023-08-24 12:22:32,27,29,5118,17601
2023-08-24 12:23:07,26,29,5118,17601
2023-08-24 12:23:12,26,28,5118,17601
2023-08-24 12:23:13,26,29,5118,17601
2023-08-24 12:23:21,27,29,5118,17601
2023-08-24 12:23:50,26,29,5118,17601
2023-08-24 12:23:53,27,29,5118,17601
2023-08-24 12:23:54,27,28,5118,17601
2023-08-24 12:23:55,26,28,5118,17601
2023-08-24 12:23:55,26,29,5118,17601
2023-08-24 12:23:59,26,28,5118,17601
2023-08-24 12:24:02,26,29,5118,17601
2023-08-24 12:24:21,27,29,5118,17601
2023-08-24 12:24:23,26,29,5118,17601
2023-08-24 12:24:25,27,29,5118,17601
2023-08-24 12:24:29,27,28,5118,17601
2023-08-24 12:24:30,26,28,5118,17601
2023-08-24 12:24:37,26,29,5118,17601
2023-08-24 12:25:01,26,28,5118,17601
2023-08-24 12:25:04,26,29,5118,17601
2023-08-24 12:25:19,27,29,5118,17601
2023-08-24 12:25:27,26,29,5118,17601
2023-08-24 12:25:30,27,29,5118,17601
2023-08-24 12:25:31,26,29,5118,17601
2023-08-24 12:25:54,27,29,5118,17601
2023-08-24 12:25:55,26,29,5118,17601
2023-08-24 12:25:57,27,29,5118,17601
2023-08-24 12:26:36,27,30,5118,17601
2023-08-24 12:26:40,29,30,5118,17601
2023-08-24 12:28:08,27,30,5168,17651
2023-08-24 12:28:08,27,29,5168,17651
2023-08-24 12:28:08,26,29,5168,17651
2023-08-24 12:28:09,26,28,5168,17651
2023-08-24 12:28:17,25,28,5168,17651
2023-08-24 12:28:26,24,28,5168,17651
2023-08-24 12:28:27,24,27,5168,17651
2023-08-24 12:28:35,24,28,5168,17651
2023-08-24 12:28:35,25,28,5168,17651
2023-08-24 12:28:40,24,28,5168,17651
2023-08-24 12:28:40,24,27,5168,17651
2023-08-24 12:29:18,23,27,5168,17651
2023-08-24 12:29:19,23,26,5168,17651
2023-08-24 12:29:20,23,27,5168,17651
2023-08-24 12:29:21,23,26,5168,17651
2023-08-24 12:29:24,23,25,5168,17651
2023-08-24 12:29:39,23,26,5168,17651
2023-08-24 12:29:40,23,25,5168,17651
2023-08-24 12:29:49,24,25,5168,17651
2023-08-24 12:29:52,23,25,5168,17651
2023-08-24 12:30:06,23,24,5168,17651
2023-08-24 12:30:07,23,25,5168,17651
2023-08-24 12:30:10,24,25,5168,17651
2023-08-24 12:30:12,24,26,5168,17651
2023-08-24 12:30:22,24,27,5168,17651
2023-08-24 12:30:24,25,27,5168,17651
2023-08-24 12:30:27,24,27,5168,17651
2023-08-24 12:30:28,25,27,5168,17651
2023-08-24 12:30:45,24,27,5168,17651
2023-08-24 12:30:50,25,27,5168,17651
2023-08-24 12:30:56,25,28,5168,17651
2023-08-24 12:31:01,26,28,5168,17651
2023-08-24 12:31:18,25,28,5168,17651
2023-08-24 12:31:19,25,27,5168,17651
2023-08-24 12:31:25,24,27,5168,17651
2023-08-24 12:31:44,25,27,5168,17651
2023-08-24 12:31:45,24,27,5168,17651
2023-08-24 12:32:06,25,27,5168,17651
2023-08-24 12:32:11,25,28,5168,17651
2023-08-24 12:32:24,25,27,5168,17651
2023-08-24 12:32:34,25,28,5168,17651
2023-08-24 12:32:35,25,27,5168,17651
2023-08-24 12:32:42,24,27,5168,17651
2023-08-24 12:32:42,24,26,5168,17651
2023-08-24 12:32:44,24,27,5168,17651
2023-08-24 12:32:48,24,26,5168,17651
2023-08-24 12:32:51,24,27,5168,17651
2023-08-24 12:33:15,24,26,5168,17651
2023-08-24 12:33:24,24,27,5168,17651
2023-08-24 12:33:27,24,26,5168,17651
2023-08-24 12:33:30,24,27,5168,17651
2023-08-24 12:33:40,25,27,5168,17651
2023-08-24 12:33:53,25,28,5168,17651
2023-08-24 12:34:04,25,27,5168,17651
2023-08-24 12:34:07,25,28,5168,17651
2023-08-24 12:34:26,26,28,5168,17651
2023-08-24 12:34:27,26,29,5168,17651
2023-08-24 12:35:05,26,28,5168,17651
2023-08-24 12:35:11,26,29,5168,17651
2023-08-24 12:35:20,27,29,5168,17651
2023-08-24 12:35:25,27,30,5168,17651
2023-08-24 12:35:35,28,30,5168,17651
2023-08-24 12:35:37,29,30,5168,17651
2023-08-24 12:36:13,29,31,5273,17756
2023-08-24 12:36:14,30,31,5273,17756
2023-08-24 12:36:16,30,32,5273,17756
2023-08-24 12:36:22,29,32,5273,17756
2023-08-24 12:36:23,30,32,5273,17756
2023-08-24 12:36:44,31,32,5273,17756
2023-08-24 12:36:45,31,33,5273,17756
2023-08-24 12:37:06,30,33,5273,17756
2023-08-24 12:37:13,30,32,5273,17756
2023-08-24 12:37:23,30,33,5273,17756
2023-08-24 12:38:00,30,32,5273,17756
2023-08-24 12:38:03,30,33,5273,17756
2023-08-24 12:38:07,30,32,5273,17756
2023-08-24 12:38:29,30,33,5273,17756
2023-08-24 12:38:29,31,33,5273,17756
2023-08-24 12:38:32,30,33,5273,17756
2023-08-24 12:38:36,31,33,5273,17756
2023-08-24 12:38:44,30,33,5273,17756
2023-08-24 12:39:16,30,31,5273,17756
2023-08-24 12:39:19,31,33,5273,17856
2023-08-24 12:39:20,30,33,5273,17856
2023-08-24 12:39:21,31,33,5273,17856
2023-08-24 12:39:38,30,33,5273,17856
2023-08-24 12:39:54,31,33,5273,17856
2023-08-24 12:40:25,32,33,5273,17856
2023-08-24 12:40:29,32,34,5273,17856
2023-08-24 12:40:34,31,34,5273,17856
2023-08-24 12:40:40,32,34,5273,17856
2023-08-24 12:40:47,31,34,5273,17856
2023-08-24 12:40:49,32,34,5273,17856
2023-08-24 12:41:02,31,34,5273,17856
2023-08-24 12:41:11,32,34,5273,17856
2023-08-24 12:41:16,31,34,5273,17856
2023-08-24 12:41:16,32,34,5273,17856
2023-08-24 12:41:20,33,34,5273,17856
2023-08-24 12:41:22,32,34,5273,17856
2023-08-24 12:41:38,33,34,5273,17856
2023-08-24 12:41:41,32,34,5273,17856
2023-08-24 12:41:42,33,34,5273,17856
2023-08-24 12:41:49,33,34,5219,18056
2023-08-24 12:41:50,33,34,5219,18256
2023-08-24 12:41:51,33,34,5469,18506
2023-08-24 12:41:51,33,34,5469,18706
2023-08-24 12:41:52,33,34,5469,18906
2023-08-24 12:41:53,33,34,5469,19106
2023-08-24 12:41:54,33,34,5469,19306
2023-08-24 12:41:54,33,34,5719,19556
2023-08-24 12:41:55,33,34,5758,19756
2023-08-24 12:41:56,34,37,5868,19910
2023-08-24 12:41:57,33,37,5868,19910
2023-08-24 12:42:00,35,36,5868,19910
2023-08-24 12:42:02,34,36,5868,19910
2023-08-24 12:42:03,35,36,5868,19910
2023-08-24 12:42:05,34,36,5868,19910
2023-08-24 12:42:05,33,36,5868,19910
2023-08-24 12:42:06,34,36,5868,19910
2023-08-24 12:42:09,35,36,5868,19910
2023-08-24 12:42:10,35,37,5868,19910
2023-08-24 12:42:11,34,37,5868,19910
2023-08-24 12:42:12,35,37,5868,19910
2023-08-24 12:42:24,35,36,5868,19910
2023-08-24 12:42:26,34,36,5868,19910
2023-08-24 12:42:27,35,36,5868,19910
2023-08-24 12:42:29,35,37,5868,19910
2023-08-24 12:43:24,36,37,5868,19910
2023-08-24 12:43:28,35,37,5868,19910
2023-08-24 12:43:30,36,37,5868,19910
2023-08-24 12:44:07,35,37,5868,19910
2023-08-24 12:44:08,36,37,5868,19910
2023-08-24 12:44:09,35,37,5868,19910
2023-08-24 12:44:10,36,37,5868,19910
2023-08-24 12:44:24,35,37,5868,19910
2023-08-24 12:44:27,36,37,5868,19910
2023-08-24 12:44:28,35,37,5868,19910
2023-08-24 12:44:29,36,37,5868,19910
2023-08-24 12:44:30,35,37,5868,19910
2023-08-24 12:44:30,34,37,5868,19910
2023-08-24 12:44:31,35,37,5868,19910
2023-08-24 12:44:32,34,37,5868,19910
2023-08-24 12:44:33,35,37,5868,19910
2023-08-24 12:44:35,34,37,5868,19910
2023-08-24 12:44:36,35,37,5868,19910
2023-08-24 12:44:37,34,37,5868,19910
2023-08-24 12:44:37,34,36,5868,19910
2023-08-24 12:44:37,33,36,5868,19910
2023-08-24 12:44:38,34,36,5868,19910
2023-08-24 12:45:28,33,34,5929,20081
2023-08-24 12:45:28,32,34,5929,20081
2023-08-24 12:45:30,31,34,5929,20081
2023-08-24 12:45:34,32,34,5929,20081
2023-08-24 12:45:57,31,34,5929,20081
2023-08-24 12:45:59,32,34,5929,20081
2023-08-24 12:46:00,31,34,5929,20081
2023-08-24 12:46:02,32,34,5929,20081
2023-08-24 12:46:21,31,34,5929,20081
2023-08-24 12:46:22,32,34,5929,20081
2023-08-24 12:46:37,31,34,5929,20081
2023-08-24 12:46:38,32,34,5929,20081
2023-08-24 12:46:45,33,34,5929,20081
2023-08-24 12:46:54,32,34,5929,20203
2023-08-24 12:46:55,33,34,5929,20203
2023-08-24 12:47:00,33,35,5958,20232
2023-08-24 12:47:03,33,36,5958,20232
2023-08-24 12:47:05,34,36,5958,20232
2023-08-24 12:47:06,34,37,5958,20232
2023-08-24 12:47:33,35,37,5958,20232
2023-08-24 12:47:53,35,38,5958,20232
2023-08-24 12:47:53,36,38,5958,20232
2023-08-24 12:48:23,35,38,5958,20232
2023-08-24 12:49:23,35,37,5958,20232
2023-08-24 12:49:37,34,37,5958,20232
2023-08-24 12:50:12,35,37,5958,20232
2023-08-24 12:50:14,34,37,5958,20232
2023-08-24 12:50:15,35,37,5958,20232
2023-08-24 12:50:16,34,37,5958,20232
2023-08-24 12:50:17,35,37,5958,20232
2023-08-24 12:50:22,34,37,5958,20232
2023-08-24 12:50:42,34,36,5958,20232
2023-08-24 12:50:43,33,36,5958,20232
2023-08-24 12:50:44,34,36,5958,20232
2023-08-24 12:50:53,33,36,5958,20232
2023-08-24 12:51:05,33,35,5958,20232
2023-08-24 12:51:12,32,35,5958,20232
2023-08-24 12:51:41,32,34,5958,20232
2023-08-24 12:51:42,31,34,5958,20232
2023-08-24 12:52:16,32,34,5958,20232
2023-08-24 12:52:31,31,34,5958,20232
2023-08-24 12:52:53,31,33,5958,20232
2023-08-24 12:52:53,30,33,5958,20232
2023-08-24 12:52:55,30,34,5958,20232
2023-08-24 12:52:56,31,34,5958,20232
2023-08-24 12:53:07,31,33,5958,20232
2023-08-24 12:53:08,31,34,5958,20232
2023-08-24 12:53:10,31,34,5958,20232
2023-08-24 12:53:15,32,34,5958,20232
2023-08-24 12:53:35,31,34,5958,20232
2023-08-24 12:53:36,32,34,5958,20232
2023-08-24 12:53:45,32,35,5958,20232
2023-08-24 12:54:04,32,34,5958,20232
2023-08-24 12:54:05,31,34,5958,20232
2023-08-24 12:54:07,32,34,5958,20232
2023-08-24 12:54:12,31,34,5958,20232
2023-08-24 12:54:36,31,33,5958,20232
2023-08-24 12:54:37,30,33,5958,20232
2023-08-24 12:54:59,30,32,5958,20232
2023-08-24 12:55:20,29,32,5958,20232
2023-08-24 12:55:20,29,31,5958,20232
2023-08-24 12:55:27,29,30,5958,20232
2023-08-24 12:55:34,28,30,5958,20232
2023-08-24 12:55:45,28,29,5958,20232
2023-08-24 12:55:47,27,29,5958,20232
2023-08-24 12:55:48,27,28,5958,20232
2023-08-24 12:55:56,27,29,5958,20232
2023-08-24 12:55:59,27,28,5958,20232
2023-08-24 12:56:01,27,29,5958,20232
2023-08-24 12:56:19,27,30,5958,20232
2023-08-24 12:56:27,27,29,5958,20232
2023-08-24 12:56:29,27,30,5958,20232
2023-08-24 12:56:33,27,29,5958,20232
2023-08-24 12:56:36,27,30,5958,20232
2023-08-24 12:56:41,27,29,5958,20232
2023-08-24 12:56:44,27,30,5958,20232
2023-08-24 12:56:45,27,29,5958,20232
2023-08-24 12:57:48,26,29,5958,20232
2023-08-24 12:57:50,26,28,5958,20232
2023-08-24 12:57:56,26,27,5958,20232
2023-08-24 12:58:10,26,27,5988,20352
2023-08-24 12:58:12,26,28,5988,20352
2023-08-24 12:58:42,26,29,5988,20352
2023-08-24 12:58:43,26,28,5988,20352
2023-08-24 12:58:54,26,29,5988,20352
2023-08-24 12:58:59,26,28,5988,20352
2023-08-24 12:59:00,26,29,5988,20352
2023-08-24 12:59:29,26,28,5988,20352
2023-08-24 13:00:07,26,29,5988,20352
2023-08-24 13:00:07,26,28,5988,20352
2023-08-24 13:00:10,26,29,5988,20352
2023-08-24 13:00:14,26,28,5988,20352
2023-08-24 13:00:16,26,29,5988,20352
2023-08-24 13:00:35,26,30,5988,20352
2023-08-24 13:00:37,26,29,5988,20352
2023-08-24 13:00:43,26,28,5988,20352
2023-08-24 13:00:48,26,27,5988,20352
2023-08-24 13:00:54,25,27,5988,20352
2023-08-24 13:00:58,24,27,5988,20352
2023-08-24 13:00:59,24,26,5988,20352
2023-08-24 13:01:09,23,26,5988,20552
2023-08-24 13:01:09,23,25,5988,20552
2023-08-24 13:01:19,22,25,5988,20552
2023-08-24 13:01:20,22,24,5988,20552
2023-08-24 13:01:29,22,25,5988,20552
2023-08-24 13:01:38,23,25,5988,20552
2023-08-24 13:01:49,22,25,5988,20552
2023-08-24 13:01:55,22,24,5988,20552
2023-08-24 13:01:56,22,25,5988,20552
2023-08-24 13:02:01,22,24,5988,20552
2023-08-24 13:02:16,22,25,5988,20552
2023-08-24 13:02:19,23,25,5988,20552
2023-08-24 13:02:57,22,25,5988,20552
2023-08-24 13:03:00,23,25,5988,20552
2023-08-24 13:03:01,22,25,5988,20552
2023-08-24 13:03:14,22,24,5988,20552
2023-08-24 13:03:15,22,25,5988,20552
2023-08-24 13:03:32,22,24,5988,20552
2023-08-24 13:03:35,22,25,5988,20552
2023-08-24 13:03:44,22,24,5988,20552
2023-08-24 13:03:48,22,25,5988,20552
2023-08-24 13:03:53,22,24,5988,20552
2023-08-24 13:03:54,22,25,5988,20552
2023-08-24 13:03:59,22,24,5988,20552
2023-08-24 13:04:03,22,24,6157,20721
2023-08-24 13:04:03,21,24,6188,20752
2023-08-24 13:04:04,21,23,6188,20752
2023-08-24 13:04:22,20,23,6188,20752
2023-08-24 13:04:22,20,22,6188,20752
2023-08-24 13:04:30,20,21,6188,20752
2023-08-24 13:04:31,20,22,6188,20871
2023-08-24 13:04:32,20,21,6188,20871
2023-08-24 13:04:33,20,22,6188,20871
2023-08-24 13:04:36,20,23,6188,20871
2023-08-24 13:04:37,20,22,6188,20871
2023-08-24 13:04:38,20,23,6188,20871
2023-08-24 13:05:04,20,22,6188,20871
2023-08-24 13:05:09,20,23,6188,20871
2023-08-24 13:05:11,21,23,6188,20871
2023-08-24 13:05:16,20,23,6188,20871
2023-08-24 13:05:17,21,23,6188,20871
2023-08-24 13:05:19,20,23,6188,20871
2023-08-24 13:05:21,21,23,6188,20871
2023-08-24 13:05:40,22,23,6188,20871
2023-08-24 13:05:43,21,23,6188,20871
2023-08-24 13:05:45,22,23,6188,20871
2023-08-24 13:05:49,21,23,6188,20871
2023-08-24 13:05:52,22,23,6188,20871
2023-08-24 13:05:56,22,24,6188,20871
2023-08-24 13:06:05,22,25,6188,20871
2023-08-24 13:06:14,23,25,6188,20871
2023-08-24 13:06:15,24,25,6188,20871
2023-08-24 13:06:18,23,25,6188,20871
2023-08-24 13:06:28,22,25,6188,20871
2023-08-24 13:06:32,23,25,6188,20871
2023-08-24 13:07:33,24,25,6188,20871
2023-08-24 13:07:34,23,25,6188,20871
2023-08-24 13:07:36,24,25,6188,20871
2023-08-24 13:07:40,23,25,6188,20871
2023-08-24 13:08:28,24,25,6188,20871
2023-08-24 13:08:29,23,25,6188,20871
2023-08-24 13:08:33,24,25,6188,20871
2023-08-24 13:08:36,23,25,6188,20871
2023-08-24 13:08:45,23,26,6188,20871
2023-08-24 13:08:48,24,26,6188,20871
2023-08-24 13:09:18,25,26,6188,20871
2023-08-24 13:09:26,25,27,6188,20871
2023-08-24 13:09:33,25,28,6188,20871
2023-08-24 13:09:44,26,28,6188,20871
2023-08-24 13:09:48,25,28,6188,20871
2023-08-24 13:09:48,26,28,6188,20871
2023-08-24 13:09:49,25,28,6188,20871
2023-08-24 13:10:01,25,27,6188,20871
2023-08-24 13:10:15,25,28,6188,20871
2023-08-24 13:10:23,25,27,6188,20871
2023-08-24 13:10:36,25,28,6188,20871
2023-08-24 13:10:38,26,28,6188,20871
2023-08-24 13:10:40,26,29,6188,20871
2023-08-24 13:10:42,27,29,6188,20871
2023-08-24 13:10:45,26,29,6188,20871
2023-08-24 13:10:45,27,29,6188,20871
2023-08-24 13:11:15,26,29,6188,20871
2023-08-24 13:11:23,27,29,6188,20871
2023-08-24 13:11:40,27,30,6188,20871
2023-08-24 13:11:42,28,30,6188,20871
2023-08-24 13:11:51,27,30,6188,20871
2023-08-24 13:12:09,27,29,6188,20871
2023-08-24 13:12:10,26,29,6188,20871
2023-08-24 13:12:10,27,29,6188,20871
2023-08-24 13:12:13,26,29,6188,20871
2023-08-24 13:12:17,26,28,6188,20871
2023-08-24 13:12:19,25,28,6188,20871
2023-08-24 13:13:00,25,27,6188,20871
2023-08-24 13:13:01,24,27,6188,20871
2023-08-24 13:13:27,25,27,6188,20871
2023-08-24 13:13:32,24,27,6188,20871
2023-08-24 13:13:49,24,26,6188,20871
2023-08-24 13:13:52,25,26,6188,20871
2023-08-24 13:13:58,24,26,6188,20871
2023-08-24 13:13:58,23,26,6188,20871
2023-08-24 13:14:02,23,25,6188,20871
2023-08-24 13:14:13,23,26,6188,20871
2023-08-24 13:15:08,23,25,6188,20871
2023-08-24 13:15:09,23,26,6188,20871
2023-08-24 13:15:10,23,25,6188,20871
2023-08-24 13:15:24,22,25,6188,20871
2023-08-24 13:15:24,23,25,6188,20871
2023-08-24 13:15:26,22,25,6188,20871
2023-08-24 13:15:28,23,25,6188,20871
2023-08-24 13:15:30,22,25,6188,20871
2023-08-24 13:15:31,23,25,6188,20871
2023-08-24 13:15:37,22,25,6188,20871
2023-08-24 13:15:53,22,24,6188,20871
2023-08-24 13:15:54,21,24,6188,20871
2023-08-24 13:16:08,21,23,6188,20871
2023-08-24 13:16:12,20,23,6188,20871
2023-08-24 13:16:31,21,23,6188,20871
2023-08-24 13:16:33,20,23,6188,20871
2023-08-24 13:16:33,21,23,6188,20871
2023-08-24 13:16:34,20,23,6188,20871
2023-08-24 13:16:34,21,23,6188,20871
2023-08-24 13:16:35,20,23,6188,20871
2023-08-24 13:16:35,21,23,6188,20871
2023-08-24 13:16:36,20,23,6188,20871
2023-08-24 13:16:36,21,23,6188,20871
2023-08-24 13:16:44,20,23,6188,20871
2023-08-24 13:16:46,21,23,6188,20871
2023-08-24 13:16:59,21,24,6188,20871
2023-08-24 13:17:01,21,25,6188,20871
2023-08-24 13:17:01,22,25,6188,20871
2023-08-24 13:17:03,23,25,6188,20871
2023-08-24 13:17:04,22,25,6188,20871
2023-08-24 13:17:12,22,24,6188,20871
2023-08-24 13:17:14,22,25,6188,20871
2023-08-24 13:17:19,22,24,6188,20871
2023-08-24 13:17:24,21,24,6188,20871
2023-08-24 13:17:30,21,23,6188,20871
2023-08-24 13:17:40,20,23,6188,20871
2023-08-24 13:17:41,20,22,6188,20871
2023-08-24 13:17:52,19,22,6188,20871
2023-08-24 13:17:53,19,21,6188,20871
2023-08-24 13:18:28,18,21,6188,20871
2023-08-24 13:18:31,18,20,6188,20871
2023-08-24 13:18:52,18,21,6188,20871
2023-08-24 13:18:54,19,21,6188,20871
2023-08-24 13:18:55,18,21,6188,20871
2023-08-24 13:18:56,19,21,6188,20871
2023-08-24 13:18:56,18,21,6188,20871
2023-08-24 13:18:56,19,21,6188,20871
2023-08-24 13:18:57,18,21,6188,20871
2023-08-24 13:19:00,19,21,6188,20871
2023-08-24 13:19:01,18,21,6188,20871
2023-08-24 13:19:15,19,21,6188,20871
2023-08-24 13:19:18,19,22,6188,20871
2023-08-24 13:19:22,19,21,6188,20871
2023-08-24 13:19:26,19,22,6188,20871
2023-08-24 13:19:42,19,21,6188,20871
2023-08-24 13:19:49,19,22,6188,20871
2023-08-24 13:20:00,19,21,6188,20871
2023-08-24 13:20:10,18,21,6188,20871
2023-08-24 13:20:22,19,21,6188,20871
2023-08-24 13:20:25,19,22,6188,20871
2023-08-24 13:20:40,19,21,6188,20871
2023-08-24 13:20:42,18,21,6188,20871
2023-08-24 13:20:52,18,20,6188,20871
2023-08-24 13:21:02,18,21,6188,20871
2023-08-24 13:21:17,19,21,6188,20871
2023-08-24 13:21:18,19,22,6188,20871
2023-08-24 13:21:21,20,22,6188,20871
2023-08-24 13:21:31,20,23,6188,20871
2023-08-24 13:21:55,20,22,6188,20871
2023-08-24 13:21:56,20,23,6188,20871
2023-08-24 13:22:11,20,22,6188,20871
2023-08-24 13:22:15,19,22,6188,20871
2023-08-24 13:22:17,19,21,6188,20871
2023-08-24 13:22:47,18,21,6188,20871
2023-08-24 13:23:04,19,21,6188,20871
2023-08-24 13:23:08,19,22,6188,20871
2023-08-24 13:23:35,19,21,6188,20871
2023-08-24 13:23:42,18,21,6188,20871
2023-08-24 13:23:56,19,21,6188,20871
2023-08-24 13:24:08,19,22,6188,20871
2023-08-24 13:24:13,19,23,6188,20871
2023-08-24 13:24:13,20,23,6188,20871
2023-08-24 13:24:15,20,22,6188,20871
2023-08-24 13:24:27,20,21,6188,20871
2023-08-24 13:24:27,19,21,6188,20871
2023-08-24 13:25:03,18,21,6188,20871
2023-08-24 13:25:15,18,20,6188,20871
2023-08-24 13:25:22,17,20,6188,20871
2023-08-24 13:25:24,17,19,6188,20871
2023-08-24 13:25:58,16,19,6188,20871
2023-08-24 13:26:04,16,18,6188,20871
2023-08-24 13:26:12,16,19,6188,20871
2023-08-24 13:26:14,16,18,6188,20871
2023-08-24 13:26:15,16,18,6346,21071
2023-08-24 13:26:15,15,18,6346,21071
2023-08-24 13:26:16,15,17,6346,21071
2023-08-24 13:26:18,15,17,6487,21321
2023-08-24 13:26:18,15,18,6487,21321
2023-08-24 13:26:19,15,17,6487,21321
2023-08-24 13:26:52,14,17,6487,21321
2023-08-24 13:26:52,14,16,6487,21321
2023-08-24 13:26:56,14,15,6487,21321
2023-08-24 13:26:57,14,16,6487,21521
2023-08-24 13:26:57,14,15,6487,21521
2023-08-24 13:26:58,13,15,6641,21675
2023-08-24 13:26:59,13,14,6641,21675
2023-08-24 13:27:00,13,15,6641,21675
2023-08-24 13:27:18,13,16,6641,21675
2023-08-24 13:27:21,13,15,6641,21675
2023-08-24 13:27:51,13,16,6641,21675
2023-08-24 13:28:05,13,15,6641,21675
2023-08-24 13:28:07,13,16,6641,21675
2023-08-24 13:28:10,13,15,6641,21675
2023-08-24 13:28:14,13,16,6641,21675
2023-08-24 13:28:15,13,15,6641,21675
2023-08-24 13:28:20,13,16,6641,21675
2023-08-24 13:28:32,13,15,6641,21675
2023-08-24 13:28:37,13,16,6641,21675
2023-08-24 13:28:45,13,15,6641,21675
2023-08-24 13:28:50,13,15,6691,21725
2023-08-24 13:29:14,13,16,6691,21725
2023-08-24 13:29:17,13,15,6691,21725
2023-08-24 13:29:18,13,16,6691,21725
2023-08-24 13:29:21,14,16,6691,21725
2023-08-24 13:29:26,13,16,6691,21725
2023-08-24 13:29:43,13,15,6691,21725
2023-08-24 13:29:44,13,16,6691,21725
2023-08-24 13:29:45,13,15,6691,21725
2023-08-24 13:29:48,13,16,6691,21725
2023-08-24 13:30:05,13,17,6691,21725
2023-08-24 13:30:10,13,16,6691,21725
2023-08-24 13:31:18,14,16,6691,21725
2023-08-24 13:31:26,14,17,6691,21725
2023-08-24 13:31:31,14,16,6691,21725
2023-08-24 13:31:32,14,17,6691,21725
2023-08-24 13:31:42,14,18,6691,21725
2023-08-24 13:31:42,15,18,6691,21725
2023-08-24 13:31:53,15,19,6691,21725
2023-08-24 13:31:54,16,19,6691,21725
2023-08-24 13:31:54,16,18,6691,21725
2023-08-24 13:31:57,16,19,6691,21725
2023-08-24 13:31:58,16,18,6691,21725
2023-08-24 13:31:59,16,17,6691,21725
2023-08-24 13:32:02,15,17,6691,21725
2023-08-24 13:32:03,15,19,6691,21725
2023-08-24 13:32:04,15,18,6691,21725
2023-08-24 13:32:16,16,18,6691,21725
2023-08-24 13:32:19,16,19,6691,21725
2023-08-24 13:32:22,16,18,6691,21725
2023-08-24 13:32:31,16,19,6691,21725
2023-08-24 13:32:42,15,19,6691,21725
2023-08-24 13:32:46,15,18,6691,21725
2023-08-24 13:32:58,15,19,6691,21725
2023-08-24 13:33:00,16,19,6691,21725
2023-08-24 13:33:05,16,20,6691,21725
2023-08-24 13:33:05,17,20,6691,21725
2023-08-24 13:33:16,17,19,6691,21725
2023-08-24 13:33:22,16,19,6691,21725
2023-08-24 13:34:01,16,18,6691,21725
2023-08-24 13:34:13,15,18,6691,21725
2023-08-24 13:34:19,14,18,6691,21725
2023-08-24 13:34:20,14,17,6691,21725
2023-08-24 13:34:31,14,16,6691,21725
2023-08-24 13:34:31,13,16,6691,21725
2023-08-24 13:34:58,13,15,6691,21725
2023-08-24 13:35:12,13,16,6691,21725
2023-08-24 13:35:43,13,17,6691,21725
2023-08-24 13:35:44,14,17,6691,21725
2023-08-24 13:35:52,14,16,6691,21725
2023-08-24 13:35:53,14,17,6691,21725
2023-08-24 13:35:54,14,16,6691,21725
2023-08-24 13:36:20,14,17,6691,21725
2023-08-24 13:36:21,14,18,6691,21725
2023-08-24 13:36:26,14,17,6691,21725
2023-08-24 13:36:39,14,16,6691,21725
2023-08-24 13:36:39,13,16,6691,21725
2023-08-24 13:36:59,13,17,6691,21725
2023-08-24 13:37:01,13,16,6691,21725
2023-08-24 13:37:03,13,17,6691,21725
2023-08-24 13:37:16,14,17,6691,21725
2023-08-24 13:37:37,16,17,6691,21725
2023-08-24 13:37:38,16,18,6691,21725
2023-08-24 13:37:40,16,17,6691,21725
2023-08-24 13:38:14,16,18,6691,21725
2023-08-24 13:38:17,16,17,6691,21725
2023-08-24 13:38:36,16,18,6691,21725
2023-08-24 13:38:50,16,17,6691,21725
2023-08-24 13:38:53,15,17,6791,21825
2023-08-24 13:38:53,14,17,6791,21825
2023-08-24 13:38:56,14,16,6791,21825
2023-08-24 13:39:09,14,17,6791,21825
2023-08-24 13:39:12,15,17,6791,21825
2023-08-24 13:39:14,15,18,6791,21825
2023-08-24 13:39:15,16,18,6791,21825
2023-08-24 13:39:32,17,18,6791,21825
2023-08-24 13:39:43,17,20,6803,21837
2023-08-24 13:40:02,17,21,6803,21837
2023-08-24 13:40:02,18,21,6803,21837
2023-08-24 13:40:07,18,20,6803,21837
2023-08-24 13:40:09,18,21,6803,21837
2023-08-24 13:40:13,18,20,6803,21837
2023-08-24 13:40:14,18,21,6803,21837
2023-08-24 13:40:18,18,20,6803,21837
2023-08-24 13:40:22,18,21,6803,21837
2023-08-24 13:40:27,18,20,6803,21837
2023-08-24 13:40:36,17,20,6803,21837
2023-08-24 13:40:38,17,19,6803,21837
2023-08-24 13:40:39,17,20,6803,21837
2023-08-24 13:40:45,17,19,6803,21837
2023-08-24 13:40:48,16,19,6803,21837
2023-08-24 13:40:54,16,20,6803,21837
2023-08-24 13:40:54,17,20,6803,21837
2023-08-24 13:41:04,17,19,6803,21837
2023-08-24 13:41:05,17,20,6803,21837
2023-08-24 13:41:11,17,19,6803,21837
2023-08-24 13:41:13,16,19,6803,21837
2023-08-24 13:41:21,17,19,6803,21837
2023-08-24 13:41:21,17,20,6803,21837
2023-08-24 13:41:38,17,19,6803,21837
2023-08-24 13:41:48,17,20,6803,21837
2023-08-24 13:41:59,18,20,6803,21837
2023-08-24 13:42:03,18,21,6803,21837
2023-08-24 13:42:08,18,20,6803,21837
2023-08-24 13:42:17,18,19,6803,21837
2023-08-24 13:42:17,17,19,6803,21837
2023-08-24 13:42:29,16,19,6803,21837
2023-08-24 13:42:39,17,19,6803,21837
2023-08-24 13:43:38,17,20,6803,21837
2023-08-24 13:44:02,16,20,6803,21837
2023-08-24 13:44:03,16,19,6803,21837
2023-08-24 13:44:06,16,18,6803,21837
2023-08-24 13:44:10,16,19,6803,21837
2023-08-24 13:44:12,16,18,6803,21837
2023-08-24 13:44:24,15,18,6803,21837
2023-08-24 13:44:32,15,17,6803,21837
2023-08-24 13:44:32,14,17,6803,21837
2023-08-24 13:44:32,15,17,6803,21837
2023-08-24 13:44:41,15,16,6803,21837
2023-08-24 13:44:41,14,16,6803,21837
2023-08-24 13:44:42,14,17,6803,21837
2023-08-24 13:44:52,14,16,6803,21837
2023-08-24 13:44:53,14,17,6803,21837
2023-08-24 13:44:54,14,16,6803,21837
2023-08-24 13:45:00,14,17,6803,21837
2023-08-24 13:45:07,14,18,6803,21837
2023-08-24 13:45:07,15,18,6803,21837
2023-08-24 13:45:21,16,18,6803,21837
2023-08-24 13:45:23,16,19,6803,21837
2023-08-24 13:45:23,16,18,6803,21837
2023-08-24 13:45:25,16,19,6803,21837
2023-08-24 13:45:34,16,18,6803,21837
2023-08-24 13:45:38,16,19,6803,21837
2023-08-24 13:45:54,16,20,6803,21837
2023-08-24 13:45:58,17,20,6803,21837
2023-08-24 13:46:11,17,19,6803,21837
2023-08-24 13:46:16,16,19,6803,21837
2023-08-24 13:46:53,17,19,6803,21837
2023-08-24 13:46:55,17,20,6803,21837
2023-08-24 13:47:04,17,19,6803,21837
2023-08-24 13:47:14,17,20,6803,21837
2023-08-24 13:47:16,17,19,6803,21837
2023-08-24 13:47:34,17,20,6803,21837
2023-08-24 13:47:37,18,20,6803,21837
2023-08-24 13:47:56,18,21,6803,21837
2023-08-24 13:48:27,18,20,6803,21837
2023-08-24 13:48:37,17,20,6803,21837
2023-08-24 13:48:56,16,20,6803,21837
2023-08-24 13:48:57,16,19,6803,21837
2023-08-24 13:49:06,16,20,6803,21837
2023-08-24 13:49:07,17,20,6803,21837
2023-08-24 13:49:37,17,19,6803,21837
2023-08-24 13:49:39,16,19,6803,21837
2023-08-24 13:49:47,16,18,6803,21837
2023-08-24 13:49:55,15,18,6803,21837
2023-08-24 13:50:09,15,17,6803,21837
2023-08-24 13:50:09,14,17,6803,21837
2023-08-24 13:50:09,15,17,6803,21837
2023-08-24 13:50:10,14,17,6803,21837
2023-08-24 13:50:10,14,16,6803,21837
2023-08-24 13:50:11,14,17,6898,21932
2023-08-24 13:50:12,14,16,6898,21932
2023-08-24 13:50:14,13,16,6898,21932
2023-08-24 13:50:19,13,15,6898,21932
2023-08-24 13:50:19,13,16,6994,22028
2023-08-24 13:50:30,13,15,6994,22028
2023-08-24 13:50:34,13,16,6994,22028
2023-08-24 13:50:57,13,15,6994,22028
2023-08-24 13:51:08,13,16,6994,22028
2023-08-24 13:51:12,13,15,6994,22028
2023-08-24 13:51:19,13,16,6994,22028
2023-08-24 13:51:24,13,17,6994,22028
2023-08-24 13:51:24,14,17,6994,22028
2023-08-24 13:51:40,14,16,6994,22028
2023-08-24 13:52:17,13,16,6994,22028
2023-08-24 13:52:46,14,16,6994,22028
2023-08-24 13:53:03,13,16,6994,22028
2023-08-24 13:53:42,14,16,6994,22028
2023-08-24 13:53:44,14,17,6994,22028
2023-08-24 13:53:46,14,16,6994,22028
2023-08-24 13:53:48,14,17,6994,22028
2023-08-24 13:53:54,14,16,6994,22028
2023-08-24 13:53:56,14,17,6994,22028
2023-08-24 13:54:05,14,16,6994,22028
2023-08-24 13:54:07,13,16,6994,22028
2023-08-24 13:55:00,13,15,6994,22028
2023-08-24 13:55:08,13,16,6994,22028
2023-08-24 13:55:13,13,15,6994,22028
2023-08-24 13:55:27,13,16,6994,22028
2023-08-24 13:56:13,13,15,6994,22028
2023-08-24 13:56:18,13,16,6994,22028
2023-08-24 13:56:35,13,15,6994,22028
2023-08-24 13:56:53,13,16,6994,22028
2023-08-24 13:57:10,13,15,6994,22028
2023-08-24 13:57:11,13,16,6994,22028
2023-08-24 13:58:00,13,15,6994,22028
2023-08-24 13:58:09,12,15,6994,22028
2023-08-24 13:58:11,12,14,6994,22028
2023-08-24 13:58:18,11,14,7194,22228
2023-08-24 13:58:19,11,13,7194,22228
2023-08-24 13:58:31,11,14,7194,22228
2023-08-24 13:58:32,12,14,7194,22228
2023-08-24 13:58:35,11,14,7194,22228
2023-08-24 13:58:51,11,13,7194,22228
2023-08-24 13:59:00,11,14,7194,22228
2023-08-24 13:59:16,11,13,7194,22228
2023-08-24 13:59:22,11,14,7194,22228
2023-08-24 13:59:48,12,14,7194,22228
2023-08-24 13:59:50,12,15,7194,22228
2023-08-24 13:59:58,13,15,7194,22228
2023-08-24 14:00:01,13,16,7194,22228
2023-08-24 14:00:02,14,16,7194,22228
2023-08-24 14:00:03,14,17,7194,22228
2023-08-24 14:00:04,15,17,7194,22228
2023-08-24 14:00:09,15,18,7194,22228
2023-08-24 14:00:22,15,18,7195,22229
2023-08-24 14:00:23,16,18,7195,22229
2023-08-24 14:00:26,16,17,7195,22229
2023-08-24 14:00:30,16,18,7195,22229
2023-08-24 14:00:39,16,18,7196,22230
2023-08-24 14:00:46,16,17,7196,22230
2023-08-24 14:00:47,16,18,7196,22232
2023-08-24 14:00:57,15,18,7196,22232
2023-08-24 14:00:57,16,18,7196,22232
2023-08-24 14:01:07,16,19,7196,22232
2023-08-24 14:01:07,17,19,7196,22232
2023-08-24 14:01:08,18,19,7196,22232
2023-08-24 14:01:09,17,19,7196,22232
2023-08-24 14:01:09,18,19,7196,22232
2023-08-24 14:01:10,17,19,7196,22232
2023-08-24 14:01:10,18,19,7196,22232
2023-08-24 14:01:14,18,20,7196,22232
2023-08-24 14:01:33,19,20,7196,22232
2023-08-24 14:01:37,19,21,7196,22332
2023-08-24 14:01:46,19,20,7196,22332
2023-08-24 14:01:46,18,20,7196,22332
2023-08-24 14:01:46,18,21,7196,22532
2023-08-24 14:01:58,18,20,7196,22532
2023-08-24 14:02:02,17,20,7196,22532
2023-08-24 14:02:18,18,20,7196,22532
2023-08-24 14:02:19,18,21,7196,22532
2023-08-24 14:03:52,19,21,7196,22532
2023-08-24 14:04:47,19,20,7196,22532
2023-08-24 14:04:47,18,20,7196,22532
2023-08-24 14:04:51,17,20,7196,22532
2023-08-24 14:04:55,17,19,7196,22532
2023-08-24 14:04:56,16,19,7196,22532
2023-08-24 14:05:11,17,19,7196,22532
2023-08-24 14:05:18,17,20,7196,22532
2023-08-24 14:05:29,17,19,7196,22532
2023-08-24 14:05:38,16,19,7196,22532
2023-08-24 14:05:49,16,20,7196,22532
2023-08-24 14:05:49,17,20,7196,22532
2023-08-24 14:06:15,17,21,7196,22532
2023-08-24 14:06:15,18,21,7196,22532
2023-08-24 14:06:26,18,20,7196,22532
2023-08-24 14:06:30,17,20,7196,22532
2023-08-24 14:06:43,17,19,7196,22532
2023-08-24 14:06:43,16,19,7196,22532
2023-08-24 14:06:44,16,18,7196,22532
2023-08-24 14:06:45,15,18,7196,22532
2023-08-24 14:06:57,14,18,7196,22532
2023-08-24 14:07:02,15,18,7196,22532
2023-08-24 14:07:44,15,19,7196,22532
2023-08-24 14:07:47,16,19,7196,22532
2023-08-24 14:08:01,16,20,7196,22532
2023-08-24 14:08:02,16,19,7196,22532
2023-08-24 14:08:14,16,20,7196,22532
2023-08-24 14:08:17,17,20,7196,22532
2023-08-24 14:08:47,18,20,7196,22532
2023-08-24 14:08:49,18,21,7196,22532
2023-08-24 14:09:16,18,20,7196,22532
2023-08-24 14:09:32,17,20,7196,22532
2023-08-24 14:10:16,18,20,7196,22532
2023-08-24 14:10:30,18,21,7196,22532
2023-08-24 14:10:40,18,20,7196,22532
2023-08-24 14:10:43,18,21,7196,22532
2023-08-24 14:10:47,19,21,7196,22532
2023-08-24 14:11:00,19,20,7196,22532
2023-08-24 14:11:00,18,20,7196,22532
2023-08-24 14:11:02,18,21,7196,22532
2023-08-24 14:11:04,18,20,7196,22532
2023-08-24 14:11:05,18,21,7196,22532
2023-08-24 14:11:10,18,20,7196,22532
2023-08-24 14:11:11,18,21,7196,22532
2023-08-24 14:11:22,18,20,7196,22532
2023-08-24 14:11:34,18,21,7196,22532
2023-08-24 14:11:35,18,20,7196,22532
2023-08-24 14:11:36,18,21,7196,22532
2023-08-24 14:11:41,18,20,7196,22532
2023-08-24 14:11:42,18,21,7196,22532
2023-08-24 14:11:44,18,20,7196,22532
2023-08-24 14:11:45,17,20,7196,22532
2023-08-24 14:12:01,17,21,7196,22532
2023-08-24 14:12:02,17,20,7196,22532
2023-08-24 14:12:12,17,19,7196,22532
2023-08-24 14:12:12,16,19,7196,22532
2023-08-24 14:12:16,16,20,7196,22532
2023-08-24 14:12:16,17,20,7196,22532
2023-08-24 14:12:20,17,19,7196,22532
2023-08-24 14:12:20,16,19,7196,22532
2023-08-24 14:12:25,16,20,7196,22532
2023-08-24 14:12:29,17,20,7196,22532
2023-08-24 14:12:40,17,21,7196,22532
2023-08-24 14:12:42,18,21,7196,22532
2023-08-24 14:12:45,19,21,7196,22532
2023-08-24 14:12:46,20,21,7196,22532
2023-08-24 14:12:53,20,22,7196,22532
2023-08-24 14:13:17,20,23,7196,22532
2023-08-24 14:13:17,21,23,7196,22532
2023-08-24 14:13:54,21,25,7196,22532
2023-08-24 14:13:54,22,25,7196,22532
2023-08-24 14:13:54,23,25,7196,22532
2023-08-24 14:14:19,22,25,7196,22532
2023-08-24 14:14:49,22,24,7196,22532
2023-08-24 14:14:51,22,25,7196,22532
2023-08-24 14:15:04,22,24,7196,22532
2023-08-24 14:15:05,22,25,7196,22532
2023-08-24 14:15:07,22,24,7196,22532
2023-08-24 14:15:07,21,24,7196,22532
2023-08-24 14:15:10,21,23,7196,22532
2023-08-24 14:15:11,21,24,7196,22532
2023-08-24 14:15:25,21,23,7196,22532
2023-08-24 14:15:25,20,23,7196,22532
2023-08-24 14:15:26,20,22,7196,22532
2023-08-24 14:15:26,19,22,7196,22532
2023-08-24 14:15:26,20,22,7196,22532
2023-08-24 14:15:34,20,21,7196,22532
2023-08-24 14:15:34,18,21,7196,22532
2023-08-24 14:15:34,19,21,7196,22532
2023-08-24 14:15:40,19,20,7196,22532
2023-08-24 14:15:48,19,22,7196,22532
2023-08-24 14:16:04,19,21,7196,22532
2023-08-24 14:16:04,18,21,7196,22532
2023-08-24 14:16:20,18,20,7196,22532
2023-08-24 14:16:21,18,19,7196,22532
2023-08-24 14:16:21,17,19,7196,22532
2023-08-24 14:16:21,18,19,7196,22532
2023-08-24 14:16:22,17,19,7196,22732
2023-08-24 14:16:27,17,19,7196,22932
2023-08-24 14:16:28,17,19,7196,23132
2023-08-24 14:16:30,17,19,7196,23332
2023-08-24 14:16:30,16,19,7196,23332
2023-08-24 14:16:39,16,18,7196,23332
2023-08-24 14:16:42,15,18,7196,23332
2023-08-24 14:16:43,16,18,7196,23332
2023-08-24 14:16:44,15,18,7291,23532
2023-08-24 14:16:47,15,17,7291,23532
2023-08-24 14:16:47,14,17,7291,23532
2023-08-24 14:16:52,14,18,7291,23532
2023-08-24 14:17:01,14,17,7291,23532
2023-08-24 14:17:03,14,18,7291,23532
2023-08-24 14:17:05,14,17,7291,23532
2023-08-24 14:17:06,14,18,7291,23532
2023-08-24 14:17:12,14,17,7291,23532
2023-08-24 14:17:13,14,18,7291,23532
2023-08-24 14:17:15,14,17,7291,23532
2023-08-24 14:17:22,14,18,7291,23532
2023-08-24 14:17:29,15,18,7291,23532
2023-08-24 14:17:29,14,15,7691,23932
2023-08-24 14:17:34,14,15,7941,24182
2023-08-24 14:17:35,14,15,8191,24432
2023-08-24 14:17:37,14,15,8441,24682
2023-08-24 14:18:03,13,15,8441,24682
2023-08-24 14:18:05,13,14,8441,24682
2023-08-24 14:18:05,12,14,8441,24682
2023-08-24 14:18:23,12,15,8441,24682
2023-08-24 14:18:23,12,13,8441,24682
2023-08-24 14:18:40,12,13,8566,24807
2023-08-24 14:19:27,11,13,8566,24807
2023-08-24 14:19:27,11,14,8566,24807
2023-08-24 14:19:27,11,12,8566,24807
2023-08-24 14:20:47,11,14,8566,24807
2023-08-24 14:20:47,11,13,8566,24807
2023-08-24 14:20:56,12,13,8566,24807
2023-08-24 14:21:05,12,15,8566,24807
2023-08-24 14:21:05,12,14,8566,24807
2023-08-24 14:21:06,13,14,8566,24807
2023-08-24 14:21:12,13,15,8566,24807
2023-08-24 14:22:05,14,15,8566,24807
2023-08-24 14:22:27,12,15,8566,24807
2023-08-24 14:22:27,13,15,8566,24807
2023-08-24 14:22:30,13,14,8566,24807
2023-08-24 14:22:33,12,14,8566,24807
2023-08-24 14:22:41,12,15,8566,24807
2023-08-24 14:22:41,12,13,8566,24807
2023-08-24 14:22:41,11,13,8566,24807
2023-08-24 14:22:41,12,13,8566,24807
2023-08-24 14:22:59,11,13,8566,24807
2023-08-24 14:22:59,12,13,8566,24807
2023-08-24 14:23:00,12,15,8566,24807
2023-08-24 14:23:00,12,14,8566,24807
2023-08-24 14:23:34,12,15,8566,24807
2023-08-24 14:23:34,12,13,8566,24807
2023-08-24 14:23:34,11,13,8566,24807
2023-08-24 14:23:34,12,13,8566,24807
2023-08-24 14:24:15,11,13,8566,24807
2023-08-24 14:24:15,12,13,8566,24807
2023-08-24 14:24:16,12,15,8566,24807
2023-08-24 14:24:16,12,14,8566,24807
2023-08-24 14:24:21,13,14,8566,24807
2023-08-24 14:24:25,13,15,8566,24807
2023-08-24 14:24:26,12,15,8566,24807
2023-08-24 14:24:26,13,15,8566,24807
2023-08-24 14:25:04,13,14,8566,24807
2023-08-24 14:25:07,12,14,8566,24807
2023-08-24 14:25:23,12,15,8566,24807
2023-08-24 14:25:23,12,13,8566,24807
2023-08-24 14:25:38,12,13,8566,25057
2023-08-24 14:25:45,11,13,8566,25057
2023-08-24 14:25:46,11,14,8566,25057
2023-08-24 14:25:46,11,12,8566,25057
2023-08-24 14:25:46,11,14,8566,25207
2023-08-24 14:25:55,11,13,8566,25207
2023-08-24 14:25:57,11,14,8566,25207
2023-08-24 14:26:05,11,13,8566,25207
2023-08-24 14:26:16,11,12,8566,25207
2023-08-24 14:26:16,11,12,8626,25267
2023-08-24 14:26:18,11,12,8722,25363
2023-08-24 14:26:18,11,12,8766,25407
2023-08-24 14:26:19,10,12,8806,25447
2023-08-24 14:26:20,10,12,8846,25487
2023-08-24 14:26:21,10,12,8886,25527
2023-08-24 14:26:32,10,12,8887,25528
2023-08-24 14:26:32,10,12,8888,25529
2023-08-24 14:26:49,10,12,8889,25530
2023-08-24 14:26:52,9,12,8889,25530
2023-08-24 14:26:58,9,11,8889,25530
2023-08-24 14:26:59,8,11,8889,25530
2023-08-24 14:26:59,8,10,8889,25530
2023-08-24 14:27:06,8,10,8890,25531
2023-08-24 14:27:19,8,10,8950,25591
2023-08-24 14:27:23,8,10,8951,25592
2023-08-24 14:27:35,8,11,8951,25592
2023-08-24 14:28:18,9,11,8951,25592
2023-08-24 14:29:16,8,11,8951,25592
2023-08-24 14:29:46,8,10,8951,25592
2023-08-24 14:30:10,9,10,8951,25592
2023-08-24 14:30:25,9,10,8951,25692
2023-08-24 14:30:34,9,10,9201,25942
2023-08-24 14:30:35,9,10,9451,26192
2023-08-24 14:30:35,9,12,9701,26442
2023-08-24 14:30:42,10,12,9701,26442
2023-08-24 14:30:52,10,13,9701,26442
2023-08-24 14:30:57,10,14,9701,26442
2023-08-24 14:30:57,11,14,9701,26442
2023-08-24 14:30:58,10,14,9701,26442
2023-08-24 14:30:59,11,14,9701,26442
2023-08-24 14:31:00,10,14,9701,26442
2023-08-24 14:31:04,10,13,9701,26442
2023-08-24 14:31:49,10,14,9701,26442
2023-08-24 14:31:53,11,14,9701,26442
2023-08-24 14:31:54,10,14,9701,26442
2023-08-24 14:31:54,11,14,9701,26442
2023-08-24 14:32:10,11,13,9701,26442
2023-08-24 14:32:17,11,14,9701,26442
2023-08-24 14:32:23,11,13,9701,26442
2023-08-24 14:32:25,11,14,9701,26442
2023-08-24 14:32:29,11,13,9701,26442
2023-08-24 14:32:34,10,13,9701,26442
2023-08-24 14:32:48,10,12,9701,26442
2023-08-24 14:32:58,9,12,9701,26442
2023-08-24 14:33:06,10,12,9701,26442
2023-08-24 14:33:09,10,13,9701,26442
2023-08-24 14:33:35,10,12,9701,26442
2023-08-24 14:34:13,10,13,9701,26442
2023-08-24 14:35:00,10,12,9701,26442
2023-08-24 14:35:12,10,13,9701,26442
2023-08-24 14:35:40,10,12,9701,26442
2023-08-24 14:35:46,9,12,9701,26442
2023-08-24 14:35:56,9,11,9701,26442
2023-08-24 14:35:58,9,12,9701,26442
2023-08-24 14:35:59,9,11,9701,26442
2023-08-24 14:36:09,8,11,9701,26442
2023-08-24 14:36:13,8,10,9701,26442
2023-08-24 14:36:21,8,9,9701,26442
2023-08-24 14:36:24,8,9,9864,26605
2023-08-24 14:36:24,7,8,9889,26630
2023-08-24 14:36:45,6,8,9889,26630
2023-08-24 14:36:55,6,7,9889,26630
2023-08-24 14:36:55,6,7,10069,26810
2023-08-24 14:36:55,6,7,10129,26870
2023-08-24 14:36:55,5,6,10133,26874
2023-08-24 14:40:25,4,6,10133,26874
2023-08-24 14:40:46,4,5,10133,26874
2023-08-24 14:41:03,4,6,10133,26874
2023-08-24 14:41:17,4,6,10133,27024
2023-08-24 14:41:19,4,5,10133,27024
2023-08-24 14:41:31,3,4,10233,27124
2023-08-24 14:42:15,3,5,10233,27124
2023-08-24 14:42:50,3,4,10233,27124
2023-08-24 14:43:45,2,3,10933,27824
2023-08-24 14:45:57,2,4,10933,27824
2023-08-24 14:46:45,2,5,10933,27824
2023-08-24 14:47:01,2,4,10933,27824
2023-08-24 14:47:06,3,4,10933,27824
2023-08-24 14:47:07,2,4,10933,27824
2023-08-24 14:47:08,3,4,10933,27824
2023-08-24 14:47:09,2,4,10933,27824
2023-08-24 14:47:10,3,4,10933,27824
2023-08-24 14:47:11,2,4,10933,27824
2023-08-24 14:47:12,3,4,10933,27824
2023-08-24 14:47:13,2,4,10933,27824
2023-08-24 14:48:50,2,4,11023,27914
2023-08-24 14:48:58,2,3,11023,27914
2023-08-24 14:50:35,2,4,11023,27914
2023-08-24 14:50:56,2,3,11023,27914
2023-08-24 14:51:14,2,4,11023,27914
2023-08-24 14:51:16,2,3,11023,27914
2023-08-24 14:51:20,2,4,11023,27914
2023-08-24 14:51:27,2,3,11023,27914
2023-08-24 14:51:35,3,4,11023,28114
2023-08-24 14:51:36,3,4,11373,28464
2023-08-24 14:51:36,3,4,11723,28814
2023-08-24 14:51:36,2,4,11823,28914
2023-08-24 14:53:20,2,3,11823,28914
2023-08-24 14:53:36,1,3,11823,28914
2023-08-24 14:55:10,1,2,11823,28914
2023-08-24 14:55:17,1,2,11943,29034
2023-08-24 14:55:54,1,3,11943,29034
2023-08-24 14:55:59,2,3,11943,29034
2023-08-24 14:56:29,2,4,11943,29034
2023-08-24 14:56:30,2,3,11943,29034
2023-08-24 14:56:32,2,4,11943,29034
2023-08-24 14:56:59,2,3,11943,29034
2023-08-24 14:57:13,2,4,11943,29034
2023-08-24 14:57:54,3,4,11943,29034
2023-08-24 14:57:56,3,4,11943,29384
2023-08-24 14:57:56,3,4,11943,29504
2023-08-24 14:57:56,2,4,11943,29834
2023-08-24 14:58:08,2,5,11943,29834
2023-08-24 14:58:09,2,4,11943,29834
2023-08-24 14:58:10,2,5,11943,29834
2023-08-24 14:58:14,2,4,11943,29834
2023-08-24 14:59:48,2,3,11943,29834
2023-08-24 15:02:12,1,3,11943,29834
2023-08-24 15:03:36,1,2,11943,29834
2023-08-24 15:05:07,1,3,11943,29834
2023-08-24 15:05:19,1,2,11943,29834
2023-08-24 15:05:27,1,3,11943,29834
2023-08-24 15:05:43,1,2,11943,29834
2023-08-24 15:05:45,1,3,11943,29834
2023-08-24 15:05:49,1,2,11943,29834
2023-08-24 15:05:50,1,3,11943,29834
2023-08-24 15:06:04,1,2,11943,29834
2023-08-24 15:06:08,1,3,11943,29834
2023-08-24 15:06:13,1,2,11943,29834
2023-08-24 15:09:52,1,2,11943,30034
2023-08-24 15:10:04,1,2,11943,30234
2023-08-24 15:10:06,1,2,11943,30434
2023-08-24 15:11:08,1,2,11918,30459
2023-08-24 15:19:27,1,2,12018,30559
2023-08-24 15:24:24,0,2,12018,30559
2023-08-24 15:47:59,0,1,12018,30559
