datetime,bid,ask,open_interest,volume
2023-05-11 09:31:04,62,69,954,1055
2023-05-11 09:31:04,62,68,954,1055
2023-05-11 09:31:04,62,67,954,1055
2023-05-11 09:31:04,63,66,954,1055
2023-05-11 09:31:04,64,66,954,1055
2023-05-11 09:31:18,64,67,954,1055
2023-05-11 09:31:18,64,66,954,1055
2023-05-11 09:31:20,63,66,1154,1255
2023-05-11 09:31:53,63,66,1354,1455
2023-05-11 09:32:08,62,66,1354,1455
2023-05-11 09:32:08,63,66,1354,1455
2023-05-11 09:32:11,63,66,1554,1655
2023-05-11 09:32:11,63,65,1554,1655
2023-05-11 09:32:12,62,65,1554,1655
2023-05-11 09:32:15,62,65,1554,1655
2023-05-11 09:32:25,62,64,1554,1655
2023-05-11 09:34:40,62,64,1554,1842
2023-05-11 09:34:45,61,64,1554,1842
2023-05-11 09:35:11,61,63,1554,1842
2023-05-11 09:35:23,61,62,1554,1842
2023-05-11 09:35:32,61,63,1554,1842
2023-05-11 09:36:18,61,64,1554,1842
2023-05-11 09:36:34,61,63,1554,1842
2023-05-11 09:36:41,61,64,1554,1842
2023-05-11 09:36:42,61,63,1554,1842
2023-05-11 09:36:44,61,64,1554,1842
2023-05-11 09:36:46,61,63,1554,1842
2023-05-11 09:36:48,61,64,1554,1842
2023-05-11 09:37:01,62,64,1554,1842
2023-05-11 09:37:32,63,64,1554,1842
2023-05-11 09:37:53,63,65,1554,1842
2023-05-11 09:38:08,62,65,1554,1842
2023-05-11 09:38:17,62,64,1554,1842
2023-05-11 09:38:23,62,65,1554,1842
2023-05-11 09:39:07,63,65,1554,1842
2023-05-11 09:40:13,62,65,1554,1842
2023-05-11 09:40:18,63,65,1554,1842
2023-05-11 09:40:59,63,66,1554,1842
2023-05-11 09:41:18,63,65,1554,1842
2023-05-11 09:41:22,63,65,1554,1872
2023-05-11 09:41:23,63,66,1554,1872
2023-05-11 09:41:37,64,66,1554,1872
2023-05-11 09:42:22,65,66,1554,1872
2023-05-11 09:43:08,65,67,1554,1872
2023-05-11 09:44:04,65,67,1354,2072
2023-05-11 09:44:28,66,67,1354,2072
2023-05-11 09:47:45,65,67,1354,2072
2023-05-11 09:48:05,65,67,1354,2272
2023-05-11 09:48:05,65,66,1354,2272
2023-05-11 09:48:05,64,66,1354,2272
2023-05-11 09:48:17,64,65,1354,2272
2023-05-11 09:48:18,64,66,1354,2272
2023-05-11 09:48:19,64,65,1354,2272
2023-05-11 09:48:23,64,66,1354,2272
2023-05-11 09:48:24,64,65,1354,2272
2023-05-11 09:48:40,63,65,1354,2272
2023-05-11 09:49:08,63,64,1354,2272
2023-05-11 09:49:08,62,64,1354,2272
2023-05-11 09:49:30,62,63,1354,2272
2023-05-11 09:49:33,61,63,1354,2272
2023-05-11 09:50:01,61,62,1354,2272
2023-05-11 09:50:01,60,62,1354,2272
2023-05-11 09:50:07,61,62,1354,2272
2023-05-11 09:50:17,59,62,1354,2272
2023-05-11 09:50:17,60,62,1354,2272
2023-05-11 09:50:26,60,61,1354,2272
2023-05-11 09:50:44,58,61,1354,2272
2023-05-11 09:50:50,59,61,1354,2272
2023-05-11 09:51:06,59,62,1354,2272
2023-05-11 09:51:06,61,62,1354,2272
2023-05-11 09:51:06,59,62,1354,2272
2023-05-11 09:51:07,61,62,1354,2272
2023-05-11 09:51:08,61,63,1354,2272
2023-05-11 09:51:33,60,63,1354,2272
2023-05-11 09:51:33,62,63,1354,2272
2023-05-11 09:51:35,62,64,1354,2272
2023-05-11 09:51:50,62,65,1354,2272
2023-05-11 09:51:51,64,65,1354,2272
2023-05-11 09:52:20,62,65,1354,2272
2023-05-11 09:52:23,64,65,1354,2272
2023-05-11 09:52:31,64,65,1154,2472
2023-05-11 09:52:35,64,65,1067,2672
2023-05-11 09:52:39,62,65,1067,2672
2023-05-11 09:52:39,63,65,1067,2672
2023-05-11 09:52:41,63,65,1110,2872
2023-05-11 09:52:42,63,64,1310,3072
2023-05-11 09:52:43,61,64,1510,3272
2023-05-11 09:52:53,61,63,1510,3272
2023-05-11 09:53:04,60,63,1510,3272
2023-05-11 09:53:04,61,63,1510,3272
2023-05-11 09:53:06,60,63,1510,3272
2023-05-11 09:53:10,60,62,1510,3272
2023-05-11 09:53:23,60,63,1510,3272
2023-05-11 09:53:34,61,63,1510,3272
2023-05-11 09:53:38,60,63,1510,3272
2023-05-11 09:54:00,61,63,1510,3272
2023-05-11 09:54:04,61,64,1510,3272
2023-05-11 09:54:12,62,64,1510,3272
2023-05-11 09:54:20,61,64,1510,3272
2023-05-11 09:54:35,61,63,1510,3272
2023-05-11 09:54:35,60,63,1510,3272
2023-05-11 09:55:08,61,63,1510,3272
2023-05-11 09:55:18,60,63,1510,3272
2023-05-11 09:55:30,61,63,1510,3272
2023-05-11 09:55:31,61,64,1510,3272
2023-05-11 09:55:49,61,63,1510,3272
2023-05-11 09:55:52,60,63,1510,3272
2023-05-11 09:56:33,60,61,1510,3272
2023-05-11 09:56:47,60,63,1667,3472
2023-05-11 09:56:51,61,63,1667,3472
2023-05-11 09:56:58,61,64,1667,3472
2023-05-11 09:57:09,62,64,1667,3472
2023-05-11 09:57:11,62,65,1667,3472
2023-05-11 09:57:11,62,64,1667,3472
2023-05-11 09:57:20,62,65,1667,3472
2023-05-11 09:57:27,63,65,1667,3472
2023-05-11 09:57:34,62,65,1667,3472
2023-05-11 09:57:37,62,64,1667,3472
2023-05-11 09:57:44,62,63,1667,3472
2023-05-11 09:57:45,60,63,1667,3472
2023-05-11 09:57:45,60,64,1667,3472
2023-05-11 09:57:48,61,63,1667,3472
2023-05-11 09:58:19,60,63,1667,3472
2023-05-11 09:58:19,61,63,1667,3472
2023-05-11 09:58:40,61,63,1667,3497
2023-05-11 09:58:41,61,64,1667,3497
2023-05-11 09:58:42,61,63,1667,3497
2023-05-11 09:58:46,60,63,1667,3497
2023-05-11 09:58:46,61,63,1667,3497
2023-05-11 09:58:50,61,64,1667,3497
2023-05-11 09:58:51,61,63,1667,3497
2023-05-11 09:59:21,60,63,1667,3497
2023-05-11 09:59:22,61,63,1667,3497
2023-05-11 09:59:28,61,62,1667,3497
2023-05-11 09:59:52,60,62,1667,3522
2023-05-11 09:59:54,61,62,1667,3522
2023-05-11 09:59:55,61,63,1667,3522
2023-05-11 09:59:56,61,62,1667,3522
2023-05-11 09:59:59,61,63,1667,3522
2023-05-11 10:00:17,61,62,1667,3522
2023-05-11 10:00:20,60,62,1667,3522
2023-05-11 10:00:20,60,63,1667,3522
2023-05-11 10:00:22,60,62,1667,3522
2023-05-11 10:00:24,60,63,1667,3522
2023-05-11 10:00:35,61,63,1667,3522
2023-05-11 10:00:43,61,62,1667,3522
2023-05-11 10:00:46,61,63,1667,3522
2023-05-11 10:01:22,61,64,1667,3522
2023-05-11 10:01:25,62,64,1667,3522
2023-05-11 10:01:40,62,65,1667,3522
2023-05-11 10:01:44,62,64,1667,3522
2023-05-11 10:01:58,62,63,1667,3522
2023-05-11 10:02:01,62,64,1667,3522
2023-05-11 10:02:05,63,64,1667,3522
2023-05-11 10:02:11,62,63,1667,3622
2023-05-11 10:02:13,62,64,1667,3622
2023-05-11 10:02:15,62,63,1667,3622
2023-05-11 10:02:20,60,63,1667,3622
2023-05-11 10:02:25,60,64,1667,3622
2023-05-11 10:02:28,60,63,1667,3622
2023-05-11 10:02:30,60,64,1667,3622
2023-05-11 10:02:31,60,63,1667,3622
2023-05-11 10:02:33,60,64,1667,3622
2023-05-11 10:02:35,60,63,1667,3622
2023-05-11 10:02:35,61,63,1667,3622
2023-05-11 10:02:54,61,64,1667,3622
2023-05-11 10:03:06,62,64,1667,3622
2023-05-11 10:03:35,63,64,1667,3622
2023-05-11 10:04:07,61,63,1669,3631
2023-05-11 10:04:16,61,64,1669,3631
2023-05-11 10:04:29,61,63,1669,3631
2023-05-11 10:04:33,60,63,1669,3631
2023-05-11 10:04:40,61,63,1669,3631
2023-05-11 10:04:47,61,63,1766,3728
2023-05-11 10:04:47,61,64,1766,3728
2023-05-11 10:04:50,61,63,1766,3728
2023-05-11 10:05:06,60,63,1766,3728
2023-05-11 10:05:35,61,63,1766,3728
2023-05-11 10:05:38,61,64,1766,3728
2023-05-11 10:05:43,62,64,1766,3728
2023-05-11 10:05:54,62,65,1766,3728
2023-05-11 10:05:57,63,65,1766,3728
2023-05-11 10:06:24,63,66,1766,3728
2023-05-11 10:06:29,63,65,1766,3728
2023-05-11 10:06:37,63,64,1766,3728
2023-05-11 10:06:41,61,64,1766,3728
2023-05-11 10:06:41,62,64,1766,3728
2023-05-11 10:07:11,61,64,1766,3728
2023-05-11 10:07:14,61,63,1766,3728
2023-05-11 10:07:17,61,64,1766,3728
2023-05-11 10:07:29,61,63,1766,3728
2023-05-11 10:07:42,60,63,1766,3728
2023-05-11 10:07:43,61,63,1766,3728
2023-05-11 10:07:55,61,64,1766,3728
2023-05-11 10:08:17,61,63,1766,3728
2023-05-11 10:08:30,61,64,1766,3728
2023-05-11 10:08:33,61,63,1766,3728
2023-05-11 10:08:35,61,64,1766,3728
2023-05-11 10:08:48,61,63,1766,3728
2023-05-11 10:09:18,60,63,1766,3728
2023-05-11 10:09:18,61,63,1766,3728
2023-05-11 10:09:24,61,62,1766,3728
2023-05-11 10:09:26,60,62,1766,3728
2023-05-11 10:09:36,60,63,1766,3728
2023-05-11 10:09:42,60,62,1766,3728
2023-05-11 10:09:44,60,62,2324,4585
2023-05-11 10:09:53,61,62,2324,4585
2023-05-11 10:10:04,61,63,2324,4585
2023-05-11 10:10:06,61,64,2324,4585
2023-05-11 10:10:23,62,64,2324,4585
2023-05-11 10:10:46,62,63,2324,4585
2023-05-11 10:10:52,61,63,2324,4585
2023-05-11 10:10:53,61,64,2324,4585
2023-05-11 10:10:54,62,64,2324,4585
2023-05-11 10:11:14,62,63,2324,4585
2023-05-11 10:11:51,61,63,2324,4585
2023-05-11 10:11:56,62,63,2324,4585
2023-05-11 10:12:07,61,63,2423,4785
2023-05-11 10:12:08,61,62,2423,4785
2023-05-11 10:12:12,61,63,2423,4785
2023-05-11 10:12:19,60,63,2423,4785
2023-05-11 10:12:37,61,63,2423,4785
2023-05-11 10:12:42,61,64,2423,4785
2023-05-11 10:12:44,62,64,2423,4785
2023-05-11 10:13:17,63,64,2423,4785
2023-05-11 10:13:35,63,65,2423,4785
2023-05-11 10:13:46,62,65,2423,4785
2023-05-11 10:13:49,64,65,2423,4785
2023-05-11 10:14:16,62,65,2423,4785
2023-05-11 10:14:18,62,66,2423,4785
2023-05-11 10:14:20,63,66,2423,4785
2023-05-11 10:14:38,64,66,2423,4785
2023-05-11 10:14:40,65,66,2423,4785
2023-05-11 10:14:46,65,67,2423,4785
2023-05-11 10:15:07,64,67,2423,4785
2023-05-11 10:15:13,65,67,2423,4785
2023-05-11 10:15:15,65,66,2423,4785
2023-05-11 10:15:16,65,67,2423,4785
2023-05-11 10:15:44,64,67,2423,4785
2023-05-11 10:15:44,65,67,2423,4785
2023-05-11 10:16:11,66,67,2423,4785
2023-05-11 10:16:16,66,68,2623,4985
2023-05-11 10:16:23,67,68,2623,4985
2023-05-11 10:16:25,67,69,2623,4985
2023-05-11 10:16:33,68,69,2623,4985
2023-05-11 10:16:46,67,69,2623,4985
2023-05-11 10:16:55,67,68,2623,4985
2023-05-11 10:16:55,66,68,2623,4985
2023-05-11 10:16:59,66,67,2623,4985
2023-05-11 10:16:59,65,67,2623,4985
2023-05-11 10:17:09,65,68,2623,4985
2023-05-11 10:17:18,66,68,2623,4985
2023-05-11 10:17:26,65,68,2623,4985
2023-05-11 10:17:30,66,68,2623,4985
2023-05-11 10:17:34,65,68,2623,4985
2023-05-11 10:17:50,65,67,2623,4985
2023-05-11 10:17:53,64,67,2623,4985
2023-05-11 10:17:53,64,66,2623,4985
2023-05-11 10:17:53,64,67,2623,4985
2023-05-11 10:17:57,64,66,2623,4985
2023-05-11 10:17:57,63,66,2623,4985
2023-05-11 10:18:05,63,65,2623,4985
2023-05-11 10:18:12,63,66,2623,4985
2023-05-11 10:18:14,63,65,2623,4985
2023-05-11 10:18:16,63,66,2623,4985
2023-05-11 10:19:16,63,66,2623,4990
2023-05-11 10:19:57,63,65,2623,4990
2023-05-11 10:20:07,62,65,2623,4990
2023-05-11 10:20:19,61,65,2623,4990
2023-05-11 10:20:19,61,64,2623,4990
2023-05-11 10:20:23,61,65,2623,4990
2023-05-11 10:20:24,61,64,2623,4990
2023-05-11 10:20:32,61,65,2623,4990
2023-05-11 10:20:35,62,65,2623,4990
2023-05-11 10:20:37,61,65,2623,4990
2023-05-11 10:20:37,61,64,2623,4990
2023-05-11 10:20:41,62,64,2623,4990
2023-05-11 10:21:00,62,63,2623,4990
2023-05-11 10:21:41,62,64,2623,4990
2023-05-11 10:22:32,61,64,2623,4990
2023-05-11 10:22:33,61,63,2623,4990
2023-05-11 10:22:33,61,62,2623,4990
2023-05-11 10:23:08,61,63,2623,4990
2023-05-11 10:23:17,61,64,2623,4990
2023-05-11 10:23:38,62,64,2623,4990
2023-05-11 10:24:01,63,64,2623,4990
2023-05-11 10:24:03,63,65,2623,4990
2023-05-11 10:24:29,64,65,2623,4990
2023-05-11 10:24:45,64,66,2623,4990
2023-05-11 10:24:46,65,66,2623,4990
2023-05-11 10:24:59,65,67,2623,4990
2023-05-11 10:24:59,66,67,2623,4990
2023-05-11 10:25:12,66,68,2623,4990
2023-05-11 10:25:22,67,68,2623,4990
2023-05-11 10:25:47,67,69,2623,4990
2023-05-11 10:26:01,68,69,2623,4990
2023-05-11 10:26:16,68,71,2623,5847
2023-05-11 10:26:17,69,71,2623,5847
2023-05-11 10:26:36,70,71,2623,5847
2023-05-11 10:26:44,70,72,2623,5847
2023-05-11 10:26:44,70,71,2623,5847
2023-05-11 10:26:44,71,72,2623,5906
2023-05-11 10:26:45,70,72,2623,5906
2023-05-11 10:26:45,71,72,2623,5906
2023-05-11 10:27:18,70,72,2623,5906
2023-05-11 10:27:26,71,72,2623,5906
2023-05-11 10:28:26,71,72,2623,6106
2023-05-11 10:28:27,70,72,2623,6106
2023-05-11 10:28:27,69,72,2623,6106
2023-05-11 10:28:32,70,72,2623,6106
2023-05-11 10:28:33,69,72,2623,6106
2023-05-11 10:28:38,70,72,2623,6106
2023-05-11 10:28:58,68,72,2850,7219
2023-05-11 10:28:58,68,71,2850,7219
2023-05-11 10:29:13,68,70,2850,7219
2023-05-11 10:29:59,69,70,2850,7219
2023-05-11 10:30:22,68,70,2850,7219
2023-05-11 10:30:39,69,70,2850,7219
2023-05-11 10:31:09,68,70,2850,7219
2023-05-11 10:31:11,68,71,2850,7219
2023-05-11 10:31:11,68,69,2850,7219
2023-05-11 10:31:27,68,71,2850,7219
2023-05-11 10:31:27,68,70,2850,7219
2023-05-11 10:31:57,69,70,2850,7219
2023-05-11 10:32:17,68,70,2850,7219
2023-05-11 10:32:18,68,69,2850,7219
2023-05-11 10:33:12,68,69,2850,7259
2023-05-11 10:33:12,68,69,2927,7450
2023-05-11 10:33:20,66,69,2927,7450
2023-05-11 10:33:20,66,68,2927,7450
2023-05-11 10:33:33,66,67,2927,7450
2023-05-11 10:33:35,66,67,3118,7641
2023-05-11 10:33:36,64,67,3118,7641
2023-05-11 10:33:50,64,67,3118,7641
2023-05-11 10:34:03,65,67,3118,7641
2023-05-11 10:34:07,66,67,3118,7641
2023-05-11 10:34:37,66,68,3118,7641
2023-05-11 10:34:50,65,68,3118,7641
2023-05-11 10:34:51,66,68,3118,7641
2023-05-11 10:35:08,66,69,3118,7641
2023-05-11 10:35:12,67,69,3118,7641
2023-05-11 10:35:41,67,70,3118,7641
2023-05-11 10:35:52,67,69,3118,7641
2023-05-11 10:36:06,66,69,3118,7641
2023-05-11 10:36:08,65,69,3118,7641
2023-05-11 10:36:10,65,68,3118,7641
2023-05-11 10:36:14,66,68,3118,7641
2023-05-11 10:36:16,66,69,3118,7641
2023-05-11 10:36:33,66,68,3118,7641
2023-05-11 10:36:34,65,68,3118,7641
2023-05-11 10:36:42,65,69,3118,7641
2023-05-11 10:36:43,65,68,3118,7641
2023-05-11 10:36:44,65,69,3118,7641
2023-05-11 10:36:47,65,68,3118,7641
2023-05-11 10:37:51,66,68,3118,7641
2023-05-11 10:38:03,65,68,3118,7641
2023-05-11 10:38:49,66,68,3118,7641
2023-05-11 10:40:21,65,68,3118,7641
2023-05-11 10:40:27,64,68,3118,7641
2023-05-11 10:40:29,65,68,3118,7641
2023-05-11 10:40:53,66,68,3118,7641
2023-05-11 10:41:33,65,68,3118,7641
2023-05-11 10:41:35,66,68,3118,7641
2023-05-11 10:42:05,66,67,3118,7641
2023-05-11 10:42:05,65,67,3318,7841
2023-05-11 10:42:15,65,66,3318,7841
2023-05-11 10:42:20,64,66,3318,7841
2023-05-11 10:42:26,65,66,3318,7841
2023-05-11 10:42:36,65,67,3318,7841
2023-05-11 10:42:40,65,68,3318,7841
2023-05-11 10:42:40,66,68,3318,7841
2023-05-11 10:42:51,65,68,3318,7841
2023-05-11 10:42:51,65,67,3318,7841
2023-05-11 10:43:09,66,67,3318,7841
2023-05-11 10:43:42,64,67,3318,7841
2023-05-11 10:44:25,65,67,3318,7841
2023-05-11 10:44:35,65,68,3318,7841
2023-05-11 10:44:36,67,68,3318,7841
2023-05-11 10:44:47,67,69,3318,7841
2023-05-11 10:44:48,67,68,3318,7841
2023-05-11 10:44:50,67,69,3318,7841
2023-05-11 10:45:05,67,68,3318,7841
2023-05-11 10:45:15,66,68,3318,7841
2023-05-11 10:45:21,66,69,3318,7841
2023-05-11 10:45:33,67,69,3318,7841
2023-05-11 10:45:50,67,70,3318,7841
2023-05-11 10:46:07,68,70,3318,7841
2023-05-11 10:46:19,68,71,3318,8041
2023-05-11 10:46:20,70,71,3318,8041
2023-05-11 10:46:40,69,71,3318,8041
2023-05-11 10:46:42,70,71,3318,8041
2023-05-11 10:46:57,70,72,3318,8041
2023-05-11 10:47:04,71,72,3318,8041
2023-05-11 10:47:05,71,73,3318,8241
2023-05-11 10:47:07,71,73,3518,8441
2023-05-11 10:47:21,71,74,3718,8641
2023-05-11 10:47:21,72,74,3718,8641
2023-05-11 10:47:49,72,74,3719,8642
2023-05-11 10:47:54,72,75,3719,8642
2023-05-11 10:47:55,73,75,3719,8642
2023-05-11 10:48:02,74,75,3719,8642
2023-05-11 10:48:07,74,75,3719,8842
2023-05-11 10:48:12,74,76,3719,8842
2023-05-11 10:48:15,75,76,3719,8842
2023-05-11 10:48:47,76,77,3939,9062
2023-05-11 10:49:20,75,77,3939,9062
2023-05-11 10:49:33,76,77,3939,9062
2023-05-11 10:50:33,75,77,3939,9062
2023-05-11 10:51:14,75,77,3939,9072
2023-05-11 10:51:40,74,77,3939,9072
2023-05-11 10:51:40,76,77,3939,9072
2023-05-11 10:51:54,74,76,3929,9082
2023-05-11 10:51:55,74,77,3929,9082
2023-05-11 10:51:56,74,76,3929,9082
2023-05-11 10:51:56,74,77,3929,9082
2023-05-11 10:52:24,74,76,3929,9082
2023-05-11 10:52:25,74,77,3929,9082
2023-05-11 10:52:37,75,77,3929,9082
2023-05-11 10:53:05,74,77,3929,9082
2023-05-11 10:53:12,75,77,3929,9082
2023-05-11 10:53:15,74,77,3929,9082
2023-05-11 10:53:17,75,77,3929,9082
2023-05-11 10:53:38,75,76,3929,9082
2023-05-11 10:53:44,74,76,3929,9082
2023-05-11 10:54:25,75,76,3929,9082
2023-05-11 10:54:26,74,76,3929,9082
2023-05-11 10:54:36,75,76,3929,9082
2023-05-11 10:56:10,76,77,3929,9084
2023-05-11 10:57:30,76,78,3929,9084
2023-05-11 10:58:27,77,78,3929,9084
2023-05-11 10:59:03,77,81,3296,10197
2023-05-11 10:59:09,77,79,3296,10197
2023-05-11 10:59:11,77,81,3296,10197
2023-05-11 10:59:11,77,79,3296,10197
2023-05-11 10:59:11,77,81,3296,10197
2023-05-11 10:59:11,77,79,3296,10197
2023-05-11 10:59:12,77,81,3296,10197
2023-05-11 10:59:21,78,81,3296,10197
2023-05-11 10:59:25,78,82,3296,10197
2023-05-11 10:59:25,78,81,3296,10197
2023-05-11 10:59:45,78,79,3296,10197
2023-05-11 10:59:46,78,81,3296,10197
2023-05-11 10:59:46,78,79,3296,10197
2023-05-11 10:59:47,78,81,3296,10197
2023-05-11 10:59:48,77,81,3296,10197
2023-05-11 10:59:48,79,81,3296,10197
2023-05-11 10:59:48,77,79,3296,10277
2023-05-11 10:59:48,77,81,3296,10277
2023-05-11 10:59:49,77,80,3296,10277
2023-05-11 10:59:58,77,81,3296,10277
2023-05-11 10:59:58,77,82,3296,10277
2023-05-11 10:59:58,77,84,3296,10277
2023-05-11 10:59:59,77,81,3296,10277
2023-05-11 11:00:06,78,81,3296,10277
2023-05-11 11:00:07,78,80,3296,10277
2023-05-11 11:00:08,78,81,3296,10277
2023-05-11 11:00:08,78,80,3296,10277
2023-05-11 11:00:09,78,81,3296,10277
2023-05-11 11:00:33,77,79,3296,10277
2023-05-11 11:00:34,78,79,3296,10277
2023-05-11 11:00:35,78,81,3296,10277
2023-05-11 11:00:35,78,82,3296,10277
2023-05-11 11:00:35,78,81,3296,10277
2023-05-11 11:00:55,78,80,3296,10277
2023-05-11 11:00:58,78,81,3296,10277
2023-05-11 11:01:01,78,82,3296,10277
2023-05-11 11:01:02,78,83,3296,10277
2023-05-11 11:01:02,78,81,3296,10277
2023-05-11 11:01:02,78,83,3296,10277
2023-05-11 11:01:02,78,81,3296,10277
2023-05-11 11:01:02,78,83,3296,10277
2023-05-11 11:01:03,78,81,3296,10277
2023-05-11 11:01:03,78,80,3296,10277
2023-05-11 11:01:11,78,81,3296,10277
2023-05-11 11:01:27,78,80,3296,10277
2023-05-11 11:01:33,78,81,3296,10277
2023-05-11 11:01:34,78,82,3296,10277
2023-05-11 11:01:34,78,84,3296,10277
2023-05-11 11:01:35,78,81,3296,10277
2023-05-11 11:02:54,78,79,3296,10277
2023-05-11 11:02:55,78,81,3296,10277
2023-05-11 11:02:56,78,81,3296,10277
2023-05-11 11:03:03,78,82,3296,10277
2023-05-11 11:03:03,78,84,3296,10277
2023-05-11 11:03:03,78,82,3296,10277
2023-05-11 11:03:49,79,82,3296,10277
2023-05-11 11:03:56,79,80,3296,10277
2023-05-11 11:03:56,79,82,3296,10277
2023-05-11 11:03:56,79,83,3296,10277
2023-05-11 11:03:56,79,80,3296,10277
2023-05-11 11:03:57,79,82,3296,10277
2023-05-11 11:03:58,79,80,3296,10277
2023-05-11 11:03:58,79,82,3296,10277
2023-05-11 11:03:59,79,83,3296,10277
2023-05-11 11:03:59,79,82,3296,10277
2023-05-11 11:04:50,79,82,3296,10377
2023-05-11 11:04:51,79,81,3296,10377
2023-05-11 11:05:12,79,81,3296,10377
2023-05-11 11:05:42,78,80,3296,10377
2023-05-11 11:05:42,79,80,3296,10377
2023-05-11 11:05:44,80,81,3299,10380
2023-05-11 11:06:47,79,81,3299,10380
2023-05-11 11:06:47,80,81,3299,10380
2023-05-11 11:07:06,80,81,3499,10580
2023-05-11 11:07:42,79,81,3499,10580
2023-05-11 11:08:43,80,81,3499,10580
2023-05-11 11:09:02,80,81,3505,10586
2023-05-11 11:09:14,79,81,3505,10586
2023-05-11 11:09:14,80,81,3505,10586
2023-05-11 11:10:17,79,81,3505,10586
2023-05-11 11:10:17,80,81,3505,10586
2023-05-11 11:10:49,79,81,3505,10586
2023-05-11 11:10:49,80,81,3505,10586
2023-05-11 11:14:07,80,81,3705,10786
2023-05-11 11:14:07,80,82,3705,10786
2023-05-11 11:14:12,81,82,3705,10786
2023-05-11 11:14:21,81,83,3705,10786
2023-05-11 11:14:21,81,84,3705,10786
2023-05-11 11:14:26,81,83,3705,10786
2023-05-11 11:14:52,81,84,3705,10786
2023-05-11 11:14:53,80,84,3705,10786
2023-05-11 11:14:53,82,84,3705,10786
2023-05-11 11:14:53,80,82,3705,10792
2023-05-11 11:14:53,80,84,3705,10792
2023-05-11 11:15:08,80,83,3705,10792
2023-05-11 11:15:08,80,84,3705,10792
2023-05-11 11:15:17,80,82,3705,10792
2023-05-11 11:15:19,80,84,3705,10792
2023-05-11 11:15:19,80,82,3705,10792
2023-05-11 11:15:20,80,84,3705,10792
2023-05-11 11:15:23,80,85,3705,10792
2023-05-11 11:15:23,80,84,3705,10792
2023-05-11 11:15:24,81,84,3705,10792
2023-05-11 11:15:40,81,82,3705,10792
2023-05-11 11:15:41,81,84,3705,10792
2023-05-11 11:15:41,81,82,3705,10792
2023-05-11 11:15:42,81,84,3705,10792
2023-05-11 11:19:00,81,83,3705,10792
2023-05-11 11:19:01,81,84,3705,10792
2023-05-11 11:19:01,81,83,3705,10792
2023-05-11 11:19:21,80,81,3705,10988
2023-05-11 11:19:21,80,83,3705,10988
2023-05-11 11:19:21,80,84,3705,10988
2023-05-11 11:19:21,80,82,3705,10988
2023-05-11 11:19:21,80,83,3705,10988
2023-05-11 11:19:21,80,82,3705,10988
2023-05-11 11:20:54,79,82,3705,10988
2023-05-11 11:20:55,80,82,3705,10988
2023-05-11 11:21:30,80,81,3705,10988
2023-05-11 11:21:57,80,82,3705,10988
2023-05-11 11:22:31,80,83,3705,10988
2023-05-11 11:22:35,81,83,3705,10988
2023-05-11 11:24:14,81,82,3705,10988
2023-05-11 11:24:22,81,82,3505,11188
2023-05-11 11:24:22,80,82,3305,11388
2023-05-11 11:25:23,80,81,3305,11388
2023-05-11 11:25:29,80,82,3305,11388
2023-05-11 11:25:51,80,81,3305,11388
2023-05-11 11:25:53,80,82,3305,11388
2023-05-11 11:25:53,80,81,3305,11388
2023-05-11 11:25:56,80,82,3305,11388
2023-05-11 11:26:16,80,81,3305,11388
2023-05-11 11:26:17,80,82,3305,11388
2023-05-11 11:26:17,80,81,3305,11388
2023-05-11 11:26:19,80,82,3305,11388
2023-05-11 11:27:01,80,81,3305,11388
2023-05-11 11:27:02,79,81,3305,11388
2023-05-11 11:27:28,79,82,3305,11388
2023-05-11 11:27:30,79,81,3305,11388
2023-05-11 11:27:51,80,81,3305,11388
2023-05-11 11:28:00,80,82,3305,11388
2023-05-11 11:29:09,81,82,3305,11388
2023-05-11 11:30:15,81,83,3317,11400
2023-05-11 11:31:04,82,83,3317,11400
2023-05-11 11:31:39,82,84,3317,11400
2023-05-11 11:32:19,82,83,3317,11400
2023-05-11 11:32:20,82,84,3317,11400
2023-05-11 11:32:20,82,83,3317,11400
2023-05-11 11:32:21,82,84,3317,11400
2023-05-11 11:32:44,83,84,3317,11400
2023-05-11 11:33:21,82,84,3317,11800
2023-05-11 11:33:35,83,84,3317,11800
2023-05-11 11:37:49,83,84,3327,11810
2023-05-11 11:38:52,82,84,3327,11810
2023-05-11 11:40:06,82,85,3327,11810
2023-05-11 11:41:21,83,85,3327,11810
2023-05-11 11:42:00,83,84,3327,11810
2023-05-11 11:42:00,83,85,3327,11810
2023-05-11 11:42:08,83,85,3649,12132
2023-05-11 11:42:08,84,85,3649,12132
2023-05-11 11:42:11,83,85,3649,12473
2023-05-11 11:44:01,83,84,3649,12473
2023-05-11 11:44:01,83,85,3649,12473
2023-05-11 11:44:50,84,85,3649,12473
2023-05-11 11:47:24,84,86,3649,12473
2023-05-11 11:48:50,85,86,3649,12473
2023-05-11 11:49:20,84,86,3649,12473
2023-05-11 11:49:40,84,85,3649,12473
2023-05-11 11:49:41,84,86,3649,12473
2023-05-11 11:50:42,84,85,3649,12473
2023-05-11 11:50:43,84,86,3649,12473
2023-05-11 11:50:43,84,85,3649,12473
2023-05-11 11:50:44,84,86,3649,12473
2023-05-11 11:50:44,84,85,3649,12473
2023-05-11 11:50:46,84,86,3649,12473
2023-05-11 11:51:06,84,85,3649,12473
2023-05-11 11:51:09,84,86,3649,12473
2023-05-11 11:51:09,84,85,3649,12473
2023-05-11 11:51:12,84,86,3649,12473
2023-05-11 11:51:12,84,85,3649,12473
2023-05-11 11:51:14,84,86,3649,12473
2023-05-11 11:51:48,84,85,3649,12473
2023-05-11 11:51:54,84,86,3649,12473
2023-05-11 11:52:20,85,86,3649,12473
2023-05-11 11:52:21,84,86,3649,12473
2023-05-11 11:52:33,85,86,3649,12473
2023-05-11 11:52:33,84,86,3449,12673
2023-05-11 11:52:53,84,85,3449,12673
2023-05-11 11:52:54,84,85,3449,12678
2023-05-11 11:52:54,84,86,3449,12678
2023-05-11 11:52:54,84,85,3449,12678
2023-05-11 11:52:56,84,86,3449,12678
2023-05-11 11:55:15,84,85,3449,12678
2023-05-11 11:55:16,84,86,3449,12678
2023-05-11 11:55:17,84,86,3449,12678
2023-05-11 11:55:17,84,85,3449,12678
2023-05-11 11:55:19,84,86,3449,12678
2023-05-11 11:55:32,85,86,3449,12678
2023-05-11 11:55:40,84,86,3249,12878
2023-05-11 11:55:40,84,85,3249,12878
2023-05-11 11:55:45,84,86,3249,12878
2023-05-11 11:55:48,84,86,3249,12878
2023-05-11 11:56:14,85,86,3249,12878
2023-05-11 11:58:11,84,86,3049,13078
2023-05-11 11:58:12,84,85,3049,13078
2023-05-11 11:58:14,84,86,3049,13078
2023-05-11 11:58:15,84,85,3049,13078
2023-05-11 11:58:15,84,86,3049,13078
2023-05-11 11:58:15,84,85,3049,13078
2023-05-11 11:58:16,84,86,3049,13078
2023-05-11 11:59:06,85,86,3049,13078
2023-05-11 12:00:51,85,87,3049,13078
2023-05-11 12:01:59,85,86,3049,13078
2023-05-11 12:02:00,86,87,3056,13085
2023-05-11 12:02:21,85,87,3056,13085
2023-05-11 12:02:57,85,86,3056,13085
2023-05-11 12:02:58,85,87,3056,13085
2023-05-11 12:02:59,85,87,3256,13285
2023-05-11 12:03:01,85,86,3256,13285
2023-05-11 12:03:01,84,86,3256,13285
2023-05-11 12:03:10,84,85,3256,13285
2023-05-11 12:03:11,84,86,3256,13285
2023-05-11 12:03:26,85,86,3256,13285
2023-05-11 12:04:03,84,86,3256,13285
2023-05-11 12:06:58,85,86,3256,13285
2023-05-11 12:07:07,84,86,3256,13285
2023-05-11 12:07:15,85,86,3256,13285
2023-05-11 12:08:34,85,87,3256,13285
2023-05-11 12:08:34,85,86,3256,13285
2023-05-11 12:08:35,85,87,3256,13285
2023-05-11 12:08:55,85,86,3256,13285
2023-05-11 12:08:56,85,87,3256,13285
2023-05-11 12:09:16,85,86,3256,13285
2023-05-11 12:09:18,85,87,3256,13285
2023-05-11 12:09:19,85,86,3256,13285
2023-05-11 12:09:20,85,87,3256,13285
2023-05-11 12:10:13,85,87,3370,13399
2023-05-11 12:10:13,86,87,3370,13399
2023-05-11 12:10:46,86,88,3882,13911
2023-05-11 12:10:58,86,88,3682,14111
2023-05-11 12:11:00,85,87,3664,14129
2023-05-11 12:11:40,85,86,3664,14129
2023-05-11 12:11:41,85,87,3664,14129
2023-05-11 12:12:28,84,87,3664,14129
2023-05-11 12:12:35,84,86,3664,14129
2023-05-11 12:12:47,84,87,3664,14129
2023-05-11 12:13:39,85,87,3664,14129
2023-05-11 12:14:00,85,86,3664,14129
2023-05-11 12:14:02,85,87,3664,14129
2023-05-11 12:14:03,85,86,3664,14129
2023-05-11 12:14:04,85,87,3664,14129
2023-05-11 12:14:04,85,86,3664,14129
2023-05-11 12:14:05,85,87,3664,14129
2023-05-11 12:14:25,85,86,3664,14129
2023-05-11 12:14:27,85,87,3664,14129
2023-05-11 12:16:41,85,86,3664,14129
2023-05-11 12:16:41,85,86,3864,14329
2023-05-11 12:16:41,85,87,3864,14329
2023-05-11 12:17:22,84,87,3945,14410
2023-05-11 12:17:22,84,85,3945,14410
2023-05-11 12:18:23,85,86,3945,14491
2023-05-11 12:18:23,84,86,3945,14491
2023-05-11 12:18:36,84,87,3945,14491
2023-05-11 12:18:39,85,87,3945,14491
2023-05-11 12:20:02,85,88,3945,14491
2023-05-11 12:20:02,86,88,3945,14491
2023-05-11 12:20:17,86,87,3945,14491
2023-05-11 12:20:27,86,88,4051,15691
2023-05-11 12:24:11,86,87,4051,15691
2023-05-11 12:24:11,86,88,4051,15691
2023-05-11 12:24:15,85,88,4051,15691
2023-05-11 12:24:21,85,87,4051,15691
2023-05-11 12:24:37,86,87,4051,15691
2023-05-11 12:24:49,86,88,4051,15691
2023-05-11 12:24:51,85,88,3923,15891
2023-05-11 12:25:11,85,86,3923,15891
2023-05-11 12:25:11,85,88,3923,15891
2023-05-11 12:25:11,85,86,3923,15891
2023-05-11 12:25:13,85,88,3923,15891
2023-05-11 12:25:17,86,88,3923,15891
2023-05-11 12:26:12,86,87,3923,15891
2023-05-11 12:26:12,86,88,3923,15891
2023-05-11 12:26:27,87,88,3923,15891
2023-05-11 12:26:58,87,88,3923,15911
2023-05-11 12:26:58,87,89,3923,15911
2023-05-11 12:26:58,88,89,3923,15911
2023-05-11 12:26:58,87,89,4074,16111
2023-05-11 12:26:59,87,88,4074,16111
2023-05-11 12:27:01,87,88,4094,16131
2023-05-11 12:27:02,87,88,4114,16151
2023-05-11 12:27:04,87,88,4185,16222
2023-05-11 12:27:05,87,88,4205,16242
2023-05-11 12:27:05,87,88,4405,16442
2023-05-11 12:27:08,87,88,4689,16726
2023-05-11 12:27:56,86,88,4689,16726
2023-05-11 12:28:32,86,87,4689,16726
2023-05-11 12:29:44,86,88,4689,16746
2023-05-11 12:31:00,86,87,4689,16746
2023-05-11 12:32:15,86,88,4689,16746
2023-05-11 12:34:58,87,88,4689,16746
2023-05-11 12:35:18,86,88,4689,16746
2023-05-11 12:35:39,87,88,4689,16746
2023-05-11 12:35:59,86,88,4689,16746
2023-05-11 12:38:55,87,88,4689,16746
2023-05-11 12:39:09,87,88,4689,16818
2023-05-11 12:39:13,86,88,4689,16818
2023-05-11 12:39:55,88,89,4689,16906
2023-05-11 12:39:55,86,89,4689,16906
2023-05-11 12:42:12,86,88,4689,16906
2023-05-11 12:42:24,86,89,4689,16906
2023-05-11 12:43:07,86,88,4689,16906
2023-05-11 12:43:49,86,89,4689,16906
2023-05-11 12:46:13,86,88,4689,16906
2023-05-11 12:46:16,86,89,4689,16906
2023-05-11 12:46:38,86,88,4689,16906
2023-05-11 12:46:40,86,88,4689,17106
2023-05-11 12:49:03,86,89,4689,17106
2023-05-11 12:50:35,87,89,4689,17106
2023-05-11 12:50:43,88,89,4689,17106
2023-05-11 12:50:54,88,90,4689,17106
2023-05-11 12:52:39,87,90,4689,17106
2023-05-11 12:52:42,87,89,4689,17106
2023-05-11 12:53:01,86,89,4689,17106
2023-05-11 12:53:07,87,89,4689,17106
2023-05-11 12:53:10,87,90,4689,17106
2023-05-11 12:54:02,88,90,4689,17106
2023-05-11 12:56:45,88,91,4489,17806
2023-05-11 12:56:57,88,91,4203,18112
2023-05-11 12:56:57,89,91,4203,18112
2023-05-11 12:57:37,90,91,4203,18112
2023-05-11 12:58:42,88,91,4203,18112
2023-05-11 12:58:42,89,91,4203,18112
2023-05-11 12:58:42,89,90,4203,18112
2023-05-11 12:58:53,89,91,4203,18112
2023-05-11 12:59:34,88,91,4203,18112
2023-05-11 12:59:34,90,91,4203,18112
2023-05-11 13:06:54,88,91,4203,18112
2023-05-11 13:06:54,89,91,4203,18112
2023-05-11 13:07:18,90,91,4203,18112
2023-05-11 13:08:54,90,91,4203,18331
2023-05-11 13:09:59,90,92,5403,19531
2023-05-11 13:09:59,91,92,5403,19531
2023-05-11 13:14:07,90,92,5403,19551
2023-05-11 13:15:46,90,92,5579,19768
2023-05-11 13:21:11,91,92,5579,19768
2023-05-11 13:21:27,91,92,5912,20101
2023-05-11 13:22:02,91,92,5912,20122
2023-05-11 13:23:17,90,92,5912,20322
2023-05-11 13:24:36,90,92,5912,20402
2023-05-11 13:24:36,90,92,5912,20402
2023-05-11 13:24:40,89,90,5704,20742
2023-05-11 13:24:59,88,90,5704,21162
2023-05-11 13:25:14,87,88,5704,21982
2023-05-11 13:25:21,87,88,5504,22182
2023-05-11 13:25:28,87,89,5504,22182
2023-05-11 13:25:46,88,89,5504,22182
2023-05-11 13:26:00,88,90,5504,22242
2023-05-11 13:27:19,89,90,5504,22242
2023-05-11 13:27:39,89,91,5504,22242
2023-05-11 13:28:54,88,89,5504,22842
2023-05-11 13:29:00,88,89,5504,22848
2023-05-11 13:29:18,86,89,5504,22848
2023-05-11 13:29:20,87,89,5504,22848
2023-05-11 13:29:21,88,89,5504,22848
2023-05-11 13:29:48,87,89,5504,22848
2023-05-11 13:29:48,86,89,5504,22848
2023-05-11 13:29:54,88,89,5504,22848
2023-05-11 13:30:17,88,89,5304,23048
2023-05-11 13:30:18,88,89,5104,23248
2023-05-11 13:30:19,88,89,4904,23448
2023-05-11 13:30:23,87,90,4904,23544
2023-05-11 13:30:26,88,90,4904,23544
2023-05-11 13:30:59,87,90,4904,23544
2023-05-11 13:30:59,88,90,4904,23544
2023-05-11 13:31:09,88,89,4904,23544
2023-05-11 13:32:05,87,89,4904,23544
2023-05-11 13:32:05,88,89,4904,23544
2023-05-11 13:32:19,89,90,4904,24194
2023-05-11 13:32:19,89,90,4904,24344
2023-05-11 13:33:34,89,91,4904,24344
2023-05-11 13:33:43,89,91,4904,24344
2023-05-11 13:33:46,89,90,4904,24344
2023-05-11 13:33:54,89,91,4904,24344
2023-05-11 13:34:42,90,91,4904,24344
2023-05-11 13:34:59,90,92,4904,24344
2023-05-11 13:38:21,91,92,4904,24344
2023-05-11 13:40:27,92,93,4854,24394
2023-05-11 13:40:56,91,93,4854,24394
2023-05-11 13:40:56,92,93,4854,24394
2023-05-11 13:41:59,91,93,4854,24394
2023-05-11 13:42:27,91,92,4854,24394
2023-05-11 13:43:35,91,92,4854,24594
2023-05-11 13:43:44,91,92,4854,24794
2023-05-11 13:44:17,91,92,4854,24944
2023-05-11 13:44:31,91,92,4854,24994
2023-05-11 13:45:01,91,92,4854,25194
2023-05-11 13:45:27,91,92,4854,25344
2023-05-11 13:45:32,90,92,4904,25394
2023-05-11 13:45:32,90,92,4904,25394
2023-05-11 13:45:35,90,91,4904,25394
2023-05-11 13:45:59,89,91,4904,25394
2023-05-11 13:46:06,89,90,4904,25394
2023-05-11 13:46:11,88,90,4904,25394
2023-05-11 13:46:13,88,90,4904,25397
2023-05-11 13:46:15,88,89,4904,25397
2023-05-11 13:46:28,87,89,4904,25397
2023-05-11 13:46:36,87,88,4904,25397
2023-05-11 13:46:41,86,88,4904,25397
2023-05-11 13:46:41,86,87,4904,25397
2023-05-11 13:46:44,85,87,4904,25397
2023-05-11 13:46:45,85,86,4904,25397
2023-05-11 13:47:11,84,85,4904,25427
2023-05-11 13:47:12,83,84,4904,25447
2023-05-11 13:47:16,82,83,4904,25467
2023-05-11 13:47:19,81,83,4904,25467
2023-05-11 13:47:19,81,82,4904,25467
2023-05-11 13:47:22,81,83,4904,25467
2023-05-11 13:47:25,82,83,4904,25467
2023-05-11 13:47:31,81,83,4904,25467
2023-05-11 13:47:35,81,82,4904,25467
2023-05-11 13:47:57,81,82,4874,25497
2023-05-11 13:47:57,81,82,4674,25697
2023-05-11 13:47:59,81,82,4644,25727
2023-05-11 13:48:00,81,82,4614,25757
2023-05-11 13:48:01,81,82,4584,25787
2023-05-11 13:48:03,81,82,4554,25817
2023-05-11 13:48:09,81,82,4524,25847
2023-05-11 13:48:10,81,82,4515,25877
2023-05-11 13:48:10,81,82,4515,26077
2023-05-11 13:48:16,79,81,4515,26667
2023-05-11 13:48:49,81,82,4475,26707
2023-05-11 13:48:49,79,82,4475,26707
2023-05-11 13:48:49,80,82,4475,26707
2023-05-11 13:49:03,82,83,4695,26927
2023-05-11 13:49:08,80,83,4875,27107
2023-05-11 13:49:08,80,82,4875,27107
2023-05-11 13:50:01,78,82,4875,27107
2023-05-11 13:50:01,78,81,4875,27107
2023-05-11 13:50:01,79,81,4875,27107
2023-05-11 13:50:06,79,80,4875,27107
2023-05-11 13:50:06,78,80,4875,27107
2023-05-11 13:50:20,78,79,4875,27107
2023-05-11 13:50:24,78,80,4875,27107
2023-05-11 13:50:31,78,79,4875,27107
2023-05-11 13:50:34,78,80,4875,27107
2023-05-11 13:50:36,76,80,4875,27107
2023-05-11 13:50:36,79,80,4875,27107
2023-05-11 13:50:49,79,81,4875,27107
2023-05-11 13:50:49,77,81,4875,27107
2023-05-11 13:50:49,80,81,4875,27107
2023-05-11 13:51:04,80,82,5075,27307
2023-05-11 13:51:11,78,82,5075,27307
2023-05-11 13:51:11,81,82,5075,27307
2023-05-11 13:52:01,82,83,5075,27372
2023-05-11 13:52:01,81,83,5075,27372
2023-05-11 13:52:01,81,84,5075,27372
2023-05-11 13:52:01,82,84,5075,27372
2023-05-11 13:52:01,81,84,5075,27372
2023-05-11 13:52:01,83,84,5075,27372
2023-05-11 13:52:28,83,85,5075,27372
2023-05-11 13:52:40,82,85,5075,27372
2023-05-11 13:52:40,82,86,5075,27372
2023-05-11 13:52:40,84,86,5075,27372
2023-05-11 13:52:48,83,86,5075,27372
2023-05-11 13:52:48,84,86,5075,27372
2023-05-11 13:52:48,85,86,5075,27372
2023-05-11 13:52:50,85,87,5075,27372
2023-05-11 13:53:09,86,87,5075,27372
2023-05-11 13:54:40,86,88,5075,27372
2023-05-11 13:54:40,87,88,5075,27372
2023-05-11 13:55:06,87,90,5075,27992
2023-05-11 13:55:09,88,90,5075,27992
2023-05-11 13:55:20,88,90,5275,28192
2023-05-11 13:55:23,87,90,5275,28392
2023-05-11 13:55:26,87,89,5275,28392
2023-05-11 13:55:38,87,90,5275,28392
2023-05-11 13:55:41,87,90,5275,28592
2023-05-11 13:55:41,87,89,5275,28592
2023-05-11 13:55:43,86,89,5275,28592
2023-05-11 13:55:44,86,88,5275,28592
2023-05-11 13:55:47,86,89,5275,28592
2023-05-11 13:55:54,86,90,5275,28592
2023-05-11 13:55:58,87,90,5275,28592
2023-05-11 13:55:58,87,89,5275,28592
2023-05-11 13:56:00,87,90,5275,28592
2023-05-11 13:56:10,87,89,5275,28592
2023-05-11 13:56:17,86,89,5275,28592
2023-05-11 13:56:29,86,90,5275,28592
2023-05-11 13:56:31,87,90,5275,28592
2023-05-11 13:56:31,87,89,5275,28592
2023-05-11 13:56:31,87,90,5275,28592
2023-05-11 13:57:32,86,90,5315,28954
2023-05-11 13:57:32,86,88,5315,28954
2023-05-11 13:57:59,87,88,5315,28954
2023-05-11 13:58:34,87,90,5315,28954
2023-05-11 13:58:34,87,89,5315,28954
2023-05-11 13:58:39,88,89,5315,28954
2023-05-11 13:59:12,88,90,5315,28954
2023-05-11 13:59:22,89,90,5315,28954
2023-05-11 13:59:29,90,91,5289,28994
2023-05-11 14:00:00,91,92,5489,29194
2023-05-11 14:00:30,92,93,5689,29394
2023-05-11 14:00:51,91,93,5689,29394
2023-05-11 14:01:24,90,93,5689,29394
2023-05-11 14:01:34,90,93,5689,29444
2023-05-11 14:01:34,90,92,5689,29444
2023-05-11 14:01:49,90,93,5689,29444
2023-05-11 14:01:50,90,92,5689,29444
2023-05-11 14:02:49,90,93,5689,29444
2023-05-11 14:02:51,90,92,5689,29444
2023-05-11 14:03:03,91,92,5689,29444
2023-05-11 14:03:29,90,92,5689,29444
2023-05-11 14:03:29,90,93,5689,29444
2023-05-11 14:03:36,90,92,5689,29444
2023-05-11 14:03:39,91,92,5689,29444
2023-05-11 14:03:47,91,93,5689,29444
2023-05-11 14:05:07,91,92,5689,29444
2023-05-11 14:05:14,90,92,5689,29444
2023-05-11 14:05:20,91,92,5689,29444
2023-05-11 14:05:25,91,93,5745,29500
2023-05-11 14:06:15,92,93,5745,29500
2023-05-11 14:06:54,91,93,5745,29500
2023-05-11 14:07:35,92,93,5745,29500
2023-05-11 14:08:11,91,93,5745,29700
2023-05-11 14:09:35,91,93,5745,29701
2023-05-11 14:09:54,92,93,5745,29701
2023-05-11 14:12:12,92,94,5745,29701
2023-05-11 14:13:42,92,94,5745,29801
2023-05-11 14:14:55,93,94,5745,29801
2023-05-11 14:18:21,92,94,5745,29801
2023-05-11 14:18:28,92,93,5745,29801
2023-05-11 14:18:37,92,94,5745,29801
2023-05-11 14:18:58,91,92,5765,29821
2023-05-11 14:19:39,90,92,5765,29821
2023-05-11 14:19:44,91,92,5765,29821
2023-05-11 14:19:58,92,94,5795,29871
2023-05-11 14:20:13,92,93,5795,29871
2023-05-11 14:20:16,92,94,5795,29871
2023-05-11 14:20:29,92,93,5995,30071
2023-05-11 14:20:29,92,94,5995,30071
2023-05-11 14:20:29,92,93,5995,30071
2023-05-11 14:20:30,92,93,6195,30271
2023-05-11 14:20:35,92,93,6195,30604
2023-05-11 14:20:37,91,93,6195,30604
2023-05-11 14:20:37,90,93,6195,30604
2023-05-11 14:21:01,91,93,6195,30604
2023-05-11 14:21:02,90,93,6195,30604
2023-05-11 14:21:03,91,94,6195,30604
2023-05-11 14:21:11,91,93,6195,30604
2023-05-11 14:21:12,90,93,6195,30604
2023-05-11 14:21:17,90,94,6195,30604
2023-05-11 14:21:17,90,93,6195,30604
2023-05-11 14:21:29,90,94,6195,30604
2023-05-11 14:21:29,90,93,6195,30604
2023-05-11 14:21:41,90,94,6195,30604
2023-05-11 14:22:01,90,94,6195,30604
2023-05-11 14:22:08,90,94,6195,30604
2023-05-11 14:22:08,90,93,6195,30604
2023-05-11 14:22:27,90,94,6195,30604
2023-05-11 14:22:36,91,94,6195,30604
2023-05-11 14:23:04,92,94,6195,30604
2023-05-11 14:24:02,92,95,6195,30604
2023-05-11 14:24:18,93,95,6195,30604
2023-05-11 14:24:59,93,95,6237,30646
2023-05-11 14:26:08,94,95,6237,30646
2023-05-11 14:28:33,94,95,6037,30846
2023-05-11 14:28:44,94,96,6037,30846
2023-05-11 14:31:13,95,96,6037,30846
2023-05-11 14:34:44,96,97,6937,31746
2023-05-11 14:37:48,96,98,6937,31746
2023-05-11 14:38:40,97,98,6937,31746
2023-05-11 14:40:47,96,98,6937,31746
2023-05-11 14:41:07,97,98,6937,31746
2023-05-11 14:41:15,96,98,6737,31946
2023-05-11 14:44:39,96,97,6737,31946
2023-05-11 14:46:44,96,98,6737,31946
2023-05-11 14:47:17,97,98,6737,31946
2023-05-11 14:47:43,96,98,6737,31946
2023-05-11 14:47:48,97,98,6737,31946
2023-05-11 14:47:55,96,98,6737,31946
2023-05-11 14:48:02,97,98,6737,31946
2023-05-11 14:48:03,97,99,7437,32646
2023-05-11 14:48:35,96,99,7437,32646
2023-05-11 14:50:03,97,99,7437,32646
2023-05-11 14:50:30,96,99,7437,32646
2023-05-11 14:50:49,97,99,7437,32646
2023-05-11 14:55:22,98,99,7437,32646
2023-05-11 14:57:04,97,99,7437,32646
2023-05-11 14:58:24,97,99,7437,32713
2023-05-11 15:02:41,98,99,7437,32713
2023-05-11 15:04:05,98,99,7395,32755
2023-05-11 15:09:07,97,99,7395,32755
2023-05-11 15:09:08,98,99,7395,32755
2023-05-11 15:10:11,97,99,7395,32755
2023-05-11 15:10:42,98,99,7395,32755
2023-05-11 15:10:45,97,99,7395,32755
2023-05-11 15:10:49,98,99,7395,32755
2023-05-11 15:15:02,99,100,7395,32797
2023-05-11 15:18:55,99,100,7395,33097
2023-05-11 15:18:56,98,100,7395,33097
2023-05-11 15:19:01,99,100,7395,33097
