datetime,bid,ask,open_interest,volume
2023-11-16 09:30:01,39,45,2,2
2023-11-16 09:30:01,0,45,2,2
2023-11-16 09:30:01,0,100,2,2
2023-11-16 09:32:04,39,100,2,2
2023-11-16 09:32:04,41,100,2,2
2023-11-16 09:32:04,41,45,2,2
2023-11-16 09:32:13,41,47,52,52
2023-11-16 09:32:38,41,100,52,52
2023-11-16 09:32:38,0,100,52,52
2023-11-16 09:32:38,36,100,52,52
2023-11-16 09:32:38,38,100,52,52
2023-11-16 09:32:38,40,100,52,52
2023-11-16 09:32:38,40,46,52,52
2023-11-16 09:32:38,40,44,52,52
2023-11-16 09:32:42,40,46,152,152
2023-11-16 09:32:43,0,46,152,152
2023-11-16 09:32:43,0,100,152,152
2023-11-16 09:32:43,39,100,152,152
2023-11-16 09:32:43,41,100,152,152
2023-11-16 09:32:43,41,47,152,152
2023-11-16 09:32:43,41,45,152,152
2023-11-16 09:33:10,41,100,152,152
2023-11-16 09:33:10,0,100,152,152
2023-11-16 09:33:10,36,100,152,152
2023-11-16 09:33:10,38,100,152,152
2023-11-16 09:33:10,40,100,152,152
2023-11-16 09:33:10,40,48,152,152
2023-11-16 09:33:10,40,46,152,152
2023-11-16 09:33:10,40,44,152,152
2023-11-16 09:33:37,0,44,152,152
2023-11-16 09:33:37,0,100,152,152
2023-11-16 09:33:37,41,100,152,152
2023-11-16 09:33:37,41,49,152,152
2023-11-16 09:33:37,41,47,152,152
2023-11-16 09:33:37,41,45,152,152
2023-11-16 09:33:38,0,45,152,152
2023-11-16 09:33:38,0,100,152,152
2023-11-16 09:33:38,38,100,152,152
2023-11-16 09:33:38,42,100,152,152
2023-11-16 09:33:38,42,51,152,152
2023-11-16 09:33:38,42,46,152,152
2023-11-16 09:33:43,0,46,152,152
2023-11-16 09:33:43,0,100,152,152
2023-11-16 09:33:43,40,100,152,152
2023-11-16 09:33:43,42,100,152,152
2023-11-16 09:33:43,44,100,152,152
2023-11-16 09:33:43,44,53,152,152
2023-11-16 09:33:43,44,48,152,152
2023-11-16 09:34:11,0,48,152,152
2023-11-16 09:34:11,0,100,152,152
2023-11-16 09:34:11,45,100,152,152
2023-11-16 09:34:11,45,53,152,152
2023-11-16 09:34:11,45,51,152,152
2023-11-16 09:34:11,45,49,152,152
2023-11-16 09:34:28,0,49,152,152
2023-11-16 09:34:28,0,100,152,152
2023-11-16 09:34:28,44,100,152,152
2023-11-16 09:34:28,47,100,152,152
2023-11-16 09:34:28,47,50,152,152
2023-11-16 09:34:49,47,100,152,152
2023-11-16 09:34:49,0,100,152,152
2023-11-16 09:34:49,45,100,152,152
2023-11-16 09:34:49,45,54,152,152
2023-11-16 09:34:49,45,52,152,152
2023-11-16 09:34:49,45,49,152,152
2023-11-16 09:34:56,0,49,152,152
2023-11-16 09:34:56,0,100,152,152
2023-11-16 09:34:56,47,100,152,152
2023-11-16 09:34:56,47,53,152,152
2023-11-16 09:34:56,47,51,152,152
2023-11-16 09:35:03,47,100,152,152
2023-11-16 09:35:03,0,100,152,152
2023-11-16 09:35:03,45,100,152,152
2023-11-16 09:35:03,45,51,152,152
2023-11-16 09:35:03,45,49,152,152
2023-11-16 09:35:12,45,100,152,152
2023-11-16 09:35:12,0,100,152,152
2023-11-16 09:35:12,44,100,152,152
2023-11-16 09:35:12,44,48,152,152
2023-11-16 09:36:12,42,48,152,152
2023-11-16 09:36:13,44,100,152,152
2023-11-16 09:36:13,44,48,152,152
2023-11-16 09:36:32,44,100,152,152
2023-11-16 09:36:32,0,100,152,152
2023-11-16 09:36:32,43,100,152,152
2023-11-16 09:36:32,43,47,152,152
2023-11-16 09:36:46,41,47,127,177
2023-11-16 09:36:57,41,100,127,177
2023-11-16 09:36:57,0,100,127,177
2023-11-16 09:36:57,41,100,127,177
2023-11-16 09:36:57,41,45,127,177
2023-11-16 09:37:02,39,45,2,302
2023-11-16 09:37:13,0,45,2,302
2023-11-16 09:37:13,0,100,2,302
2023-11-16 09:37:13,38,100,2,302
2023-11-16 09:37:13,40,100,2,302
2023-11-16 09:37:13,40,46,2,302
2023-11-16 09:37:13,40,44,2,302
2023-11-16 09:37:44,0,44,2,302
2023-11-16 09:37:44,0,100,2,302
2023-11-16 09:37:44,37,100,2,302
2023-11-16 09:37:44,41,100,2,302
2023-11-16 09:37:44,41,47,2,302
2023-11-16 09:37:44,41,45,2,302
2023-11-16 09:38:10,0,45,2,302
2023-11-16 09:38:10,0,100,2,302
2023-11-16 09:38:10,39,100,2,302
2023-11-16 09:38:10,43,100,2,302
2023-11-16 09:38:10,43,47,2,302
2023-11-16 09:38:18,0,47,2,302
2023-11-16 09:38:18,0,100,2,302
2023-11-16 09:38:18,39,100,2,302
2023-11-16 09:38:18,42,100,2,302
2023-11-16 09:38:18,44,100,2,302
2023-11-16 09:38:18,44,48,2,302
2023-11-16 09:38:25,0,48,2,302
2023-11-16 09:38:25,0,100,2,302
2023-11-16 09:38:25,46,100,2,302
2023-11-16 09:38:25,46,50,2,302
2023-11-16 09:39:25,46,52,2,302
2023-11-16 09:39:26,46,100,2,302
2023-11-16 09:39:26,46,55,2,302
2023-11-16 09:39:26,46,50,2,302
2023-11-16 09:40:10,46,100,2,302
2023-11-16 09:40:10,0,100,2,302
2023-11-16 09:40:10,42,100,2,302
2023-11-16 09:40:10,45,100,2,302
2023-11-16 09:40:10,45,51,2,302
2023-11-16 09:40:10,45,49,2,302
2023-11-16 09:40:38,42,49,50,352
2023-11-16 09:40:46,42,100,50,352
2023-11-16 09:40:46,0,100,50,352
2023-11-16 09:40:46,39,100,50,352
2023-11-16 09:40:46,43,100,50,352
2023-11-16 09:40:46,43,51,50,352
2023-11-16 09:40:46,43,49,50,352
2023-11-16 09:40:46,43,47,50,352
2023-11-16 09:41:46,43,51,50,352
2023-11-16 09:41:47,43,100,50,352
2023-11-16 09:41:47,43,52,50,352
2023-11-16 09:41:47,43,49,50,352
2023-11-16 09:41:47,43,47,50,352
2023-11-16 09:42:25,0,47,50,352
2023-11-16 09:42:25,0,100,50,352
2023-11-16 09:42:25,40,100,50,352
2023-11-16 09:42:25,45,100,50,352
2023-11-16 09:42:25,45,49,50,352
2023-11-16 09:42:31,45,100,50,352
2023-11-16 09:42:31,0,100,50,352
2023-11-16 09:42:31,41,100,50,352
2023-11-16 09:42:31,43,100,50,352
2023-11-16 09:42:31,43,47,50,352
2023-11-16 09:42:45,0,47,50,352
2023-11-16 09:42:45,0,100,50,352
2023-11-16 09:42:45,43,100,50,352
2023-11-16 09:42:45,45,100,50,352
2023-11-16 09:42:45,45,51,50,352
2023-11-16 09:42:45,45,49,50,352
2023-11-16 09:43:05,45,100,50,352
2023-11-16 09:43:05,0,100,50,352
2023-11-16 09:43:05,39,100,50,352
2023-11-16 09:43:05,43,100,50,352
2023-11-16 09:43:05,43,49,50,352
2023-11-16 09:43:05,43,47,50,352
2023-11-16 09:43:49,0,47,50,352
2023-11-16 09:43:49,0,100,50,352
2023-11-16 09:43:49,45,100,50,352
2023-11-16 09:43:49,45,49,50,352
2023-11-16 09:44:16,0,49,50,352
2023-11-16 09:44:16,0,100,50,352
2023-11-16 09:44:16,42,100,50,352
2023-11-16 09:44:16,44,100,50,352
2023-11-16 09:44:16,46,100,50,352
2023-11-16 09:44:16,46,54,50,352
2023-11-16 09:44:16,46,52,50,352
2023-11-16 09:44:16,46,50,50,352
2023-11-16 09:44:35,46,100,50,352
2023-11-16 09:44:35,0,100,50,352
2023-11-16 09:44:35,43,100,50,352
2023-11-16 09:44:35,45,100,50,352
2023-11-16 09:44:35,45,49,50,352
2023-11-16 09:45:03,0,49,50,352
2023-11-16 09:45:03,0,100,50,352
2023-11-16 09:45:03,44,100,50,352
2023-11-16 09:45:03,46,100,50,352
2023-11-16 09:45:03,46,53,50,352
2023-11-16 09:45:03,46,50,50,352
2023-11-16 09:45:11,0,50,50,352
2023-11-16 09:45:11,0,100,50,352
2023-11-16 09:45:11,45,100,50,352
2023-11-16 09:45:11,48,100,50,352
2023-11-16 09:45:11,48,57,50,352
2023-11-16 09:45:11,48,54,50,352
2023-11-16 09:45:11,48,52,50,352
2023-11-16 09:45:20,0,52,50,352
2023-11-16 09:45:20,0,100,50,352
2023-11-16 09:45:20,48,100,50,352
2023-11-16 09:45:20,50,100,50,352
2023-11-16 09:45:20,50,55,50,352
2023-11-16 09:45:20,50,53,50,352
2023-11-16 09:45:27,0,53,50,352
2023-11-16 09:45:27,0,100,50,352
2023-11-16 09:45:27,49,100,50,352
2023-11-16 09:45:27,51,100,50,352
2023-11-16 09:45:27,51,57,50,352
2023-11-16 09:45:27,51,55,50,352
2023-11-16 09:45:33,0,55,50,352
2023-11-16 09:45:33,0,100,50,352
2023-11-16 09:45:33,48,100,50,352
2023-11-16 09:45:33,52,100,50,352
2023-11-16 09:45:33,52,60,50,352
2023-11-16 09:45:33,52,58,50,352
2023-11-16 09:45:33,52,56,50,352
2023-11-16 09:46:15,52,100,50,352
2023-11-16 09:46:15,0,100,50,352
2023-11-16 09:46:15,48,100,50,352
2023-11-16 09:46:15,51,100,50,352
2023-11-16 09:46:15,51,55,50,352
2023-11-16 09:46:22,0,55,50,352
2023-11-16 09:46:22,0,100,50,352
2023-11-16 09:46:22,48,100,50,352
2023-11-16 09:46:22,53,100,50,352
2023-11-16 09:46:22,53,60,50,352
2023-11-16 09:46:22,53,56,50,352
2023-11-16 09:46:28,0,56,50,352
2023-11-16 09:46:28,0,100,50,352
2023-11-16 09:46:28,50,100,50,352
2023-11-16 09:46:28,54,100,50,352
2023-11-16 09:46:28,54,62,50,352
2023-11-16 09:46:28,54,60,50,352
2023-11-16 09:46:28,54,58,50,352
2023-11-16 09:47:28,52,58,50,352
2023-11-16 09:47:29,54,100,50,352
2023-11-16 09:47:29,54,60,50,352
2023-11-16 09:47:29,54,58,50,352
2023-11-16 09:48:29,52,58,50,352
2023-11-16 09:48:30,49,100,50,352
2023-11-16 09:48:30,54,100,50,352
2023-11-16 09:48:30,54,60,50,352
2023-11-16 09:48:30,54,58,50,352
2023-11-16 09:48:53,0,58,50,352
2023-11-16 09:48:53,0,100,50,352
2023-11-16 09:48:53,50,100,50,352
2023-11-16 09:48:53,55,100,50,352
2023-11-16 09:48:53,55,59,50,352
2023-11-16 09:49:53,55,61,50,352
2023-11-16 09:49:54,55,100,50,352
2023-11-16 09:49:54,55,59,50,352
2023-11-16 09:50:01,55,100,50,352
2023-11-16 09:50:01,0,100,50,352
2023-11-16 09:50:01,49,100,50,352
2023-11-16 09:50:01,51,100,50,352
2023-11-16 09:50:01,53,100,50,352
2023-11-16 09:50:01,53,57,50,352
2023-11-16 09:51:01,53,100,50,352
2023-11-16 09:51:02,54,100,50,352
2023-11-16 09:51:02,54,58,50,352
2023-11-16 09:51:22,0,58,50,352
2023-11-16 09:51:22,0,100,50,352
2023-11-16 09:51:22,51,100,50,352
2023-11-16 09:51:22,55,100,50,352
2023-11-16 09:51:22,55,63,50,352
2023-11-16 09:51:22,55,59,50,352
2023-11-16 09:51:37,55,100,50,352
2023-11-16 09:51:37,0,100,50,352
2023-11-16 09:51:37,52,100,50,352
2023-11-16 09:51:37,54,100,50,352
2023-11-16 09:51:37,54,60,50,352
2023-11-16 09:51:37,54,58,50,352
2023-11-16 09:52:25,0,58,50,352
2023-11-16 09:52:25,0,100,50,352
2023-11-16 09:52:25,52,100,50,352
2023-11-16 09:52:25,55,100,50,352
2023-11-16 09:52:25,55,59,50,352
2023-11-16 09:53:25,52,59,50,352
2023-11-16 09:53:26,52,100,50,352
2023-11-16 09:53:26,56,100,50,352
2023-11-16 09:53:26,56,60,50,352
2023-11-16 09:54:07,0,60,50,352
2023-11-16 09:54:07,0,100,50,352
2023-11-16 09:54:07,56,100,50,352
2023-11-16 09:54:07,56,65,50,352
2023-11-16 09:54:07,56,63,50,352
2023-11-16 09:54:07,56,61,50,352
2023-11-16 09:54:10,56,100,50,352
2023-11-16 09:54:10,0,100,50,352
2023-11-16 09:54:10,51,100,50,352
2023-11-16 09:54:10,56,100,50,352
2023-11-16 09:54:10,56,64,50,352
2023-11-16 09:54:10,56,62,50,352
2023-11-16 09:54:10,56,60,50,352
2023-11-16 09:54:24,0,60,50,352
2023-11-16 09:54:24,0,100,50,352
2023-11-16 09:54:24,55,100,50,352
2023-11-16 09:54:24,56,100,50,352
2023-11-16 09:54:24,56,61,50,352
2023-11-16 09:54:59,56,63,2,402
2023-11-16 09:55:01,0,63,2,402
2023-11-16 09:55:01,0,100,2,402
2023-11-16 09:55:01,55,100,2,402
2023-11-16 09:55:01,56,100,2,402
2023-11-16 09:55:01,59,100,2,402
2023-11-16 09:55:01,59,65,2,402
2023-11-16 09:55:01,59,63,2,402
2023-11-16 09:55:27,0,63,2,402
2023-11-16 09:55:27,0,100,2,402
2023-11-16 10:06:29,59,100,2,402
2023-11-16 10:06:29,61,100,2,402
2023-11-16 10:06:29,63,100,2,402
2023-11-16 10:06:29,63,72,2,402
2023-11-16 10:06:29,63,70,2,402
2023-11-16 10:06:29,63,68,2,402
2023-11-16 10:07:04,63,100,2,402
2023-11-16 10:07:04,0,100,2,402
2023-11-16 10:07:04,62,100,2,402
2023-11-16 10:07:04,62,70,2,402
2023-11-16 10:07:04,62,66,2,402
2023-11-16 10:07:13,62,100,2,402
2023-11-16 10:07:13,0,100,2,402
2023-11-16 10:07:13,57,100,2,402
2023-11-16 10:07:13,60,100,2,402
2023-11-16 10:07:13,60,69,2,402
2023-11-16 10:07:13,60,65,2,402
2023-11-16 10:07:30,60,100,2,402
2023-11-16 10:07:30,0,100,2,402
2023-11-16 10:07:30,54,100,2,402
2023-11-16 10:07:30,59,100,2,402
2023-11-16 10:07:30,59,64,2,402
2023-11-16 10:07:41,59,100,2,402
2023-11-16 10:07:41,0,100,2,402
2023-11-16 10:07:41,56,100,2,402
2023-11-16 10:07:41,56,64,2,402
2023-11-16 10:07:41,56,62,2,402
2023-11-16 10:07:48,56,100,2,402
2023-11-16 10:07:48,0,100,2,402
2023-11-16 10:07:48,56,100,2,402
2023-11-16 10:07:48,56,63,2,402
2023-11-16 10:07:48,56,61,2,402
2023-11-16 10:08:24,56,100,2,402
2023-11-16 10:08:24,0,100,2,402
2023-11-16 10:08:24,55,100,2,402
2023-11-16 10:08:24,55,62,2,402
2023-11-16 10:08:24,55,60,2,402
2023-11-16 10:08:30,55,100,2,402
2023-11-16 10:08:30,0,100,2,402
2023-11-16 10:08:30,45,100,2,402
2023-11-16 10:08:30,47,100,2,402
2023-11-16 10:08:30,50,100,2,402
2023-11-16 10:08:30,50,60,2,402
2023-11-16 10:08:48,0,60,2,402
2023-11-16 10:08:48,0,100,2,402
2023-11-16 10:08:48,54,100,2,402
2023-11-16 10:08:48,54,63,2,402
2023-11-16 10:08:48,54,59,2,402
2023-11-16 10:09:04,0,59,2,402
2023-11-16 10:09:04,0,100,2,402
2023-11-16 10:09:04,50,100,2,402
2023-11-16 10:09:04,55,100,2,402
2023-11-16 10:09:04,55,64,2,402
2023-11-16 10:09:04,55,62,2,402
2023-11-16 10:09:04,55,60,2,402
2023-11-16 10:09:17,55,100,2,402
2023-11-16 10:09:17,0,100,2,402
2023-11-16 10:09:17,52,100,2,402
2023-11-16 10:09:17,54,100,2,402
2023-11-16 10:09:17,54,61,2,402
2023-11-16 10:09:17,54,59,2,402
2023-11-16 10:09:34,0,59,2,402
2023-11-16 10:09:34,0,100,2,402
2023-11-16 10:09:34,51,100,2,402
2023-11-16 10:09:34,53,100,2,402
2023-11-16 10:09:34,56,100,2,402
2023-11-16 10:09:34,56,65,2,402
2023-11-16 10:09:34,56,63,2,402
2023-11-16 10:09:34,56,61,2,402
2023-11-16 10:10:34,53,61,2,402
2023-11-16 10:10:34,49,100,2,402
2023-11-16 10:10:34,52,100,2,402
2023-11-16 10:10:34,54,100,2,402
2023-11-16 10:10:34,54,59,2,402
2023-11-16 10:10:44,54,100,2,402
2023-11-16 10:10:44,0,100,2,402
2023-11-16 10:10:44,51,100,2,402
2023-11-16 10:10:44,53,100,2,402
2023-11-16 10:10:44,53,58,2,402
2023-11-16 10:11:12,53,100,2,402
2023-11-16 10:11:12,0,100,2,402
2023-11-16 10:11:12,48,100,2,402
2023-11-16 10:11:12,51,100,2,402
2023-11-16 10:11:12,51,61,2,402
2023-11-16 10:11:12,51,56,2,402
2023-11-16 10:11:55,0,56,2,402
2023-11-16 10:11:55,0,100,2,402
2023-11-16 10:11:55,51,100,2,402
2023-11-16 10:11:55,53,100,2,402
2023-11-16 10:11:55,53,60,2,402
2023-11-16 10:11:55,53,58,2,402
2023-11-16 10:12:55,53,60,2,402
2023-11-16 10:12:56,52,100,2,402
2023-11-16 10:12:56,54,100,2,402
2023-11-16 10:12:56,54,64,2,402
2023-11-16 10:12:56,54,62,2,402
2023-11-16 10:12:56,54,59,2,402
2023-11-16 10:13:00,0,59,2,402
2023-11-16 10:13:00,0,100,2,402
2023-11-16 10:13:00,52,100,2,402
2023-11-16 10:13:00,55,100,2,402
2023-11-16 10:13:00,55,64,2,402
2023-11-16 10:13:00,55,60,2,402
2023-11-16 10:13:14,55,100,2,402
2023-11-16 10:13:14,0,100,2,402
2023-11-16 10:13:14,49,100,2,402
2023-11-16 10:13:14,54,100,2,402
2023-11-16 10:13:14,54,61,2,402
2023-11-16 10:13:14,54,59,2,402
2023-11-16 10:13:37,54,100,2,402
2023-11-16 10:13:37,0,100,2,402
2023-11-16 10:13:37,49,100,2,402
2023-11-16 10:13:37,52,100,2,402
2023-11-16 10:13:37,52,57,2,402
2023-11-16 10:14:14,0,57,2,402
2023-11-16 10:14:14,0,100,2,402
2023-11-16 10:14:14,50,100,2,402
2023-11-16 10:14:14,52,100,2,402
2023-11-16 10:14:14,54,100,2,402
2023-11-16 10:14:14,54,61,2,402
2023-11-16 10:14:14,54,59,2,402
2023-11-16 10:14:43,54,100,2,402
2023-11-16 10:14:43,0,100,2,402
2023-11-16 10:14:43,52,100,2,402
2023-11-16 10:14:43,52,61,2,402
2023-11-16 10:14:43,52,59,2,402
2023-11-16 10:14:43,52,57,2,402
2023-11-16 10:15:00,52,100,2,402
2023-11-16 10:15:00,0,100,2,402
2023-11-16 10:15:00,48,100,2,402
2023-11-16 10:15:00,51,100,2,402
2023-11-16 10:15:00,51,56,2,402
2023-11-16 10:15:06,51,100,2,402
2023-11-16 10:15:06,0,100,2,402
2023-11-16 10:15:06,44,100,2,402
2023-11-16 10:15:06,46,100,2,402
2023-11-16 10:15:06,49,100,2,402
2023-11-16 10:15:06,49,59,2,402
2023-11-16 10:15:06,49,54,2,402
2023-11-16 10:15:28,0,54,2,402
2023-11-16 10:15:28,0,100,2,402
2023-11-16 10:15:28,51,100,2,402
2023-11-16 10:15:28,51,61,2,402
2023-11-16 10:15:28,51,56,2,402
2023-11-16 10:16:18,51,100,2,402
2023-11-16 10:16:18,0,100,2,402
2023-11-16 10:16:18,49,100,2,402
2023-11-16 10:16:18,49,59,2,402
2023-11-16 10:16:18,49,54,2,402
2023-11-16 10:17:18,0,54,2,402
2023-11-16 10:17:19,48,100,2,402
2023-11-16 10:17:19,48,53,2,402
2023-11-16 10:17:36,48,100,2,402
2023-11-16 10:17:36,0,100,2,402
2023-11-16 10:17:36,43,100,2,402
2023-11-16 10:17:36,47,100,2,402
2023-11-16 10:17:36,47,57,2,402
2023-11-16 10:17:36,47,54,2,402
2023-11-16 10:17:36,47,52,2,402
2023-11-16 10:17:49,47,100,2,402
2023-11-16 10:17:49,0,100,2,402
2023-11-16 10:17:49,43,100,2,402
2023-11-16 10:17:49,45,100,2,402
2023-11-16 10:17:49,45,50,2,402
2023-11-16 10:18:00,45,100,2,402
2023-11-16 10:18:00,0,100,2,402
2023-11-16 10:18:00,44,100,2,402
2023-11-16 10:18:00,44,49,2,402
2023-11-16 10:18:38,0,49,2,402
2023-11-16 10:18:38,0,100,2,402
2023-11-16 10:18:38,41,100,2,402
2023-11-16 10:18:38,43,100,2,402
2023-11-16 10:18:38,45,100,2,402
2023-11-16 10:18:38,45,52,2,402
2023-11-16 10:18:38,45,50,2,402
2023-11-16 10:19:29,45,100,2,402
2023-11-16 10:19:29,0,100,2,402
2023-11-16 10:19:29,42,100,2,402
2023-11-16 10:19:29,44,100,2,402
2023-11-16 10:19:29,44,54,2,402
2023-11-16 10:19:29,44,51,2,402
2023-11-16 10:19:29,44,49,2,402
2023-11-16 10:19:33,44,100,2,402
2023-11-16 10:19:33,0,100,2,402
2023-11-16 10:19:33,42,100,2,402
2023-11-16 10:19:33,42,50,2,402
2023-11-16 10:19:33,42,47,2,402
2023-11-16 10:20:15,0,47,2,402
2023-11-16 10:20:15,0,100,2,402
2023-11-16 10:20:15,39,100,2,402
2023-11-16 10:20:15,44,100,2,402
2023-11-16 10:20:15,44,53,2,402
2023-11-16 10:20:15,44,48,2,402
2023-11-16 10:20:19,44,100,2,402
2023-11-16 10:20:19,0,100,2,402
2023-11-16 10:20:19,42,100,2,402
2023-11-16 10:20:19,42,49,2,402
2023-11-16 10:20:19,42,47,2,402
2023-11-16 10:20:37,0,47,2,402
2023-11-16 10:20:37,0,100,2,402
2023-11-16 10:20:37,44,100,2,402
2023-11-16 10:20:37,44,53,2,402
2023-11-16 10:20:37,44,50,2,402
2023-11-16 10:20:37,44,48,2,402
2023-11-16 10:21:00,44,100,2,402
2023-11-16 10:21:00,0,100,2,402
2023-11-16 10:21:00,38,100,2,402
2023-11-16 10:21:00,40,100,2,402
2023-11-16 10:21:00,42,100,2,402
2023-11-16 10:21:00,42,51,2,402
2023-11-16 10:21:00,42,49,2,402
2023-11-16 10:21:00,42,47,2,402
2023-11-16 10:21:04,0,47,2,402
2023-11-16 10:21:04,0,100,2,402
2023-11-16 10:21:04,40,100,2,402
2023-11-16 10:21:04,44,100,2,402
2023-11-16 10:21:04,44,49,2,402
2023-11-16 10:21:18,0,49,2,402
2023-11-16 10:21:18,0,100,2,402
2023-11-16 10:21:18,45,100,2,402
2023-11-16 10:21:18,45,53,2,402
2023-11-16 10:21:18,45,50,2,402
2023-11-16 10:21:55,0,50,2,402
2023-11-16 10:21:55,0,100,2,402
2023-11-16 10:21:55,42,100,2,402
2023-11-16 10:21:55,44,100,2,402
2023-11-16 10:21:55,44,60,2,402
2023-11-16 10:21:55,44,58,2,402
2023-11-16 10:21:55,44,55,2,402
2023-11-16 10:21:56,0,55,2,402
2023-11-16 10:21:56,0,100,2,402
2023-11-16 10:21:56,46,100,2,402
2023-11-16 10:21:56,48,100,2,402
2023-11-16 10:21:56,48,58,2,402
2023-11-16 10:21:56,48,55,2,402
2023-11-16 10:21:56,48,53,2,402
2023-11-16 10:22:56,48,55,2,402
2023-11-16 10:22:57,44,100,2,402
2023-11-16 10:22:57,48,100,2,402
2023-11-16 10:22:57,48,55,2,402
2023-11-16 10:22:57,48,53,2,402
2023-11-16 10:23:14,0,53,2,402
2023-11-16 10:23:14,0,100,2,402
2023-11-16 10:23:14,44,100,2,402
2023-11-16 10:23:14,47,100,2,402
2023-11-16 10:23:14,49,100,2,402
2023-11-16 10:23:14,49,56,2,402
2023-11-16 10:23:14,49,54,2,402
2023-11-16 10:23:29,0,54,2,402
2023-11-16 10:23:29,0,100,2,402
2023-11-16 10:23:29,48,100,2,402
2023-11-16 10:23:29,50,100,2,402
2023-11-16 10:23:29,50,57,2,402
2023-11-16 10:23:29,50,55,2,402
2023-11-16 10:24:29,50,57,2,402
2023-11-16 10:24:30,51,100,2,402
2023-11-16 10:24:30,51,61,2,402
2023-11-16 10:24:30,51,58,2,402
2023-11-16 10:24:30,51,56,2,402
2023-11-16 10:24:40,0,56,2,402
2023-11-16 10:24:40,0,100,2,402
2023-11-16 10:24:40,53,100,2,402
2023-11-16 10:24:40,53,60,2,402
2023-11-16 10:24:40,53,58,2,402
2023-11-16 10:24:49,0,58,2,402
2023-11-16 10:24:49,0,100,2,402
2023-11-16 10:24:49,54,100,2,402
2023-11-16 10:24:49,54,61,2,402
2023-11-16 10:24:49,54,59,2,402
2023-11-16 10:25:14,0,59,2,402
2023-11-16 10:25:14,0,100,2,402
2023-11-16 10:25:14,56,100,2,402
2023-11-16 10:25:14,56,63,2,402
2023-11-16 10:25:14,56,61,2,402
2023-11-16 10:25:34,56,100,2,402
2023-11-16 10:25:34,0,100,2,402
2023-11-16 10:25:34,49,100,2,402
2023-11-16 10:25:34,52,100,2,402
2023-11-16 10:25:34,54,100,2,402
2023-11-16 10:25:34,54,61,2,402
2023-11-16 10:25:34,54,59,2,402
2023-11-16 10:26:18,0,59,2,402
2023-11-16 10:26:18,0,100,2,402
2023-11-16 10:26:18,52,100,2,402
2023-11-16 10:26:18,54,100,2,402
2023-11-16 10:26:18,56,100,2,402
2023-11-16 10:26:18,56,63,2,402
2023-11-16 10:26:18,56,61,2,402
2023-11-16 10:27:02,56,100,2,402
2023-11-16 10:27:02,0,100,2,402
2023-11-16 10:27:02,54,100,2,402
2023-11-16 10:27:02,54,59,2,402
2023-11-16 10:27:30,54,100,2,402
2023-11-16 10:27:30,0,100,2,402
2023-11-16 10:27:30,48,100,2,402
2023-11-16 10:27:30,53,100,2,402
2023-11-16 10:27:30,53,61,2,402
2023-11-16 10:27:30,53,58,2,402
2023-11-16 10:27:55,53,100,2,402
2023-11-16 10:27:55,0,100,2,402
2023-11-16 10:27:55,51,100,2,402
2023-11-16 10:27:55,51,56,2,402
2023-11-16 10:28:55,49,56,2,402
2023-11-16 10:28:56,46,100,2,402
2023-11-16 10:28:56,51,100,2,402
2023-11-16 10:28:56,51,56,2,402
2023-11-16 10:29:13,0,56,2,402
2023-11-16 10:29:13,0,100,2,402
2023-11-16 10:29:13,53,100,2,402
2023-11-16 10:29:13,53,60,2,402
2023-11-16 10:29:13,53,58,2,402
2023-11-16 10:29:39,0,58,2,402
2023-11-16 10:29:39,0,100,2,402
2023-11-16 10:29:39,54,100,2,402
2023-11-16 10:29:39,54,63,2,402
2023-11-16 10:29:39,54,59,2,402
2023-11-16 10:30:20,0,59,2,402
2023-11-16 10:30:20,0,100,2,402
2023-11-16 10:30:20,54,100,2,402
2023-11-16 10:30:20,56,100,2,402
2023-11-16 10:30:20,56,62,2,402
2023-11-16 10:30:20,56,60,2,402
2023-11-16 10:30:31,56,100,2,402
2023-11-16 10:30:31,0,100,2,402
2023-11-16 10:30:31,49,100,2,402
2023-11-16 10:30:31,52,100,2,402
2023-11-16 10:30:31,54,100,2,402
2023-11-16 10:30:31,54,63,2,402
2023-11-16 10:30:31,54,59,2,402
2023-11-16 10:30:42,0,59,2,402
2023-11-16 10:30:42,0,100,2,402
2023-11-16 10:30:42,54,100,2,402
2023-11-16 10:30:42,56,100,2,402
2023-11-16 10:30:42,56,62,2,402
2023-11-16 10:30:42,56,60,2,402
2023-11-16 10:31:24,56,62,27,427
2023-11-16 10:31:30,0,62,27,427
2023-11-16 10:31:30,0,100,27,427
2023-11-16 10:31:30,52,100,27,427
2023-11-16 10:31:30,54,100,27,427
2023-11-16 10:31:30,56,100,27,427
2023-11-16 10:31:30,56,62,27,427
2023-11-16 10:31:32,56,64,102,502
2023-11-16 10:31:32,0,64,102,502
2023-11-16 10:31:32,0,100,102,502
2023-11-16 10:31:32,57,100,102,502
2023-11-16 10:31:32,57,67,102,502
2023-11-16 10:31:32,57,65,102,502
2023-11-16 10:31:32,57,63,102,502
2023-11-16 10:31:58,57,100,102,502
2023-11-16 10:31:58,0,100,102,502
2023-11-16 10:31:58,56,100,102,502
2023-11-16 10:31:58,56,66,102,502
2023-11-16 10:31:58,56,62,102,502
2023-11-16 10:32:58,53,62,102,502
2023-11-16 10:32:59,56,100,102,502
2023-11-16 10:32:59,56,61,102,502
2023-11-16 10:33:06,56,100,102,502
2023-11-16 10:33:06,0,100,102,502
2023-11-16 10:33:06,55,100,102,502
2023-11-16 10:33:06,55,61,102,502
2023-11-16 10:33:06,55,59,102,502
2023-11-16 10:33:10,55,100,102,502
2023-11-16 10:33:10,0,100,102,502
2023-11-16 10:33:10,48,100,102,502
2023-11-16 10:33:10,53,100,102,502
2023-11-16 10:33:10,53,63,102,502
2023-11-16 10:33:10,53,58,102,502
2023-11-16 10:33:27,53,100,102,502
2023-11-16 10:33:27,0,100,102,502
2023-11-16 10:33:27,50,100,102,502
2023-11-16 10:33:27,52,100,102,502
2023-11-16 10:33:27,52,58,102,502
2023-11-16 10:33:27,52,56,102,502
2023-11-16 10:33:32,52,100,102,502
2023-11-16 10:33:32,0,100,102,502
2023-11-16 10:33:32,50,100,102,502
2023-11-16 10:33:32,50,60,102,502
2023-11-16 10:33:32,50,58,102,502
2023-11-16 10:33:32,50,55,102,502
2023-11-16 10:34:32,50,58,102,502
2023-11-16 10:34:33,44,100,102,502
2023-11-16 10:34:33,49,100,102,502
2023-11-16 10:34:33,49,59,102,502
2023-11-16 10:34:33,49,56,102,502
2023-11-16 10:34:33,49,54,102,502
2023-11-16 10:34:35,49,100,102,502
2023-11-16 10:34:35,0,100,102,502
2023-11-16 10:34:35,43,100,102,502
2023-11-16 10:34:35,48,100,102,502
2023-11-16 10:34:35,48,53,102,502
2023-11-16 10:34:45,48,100,102,502
2023-11-16 10:34:45,0,100,102,502
2023-11-16 10:34:45,46,100,102,502
2023-11-16 10:34:45,46,51,102,502
2023-11-16 10:35:05,46,100,102,502
2023-11-16 10:35:05,0,100,102,502
2023-11-16 10:35:05,41,100,102,502
2023-11-16 10:35:05,43,100,102,502
2023-11-16 10:35:05,45,100,102,502
2023-11-16 10:35:05,45,55,102,502
2023-11-16 10:35:05,45,50,102,502
2023-11-16 10:35:08,45,100,102,502
2023-11-16 10:35:08,0,100,102,502
2023-11-16 10:35:08,43,100,102,502
2023-11-16 10:35:08,43,50,102,502
2023-11-16 10:35:08,43,48,102,502
2023-11-16 10:35:18,43,100,102,502
2023-11-16 10:35:18,0,100,102,502
2023-11-16 10:35:18,35,100,102,502
2023-11-16 10:35:18,39,100,102,502
2023-11-16 10:35:18,39,51,102,502
2023-11-16 10:35:18,39,49,102,502
2023-11-16 10:35:49,39,100,102,502
2023-11-16 10:35:49,0,100,102,502
2023-11-16 10:35:49,32,100,102,502
2023-11-16 10:35:49,36,100,102,502
2023-11-16 10:35:49,36,52,102,502
2023-11-16 10:35:49,36,49,102,502
2023-11-16 10:35:49,36,47,102,502
2023-11-16 10:36:00,36,100,102,502
2023-11-16 10:36:00,0,100,102,502
2023-11-16 10:36:00,34,100,102,502
2023-11-16 10:36:00,36,100,102,502
2023-11-16 10:36:00,38,100,102,502
2023-11-16 10:36:00,38,48,102,502
2023-11-16 10:36:00,38,45,102,502
2023-11-16 10:36:00,38,44,102,502
2023-11-16 10:36:09,0,44,102,502
2023-11-16 10:36:09,0,100,102,502
2023-11-16 10:36:09,37,100,102,502
2023-11-16 10:36:09,39,100,102,502
2023-11-16 10:36:09,39,49,102,502
2023-11-16 10:36:09,39,44,102,502
2023-11-16 10:36:31,0,44,102,502
2023-11-16 10:36:31,0,100,102,502
2023-11-16 10:36:31,38,100,102,502
2023-11-16 10:36:31,40,100,102,502
2023-11-16 10:36:31,40,50,102,502
2023-11-16 10:36:31,40,48,102,502
2023-11-16 10:36:31,40,45,102,502
2023-11-16 10:37:04,40,100,102,502
2023-11-16 10:37:04,0,100,102,502
2023-11-16 10:37:04,37,100,102,502
2023-11-16 10:37:04,39,100,102,502
2023-11-16 10:37:04,39,49,102,502
2023-11-16 10:37:04,39,46,102,502
2023-11-16 10:37:04,39,44,102,502
2023-11-16 10:37:29,0,44,102,502
2023-11-16 10:37:29,0,100,102,502
2023-11-16 10:37:29,37,100,102,502
2023-11-16 10:37:29,39,100,102,502
2023-11-16 10:37:29,41,100,102,502
2023-11-16 10:37:29,41,48,102,502
2023-11-16 10:37:29,41,46,102,502
2023-11-16 10:37:49,0,46,102,502
2023-11-16 10:37:49,0,100,102,502
2023-11-16 10:37:49,40,100,102,502
2023-11-16 10:37:49,42,100,102,502
2023-11-16 10:37:49,42,52,102,502
2023-11-16 10:37:49,42,47,102,502
2023-11-16 10:38:34,42,100,102,502
2023-11-16 10:38:34,0,100,102,502
2023-11-16 10:38:34,37,100,102,502
2023-11-16 10:38:34,39,100,102,502
2023-11-16 10:38:34,41,100,102,502
2023-11-16 10:38:34,41,46,102,502
2023-11-16 10:39:00,41,100,102,502
2023-11-16 10:39:00,0,100,102,502
2023-11-16 10:39:00,34,100,102,502
2023-11-16 10:39:00,36,100,102,502
2023-11-16 10:39:00,36,46,102,502
2023-11-16 10:39:34,0,46,102,502
2023-11-16 10:39:34,0,100,102,502
2023-11-16 10:39:34,36,100,102,502
2023-11-16 10:39:34,40,100,102,502
2023-11-16 10:39:34,40,50,102,502
2023-11-16 10:39:34,40,45,102,502
2023-11-16 10:39:44,0,45,102,502
2023-11-16 10:39:44,0,100,102,502
2023-11-16 10:39:44,41,100,102,502
2023-11-16 10:39:44,41,48,102,502
2023-11-16 10:39:44,41,46,102,502
2023-11-16 10:40:23,41,100,102,502
2023-11-16 10:40:23,0,100,102,502
2023-11-16 10:40:23,38,100,102,502
2023-11-16 10:40:23,40,100,102,502
2023-11-16 10:40:23,40,48,102,502
2023-11-16 10:40:23,40,45,102,502
2023-11-16 10:40:36,0,45,102,502
2023-11-16 10:40:36,0,100,102,502
2023-11-16 10:40:36,41,100,102,502
2023-11-16 10:40:36,41,51,102,502
2023-11-16 10:40:36,41,46,102,502
2023-11-16 10:41:21,41,100,102,502
2023-11-16 10:41:21,0,100,102,502
2023-11-16 10:41:21,38,100,102,502
2023-11-16 10:41:21,40,100,102,502
2023-11-16 10:41:21,40,45,102,502
2023-11-16 10:41:31,40,100,102,502
2023-11-16 10:41:31,0,100,102,502
2023-11-16 10:41:31,38,100,102,502
2023-11-16 10:41:31,38,48,102,502
2023-11-16 10:41:31,38,45,102,502
2023-11-16 10:41:31,38,44,102,502
2023-11-16 10:41:40,38,100,102,502
2023-11-16 10:41:40,0,100,102,502
2023-11-16 10:41:40,33,100,102,502
2023-11-16 10:41:40,37,100,102,502
2023-11-16 10:41:40,37,46,102,502
2023-11-16 10:41:40,37,44,102,502
2023-11-16 10:41:40,37,43,102,502
2023-11-16 10:42:01,37,100,102,502
2023-11-16 10:42:01,0,100,102,502
2023-11-16 10:42:01,36,100,102,502
2023-11-16 10:42:01,36,40,102,502
2023-11-16 10:42:02,36,100,102,502
2023-11-16 10:42:02,0,100,102,502
2023-11-16 10:42:02,32,100,102,502
2023-11-16 10:42:02,34,100,102,502
2023-11-16 10:42:02,34,41,102,502
2023-11-16 10:42:02,34,39,102,502
2023-11-16 10:42:08,32,39,52,552
2023-11-16 10:42:19,0,39,52,552
2023-11-16 10:42:19,0,100,52,552
2023-11-16 10:42:19,35,100,52,552
2023-11-16 10:42:19,35,45,52,552
2023-11-16 10:42:19,35,40,52,552
2023-11-16 10:42:31,0,40,52,552
2023-11-16 10:42:31,0,100,52,552
2023-11-16 10:42:31,37,100,52,552
2023-11-16 10:42:31,37,46,52,552
2023-11-16 10:42:31,37,44,52,552
2023-11-16 10:42:31,37,43,52,552
2023-11-16 10:42:46,0,43,52,552
2023-11-16 10:42:46,0,100,52,552
2023-11-16 10:42:46,34,100,52,552
2023-11-16 10:42:46,36,100,52,552
2023-11-16 10:42:46,38,100,52,552
2023-11-16 10:42:46,38,48,52,552
2023-11-16 10:42:46,38,44,52,552
2023-11-16 10:42:54,0,44,52,552
2023-11-16 10:42:54,0,100,52,552
2023-11-16 10:42:54,36,100,52,552
2023-11-16 10:42:54,40,100,52,552
2023-11-16 10:42:54,40,50,52,552
2023-11-16 10:42:54,40,45,52,552
2023-11-16 10:43:24,40,100,52,552
2023-11-16 10:43:24,0,100,52,552
2023-11-16 10:43:24,36,100,52,552
2023-11-16 10:43:24,38,100,52,552
2023-11-16 10:43:24,38,44,52,552
2023-11-16 10:43:41,0,44,52,552
2023-11-16 10:43:41,0,100,52,552
2023-11-16 10:43:41,40,100,52,552
2023-11-16 10:43:41,40,45,52,552
2023-11-16 10:44:19,40,100,52,552
2023-11-16 10:44:19,0,100,52,552
2023-11-16 10:44:19,32,100,52,552
2023-11-16 10:44:19,34,100,52,552
2023-11-16 10:44:19,34,44,52,552
2023-11-16 10:44:23,34,100,52,552
2023-11-16 10:44:23,0,100,52,552
2023-11-16 10:44:23,33,100,52,552
2023-11-16 10:44:23,35,100,52,552
2023-11-16 10:44:23,35,43,52,552
2023-11-16 10:44:23,35,40,52,552
2023-11-16 10:45:23,35,43,52,552
2023-11-16 10:45:24,31,100,52,552
2023-11-16 10:45:24,35,100,52,552
2023-11-16 10:45:24,35,45,52,552
2023-11-16 10:45:24,35,43,52,552
2023-11-16 10:45:24,35,40,52,552
2023-11-16 10:46:24,35,45,52,552
2023-11-16 10:46:25,34,100,52,552
2023-11-16 10:46:25,36,100,52,552
2023-11-16 10:46:25,36,46,52,552
2023-11-16 10:46:25,36,41,52,552
2023-11-16 10:46:43,0,41,52,552
2023-11-16 10:46:43,0,100,52,552
2023-11-16 10:46:43,37,100,52,552
2023-11-16 10:46:43,37,44,52,552
2023-11-16 10:46:43,37,43,52,552
2023-11-16 10:46:52,0,43,52,552
2023-11-16 10:46:52,0,100,52,552
2023-11-16 10:46:52,34,100,52,552
2023-11-16 10:46:52,36,100,52,552
2023-11-16 10:46:52,38,100,52,552
2023-11-16 10:46:52,38,44,52,552
2023-11-16 10:47:00,0,44,52,552
2023-11-16 10:47:00,0,100,52,552
2023-11-16 10:47:00,38,100,52,552
2023-11-16 10:47:00,40,100,52,552
2023-11-16 10:47:00,40,45,52,552
2023-11-16 10:47:17,0,45,52,552
2023-11-16 10:47:17,0,100,52,552
2023-11-16 10:47:17,36,100,52,552
2023-11-16 10:47:17,41,100,52,552
2023-11-16 10:47:17,41,51,52,552
2023-11-16 10:47:17,41,48,52,552
2023-11-16 10:47:17,41,46,52,552
2023-11-16 10:47:41,0,46,52,552
2023-11-16 10:47:41,0,100,52,552
2023-11-16 10:47:41,41,100,52,552
2023-11-16 10:47:41,43,100,52,552
2023-11-16 10:47:41,43,50,52,552
2023-11-16 10:47:41,43,48,52,552
2023-11-16 10:47:44,0,48,52,552
2023-11-16 10:47:44,0,100,52,552
2023-11-16 10:47:44,42,100,52,552
2023-11-16 10:47:44,42,56,52,552
2023-11-16 10:47:44,42,53,52,552
2023-11-16 10:47:54,42,100,52,552
2023-11-16 10:47:54,0,100,52,552
2023-11-16 10:47:54,41,100,52,552
2023-11-16 10:47:54,43,100,52,552
2023-11-16 10:47:54,43,50,52,552
2023-11-16 10:47:54,43,48,52,552
2023-11-16 10:48:05,43,100,52,552
2023-11-16 10:48:05,0,100,52,552
2023-11-16 10:48:05,42,100,52,552
2023-11-16 10:48:05,42,47,52,552
2023-11-16 10:48:43,0,47,52,552
2023-11-16 10:48:43,0,100,52,552
2023-11-16 10:48:43,43,100,52,552
2023-11-16 10:48:43,43,50,52,552
2023-11-16 10:48:43,43,48,52,552
2023-11-16 10:49:23,43,100,52,552
2023-11-16 10:49:23,0,100,52,552
2023-11-16 10:49:23,42,100,52,552
2023-11-16 10:49:23,42,49,52,552
2023-11-16 10:49:23,42,47,52,552
2023-11-16 10:50:05,42,100,52,552
2023-11-16 10:50:05,0,100,52,552
2023-11-16 10:50:05,40,100,52,552
2023-11-16 10:50:05,40,45,52,552
2023-11-16 10:50:18,0,45,52,552
2023-11-16 10:50:18,0,100,52,552
2023-11-16 10:50:18,37,100,52,552
2023-11-16 10:50:18,40,100,52,552
2023-11-16 10:50:18,42,100,52,552
2023-11-16 10:50:18,42,52,52,552
2023-11-16 10:50:18,42,49,52,552
2023-11-16 10:50:18,42,47,52,552
2023-11-16 10:50:34,42,100,52,552
2023-11-16 10:50:34,0,100,52,552
2023-11-16 10:50:34,40,100,52,552
2023-11-16 10:50:34,40,50,52,552
2023-11-16 10:50:34,40,47,52,552
2023-11-16 10:50:34,40,45,52,552
2023-11-16 10:51:29,40,100,52,552
2023-11-16 10:51:29,0,100,52,552
2023-11-16 10:51:29,39,100,52,552
2023-11-16 10:51:29,39,46,52,552
2023-11-16 10:51:29,39,44,52,552
2023-11-16 10:51:52,39,100,52,552
2023-11-16 10:51:52,37,100,52,552
2023-11-16 10:51:52,0,100,52,552
2023-11-16 10:51:52,31,100,52,552
2023-11-16 10:51:52,33,100,52,552
2023-11-16 10:51:52,33,48,52,552
2023-11-16 10:51:52,33,44,52,552
2023-11-16 10:52:48,33,100,52,552
2023-11-16 10:52:48,0,100,52,552
2023-11-16 10:52:48,32,100,52,552
2023-11-16 10:52:48,34,100,52,552
2023-11-16 10:52:48,34,41,52,552
2023-11-16 10:52:48,34,39,52,552
2023-11-16 10:53:20,0,39,52,552
2023-11-16 10:53:20,0,100,52,552
2023-11-16 10:53:20,31,100,52,552
2023-11-16 10:53:20,33,100,52,552
2023-11-16 10:53:20,35,100,52,552
2023-11-16 10:53:20,35,45,52,552
2023-11-16 10:53:20,35,43,52,552
2023-11-16 10:53:20,35,40,52,552
2023-11-16 10:54:20,35,45,52,552
2023-11-16 10:54:21,30,100,52,552
2023-11-16 10:54:21,32,100,52,552
2023-11-16 10:54:21,34,100,52,552
2023-11-16 10:54:21,34,44,52,552
2023-11-16 10:54:21,34,41,52,552
2023-11-16 10:54:21,34,39,52,552
2023-11-16 10:54:56,34,100,52,552
2023-11-16 10:54:56,0,100,52,552
2023-11-16 10:54:56,31,100,52,552
2023-11-16 10:54:56,33,100,52,552
2023-11-16 10:54:56,33,43,52,552
2023-11-16 10:54:56,33,40,52,552
2023-11-16 10:54:56,33,38,52,552
2023-11-16 10:55:56,28,38,52,552
2023-11-16 10:55:57,28,100,52,552
2023-11-16 10:55:57,33,100,52,552
2023-11-16 10:55:57,33,39,52,552
2023-11-16 10:55:57,33,37,52,552
2023-11-16 10:56:27,33,100,52,552
2023-11-16 10:56:27,0,100,52,552
2023-11-16 10:56:27,28,100,52,552
2023-11-16 10:56:27,31,100,52,552
2023-11-16 10:56:27,31,36,52,552
2023-11-16 10:57:19,0,36,52,552
2023-11-16 10:57:19,0,100,52,552
2023-11-16 10:57:19,31,100,52,552
2023-11-16 10:57:19,33,100,52,552
2023-11-16 10:57:19,33,38,52,552
2023-11-16 10:57:36,0,38,52,552
2023-11-16 10:57:36,0,100,52,552
2023-11-16 10:57:36,30,100,52,552
2023-11-16 10:57:36,34,100,52,552
2023-11-16 10:57:36,34,41,52,552
2023-11-16 10:57:36,34,39,52,552
2023-11-16 10:57:57,0,39,52,552
2023-11-16 10:57:57,0,100,52,552
2023-11-16 10:57:57,32,100,52,552
2023-11-16 10:57:57,36,100,52,552
2023-11-16 10:57:57,36,45,52,552
2023-11-16 10:57:57,36,43,52,552
2023-11-16 10:57:57,36,40,52,552
2023-11-16 10:58:57,36,100,52,552
2023-11-16 10:58:58,33,100,52,552
2023-11-16 10:58:58,35,100,52,552
2023-11-16 10:58:58,35,43,52,552
2023-11-16 10:58:58,35,40,52,552
2023-11-16 10:59:58,35,100,52,552
2023-11-16 10:59:59,30,100,52,552
2023-11-16 10:59:59,32,100,52,552
2023-11-16 10:59:59,34,100,52,552
2023-11-16 10:59:59,34,41,52,552
2023-11-16 10:59:59,34,39,52,552
2023-11-16 11:00:33,34,100,52,552
2023-11-16 11:00:33,0,100,52,552
2023-11-16 11:00:34,31,100,52,552
2023-11-16 11:00:34,33,100,52,552
2023-11-16 11:00:34,33,40,52,552
2023-11-16 11:00:34,33,38,52,552
2023-11-16 11:00:49,33,100,52,552
2023-11-16 11:00:49,0,100,52,552
2023-11-16 11:00:49,28,100,52,552
2023-11-16 11:00:49,32,100,52,552
2023-11-16 11:00:49,32,39,52,552
2023-11-16 11:00:49,32,37,52,552
2023-11-16 11:01:05,0,37,52,552
2023-11-16 11:01:05,0,100,52,552
2023-11-16 11:01:05,28,100,52,552
2023-11-16 11:01:05,31,100,52,552
2023-11-16 11:01:05,33,100,52,552
2023-11-16 11:01:05,33,40,52,552
2023-11-16 11:01:05,33,38,52,552
2023-11-16 11:02:05,33,40,52,552
2023-11-16 11:02:06,28,100,52,552
2023-11-16 11:02:06,32,100,52,552
2023-11-16 11:02:06,32,39,52,552
2023-11-16 11:02:06,32,37,52,552
2023-11-16 11:03:06,32,100,52,552
2023-11-16 11:03:07,30,100,52,552
2023-11-16 11:03:07,32,100,52,552
2023-11-16 11:03:07,32,39,52,552
2023-11-16 11:03:07,32,37,52,552
2023-11-16 11:03:19,0,37,52,552
2023-11-16 11:03:19,0,100,52,552
2023-11-16 11:03:19,31,100,52,552
2023-11-16 11:03:19,33,100,52,552
2023-11-16 11:03:19,33,43,52,552
2023-11-16 11:03:19,33,38,52,552
2023-11-16 11:03:31,0,38,52,552
2023-11-16 11:03:31,0,100,52,552
2023-11-16 11:03:31,34,100,52,552
2023-11-16 11:03:31,34,44,52,552
2023-11-16 11:03:31,34,39,52,552
2023-11-16 11:04:03,0,39,52,552
2023-11-16 11:04:03,0,100,52,552
2023-11-16 11:04:03,36,100,52,552
2023-11-16 11:04:03,36,40,52,552
2023-11-16 11:04:29,0,40,52,552
2023-11-16 11:04:29,0,100,52,552
2023-11-16 11:04:29,35,100,52,552
2023-11-16 11:04:29,37,100,52,552
2023-11-16 11:04:29,37,43,52,552
2023-11-16 11:04:41,0,43,52,552
2023-11-16 11:04:41,0,100,52,552
2023-11-16 11:04:41,38,100,52,552
2023-11-16 11:04:41,38,45,52,552
2023-11-16 11:04:41,38,44,52,552
2023-11-16 11:04:55,38,100,52,552
2023-11-16 11:04:55,0,100,52,552
2023-11-16 11:04:55,34,100,52,552
2023-11-16 11:04:55,36,100,52,552
2023-11-16 11:04:55,36,44,52,552
2023-11-16 11:04:55,36,41,52,552
2023-11-16 11:05:06,36,100,52,552
2023-11-16 11:05:06,0,100,52,552
2023-11-16 11:05:06,35,100,52,552
2023-11-16 11:05:06,35,45,52,552
2023-11-16 11:05:06,35,44,52,552
2023-11-16 11:05:06,35,40,52,552
2023-11-16 11:05:28,35,100,52,552
2023-11-16 11:05:28,0,100,52,552
2023-11-16 11:05:28,30,100,52,552
2023-11-16 11:05:28,34,100,52,552
2023-11-16 11:05:28,34,41,52,552
2023-11-16 11:05:28,34,39,52,552
2023-11-16 11:05:55,0,39,52,552
2023-11-16 11:05:55,0,100,52,552
2023-11-16 11:05:55,33,100,52,552
2023-11-16 11:05:55,35,100,52,552
2023-11-16 11:05:55,35,43,52,552
2023-11-16 11:05:55,35,40,52,552
2023-11-16 11:06:23,0,40,52,552
2023-11-16 11:06:23,0,100,52,552
2023-11-16 11:06:23,37,100,52,552
2023-11-16 11:06:23,37,44,52,552
2023-11-16 11:06:23,37,41,52,552
2023-11-16 11:06:58,0,41,52,552
2023-11-16 11:06:58,0,100,52,552
2023-11-16 11:06:58,34,100,52,552
2023-11-16 11:06:58,38,100,52,552
2023-11-16 11:06:58,38,44,52,552
2023-11-16 11:07:26,38,100,52,552
2023-11-16 11:07:26,0,100,52,552
2023-11-16 11:07:26,34,100,52,552
2023-11-16 11:07:26,36,100,52,552
2023-11-16 11:07:26,36,44,52,552
2023-11-16 11:07:26,36,41,52,552
2023-11-16 11:08:26,36,44,52,552
2023-11-16 11:08:27,35,100,52,552
2023-11-16 11:08:27,37,100,52,552
2023-11-16 11:08:27,37,44,52,552
2023-11-16 11:08:27,37,41,52,552
2023-11-16 11:08:35,0,41,52,552
2023-11-16 11:08:35,0,100,52,552
2023-11-16 11:08:35,34,100,52,552
2023-11-16 11:08:35,36,100,52,552
2023-11-16 11:08:35,38,100,52,552
2023-11-16 11:08:35,38,44,52,552
2023-11-16 11:08:59,38,100,52,552
2023-11-16 11:08:59,0,100,52,552
2023-11-16 11:08:59,35,100,52,552
2023-11-16 11:08:59,37,100,52,552
2023-11-16 11:08:59,37,41,52,552
2023-11-16 11:09:03,35,41,27,577
2023-11-16 11:09:03,35,100,27,577
2023-11-16 11:09:03,0,100,27,577
2023-11-16 11:09:03,31,100,27,577
2023-11-16 11:09:03,35,100,27,577
2023-11-16 11:09:03,35,43,27,577
2023-11-16 11:09:03,35,40,27,577
2023-11-16 11:09:27,35,100,27,577
2023-11-16 11:09:27,0,100,27,577
2023-11-16 11:09:27,34,100,27,577
2023-11-16 11:09:27,34,41,27,577
2023-11-16 11:09:27,34,39,27,577
2023-11-16 11:09:27,34,100,27,577
2023-11-16 11:09:27,0,100,27,577
2023-11-16 11:09:27,26,100,27,577
2023-11-16 11:09:27,28,100,27,577
2023-11-16 11:09:27,28,44,27,577
2023-11-16 11:09:27,28,41,27,577
2023-11-16 11:09:27,28,39,27,577
2023-11-16 11:10:27,26,39,27,577
2023-11-16 11:10:28,28,100,27,577
2023-11-16 11:10:28,31,100,27,577
2023-11-16 11:10:28,31,35,27,577
2023-11-16 11:10:31,28,35,2,602
2023-11-16 11:11:02,0,35,2,602
2023-11-16 11:11:02,0,100,2,602
2023-11-16 11:11:02,28,100,2,602
2023-11-16 11:11:02,30,100,2,602
2023-11-16 11:11:02,32,100,2,602
2023-11-16 11:11:02,32,41,2,602
2023-11-16 11:11:02,32,39,2,602
2023-11-16 11:11:02,32,37,2,602
2023-11-16 11:11:08,0,37,2,602
2023-11-16 11:11:08,0,100,2,602
2023-11-16 11:11:08,34,100,2,602
2023-11-16 11:11:08,34,40,2,602
2023-11-16 11:11:08,34,38,2,602
2023-11-16 11:11:27,34,100,2,602
2023-11-16 11:11:27,0,100,2,602
2023-11-16 11:11:27,28,100,2,602
2023-11-16 11:11:27,30,100,2,602
2023-11-16 11:11:27,32,100,2,602
2023-11-16 11:11:27,32,37,2,602
2023-11-16 11:12:07,30,37,100,702
2023-11-16 11:12:22,30,100,100,702
2023-11-16 11:12:22,0,100,100,702
2023-11-16 11:12:22,27,100,100,702
2023-11-16 11:12:22,28,100,100,702
2023-11-16 11:12:22,31,100,100,702
2023-11-16 11:12:22,31,36,100,702
2023-11-16 11:12:35,31,100,100,702
2023-11-16 11:12:35,0,100,100,702
2023-11-16 11:12:35,30,100,100,702
2023-11-16 11:12:35,30,38,100,702
2023-11-16 11:12:35,30,36,100,702
2023-11-16 11:12:35,30,34,100,702
2023-11-16 11:12:55,30,100,100,702
2023-11-16 11:12:55,0,100,100,702
2023-11-16 11:12:55,26,100,100,702
2023-11-16 11:12:55,28,100,100,702
2023-11-16 11:12:55,28,37,100,702
2023-11-16 11:12:55,28,33,100,702
2023-11-16 11:12:55,28,100,100,702
2023-11-16 11:12:55,0,100,100,702
2023-11-16 11:12:55,21,100,100,702
2023-11-16 11:12:55,23,100,100,702
2023-11-16 11:12:55,23,33,100,702
2023-11-16 11:13:12,23,100,100,702
2023-11-16 11:13:12,0,100,100,702
2023-11-16 11:13:12,22,100,100,702
2023-11-16 11:13:12,24,100,100,702
2023-11-16 11:13:12,24,33,100,702
2023-11-16 11:13:12,24,29,100,702
2023-11-16 11:13:26,0,29,100,702
2023-11-16 11:13:26,0,100,100,702
2023-11-16 11:13:26,24,100,100,702
2023-11-16 11:13:26,26,100,100,702
2023-11-16 11:13:26,26,35,100,702
2023-11-16 11:13:26,26,31,100,702
2023-11-16 11:13:34,0,31,100,702
2023-11-16 11:13:34,0,100,100,702
2023-11-16 11:13:34,25,100,100,702
2023-11-16 11:13:34,27,100,100,702
2023-11-16 11:13:34,27,36,100,702
2023-11-16 11:13:34,27,34,100,702
2023-11-16 11:13:34,27,32,100,702
2023-11-16 11:13:41,0,32,100,702
2023-11-16 11:13:41,0,100,100,702
2023-11-16 11:13:41,26,100,100,702
2023-11-16 11:13:41,28,100,100,702
2023-11-16 11:13:41,28,37,100,702
2023-11-16 11:13:41,28,33,100,702
2023-11-16 11:13:55,0,33,100,702
2023-11-16 11:13:55,0,100,100,702
2023-11-16 11:13:55,28,100,100,702
2023-11-16 11:13:55,30,100,100,702
2023-11-16 11:13:55,30,34,100,702
2023-11-16 11:14:15,0,34,100,702
2023-11-16 11:14:15,0,100,100,702
2023-11-16 11:14:15,27,100,100,702
2023-11-16 11:14:15,31,100,100,702
2023-11-16 11:14:15,31,38,100,702
2023-11-16 11:14:15,31,36,100,702
2023-11-16 11:14:17,0,36,100,702
2023-11-16 11:14:17,0,100,100,702
2023-11-16 11:14:17,32,100,100,702
2023-11-16 11:14:17,32,39,100,702
2023-11-16 11:14:17,32,37,100,702
2023-11-16 11:14:36,0,37,100,702
2023-11-16 11:14:36,0,100,100,702
2023-11-16 11:14:36,31,100,100,702
2023-11-16 11:14:36,33,100,100,702
2023-11-16 11:14:36,33,40,100,702
2023-11-16 11:14:36,33,38,100,702
2023-11-16 11:14:47,0,38,100,702
2023-11-16 11:14:47,0,100,100,702
2023-11-16 11:14:47,33,100,100,702
2023-11-16 11:14:47,35,100,100,702
2023-11-16 11:14:47,35,45,100,702
2023-11-16 11:14:47,35,40,100,702
2023-11-16 11:15:23,0,40,100,702
2023-11-16 11:15:23,0,100,100,702
2023-11-16 11:15:23,34,100,100,702
2023-11-16 11:15:23,36,100,100,702
2023-11-16 11:15:23,36,41,100,702
2023-11-16 11:15:36,36,100,100,702
2023-11-16 11:15:36,0,100,100,702
2023-11-16 11:15:36,35,100,100,702
2023-11-16 11:15:36,35,43,100,702
2023-11-16 11:15:36,35,40,100,702
2023-11-16 11:15:42,35,100,100,702
2023-11-16 11:15:42,0,100,100,702
2023-11-16 11:15:42,33,100,100,702
2023-11-16 11:15:42,33,40,100,702
2023-11-16 11:15:42,33,38,100,702
2023-11-16 11:15:54,33,100,100,702
2023-11-16 11:15:54,0,100,100,702
2023-11-16 11:15:54,30,100,100,702
2023-11-16 11:15:54,32,100,100,702
2023-11-16 11:15:54,32,40,100,702
2023-11-16 11:15:54,32,36,100,702
2023-11-16 11:16:08,32,100,100,702
2023-11-16 11:16:08,0,100,100,702
2023-11-16 11:16:08,30,100,100,702
2023-11-16 11:16:08,30,35,100,702
2023-11-16 11:16:42,30,100,100,702
2023-11-16 11:16:42,0,100,100,702
2023-11-16 11:16:42,28,100,100,702
2023-11-16 11:16:42,28,34,100,702
2023-11-16 11:16:53,28,100,100,702
2023-11-16 11:16:53,0,100,100,702
2023-11-16 11:16:53,27,100,100,702
2023-11-16 11:16:53,27,36,100,702
2023-11-16 11:16:53,27,34,100,702
2023-11-16 11:16:53,27,32,100,702
2023-11-16 11:16:55,25,32,200,802
2023-11-16 11:17:33,23,32,450,1052
2023-11-16 11:17:33,23,100,450,1052
2023-11-16 11:17:33,0,100,450,1052
2023-11-16 11:17:33,18,100,450,1052
2023-11-16 11:17:33,22,100,450,1052
2023-11-16 11:17:33,22,34,450,1052
2023-11-16 11:17:33,22,32,450,1052
2023-11-16 11:18:33,20,32,450,1052
2023-11-16 11:18:34,24,100,450,1052
2023-11-16 11:18:34,26,100,450,1052
2023-11-16 11:18:34,26,32,450,1052
2023-11-16 11:18:34,26,30,450,1052
2023-11-16 11:18:49,0,30,450,1052
2023-11-16 11:18:49,0,100,450,1052
2023-11-16 11:18:49,23,100,450,1052
2023-11-16 11:18:49,25,100,450,1052
2023-11-16 11:18:49,25,35,450,1052
2023-11-16 11:19:02,25,100,450,1052
2023-11-16 11:19:02,0,100,450,1052
2023-11-16 11:19:02,24,100,450,1052
2023-11-16 11:19:02,26,100,450,1052
2023-11-16 11:19:02,26,33,450,1052
2023-11-16 11:19:02,26,31,450,1052
2023-11-16 11:19:03,26,100,450,1052
2023-11-16 11:19:03,0,100,450,1052
2023-11-16 11:19:03,22,100,450,1052
2023-11-16 11:19:03,24,100,450,1052
2023-11-16 11:19:03,24,31,450,1052
2023-11-16 11:19:03,24,29,450,1052
2023-11-16 11:19:22,0,29,450,1052
2023-11-16 11:19:22,0,100,450,1052
2023-11-16 11:19:22,23,100,450,1052
2023-11-16 11:19:22,25,100,450,1052
2023-11-16 11:19:22,25,34,450,1052
2023-11-16 11:19:22,25,30,450,1052
2023-11-16 11:20:22,21,30,450,1052
2023-11-16 11:20:23,26,100,450,1052
2023-11-16 11:20:23,26,31,450,1052
2023-11-16 11:21:23,26,33,450,1052
2023-11-16 11:21:24,22,100,450,1052
2023-11-16 11:21:24,26,100,450,1052
2023-11-16 11:21:24,26,30,450,1052
2023-11-16 11:22:24,24,30,450,1052
2023-11-16 11:22:25,26,100,450,1052
2023-11-16 11:22:25,26,31,450,1052
2023-11-16 11:22:40,26,100,450,1052
2023-11-16 11:22:40,0,100,450,1052
2023-11-16 11:22:40,25,100,450,1052
2023-11-16 11:22:40,25,33,450,1052
2023-11-16 11:22:40,25,29,450,1052
2023-11-16 11:23:13,25,100,450,1052
2023-11-16 11:23:13,0,100,450,1052
2023-11-16 11:23:13,20,100,450,1052
2023-11-16 11:23:13,23,100,450,1052
2023-11-16 11:23:13,23,30,450,1052
2023-11-16 11:23:13,23,28,450,1052
2023-11-16 11:24:13,21,28,450,1052
2023-11-16 11:24:14,22,100,450,1052
2023-11-16 11:24:14,24,100,450,1052
2023-11-16 11:24:14,24,31,450,1052
2023-11-16 11:24:14,24,29,450,1052
2023-11-16 11:24:47,24,100,450,1052
2023-11-16 11:24:47,0,100,450,1052
2023-11-16 11:24:47,20,100,450,1052
2023-11-16 11:24:47,21,100,450,1052
2023-11-16 11:24:47,23,100,450,1052
2023-11-16 11:24:47,23,31,450,1052
2023-11-16 11:24:47,23,27,450,1052
2023-11-16 11:25:47,0,27,450,1052
2023-11-16 11:25:48,20,100,450,1052
2023-11-16 11:25:48,21,100,450,1052
2023-11-16 11:25:48,23,100,450,1052
2023-11-16 11:25:48,23,28,450,1052
2023-11-16 11:26:48,23,32,450,1052
2023-11-16 11:26:49,22,100,450,1052
2023-11-16 11:26:49,22,29,450,1052
2023-11-16 11:26:49,22,27,450,1052
2023-11-16 11:27:41,0,27,450,1052
2023-11-16 11:27:41,0,100,450,1052
2023-11-16 11:27:41,22,100,450,1052
2023-11-16 11:27:41,24,100,450,1052
2023-11-16 11:27:41,24,28,450,1052
2023-11-16 11:28:17,24,100,450,1052
2023-11-16 11:28:17,0,100,450,1052
2023-11-16 11:28:17,19,100,450,1052
2023-11-16 11:28:17,19,33,450,1052
2023-11-16 11:28:17,19,31,450,1052
2023-11-16 11:28:17,19,29,450,1052
2023-11-16 11:28:24,0,29,450,1052
2023-11-16 11:28:24,0,100,450,1052
2023-11-16 11:28:24,23,100,450,1052
2023-11-16 11:28:24,23,28,450,1052
2023-11-16 11:28:52,23,100,450,1052
2023-11-16 11:28:52,0,100,450,1052
2023-11-16 11:28:52,18,100,450,1052
2023-11-16 11:28:52,21,100,450,1052
2023-11-16 11:28:52,21,30,450,1052
2023-11-16 11:28:52,21,28,450,1052
2023-11-16 11:28:52,21,26,450,1052
2023-11-16 11:29:37,21,100,450,1052
2023-11-16 11:29:37,0,100,450,1052
2023-11-16 11:29:37,18,100,450,1052
2023-11-16 11:29:37,20,100,450,1052
2023-11-16 11:29:37,20,27,450,1052
2023-11-16 11:29:37,20,25,450,1052
2023-11-16 11:30:09,0,25,450,1052
2023-11-16 11:30:09,0,100,450,1052
2023-11-16 11:30:09,19,100,450,1052
2023-11-16 11:30:09,21,100,450,1052
2023-11-16 11:30:09,21,30,450,1052
2023-11-16 11:30:09,21,28,450,1052
2023-11-16 11:30:09,21,26,450,1052
2023-11-16 11:30:20,21,100,450,1052
2023-11-16 11:30:20,0,100,450,1052
2023-11-16 11:30:20,20,100,450,1052
2023-11-16 11:30:20,20,25,450,1052
2023-11-16 11:30:21,20,100,450,1052
2023-11-16 11:30:21,0,100,450,1052
2023-11-16 11:30:21,16,100,450,1052
2023-11-16 11:30:21,17,100,450,1052
2023-11-16 11:30:21,19,100,450,1052
2023-11-16 11:30:21,19,23,450,1052
2023-11-16 11:30:22,0,23,450,1052
2023-11-16 11:30:22,0,100,450,1052
2023-11-16 11:30:22,17,100,450,1052
2023-11-16 11:30:22,18,100,450,1052
2023-11-16 11:30:22,20,100,450,1052
2023-11-16 11:30:22,20,29,450,1052
2023-11-16 11:30:22,20,25,450,1052
2023-11-16 11:31:22,18,25,450,1052
2023-11-16 11:31:23,21,100,450,1052
2023-11-16 11:31:23,21,26,450,1052
2023-11-16 11:31:43,0,26,450,1052
2023-11-16 11:31:43,0,100,450,1052
2023-11-16 11:31:43,19,100,450,1052
2023-11-16 11:31:43,22,100,450,1052
2023-11-16 11:31:43,22,31,450,1052
2023-11-16 11:31:43,22,29,450,1052
2023-11-16 11:31:43,22,27,450,1052
2023-11-16 11:32:01,0,27,450,1052
2023-11-16 11:32:01,0,100,450,1052
2023-11-16 11:32:01,22,100,450,1052
2023-11-16 11:32:01,24,100,450,1052
2023-11-16 11:32:01,24,33,450,1052
2023-11-16 11:32:01,24,29,450,1052
2023-11-16 11:32:09,0,29,450,1052
2023-11-16 11:32:09,0,100,450,1052
2023-11-16 11:32:09,21,100,450,1052
2023-11-16 11:32:09,25,100,450,1052
2023-11-16 11:32:09,25,30,450,1052
2023-11-16 11:32:24,25,100,450,1052
2023-11-16 11:32:24,0,100,450,1052
2023-11-16 11:32:24,24,100,450,1052
2023-11-16 11:32:24,24,31,450,1052
2023-11-16 11:32:24,24,29,450,1052
2023-11-16 11:32:32,24,100,450,1052
2023-11-16 11:32:32,0,100,450,1052
2023-11-16 11:32:32,21,100,450,1052
2023-11-16 11:32:32,23,100,450,1052
2023-11-16 11:32:32,23,31,450,1052
2023-11-16 11:32:32,23,27,450,1052
2023-11-16 11:33:32,21,27,450,1052
2023-11-16 11:33:33,22,100,450,1052
2023-11-16 11:33:33,22,31,450,1052
2023-11-16 11:33:33,22,27,450,1052
2023-11-16 11:34:15,0,27,450,1052
2023-11-16 11:34:15,0,100,450,1052
2023-11-16 11:34:15,23,100,450,1052
2023-11-16 11:34:15,23,28,450,1052
2023-11-16 11:35:15,23,32,450,1052
2023-11-16 11:35:16,21,100,450,1052
2023-11-16 11:35:16,23,100,450,1052
2023-11-16 11:35:16,23,32,450,1052
2023-11-16 11:35:16,23,28,450,1052
2023-11-16 11:35:37,23,100,450,1052
2023-11-16 11:35:37,0,100,450,1052
2023-11-16 11:35:37,22,100,450,1052
2023-11-16 11:35:37,22,31,450,1052
2023-11-16 11:35:37,22,27,450,1052
2023-11-16 11:35:42,22,100,450,1052
2023-11-16 11:35:42,0,100,450,1052
2023-11-16 11:35:42,20,100,450,1052
2023-11-16 11:35:42,20,29,450,1052
2023-11-16 11:35:42,20,25,450,1052
2023-11-16 11:36:40,20,100,450,1052
2023-11-16 11:36:40,0,100,450,1052
2023-11-16 11:36:40,17,100,450,1052
2023-11-16 11:36:40,19,100,450,1052
2023-11-16 11:36:40,19,24,450,1052
2023-11-16 11:37:01,0,24,450,1052
2023-11-16 11:37:01,0,100,450,1052
2023-11-16 11:37:01,17,100,450,1052
2023-11-16 11:37:01,18,100,450,1052
2023-11-16 11:37:01,20,100,450,1052
2023-11-16 11:37:01,20,25,450,1052
2023-11-16 11:37:47,0,25,450,1052
2023-11-16 11:37:47,0,100,450,1052
2023-11-16 11:37:47,19,100,450,1052
2023-11-16 11:37:47,22,100,450,1052
2023-11-16 11:37:47,22,30,450,1052
2023-11-16 11:37:47,22,28,450,1052
2023-11-16 11:37:47,22,26,450,1052
2023-11-16 11:37:51,22,100,450,1052
2023-11-16 11:37:51,0,100,450,1052
2023-11-16 11:37:51,17,100,450,1052
2023-11-16 11:37:51,18,100,450,1052
2023-11-16 11:37:51,20,100,450,1052
2023-11-16 11:37:51,20,27,450,1052
2023-11-16 11:37:51,20,25,450,1052
2023-11-16 11:38:02,20,100,450,1052
2023-11-16 11:38:02,0,100,450,1052
2023-11-16 11:38:02,16,100,450,1052
2023-11-16 11:38:02,19,100,450,1052
2023-11-16 11:38:02,19,24,450,1052
2023-11-16 11:38:51,19,100,450,1052
2023-11-16 11:38:51,0,100,450,1052
2023-11-16 11:38:51,15,100,450,1052
2023-11-16 11:38:51,16,100,450,1052
2023-11-16 11:38:51,18,100,450,1052
2023-11-16 11:38:51,18,22,450,1052
2023-11-16 11:39:06,0,22,450,1052
2023-11-16 11:39:06,0,100,450,1052
2023-11-16 11:39:06,19,100,450,1052
2023-11-16 11:39:06,19,26,450,1052
2023-11-16 11:39:06,19,24,450,1052
2023-11-16 11:39:35,0,24,450,1052
2023-11-16 11:39:35,0,100,450,1052
2023-11-16 11:39:35,18,100,450,1052
2023-11-16 11:39:35,20,100,450,1052
2023-11-16 11:39:35,20,29,450,1052
2023-11-16 11:39:35,20,25,450,1052
2023-11-16 11:40:21,0,25,450,1052
2023-11-16 11:40:21,0,100,450,1052
2023-11-16 11:40:21,19,100,450,1052
2023-11-16 11:40:21,21,100,450,1052
2023-11-16 11:40:21,21,30,450,1052
2023-11-16 11:40:21,21,28,450,1052
2023-11-16 11:40:21,21,26,450,1052
2023-11-16 11:41:15,0,26,450,1052
2023-11-16 11:41:15,0,100,450,1052
2023-11-16 11:41:15,21,100,450,1052
2023-11-16 11:41:15,23,100,450,1052
2023-11-16 11:41:15,23,29,450,1052
2023-11-16 11:41:15,23,27,450,1052
2023-11-16 11:42:15,21,27,450,1052
2023-11-16 11:42:16,22,100,450,1052
2023-11-16 11:42:16,22,27,450,1052
2023-11-16 11:42:45,22,100,450,1052
2023-11-16 11:42:45,0,100,450,1052
2023-11-16 11:42:45,19,100,450,1052
2023-11-16 11:42:45,21,100,450,1052
2023-11-16 11:42:45,21,26,450,1052
2023-11-16 11:43:15,21,100,450,1052
2023-11-16 11:43:15,0,100,450,1052
2023-11-16 11:43:15,17,100,450,1052
2023-11-16 11:43:15,18,100,450,1052
2023-11-16 11:43:15,20,100,450,1052
2023-11-16 11:43:15,20,25,450,1052
2023-11-16 11:44:15,20,27,450,1052
2023-11-16 11:44:16,18,100,450,1052
2023-11-16 11:44:16,20,100,450,1052
2023-11-16 11:44:16,20,24,450,1052
2023-11-16 11:44:53,0,24,450,1052
2023-11-16 11:44:53,0,100,450,1052
2023-11-16 11:44:53,18,100,450,1052
2023-11-16 11:44:53,19,100,450,1052
2023-11-16 11:44:53,21,100,450,1052
2023-11-16 11:44:53,21,28,450,1052
2023-11-16 11:44:53,21,26,450,1052
2023-11-16 11:45:22,0,26,450,1052
2023-11-16 11:45:22,0,100,450,1052
2023-11-16 11:45:22,19,100,450,1052
2023-11-16 11:45:22,22,100,450,1052
2023-11-16 11:45:22,22,27,450,1052
2023-11-16 11:46:04,0,27,450,1052
2023-11-16 11:46:04,0,100,450,1052
2023-11-16 11:46:04,22,100,450,1052
2023-11-16 11:46:04,24,100,450,1052
2023-11-16 11:46:04,24,33,450,1052
2023-11-16 11:46:04,24,31,450,1052
2023-11-16 11:46:04,24,29,450,1052
2023-11-16 11:47:04,21,29,450,1052
2023-11-16 11:47:05,24,100,450,1052
2023-11-16 11:47:05,24,31,450,1052
2023-11-16 11:47:05,24,29,450,1052
2023-11-16 11:48:05,24,31,450,1052
2023-11-16 11:48:06,22,100,450,1052
2023-11-16 11:48:06,24,100,450,1052
2023-11-16 11:48:06,24,28,450,1052
2023-11-16 11:48:32,0,28,450,1052
2023-11-16 11:48:32,0,100,450,1052
2023-11-16 11:48:32,23,100,450,1052
2023-11-16 11:48:32,25,100,450,1052
2023-11-16 11:48:32,25,34,450,1052
2023-11-16 11:48:32,25,30,450,1052
2023-11-16 11:49:32,23,30,450,1052
2023-11-16 11:49:33,21,100,450,1052
2023-11-16 11:49:33,25,100,450,1052
2023-11-16 11:49:33,25,34,450,1052
2023-11-16 11:49:33,25,32,450,1052
2023-11-16 11:49:33,25,30,450,1052
2023-11-16 11:50:33,25,32,450,1052
2023-11-16 11:50:34,24,100,450,1052
2023-11-16 11:50:34,24,31,450,1052
2023-11-16 11:50:34,24,29,450,1052
2023-11-16 11:50:44,0,29,450,1052
2023-11-16 11:50:44,0,100,450,1052
2023-11-16 11:50:44,22,100,450,1052
2023-11-16 11:50:44,26,100,450,1052
2023-11-16 11:50:44,26,31,450,1052
2023-11-16 11:50:53,0,31,450,1052
2023-11-16 11:50:53,0,100,450,1052
2023-11-16 11:50:53,27,100,450,1052
2023-11-16 11:50:53,27,32,450,1052
2023-11-16 11:51:02,0,32,450,1052
2023-11-16 11:51:02,0,100,450,1052
2023-11-16 11:51:02,27,100,450,1052
2023-11-16 11:51:02,28,100,450,1052
2023-11-16 11:51:02,28,37,450,1052
2023-11-16 11:51:02,28,35,450,1052
2023-11-16 11:51:02,28,33,450,1052
2023-11-16 11:51:57,28,100,450,1052
2023-11-16 11:51:57,0,100,450,1052
2023-11-16 11:51:57,27,100,450,1052
2023-11-16 11:51:57,27,32,450,1052
2023-11-16 11:52:57,27,34,450,1052
2023-11-16 11:52:58,25,100,450,1052
2023-11-16 11:52:58,27,100,450,1052
2023-11-16 11:52:58,27,36,450,1052
2023-11-16 11:52:58,27,32,450,1052
2023-11-16 11:53:11,27,100,450,1052
2023-11-16 11:53:11,0,100,450,1052
2023-11-16 11:53:11,24,100,450,1052
2023-11-16 11:53:11,26,100,450,1052
2023-11-16 11:53:11,26,34,450,1052
2023-11-16 11:53:11,26,30,450,1052
2023-11-16 11:53:56,26,100,450,1052
2023-11-16 11:53:56,0,100,450,1052
2023-11-16 11:53:56,24,100,450,1052
2023-11-16 11:53:56,24,33,450,1052
2023-11-16 11:53:56,24,29,450,1052
2023-11-16 11:54:17,0,29,450,1052
2023-11-16 11:54:17,0,100,450,1052
2023-11-16 11:54:17,26,100,450,1052
2023-11-16 11:54:17,26,30,450,1052
2023-11-16 11:54:45,26,100,450,1052
2023-11-16 11:54:45,0,100,450,1052
2023-11-16 11:54:45,20,100,450,1052
2023-11-16 11:54:45,22,100,450,1052
2023-11-16 11:54:45,24,100,450,1052
2023-11-16 11:54:45,24,33,450,1052
2023-11-16 11:54:45,24,29,450,1052
2023-11-16 11:55:45,22,29,450,1052
2023-11-16 11:55:46,24,100,450,1052
2023-11-16 11:55:46,24,33,450,1052
2023-11-16 11:55:46,24,31,450,1052
2023-11-16 11:55:46,24,29,450,1052
2023-11-16 11:56:46,24,31,450,1052
2023-11-16 11:56:47,24,100,450,1052
2023-11-16 11:56:47,24,31,450,1052
2023-11-16 11:56:47,24,29,450,1052
2023-11-16 11:57:07,0,29,450,1052
2023-11-16 11:57:07,0,100,450,1052
2023-11-16 11:57:07,21,100,450,1052
2023-11-16 11:57:07,25,100,450,1052
2023-11-16 11:57:07,25,32,450,1052
2023-11-16 11:57:07,25,30,450,1052
2023-11-16 11:57:30,0,30,450,1052
2023-11-16 11:57:30,0,100,450,1052
2023-11-16 11:57:30,24,100,450,1052
2023-11-16 11:57:30,26,100,450,1052
2023-11-16 11:57:30,26,33,450,1052
2023-11-16 11:57:30,26,31,450,1052
2023-11-16 11:58:27,26,100,450,1052
2023-11-16 11:58:27,0,100,450,1052
2023-11-16 11:58:27,23,100,450,1052
2023-11-16 11:58:27,25,100,450,1052
2023-11-16 11:58:27,25,34,450,1052
2023-11-16 11:58:27,25,32,450,1052
2023-11-16 11:58:27,25,30,450,1052
2023-11-16 11:59:27,0,30,450,1052
2023-11-16 11:59:28,20,100,450,1052
2023-11-16 11:59:28,24,100,450,1052
2023-11-16 11:59:28,24,31,450,1052
2023-11-16 11:59:28,24,29,450,1052
2023-11-16 12:00:01,0,29,450,1052
2023-11-16 12:00:01,0,100,450,1052
2023-11-16 12:00:01,24,100,450,1052
2023-11-16 12:00:01,26,100,450,1052
2023-11-16 12:00:01,26,33,450,1052
2023-11-16 12:00:01,26,31,450,1052
2023-11-16 12:00:36,26,100,450,1052
2023-11-16 12:00:36,0,100,450,1052
2023-11-16 12:00:36,21,100,450,1052
2023-11-16 12:00:36,25,100,450,1052
2023-11-16 12:00:36,25,30,450,1052
2023-11-16 12:01:35,0,30,450,1052
2023-11-16 12:01:35,0,100,450,1052
2023-11-16 12:01:35,27,100,450,1052
2023-11-16 12:01:35,27,33,450,1052
2023-11-16 12:01:35,27,31,450,1052
2023-11-16 12:01:40,0,31,450,1052
2023-11-16 12:01:40,0,100,450,1052
2023-11-16 12:01:40,24,100,450,1052
2023-11-16 12:01:40,26,100,450,1052
2023-11-16 12:01:40,28,100,450,1052
2023-11-16 12:01:40,28,33,450,1052
2023-11-16 12:02:07,28,100,450,1052
2023-11-16 12:02:07,0,100,450,1052
2023-11-16 12:02:07,22,100,450,1052
2023-11-16 12:02:07,24,100,450,1052
2023-11-16 12:02:07,26,100,450,1052
2023-11-16 12:02:07,26,31,450,1052
2023-11-16 12:02:22,26,100,450,1052
2023-11-16 12:02:22,0,100,450,1052
2023-11-16 12:02:22,23,100,450,1052
2023-11-16 12:02:22,25,100,450,1052
2023-11-16 12:02:22,25,32,450,1052
2023-11-16 12:02:22,25,30,450,1052
2023-11-16 12:03:04,0,30,450,1052
2023-11-16 12:03:04,0,100,450,1052
2023-11-16 12:03:04,26,100,450,1052
2023-11-16 12:03:04,26,35,450,1052
2023-11-16 12:03:04,26,31,450,1052
2023-11-16 12:03:16,0,31,450,1052
2023-11-16 12:03:16,0,100,450,1052
2023-11-16 12:03:16,26,100,450,1052
2023-11-16 12:03:16,28,100,450,1052
2023-11-16 12:03:16,28,34,450,1052
2023-11-16 12:03:16,28,32,450,1052
2023-11-16 12:03:16,28,100,450,1052
2023-11-16 12:03:16,0,100,450,1052
2023-11-16 12:03:16,24,100,450,1052
2023-11-16 12:03:16,26,100,450,1052
2023-11-16 12:03:16,26,35,450,1052
2023-11-16 12:03:16,26,31,450,1052
2023-11-16 12:04:16,26,33,450,1052
2023-11-16 12:04:17,24,100,450,1052
2023-11-16 12:04:17,26,100,450,1052
2023-11-16 12:04:17,26,33,450,1052
2023-11-16 12:04:17,26,31,450,1052
2023-11-16 12:05:17,24,31,450,1052
2023-11-16 12:05:18,22,100,450,1052
2023-11-16 12:05:18,26,100,450,1052
2023-11-16 12:05:18,26,35,450,1052
2023-11-16 12:05:18,26,33,450,1052
2023-11-16 12:05:18,26,31,450,1052
2023-11-16 12:05:36,0,31,450,1052
2023-11-16 12:05:36,0,100,450,1052
2023-11-16 12:05:36,27,100,450,1052
2023-11-16 12:05:36,27,34,450,1052
2023-11-16 12:05:36,27,32,450,1052
2023-11-16 12:06:00,0,32,450,1052
2023-11-16 12:06:00,0,100,450,1052
2023-11-16 12:06:00,28,100,450,1052
2023-11-16 12:06:00,28,38,450,1052
2023-11-16 12:06:00,28,34,450,1052
2023-11-16 12:06:15,0,34,450,1052
2023-11-16 12:06:15,0,100,450,1052
2023-11-16 12:06:15,30,100,450,1052
2023-11-16 12:06:15,30,35,450,1052
2023-11-16 12:06:39,0,35,450,1052
2023-11-16 12:06:39,0,100,450,1052
2023-11-16 12:06:39,32,100,450,1052
2023-11-16 12:06:39,32,41,450,1052
2023-11-16 12:06:39,32,39,450,1052
2023-11-16 12:06:39,32,37,450,1052
2023-11-16 12:06:49,32,100,450,1052
2023-11-16 12:06:49,0,100,450,1052
2023-11-16 12:06:49,28,100,450,1052
2023-11-16 12:06:49,30,100,450,1052
2023-11-16 12:06:49,30,35,450,1052
2023-11-16 12:07:21,30,100,450,1052
2023-11-16 12:07:21,0,100,450,1052
2023-11-16 12:07:21,28,100,450,1052
2023-11-16 12:07:21,28,36,450,1052
2023-11-16 12:07:21,28,34,450,1052
2023-11-16 12:07:36,0,34,450,1052
2023-11-16 12:07:36,0,100,450,1052
2023-11-16 12:07:36,28,100,450,1052
2023-11-16 12:07:36,31,100,450,1052
2023-11-16 12:07:36,31,37,450,1052
2023-11-16 12:07:36,31,35,450,1052
2023-11-16 12:07:55,31,100,450,1052
2023-11-16 12:07:55,0,100,450,1052
2023-11-16 12:07:55,25,100,450,1052
2023-11-16 12:07:55,27,100,450,1052
2023-11-16 12:07:55,28,100,450,1052
2023-11-16 12:07:55,28,34,450,1052
2023-11-16 12:08:55,27,34,450,1052
2023-11-16 12:08:56,25,100,450,1052
2023-11-16 12:08:56,27,100,450,1052
2023-11-16 12:08:56,28,100,450,1052
2023-11-16 12:08:56,28,38,450,1052
2023-11-16 12:08:56,28,36,450,1052
2023-11-16 12:08:56,28,34,450,1052
2023-11-16 12:09:22,0,34,450,1052
2023-11-16 12:09:22,0,100,450,1052
2023-11-16 12:09:22,31,100,450,1052
2023-11-16 12:09:22,31,40,450,1052
2023-11-16 12:09:22,31,36,450,1052
2023-11-16 12:10:22,28,36,450,1052
2023-11-16 12:10:23,30,100,450,1052
2023-11-16 12:10:23,30,35,450,1052
2023-11-16 12:11:23,28,35,450,1052
2023-11-16 12:11:24,31,100,450,1052
2023-11-16 12:11:24,31,38,450,1052
2023-11-16 12:11:24,31,36,450,1052
2023-11-16 12:11:26,0,36,450,1052
2023-11-16 12:11:26,0,100,450,1052
2023-11-16 12:11:26,28,100,450,1052
2023-11-16 12:11:26,30,100,450,1052
2023-11-16 12:11:26,32,100,450,1052
2023-11-16 12:11:26,32,37,450,1052
2023-11-16 12:12:14,32,100,450,1052
2023-11-16 12:12:14,0,100,450,1052
2023-11-16 12:12:14,28,100,450,1052
2023-11-16 12:12:14,31,100,450,1052
2023-11-16 12:12:14,31,38,450,1052
2023-11-16 12:12:14,31,36,450,1052
2023-11-16 12:13:06,0,36,450,1052
2023-11-16 12:13:06,0,100,450,1052
2023-11-16 12:13:06,32,100,450,1052
2023-11-16 12:13:06,32,39,450,1052
2023-11-16 12:13:06,32,37,450,1052
2023-11-16 12:13:46,32,100,450,1052
2023-11-16 12:13:46,0,100,450,1052
2023-11-16 12:13:46,27,100,450,1052
2023-11-16 12:13:46,28,100,450,1052
2023-11-16 12:13:46,31,100,450,1052
2023-11-16 12:13:46,31,40,450,1052
2023-11-16 12:13:46,31,36,450,1052
2023-11-16 12:14:04,31,100,450,1052
2023-11-16 12:14:04,0,100,450,1052
2023-11-16 12:14:04,28,100,450,1052
2023-11-16 12:14:04,28,34,450,1052
2023-11-16 12:14:18,0,34,450,1052
2023-11-16 12:14:18,0,100,450,1052
2023-11-16 12:14:18,28,100,450,1052
2023-11-16 12:14:18,31,100,450,1052
2023-11-16 12:14:18,31,40,450,1052
2023-11-16 12:14:18,31,38,450,1052
2023-11-16 12:14:18,31,36,450,1052
2023-11-16 12:15:17,31,100,450,1052
2023-11-16 12:15:17,0,100,450,1052
2023-11-16 12:15:17,30,100,450,1052
2023-11-16 12:15:17,30,38,450,1052
2023-11-16 12:15:17,30,34,450,1052
2023-11-16 12:15:37,0,34,450,1052
2023-11-16 12:15:37,0,100,450,1052
2023-11-16 12:15:37,31,100,450,1052
2023-11-16 12:15:37,31,38,450,1052
2023-11-16 12:15:37,31,36,450,1052
2023-11-16 12:15:51,0,36,450,1052
2023-11-16 12:15:51,0,100,450,1052
2023-11-16 12:15:51,28,100,450,1052
2023-11-16 12:15:51,33,100,450,1052
2023-11-16 12:15:51,33,40,450,1052
2023-11-16 12:15:51,33,38,450,1052
2023-11-16 12:15:57,0,38,450,1052
2023-11-16 12:15:57,0,100,450,1052
2023-11-16 12:15:57,30,100,450,1052
2023-11-16 12:15:57,34,100,450,1052
2023-11-16 12:15:57,34,39,450,1052
2023-11-16 12:16:11,34,100,450,1052
2023-11-16 12:16:11,0,100,450,1052
2023-11-16 12:16:11,25,100,450,1052
2023-11-16 12:16:11,27,100,450,1052
2023-11-16 12:16:11,28,100,450,1052
2023-11-16 12:16:11,28,43,450,1052
2023-11-16 12:16:11,28,39,450,1052
2023-11-16 12:16:14,28,100,450,1052
2023-11-16 12:16:14,0,100,450,1052
2023-11-16 12:16:14,30,100,450,1052
2023-11-16 12:16:14,30,39,450,1052
2023-11-16 12:16:14,30,35,450,1052
2023-11-16 12:16:23,0,35,450,1052
2023-11-16 12:16:23,0,100,450,1052
2023-11-16 12:16:23,30,100,450,1052
2023-11-16 12:16:23,32,100,450,1052
2023-11-16 12:16:23,32,39,450,1052
2023-11-16 12:16:23,32,37,450,1052
2023-11-16 12:16:50,0,37,450,1052
2023-11-16 12:16:50,0,100,450,1052
2023-11-16 12:16:50,31,100,450,1052
2023-11-16 12:16:50,33,100,450,1052
2023-11-16 12:16:50,33,38,450,1052
2023-11-16 12:17:50,33,40,450,1052
2023-11-16 12:17:51,32,100,450,1052
2023-11-16 12:17:51,34,100,450,1052
2023-11-16 12:17:51,34,38,450,1052
2023-11-16 12:18:51,32,38,450,1052
2023-11-16 12:18:52,33,100,450,1052
2023-11-16 12:18:52,35,100,450,1052
2023-11-16 12:18:52,35,41,450,1052
2023-11-16 12:18:52,35,39,450,1052
2023-11-16 12:19:29,0,39,450,1052
2023-11-16 12:19:29,0,100,450,1052
2023-11-16 12:19:29,34,100,450,1052
2023-11-16 12:19:29,36,100,450,1052
2023-11-16 12:19:29,36,41,450,1052
2023-11-16 12:19:39,0,41,450,1052
2023-11-16 12:19:39,0,100,450,1052
2023-11-16 12:19:39,35,100,450,1052
2023-11-16 12:19:39,37,100,450,1052
2023-11-16 12:19:39,37,44,450,1052
2023-11-16 12:19:39,37,43,450,1052
2023-11-16 12:19:42,37,44,450,1276
2023-11-16 12:19:46,37,100,450,1276
2023-11-16 12:19:46,0,100,450,1276
2023-11-16 12:19:46,34,100,450,1276
2023-11-16 12:19:46,36,100,450,1276
2023-11-16 12:19:46,36,45,450,1276
2023-11-16 12:19:46,36,44,450,1276
2023-11-16 12:19:46,36,41,450,1276
2023-11-16 12:19:49,36,100,450,1276
2023-11-16 12:19:49,0,100,450,1276
2023-11-16 12:19:49,35,100,450,1276
2023-11-16 12:19:49,35,39,450,1276
2023-11-16 12:20:49,33,39,450,1276
2023-11-16 12:20:50,30,100,450,1276
2023-11-16 12:20:50,32,100,450,1276
2023-11-16 12:20:50,34,100,450,1276
2023-11-16 12:20:50,34,44,450,1276
2023-11-16 12:20:50,34,41,450,1276
2023-11-16 12:20:50,34,39,450,1276
2023-11-16 12:20:57,34,100,450,1276
2023-11-16 12:20:57,0,100,450,1276
2023-11-16 12:20:57,31,100,450,1276
2023-11-16 12:20:57,33,100,450,1276
2023-11-16 12:20:57,33,43,450,1276
2023-11-16 12:20:57,33,40,450,1276
2023-11-16 12:20:57,33,38,450,1276
2023-11-16 12:21:26,33,100,450,1276
2023-11-16 12:21:26,0,100,450,1276
2023-11-16 12:21:26,32,100,450,1276
2023-11-16 12:21:26,32,41,450,1276
2023-11-16 12:21:26,32,39,450,1276
2023-11-16 12:21:26,32,37,450,1276
2023-11-16 12:21:41,32,100,450,1276
2023-11-16 12:21:41,0,100,450,1276
2023-11-16 12:21:41,31,100,450,1276
2023-11-16 12:21:41,31,35,450,1276
2023-11-16 12:21:51,0,35,450,1276
2023-11-16 12:21:51,0,100,450,1276
2023-11-16 12:21:51,28,100,450,1276
2023-11-16 12:21:51,30,100,450,1276
2023-11-16 12:21:51,32,100,450,1276
2023-11-16 12:21:51,32,39,450,1276
2023-11-16 12:21:51,32,37,450,1276
2023-11-16 12:22:22,0,37,450,1276
2023-11-16 12:22:22,0,100,450,1276
2023-11-16 12:22:22,28,100,450,1276
2023-11-16 12:22:22,33,100,450,1276
2023-11-16 12:22:22,33,38,450,1276
2023-11-16 12:23:11,0,38,450,1276
2023-11-16 12:23:11,0,100,450,1276
2023-11-16 12:23:11,30,100,450,1276
2023-11-16 12:23:11,32,100,450,1276
2023-11-16 12:23:11,34,100,450,1276
2023-11-16 12:23:11,34,39,450,1276
2023-11-16 12:23:32,0,39,450,1276
2023-11-16 12:23:32,0,100,450,1276
2023-11-16 12:23:32,32,100,450,1276
2023-11-16 12:23:32,36,100,450,1276
2023-11-16 12:23:32,36,41,450,1276
2023-11-16 12:24:27,36,100,450,1276
2023-11-16 12:24:27,0,100,450,1276
2023-11-16 12:24:27,31,100,450,1276
2023-11-16 12:24:27,33,100,450,1276
2023-11-16 12:24:27,35,100,450,1276
2023-11-16 12:24:27,35,39,450,1276
2023-11-16 12:25:10,35,100,450,1276
2023-11-16 12:25:10,0,100,450,1276
2023-11-16 12:25:10,31,100,450,1276
2023-11-16 12:25:10,33,100,450,1276
2023-11-16 12:25:10,33,40,450,1276
2023-11-16 12:25:10,33,38,450,1276
2023-11-16 12:25:28,0,38,450,1276
2023-11-16 12:25:28,0,100,450,1276
2023-11-16 12:25:28,31,100,450,1276
2023-11-16 12:25:28,33,100,450,1276
2023-11-16 12:25:28,35,100,450,1276
2023-11-16 12:25:28,35,40,450,1276
2023-11-16 12:25:58,0,40,450,1276
2023-11-16 12:25:58,0,100,450,1276
2023-11-16 12:25:58,32,100,450,1276
2023-11-16 12:25:58,36,100,450,1276
2023-11-16 12:25:58,36,44,450,1276
2023-11-16 12:25:58,36,41,450,1276
2023-11-16 12:26:16,0,41,450,1276
2023-11-16 12:26:16,0,100,450,1276
2023-11-16 12:26:16,35,100,450,1276
2023-11-16 12:26:16,37,100,450,1276
2023-11-16 12:26:16,37,43,450,1276
2023-11-16 12:27:16,35,43,450,1276
2023-11-16 12:27:17,34,100,450,1276
2023-11-16 12:27:17,36,100,450,1276
2023-11-16 12:27:17,38,100,450,1276
2023-11-16 12:27:17,38,48,450,1276
2023-11-16 12:27:17,38,44,450,1276
2023-11-16 12:28:04,38,46,551,1601
2023-11-16 12:28:17,0,46,551,1601
2023-11-16 12:28:18,39,100,551,1601
2023-11-16 12:28:18,39,49,551,1601
2023-11-16 12:28:18,39,46,551,1601
2023-11-16 12:28:18,39,44,551,1601
2023-11-16 12:29:17,39,100,551,1601
2023-11-16 12:29:17,0,100,551,1601
2023-11-16 12:29:17,37,100,551,1601
2023-11-16 12:29:17,37,45,551,1601
2023-11-16 12:29:17,37,44,551,1601
2023-11-16 12:29:37,0,44,551,1601
2023-11-16 12:29:37,0,100,551,1601
2023-11-16 12:29:37,36,100,551,1601
2023-11-16 12:29:37,38,100,551,1601
2023-11-16 12:29:37,38,44,551,1601
2023-11-16 12:29:58,38,100,551,1601
2023-11-16 12:29:58,0,100,551,1601
2023-11-16 12:29:58,37,100,551,1601
2023-11-16 12:29:58,37,45,551,1601
2023-11-16 12:29:58,37,44,551,1601
2023-11-16 12:30:58,35,44,551,1601
2023-11-16 12:30:59,34,100,551,1601
2023-11-16 12:30:59,36,100,551,1601
2023-11-16 12:30:59,38,100,551,1601
2023-11-16 12:30:59,38,49,551,1601
2023-11-16 12:30:59,38,44,551,1601
2023-11-16 12:32:00,36,44,551,1601
2023-11-16 12:32:00,34,100,551,1601
2023-11-16 12:32:00,38,100,551,1601
2023-11-16 12:32:00,38,49,551,1601
2023-11-16 12:32:00,38,44,551,1601
2023-11-16 12:32:03,38,100,551,1601
2023-11-16 12:32:03,0,100,551,1601
2023-11-16 12:32:03,36,100,551,1601
2023-11-16 12:32:03,36,47,551,1601
2023-11-16 12:32:03,36,43,551,1601
2023-11-16 12:32:18,36,100,551,1601
2023-11-16 12:32:18,0,100,551,1601
2023-11-16 12:32:18,33,100,551,1601
2023-11-16 12:32:18,35,100,551,1601
2023-11-16 12:32:18,35,44,551,1601
2023-11-16 12:32:18,35,41,551,1601
2023-11-16 12:32:51,35,100,551,1601
2023-11-16 12:32:51,0,100,551,1601
2023-11-16 12:32:51,30,100,551,1601
2023-11-16 12:32:51,32,100,551,1601
2023-11-16 12:32:51,34,100,551,1601
2023-11-16 12:32:51,34,45,551,1601
2023-11-16 12:32:51,34,43,551,1601
2023-11-16 12:32:51,34,40,551,1601
2023-11-16 12:33:42,0,40,551,1601
2023-11-16 12:33:42,0,100,551,1601
2023-11-16 12:33:42,36,100,551,1601
2023-11-16 12:33:42,36,47,551,1601
2023-11-16 12:33:42,36,43,551,1601
2023-11-16 12:34:01,0,43,551,1601
2023-11-16 12:34:01,0,100,551,1601
2023-11-16 12:34:01,37,100,551,1601
2023-11-16 12:34:01,37,48,551,1601
2023-11-16 12:34:01,37,44,551,1601
2023-11-16 12:34:53,37,100,551,1601
2023-11-16 12:34:53,0,100,551,1601
2023-11-16 12:34:53,31,100,551,1601
2023-11-16 12:34:53,35,100,551,1601
2023-11-16 12:34:53,35,46,551,1601
2023-11-16 12:34:53,35,41,551,1601
2023-11-16 12:35:53,35,44,551,1601
2023-11-16 12:35:54,33,100,551,1601
2023-11-16 12:35:54,35,100,551,1601
2023-11-16 12:35:54,35,44,551,1601
2023-11-16 12:35:54,35,41,551,1601
2023-11-16 12:36:54,31,41,551,1601
2023-11-16 12:36:55,32,100,551,1601
2023-11-16 12:36:55,34,100,551,1601
2023-11-16 12:36:55,34,43,551,1601
2023-11-16 12:36:55,34,40,551,1601
2023-11-16 12:37:38,0,40,551,1601
2023-11-16 12:37:38,0,100,551,1601
2023-11-16 12:37:38,32,100,551,1601
2023-11-16 12:37:38,36,100,551,1601
2023-11-16 12:37:38,36,43,551,1601
2023-11-16 12:37:56,0,43,551,1601
2023-11-16 12:37:56,0,100,551,1601
2023-11-16 12:37:56,37,100,551,1601
2023-11-16 12:37:56,37,45,551,1601
2023-11-16 12:37:56,37,44,551,1601
2023-11-16 12:38:01,0,44,551,1601
2023-11-16 12:38:01,0,100,551,1601
2023-11-16 12:38:01,39,100,551,1601
2023-11-16 12:38:01,39,50,551,1601
2023-11-16 12:38:01,39,47,551,1601
2023-11-16 12:38:01,39,45,551,1601
2023-11-16 12:38:30,0,45,551,1601
2023-11-16 12:38:30,0,100,551,1601
2023-11-16 12:38:30,38,100,551,1601
2023-11-16 12:38:30,41,100,551,1601
2023-11-16 12:38:30,41,52,551,1601
2023-11-16 12:38:30,41,47,551,1601
2023-11-16 12:38:49,41,100,551,1601
2023-11-16 12:38:49,0,100,551,1601
2023-11-16 12:38:49,34,100,551,1601
2023-11-16 12:38:49,39,100,551,1601
2023-11-16 12:38:49,39,45,551,1601
2023-11-16 12:39:04,0,45,551,1601
2023-11-16 12:39:04,0,100,551,1601
2023-11-16 12:39:04,36,100,551,1601
2023-11-16 12:39:04,38,100,551,1601
2023-11-16 12:39:04,40,100,551,1601
2023-11-16 12:39:04,40,48,551,1601
2023-11-16 12:39:04,40,46,551,1601
2023-11-16 12:39:31,0,46,551,1601
2023-11-16 12:39:31,0,100,551,1601
2023-11-16 12:39:31,42,100,551,1601
2023-11-16 12:39:31,42,53,551,1601
2023-11-16 12:39:31,42,50,551,1601
2023-11-16 12:39:31,42,48,551,1601
2023-11-16 12:40:23,0,48,551,1601
2023-11-16 12:40:23,0,100,551,1601
2023-11-16 12:40:23,41,100,551,1601
2023-11-16 12:40:23,43,100,551,1601
2023-11-16 12:40:23,43,54,551,1601
2023-11-16 12:40:23,43,49,551,1601
2023-11-16 12:40:45,0,49,551,1601
2023-11-16 12:40:45,0,100,551,1601
2023-11-16 12:40:45,40,100,551,1601
2023-11-16 12:40:45,45,100,551,1601
2023-11-16 12:40:45,45,56,551,1601
2023-11-16 12:40:45,45,51,551,1601
2023-11-16 12:40:53,0,51,551,1601
2023-11-16 12:40:53,0,100,551,1601
2023-11-16 12:40:53,47,100,551,1601
2023-11-16 12:40:53,47,53,551,1601
2023-11-16 12:41:06,0,53,551,1601
2023-11-16 12:41:06,0,100,551,1601
2023-11-16 12:41:06,43,100,551,1601
2023-11-16 12:41:06,45,100,551,1601
2023-11-16 12:41:06,48,100,551,1601
2023-11-16 12:41:06,48,54,551,1601
2023-11-16 12:41:33,0,54,551,1601
2023-11-16 12:41:33,0,100,551,1601
2023-11-16 12:41:33,44,100,551,1601
2023-11-16 12:41:33,49,100,551,1601
2023-11-16 12:41:33,49,60,551,1601
2023-11-16 12:41:33,49,55,551,1601
2023-11-16 12:41:36,0,55,551,1601
2023-11-16 12:41:36,0,100,551,1601
2023-11-16 12:41:36,50,100,551,1601
2023-11-16 12:41:36,50,60,551,1601
2023-11-16 12:41:37,0,60,551,1601
2023-11-16 12:41:37,0,100,551,1601
2023-11-16 12:41:37,48,100,551,1601
2023-11-16 12:41:37,53,100,551,1601
2023-11-16 12:41:37,53,64,551,1601
2023-11-16 12:41:37,53,61,551,1601
2023-11-16 12:41:37,53,59,551,1601
2023-11-16 12:41:50,53,100,551,1601
2023-11-16 12:41:50,0,100,551,1601
2023-11-16 12:41:50,52,100,551,1601
2023-11-16 12:41:50,52,62,551,1601
2023-11-16 12:41:50,52,58,551,1601
2023-11-16 12:42:04,52,100,551,1601
2023-11-16 12:42:04,0,100,551,1601
2023-11-16 12:42:04,47,100,551,1601
2023-11-16 12:42:04,50,100,551,1601
2023-11-16 12:42:04,50,61,551,1601
2023-11-16 12:42:04,50,59,551,1601
2023-11-16 12:42:04,50,56,551,1601
2023-11-16 12:43:04,47,56,551,1601
2023-11-16 12:43:05,48,100,551,1601
2023-11-16 12:43:05,51,100,551,1601
2023-11-16 12:43:05,51,57,551,1601
2023-11-16 12:43:35,0,57,551,1601
2023-11-16 12:43:35,0,100,551,1601
2023-11-16 12:43:35,47,100,551,1601
2023-11-16 12:43:35,50,100,551,1601
2023-11-16 12:43:35,52,100,551,1601
2023-11-16 12:43:35,52,58,551,1601
2023-11-16 12:44:17,52,100,551,1601
2023-11-16 12:44:17,0,100,551,1601
2023-11-16 12:44:17,46,100,551,1601
2023-11-16 12:44:17,48,100,551,1601
2023-11-16 12:44:17,51,100,551,1601
2023-11-16 12:44:17,51,62,551,1601
2023-11-16 12:44:17,51,57,551,1601
2023-11-16 12:44:43,51,100,551,1601
2023-11-16 12:44:43,0,100,551,1601
2023-11-16 12:44:43,48,100,551,1601
2023-11-16 12:44:43,50,100,551,1601
2023-11-16 12:44:43,50,58,551,1601
2023-11-16 12:44:43,50,56,551,1601
2023-11-16 12:44:52,50,100,551,1601
2023-11-16 12:44:52,0,100,551,1601
2023-11-16 12:44:52,43,100,551,1601
2023-11-16 12:44:52,45,100,551,1601
2023-11-16 12:44:52,48,100,551,1601
2023-11-16 12:44:52,48,59,551,1601
2023-11-16 12:44:52,48,57,551,1601
2023-11-16 12:44:52,48,54,551,1601
2023-11-16 12:45:05,48,100,551,1601
2023-11-16 12:45:05,0,100,551,1601
2023-11-16 12:45:05,47,100,551,1601
2023-11-16 12:45:05,47,53,551,1601
2023-11-16 12:45:25,0,53,551,1601
2023-11-16 12:45:25,0,100,551,1601
2023-11-16 12:45:25,43,100,551,1601
2023-11-16 12:45:25,48,100,551,1601
2023-11-16 12:45:25,48,56,551,1601
2023-11-16 12:45:25,48,54,551,1601
2023-11-16 12:45:41,48,100,551,1601
2023-11-16 12:45:41,0,100,551,1601
2023-11-16 12:45:41,45,100,551,1601
2023-11-16 12:45:41,47,100,551,1601
2023-11-16 12:45:41,47,55,551,1601
2023-11-16 12:45:41,47,53,551,1601
2023-11-16 12:45:54,47,100,551,1601
2023-11-16 12:45:54,0,100,551,1601
2023-11-16 12:45:54,45,100,551,1601
2023-11-16 12:45:54,45,51,551,1601
2023-11-16 12:46:26,0,51,551,1601
2023-11-16 12:46:26,0,100,551,1601
2023-11-16 12:46:26,42,100,551,1601
2023-11-16 12:46:26,44,100,551,1601
2023-11-16 12:46:26,47,100,551,1601
2023-11-16 12:46:26,47,58,551,1601
2023-11-16 12:46:26,47,53,551,1601
2023-11-16 12:47:26,47,55,551,1601
2023-11-16 12:47:27,47,100,551,1601
2023-11-16 12:47:27,47,53,551,1601
2023-11-16 12:47:59,0,53,551,1601
2023-11-16 12:47:59,0,100,551,1601
2023-11-16 12:47:59,48,100,551,1601
2023-11-16 12:47:59,48,54,551,1601
2023-11-16 12:48:40,48,100,551,1601
2023-11-16 12:48:40,0,100,551,1601
2023-11-16 12:48:40,45,100,551,1601
2023-11-16 12:48:40,47,100,551,1601
2023-11-16 12:48:40,47,55,551,1601
2023-11-16 12:48:40,47,53,551,1601
2023-11-16 12:49:40,47,55,551,1601
2023-11-16 12:49:41,41,100,551,1601
2023-11-16 12:49:41,43,100,551,1601
2023-11-16 12:49:41,46,100,551,1601
2023-11-16 12:49:41,46,52,551,1601
2023-11-16 12:50:10,46,100,551,1601
2023-11-16 12:50:10,0,100,551,1601
2023-11-16 12:50:10,45,100,551,1601
2023-11-16 12:50:10,45,54,551,1601
2023-11-16 12:50:10,45,51,551,1601
2023-11-16 12:51:10,45,100,551,1601
2023-11-16 12:51:11,40,100,551,1601
2023-11-16 12:51:11,45,100,551,1601
2023-11-16 12:51:11,45,54,551,1601
2023-11-16 12:51:11,45,51,551,1601
2023-11-16 12:51:13,45,100,551,1601
2023-11-16 12:51:13,0,100,551,1601
2023-11-16 12:51:13,38,100,551,1601
2023-11-16 12:51:13,43,100,551,1601
2023-11-16 12:51:13,43,52,551,1601
2023-11-16 12:51:13,43,49,551,1601
2023-11-16 12:51:15,43,100,551,1601
2023-11-16 12:51:15,0,100,551,1601
2023-11-16 12:51:15,37,100,551,1601
2023-11-16 12:51:15,40,100,551,1601
2023-11-16 12:51:15,42,100,551,1601
2023-11-16 12:51:15,42,53,551,1601
2023-11-16 12:51:15,42,48,551,1601
2023-11-16 12:51:36,0,48,551,1601
2023-11-16 12:51:36,0,100,551,1601
2023-11-16 12:51:36,39,100,551,1601
2023-11-16 12:51:36,43,100,551,1601
2023-11-16 12:51:36,43,49,551,1601
2023-11-16 12:52:05,43,100,551,1601
2023-11-16 12:52:05,0,100,551,1601
2023-11-16 12:52:05,40,100,551,1601
2023-11-16 12:52:05,42,100,551,1601
2023-11-16 12:52:05,42,51,551,1601
2023-11-16 12:52:05,42,48,551,1601
2023-11-16 12:52:13,42,100,551,1601
2023-11-16 12:52:13,0,100,551,1601
2023-11-16 12:52:13,40,100,551,1601
2023-11-16 12:52:13,40,46,551,1601
2023-11-16 12:52:22,40,100,551,1601
2023-11-16 12:52:22,0,100,551,1601
2023-11-16 12:52:22,39,100,551,1601
2023-11-16 12:52:22,39,50,551,1601
2023-11-16 12:52:22,39,45,551,1601
2023-11-16 12:52:57,39,100,551,1601
2023-11-16 12:52:57,0,100,551,1601
2023-11-16 12:52:57,38,100,551,1601
2023-11-16 12:52:57,38,47,551,1601
2023-11-16 12:52:57,38,44,551,1601
2023-11-16 12:53:29,38,100,551,1601
2023-11-16 12:53:29,0,100,551,1601
2023-11-16 12:53:29,36,100,551,1601
2023-11-16 12:53:29,36,45,551,1601
2023-11-16 12:53:29,36,43,551,1601
2023-11-16 12:54:26,0,43,551,1601
2023-11-16 12:54:26,0,100,551,1601
2023-11-16 12:54:26,34,100,551,1601
2023-11-16 12:54:26,36,100,551,1601
2023-11-16 12:54:26,38,100,551,1601
2023-11-16 12:54:26,38,46,551,1601
2023-11-16 12:54:26,38,44,551,1601
2023-11-16 12:55:26,36,44,551,1601
2023-11-16 12:55:27,34,100,551,1601
2023-11-16 12:55:27,38,100,551,1601
2023-11-16 12:55:27,38,44,551,1601
2023-11-16 12:56:15,0,44,551,1601
2023-11-16 12:56:15,0,100,551,1601
2023-11-16 12:56:15,35,100,551,1601
2023-11-16 12:56:15,39,100,551,1601
2023-11-16 12:56:15,39,50,551,1601
2023-11-16 12:56:15,39,47,551,1601
2023-11-16 12:56:15,39,45,551,1601
2023-11-16 12:57:04,39,100,551,1601
2023-11-16 12:57:04,0,100,551,1601
2023-11-16 12:57:04,37,100,551,1601
2023-11-16 12:57:04,37,44,551,1601
2023-11-16 12:57:39,0,44,551,1601
2023-11-16 12:57:39,0,100,551,1601
2023-11-16 12:57:39,39,100,551,1601
2023-11-16 12:57:39,39,50,551,1601
2023-11-16 12:57:39,39,47,551,1601
2023-11-16 12:57:39,39,45,551,1601
2023-11-16 12:58:19,0,45,551,1601
2023-11-16 12:58:19,0,100,551,1601
2023-11-16 12:58:19,36,100,551,1601
2023-11-16 12:58:19,40,100,551,1601
2023-11-16 12:58:19,40,46,551,1601
2023-11-16 12:58:32,0,46,551,1601
2023-11-16 12:58:32,0,100,551,1601
2023-11-16 12:58:32,41,100,551,1601
2023-11-16 12:58:32,41,47,551,1601
2023-11-16 12:59:01,0,47,551,1601
2023-11-16 12:59:01,0,100,551,1601
2023-11-16 12:59:01,41,100,551,1601
2023-11-16 12:59:01,43,100,551,1601
2023-11-16 12:59:01,43,48,551,1601
2023-11-16 13:00:01,41,48,551,1601
2023-11-16 13:00:02,39,100,551,1601
2023-11-16 13:00:02,42,100,551,1601
2023-11-16 13:00:02,42,53,551,1601
2023-11-16 13:00:02,42,48,551,1601
2023-11-16 13:00:16,42,100,551,1601
2023-11-16 13:00:16,0,100,551,1601
2023-11-16 13:00:16,37,100,551,1601
2023-11-16 13:00:16,39,100,551,1601
2023-11-16 13:00:16,41,100,551,1601
2023-11-16 13:00:16,41,51,551,1601
2023-11-16 13:00:16,41,46,551,1601
2023-11-16 13:01:16,39,46,551,1601
2023-11-16 13:01:17,38,100,551,1601
2023-11-16 13:01:17,40,100,551,1601
2023-11-16 13:01:17,40,46,551,1601
2023-11-16 13:01:27,40,100,551,1601
2023-11-16 13:01:27,0,100,551,1601
2023-11-16 13:01:27,35,100,551,1601
2023-11-16 13:01:27,39,100,551,1601
2023-11-16 13:01:27,39,48,551,1601
2023-11-16 13:01:27,39,45,551,1601
2023-11-16 13:01:49,0,45,551,1601
2023-11-16 13:01:49,0,100,551,1601
2023-11-16 13:01:49,41,100,551,1601
2023-11-16 13:01:49,41,52,551,1601
2023-11-16 13:01:49,41,47,551,1601
2023-11-16 13:02:42,0,47,551,1601
2023-11-16 13:02:42,0,100,551,1601
2023-11-16 13:02:42,37,100,551,1601
2023-11-16 13:02:42,39,100,551,1601
2023-11-16 13:02:42,42,100,551,1601
2023-11-16 13:02:42,42,53,551,1601
2023-11-16 13:02:42,42,51,551,1601
2023-11-16 13:02:42,42,48,551,1601
2023-11-16 13:03:42,42,51,551,1601
2023-11-16 13:03:43,42,100,551,1601
2023-11-16 13:03:43,42,53,551,1601
2023-11-16 13:03:43,42,48,551,1601
2023-11-16 13:03:57,0,48,551,1601
2023-11-16 13:03:57,0,100,551,1601
2023-11-16 13:03:57,38,100,551,1601
2023-11-16 13:03:57,43,100,551,1601
2023-11-16 13:03:57,43,49,551,1601
2023-11-16 13:04:15,43,100,551,1601
2023-11-16 13:04:15,0,100,551,1601
2023-11-16 13:04:15,37,100,551,1601
2023-11-16 13:04:15,39,100,551,1601
2023-11-16 13:04:15,42,100,551,1601
2023-11-16 13:04:15,42,52,551,1601
2023-11-16 13:04:15,42,47,551,1601
2023-11-16 13:04:30,42,100,551,1601
2023-11-16 13:04:30,0,100,551,1601
2023-11-16 13:04:30,36,100,551,1601
2023-11-16 13:04:30,36,52,551,1601
2023-11-16 13:04:30,36,47,551,1601
2023-11-16 13:04:42,37,47,551,1601
2023-11-16 13:04:49,37,46,551,1601
2023-11-16 13:05:02,37,45,551,1601
2023-11-16 13:05:02,37,44,551,1601
2023-11-16 13:05:50,37,46,551,1601
2023-11-16 13:05:50,37,43,551,1601
2023-11-16 13:05:57,37,43,576,1626
2023-11-16 13:05:59,37,46,576,1626
2023-11-16 13:05:59,37,43,576,1626
2023-11-16 13:05:59,37,40,576,1626
2023-11-16 13:06:07,37,46,576,1626
2023-11-16 13:06:07,37,43,576,1626
2023-11-16 13:06:10,37,46,576,1626
2023-11-16 13:06:10,37,45,576,1626
2023-11-16 13:06:10,37,44,576,1626
2023-11-16 13:07:10,37,45,576,1626
2023-11-16 13:07:11,37,43,576,1626
2023-11-16 13:07:25,37,46,576,1626
2023-11-16 13:07:25,38,46,576,1626
2023-11-16 13:07:25,38,44,576,1626
2023-11-16 13:07:32,37,44,576,1626
2023-11-16 13:07:32,37,46,576,1626
2023-11-16 13:07:32,39,46,576,1626
2023-11-16 13:07:32,39,45,576,1626
2023-11-16 13:07:50,39,46,576,1626
2023-11-16 13:07:50,37,46,576,1626
2023-11-16 13:07:50,38,46,576,1626
2023-11-16 13:07:50,38,44,576,1626
2023-11-16 13:08:10,38,46,576,1626
2023-11-16 13:08:10,37,46,576,1626
2023-11-16 13:08:10,37,44,576,1626
2023-11-16 13:08:10,37,43,576,1626
2023-11-16 13:08:40,37,46,576,1626
2023-11-16 13:08:40,37,44,576,1626
2023-11-16 13:08:40,37,41,576,1626
2023-11-16 13:09:03,35,41,676,1726
2023-11-16 13:09:03,35,46,676,1726
2023-11-16 13:09:03,0,46,676,1726
2023-11-16 13:09:03,31,46,676,1726
2023-11-16 13:09:03,33,46,676,1726
2023-11-16 13:09:03,33,41,676,1726
2023-11-16 13:09:03,33,39,676,1726
2023-11-16 13:09:35,33,46,676,1726
2023-11-16 13:09:35,0,46,676,1726
2023-11-16 13:09:35,32,46,676,1726
2023-11-16 13:09:35,32,43,676,1726
2023-11-16 13:09:35,32,38,676,1726
2023-11-16 13:10:35,30,38,676,1726
2023-11-16 13:10:36,27,46,676,1726
2023-11-16 13:10:36,31,46,676,1726
2023-11-16 13:10:36,31,37,676,1726
2023-11-16 13:11:25,31,46,676,1726
2023-11-16 13:11:25,0,46,676,1726
2023-11-16 13:11:25,26,46,676,1726
2023-11-16 13:11:25,28,46,676,1726
2023-11-16 13:11:25,30,46,676,1726
2023-11-16 13:11:25,30,38,676,1726
2023-11-16 13:11:25,30,36,676,1726
2023-11-16 13:12:15,30,46,676,1726
2023-11-16 13:12:15,0,46,676,1726
2023-11-16 13:12:15,24,46,676,1726
2023-11-16 13:12:15,28,46,676,1726
2023-11-16 13:12:15,28,38,676,1726
2023-11-16 13:12:15,28,36,676,1726
2023-11-16 13:12:15,28,34,676,1726
2023-11-16 13:12:40,0,34,676,1726
2023-11-16 13:12:40,0,46,676,1726
2023-11-16 13:12:40,28,46,676,1726
2023-11-16 13:12:40,30,46,676,1726
2023-11-16 13:12:40,30,36,676,1726
2023-11-16 13:13:05,30,46,676,1726
2023-11-16 13:13:05,0,46,676,1726
2023-11-16 13:13:05,28,46,676,1726
2023-11-16 13:13:05,28,38,676,1726
2023-11-16 13:13:05,28,34,676,1726
2023-11-16 13:14:05,28,36,676,1726
2023-11-16 13:14:06,26,46,676,1726
2023-11-16 13:14:06,28,46,676,1726
2023-11-16 13:14:06,28,34,676,1726
2023-11-16 13:14:18,28,36,751,1801
2023-11-16 13:14:53,0,36,751,1801
2023-11-16 13:14:53,0,46,751,1801
2023-11-16 13:14:53,26,46,751,1801
2023-11-16 13:14:53,28,46,751,1801
2023-11-16 13:14:53,30,46,751,1801
2023-11-16 13:14:53,30,35,751,1801
2023-11-16 13:14:58,0,35,751,1801
2023-11-16 13:14:58,0,46,751,1801
2023-11-16 13:14:58,28,46,751,1801
2023-11-16 13:14:58,31,46,751,1801
2023-11-16 13:14:58,31,39,751,1801
2023-11-16 13:14:58,31,37,751,1801
2023-11-16 13:15:28,31,46,751,1801
2023-11-16 13:15:28,0,46,751,1801
2023-11-16 13:15:28,30,46,751,1801
2023-11-16 13:15:28,30,40,751,1801
2023-11-16 13:15:28,30,38,751,1801
2023-11-16 13:15:28,30,36,751,1801
2023-11-16 13:15:38,0,36,751,1801
2023-11-16 13:15:38,0,46,751,1801
2023-11-16 13:15:38,30,46,751,1801
2023-11-16 13:15:38,30,43,751,1801
2023-11-16 13:15:38,30,40,751,1801
2023-11-16 13:15:47,0,40,751,1801
2023-11-16 13:15:47,0,46,751,1801
2023-11-16 13:15:47,28,46,751,1801
2023-11-16 13:15:47,31,46,751,1801
2023-11-16 13:15:47,33,46,751,1801
2023-11-16 13:15:47,33,44,751,1801
2023-11-16 13:15:47,33,39,751,1801
2023-11-16 13:16:06,0,39,751,1801
2023-11-16 13:16:06,0,46,751,1801
2023-11-16 13:16:06,33,46,751,1801
2023-11-16 13:16:06,35,46,751,1801
2023-11-16 13:16:06,35,41,751,1801
2023-11-16 13:16:42,0,41,751,1801
2023-11-16 13:16:42,0,46,751,1801
2023-11-16 13:16:42,32,46,751,1801
2023-11-16 13:16:42,36,46,751,1801
2023-11-16 13:16:42,36,43,751,1801
2023-11-16 13:16:51,0,43,751,1801
2023-11-16 13:16:51,0,46,751,1801
2023-11-16 13:16:51,34,46,751,1801
2023-11-16 13:16:51,38,46,751,1801
2023-11-16 13:16:51,38,44,751,1801
2023-11-16 13:17:48,38,46,751,1801
2023-11-16 13:17:48,0,46,751,1801
2023-11-16 13:17:48,32,46,751,1801
2023-11-16 13:17:48,36,46,751,1801
2023-11-16 13:17:48,36,44,751,1801
2023-11-16 13:17:48,36,43,751,1801
2023-11-16 13:18:40,36,46,751,1801
2023-11-16 13:18:40,0,46,751,1801
2023-11-16 13:18:40,31,46,751,1801
2023-11-16 13:18:40,33,46,751,1801
2023-11-16 13:18:40,35,46,751,1801
2023-11-16 13:18:40,35,41,751,1801
2023-11-16 13:18:59,35,46,751,1801
2023-11-16 13:18:59,0,46,751,1801
2023-11-16 13:18:59,31,46,751,1801
2023-11-16 13:18:59,33,46,751,1801
2023-11-16 13:18:59,33,41,751,1801
2023-11-16 13:18:59,33,39,751,1801
2023-11-16 13:19:23,33,46,751,1801
2023-11-16 13:19:23,0,46,751,1801
2023-11-16 13:19:23,32,46,751,1801
2023-11-16 13:19:23,32,38,751,1801
2023-11-16 13:19:56,0,38,751,1801
2023-11-16 13:19:56,0,46,751,1801
2023-11-16 13:19:56,28,46,751,1801
2023-11-16 13:19:56,31,46,751,1801
2023-11-16 13:19:56,33,46,751,1801
2023-11-16 13:19:56,33,39,751,1801
2023-11-16 13:20:05,33,46,751,1801
2023-11-16 13:20:05,0,46,751,1801
2023-11-16 13:20:05,30,46,751,1801
2023-11-16 13:20:05,32,46,751,1801
2023-11-16 13:20:05,32,40,751,1801
2023-11-16 13:20:05,32,38,751,1801
2023-11-16 13:20:17,32,46,751,1801
2023-11-16 13:20:17,0,46,751,1801
2023-11-16 13:20:17,27,46,751,1801
2023-11-16 13:20:17,31,46,751,1801
2023-11-16 13:20:17,31,39,751,1801
2023-11-16 13:20:17,31,37,751,1801
2023-11-16 13:20:24,31,46,751,1801
2023-11-16 13:20:24,0,46,751,1801
2023-11-16 13:20:24,25,46,751,1801
2023-11-16 13:20:24,27,46,751,1801
2023-11-16 13:20:24,28,46,751,1801
2023-11-16 13:20:24,28,37,751,1801
2023-11-16 13:20:24,28,35,751,1801
2023-11-16 13:21:24,28,46,751,1801
2023-11-16 13:21:25,30,46,751,1801
2023-11-16 13:21:25,30,37,751,1801
2023-11-16 13:21:25,30,35,751,1801
2023-11-16 13:21:37,30,46,751,1801
2023-11-16 13:21:37,0,46,751,1801
2023-11-16 13:21:37,24,46,751,1801
2023-11-16 13:21:37,26,46,751,1801
2023-11-16 13:21:37,28,46,751,1801
2023-11-16 13:21:37,28,38,751,1801
2023-11-16 13:21:37,28,34,751,1801
2023-11-16 13:22:26,28,46,751,1801
2023-11-16 13:22:26,0,46,751,1801
2023-11-16 13:22:26,22,46,751,1801
2023-11-16 13:22:26,24,46,751,1801
2023-11-16 13:22:26,26,46,751,1801
2023-11-16 13:22:26,26,36,751,1801
2023-11-16 13:22:26,26,34,751,1801
2023-11-16 13:22:26,26,32,751,1801
2023-11-16 13:23:26,26,34,751,1801
2023-11-16 13:23:27,25,46,751,1801
2023-11-16 13:23:27,27,46,751,1801
2023-11-16 13:23:27,27,35,751,1801
2023-11-16 13:23:27,27,33,751,1801
2023-11-16 13:23:51,0,33,751,1801
2023-11-16 13:23:51,0,46,751,1801
2023-11-16 13:23:51,26,46,751,1801
2023-11-16 13:23:51,28,46,751,1801
2023-11-16 13:23:51,28,38,751,1801
2023-11-16 13:23:51,28,36,751,1801
2023-11-16 13:23:51,28,34,751,1801
2023-11-16 13:24:01,0,34,751,1801
2023-11-16 13:24:01,0,46,751,1801
2023-11-16 13:24:01,28,46,751,1801
2023-11-16 13:24:01,30,46,751,1801
2023-11-16 13:24:01,30,37,751,1801
2023-11-16 13:24:01,30,35,751,1801
2023-11-16 13:24:23,0,35,751,1801
2023-11-16 13:24:23,0,46,751,1801
2023-11-16 13:24:23,28,46,751,1801
2023-11-16 13:24:23,31,46,751,1801
2023-11-16 13:24:23,31,41,751,1801
2023-11-16 13:24:23,31,37,751,1801
2023-11-16 13:25:03,0,37,751,1801
2023-11-16 13:25:03,0,46,751,1801
2023-11-16 13:25:03,30,46,751,1801
2023-11-16 13:25:03,32,46,751,1801
2023-11-16 13:25:03,32,38,751,1801
2023-11-16 13:25:08,0,38,751,1801
2023-11-16 13:25:08,0,46,751,1801
2023-11-16 13:25:08,34,46,751,1801
2023-11-16 13:25:08,34,40,751,1801
2023-11-16 13:25:19,0,40,751,1801
2023-11-16 13:25:19,0,46,751,1801
2023-11-16 13:25:19,35,46,751,1801
2023-11-16 13:25:19,35,41,751,1801
2023-11-16 13:25:31,0,41,751,1801
2023-11-16 13:25:31,0,46,751,1801
2023-11-16 13:25:31,35,46,751,1801
2023-11-16 13:25:31,35,45,751,1801
2023-11-16 13:25:42,0,45,751,1801
2023-11-16 13:25:42,0,46,751,1801
2023-11-16 13:25:42,35,46,751,1801
2023-11-16 13:25:42,37,46,751,1801
2023-11-16 13:25:42,39,46,751,1801
2023-11-16 13:25:42,39,44,751,1801
2023-11-16 13:25:43,0,44,751,1801
2023-11-16 13:25:43,0,46,751,1801
2023-11-16 13:25:43,40,46,751,1801
2023-11-16 13:25:48,0,46,751,1801
2023-11-16 13:25:48,42,46,751,1801
2023-11-16 13:25:50,0,46,751,1801
2023-11-16 13:25:50,39,46,751,1801
2023-11-16 13:25:50,44,46,751,1801
2023-11-16 13:25:55,44,49,701,1851
2023-11-16 13:26:05,0,49,701,1851
2023-11-16 13:26:05,0,51,701,1851
2023-11-16 13:26:05,46,51,701,1851
2023-11-16 13:26:17,0,51,701,1851
2023-11-16 13:26:17,42,51,701,1851
2023-11-16 13:26:17,44,51,701,1851
2023-11-16 13:26:17,44,50,701,1851
2023-11-16 13:26:36,44,51,701,1851
2023-11-16 13:26:36,0,51,701,1851
2023-11-16 13:26:36,38,51,701,1851
2023-11-16 13:26:36,42,51,701,1851
2023-11-16 13:26:36,42,48,701,1851
2023-11-16 13:27:05,42,51,701,1851
2023-11-16 13:27:05,0,51,701,1851
2023-11-16 13:27:05,39,51,701,1851
2023-11-16 13:27:05,41,51,701,1851
2023-11-16 13:27:05,41,47,701,1851
2023-11-16 13:28:00,0,47,701,1851
2023-11-16 13:28:00,0,51,701,1851
2023-11-16 13:28:00,42,51,701,1851
2023-11-16 13:28:00,42,48,701,1851
2023-11-16 13:28:08,42,46,701,1851
2023-11-16 13:28:34,0,46,701,1851
2023-11-16 13:28:34,33,46,701,1851
2023-11-16 13:28:34,38,46,701,1851
2023-11-16 13:28:40,0,46,701,1851
2023-11-16 13:28:40,33,46,701,1851
2023-11-16 13:28:40,36,46,701,1851
2023-11-16 13:28:40,38,46,701,1851
2023-11-16 13:28:40,38,44,701,1851
2023-11-16 13:29:25,0,44,701,1851
2023-11-16 13:29:25,0,46,701,1851
2023-11-16 13:29:25,37,46,701,1851
2023-11-16 13:29:25,40,46,701,1851
2023-11-16 13:30:25,37,46,701,1851
2023-11-16 13:30:26,38,46,701,1851
2023-11-16 13:30:26,40,46,701,1851
2023-11-16 13:31:26,36,46,701,1851
2023-11-16 13:31:26,36,46,701,1851
2023-11-16 13:31:26,40,46,701,1851
2023-11-16 13:31:31,0,46,701,1851
2023-11-16 13:31:31,37,46,701,1851
2023-11-16 13:31:31,39,46,701,1851
2023-11-16 13:31:31,39,45,701,1851
2023-11-16 13:31:33,39,46,701,1851
2023-11-16 13:31:33,0,46,701,1851
2023-11-16 13:31:33,33,46,701,1851
2023-11-16 13:31:33,37,46,701,1851
2023-11-16 13:31:33,37,45,701,1851
2023-11-16 13:31:33,37,44,701,1851
2023-11-16 13:31:49,37,46,701,1851
2023-11-16 13:31:49,0,46,701,1851
2023-11-16 13:31:49,35,46,701,1851
2023-11-16 13:31:49,35,45,701,1851
2023-11-16 13:31:49,35,44,701,1851
2023-11-16 13:31:49,35,41,701,1851
2023-11-16 13:32:08,35,46,701,1851
2023-11-16 13:32:08,0,46,701,1851
2023-11-16 13:32:08,34,46,701,1851
2023-11-16 13:32:08,34,43,701,1851
2023-11-16 13:32:08,34,40,701,1851
2023-11-16 13:32:21,34,46,701,1851
2023-11-16 13:32:21,0,46,701,1851
2023-11-16 13:32:21,33,46,701,1851
2023-11-16 13:32:21,33,38,701,1851
2023-11-16 13:32:25,33,46,701,1851
2023-11-16 13:32:25,0,46,701,1851
2023-11-16 13:32:25,31,46,701,1851
2023-11-16 13:32:25,31,41,701,1851
2023-11-16 13:32:25,31,37,701,1851
2023-11-16 13:32:41,31,46,701,1851
2023-11-16 13:32:41,0,46,701,1851
2023-11-16 13:32:41,28,46,701,1851
2023-11-16 13:32:41,30,46,701,1851
2023-11-16 13:32:41,30,38,701,1851
2023-11-16 13:32:41,30,36,701,1851
2023-11-16 13:33:22,0,36,701,1851
2023-11-16 13:33:22,0,46,701,1851
2023-11-16 13:33:22,27,46,701,1851
2023-11-16 13:33:22,28,46,701,1851
2023-11-16 13:33:22,31,46,701,1851
2023-11-16 13:33:22,31,39,701,1851
2023-11-16 13:33:22,31,37,701,1851
2023-11-16 13:33:44,31,46,701,1851
2023-11-16 13:33:44,0,46,701,1851
2023-11-16 13:33:44,26,46,701,1851
2023-11-16 13:33:44,28,46,701,1851
2023-11-16 13:33:44,30,46,701,1851
2023-11-16 13:33:44,30,40,701,1851
2023-11-16 13:33:44,30,36,701,1851
2023-11-16 13:34:12,0,36,701,1851
2023-11-16 13:34:12,0,46,701,1851
2023-11-16 13:34:12,31,46,701,1851
2023-11-16 13:34:12,31,41,701,1851
2023-11-16 13:34:12,31,39,701,1851
2023-11-16 13:34:12,31,37,701,1851
2023-11-16 13:34:20,31,46,701,1851
2023-11-16 13:34:20,0,46,701,1851
2023-11-16 13:34:20,30,46,701,1851
2023-11-16 13:34:20,30,41,701,1851
2023-11-16 13:34:20,30,38,701,1851
2023-11-16 13:34:20,30,36,701,1851
2023-11-16 13:34:26,30,46,701,1851
2023-11-16 13:34:26,0,46,701,1851
2023-11-16 13:34:26,28,46,701,1851
2023-11-16 13:34:26,28,36,701,1851
2023-11-16 13:34:26,28,34,701,1851
2023-11-16 13:34:35,0,34,701,1851
2023-11-16 13:34:35,0,46,701,1851
2023-11-16 13:34:35,26,46,701,1851
2023-11-16 13:34:35,28,46,701,1851
2023-11-16 13:34:35,30,46,701,1851
2023-11-16 13:34:35,30,36,701,1851
2023-11-16 13:35:29,0,36,701,1851
2023-11-16 13:35:29,0,46,701,1851
2023-11-16 13:35:29,31,46,701,1851
2023-11-16 13:35:29,31,37,701,1851
2023-11-16 13:36:01,0,37,701,1851
2023-11-16 13:36:01,0,46,701,1851
2023-11-16 13:36:01,28,46,701,1851
2023-11-16 13:36:01,31,46,701,1851
2023-11-16 13:36:01,33,46,701,1851
2023-11-16 13:36:01,33,39,701,1851
2023-11-16 13:36:29,0,39,701,1851
2023-11-16 13:36:29,0,45,701,1851
2023-11-16 13:36:29,34,45,701,1851
2023-11-16 13:36:29,34,43,701,1851
2023-11-16 13:36:29,34,40,701,1851
2023-11-16 13:36:33,0,40,701,1851
2023-11-16 13:36:33,0,45,701,1851
2023-11-16 13:36:33,36,45,701,1851
2023-11-16 13:36:33,36,43,701,1851
2023-11-16 13:36:59,0,43,701,1851
2023-11-16 13:36:59,0,45,701,1851
2023-11-16 13:36:59,33,45,701,1851
2023-11-16 13:36:59,37,45,701,1851
2023-11-16 13:36:59,37,44,701,1851
2023-11-16 13:37:19,0,44,701,1851
2023-11-16 13:37:19,0,45,701,1851
2023-11-16 13:37:19,37,45,701,1851
2023-11-16 13:37:19,39,45,701,1851
2023-11-16 13:37:33,0,45,701,1851
2023-11-16 13:37:33,38,45,701,1851
2023-11-16 13:37:33,40,45,701,1851
2023-11-16 13:38:07,0,45,701,1851
2023-11-16 13:38:07,37,45,701,1851
2023-11-16 13:38:07,40,45,701,1851
2023-11-16 13:38:07,42,45,701,1851
2023-11-16 13:38:21,0,45,701,1851
2023-11-16 13:38:21,35,45,701,1851
2023-11-16 13:38:21,40,45,701,1851
2023-11-16 13:38:42,0,45,701,1851
2023-11-16 13:38:42,41,45,701,1851
2023-11-16 13:39:02,0,45,701,1851
2023-11-16 13:39:02,40,45,701,1851
2023-11-16 13:39:14,0,45,701,1851
2023-11-16 13:39:14,37,45,701,1851
2023-11-16 13:39:14,39,45,701,1851
2023-11-16 13:39:14,39,44,701,1851
2023-11-16 13:39:30,39,45,701,1851
2023-11-16 13:39:30,0,45,701,1851
2023-11-16 13:39:30,37,45,701,1851
2023-11-16 13:39:30,37,44,701,1851
2023-11-16 13:39:45,37,45,701,1851
2023-11-16 13:39:45,0,45,701,1851
2023-11-16 13:39:45,31,45,701,1851
2023-11-16 13:39:45,33,45,701,1851
2023-11-16 13:39:45,35,45,701,1851
2023-11-16 13:39:45,35,44,701,1851
2023-11-16 13:39:45,35,41,701,1851
2023-11-16 13:40:05,35,45,701,1851
2023-11-16 13:40:05,0,45,701,1851
2023-11-16 13:40:05,30,45,701,1851
2023-11-16 13:40:05,34,45,701,1851
2023-11-16 13:40:05,34,44,701,1851
2023-11-16 13:40:05,34,41,701,1851
2023-11-16 13:40:05,34,39,701,1851
2023-11-16 13:40:18,34,45,701,1851
2023-11-16 13:40:18,0,45,701,1851
2023-11-16 13:40:18,28,45,701,1851
2023-11-16 13:40:18,32,45,701,1851
2023-11-16 13:40:18,32,43,701,1851
2023-11-16 13:40:18,32,38,701,1851
2023-11-16 13:40:32,32,45,701,1851
2023-11-16 13:40:32,0,45,701,1851
2023-11-16 13:40:32,27,45,701,1851
2023-11-16 13:40:32,28,45,701,1851
