datetime,bid,ask,open_interest,volume
2023-03-16 09:30:07,34,41,292,539
2023-03-16 09:30:07,34,39,292,539
2023-03-16 09:30:48,34,38,292,539
2023-03-16 09:31:03,34,39,302,549
2023-03-16 09:31:25,36,39,302,549
2023-03-16 09:31:25,36,40,302,549
2023-03-16 09:33:16,36,39,302,549
2023-03-16 09:34:08,40,41,499,746
2023-03-16 09:34:21,40,42,499,746
2023-03-16 09:34:27,40,41,499,746
2023-03-16 09:34:29,40,41,509,756
2023-03-16 09:34:30,40,42,509,756
2023-03-16 09:34:31,40,41,509,756
2023-03-16 09:34:33,40,42,509,756
2023-03-16 09:35:02,40,42,569,816
2023-03-16 09:35:05,40,42,629,876
2023-03-16 09:35:09,40,42,689,936
2023-03-16 09:35:12,40,42,749,996
2023-03-16 09:35:15,40,42,809,1056
2023-03-16 09:35:19,40,42,854,1101
2023-03-16 09:35:24,40,42,899,1146
2023-03-16 09:35:33,40,42,944,1191
2023-03-16 09:35:36,40,41,944,1191
2023-03-16 09:35:40,40,41,954,1201
2023-03-16 09:35:48,40,42,954,1201
2023-03-16 09:35:49,40,41,954,1201
2023-03-16 09:35:49,40,41,984,1231
2023-03-16 09:35:52,40,42,984,1231
2023-03-16 09:35:53,40,41,984,1231
2023-03-16 09:35:55,40,42,984,1231
2023-03-16 09:35:56,40,41,984,1231
2023-03-16 09:35:58,40,42,984,1231
2023-03-16 09:36:21,39,42,984,1231
2023-03-16 09:36:21,39,42,1132,1379
2023-03-16 09:36:21,39,43,1132,1379
2023-03-16 09:36:24,40,43,1132,1379
2023-03-16 09:36:26,40,44,1132,1379
2023-03-16 09:36:26,40,43,1132,1379
2023-03-16 09:36:28,39,43,1132,1379
2023-03-16 09:36:28,39,41,1132,1379
2023-03-16 09:36:49,40,41,1132,1379
2023-03-16 09:36:59,39,41,1132,1379
2023-03-16 09:36:59,40,41,1132,1379
2023-03-16 09:37:16,39,41,1132,1379
2023-03-16 09:37:25,40,41,1132,1379
2023-03-16 09:38:13,41,44,1132,1389
2023-03-16 09:38:13,41,43,1132,1389
2023-03-16 09:38:19,41,44,1132,1389
2023-03-16 09:38:19,40,44,1132,1389
2023-03-16 09:38:27,41,44,1132,1389
2023-03-16 09:38:32,40,44,1132,1389
2023-03-16 09:38:32,40,43,1132,1389
2023-03-16 09:38:36,40,44,1132,1389
2023-03-16 09:38:36,40,43,1132,1389
2023-03-16 09:38:39,40,44,1132,1389
2023-03-16 09:38:40,40,41,1132,1389
2023-03-16 09:38:46,40,44,1132,1389
2023-03-16 09:38:46,40,43,1132,1389
2023-03-16 09:38:49,40,44,1132,1389
2023-03-16 09:38:49,41,44,1132,1389
2023-03-16 09:38:52,40,44,1132,1389
2023-03-16 09:38:52,40,43,1132,1389
2023-03-16 09:39:07,40,42,1132,1389
2023-03-16 09:39:10,39,42,1132,1389
2023-03-16 09:39:17,39,41,1132,1389
2023-03-16 09:39:20,39,42,1132,1389
2023-03-16 09:39:24,40,42,1132,1389
2023-03-16 09:39:30,39,42,1132,1389
2023-03-16 09:39:30,39,41,1132,1389
2023-03-16 09:39:33,39,42,1132,1389
2023-03-16 09:39:44,40,42,1132,1389
2023-03-16 09:39:51,40,41,1132,1389
2023-03-16 09:39:54,40,42,1132,1389
2023-03-16 09:40:01,41,42,1132,1389
2023-03-16 09:40:17,40,42,1132,1389
2023-03-16 09:40:18,41,42,1132,1389
2023-03-16 09:40:25,40,42,1132,1389
2023-03-16 09:40:25,41,42,1132,1389
2023-03-16 09:40:26,41,44,1142,1399
2023-03-16 09:40:27,40,44,1142,1399
2023-03-16 09:40:28,41,44,1142,1399
2023-03-16 09:40:36,41,43,1142,1399
2023-03-16 09:40:44,40,43,1142,1399
2023-03-16 09:40:50,41,43,1142,1399
2023-03-16 09:40:54,40,43,1142,1399
2023-03-16 09:40:54,41,43,1142,1399
2023-03-16 09:41:00,40,43,1142,1399
2023-03-16 09:41:00,41,43,1142,1399
2023-03-16 09:41:03,40,43,1142,1399
2023-03-16 09:41:18,39,43,1142,1399
2023-03-16 09:41:18,40,43,1142,1399
2023-03-16 09:41:21,39,43,1142,1399
2023-03-16 09:41:21,40,43,1142,1399
2023-03-16 09:41:30,39,43,1142,1399
2023-03-16 09:41:30,40,43,1142,1399
2023-03-16 09:41:48,39,43,1142,1399
2023-03-16 09:41:49,40,43,1142,1399
2023-03-16 09:41:57,39,43,1142,1399
2023-03-16 09:41:57,40,43,1142,1399
2023-03-16 09:42:51,41,43,1142,1399
2023-03-16 09:42:58,40,43,1142,1399
2023-03-16 09:43:03,40,44,1142,1399
2023-03-16 09:43:10,40,42,1142,1399
2023-03-16 09:43:20,41,42,1142,1399
2023-03-16 09:43:20,41,44,1142,1399
2023-03-16 09:43:25,41,45,1142,1399
2023-03-16 09:43:26,41,44,1142,1399
2023-03-16 09:43:29,40,44,1142,1399
2023-03-16 09:43:29,40,45,1142,1399
2023-03-16 09:43:29,40,44,1142,1399
2023-03-16 09:43:43,40,43,1142,1399
2023-03-16 09:43:53,40,44,1142,1399
2023-03-16 09:43:58,41,44,1142,1399
2023-03-16 09:44:01,41,44,1132,1409
2023-03-16 09:44:13,40,44,1132,1409
2023-03-16 09:44:13,41,44,1132,1409
2023-03-16 09:44:36,41,44,1132,1416
2023-03-16 09:44:38,40,44,1122,1426
2023-03-16 09:44:39,41,44,1122,1426
2023-03-16 09:44:39,41,43,1122,1426
2023-03-16 09:44:41,40,43,1122,1426
2023-03-16 09:44:41,40,44,1122,1426
2023-03-16 09:44:45,40,43,1122,1426
2023-03-16 09:44:47,40,44,1122,1426
2023-03-16 09:44:48,41,44,1122,1426
2023-03-16 09:44:51,40,44,1122,1426
2023-03-16 09:44:54,41,44,1122,1426
2023-03-16 09:44:55,41,42,1122,1426
2023-03-16 09:44:57,40,42,1122,1426
2023-03-16 09:44:57,41,42,1122,1426
2023-03-16 09:45:06,40,42,1122,1426
2023-03-16 09:45:09,41,43,1122,1426
2023-03-16 09:45:11,41,43,1122,1433
2023-03-16 09:45:15,40,43,1122,1433
2023-03-16 09:45:28,41,43,1122,1433
2023-03-16 09:45:58,40,43,1122,1433
2023-03-16 09:46:01,41,43,1122,1433
2023-03-16 09:46:04,41,43,1122,1583
2023-03-16 09:46:04,41,43,1122,1613
2023-03-16 09:46:04,40,43,1122,1613
2023-03-16 09:46:14,41,43,1122,1613
2023-03-16 09:46:16,41,42,1122,1613
2023-03-16 09:46:21,40,42,1122,1613
2023-03-16 09:46:22,41,42,1122,1613
2023-03-16 09:46:28,40,42,1122,1613
2023-03-16 09:46:32,39,43,1122,1613
2023-03-16 09:46:32,41,43,1122,1613
2023-03-16 09:46:37,41,42,1122,1613
2023-03-16 09:46:39,40,42,1122,1613
2023-03-16 09:46:51,40,43,1122,1613
2023-03-16 09:46:54,40,42,1122,1613
2023-03-16 09:47:07,39,43,1122,1613
2023-03-16 09:47:10,39,41,1122,1613
2023-03-16 09:47:23,40,41,1122,1613
2023-03-16 09:47:26,40,43,1122,1613
2023-03-16 09:47:26,40,42,1122,1613
2023-03-16 09:47:42,40,43,1122,1613
2023-03-16 09:47:42,40,42,1122,1613
2023-03-16 09:47:45,40,41,1122,1613
2023-03-16 09:48:09,40,41,1122,1616
2023-03-16 09:49:22,39,41,1122,1616
2023-03-16 09:49:22,41,43,1122,1621
2023-03-16 09:49:25,41,42,1122,1621
2023-03-16 09:49:39,41,43,1122,1621
2023-03-16 09:49:41,41,42,1122,1621
2023-03-16 09:49:53,40,42,1122,1621
2023-03-16 09:49:57,40,43,1122,1621
2023-03-16 09:49:58,40,42,1122,1621
2023-03-16 09:50:12,40,43,1122,1621
2023-03-16 09:50:14,40,42,1122,1621
2023-03-16 09:50:16,41,42,1122,1621
2023-03-16 09:50:29,41,43,1122,1621
2023-03-16 09:50:30,41,42,1122,1621
2023-03-16 09:50:38,40,42,1122,1621
2023-03-16 09:51:01,39,42,1122,1621
2023-03-16 09:51:03,40,42,1122,1621
2023-03-16 09:51:35,39,42,1122,1621
2023-03-16 09:51:36,40,42,1122,1621
2023-03-16 09:52:10,39,42,1122,1621
2023-03-16 09:52:10,40,42,1122,1621
2023-03-16 09:53:01,40,41,1122,1621
2023-03-16 09:53:01,40,41,1122,1636
2023-03-16 09:53:12,39,40,1122,1643
2023-03-16 09:53:12,39,40,1122,1658
2023-03-16 09:53:19,39,40,1129,1665
2023-03-16 09:53:28,39,41,1129,1665
2023-03-16 09:53:28,39,42,1129,1665
2023-03-16 09:53:28,40,42,1129,1665
2023-03-16 09:53:35,40,42,1122,1672
2023-03-16 09:53:51,41,42,1122,1672
2023-03-16 09:53:52,41,42,1122,1679
2023-03-16 09:54:09,40,42,1122,1679
2023-03-16 09:54:35,41,42,1122,1679
2023-03-16 09:54:49,40,42,1122,1679
2023-03-16 09:54:56,41,42,1122,1679
2023-03-16 09:55:00,41,42,1122,1684
2023-03-16 09:56:00,41,42,1122,1686
2023-03-16 09:56:04,39,42,1122,1686
2023-03-16 09:56:05,40,42,1122,1686
2023-03-16 09:56:37,39,42,1122,1686
2023-03-16 09:56:37,41,42,1122,1686
2023-03-16 09:56:40,41,42,1122,1691
2023-03-16 09:57:01,40,42,1122,1691
2023-03-16 09:57:43,39,42,1122,1691
2023-03-16 09:57:43,40,42,1122,1691
2023-03-16 09:57:44,40,41,1122,1691
2023-03-16 09:58:01,41,42,1122,1706
2023-03-16 09:58:10,40,42,1122,1706
2023-03-16 09:58:21,39,42,1122,1706
2023-03-16 09:58:21,40,42,1122,1706
2023-03-16 09:58:36,39,42,1122,1706
2023-03-16 09:58:36,41,42,1122,1706
2023-03-16 09:58:42,40,42,1122,1706
2023-03-16 09:58:51,41,42,1122,1706
2023-03-16 09:59:06,40,42,1122,1706
2023-03-16 09:59:07,41,42,1122,1706
2023-03-16 09:59:08,41,43,1122,1706
2023-03-16 09:59:11,41,42,1122,1706
2023-03-16 09:59:15,40,42,1122,1706
2023-03-16 09:59:15,41,42,1122,1706
2023-03-16 09:59:25,41,43,1122,1706
2023-03-16 09:59:27,39,41,1122,1751
2023-03-16 09:59:27,40,41,1122,1751
2023-03-16 09:59:50,40,41,1122,1759
2023-03-16 10:00:57,40,41,1122,1774
2023-03-16 10:01:09,39,41,1122,1774
2023-03-16 10:01:11,40,41,1122,1774
2023-03-16 10:01:19,40,41,1122,1804
2023-03-16 10:01:26,39,41,1122,1804
2023-03-16 10:01:26,39,41,1122,1834
2023-03-16 10:01:28,40,41,1122,1834
2023-03-16 10:01:43,39,41,1122,1864
2023-03-16 10:01:44,40,41,1122,1864
2023-03-16 10:01:53,40,41,1122,1939
2023-03-16 10:02:00,39,41,1122,1939
2023-03-16 10:02:00,40,41,1122,1939
2023-03-16 10:02:14,39,41,1122,1939
2023-03-16 10:02:14,40,41,1122,1939
2023-03-16 10:02:17,39,41,1122,1939
2023-03-16 10:02:17,40,41,1122,1939
2023-03-16 10:02:34,40,41,1124,1946
2023-03-16 10:02:36,40,41,1124,1961
2023-03-16 10:02:39,40,41,1124,1976
2023-03-16 10:02:42,40,41,1124,2106
2023-03-16 10:02:45,40,41,1124,2121
2023-03-16 10:02:48,40,41,1124,2136
2023-03-16 10:02:49,40,44,1124,2136
2023-03-16 10:02:51,40,42,1124,2136
2023-03-16 10:02:54,42,44,1122,2143
2023-03-16 10:03:07,42,44,1122,2150
2023-03-16 10:03:45,42,45,1122,2150
2023-03-16 10:03:45,42,44,1122,2150
2023-03-16 10:04:03,43,44,1122,2150
2023-03-16 10:04:50,43,45,1122,2150
2023-03-16 10:04:50,43,44,1122,2150
2023-03-16 10:04:50,43,44,1122,2225
2023-03-16 10:05:01,43,45,1122,2225
2023-03-16 10:05:02,43,44,1122,2225
2023-03-16 10:05:11,43,45,1122,2225
2023-03-16 10:05:11,43,44,1122,2225
2023-03-16 10:05:23,43,45,1122,2225
2023-03-16 10:05:59,44,45,1122,2225
2023-03-16 10:06:03,44,45,1202,2305
2023-03-16 10:06:15,43,46,1202,2305
2023-03-16 10:06:15,44,46,1202,2305
2023-03-16 10:06:19,44,45,1202,2305
2023-03-16 10:06:33,44,46,1202,2305
2023-03-16 10:06:36,44,45,1202,2305
2023-03-16 10:06:42,43,45,1202,2305
2023-03-16 10:06:58,44,45,1202,2305
2023-03-16 10:07:08,44,46,1202,2305
2023-03-16 10:07:08,44,45,1202,2305
2023-03-16 10:07:12,43,45,1202,2305
2023-03-16 10:07:12,44,45,1202,2305
2023-03-16 10:07:24,44,46,1202,2305
2023-03-16 10:07:24,44,45,1202,2305
2023-03-16 10:07:25,43,45,1202,2305
2023-03-16 10:07:36,44,45,1202,2305
2023-03-16 10:07:39,43,46,1202,2305
2023-03-16 10:07:39,44,46,1202,2305
2023-03-16 10:07:41,44,45,1202,2305
2023-03-16 10:07:51,43,45,1202,2305
2023-03-16 10:07:51,45,46,1202,2312
2023-03-16 10:08:19,43,46,1202,2312
2023-03-16 10:08:19,45,46,1202,2312
2023-03-16 10:08:22,43,46,1202,2312
2023-03-16 10:08:23,45,46,1202,2312
2023-03-16 10:08:40,44,46,1202,2312
2023-03-16 10:08:40,45,46,1202,2312
2023-03-16 10:09:23,45,46,1202,2387
2023-03-16 10:10:04,44,46,1202,2387
2023-03-16 10:10:10,43,44,1202,2387
2023-03-16 10:10:10,43,44,1202,2394
2023-03-16 10:10:13,41,44,1202,2394
2023-03-16 10:10:13,43,44,1202,2394
2023-03-16 10:10:17,41,44,1202,2394
2023-03-16 10:10:17,43,44,1202,2394
2023-03-16 10:10:17,43,44,1202,2469
2023-03-16 10:10:26,43,44,1202,2476
2023-03-16 10:10:33,43,44,1202,2551
2023-03-16 10:10:46,43,44,1202,2611
2023-03-16 10:10:54,43,44,1202,2671
2023-03-16 10:11:15,43,44,1202,2746
2023-03-16 10:11:30,42,44,1202,2746
2023-03-16 10:11:30,43,44,1202,2746
2023-03-16 10:11:33,43,44,1202,2754
2023-03-16 10:11:49,43,44,1202,2799
2023-03-16 10:12:05,42,44,1202,2844
2023-03-16 10:12:09,43,44,1202,2844
2023-03-16 10:12:15,43,44,1207,2849
2023-03-16 10:12:17,43,45,1207,2849
2023-03-16 10:12:20,44,45,1207,2849
2023-03-16 10:12:25,44,47,1207,2849
2023-03-16 10:12:25,44,45,1207,2849
2023-03-16 10:12:32,43,45,1207,2849
2023-03-16 10:12:32,44,45,1207,2849
2023-03-16 10:12:39,44,47,1207,2849
2023-03-16 10:12:42,44,45,1207,2849
2023-03-16 10:12:52,43,45,1207,2849
2023-03-16 10:12:59,43,47,1207,2849
2023-03-16 10:12:59,43,45,1207,2849
2023-03-16 10:13:01,45,46,1207,2856
2023-03-16 10:13:39,44,46,1207,2856
2023-03-16 10:13:39,44,45,1207,2856
2023-03-16 10:13:50,44,46,1207,2856
2023-03-16 10:14:04,45,46,1207,2856
2023-03-16 10:14:24,44,46,1207,2856
2023-03-16 10:14:57,45,46,1207,2856
2023-03-16 10:15:28,44,46,1207,2856
2023-03-16 10:16:26,43,44,1207,2863
2023-03-16 10:16:36,43,44,1209,2870
2023-03-16 10:17:09,43,45,1209,2870
2023-03-16 10:17:09,43,44,1209,2870
2023-03-16 10:17:25,43,45,1209,2870
2023-03-16 10:17:25,43,44,1209,2870
2023-03-16 10:17:47,43,45,1209,2870
2023-03-16 10:17:47,43,44,1209,2870
2023-03-16 10:18:03,43,45,1209,2870
2023-03-16 10:18:04,43,44,1209,2870
2023-03-16 10:18:20,43,45,1209,2870
2023-03-16 10:18:20,43,44,1209,2870
2023-03-16 10:18:36,43,45,1209,2870
2023-03-16 10:18:36,43,44,1209,2870
2023-03-16 10:18:52,43,45,1209,2870
2023-03-16 10:18:52,43,44,1209,2870
2023-03-16 10:19:09,43,45,1209,2870
2023-03-16 10:19:09,43,44,1209,2870
2023-03-16 10:19:25,43,45,1209,2870
2023-03-16 10:19:25,43,44,1209,2870
2023-03-16 10:19:41,43,45,1209,2870
2023-03-16 10:19:41,43,44,1209,2870
2023-03-16 10:19:57,43,45,1209,2870
2023-03-16 10:19:57,43,44,1209,2870
2023-03-16 10:20:13,43,45,1209,2870
2023-03-16 10:20:14,43,44,1209,2870
2023-03-16 10:20:28,43,45,1209,2870
2023-03-16 10:20:35,43,44,1209,2870
2023-03-16 10:20:51,43,45,1209,2870
2023-03-16 10:20:51,43,44,1209,2870
2023-03-16 10:21:05,43,46,1209,2870
2023-03-16 10:21:07,43,46,1209,2879
2023-03-16 10:21:08,43,44,1209,2879
2023-03-16 10:21:24,43,45,1209,2879
2023-03-16 10:21:24,43,44,1209,2879
2023-03-16 10:21:34,44,46,1207,2886
2023-03-16 10:21:40,44,46,1207,2893
2023-03-16 10:21:42,43,46,1207,2893
2023-03-16 10:21:56,44,46,1207,2893
2023-03-16 10:22:28,45,46,1207,2893
2023-03-16 10:22:47,45,46,1207,2894
2023-03-16 10:23:16,43,46,1207,2894
2023-03-16 10:23:17,45,46,1207,2894
2023-03-16 10:23:37,46,47,1207,2904
2023-03-16 10:23:42,45,47,1207,2904
2023-03-16 10:23:53,45,48,1207,2904
2023-03-16 10:23:53,45,47,1207,2904
2023-03-16 10:24:09,45,48,1207,2904
2023-03-16 10:24:09,45,47,1207,2904
2023-03-16 10:24:09,46,47,1207,2904
2023-03-16 10:24:25,46,48,1207,2904
2023-03-16 10:24:25,46,47,1207,2904
2023-03-16 10:24:26,45,47,1207,2904
2023-03-16 10:24:39,44,48,1207,2904
2023-03-16 10:24:39,46,48,1207,2904
2023-03-16 10:24:41,46,47,1207,2904
2023-03-16 10:24:55,45,47,1207,2904
2023-03-16 10:24:55,44,48,1207,2904
2023-03-16 10:24:55,45,48,1207,2904
2023-03-16 10:24:58,45,47,1207,2904
2023-03-16 10:25:14,45,48,1207,2904
2023-03-16 10:25:14,45,47,1207,2904
2023-03-16 10:25:30,45,48,1207,2904
2023-03-16 10:25:30,45,47,1207,2904
2023-03-16 10:25:44,45,48,1207,2904
2023-03-16 10:25:46,45,47,1207,2904
2023-03-16 10:25:52,46,47,1207,2904
2023-03-16 10:26:06,46,48,1207,2904
2023-03-16 10:26:07,46,47,1207,2904
2023-03-16 10:26:20,45,47,1207,2904
2023-03-16 10:26:20,46,47,1207,2904
2023-03-16 10:26:23,46,48,1207,2904
2023-03-16 10:26:23,46,47,1207,2904
2023-03-16 10:26:23,45,47,1207,2904
2023-03-16 10:26:23,46,47,1207,2904
2023-03-16 10:26:38,46,48,1207,2904
2023-03-16 10:26:38,44,48,1207,2904
2023-03-16 10:26:38,47,48,1207,2904
2023-03-16 10:26:39,47,48,1207,2911
2023-03-16 10:26:49,45,48,1207,2911
2023-03-16 10:26:50,46,48,1207,2911
2023-03-16 10:26:56,47,48,1207,2911
2023-03-16 10:27:01,46,48,1207,2911
2023-03-16 10:27:09,45,48,1207,2911
2023-03-16 10:27:09,47,48,1207,2911
2023-03-16 10:27:18,46,48,1207,2911
2023-03-16 10:27:28,47,48,1207,2911
2023-03-16 10:27:36,46,48,1207,2911
2023-03-16 10:27:53,47,48,1207,2911
2023-03-16 10:27:57,45,48,1207,2911
2023-03-16 10:27:57,44,48,1207,2911
2023-03-16 10:27:57,45,48,1207,2911
2023-03-16 10:27:59,46,48,1207,2911
2023-03-16 10:28:52,47,48,1207,2911
2023-03-16 10:28:57,45,46,1207,2918
2023-03-16 10:29:08,45,46,1207,2925
2023-03-16 10:29:12,45,48,1207,2925
2023-03-16 10:29:12,47,48,1207,2925
2023-03-16 10:29:24,47,48,1207,2932
2023-03-16 10:29:28,46,48,1207,2932
2023-03-16 10:29:28,45,48,1207,2932
2023-03-16 10:29:28,47,48,1207,2932
2023-03-16 10:29:49,46,48,1207,2932
2023-03-16 10:29:56,46,49,1207,2932
2023-03-16 10:29:56,46,48,1207,2932
2023-03-16 10:30:06,47,48,1207,2932
2023-03-16 10:30:12,47,49,1207,2932
2023-03-16 10:30:13,47,48,1207,2932
2023-03-16 10:30:21,46,48,1207,2932
2023-03-16 10:30:26,46,49,1207,2932
2023-03-16 10:30:29,46,48,1207,2932
2023-03-16 10:30:44,46,49,1207,2932
2023-03-16 10:30:45,46,48,1207,2932
2023-03-16 10:30:46,47,48,1207,2932
2023-03-16 10:30:51,46,48,1207,2932
2023-03-16 10:31:00,46,49,1207,2932
2023-03-16 10:31:01,46,48,1207,2932
2023-03-16 10:31:17,46,49,1207,2932
2023-03-16 10:31:17,46,48,1207,2932
2023-03-16 10:31:24,47,48,1207,2932
2023-03-16 10:31:38,47,49,1207,2932
2023-03-16 10:31:38,47,48,1207,2932
2023-03-16 10:31:54,47,49,1207,2932
2023-03-16 10:31:54,47,48,1207,2932
2023-03-16 10:32:10,47,49,1207,2932
2023-03-16 10:32:10,47,48,1207,2932
2023-03-16 10:32:26,47,49,1207,2932
2023-03-16 10:32:26,47,48,1207,2932
2023-03-16 10:32:42,47,49,1207,2932
2023-03-16 10:32:42,47,48,1207,2932
2023-03-16 10:32:47,46,48,1207,2932
2023-03-16 10:32:48,47,48,1207,2932
2023-03-16 10:32:58,47,50,1207,2932
2023-03-16 10:32:58,47,48,1207,2932
2023-03-16 10:33:13,47,50,1207,2932
2023-03-16 10:33:15,47,48,1207,2932
2023-03-16 10:33:19,46,48,1207,2932
2023-03-16 10:33:26,47,48,1207,2932
2023-03-16 10:33:29,47,50,1207,2932
2023-03-16 10:33:31,47,48,1207,2932
2023-03-16 10:33:46,47,50,1207,2932
2023-03-16 10:33:46,47,49,1207,2932
2023-03-16 10:33:47,48,49,1207,2932
2023-03-16 10:34:17,47,49,1207,2932
2023-03-16 10:34:18,49,50,1207,2939
2023-03-16 10:34:22,48,49,1207,2947
2023-03-16 10:34:39,48,50,1207,2947
2023-03-16 10:34:39,48,49,1207,2947
2023-03-16 10:34:55,48,50,1207,2947
2023-03-16 10:34:55,49,50,1207,2947
2023-03-16 10:34:55,49,50,1207,2954
2023-03-16 10:34:57,48,49,1207,2962
2023-03-16 10:35:01,48,49,1207,2992
2023-03-16 10:35:11,48,50,1207,2992
2023-03-16 10:35:11,48,49,1207,2992
2023-03-16 10:35:14,49,51,1207,2999
2023-03-16 10:35:15,48,49,1207,3007
2023-03-16 10:35:21,48,51,1207,3007
2023-03-16 10:35:21,47,51,1207,3007
2023-03-16 10:35:22,48,51,1207,3007
2023-03-16 10:35:22,50,51,1207,3007
2023-03-16 10:35:27,48,50,1207,3022
2023-03-16 10:35:27,49,50,1207,3022
2023-03-16 10:35:29,48,49,1207,3029
2023-03-16 10:35:38,48,51,1207,3029
2023-03-16 10:35:38,49,51,1207,3029
2023-03-16 10:35:41,48,49,1209,3089
2023-03-16 10:35:43,48,49,1209,3096
2023-03-16 10:35:46,48,51,1209,3096
2023-03-16 10:35:49,48,50,1209,3096
2023-03-16 10:35:59,49,50,1209,3096
2023-03-16 10:36:00,48,49,1209,3103
2023-03-16 10:36:06,48,50,1209,3103
2023-03-16 10:36:09,49,50,1209,3103
2023-03-16 10:36:10,48,50,1409,3303
2023-03-16 10:36:15,47,48,1449,3343
2023-03-16 10:36:15,47,48,1452,3350
2023-03-16 10:36:21,47,50,1452,3350
2023-03-16 10:36:24,48,50,1452,3350
2023-03-16 10:36:32,48,50,1456,3357
2023-03-16 10:36:47,48,50,1463,3364
2023-03-16 10:37:08,48,50,1470,3371
2023-03-16 10:37:20,47,50,1470,3371
2023-03-16 10:37:20,46,50,1470,3371
2023-03-16 10:37:21,48,50,1470,3371
2023-03-16 10:37:24,49,50,1470,3371
2023-03-16 10:37:55,48,50,1470,3371
2023-03-16 10:37:55,46,50,1470,3371
2023-03-16 10:37:55,48,50,1470,3371
2023-03-16 10:37:56,49,50,1470,3371
2023-03-16 10:38:58,48,50,1470,3371
2023-03-16 10:39:25,49,50,1470,3371
2023-03-16 10:40:56,46,50,1470,3371
2023-03-16 10:40:56,48,50,1470,3371
2023-03-16 10:40:56,49,50,1470,3371
2023-03-16 10:41:27,46,50,1470,3371
2023-03-16 10:41:27,48,50,1470,3371
2023-03-16 10:41:28,49,50,1470,3371
2023-03-16 10:41:43,48,50,1470,3371
2023-03-16 10:41:49,46,50,1530,3438
2023-03-16 10:41:51,48,50,1530,3438
2023-03-16 10:41:55,46,50,1575,3483
2023-03-16 10:42:00,46,49,1575,3483
2023-03-16 10:42:01,46,48,1575,3483
2023-03-16 10:42:09,46,47,1575,3483
2023-03-16 10:42:10,44,47,1650,3565
2023-03-16 10:42:12,44,46,1650,3565
2023-03-16 10:42:13,46,47,1650,3615
2023-03-16 10:42:16,44,47,1650,3615
2023-03-16 10:42:16,46,47,1650,3615
2023-03-16 10:42:30,45,47,1650,3615
2023-03-16 10:42:37,46,47,1650,3615
2023-03-16 10:42:56,46,48,1650,3615
2023-03-16 10:43:09,47,48,1650,3615
2023-03-16 10:43:30,47,49,1650,3615
2023-03-16 10:43:57,47,48,1650,3615
2023-03-16 10:44:06,46,48,1695,3660
2023-03-16 10:44:11,43,48,1695,3660
2023-03-16 10:44:11,45,48,1695,3660
2023-03-16 10:44:13,46,48,1695,3660
2023-03-16 10:44:43,45,48,1695,3660
2023-03-16 10:44:45,46,48,1695,3660
2023-03-16 10:44:46,46,47,1695,3660
2023-03-16 10:44:47,46,48,1695,3660
2023-03-16 10:45:19,44,48,1695,3660
2023-03-16 10:45:19,46,48,1695,3660
2023-03-16 10:45:32,46,47,1695,3660
2023-03-16 10:45:37,44,47,1695,3660
2023-03-16 10:45:37,45,47,1695,3660
2023-03-16 10:45:37,46,47,1695,3660
2023-03-16 10:45:53,45,47,1695,3660
2023-03-16 10:47:07,45,46,1695,3660
2023-03-16 10:47:13,43,46,1695,3660
2023-03-16 10:47:13,44,46,1695,3660
2023-03-16 10:47:17,44,45,1695,3660
2023-03-16 10:47:23,43,45,1698,3667
2023-03-16 10:47:26,43,44,1698,3667
2023-03-16 10:47:48,43,44,1698,3845
2023-03-16 10:48:46,43,44,1698,3977
2023-03-16 10:48:47,42,43,1698,4384
2023-03-16 10:48:50,42,44,1698,4384
2023-03-16 10:48:52,40,44,1698,4384
2023-03-16 10:48:52,41,44,1698,4384
2023-03-16 10:48:54,41,43,1698,4384
2023-03-16 10:49:02,41,43,1698,4385
2023-03-16 10:49:10,41,44,1698,4385
2023-03-16 10:49:10,41,43,1698,4385
2023-03-16 10:49:25,40,43,1698,4385
2023-03-16 10:49:25,40,42,1698,4385
2023-03-16 10:49:26,40,41,1698,4385
2023-03-16 10:49:32,40,42,1698,4385
2023-03-16 10:49:32,40,41,1698,4385
2023-03-16 10:49:39,37,40,1698,4392
2023-03-16 10:49:41,39,40,1698,4392
2023-03-16 10:49:53,39,41,1698,4392
2023-03-16 10:49:57,37,42,1698,4392
2023-03-16 10:49:57,39,42,1698,4392
2023-03-16 10:49:57,39,41,1698,4392
2023-03-16 10:50:12,37,42,1698,4392
2023-03-16 10:50:14,37,41,1698,4392
2023-03-16 10:50:15,38,41,1698,4392
2023-03-16 10:50:15,38,40,1698,4392
2023-03-16 10:50:29,37,40,1698,4392
2023-03-16 10:50:30,37,39,1698,4392
2023-03-16 10:50:50,37,40,1698,4392
2023-03-16 10:50:50,37,39,1698,4392
2023-03-16 10:51:04,37,40,1698,4392
2023-03-16 10:51:04,37,39,1698,4392
2023-03-16 10:51:23,37,38,1698,4392
2023-03-16 10:51:37,37,39,1698,4392
2023-03-16 10:51:52,37,40,1698,4392
2023-03-16 10:51:54,37,39,1698,4392
2023-03-16 10:52:10,37,38,1698,4392
2023-03-16 10:52:26,35,37,1696,4394
2023-03-16 10:52:38,35,36,1696,4394
2023-03-16 10:52:40,33,36,1696,4394
2023-03-16 10:52:42,33,35,1696,4394
2023-03-16 10:53:12,33,36,1696,4394
2023-03-16 10:53:12,33,35,1696,4394
2023-03-16 10:53:13,33,36,1696,4394
2023-03-16 10:53:14,34,36,1696,4394
2023-03-16 10:53:17,34,36,1696,4404
2023-03-16 10:53:18,34,35,1696,4404
2023-03-16 10:53:28,33,35,1696,4404
2023-03-16 10:53:35,34,35,1696,4404
2023-03-16 10:53:43,33,34,1696,4411
2023-03-16 10:53:50,33,34,1696,4418
2023-03-16 10:53:51,33,34,1689,4425
2023-03-16 10:54:08,31,33,1511,4610
2023-03-16 10:54:09,31,32,1511,4610
2023-03-16 10:54:22,31,33,1511,4610
2023-03-16 10:54:23,31,32,1511,4610
2023-03-16 10:54:29,30,31,1511,4615
2023-03-16 10:54:50,29,30,1319,4807
2023-03-16 10:54:54,28,30,1319,4807
2023-03-16 10:54:57,30,32,1291,4835
2023-03-16 10:55:08,27,32,1291,4835
2023-03-16 10:55:09,27,31,1291,4835
2023-03-16 10:55:11,29,31,1291,4835
2023-03-16 10:55:20,27,31,1298,4842
2023-03-16 10:55:21,27,30,1298,4842
2023-03-16 10:55:22,25,30,1298,4842
2023-03-16 10:55:26,25,28,1298,4842
2023-03-16 10:55:27,25,27,1298,4842
2023-03-16 10:55:29,27,28,1291,4849
2023-03-16 10:55:29,27,28,1231,4909
2023-03-16 10:55:41,25,28,1231,4909
2023-03-16 10:55:42,25,27,1231,4909
2023-03-16 10:55:44,25,26,1231,4909
2023-03-16 10:55:48,25,27,1231,4909
2023-03-16 10:55:48,25,26,1231,4909
2023-03-16 10:55:49,26,27,1141,4999
2023-03-16 10:55:51,26,27,1051,5089
2023-03-16 10:55:55,25,27,1051,5089
2023-03-16 10:55:55,25,26,1051,5089
2023-03-16 10:55:57,26,28,976,5164
2023-03-16 10:55:57,26,27,976,5164
2023-03-16 10:56:06,26,28,976,5164
2023-03-16 10:56:06,26,27,976,5164
2023-03-16 10:56:06,26,28,976,5164
2023-03-16 10:56:14,25,28,976,5164
2023-03-16 10:56:19,27,28,976,5164
2023-03-16 10:56:21,27,28,1063,5364
2023-03-16 10:56:23,27,29,1063,5364
2023-03-16 10:56:23,27,28,1063,5364
2023-03-16 10:56:25,28,29,1063,5379
2023-03-16 10:56:26,28,29,1063,5394
2023-03-16 10:56:27,29,30,1063,5401
2023-03-16 10:56:30,29,30,1063,5431
2023-03-16 10:56:33,26,30,1063,5431
2023-03-16 10:56:33,26,31,1063,5431
2023-03-16 10:56:33,27,31,1063,5431
2023-03-16 10:56:33,27,30,1063,5431
2023-03-16 10:56:35,27,30,1063,5438
2023-03-16 10:56:37,28,30,1063,5438
2023-03-16 10:56:44,30,31,1063,5461
2023-03-16 10:56:50,28,31,1063,5461
2023-03-16 10:56:51,30,31,1063,5461
2023-03-16 10:57:26,29,30,1063,5466
2023-03-16 10:57:32,29,31,1063,5466
2023-03-16 10:57:32,29,30,1063,5466
2023-03-16 10:57:42,29,31,1063,5466
2023-03-16 10:57:43,29,30,1063,5466
2023-03-16 10:57:50,29,31,1063,5466
2023-03-16 10:57:53,28,31,1063,5466
2023-03-16 10:57:55,30,31,1063,5466
2023-03-16 10:58:09,27,31,1063,5466
2023-03-16 10:58:09,28,31,1063,5466
2023-03-16 10:58:11,29,31,1063,5466
2023-03-16 10:58:27,30,31,1063,5466
2023-03-16 10:58:43,29,31,1063,5466
2023-03-16 10:58:58,27,31,1063,5466
2023-03-16 10:58:58,28,31,1063,5466
2023-03-16 10:59:03,30,31,1063,5466
2023-03-16 10:59:17,28,31,1063,5466
2023-03-16 10:59:19,30,31,1063,5466
2023-03-16 10:59:34,28,31,1063,5466
2023-03-16 10:59:35,29,31,1063,5466
2023-03-16 10:59:41,29,30,1063,5466
2023-03-16 10:59:49,28,30,1063,5466
2023-03-16 10:59:49,28,29,1063,5466
2023-03-16 10:59:53,27,28,1348,5751
2023-03-16 10:59:59,28,29,1521,5924
2023-03-16 11:00:06,27,29,1521,5924
2023-03-16 11:00:09,24,27,1528,5931
2023-03-16 11:00:09,25,27,1528,5931
2023-03-16 11:00:23,25,27,1535,5938
2023-03-16 11:00:31,25,28,1535,5938
2023-03-16 11:00:31,25,27,1535,5938
2023-03-16 11:00:38,24,25,1545,6140
2023-03-16 11:00:39,24,25,1545,6238
2023-03-16 11:00:39,24,25,1552,6245
2023-03-16 11:00:41,24,25,1752,6445
2023-03-16 11:00:43,24,25,1812,6505
2023-03-16 11:00:44,25,27,1931,6624
2023-03-16 11:00:53,25,28,1931,6624
2023-03-16 11:00:55,25,26,1931,6624
2023-03-16 11:00:56,26,28,1931,6631
2023-03-16 11:01:01,25,28,1931,6631
2023-03-16 11:01:02,25,29,1931,6631
2023-03-16 11:01:02,25,28,1931,6631
2023-03-16 11:01:05,25,29,1931,6631
2023-03-16 11:01:05,26,29,1931,6631
2023-03-16 11:01:11,27,29,1931,6631
2023-03-16 11:01:21,29,30,1931,6773
2023-03-16 11:01:44,26,30,1931,6773
2023-03-16 11:01:45,27,30,1931,6773
2023-03-16 11:01:45,28,30,1931,6773
2023-03-16 11:01:47,29,30,1931,6773
2023-03-16 11:01:57,29,30,1961,6803
2023-03-16 11:02:00,29,30,1991,6833
2023-03-16 11:02:01,28,31,1991,6833
2023-03-16 11:02:04,29,31,1991,6833
2023-03-16 11:02:04,30,31,1991,6833
2023-03-16 11:02:07,29,31,2021,6863
2023-03-16 11:02:51,28,31,2021,6863
2023-03-16 11:02:52,29,31,2021,6863
2023-03-16 11:03:07,28,31,2021,6863
2023-03-16 11:03:08,30,31,2021,6863
2023-03-16 11:03:20,30,32,2021,7055
2023-03-16 11:03:23,30,33,2021,7055
2023-03-16 11:03:23,31,33,2021,7055
2023-03-16 11:04:09,30,33,2021,7055
2023-03-16 11:04:09,32,33,2021,7055
2023-03-16 11:04:28,31,33,2021,7055
2023-03-16 11:04:28,32,33,2021,7055
2023-03-16 11:05:01,32,34,2021,7055
2023-03-16 11:05:09,33,34,2021,7055
2023-03-16 11:05:15,32,34,2046,7080
2023-03-16 11:05:19,31,34,2046,7080
2023-03-16 11:05:20,31,33,2046,7080
2023-03-16 11:05:22,32,33,2046,7080
2023-03-16 11:05:30,33,35,2046,7087
2023-03-16 11:05:51,32,35,2046,7087
2023-03-16 11:05:51,32,34,2046,7087
2023-03-16 11:05:52,32,35,2046,7087
2023-03-16 11:05:52,32,34,2046,7087
2023-03-16 11:06:04,30,34,2078,7119
2023-03-16 11:06:04,30,33,2078,7119
2023-03-16 11:06:08,32,33,2078,7119
2023-03-16 11:06:12,30,33,2085,7126
2023-03-16 11:06:15,28,33,2085,7126
2023-03-16 11:06:15,30,33,2085,7126
2023-03-16 11:06:24,30,32,2085,7126
2023-03-16 11:06:40,30,33,2085,7126
2023-03-16 11:06:40,30,32,2085,7126
2023-03-16 11:06:55,30,33,2085,7126
2023-03-16 11:06:56,30,33,2085,7133
2023-03-16 11:06:59,30,32,2085,7133
2023-03-16 11:07:02,28,32,2085,7133
2023-03-16 11:07:07,28,30,2085,7133
2023-03-16 11:08:05,28,31,2085,7133
2023-03-16 11:08:05,28,30,2085,7133
2023-03-16 11:08:09,28,29,2085,7133
2023-03-16 11:08:12,27,28,1893,7332
2023-03-16 11:08:15,27,29,1893,7332
2023-03-16 11:08:15,26,27,1893,7432
2023-03-16 11:08:20,25,26,1922,7582
2023-03-16 11:08:21,23,24,2172,7832
2023-03-16 11:08:24,24,25,2313,7973
2023-03-16 11:08:37,24,26,2313,7973
2023-03-16 11:08:37,24,25,2313,7973
2023-03-16 11:08:37,24,25,2313,7980
2023-03-16 11:08:39,24,26,2313,7980
2023-03-16 11:08:40,23,26,2313,7980
2023-03-16 11:08:40,21,26,2313,7980
2023-03-16 11:08:41,21,25,2313,7980
2023-03-16 11:08:41,21,23,2313,7980
2023-03-16 11:08:46,21,22,2313,7980
2023-03-16 11:08:58,21,23,2313,7980
2023-03-16 11:08:58,21,23,2238,8055
2023-03-16 11:08:58,21,22,2238,8055
2023-03-16 11:09:00,21,23,2238,8055
2023-03-16 11:09:06,22,23,2238,8055
2023-03-16 11:09:08,22,23,2124,8169
2023-03-16 11:09:09,22,23,2124,8176
2023-03-16 11:09:11,22,23,2099,8201
2023-03-16 11:09:11,22,23,2099,8276
2023-03-16 11:09:24,23,24,1970,8405
2023-03-16 11:09:25,23,24,1970,8412
2023-03-16 11:09:36,23,26,1970,8412
2023-03-16 11:09:37,23,26,1870,8512
2023-03-16 11:09:37,23,25,1870,8512
2023-03-16 11:09:41,23,24,1870,8512
2023-03-16 11:09:46,22,24,1870,8512
2023-03-16 11:09:46,24,25,1863,8519
2023-03-16 11:09:50,24,25,1754,8694
2023-03-16 11:09:56,24,26,1754,8694
2023-03-16 11:09:56,24,26,1754,8869
2023-03-16 11:09:56,24,25,1754,8869
2023-03-16 11:10:14,24,25,1779,8894
2023-03-16 11:10:31,24,25,1882,8997
2023-03-16 11:10:31,23,25,1882,8997
2023-03-16 11:10:33,23,24,1882,8997
2023-03-16 11:10:41,22,24,1882,8997
2023-03-16 11:10:53,23,24,1882,8997
2023-03-16 11:11:21,22,24,1882,8997
2023-03-16 11:11:32,23,24,1882,8997
2023-03-16 11:11:32,22,24,1882,8997
2023-03-16 11:11:33,23,24,1882,8997
2023-03-16 11:11:34,23,25,1882,9004
2023-03-16 11:11:35,22,25,1882,9004
2023-03-16 11:11:37,23,25,1882,9004
2023-03-16 11:11:37,22,25,1882,9004
2023-03-16 11:11:37,23,25,1882,9004
2023-03-16 11:11:53,24,25,1882,9004
2023-03-16 11:12:03,24,26,1882,9004
2023-03-16 11:12:08,23,26,1882,9004
2023-03-16 11:12:08,23,27,1882,9004
2023-03-16 11:12:08,23,26,1882,9004
2023-03-16 11:12:09,24,26,1882,9004
2023-03-16 11:12:23,24,25,1882,9004
2023-03-16 11:12:25,24,25,1882,9011
2023-03-16 11:12:26,23,25,1882,9011
2023-03-16 11:12:26,23,26,1882,9011
2023-03-16 11:12:45,23,25,1882,9011
2023-03-16 11:12:46,24,25,1882,9011
2023-03-16 11:13:01,24,26,1882,9011
2023-03-16 11:13:11,25,26,1882,9011
2023-03-16 11:13:16,24,26,1882,9011
2023-03-16 11:13:17,24,27,1882,9011
2023-03-16 11:13:17,25,27,1882,9011
2023-03-16 11:13:17,25,26,1882,9011
2023-03-16 11:13:33,25,27,1882,9011
2023-03-16 11:13:39,26,27,1882,9011
2023-03-16 11:14:04,26,27,1882,9062
2023-03-16 11:14:05,26,28,1882,9062
2023-03-16 11:14:11,27,28,1882,9062
2023-03-16 11:14:12,26,28,1912,9092
2023-03-16 11:14:21,26,28,1912,9099
2023-03-16 11:14:30,26,28,1932,9119
2023-03-16 11:14:33,26,27,1932,9119
2023-03-16 11:14:35,26,27,1952,9139
2023-03-16 11:14:37,26,27,1952,9146
2023-03-16 11:14:38,26,28,1952,9146
2023-03-16 11:14:44,26,28,1972,9166
2023-03-16 11:14:44,26,27,1972,9166
2023-03-16 11:14:45,25,27,1992,9186
2023-03-16 11:14:51,25,27,2042,9236
2023-03-16 11:14:54,24,27,2092,9286
2023-03-16 11:14:55,23,27,2092,9286
2023-03-16 11:14:56,23,26,2092,9286
2023-03-16 11:14:59,23,26,2092,9336
2023-03-16 11:15:04,23,26,2092,9386
2023-03-16 11:15:08,23,27,2092,9386
2023-03-16 11:15:08,24,27,2092,9386
2023-03-16 11:15:09,26,27,2092,9386
2023-03-16 11:15:18,24,27,2142,9436
2023-03-16 11:15:28,24,27,2192,9486
2023-03-16 11:15:29,24,26,2192,9486
2023-03-16 11:15:32,24,26,2242,9536
2023-03-16 11:15:33,23,26,2292,9586
2023-03-16 11:15:35,23,26,2342,9636
2023-03-16 11:15:37,23,26,2392,9686
2023-03-16 11:15:38,23,26,2442,9736
2023-03-16 11:15:41,23,26,2492,9786
2023-03-16 11:15:43,23,26,2542,9836
2023-03-16 11:15:45,24,26,2542,9836
2023-03-16 11:15:46,22,26,2592,9886
2023-03-16 11:15:46,22,25,2592,9886
2023-03-16 11:15:49,22,25,2642,9936
2023-03-16 11:15:51,22,25,2692,9986
2023-03-16 11:15:52,22,25,2742,10036
2023-03-16 11:15:55,22,25,2792,10086
2023-03-16 11:15:56,22,25,2842,10136
2023-03-16 11:15:58,21,25,2842,10136
2023-03-16 11:15:59,22,25,2842,10136
2023-03-16 11:16:00,22,25,2892,10186
2023-03-16 11:16:01,22,23,2892,10186
2023-03-16 11:16:01,22,23,2942,10236
2023-03-16 11:16:02,23,25,2942,10243
2023-03-16 11:16:02,23,25,2992,10293
2023-03-16 11:16:03,23,25,3042,10343
2023-03-16 11:16:05,23,25,3092,10393
2023-03-16 11:16:07,22,25,3092,10393
2023-03-16 11:16:07,22,24,3092,10393
2023-03-16 11:16:11,21,24,3092,10393
2023-03-16 11:16:15,21,22,3092,10393
2023-03-16 11:16:18,22,24,3092,10430
2023-03-16 11:16:23,21,24,3092,10430
2023-03-16 11:16:23,21,23,3092,10430
2023-03-16 11:16:30,21,24,3092,10430
2023-03-16 11:16:31,21,23,3092,10430
2023-03-16 11:16:33,22,23,3092,10430
2023-03-16 11:16:59,22,24,3092,10430
2023-03-16 11:16:59,22,23,3092,10430
2023-03-16 11:17:05,21,23,3092,10430
2023-03-16 11:17:14,21,22,3092,10430
2023-03-16 11:17:17,22,23,3092,10460
2023-03-16 11:17:20,22,24,3092,10460
2023-03-16 11:17:27,22,23,3092,10460
2023-03-16 11:17:48,22,24,3092,10460
2023-03-16 11:17:48,22,23,3092,10460
2023-03-16 11:17:51,21,23,3092,10460
2023-03-16 11:17:51,21,22,3092,10460
2023-03-16 11:17:53,22,23,3092,10490
2023-03-16 11:18:05,22,24,3092,10490
2023-03-16 11:18:05,22,23,3092,10490
2023-03-16 11:18:07,21,23,3092,10490
2023-03-16 11:18:08,21,22,3092,10490
2023-03-16 11:18:10,21,22,3092,10540
2023-03-16 11:18:11,22,23,3092,10570
2023-03-16 11:18:14,22,23,3092,10600
2023-03-16 11:18:15,22,23,3142,10650
2023-03-16 11:18:19,21,23,3149,10700
2023-03-16 11:18:20,21,22,3149,10700
2023-03-16 11:18:21,21,23,3149,10900
2023-03-16 11:18:21,21,23,3190,10950
2023-03-16 11:18:22,21,23,3240,11000
2023-03-16 11:18:24,23,24,3240,11010
2023-03-16 11:18:27,23,25,3240,11010
2023-03-16 11:18:28,23,25,3290,11060
2023-03-16 11:18:28,23,24,3290,11060
2023-03-16 11:18:29,22,24,3290,11060
2023-03-16 11:18:29,21,24,3340,11110
2023-03-16 11:18:30,21,24,3390,11160
2023-03-16 11:18:33,21,24,3440,11210
2023-03-16 11:18:35,21,24,3490,11260
2023-03-16 11:18:42,21,24,3540,11310
2023-03-16 11:18:43,21,24,3590,11360
2023-03-16 11:18:44,21,24,3640,11410
2023-03-16 11:18:45,21,23,3640,11410
2023-03-16 11:18:45,21,23,3690,11460
2023-03-16 11:18:48,21,22,3690,11460
2023-03-16 11:18:48,22,23,3740,11510
2023-03-16 11:18:51,23,24,3740,11517
2023-03-16 11:18:52,23,24,3790,11567
2023-03-16 11:18:54,23,24,3840,11617
2023-03-16 11:18:56,22,24,3840,11617
2023-03-16 11:18:58,22,24,3940,11717
2023-03-16 11:19:00,20,24,3940,11717
2023-03-16 11:19:01,22,24,3940,11717
2023-03-16 11:19:01,20,21,3947,11724
2023-03-16 11:19:01,21,24,3990,11767
2023-03-16 11:19:02,21,24,4040,11817
2023-03-16 11:19:06,21,24,4090,11867
2023-03-16 11:19:08,21,22,4090,11867
2023-03-16 11:19:10,21,24,4090,11867
2023-03-16 11:19:11,21,22,4090,11867
2023-03-16 11:19:13,21,24,4090,11867
2023-03-16 11:19:30,21,24,4090,11867
2023-03-16 11:19:33,22,24,4090,11867
2023-03-16 11:19:40,22,24,4090,11880
2023-03-16 11:19:48,21,24,4090,11880
2023-03-16 11:19:48,21,23,4090,11880
2023-03-16 11:19:49,21,22,4090,11880
2023-03-16 11:19:59,22,24,4090,11887
2023-03-16 11:20:05,21,24,4090,11887
2023-03-16 11:20:05,21,22,4090,11887
2023-03-16 11:20:15,21,22,4087,11890
2023-03-16 11:20:21,21,23,4087,11890
2023-03-16 11:20:21,21,23,4087,11897
2023-03-16 11:20:21,21,24,4087,11897
2023-03-16 11:20:21,20,24,4087,11897
2023-03-16 11:20:22,20,23,4087,11897
2023-03-16 11:20:25,20,24,4087,11897
2023-03-16 11:20:26,20,23,4087,11897
2023-03-16 11:20:31,20,22,4087,11897
2023-03-16 11:20:32,20,21,4087,11897
2023-03-16 11:20:33,20,21,4097,11984
2023-03-16 11:20:33,19,20,4097,12227
2023-03-16 11:20:34,18,20,4097,12227
2023-03-16 11:20:39,19,20,4097,12227
2023-03-16 11:20:41,19,20,4097,12237
2023-03-16 11:20:47,20,22,4097,12411
2023-03-16 11:20:49,20,21,4097,12411
2023-03-16 11:20:56,20,21,4097,12418
2023-03-16 11:20:58,21,23,4097,12501
2023-03-16 11:20:59,20,21,4097,12618
2023-03-16 11:21:02,21,23,4097,12681
2023-03-16 11:21:05,21,24,4097,12681
2023-03-16 11:21:05,21,23,4097,12681
2023-03-16 11:21:08,20,23,4097,12681
2023-03-16 11:21:12,22,23,4097,12681
2023-03-16 11:21:25,22,24,4097,12681
2023-03-16 11:21:26,21,24,4097,12681
2023-03-16 11:21:28,20,24,4097,12681
2023-03-16 11:21:28,21,24,4097,12681
2023-03-16 11:21:28,21,23,4097,12681
2023-03-16 11:21:44,21,24,4097,12681
2023-03-16 11:21:44,21,23,4097,12681
2023-03-16 11:22:16,20,23,4097,12681
2023-03-16 11:22:16,20,21,4097,12681
2023-03-16 11:22:31,20,22,4097,12681
2023-03-16 11:22:33,20,21,4097,12681
2023-03-16 11:22:35,19,21,4097,12681
2023-03-16 11:22:38,19,21,4137,12731
2023-03-16 11:22:39,19,21,4187,12781
2023-03-16 11:22:40,19,21,4237,12831
2023-03-16 11:22:42,19,21,4287,12881
2023-03-16 11:22:43,18,19,4334,12928
2023-03-16 11:22:44,18,21,4334,12928
2023-03-16 11:22:45,18,21,4384,12978
2023-03-16 11:22:48,18,22,4384,12978
2023-03-16 11:22:48,19,22,4384,12978
2023-03-16 11:22:48,19,21,4384,12978
2023-03-16 11:22:51,18,21,4391,12985
2023-03-16 11:22:53,19,21,4391,12985
2023-03-16 11:22:53,19,21,4441,13035
2023-03-16 11:22:56,18,21,4451,13045
2023-03-16 11:22:57,18,19,4451,13045
2023-03-16 11:22:59,18,21,4451,13045
2023-03-16 11:23:01,19,21,4501,13095
2023-03-16 11:23:02,19,20,4501,13095
2023-03-16 11:23:04,19,22,4501,13095
2023-03-16 11:23:05,19,21,4501,13095
2023-03-16 11:23:07,19,21,4551,13145
2023-03-16 11:23:08,19,21,4601,13195
2023-03-16 11:23:10,18,21,4628,13222
2023-03-16 11:23:11,18,19,4628,13222
2023-03-16 11:23:12,18,21,4628,13222
2023-03-16 11:23:13,19,21,4628,13222
2023-03-16 11:23:15,19,21,4678,13272
2023-03-16 11:23:18,18,22,4678,13272
2023-03-16 11:23:20,18,19,4678,13272
2023-03-16 11:23:20,18,19,4685,13279
2023-03-16 11:23:21,18,21,4685,13279
2023-03-16 11:23:21,19,21,4685,13279
2023-03-16 11:23:22,19,20,4685,13279
2023-03-16 11:23:23,19,21,4685,13279
2023-03-16 11:23:27,21,23,4685,13286
2023-03-16 11:23:27,21,23,4735,13336
2023-03-16 11:23:30,21,23,4785,13386
2023-03-16 11:23:33,20,23,4785,13386
2023-03-16 11:23:33,21,23,4785,13386
2023-03-16 11:23:40,21,22,4785,13386
2023-03-16 11:23:48,20,22,4785,13386
2023-03-16 11:23:56,20,22,4785,13393
2023-03-16 11:24:02,19,22,4785,13393
2023-03-16 11:24:02,20,22,4785,13393
2023-03-16 11:24:12,20,22,4785,13400
2023-03-16 11:24:28,20,22,4785,13407
2023-03-16 11:24:33,19,22,4785,13407
2023-03-16 11:24:33,19,21,4785,13407
2023-03-16 11:24:45,19,20,4785,13407
2023-03-16 11:24:49,18,20,4785,13407
2023-03-16 11:24:49,19,20,4785,13407
2023-03-16 11:24:57,18,20,4785,13407
2023-03-16 11:25:00,19,21,4785,13407
2023-03-16 11:25:25,19,20,4785,13407
2023-03-16 11:25:31,18,20,4785,13407
2023-03-16 11:25:33,18,19,4785,13407
2023-03-16 11:25:52,17,19,4785,13557
2023-03-16 11:26:01,16,17,4792,13564
2023-03-16 11:26:20,15,17,4792,13564
2023-03-16 11:26:24,15,17,4792,13571
2023-03-16 11:26:40,15,16,4792,13571
2023-03-16 11:26:41,15,17,4792,13578
2023-03-16 11:26:49,15,17,4878,13664
2023-03-16 11:26:56,16,17,4878,13664
2023-03-16 11:27:28,15,17,4878,13664
2023-03-16 11:28:00,15,16,4878,13664
2023-03-16 11:28:16,15,17,4878,13664
2023-03-16 11:28:32,15,16,4878,13664
2023-03-16 11:28:46,15,17,4878,13664
2023-03-16 11:28:48,15,16,4878,13664
2023-03-16 11:29:02,15,17,4878,13664
2023-03-16 11:29:02,15,16,4878,13664
2023-03-16 11:29:07,15,16,4878,13671
2023-03-16 11:29:23,15,16,4881,13678
2023-03-16 11:29:39,15,16,4878,13685
2023-03-16 11:29:43,15,17,4878,13768
2023-03-16 11:29:50,15,18,4878,13768
2023-03-16 11:29:50,15,19,4878,13768
2023-03-16 11:29:50,15,17,4878,13768
2023-03-16 11:29:54,16,17,4878,13768
2023-03-16 11:29:55,16,17,4878,13775
2023-03-16 11:29:57,15,17,4878,13775
2023-03-16 11:29:57,15,19,4878,13775
2023-03-16 11:30:00,15,18,4878,13775
2023-03-16 11:30:02,15,17,4878,13775
2023-03-16 11:30:43,15,16,4878,13775
2023-03-16 11:30:58,15,17,4878,13775
2023-03-16 11:31:15,16,17,4878,13775
2023-03-16 11:31:23,16,18,4878,13775
2023-03-16 11:31:47,15,18,4878,13775
2023-03-16 11:31:47,16,18,4878,13775
2023-03-16 11:31:50,17,18,4878,13775
2023-03-16 11:32:22,17,18,4885,13782
2023-03-16 11:32:27,17,18,4935,13832
2023-03-16 11:32:29,17,18,4965,13862
2023-03-16 11:32:54,16,18,4965,13862
2023-03-16 11:33:00,17,18,4965,13862
2023-03-16 11:33:00,17,18,4966,13863
2023-03-16 11:33:27,17,18,4966,13870
2023-03-16 11:33:37,16,18,4966,13870
2023-03-16 11:33:43,17,18,4966,13870
2023-03-16 11:33:58,16,18,4966,13870
2023-03-16 11:33:58,17,18,4966,13870
2023-03-16 11:34:34,17,18,4973,13877
2023-03-16 11:34:34,16,18,4973,13877
2023-03-16 11:34:35,18,19,5078,13982
2023-03-16 11:34:39,16,19,5078,13982
2023-03-16 11:34:39,17,19,5078,13982
2023-03-16 11:34:54,17,18,5078,13982
2023-03-16 11:35:00,17,18,5288,14192
2023-03-16 11:35:46,17,18,5298,14202
2023-03-16 11:35:52,16,18,5298,14202
2023-03-16 11:36:26,16,17,5298,14202
2023-03-16 11:36:39,15,16,5490,14394
2023-03-16 11:36:53,15,16,5550,14454
2023-03-16 11:38:19,15,16,5580,14484
2023-03-16 11:38:21,15,16,5587,14491
2023-03-16 11:38:29,15,16,5597,14501
2023-03-16 11:38:53,15,16,5597,14508
2023-03-16 11:39:10,15,16,5597,14515
2023-03-16 11:39:41,15,16,5604,14522
2023-03-16 11:40:32,15,16,5604,14596
2023-03-16 11:40:38,15,16,5707,14699
2023-03-16 11:40:48,15,17,5707,14699
2023-03-16 11:40:49,15,16,5707,14699
2023-03-16 11:40:59,14,15,5825,14817
2023-03-16 11:41:02,14,16,5825,14817
2023-03-16 11:41:05,14,15,5825,14817
2023-03-16 11:41:12,13,15,5975,14967
2023-03-16 11:41:14,14,15,5975,14967
2023-03-16 11:41:21,14,15,5975,14974
2023-03-16 11:41:27,13,14,6128,15127
2023-03-16 11:41:53,13,14,6135,15134
2023-03-16 11:42:10,13,14,6135,15284
2023-03-16 11:42:10,12,13,6325,15894
2023-03-16 11:42:14,12,13,6325,15901
2023-03-16 11:42:45,12,13,6325,15908
2023-03-16 11:42:52,11,13,6325,15908
2023-03-16 11:42:52,10,13,6325,15908
2023-03-16 11:42:53,10,12,6325,15908
2023-03-16 11:42:57,10,11,6325,15908
2023-03-16 11:42:58,10,11,6325,15996
2023-03-16 11:43:03,10,11,6325,16088
2023-03-16 11:43:16,10,11,6325,16095
2023-03-16 11:43:58,10,12,6325,16095
2023-03-16 11:44:28,10,12,6325,16120
2023-03-16 11:44:38,10,12,6325,16145
2023-03-16 11:44:53,10,11,6325,16145
2023-03-16 11:45:09,10,13,6325,16145
2023-03-16 11:45:09,10,12,6325,16145
2023-03-16 11:45:26,10,13,6325,16145
2023-03-16 11:45:27,11,13,6325,16145
2023-03-16 11:45:41,11,13,6325,16152
2023-03-16 11:45:46,11,13,6325,16154
2023-03-16 11:45:55,12,13,6325,16154
2023-03-16 11:46:00,12,13,6325,16161
2023-03-16 11:46:05,12,15,6325,16161
2023-03-16 11:46:06,13,15,6325,16161
2023-03-16 11:46:16,13,15,6325,16168
2023-03-16 11:46:29,12,15,6325,16168
2023-03-16 11:46:32,12,14,6325,16168
2023-03-16 11:46:38,13,14,6325,16168
2023-03-16 11:46:46,13,15,6325,16168
2023-03-16 11:46:57,14,15,6325,16168
2023-03-16 11:47:04,14,15,6325,16175
2023-03-16 11:47:16,12,15,6325,16175
2023-03-16 11:47:20,13,15,6325,16175
2023-03-16 11:47:29,13,14,6325,16175
2023-03-16 11:47:33,13,15,6325,16175
2023-03-16 11:47:35,12,15,6325,16175
2023-03-16 11:47:36,13,15,6325,16175
2023-03-16 11:47:42,13,14,6325,16175
2023-03-16 11:47:48,13,15,6325,16175
2023-03-16 11:47:49,13,14,6325,16175
2023-03-16 11:47:50,12,14,6325,16175
2023-03-16 11:48:12,13,15,6325,16175
2023-03-16 11:48:15,13,14,6325,16175
2023-03-16 11:48:31,13,14,6546,16396
2023-03-16 11:48:34,12,14,6546,16396
2023-03-16 11:48:48,12,13,6546,16396
2023-03-16 11:48:59,11,13,6546,16396
2023-03-16 11:49:13,10,13,6546,16396
2023-03-16 11:49:15,12,13,6546,16396
2023-03-16 11:49:30,10,13,6546,16396
2023-03-16 11:49:31,11,13,6546,16396
2023-03-16 11:49:47,10,13,6546,16396
2023-03-16 11:49:47,11,13,6546,16396
2023-03-16 11:50:51,10,13,6546,16396
2023-03-16 11:50:55,11,13,6546,16396
2023-03-16 11:51:09,10,13,6546,16396
2023-03-16 11:51:11,11,13,6546,16396
2023-03-16 11:52:15,12,13,6546,16396
2023-03-16 11:52:30,11,13,6546,16396
2023-03-16 11:52:31,12,13,6546,16396
2023-03-16 11:52:47,11,13,6546,16396
2023-03-16 11:52:59,11,12,6546,16396
2023-03-16 11:53:19,11,13,6546,16396
2023-03-16 11:53:25,11,12,6546,16396
2023-03-16 11:53:52,11,13,6546,16396
2023-03-16 11:54:11,10,11,6646,16503
2023-03-16 11:55:18,10,11,6721,16578
2023-03-16 11:56:32,9,10,6721,16796
2023-03-16 11:56:32,8,9,6721,16803
2023-03-16 11:56:38,8,9,6721,16810
2023-03-16 11:56:54,8,9,6721,16817
2023-03-16 11:57:00,7,9,6721,16817
2023-03-16 11:57:10,7,8,6721,16817
2023-03-16 11:57:26,7,9,6721,16817
2023-03-16 11:57:26,7,9,6721,16824
2023-03-16 11:57:38,7,8,6721,16824
2023-03-16 11:57:42,7,8,6721,16831
2023-03-16 11:57:58,7,8,6721,16838
2023-03-16 11:58:02,6,8,6721,16838
2023-03-16 11:58:02,6,9,6721,16838
2023-03-16 11:58:04,6,8,6721,16838
2023-03-16 11:58:31,6,8,6791,16908
2023-03-16 11:58:43,7,8,6791,16908
2023-03-16 11:58:58,7,9,6791,16908
2023-03-16 11:59:05,8,9,6791,16908
2023-03-16 11:59:11,7,9,6798,16915
2023-03-16 11:59:11,7,8,6798,16915
2023-03-16 11:59:21,7,8,6805,16922
2023-03-16 11:59:23,7,9,6805,16922
2023-03-16 11:59:37,7,9,6812,16929
2023-03-16 11:59:53,7,9,6819,16936
2023-03-16 12:00:09,7,8,6819,16936
2023-03-16 12:00:25,7,9,6819,16936
2023-03-16 12:00:25,7,9,6819,16943
2023-03-16 12:00:42,7,9,6819,16950
2023-03-16 12:01:02,7,8,6819,16950
2023-03-16 12:01:16,7,9,6819,16950
2023-03-16 12:02:45,8,9,6819,16950
2023-03-16 12:03:00,8,10,6819,16950
2023-03-16 12:03:09,8,11,6819,16950
2023-03-16 12:03:11,9,11,6819,16950
2023-03-16 12:03:43,10,11,6819,16950
2023-03-16 12:03:49,10,12,6819,16950
2023-03-16 12:03:59,11,12,6819,16950
2023-03-16 12:03:59,11,13,6819,16950
2023-03-16 12:04:15,10,13,6819,16950
2023-03-16 12:04:15,10,12,6819,16950
2023-03-16 12:04:23,10,11,6819,16950
2023-03-16 12:04:31,9,11,6819,16950
2023-03-16 12:05:22,10,11,6819,16950
2023-03-16 12:05:23,10,11,6969,17100
2023-03-16 12:05:46,9,11,6969,17100
2023-03-16 12:05:59,10,11,6969,17100
2023-03-16 12:06:26,10,11,6969,17107
2023-03-16 12:06:58,10,11,6976,17114
2023-03-16 12:08:51,10,12,6976,17114
2023-03-16 12:09:09,11,12,6976,17114
2023-03-16 12:09:16,11,12,6705,17385
2023-03-16 12:09:35,11,13,6705,17385
2023-03-16 12:09:41,11,14,6705,17385
2023-03-16 12:09:41,11,13,6705,17385
2023-03-16 12:09:55,11,15,6705,17385
2023-03-16 12:09:55,12,15,6705,17385
2023-03-16 12:10:00,12,14,6705,17385
2023-03-16 12:10:14,12,15,6705,17385
2023-03-16 12:10:16,12,13,6705,17385
2023-03-16 12:10:28,11,13,6705,17385
2023-03-16 12:10:29,12,13,6705,17385
2023-03-16 12:10:32,12,14,6705,17385
2023-03-16 12:10:32,12,13,6705,17385
2023-03-16 12:10:44,11,13,6705,17385
2023-03-16 12:10:47,11,14,6705,17385
2023-03-16 12:10:48,11,13,6705,17385
2023-03-16 12:10:55,12,13,6705,17385
2023-03-16 12:10:55,13,14,6705,17392
2023-03-16 12:11:23,13,14,6705,17417
2023-03-16 12:11:31,12,14,6705,17417
2023-03-16 12:11:34,12,13,6705,17417
2023-03-16 12:11:43,12,14,6705,17417
2023-03-16 12:11:52,13,14,6705,17417
2023-03-16 12:12:00,14,15,6711,17423
2023-03-16 12:12:04,13,15,6711,17423
2023-03-16 12:12:04,14,15,6711,17423
2023-03-16 12:12:08,15,17,6714,17426
2023-03-16 12:12:14,14,17,6714,17430
2023-03-16 12:12:18,12,17,6714,17430
2023-03-16 12:12:18,14,17,6714,17430
2023-03-16 12:12:23,13,17,6714,17430
2023-03-16 12:12:23,14,17,6714,17430
2023-03-16 12:12:24,14,15,6714,17430
2023-03-16 12:12:38,14,17,6714,17430
2023-03-16 12:12:38,13,17,6714,17430
2023-03-16 12:12:38,15,17,6714,17430
2023-03-16 12:12:43,15,17,6714,17437
2023-03-16 12:12:46,15,17,6689,17462
2023-03-16 12:12:50,15,17,6689,17582
2023-03-16 12:12:58,15,18,6689,17582
2023-03-16 12:12:59,15,18,6682,17589
2023-03-16 12:13:04,17,18,6682,17589
2023-03-16 12:13:11,17,18,6682,17614
2023-03-16 12:13:15,17,18,6682,17621
2023-03-16 12:13:23,15,18,6682,17621
2023-03-16 12:13:23,17,18,6682,17621
2023-03-16 12:13:27,15,18,6682,17661
2023-03-16 12:13:29,15,17,6682,17661
2023-03-16 12:13:29,14,17,6682,17661
2023-03-16 12:13:30,16,17,6682,17661
2023-03-16 12:13:35,15,17,7042,18021
2023-03-16 12:13:39,15,16,7042,18021
2023-03-16 12:13:50,14,16,7042,18021
2023-03-16 12:13:50,15,16,7042,18021
2023-03-16 12:14:51,14,16,7042,18021
2023-03-16 12:15:07,14,15,7042,18021
2023-03-16 12:15:21,14,16,7042,18021
2023-03-16 12:15:21,14,15,7042,18021
2023-03-16 12:15:22,14,16,7042,18021
2023-03-16 12:15:26,14,15,7042,18021
2023-03-16 12:15:38,13,14,7234,18213
2023-03-16 12:15:42,12,14,7234,18213
2023-03-16 12:15:58,11,14,7234,18213
2023-03-16 12:15:58,11,13,7234,18213
2023-03-16 12:16:06,11,12,7234,18213
2023-03-16 12:16:14,10,12,7234,18213
2023-03-16 12:16:46,11,12,7234,18213
2023-03-16 12:17:02,10,12,7234,18213
2023-03-16 12:17:17,10,13,7234,18213
2023-03-16 12:17:18,11,13,7234,18213
2023-03-16 12:17:33,10,13,7234,18213
2023-03-16 12:17:34,11,13,7234,18213
2023-03-16 12:18:04,10,13,7234,18213
2023-03-16 12:18:09,10,12,7234,18213
2023-03-16 12:18:24,10,13,7234,18213
2023-03-16 12:18:25,10,12,7234,18213
2023-03-16 12:18:41,10,11,7234,18213
2023-03-16 12:18:57,10,12,7234,18213
2023-03-16 12:18:57,10,11,7234,18213
2023-03-16 12:19:03,9,10,7477,18456
2023-03-16 12:19:06,9,11,7477,18456
2023-03-16 12:19:28,8,11,7477,18456
2023-03-16 12:19:29,9,11,7477,18456
2023-03-16 12:20:32,8,11,7477,18456
2023-03-16 12:20:33,8,10,7477,18456
2023-03-16 12:20:52,9,11,7477,18456
2023-03-16 12:21:22,8,11,7477,18456
2023-03-16 12:21:24,9,11,7477,18456
2023-03-16 12:21:39,8,11,7477,18456
2023-03-16 12:21:40,9,11,7477,18456
2023-03-16 12:21:54,8,11,7477,18456
2023-03-16 12:22:37,9,10,7477,18456
2023-03-16 12:23:13,9,11,7477,18456
2023-03-16 12:23:16,10,11,7477,18456
2023-03-16 12:23:34,9,11,7477,18456
2023-03-16 12:23:34,9,10,7477,18456
2023-03-16 12:26:18,9,10,7477,18463
2023-03-16 12:26:21,9,10,7509,18495
2023-03-16 12:28:03,8,10,7509,18506
2023-03-16 12:28:07,7,10,7509,18506
2023-03-16 12:28:07,7,9,7509,18506
2023-03-16 12:28:07,7,8,7509,18506
2023-03-16 12:28:26,7,8,7516,18513
2023-03-16 12:28:42,7,8,7541,18538
2023-03-16 12:29:29,7,8,7591,18588
2023-03-16 12:34:07,7,8,7598,18595
2023-03-16 12:34:26,7,8,7605,18602
2023-03-16 12:34:41,7,8,7655,18652
2023-03-16 12:35:07,7,8,7695,18692
2023-03-16 12:35:08,8,9,7688,18933
2023-03-16 12:35:12,8,10,7688,18933
2023-03-16 12:35:15,8,9,7688,18933
2023-03-16 12:35:20,9,10,7688,18940
2023-03-16 12:35:24,8,10,7688,18940
2023-03-16 12:35:30,9,10,7688,18940
2023-03-16 12:35:31,9,10,7688,18947
2023-03-16 12:35:46,9,10,7688,18954
2023-03-16 12:35:48,9,11,7688,18954
2023-03-16 12:36:08,9,10,7688,18954
2023-03-16 12:36:34,9,10,7688,18961
2023-03-16 12:36:36,9,10,7688,19011
2023-03-16 12:36:49,9,11,7688,19011
2023-03-16 12:37:10,9,10,7688,19011
2023-03-16 12:37:25,10,11,7688,19011
2023-03-16 12:37:39,9,11,7688,19011
2023-03-16 12:37:56,9,11,7688,19021
2023-03-16 12:38:11,7,9,7688,19441
2023-03-16 12:38:28,7,10,7688,19441
2023-03-16 12:38:30,7,9,7688,19441
2023-03-16 12:38:35,8,9,7688,19441
2023-03-16 12:38:45,8,10,7688,19441
2023-03-16 12:38:46,8,9,7688,19441
2023-03-16 12:39:00,8,10,7688,19441
2023-03-16 12:39:02,8,9,7688,19441
2023-03-16 12:39:11,7,9,7688,19861
2023-03-16 12:39:17,7,10,7688,19861
2023-03-16 12:39:18,7,8,7688,19861
2023-03-16 12:39:33,7,10,7688,19861
2023-03-16 12:39:34,7,8,7688,19861
2023-03-16 12:39:52,7,8,7688,19868
2023-03-16 12:40:19,7,8,7750,19930
2023-03-16 12:40:57,7,9,7750,19930
2023-03-16 12:41:12,7,10,7750,19930
2023-03-16 12:41:12,7,9,7750,19930
2023-03-16 12:41:28,7,10,7750,19930
2023-03-16 12:41:28,7,9,7750,19930
2023-03-16 12:41:30,8,9,7750,19930
2023-03-16 12:41:44,8,10,7750,19930
2023-03-16 12:41:44,8,9,7750,19930
2023-03-16 12:42:00,8,10,7750,19930
2023-03-16 12:42:00,8,9,7750,19930
2023-03-16 12:42:01,7,9,7750,19930
2023-03-16 12:42:01,8,9,7750,19930
2023-03-16 12:42:15,8,10,7750,19930
2023-03-16 12:42:16,8,9,7750,19930
2023-03-16 12:42:22,7,9,7750,19930
2023-03-16 12:42:22,8,9,7750,19930
2023-03-16 12:42:25,7,8,7990,20170
2023-03-16 12:42:29,7,9,7990,20170
2023-03-16 12:42:33,7,8,7990,20170
2023-03-16 12:43:39,7,8,7990,20177
2023-03-16 12:46:24,6,7,8226,20413
2023-03-16 12:46:27,6,8,8226,20413
2023-03-16 12:46:54,6,7,8226,20413
2023-03-16 12:46:54,6,7,8584,20771
2023-03-16 12:47:00,5,6,8656,20843
2023-03-16 12:47:04,5,7,8656,20843
2023-03-16 12:47:10,6,8,8656,20843
2023-03-16 12:47:17,6,7,8656,20843
2023-03-16 12:47:23,6,7,8657,20844
2023-03-16 12:47:41,6,8,8657,20844
2023-03-16 12:48:12,5,8,8664,20851
2023-03-16 12:48:14,4,8,8664,20851
2023-03-16 12:48:14,4,7,8664,20851
2023-03-16 12:48:17,5,7,8664,20851
2023-03-16 12:49:05,5,6,8664,20851
2023-03-16 12:49:17,4,6,8904,21091
2023-03-16 12:49:21,4,7,8904,21091
2023-03-16 12:49:21,4,6,8904,21091
2023-03-16 12:49:23,4,6,8905,21092
2023-03-16 12:49:33,5,6,8905,21092
2023-03-16 12:49:37,5,7,8905,21092
2023-03-16 12:49:37,5,6,8905,21092
2023-03-16 12:49:53,5,6,8905,21099
2023-03-16 12:49:56,4,6,8978,21172
2023-03-16 12:50:02,4,7,8978,21172
2023-03-16 12:50:05,4,9,8978,21172
2023-03-16 12:50:05,4,8,8978,21172
2023-03-16 12:50:05,4,9,8978,21172
2023-03-16 12:50:06,4,8,8978,21172
2023-03-16 12:50:06,4,7,8978,21172
2023-03-16 12:50:09,4,6,8978,21172
2023-03-16 12:50:12,4,6,8978,21228
2023-03-16 12:50:12,4,5,8978,21228
2023-03-16 12:50:12,4,5,8985,21235
2023-03-16 12:50:22,3,5,8992,21242
2023-03-16 12:50:25,3,4,8992,21242
2023-03-16 12:50:26,3,6,8992,21249
2023-03-16 12:50:30,2,6,8992,21249
2023-03-16 12:50:31,2,5,8992,21249
2023-03-16 12:50:39,3,5,8992,21249
2023-03-16 12:50:44,3,4,8992,21249
2023-03-16 12:51:00,3,5,8992,21249
2023-03-16 12:51:00,3,4,8992,21249
2023-03-16 12:51:16,3,5,8992,21249
2023-03-16 12:51:16,3,5,8992,21256
2023-03-16 12:51:37,3,4,8992,21256
2023-03-16 12:51:38,3,4,9112,21376
2023-03-16 12:52:04,2,4,9112,21376
2023-03-16 12:52:36,2,3,9112,21376
2023-03-16 12:52:52,2,4,9112,21376
2023-03-16 12:52:52,2,3,9112,21376
2023-03-16 12:53:08,2,4,9112,21376
2023-03-16 12:53:08,2,3,9112,21376
2023-03-16 12:53:13,3,4,9107,21383
2023-03-16 12:53:23,3,4,9107,21384
2023-03-16 12:53:42,3,4,9112,21391
2023-03-16 12:53:58,3,4,9119,21398
2023-03-16 12:54:06,3,6,9119,21574
2023-03-16 12:54:13,3,7,9119,21574
2023-03-16 12:54:13,4,7,9119,21574
2023-03-16 12:54:15,4,5,9119,21574
2023-03-16 12:54:31,4,7,9119,21574
2023-03-16 12:54:31,4,5,9119,21574
2023-03-16 12:54:46,4,7,9119,21574
2023-03-16 12:54:47,4,5,9119,21574
2023-03-16 12:55:00,4,6,9119,21574
2023-03-16 12:55:03,4,6,9119,21581
2023-03-16 12:55:19,4,6,9121,21588
2023-03-16 12:55:35,4,6,9128,21595
2023-03-16 12:55:50,4,5,9128,21595
2023-03-16 12:55:51,4,5,9121,21602
2023-03-16 12:57:12,4,7,9121,21602
2023-03-16 12:57:12,3,5,9121,21602
2023-03-16 12:59:54,2,5,9121,21602
2023-03-16 12:59:56,3,5,9121,21602
2023-03-16 13:00:12,2,5,9121,21602
2023-03-16 13:00:12,2,4,9121,21602
2023-03-16 13:00:44,3,4,9121,21602
2023-03-16 13:01:00,2,4,9121,21602
2023-03-16 13:01:34,3,5,9121,21602
2023-03-16 13:01:50,2,5,9121,21602
2023-03-16 13:01:51,2,4,9121,21602
2023-03-16 13:02:07,2,5,9121,21602
2023-03-16 13:02:07,2,4,9121,21602
2023-03-16 13:02:20,2,3,9121,21602
2023-03-16 13:03:05,2,3,9871,22352
2023-03-16 13:03:48,2,3,9821,22402
2023-03-16 13:04:41,2,3,9794,22429
2023-03-16 13:04:49,2,3,9794,22436
2023-03-16 13:05:27,2,3,9844,22486
2023-03-16 13:07:16,2,3,9757,22573
2023-03-16 13:07:26,2,3,9607,22723
2023-03-16 13:10:51,2,4,9607,22723
2023-03-16 13:10:58,3,4,9607,22723
2023-03-16 13:11:52,3,4,9614,22730
2023-03-16 13:12:08,3,4,9621,22737
2023-03-16 13:12:26,3,4,9628,22744
2023-03-16 13:12:42,3,4,9628,22751
2023-03-16 13:12:58,3,4,9628,22758
2023-03-16 13:13:32,2,3,9629,22759
2023-03-16 13:14:02,2,4,9629,22766
2023-03-16 13:15:08,2,4,9631,22768
2023-03-16 13:15:09,2,3,9631,22768
2023-03-16 13:15:25,2,4,9631,22768
2023-03-16 13:15:41,3,4,9631,22768
2023-03-16 13:16:10,2,4,9631,22768
2023-03-16 13:16:29,3,4,9631,22768
2023-03-16 13:17:52,3,4,9636,22775
2023-03-16 13:17:53,4,5,9936,23075
2023-03-16 13:18:06,4,5,9936,23254
2023-03-16 13:18:08,4,5,9938,23261
2023-03-16 13:18:15,4,6,9938,23261
2023-03-16 13:18:24,4,6,9945,23268
2023-03-16 13:18:29,3,4,9945,23275
2023-03-16 13:18:56,3,4,9938,23282
2023-03-16 13:19:05,3,6,9938,23282
2023-03-16 13:19:06,3,5,9938,23282
2023-03-16 13:19:12,4,5,9938,23282
2023-03-16 13:19:36,4,6,9938,23282
2023-03-16 13:19:43,3,6,9938,23282
2023-03-16 13:19:43,3,6,9938,23282
2023-03-16 13:19:44,3,5,9938,23282
2023-03-16 13:20:00,3,6,9938,23282
2023-03-16 13:20:00,3,5,9938,23282
2023-03-16 13:20:15,3,6,9938,23282
2023-03-16 13:20:16,3,5,9938,23282
2023-03-16 13:20:35,3,6,9938,23282
2023-03-16 13:20:35,3,5,9938,23282
2023-03-16 13:20:50,3,6,9938,23282
2023-03-16 13:20:51,3,5,9938,23282
2023-03-16 13:21:07,3,6,9938,23282
2023-03-16 13:21:07,3,5,9938,23282
2023-03-16 13:22:15,3,4,9938,23282
2023-03-16 13:22:23,2,3,9943,23289
2023-03-16 13:22:27,2,4,9943,23289
2023-03-16 13:22:29,2,4,9943,23299
2023-03-16 13:22:43,2,3,9943,23299
2023-03-16 13:22:58,2,4,9943,23299
2023-03-16 13:22:59,2,3,9943,23299
2023-03-16 13:23:17,2,4,9943,23299
2023-03-16 13:23:17,2,3,9943,23299
2023-03-16 13:23:33,2,4,9943,23299
2023-03-16 13:23:33,2,3,9943,23299
2023-03-16 13:23:50,2,4,9943,23299
2023-03-16 13:23:50,2,3,9943,23299
2023-03-16 13:24:05,2,4,9943,23299
2023-03-16 13:24:06,2,3,9943,23299
2023-03-16 13:24:20,2,4,9943,23299
2023-03-16 13:24:22,2,3,9943,23299
2023-03-16 13:24:37,2,5,9943,23299
2023-03-16 13:24:37,2,4,9943,23299
2023-03-16 13:24:38,2,3,9943,23299
2023-03-16 13:24:53,2,5,9943,23299
2023-03-16 13:24:54,2,3,9943,23299
2023-03-16 13:25:09,2,5,9943,23299
2023-03-16 13:25:10,2,3,9943,23299
2023-03-16 13:25:25,2,5,9943,23299
2023-03-16 13:25:26,2,3,9943,23299
2023-03-16 13:25:41,2,5,9943,23299
2023-03-16 13:25:41,2,3,9943,23299
2023-03-16 13:26:00,2,5,9943,23299
2023-03-16 13:26:00,2,3,9943,23299
2023-03-16 13:26:16,2,5,9943,23299
2023-03-16 13:26:16,2,3,9943,23299
2023-03-16 13:26:32,2,5,9943,23299
2023-03-16 13:26:32,2,3,9943,23299
2023-03-16 13:26:48,2,5,9943,23299
2023-03-16 13:26:48,2,3,9943,23299
2023-03-16 13:26:58,2,3,9893,23349
2023-03-16 13:27:04,2,5,9893,23349
2023-03-16 13:27:04,2,3,9893,23349
2023-03-16 13:27:20,2,5,9893,23349
2023-03-16 13:27:20,2,3,9893,23349
2023-03-16 13:27:36,2,4,9893,23349
2023-03-16 13:27:36,2,3,9893,23349
2023-03-16 13:27:41,3,4,9895,23356
2023-03-16 13:27:52,3,4,9902,23363
2023-03-16 13:28:10,3,5,9902,23363
2023-03-16 13:28:10,2,5,9895,23389
2023-03-16 13:28:10,2,4,9895,23389
2023-03-16 13:28:24,3,4,9895,23389
2023-03-16 13:28:47,2,4,9895,23389
2023-03-16 13:28:47,2,3,9895,23389
2023-03-16 13:29:01,2,4,9895,23389
2023-03-16 13:33:03,2,5,9895,23389
2023-03-16 13:33:03,2,4,9895,23389
2023-03-16 13:33:19,2,5,9895,23389
2023-03-16 13:33:19,2,4,9895,23389
2023-03-16 13:33:35,2,5,9895,23389
2023-03-16 13:33:35,2,4,9895,23389
2023-03-16 13:33:51,2,5,9895,23389
2023-03-16 13:33:51,2,4,9895,23389
2023-03-16 13:34:10,2,5,9895,23389
2023-03-16 13:34:10,2,4,9895,23389
2023-03-16 13:34:26,2,5,9895,23389
2023-03-16 13:34:26,2,4,9895,23389
2023-03-16 13:35:30,3,5,9895,23389
2023-03-16 13:36:31,2,5,9895,23389
2023-03-16 13:36:34,3,5,9895,23389
2023-03-16 13:37:24,3,8,9895,23389
2023-03-16 13:37:24,3,5,9895,23389
2023-03-16 13:39:27,2,5,9900,23396
2023-03-16 13:39:27,2,4,9900,23396
2023-03-16 13:39:35,3,4,9900,23396
2023-03-16 13:39:51,2,4,9900,23396
2023-03-16 13:40:02,3,4,9900,23396
2023-03-16 13:40:07,3,4,9902,23403
2023-03-16 13:40:23,2,4,9902,23403
2023-03-16 13:41:39,2,3,9902,23403
2023-03-16 13:42:06,2,4,9902,23403
2023-03-16 13:42:06,2,3,9902,23403
2023-03-16 13:42:08,1,3,9907,23410
2023-03-16 13:44:10,1,5,9907,23410
2023-03-16 13:44:10,1,3,9907,23410
2023-03-16 13:44:26,1,5,9907,23410
2023-03-16 13:44:26,1,3,9907,23410
2023-03-16 13:44:42,1,5,9907,23410
2023-03-16 13:44:42,1,3,9907,23410
2023-03-16 13:45:01,1,5,9907,23410
2023-03-16 13:45:01,1,3,9907,23410
2023-03-16 13:45:17,1,5,9907,23410
2023-03-16 13:45:17,1,3,9907,23410
2023-03-16 13:45:33,1,5,9907,23410
2023-03-16 13:45:33,1,3,9907,23410
2023-03-16 13:45:49,1,5,9907,23410
2023-03-16 13:45:49,1,3,9907,23410
2023-03-16 13:46:05,1,5,9907,23410
2023-03-16 13:46:05,1,3,9907,23410
2023-03-16 13:46:19,1,5,9907,23410
2023-03-16 13:46:19,1,3,9907,23410
2023-03-16 13:46:53,1,5,9907,23410
2023-03-16 13:46:53,1,3,9907,23410
2023-03-16 13:50:57,1,6,9907,23410
2023-03-16 13:50:57,1,3,9907,23410
2023-03-16 13:51:11,1,5,9907,23410
2023-03-16 13:51:13,1,6,9907,23410
2023-03-16 13:51:13,1,3,9907,23410
2023-03-16 13:57:00,1,2,9907,23410
2023-03-16 13:58:03,1,3,9907,23410
2023-03-16 13:59:09,1,2,9907,23410
2023-03-16 14:00:02,1,3,9907,23410
2023-03-16 14:00:43,2,3,9907,23410
2023-03-16 14:01:25,2,3,9908,23411
2023-03-16 14:06:08,2,4,9903,23618
2023-03-16 14:06:20,3,4,9903,23618
2023-03-16 14:06:33,2,4,9908,23625
2023-03-16 14:06:39,3,4,9908,23625
2023-03-16 14:06:44,3,5,9908,23625
2023-03-16 14:06:55,2,5,9908,23625
2023-03-16 14:06:55,3,4,9908,23625
2023-03-16 14:07:02,3,5,9908,23625
2023-03-16 14:07:11,2,5,9908,23625
2023-03-16 14:07:11,2,4,9908,23625
2023-03-16 14:07:27,2,5,9908,23625
2023-03-16 14:07:27,2,4,9908,23625
2023-03-16 14:08:01,2,3,9908,23625
2023-03-16 14:08:12,2,4,9908,23625
2023-03-16 14:08:15,2,3,9908,23625
2023-03-16 14:08:31,2,4,9908,23625
2023-03-16 14:09:37,2,3,9908,23625
2023-03-16 14:09:53,2,4,9908,23625
2023-03-16 14:09:54,2,3,9908,23625
2023-03-16 14:12:36,2,4,9711,23824
2023-03-16 14:13:08,3,4,9711,23824
2023-03-16 14:13:10,3,5,9711,23824
2023-03-16 14:13:40,2,5,9711,23824
2023-03-16 14:13:40,2,4,9711,23824
2023-03-16 14:13:56,3,5,9711,23824
2023-03-16 14:14:48,3,4,9711,23824
2023-03-16 14:14:57,3,5,9711,23824
2023-03-16 14:15:18,4,5,9711,23824
2023-03-16 14:15:25,4,6,9711,23824
2023-03-16 14:15:25,4,5,9711,23824
2023-03-16 14:15:34,3,5,9711,23824
2023-03-16 14:15:50,3,6,9711,23824
2023-03-16 14:15:50,3,5,9711,23824
2023-03-16 14:16:12,3,4,9711,23824
2023-03-16 14:16:13,3,5,9711,23824
2023-03-16 14:16:25,2,5,9716,23831
2023-03-16 14:16:38,3,5,9716,23831
2023-03-16 14:16:54,2,5,9716,23831
2023-03-16 14:16:54,2,4,9716,23831
2023-03-16 14:17:10,2,5,9716,23831
2023-03-16 14:17:10,2,4,9716,23831
2023-03-16 14:17:29,3,5,9716,23831
2023-03-16 14:17:44,2,5,9716,23831
2023-03-16 14:17:45,2,4,9716,23831
2023-03-16 14:18:00,2,5,9716,23831
2023-03-16 14:18:01,2,4,9716,23831
2023-03-16 14:18:16,2,5,9716,23831
2023-03-16 14:18:17,2,4,9716,23831
2023-03-16 14:18:32,2,5,9716,23831
2023-03-16 14:18:33,2,4,9716,23831
2023-03-16 14:18:49,2,5,9716,23831
2023-03-16 14:18:49,2,4,9716,23831
2023-03-16 14:19:05,2,5,9716,23831
2023-03-16 14:19:05,2,4,9716,23831
2023-03-16 14:19:07,2,4,9723,23838
2023-03-16 14:19:07,2,4,9730,23845
2023-03-16 14:19:07,2,3,9730,23845
2023-03-16 14:19:10,3,4,9752,23867
2023-03-16 14:19:10,3,4,9841,23956
2023-03-16 14:19:10,3,4,9930,24045
2023-03-16 14:19:10,3,4,10019,24134
2023-03-16 14:19:10,3,4,10086,24201
2023-03-16 14:19:21,3,4,10088,24208
2023-03-16 14:20:29,2,4,10125,24245
2023-03-16 14:22:53,3,4,10125,24245
2023-03-16 14:22:54,2,4,10130,24252
2023-03-16 14:22:54,2,3,10130,24252
2023-03-16 14:22:59,2,4,10130,24252
2023-03-16 14:23:00,2,3,10130,24252
2023-03-16 14:23:08,2,4,10130,24252
2023-03-16 14:23:08,2,3,10130,24252
2023-03-16 14:23:25,2,4,10130,24252
2023-03-16 14:23:41,2,3,10130,24252
2023-03-16 14:23:57,2,4,10130,24252
2023-03-16 14:23:57,2,3,10130,24252
2023-03-16 14:24:13,2,4,10130,24252
2023-03-16 14:24:14,2,3,10130,24252
2023-03-16 14:24:29,2,4,10130,24252
2023-03-16 14:24:29,2,3,10130,24252
2023-03-16 14:24:46,2,4,10130,24252
2023-03-16 14:24:46,2,3,10130,24252
2023-03-16 14:25:02,2,3,10238,24360
2023-03-16 14:25:02,2,4,10238,24360
2023-03-16 14:25:02,2,3,10238,24360
2023-03-16 14:25:05,2,4,10238,24360
2023-03-16 14:25:36,2,5,10238,24360
2023-03-16 14:25:36,2,4,10238,24360
2023-03-16 14:26:14,2,3,10238,24360
2023-03-16 14:26:20,2,4,10238,24360
2023-03-16 14:26:35,2,4,10254,24376
2023-03-16 14:27:28,2,3,10254,24376
2023-03-16 14:27:44,2,4,10254,24376
2023-03-16 14:27:44,2,3,10254,24376
2023-03-16 14:28:05,2,4,10254,24376
2023-03-16 14:28:08,2,3,10254,24376
2023-03-16 14:28:10,2,3,10335,24457
2023-03-16 14:28:18,2,3,10342,24464
2023-03-16 14:29:02,1,3,10342,24464
2023-03-16 14:32:20,2,3,10342,24464
2023-03-16 14:32:38,2,4,10342,24464
2023-03-16 14:33:24,1,4,10342,24465
2023-03-16 14:33:24,2,4,10342,24465
2023-03-16 14:33:42,1,5,10342,24465
2023-03-16 14:33:42,2,5,10342,24465
2023-03-16 14:33:42,3,5,10342,24465
2023-03-16 14:33:48,2,5,10349,24472
2023-03-16 14:33:48,2,4,10349,24472
2023-03-16 14:33:48,2,5,10349,24472
2023-03-16 14:33:58,2,4,10349,24472
2023-03-16 14:34:01,2,4,10359,24482
2023-03-16 14:34:30,2,5,10359,24482
2023-03-16 14:34:30,2,4,10359,24482
2023-03-16 14:34:43,2,6,10352,24489
2023-03-16 14:34:45,2,5,10352,24489
2023-03-16 14:34:46,3,5,10352,24489
2023-03-16 14:35:12,2,5,10359,24496
2023-03-16 14:35:18,3,5,10359,24496
2023-03-16 14:35:29,3,5,10279,24576
2023-03-16 14:35:34,2,5,10279,24576
2023-03-16 14:35:35,2,4,10279,24576
2023-03-16 14:35:49,2,5,10279,24576
2023-03-16 14:35:50,2,4,10279,24576
2023-03-16 14:35:50,2,3,10279,24576
2023-03-16 14:36:05,2,4,10279,24576
2023-03-16 14:36:05,2,5,10279,24576
2023-03-16 14:36:06,2,4,10279,24576
2023-03-16 14:36:06,2,3,10279,24576
2023-03-16 14:36:20,2,4,10279,24576
2023-03-16 14:36:21,2,5,10279,24576
2023-03-16 14:36:21,2,4,10279,24576
2023-03-16 14:36:24,2,4,10286,24583
2023-03-16 14:36:25,2,3,10286,24583
2023-03-16 14:36:40,2,4,10286,24583
2023-03-16 14:36:40,2,3,10293,24590
2023-03-16 14:37:06,2,3,10300,24597
2023-03-16 14:37:11,2,4,10300,24597
2023-03-16 14:37:12,2,4,10307,24604
2023-03-16 14:37:13,2,3,10307,24604
2023-03-16 14:38:27,1,3,10307,24604
2023-03-16 14:40:23,1,3,10307,24611
2023-03-16 14:44:29,1,2,10307,24611
2023-03-16 14:55:45,1,2,10307,24664
2023-03-16 14:55:47,1,2,10307,24674
2023-03-16 14:56:29,1,2,10307,24681
2023-03-16 14:57:21,1,2,10259,24729
2023-03-16 14:58:00,1,2,10259,24736
2023-03-16 14:58:07,1,2,10267,24756
2023-03-16 14:58:16,1,2,10274,24763
2023-03-16 14:58:31,1,2,10287,24776
2023-03-16 14:58:32,1,2,10294,24783
2023-03-16 15:00:17,1,2,10300,24789
2023-03-16 15:02:16,1,2,10312,24801
2023-03-16 15:02:18,1,2,10319,24808
2023-03-16 15:02:18,1,2,10344,24833
2023-03-16 15:02:18,1,2,10362,24851
2023-03-16 15:02:34,1,2,10369,24858
2023-03-16 15:02:53,1,2,10370,24859
2023-03-16 15:03:01,1,2,10371,24860
2023-03-16 15:03:33,1,2,10378,24867
2023-03-16 15:04:35,0,2,11259,25755
2023-03-16 15:05:43,0,1,11259,25755
2023-03-16 15:59:25,0,1,11259,25759
