datetime,bid,ask,open_interest,volume
2023-04-06 09:30:19,28,34,318,332
2023-04-06 09:30:21,26,34,318,332
2023-04-06 09:31:04,30,34,318,332
2023-04-06 09:31:16,26,34,318,332
2023-04-06 09:31:16,28,34,318,332
2023-04-06 09:31:17,28,31,318,332
2023-04-06 09:32:59,28,31,330,344
2023-04-06 09:32:59,28,31,342,356
2023-04-06 09:32:59,28,31,354,368
2023-04-06 09:33:04,28,32,354,368
2023-04-06 09:33:27,28,30,354,368
2023-04-06 09:33:29,28,32,354,368
2023-04-06 09:34:28,28,30,354,368
2023-04-06 09:35:19,28,30,604,618
2023-04-06 09:35:20,28,30,1000,1014
2023-04-06 09:35:28,28,30,1300,1314
2023-04-06 09:35:29,28,30,1600,1614
2023-04-06 09:35:30,28,30,1900,1914
2023-04-06 09:35:32,26,28,2120,2151
2023-04-06 09:35:40,27,30,2120,2151
2023-04-06 09:36:07,27,29,2120,2151
2023-04-06 09:36:13,26,29,2139,2170
2023-04-06 09:36:27,26,28,2139,2170
2023-04-06 09:36:31,26,29,2139,2170
2023-04-06 09:36:34,26,28,2139,2170
2023-04-06 09:36:36,26,29,2139,2170
2023-04-06 09:36:38,26,28,2139,2170
2023-04-06 09:37:33,26,29,2139,2170
2023-04-06 09:37:33,27,29,2139,2170
2023-04-06 09:38:03,27,30,2139,2170
2023-04-06 09:38:12,28,30,2139,2170
2023-04-06 09:38:34,28,31,2139,2170
2023-04-06 09:38:37,28,29,2139,2170
2023-04-06 09:38:41,28,31,2139,2170
2023-04-06 09:39:08,26,31,2139,2170
2023-04-06 09:39:12,26,30,2139,2170
2023-04-06 09:39:36,26,29,2139,2170
2023-04-06 09:39:38,26,30,2139,2170
2023-04-06 09:39:38,26,28,2139,2170
2023-04-06 09:40:49,26,30,2139,2170
2023-04-06 09:40:57,26,29,2139,2170
2023-04-06 09:40:58,26,28,2139,2170
2023-04-06 09:41:09,26,30,2139,2170
2023-04-06 09:41:28,26,29,2139,2170
2023-04-06 09:41:37,26,28,2139,2170
2023-04-06 09:41:39,26,29,2139,2170
2023-04-06 09:42:01,27,29,2139,2170
2023-04-06 09:42:31,26,29,2139,2170
2023-04-06 09:42:52,27,29,2139,2170
2023-04-06 09:43:11,26,29,2139,2170
2023-04-06 09:43:18,26,30,2139,2170
2023-04-06 09:43:39,26,29,2139,2170
2023-04-06 09:43:41,26,30,2139,2170
2023-04-06 09:44:16,25,30,2158,2440
2023-04-06 09:44:17,25,28,2158,2440
2023-04-06 09:44:52,26,28,2158,2440
2023-04-06 09:45:17,26,27,2158,2440
2023-04-06 09:45:31,25,27,2158,2440
2023-04-06 09:45:44,25,26,2158,2440
2023-04-06 09:45:55,25,27,2137,2461
2023-04-06 09:46:39,25,26,2137,2461
2023-04-06 09:48:18,23,26,2239,2563
2023-04-06 09:48:34,24,26,2239,2563
2023-04-06 09:48:40,24,27,2239,2563
2023-04-06 09:50:10,25,27,2239,2563
2023-04-06 09:50:36,26,27,2239,2563
2023-04-06 09:50:38,26,27,2235,2567
2023-04-06 09:51:04,26,27,2235,2589
2023-04-06 09:55:34,25,27,2235,2589
2023-04-06 09:55:35,25,26,2235,2589
2023-04-06 09:57:31,24,26,2235,2589
2023-04-06 09:57:31,24,27,2235,2589
2023-04-06 09:57:57,25,27,2235,2589
2023-04-06 09:58:06,25,26,2235,2589
2023-04-06 09:58:31,25,27,2233,2591
2023-04-06 09:58:43,25,28,2218,2614
2023-04-06 09:58:47,25,31,2218,2614
2023-04-06 09:58:51,29,31,2218,2614
2023-04-06 09:59:22,29,32,2218,2614
2023-04-06 10:00:23,30,32,2218,2614
2023-04-06 10:00:24,29,32,2218,2614
2023-04-06 10:00:53,31,32,2218,2614
2023-04-06 10:01:01,31,32,1894,3117
2023-04-06 10:01:23,31,32,1894,3611
2023-04-06 10:01:32,29,32,1894,3611
2023-04-06 10:01:42,30,32,1894,3611
2023-04-06 10:01:44,29,32,1894,3611
2023-04-06 10:01:59,29,32,1263,4242
2023-04-06 10:02:03,29,35,1265,4416
2023-04-06 10:02:09,31,35,1265,4416
2023-04-06 10:02:09,31,34,1265,4416
2023-04-06 10:02:37,31,35,1267,4668
2023-04-06 10:02:38,32,35,1267,4668
2023-04-06 10:03:03,33,35,1267,4668
2023-04-06 10:03:58,33,34,1267,4668
2023-04-06 10:04:00,30,34,1267,4668
2023-04-06 10:04:59,32,34,1267,4668
2023-04-06 10:05:30,33,34,1267,4668
2023-04-06 10:05:31,34,35,1269,4670
2023-04-06 10:08:32,34,35,1310,4715
2023-04-06 10:09:55,34,36,1314,4719
2023-04-06 10:10:43,35,36,1314,4719
2023-04-06 10:11:16,35,37,1318,4723
2023-04-06 10:11:41,36,37,1318,4723
2023-04-06 10:18:38,38,39,1325,4730
2023-04-06 10:19:21,38,39,1325,5164
2023-04-06 10:19:27,36,39,2884,6725
2023-04-06 10:20:34,36,38,2884,6725
2023-04-06 10:20:57,38,39,2884,6975
2023-04-06 10:22:21,36,39,2884,6977
2023-04-06 10:22:24,37,39,2884,6977
2023-04-06 10:22:38,36,39,2884,6977
2023-04-06 10:23:49,38,39,2884,6977
2023-04-06 10:24:00,36,39,2884,6977
2023-04-06 10:25:54,39,40,2889,6982
2023-04-06 10:27:21,40,41,2895,6990
2023-04-06 10:27:21,40,41,2931,7240
2023-04-06 10:28:20,39,41,4418,8731
2023-04-06 10:28:43,37,41,4418,8731
2023-04-06 10:29:43,38,41,4418,8731
2023-04-06 10:30:38,39,41,4418,8731
2023-04-06 10:31:07,39,41,4582,8931
2023-04-06 10:31:07,39,40,4582,8931
2023-04-06 10:31:07,38,40,4632,8981
2023-04-06 10:31:07,38,41,4632,8981
2023-04-06 10:31:16,38,43,4632,8981
2023-04-06 10:31:36,38,42,4632,8981
2023-04-06 10:31:50,38,43,4632,8981
2023-04-06 10:32:15,38,42,4632,8981
2023-04-06 10:33:38,39,42,4632,8981
2023-04-06 10:34:44,39,43,4632,8981
2023-04-06 10:34:44,39,42,4632,8981
2023-04-06 10:36:19,39,43,4632,8981
2023-04-06 10:37:13,39,42,4632,8981
2023-04-06 10:37:13,39,43,4632,8981
2023-04-06 10:37:13,39,42,4632,8981
2023-04-06 10:37:48,38,42,4632,8981
2023-04-06 10:37:50,39,42,4632,8981
2023-04-06 10:37:58,39,42,4832,9181
2023-04-06 10:37:58,38,42,4882,9231
2023-04-06 10:37:58,38,41,4882,9231
2023-04-06 10:37:58,38,42,4882,9231
2023-04-06 10:40:12,38,41,4882,9231
2023-04-06 10:41:50,38,40,4882,9231
2023-04-06 10:42:27,37,40,4882,9231
2023-04-06 10:42:27,36,40,4882,9231
2023-04-06 10:43:04,36,39,4882,9231
2023-04-06 10:43:40,36,38,4882,9231
2023-04-06 10:43:47,35,38,4882,9231
2023-04-06 10:43:54,35,38,4882,9297
2023-04-06 10:44:40,35,38,4882,9355
2023-04-06 10:45:08,36,38,4882,9355
2023-04-06 10:45:11,36,39,4882,9355
2023-04-06 10:46:07,38,39,4882,9355
2023-04-06 10:46:30,38,40,4882,9355
2023-04-06 10:46:31,38,41,4882,9355
2023-04-06 10:47:26,38,42,4882,9355
2023-04-06 10:47:32,39,42,4882,9355
2023-04-06 10:49:36,40,42,4882,9355
2023-04-06 10:49:57,40,41,4882,9355
2023-04-06 10:51:12,39,41,4999,9522
2023-04-06 10:51:38,38,41,4999,9522
2023-04-06 10:51:39,41,42,5001,9774
2023-04-06 10:53:26,39,42,5001,9774
2023-04-06 10:53:31,40,42,5001,9774
2023-04-06 10:57:08,41,42,5001,9774
2023-04-06 10:57:24,41,43,5001,9774
2023-04-06 10:58:16,41,42,5001,9774
2023-04-06 10:58:24,40,42,6749,11526
2023-04-06 10:58:49,40,42,6750,11527
2023-04-06 10:58:59,40,43,6750,11527
2023-04-06 10:59:04,40,44,6750,11527
2023-04-06 10:59:04,40,43,6750,11527
2023-04-06 10:59:08,40,44,6750,11527
2023-04-06 10:59:38,40,43,6750,11527
2023-04-06 10:59:38,40,42,6750,11527
2023-04-06 10:59:41,39,42,6750,11527
2023-04-06 11:00:09,41,42,6750,11527
2023-04-06 11:00:10,39,42,6750,11527
2023-04-06 11:00:35,39,44,6750,11527
2023-04-06 11:00:39,40,44,6750,11527
2023-04-06 11:01:23,41,44,6750,11527
2023-04-06 11:01:56,42,44,6750,11527
2023-04-06 11:02:03,44,45,6752,11529
2023-04-06 11:02:12,44,46,6752,11529
2023-04-06 11:02:14,45,46,6752,11529
2023-04-06 11:02:26,42,46,6752,11529
2023-04-06 11:02:42,43,46,6752,11529
2023-04-06 11:04:53,45,46,6752,11529
2023-04-06 11:05:07,45,46,6756,11533
2023-04-06 11:05:07,45,46,6956,11733
2023-04-06 11:05:08,45,46,7150,11927
2023-04-06 11:05:17,43,46,7150,11927
2023-04-06 11:05:18,45,46,7150,11927
2023-04-06 11:05:19,45,46,7168,11945
2023-04-06 11:05:19,45,46,7186,11963
2023-04-06 11:05:19,45,46,7204,11981
2023-04-06 11:05:19,45,46,7310,12087
2023-04-06 11:05:31,45,46,7319,12096
2023-04-06 11:06:03,44,46,7319,12096
2023-04-06 11:06:04,44,47,7319,12096
2023-04-06 11:06:40,44,48,7319,12096
2023-04-06 11:07:12,45,48,7319,12096
2023-04-06 11:07:12,45,46,7319,12096
2023-04-06 11:07:48,45,46,7317,12098
2023-04-06 11:07:55,45,46,7420,12201
2023-04-06 11:07:55,44,46,7477,12258
2023-04-06 11:08:00,44,46,7567,12348
2023-04-06 11:08:00,44,45,7628,12409
2023-04-06 11:08:00,44,46,7628,12409
2023-04-06 11:08:01,46,48,7630,12411
2023-04-06 11:08:01,46,47,7630,12411
2023-04-06 11:08:02,46,47,7679,12460
2023-04-06 11:08:13,44,47,7679,12460
2023-04-06 11:08:13,44,48,7679,12460
2023-04-06 11:08:13,46,48,7679,12460
2023-04-06 11:08:13,46,47,7679,12460
2023-04-06 11:08:40,46,47,7675,12464
2023-04-06 11:09:04,45,47,7675,12464
2023-04-06 11:09:04,44,47,7675,12464
2023-04-06 11:09:04,44,45,7675,12464
2023-04-06 11:09:17,44,47,7675,12464
2023-04-06 11:09:17,43,44,7671,12567
2023-04-06 11:09:30,43,46,7671,12567
2023-04-06 11:09:30,44,46,7671,12567
2023-04-06 11:09:30,44,45,7671,12567
2023-04-06 11:09:31,44,45,7674,12570
2023-04-06 11:09:43,43,45,7674,12570
2023-04-06 11:09:43,43,46,7674,12570
2023-04-06 11:09:44,43,44,7674,12570
2023-04-06 11:09:54,43,46,7674,12570
2023-04-06 11:09:54,44,46,7674,12570
2023-04-06 11:09:54,44,45,7674,12570
2023-04-06 11:10:09,43,45,7674,12570
2023-04-06 11:10:09,43,46,7674,12570
2023-04-06 11:10:09,43,44,7674,12570
2023-04-06 11:10:22,43,46,7674,12570
2023-04-06 11:10:23,44,46,7674,12570
2023-04-06 11:10:23,44,45,7674,12570
2023-04-06 11:10:35,45,46,7687,13372
2023-04-06 11:12:26,46,47,7678,13624
2023-04-06 11:13:05,46,47,7674,13628
2023-04-06 11:13:29,45,47,7674,13628
2023-04-06 11:13:30,45,46,7674,13628
2023-04-06 11:13:55,46,47,7676,13630
2023-04-06 11:14:21,47,48,7678,13632
2023-04-06 11:14:45,46,48,7678,13632
2023-04-06 11:14:45,46,47,7678,13632
2023-04-06 11:14:59,46,47,7674,13636
2023-04-06 11:15:11,45,47,7674,13636
2023-04-06 11:15:11,46,47,7674,13636
2023-04-06 11:15:24,45,47,7674,13636
2023-04-06 11:15:25,46,47,7674,13636
2023-04-06 11:15:37,45,47,7674,13636
2023-04-06 11:15:37,46,47,7674,13636
2023-04-06 11:16:01,47,48,7676,13638
2023-04-06 11:16:14,47,48,7674,13640
2023-04-06 11:16:27,46,48,7674,13640
2023-04-06 11:16:28,46,47,7674,13640
2023-04-06 11:16:37,46,47,7674,13664
2023-04-06 11:16:41,46,48,7674,13664
2023-04-06 11:16:41,47,48,7674,13664
2023-04-06 11:16:42,47,48,7676,13666
2023-04-06 11:17:19,46,48,7676,13666
2023-04-06 11:17:19,47,48,7676,13666
2023-04-06 11:17:32,46,47,7672,13670
2023-04-06 11:17:44,46,48,7672,13670
2023-04-06 11:17:44,47,48,7672,13670
2023-04-06 11:17:57,46,48,7672,13670
2023-04-06 11:17:57,45,46,7671,13672
2023-04-06 11:18:23,47,48,7672,13674
2023-04-06 11:18:35,47,48,7671,13676
2023-04-06 11:19:01,45,48,7671,13676
2023-04-06 11:19:01,46,48,7671,13676
2023-04-06 11:19:01,46,47,7671,13676
2023-04-06 11:19:12,45,47,7671,13676
2023-04-06 11:19:12,46,47,7671,13676
2023-04-06 11:19:27,46,48,7671,13676
2023-04-06 11:19:27,46,47,7671,13676
2023-04-06 11:19:27,47,48,7674,13680
2023-04-06 11:19:51,46,48,7674,13680
2023-04-06 11:19:51,46,47,7674,13680
2023-04-06 11:20:15,45,47,7672,13760
2023-04-06 11:20:28,45,46,7672,13760
2023-04-06 11:21:19,45,46,7672,13840
2023-04-06 11:21:43,45,46,8019,14240
2023-04-06 11:22:08,45,47,8019,14240
2023-04-06 11:22:08,45,47,8099,14320
2023-04-06 11:22:22,45,47,8179,14400
2023-04-06 11:22:34,45,47,8259,14480
2023-04-06 11:22:46,45,46,8259,14480
2023-04-06 11:22:59,45,47,8259,14480
2023-04-06 11:22:59,45,46,8259,14480
2023-04-06 11:23:08,45,46,8424,14645
2023-04-06 11:23:39,46,47,8424,14647
2023-04-06 11:24:02,45,47,8424,14647
2023-04-06 11:24:02,45,47,8584,14807
2023-04-06 11:24:02,44,47,8660,14886
2023-04-06 11:24:02,44,46,8660,14886
2023-04-06 11:24:11,44,46,8685,14911
2023-04-06 11:24:15,44,47,8685,14911
2023-04-06 11:24:15,46,47,8685,14911
2023-04-06 11:24:29,46,47,8687,14959
2023-04-06 11:24:29,46,47,8687,14977
2023-04-06 11:24:43,44,47,8687,14977
2023-04-06 11:24:43,46,47,8687,14977
2023-04-06 11:25:06,45,47,8689,14979
2023-04-06 11:25:14,45,46,8689,14979
2023-04-06 11:25:31,45,46,8682,14989
2023-04-06 11:25:45,45,47,8682,14989
2023-04-06 11:25:45,46,47,8682,14989
2023-04-06 11:25:47,45,47,8682,15069
2023-04-06 11:25:47,45,46,8682,15069
2023-04-06 11:25:56,47,48,8682,15133
2023-04-06 11:25:56,45,48,8682,15229
2023-04-06 11:25:56,45,47,8682,15229
2023-04-06 11:26:09,46,47,8682,15229
2023-04-06 11:26:27,46,48,8620,15389
2023-04-06 11:27:21,45,46,8620,15396
2023-04-06 11:27:43,45,47,8620,15396
2023-04-06 11:27:43,46,47,8620,15396
2023-04-06 11:27:57,46,47,8623,15399
2023-04-06 11:28:23,45,47,8623,15399
2023-04-06 11:28:23,46,47,8623,15399
2023-04-06 11:28:36,45,46,8625,15401
2023-04-06 11:28:47,45,47,8625,15401
2023-04-06 11:28:47,45,47,8705,15481
2023-04-06 11:29:00,45,46,8705,15481
2023-04-06 11:29:13,44,46,8705,15481
2023-04-06 11:29:13,44,47,8705,15481
2023-04-06 11:29:13,46,47,8705,15481
2023-04-06 11:29:18,46,47,8594,15674
2023-04-06 11:29:22,45,47,8594,15674
2023-04-06 11:29:22,45,49,8594,15674
2023-04-06 11:29:24,46,49,8594,15674
2023-04-06 11:29:26,46,47,8594,15674
2023-04-06 11:30:26,47,49,8592,15684
2023-04-06 11:30:39,46,49,8592,15684
2023-04-06 11:30:39,46,47,8592,15684
2023-04-06 11:30:50,46,49,8592,15684
2023-04-06 11:30:50,47,49,8592,15684
2023-04-06 11:30:50,47,48,8592,15684
2023-04-06 11:30:52,47,48,8592,15686
2023-04-06 11:31:03,46,48,8592,15686
2023-04-06 11:31:03,46,49,8592,15686
2023-04-06 11:31:03,46,47,8592,15686
2023-04-06 11:31:14,46,49,8592,15686
2023-04-06 11:31:14,48,49,8592,15686
2023-04-06 11:31:28,46,49,8592,15686
2023-04-06 11:31:28,47,49,8592,15686
2023-04-06 11:31:28,47,48,8592,15686
2023-04-06 11:31:39,47,48,8592,15766
2023-04-06 11:31:54,47,48,8592,15768
2023-04-06 11:32:05,47,49,8592,15768
2023-04-06 11:32:06,48,49,8592,15768
2023-04-06 11:32:06,48,49,8592,15805
2023-04-06 11:32:06,48,49,8592,15817
2023-04-06 11:32:06,48,49,8600,15854
2023-04-06 11:32:32,47,48,8633,15895
2023-04-06 11:32:43,47,49,8633,15895
2023-04-06 11:32:43,46,47,8625,15907
2023-04-06 11:32:51,46,49,8625,15907
2023-04-06 11:33:05,45,49,8625,15907
2023-04-06 11:34:47,45,48,8625,15907
2023-04-06 11:34:48,45,49,8625,15907
2023-04-06 11:35:02,45,48,8625,15907
2023-04-06 11:35:02,45,49,8625,15907
2023-04-06 11:35:07,46,49,8625,15907
2023-04-06 11:35:15,46,48,8625,15907
2023-04-06 11:35:15,46,49,8625,15907
2023-04-06 11:36:29,46,48,8625,15907
2023-04-06 11:36:38,46,47,8625,15907
2023-04-06 11:36:53,46,48,8625,15907
2023-04-06 11:36:53,45,46,8625,15909
2023-04-06 11:37:15,45,46,8687,15971
2023-04-06 11:37:15,44,46,8687,15971
2023-04-06 11:37:15,44,47,8687,15971
2023-04-06 11:37:16,46,47,8687,15971
2023-04-06 11:37:16,44,47,8807,16091
2023-04-06 11:37:27,46,47,8807,16091
2023-04-06 11:37:27,46,47,8853,16137
2023-04-06 11:37:27,44,46,8867,16151
2023-04-06 11:37:40,45,46,8867,16151
2023-04-06 11:38:06,44,46,8867,16151
2023-04-06 11:38:06,44,45,8867,16151
2023-04-06 11:38:07,44,45,8867,16153
2023-04-06 11:38:17,44,46,8867,16153
2023-04-06 11:38:18,43,44,8867,16155
2023-04-06 11:38:30,42,44,8867,16155
2023-04-06 11:38:31,43,44,8867,16155
2023-04-06 11:38:44,45,46,8867,16159
2023-04-06 11:38:53,43,46,8867,16159
2023-04-06 11:38:53,45,46,8867,16159
2023-04-06 11:39:10,43,46,8867,16159
2023-04-06 11:39:10,43,44,8867,16159
2023-04-06 11:39:18,43,46,8867,16159
2023-04-06 11:39:18,43,44,8867,16159
2023-04-06 11:39:42,42,43,8867,16161
2023-04-06 11:39:53,42,44,8867,16161
2023-04-06 11:40:08,42,43,8867,16161
2023-04-06 11:40:17,42,44,8867,16161
2023-04-06 11:40:18,42,43,8867,16161
2023-04-06 11:40:33,42,44,8867,16161
2023-04-06 11:40:33,42,43,8867,16161
2023-04-06 11:40:53,41,43,8829,16201
2023-04-06 11:40:58,41,43,8789,16241
2023-04-06 11:41:09,40,43,8789,16241
2023-04-06 11:41:09,40,43,8840,16481
2023-04-06 11:41:17,40,43,8920,16561
2023-04-06 11:41:17,40,41,8920,16561
2023-04-06 11:41:32,39,40,8922,16563
2023-04-06 11:41:58,38,40,8922,16563
2023-04-06 11:41:58,38,41,8922,16563
2023-04-06 11:41:59,39,41,8922,16563
2023-04-06 11:41:59,39,40,8922,16563
2023-04-06 11:42:08,39,40,8924,16565
2023-04-06 11:42:24,38,40,8924,16565
2023-04-06 11:42:24,38,39,8924,16565
2023-04-06 11:42:41,38,39,8920,16569
2023-04-06 11:42:49,38,39,8920,16599
2023-04-06 11:42:59,38,40,8920,16599
2023-04-06 11:42:59,39,40,8920,16599
2023-04-06 11:43:23,39,40,8922,16601
2023-04-06 11:43:56,38,40,8922,16601
2023-04-06 11:43:57,38,39,8922,16601
2023-04-06 11:44:11,38,40,8922,16601
2023-04-06 11:44:11,39,40,8922,16601
2023-04-06 11:44:37,38,40,8922,16601
2023-04-06 11:44:38,38,39,8922,16601
2023-04-06 11:45:11,38,40,8668,16935
2023-04-06 11:45:20,38,39,8668,16935
2023-04-06 11:45:36,38,39,8668,16965
2023-04-06 11:45:38,38,40,8668,17085
2023-04-06 11:45:40,38,39,8668,17085
2023-04-06 11:45:46,39,40,8666,17087
2023-04-06 11:45:53,38,40,8666,17087
2023-04-06 11:45:53,39,40,8666,17087
2023-04-06 11:46:44,38,39,8668,17089
2023-04-06 11:47:01,38,39,8668,17119
2023-04-06 11:47:14,38,39,8670,17149
2023-04-06 11:47:26,37,39,8670,17149
2023-04-06 11:47:26,35,39,8670,17149
2023-04-06 11:47:26,37,39,8670,17149
2023-04-06 11:47:28,35,39,8630,17189
2023-04-06 11:47:29,34,38,8630,17189
2023-04-06 11:47:30,34,37,8630,17189
2023-04-06 11:47:31,34,39,8630,17189
2023-04-06 11:47:31,34,38,8630,17189
2023-04-06 11:47:36,34,35,8630,17189
2023-04-06 11:47:43,35,37,8630,17429
2023-04-06 11:47:43,35,36,8630,17429
2023-04-06 11:47:52,34,36,8630,17429
2023-04-06 11:47:52,34,35,8630,17429
2023-04-06 11:47:59,34,37,8630,17429
2023-04-06 11:47:59,34,35,8630,17429
2023-04-06 11:48:17,33,34,8632,17431
2023-04-06 11:48:17,34,35,8632,17589
2023-04-06 11:48:18,34,36,8632,17589
2023-04-06 11:48:23,33,36,8632,17589
2023-04-06 11:48:28,34,36,8632,17589
2023-04-06 11:48:28,34,35,8632,17589
2023-04-06 11:48:35,33,35,8632,17589
2023-04-06 11:48:35,33,36,8632,17589
2023-04-06 11:48:35,34,36,8632,17589
2023-04-06 11:48:35,34,35,8632,17589
2023-04-06 11:48:36,34,36,8632,17589
2023-04-06 11:49:08,34,35,8632,17589
2023-04-06 11:49:09,35,36,8628,17593
2023-04-06 11:49:16,34,36,8628,17593
2023-04-06 11:49:44,34,35,8628,17593
2023-04-06 11:49:45,35,36,8626,17595
2023-04-06 11:50:17,35,38,8624,17627
2023-04-06 11:50:18,35,37,8624,17627
2023-04-06 11:50:19,36,37,8624,17627
2023-04-06 11:50:20,36,40,8624,17627
2023-04-06 11:50:20,36,39,8624,17627
2023-04-06 11:50:26,36,38,8624,17627
2023-04-06 11:50:27,36,37,8624,17627
2023-04-06 11:50:32,36,38,8624,17627
2023-04-06 11:50:32,36,37,8624,17627
2023-04-06 11:51:07,35,37,8624,17627
2023-04-06 11:51:08,35,36,8624,17627
2023-04-06 11:51:35,36,38,8622,17659
2023-04-06 11:51:35,36,37,8622,17659
2023-04-06 11:51:39,35,37,8622,17659
2023-04-06 11:51:45,35,36,8622,17659
2023-04-06 11:52:22,36,37,8620,17931
2023-04-06 11:52:30,35,37,8620,17931
2023-04-06 11:52:30,36,37,8620,17931
2023-04-06 11:52:40,37,38,8618,17963
2023-04-06 11:52:41,37,38,8618,17993
2023-04-06 11:52:42,36,37,8618,18011
2023-04-06 11:52:48,37,38,8618,18025
2023-04-06 11:53:09,36,38,8618,18025
2023-04-06 11:53:09,37,38,8618,18025
2023-04-06 11:53:20,36,38,8618,18025
2023-04-06 11:53:20,37,38,8618,18025
2023-04-06 11:53:34,37,40,8618,18025
2023-04-06 11:53:34,37,39,8618,18025
2023-04-06 11:53:39,37,38,8618,18025
2023-04-06 11:54:01,37,39,8618,18025
2023-04-06 11:54:01,37,38,8618,18025
2023-04-06 11:54:11,37,39,8618,18025
2023-04-06 11:54:11,37,38,8618,18025
2023-04-06 11:54:20,37,38,8620,18029
2023-04-06 11:55:13,36,38,8620,18029
2023-04-06 11:55:14,37,38,8620,18029
2023-04-06 11:55:56,37,38,8622,18031
2023-04-06 11:56:06,36,38,8622,18031
2023-04-06 11:56:06,36,37,8622,18031
2023-04-06 11:56:17,36,37,8624,18033
2023-04-06 11:56:27,35,37,8624,18033
2023-04-06 11:56:27,35,38,8624,18033
2023-04-06 11:56:28,36,38,8624,18033
2023-04-06 11:56:38,36,38,8626,18035
2023-04-06 11:56:47,35,38,8626,18035
2023-04-06 11:56:47,36,38,8626,18035
2023-04-06 11:56:47,36,37,8626,18035
2023-04-06 11:56:58,35,37,8626,18035
2023-04-06 11:56:58,36,37,8626,18035
2023-04-06 11:57:02,37,38,8626,18195
2023-04-06 11:57:02,37,38,8626,18235
2023-04-06 11:57:09,36,38,8626,18235
2023-04-06 11:57:09,37,38,8626,18235
2023-04-06 11:57:41,37,38,8628,18237
2023-04-06 11:58:03,36,38,8628,18237
2023-04-06 11:58:03,36,37,8628,18237
2023-04-06 11:58:12,35,37,8628,18237
2023-04-06 11:58:13,36,37,8628,18237
2023-04-06 11:58:24,35,37,8628,18237
2023-04-06 11:58:24,36,37,8628,18237
2023-04-06 11:59:27,37,38,8618,18250
2023-04-06 11:59:27,36,38,8618,18277
2023-04-06 11:59:35,36,37,8618,18277
2023-04-06 11:59:37,36,37,8618,18302
2023-04-06 11:59:47,35,37,8618,18302
2023-04-06 11:59:47,36,37,8618,18302
2023-04-06 11:59:57,35,37,8618,18302
2023-04-06 11:59:57,36,37,8618,18302
2023-04-06 12:00:04,35,37,8592,18422
2023-04-06 12:00:09,34,35,8593,18424
2023-04-06 12:00:20,32,35,8593,18424
2023-04-06 12:00:20,32,37,8593,18424
2023-04-06 12:00:20,33,37,8593,18424
2023-04-06 12:00:20,33,36,8593,18424
2023-04-06 12:00:20,33,34,8593,18424
2023-04-06 12:00:34,33,34,8595,18506
2023-04-06 12:00:40,33,34,8595,18553
2023-04-06 12:00:43,31,34,8595,18553
2023-04-06 12:00:43,33,34,8595,18553
2023-04-06 12:00:52,31,34,8595,18633
2023-04-06 12:00:53,33,34,8595,18633
2023-04-06 12:00:53,33,34,8595,18639
2023-04-06 12:00:53,33,34,8595,18645
2023-04-06 12:00:54,31,34,8595,18673
2023-04-06 12:00:54,31,34,8595,18771
2023-04-06 12:00:54,31,34,8595,18799
2023-04-06 12:00:54,31,33,8595,18799
2023-04-06 12:00:54,31,34,8595,18799
2023-04-06 12:01:01,30,34,8595,18799
2023-04-06 12:01:02,30,33,8595,18799
2023-04-06 12:01:02,30,31,8595,18799
2023-04-06 12:01:03,31,33,8595,18959
2023-04-06 12:01:05,31,32,8595,18959
2023-04-06 12:01:05,30,31,8666,19099
2023-04-06 12:01:06,31,33,8694,19127
2023-04-06 12:01:06,31,33,8741,19174
2023-04-06 12:01:06,31,33,8784,19217
2023-04-06 12:01:06,31,32,8784,19217
2023-04-06 12:01:06,31,33,8784,19217
2023-04-06 12:01:11,30,33,8784,19217
2023-04-06 12:01:11,29,33,8784,19217
2023-04-06 12:01:11,30,33,8784,19217
2023-04-06 12:01:11,30,31,8784,19217
2023-04-06 12:01:14,31,33,8864,19297
2023-04-06 12:01:22,30,33,8864,19297
2023-04-06 12:01:23,30,31,8864,19297
2023-04-06 12:01:43,30,31,8866,19299
2023-04-06 12:02:04,30,31,8597,19599
2023-04-06 12:02:04,30,31,8597,19816
2023-04-06 12:02:04,27,31,8597,19816
2023-04-06 12:02:04,28,31,8597,19816
2023-04-06 12:02:04,28,30,8597,19816
2023-04-06 12:02:15,27,30,8597,19816
2023-04-06 12:02:15,27,31,8597,19816
2023-04-06 12:02:15,28,31,8597,19816
2023-04-06 12:02:15,28,29,8597,19816
2023-04-06 12:02:18,29,31,8766,20016
2023-04-06 12:02:23,28,31,8766,20016
2023-04-06 12:02:25,28,30,8766,20016
2023-04-06 12:02:25,28,30,8766,20134
2023-04-06 12:02:27,27,30,8766,20134
2023-04-06 12:02:27,27,28,8766,20134
2023-04-06 12:02:28,28,30,8886,20254
2023-04-06 12:02:29,28,29,8886,20254
2023-04-06 12:02:37,27,28,8888,20256
2023-04-06 12:02:59,27,29,8888,20256
2023-04-06 12:02:59,28,29,8888,20256
2023-04-06 12:03:07,28,29,8890,20258
2023-04-06 12:03:17,26,29,8890,20258
2023-04-06 12:03:17,27,29,8890,20258
2023-04-06 12:03:18,27,28,8890,20258
2023-04-06 12:03:29,27,29,8890,20258
2023-04-06 12:03:29,28,29,8890,20258
2023-04-06 12:03:30,27,29,8890,20338
2023-04-06 12:03:30,27,28,8890,20338
2023-04-06 12:03:34,26,28,8890,20338
2023-04-06 12:03:34,27,28,8890,20338
2023-04-06 12:03:38,27,28,8890,20378
2023-04-06 12:03:49,27,28,8890,20418
2023-04-06 12:04:20,27,28,8884,20655
2023-04-06 12:04:20,28,29,9055,20826
2023-04-06 12:04:23,27,28,9184,20955
2023-04-06 12:04:24,28,29,9255,21026
2023-04-06 12:04:29,27,29,9255,21026
2023-04-06 12:04:31,28,29,9255,21026
2023-04-06 12:05:45,28,29,9255,21066
2023-04-06 12:06:08,27,28,8975,21348
2023-04-06 12:06:12,27,29,8975,21348
2023-04-06 12:06:14,27,30,8975,21348
2023-04-06 12:06:15,28,30,8975,21348
2023-04-06 12:06:15,28,29,8975,21348
2023-04-06 12:06:17,27,28,8735,21588
2023-04-06 12:06:21,27,29,8735,21588
2023-04-06 12:06:25,28,29,8735,21588
2023-04-06 12:06:37,27,29,8735,21588
2023-04-06 12:06:37,27,30,8735,21588
2023-04-06 12:06:37,28,30,8735,21588
2023-04-06 12:06:37,28,29,8735,21588
2023-04-06 12:07:05,29,30,8735,21592
2023-04-06 12:07:08,30,31,8734,21594
2023-04-06 12:07:09,28,30,8622,21712
2023-04-06 12:07:14,28,31,8622,21712
2023-04-06 12:07:19,30,31,8622,21712
2023-04-06 12:07:19,28,30,8678,21792
2023-04-06 12:07:24,28,31,8678,21792
2023-04-06 12:07:28,30,31,8678,21792
2023-04-06 12:07:48,30,32,8718,21832
2023-04-06 12:07:59,30,34,8718,21832
2023-04-06 12:07:59,32,34,8718,21832
2023-04-06 12:07:59,32,33,8718,21832
2023-04-06 12:08:10,32,34,8718,21832
2023-04-06 12:08:10,33,34,8718,21832
2023-04-06 12:08:18,31,33,8758,21872
2023-04-06 12:08:19,32,33,8758,21872
2023-04-06 12:08:37,30,32,9038,22154
2023-04-06 12:08:38,31,32,9038,22154
2023-04-06 12:09:14,31,33,9038,22154
2023-04-06 12:09:14,32,33,9038,22154
2023-04-06 12:09:24,31,32,9008,22184
2023-04-06 12:09:45,32,33,9010,22186
2023-04-06 12:09:55,31,33,9010,22186
2023-04-06 12:09:55,31,32,9010,22186
2023-04-06 12:10:15,31,33,9010,22186
2023-04-06 12:10:15,32,33,9010,22186
2023-04-06 12:11:19,33,34,9012,22188
2023-04-06 12:11:29,33,34,8980,22220
2023-04-06 12:12:11,32,33,8950,22250
2023-04-06 12:12:42,31,32,8947,22254
2023-04-06 12:12:54,31,33,8947,22254
2023-04-06 12:12:54,31,32,8947,22254
2023-04-06 12:13:14,32,33,8950,22258
2023-04-06 12:13:14,32,33,8961,22269
2023-04-06 12:13:45,32,33,8928,22304
2023-04-06 12:13:56,31,33,8928,22304
2023-04-06 12:13:56,31,32,8928,22304
2023-04-06 12:14:06,32,33,8931,22309
2023-04-06 12:14:15,31,33,8966,22344
2023-04-06 12:14:15,32,33,8966,22344
2023-04-06 12:14:19,31,32,9046,22424
2023-04-06 12:14:26,31,33,9046,22424
2023-04-06 12:14:26,31,32,9046,22424
2023-04-06 12:15:07,32,33,9048,22426
2023-04-06 12:15:27,32,34,9048,22426
2023-04-06 12:15:28,32,33,9048,22426
2023-04-06 12:15:40,32,34,9048,22426
2023-04-06 12:15:40,32,33,9048,22426
2023-04-06 12:16:02,32,33,9024,22450
2023-04-06 12:16:26,32,33,9319,22750
2023-04-06 12:16:27,31,33,9386,22817
2023-04-06 12:16:30,31,32,9386,22817
2023-04-06 12:16:33,31,32,9576,23007
2023-04-06 12:16:34,31,32,9876,23307
2023-04-06 12:16:35,31,32,10176,23607
2023-04-06 12:16:42,28,32,10176,23607
2023-04-06 12:16:43,29,32,10176,23607
2023-04-06 12:16:43,29,30,10176,23607
2023-04-06 12:16:51,29,32,10176,23607
2023-04-06 12:16:51,29,31,10176,23607
2023-04-06 12:16:51,28,31,9976,23807
2023-04-06 12:16:51,28,30,9976,23807
2023-04-06 12:16:52,29,30,9976,23807
2023-04-06 12:17:01,28,30,9896,23887
2023-04-06 12:17:02,29,30,9896,23887
2023-04-06 12:17:04,28,30,9896,23887
2023-04-06 12:17:04,29,30,9896,23887
2023-04-06 12:17:08,28,30,9896,23887
2023-04-06 12:17:08,29,30,9896,23887
2023-04-06 12:17:11,28,29,9866,23917
2023-04-06 12:17:11,29,30,9616,24167
2023-04-06 12:17:11,28,30,9616,24217
2023-04-06 12:17:11,29,30,9616,24217
2023-04-06 12:17:12,28,30,9616,24247
2023-04-06 12:17:13,29,30,9616,24247
2023-04-06 12:17:13,28,30,9616,24277
2023-04-06 12:17:14,29,30,9616,24277
2023-04-06 12:17:20,28,30,9616,24277
2023-04-06 12:17:20,29,30,9616,24277
2023-04-06 12:17:21,28,30,9600,24317
2023-04-06 12:17:22,29,30,9600,24317
2023-04-06 12:17:31,28,30,9580,24369
2023-04-06 12:17:32,29,30,9580,24369
2023-04-06 12:17:42,27,30,9580,24369
2023-04-06 12:17:43,30,31,9580,24371
2023-04-06 12:18:23,30,31,9740,24531
2023-04-06 12:18:30,31,32,9656,24615
2023-04-06 12:19:04,31,32,9663,24622
2023-04-06 12:19:06,32,33,9543,24742
2023-04-06 12:19:16,32,35,9543,24742
2023-04-06 12:19:16,33,35,9543,24742
2023-04-06 12:19:17,33,35,9545,24744
2023-04-06 12:19:27,33,34,9545,24744
2023-04-06 12:19:38,33,36,9545,24744
2023-04-06 12:19:38,34,36,9545,24744
2023-04-06 12:19:39,34,35,9545,24744
2023-04-06 12:20:07,34,36,9545,24744
2023-04-06 12:20:07,34,35,9545,24744
2023-04-06 12:20:19,35,36,9547,24746
2023-04-06 12:20:29,34,35,9547,24776
2023-04-06 12:20:41,34,36,9547,24776
2023-04-06 12:20:41,35,36,9547,24776
2023-04-06 12:20:49,34,35,9543,24780
2023-04-06 12:20:59,34,36,9543,24780
2023-04-06 12:20:59,35,36,9543,24780
2023-04-06 12:21:15,35,37,9543,24780
2023-04-06 12:21:15,35,36,9543,24780
2023-04-06 12:21:16,34,36,9613,24852
2023-04-06 12:21:16,35,36,9613,24852
2023-04-06 12:21:16,34,36,9643,24882
2023-04-06 12:21:17,34,35,9643,24882
2023-04-06 12:21:20,35,37,9673,24912
2023-04-06 12:21:20,35,36,9673,24912
2023-04-06 12:21:30,35,37,9673,24912
2023-04-06 12:21:30,35,36,9673,24912
2023-04-06 12:21:39,35,37,9673,24912
2023-04-06 12:21:39,35,36,9673,24912
2023-04-06 12:22:00,35,37,9673,24912
2023-04-06 12:22:01,35,36,9673,24912
2023-04-06 12:22:12,35,36,9671,24914
2023-04-06 12:22:20,34,35,9871,25114
2023-04-06 12:22:23,34,35,9869,25116
2023-04-06 12:22:25,34,36,9869,25116
2023-04-06 12:22:43,33,34,9868,25118
2023-04-06 12:22:53,33,36,9868,25118
2023-04-06 12:22:53,33,34,9868,25118
2023-04-06 12:23:13,33,34,9868,25150
2023-04-06 12:23:35,32,34,9868,25150
2023-04-06 12:23:35,32,33,9868,25150
2023-04-06 12:24:07,32,33,9868,25152
2023-04-06 12:24:17,31,33,9988,25272
2023-04-06 12:24:43,31,32,9988,25272
2023-04-06 12:24:47,31,32,9988,25274
2023-04-06 12:24:53,31,33,9988,25274
2023-04-06 12:24:53,31,32,9988,25274
2023-04-06 12:24:58,31,33,9988,25274
2023-04-06 12:24:58,30,33,9988,25274
2023-04-06 12:24:59,31,33,9988,25274
2023-04-06 12:25:10,31,32,9988,25274
2023-04-06 12:25:19,31,32,9988,25280
2023-04-06 12:25:29,31,33,9988,25280
2023-04-06 12:25:29,31,32,9988,25280
2023-04-06 12:25:29,31,33,9988,25280
2023-04-06 12:25:29,31,32,9988,25280
2023-04-06 12:26:01,32,33,9989,25282
2023-04-06 12:26:02,32,33,10071,25364
2023-04-06 12:26:11,32,33,10111,25404
2023-04-06 12:26:22,32,33,10151,25444
2023-04-06 12:26:31,32,33,10196,25489
2023-04-06 12:26:41,32,33,10195,25492
2023-04-06 12:27:05,31,33,10195,25492
2023-04-06 12:27:05,31,32,10195,25492
2023-04-06 12:27:13,31,32,10195,25494
2023-04-06 12:28:05,30,32,10195,25494
2023-04-06 12:28:06,31,32,10195,25494
2023-04-06 12:28:47,31,32,10195,25496
2023-04-06 12:29:09,29,32,10195,25496
2023-04-06 12:29:09,30,32,10195,25496
2023-04-06 12:29:09,30,31,10195,25496
2023-04-06 12:29:20,29,31,10195,25496
2023-04-06 12:29:20,29,32,10195,25496
2023-04-06 12:29:20,30,32,10195,25496
2023-04-06 12:29:20,30,31,10195,25496
2023-04-06 12:29:42,31,32,10195,25502
2023-04-06 12:30:13,30,32,10195,25502
2023-04-06 12:30:13,30,31,10195,25502
2023-04-06 12:30:21,30,31,10238,25545
2023-04-06 12:30:33,28,31,10357,25664
2023-04-06 12:30:44,28,29,10357,25664
2023-04-06 12:31:06,27,29,10357,25664
2023-04-06 12:31:06,28,29,10357,25664
2023-04-06 12:31:10,28,29,10357,25694
2023-04-06 12:31:16,26,29,10357,25694
2023-04-06 12:31:16,27,29,10357,25694
2023-04-06 12:31:47,27,29,10357,25696
2023-04-06 12:32:05,27,29,10357,25726
2023-04-06 12:32:07,27,28,10357,25726
2023-04-06 12:32:07,27,28,10357,25756
2023-04-06 12:32:09,26,27,10357,25776
2023-04-06 12:32:10,26,27,10357,25806
2023-04-06 12:32:12,26,27,10357,25836
2023-04-06 12:32:13,26,27,10357,25866
2023-04-06 12:32:14,26,27,10383,25896
2023-04-06 12:32:15,26,27,10413,25926
2023-04-06 12:32:16,26,27,10443,25956
2023-04-06 12:32:17,26,27,10761,26274
2023-04-06 12:32:18,26,27,10791,26304
2023-04-06 12:32:19,23,27,10791,26304
2023-04-06 12:32:19,24,27,10791,26304
2023-04-06 12:32:19,24,25,10791,26304
2023-04-06 12:32:28,23,25,10753,26344
2023-04-06 12:32:42,23,25,10673,26424
2023-04-06 12:32:42,24,25,10673,26424
2023-04-06 12:32:44,24,25,10673,26454
2023-04-06 12:32:45,24,25,10673,26484
2023-04-06 12:32:47,24,25,10673,26514
2023-04-06 12:32:48,24,25,10673,26544
2023-04-06 12:32:49,24,25,10553,26664
2023-04-06 12:32:49,23,24,10553,26674
2023-04-06 12:33:11,23,24,10553,26676
2023-04-06 12:33:21,22,24,10553,26676
2023-04-06 12:33:21,22,23,10553,26676
2023-04-06 12:33:22,23,24,10393,26836
2023-04-06 12:33:27,21,24,10393,26836
2023-04-06 12:33:27,23,24,10393,26836
2023-04-06 12:33:31,24,25,10389,26890
2023-04-06 12:33:31,24,25,10389,27065
2023-04-06 12:33:43,23,25,10389,27065
2023-04-06 12:33:44,23,24,10389,27065
2023-04-06 12:33:45,24,25,10387,27067
2023-04-06 12:33:48,23,25,10387,27067
2023-04-06 12:34:20,24,25,10387,27067
2023-04-06 12:34:21,25,26,10385,27069
2023-04-06 12:34:28,24,26,10385,27069
2023-04-06 12:34:48,25,26,10385,27069
2023-04-06 12:35:02,26,27,10385,27319
2023-04-06 12:35:02,26,27,10385,27325
2023-04-06 12:35:02,25,27,10385,27369
2023-04-06 12:35:36,26,27,10385,27369
2023-04-06 12:35:42,26,27,10265,27489
2023-04-06 12:35:53,26,27,10225,27529
2023-04-06 12:36:14,26,27,10145,27609
2023-04-06 12:36:14,25,27,10145,27649
2023-04-06 12:36:25,25,26,10145,27649
2023-04-06 12:36:34,24,25,10145,27652
2023-04-06 12:36:42,23,25,10145,27652
2023-04-06 12:36:45,23,26,10145,27652
2023-04-06 12:36:45,23,25,10145,27652
2023-04-06 12:37:06,23,26,10145,27652
2023-04-06 12:37:06,23,25,10145,27652
2023-04-06 12:37:15,23,26,10145,27652
2023-04-06 12:37:15,23,25,10145,27652
2023-04-06 12:37:54,24,25,10145,27652
2023-04-06 12:37:56,25,26,10142,27658
2023-04-06 12:37:58,25,27,10142,27658
2023-04-06 12:37:58,25,26,10142,27658
2023-04-06 12:38:32,26,27,10142,27664
2023-04-06 12:38:41,25,27,10142,27664
2023-04-06 12:38:47,26,27,10142,27664
2023-04-06 12:38:48,27,28,10022,27797
2023-04-06 12:38:48,27,28,10022,27799
2023-04-06 12:38:48,27,28,10022,27803
2023-04-06 12:38:49,27,28,10022,27885
2023-04-06 12:38:51,27,29,10022,27885
2023-04-06 12:38:52,27,28,10022,27885
2023-04-06 12:38:54,26,28,10022,27885
2023-04-06 12:39:18,27,28,10022,27885
2023-04-06 12:39:23,27,29,10022,27885
2023-04-06 12:39:23,27,30,10022,27885
2023-04-06 12:39:23,27,28,10022,27885
2023-04-06 12:39:23,27,30,10022,27885
2023-04-06 12:39:23,27,29,10022,27885
2023-04-06 12:39:24,27,30,10022,27885
2023-04-06 12:39:24,27,29,10022,27885
2023-04-06 12:40:28,27,30,10022,27885
2023-04-06 12:40:54,27,29,10022,27885
2023-04-06 12:41:26,27,30,10022,27885
2023-04-06 12:41:26,27,29,10022,27885
2023-04-06 12:41:26,27,30,10022,27885
2023-04-06 12:41:26,27,29,10022,27885
2023-04-06 12:41:32,26,29,10022,27885
2023-04-06 12:42:16,27,29,10022,27885
2023-04-06 12:42:54,27,28,10022,27885
2023-04-06 12:43:03,26,28,10022,27885
2023-04-06 12:43:25,26,27,10022,27885
2023-04-06 12:43:35,26,28,10022,27885
2023-04-06 12:43:38,25,28,10022,27896
2023-04-06 12:43:39,25,27,10022,27896
2023-04-06 12:43:40,24,27,10022,27896
2023-04-06 12:44:05,24,26,10022,27896
2023-04-06 12:44:38,25,26,10022,27896
2023-04-06 12:45:01,24,26,10022,27896
2023-04-06 12:45:03,24,27,10022,27896
2023-04-06 12:45:04,25,27,10022,27896
2023-04-06 12:45:38,24,27,10022,27896
2023-04-06 12:45:40,24,26,10022,27896
2023-04-06 12:46:00,24,27,10022,27896
2023-04-06 12:46:01,24,26,10022,27896
2023-04-06 12:46:07,23,26,10035,27910
2023-04-06 12:46:11,23,26,10035,27950
2023-04-06 12:46:32,24,26,10035,27950
2023-04-06 12:46:32,24,26,10035,27976
2023-04-06 12:46:33,23,26,10035,27976
2023-04-06 12:46:33,24,26,10035,27976
2023-04-06 12:46:46,23,26,10035,27976
2023-04-06 12:46:46,24,26,10035,27976
2023-04-06 12:47:07,24,27,10035,27976
2023-04-06 12:47:24,26,27,10035,27976
2023-04-06 12:47:24,26,27,10035,28061
2023-04-06 12:48:31,26,28,10035,28061
2023-04-06 12:48:33,27,28,10035,28061
2023-04-06 12:49:22,27,29,10035,28061
2023-04-06 12:50:17,27,28,10035,28061
2023-04-06 12:50:46,26,27,10047,28073
2023-04-06 12:51:08,25,27,10047,28073
2023-04-06 12:51:09,25,26,10047,28073
2023-04-06 12:51:35,26,28,10032,28088
2023-04-06 12:51:43,27,28,10032,28088
2023-04-06 12:52:14,28,29,9992,28144
2023-04-06 12:52:40,27,29,9992,28144
2023-04-06 12:53:11,27,28,9992,28144
2023-04-06 12:53:33,26,28,9992,28144
2023-04-06 12:53:34,25,28,9992,28144
2023-04-06 12:53:37,26,28,9992,28144
2023-04-06 12:54:06,27,28,9992,28144
2023-04-06 12:54:07,27,30,9992,28144
2023-04-06 12:54:40,29,30,9992,28144
2023-04-06 12:54:44,29,31,9992,28144
2023-04-06 12:54:45,29,30,9992,28144
2023-04-06 12:54:46,29,31,9992,28144
2023-04-06 12:54:46,29,32,9992,28144
2023-04-06 12:54:46,29,31,9992,28144
2023-04-06 12:55:14,29,32,9992,28146
2023-04-06 12:55:26,32,33,9961,28226
2023-04-06 12:55:31,30,33,9961,28226
2023-04-06 12:55:31,31,33,9961,28226
2023-04-06 12:55:32,32,33,9961,28226
2023-04-06 12:55:44,32,33,9961,28346
2023-04-06 12:55:44,32,33,9961,28466
2023-04-06 12:55:45,33,34,9963,28548
2023-04-06 12:55:45,33,34,9973,28558
2023-04-06 12:55:47,33,35,9973,28558
2023-04-06 12:55:47,33,36,9973,28558
2023-04-06 12:55:47,33,35,9973,28558
2023-04-06 12:55:55,32,35,9973,28558
2023-04-06 12:56:12,33,35,9973,28558
2023-04-06 12:57:02,33,35,9973,28608
2023-04-06 12:57:02,33,35,9973,28646
2023-04-06 12:57:02,33,35,9973,28684
2023-04-06 12:57:17,33,34,9973,28684
2023-04-06 12:57:19,33,35,9973,28684
2023-04-06 12:57:45,34,35,9973,28684
2023-04-06 12:58:01,34,37,9973,28684
2023-04-06 12:58:30,35,37,9973,28684
2023-04-06 12:58:43,34,37,9973,28684
2023-04-06 12:58:54,34,38,9973,28684
2023-04-06 12:58:55,34,37,9973,28684
2023-04-06 13:00:27,36,37,9973,28684
2023-04-06 13:00:41,36,38,9973,28684
2023-04-06 13:00:49,36,37,9973,28684
2023-04-06 13:00:55,36,37,10100,28831
2023-04-06 13:00:55,36,37,10138,28869
2023-04-06 13:00:56,36,38,10245,28978
2023-04-06 13:01:00,34,38,10245,28978
2023-04-06 13:01:20,35,38,10245,28978
2023-04-06 13:01:28,35,37,10245,28978
2023-04-06 13:01:29,37,38,10269,29002
2023-04-06 13:01:29,37,38,10287,29020
2023-04-06 13:01:29,37,38,10311,29044
2023-04-06 13:01:29,37,38,10510,29243
2023-04-06 13:01:30,37,38,10512,29245
2023-04-06 13:01:30,37,38,10542,29275
2023-04-06 13:01:34,36,38,10542,29275
2023-04-06 13:02:05,36,40,10542,29275
2023-04-06 13:02:05,36,39,10542,29275
2023-04-06 13:02:41,35,39,10542,29275
2023-04-06 13:02:44,35,37,10542,29275
2023-04-06 13:02:49,35,36,10542,29275
2023-04-06 13:02:50,35,37,10542,29275
2023-04-06 13:03:07,34,37,10540,29277
2023-04-06 13:03:13,34,36,10540,29277
2023-04-06 13:03:15,32,36,10540,29277
2023-04-06 13:03:26,32,34,10540,29277
2023-04-06 13:04:30,32,37,10540,29277
2023-04-06 13:04:30,32,36,10540,29277
2023-04-06 13:04:31,33,36,10540,29277
2023-04-06 13:04:43,33,37,10540,29277
2023-04-06 13:04:56,33,35,10540,29277
2023-04-06 13:05:05,33,34,10540,29277
2023-04-06 13:05:25,30,34,10540,29277
2023-04-06 13:06:03,30,33,10540,29277
2023-04-06 13:06:23,31,33,10540,29277
2023-04-06 13:06:30,31,32,10540,29277
2023-04-06 13:06:45,30,32,10538,29279
2023-04-06 13:06:52,28,32,10536,29281
2023-04-06 13:06:56,27,32,10536,29281
2023-04-06 13:06:57,27,31,10536,29281
2023-04-06 13:07:34,28,31,10536,29281
2023-04-06 13:07:35,29,31,10536,29281
2023-04-06 13:07:52,28,31,10536,29281
2023-04-06 13:07:52,29,31,10536,29281
2023-04-06 13:07:57,28,31,10536,29281
2023-04-06 13:08:37,27,31,10536,29281
2023-04-06 13:08:43,27,29,10536,29281
2023-04-06 13:09:11,27,28,10536,29281
2023-04-06 13:09:31,25,28,10536,29281
2023-04-06 13:09:31,26,28,10536,29281
2023-04-06 13:10:00,28,29,10538,29283
2023-04-06 13:10:06,26,29,10538,29283
2023-04-06 13:10:36,26,28,10538,29283
2023-04-06 13:11:10,26,29,10538,29283
2023-04-06 13:11:46,27,29,10538,29283
2023-04-06 13:11:54,26,29,10538,29283
2023-04-06 13:12:55,26,30,10538,29283
2023-04-06 13:12:56,26,29,10538,29283
2023-04-06 13:13:20,26,30,10538,29283
2023-04-06 13:13:43,28,30,10538,29283
2023-04-06 13:13:54,26,30,10538,29283
2023-04-06 13:14:04,27,30,10538,29283
2023-04-06 13:14:06,26,30,10538,29283
2023-04-06 13:14:11,28,30,10538,29283
2023-04-06 13:14:19,26,30,10538,29283
2023-04-06 13:14:21,26,31,10538,29283
2023-04-06 13:14:41,27,31,10538,29283
2023-04-06 13:15:16,27,30,10538,29283
2023-04-06 13:15:52,27,28,10538,29283
2023-04-06 13:15:56,26,28,10524,29299
2023-04-06 13:16:02,25,28,10524,29315
2023-04-06 13:16:06,25,27,10524,29315
2023-04-06 13:16:16,22,27,10524,29329
2023-04-06 13:16:17,21,27,10524,29329
2023-04-06 13:16:17,21,28,10524,29329
2023-04-06 13:16:17,22,28,10524,29329
2023-04-06 13:16:17,22,27,10524,29329
2023-04-06 13:16:23,22,25,10524,29329
2023-04-06 13:16:57,22,24,10524,29329
2023-04-06 13:17:09,22,25,10524,29329
2023-04-06 13:18:01,22,28,10524,29329
2023-04-06 13:18:01,22,27,10524,29329
2023-04-06 13:18:05,24,27,10524,29329
2023-04-06 13:18:09,23,27,10524,29329
2023-04-06 13:18:10,22,27,10524,29329
2023-04-06 13:18:41,22,26,10524,29329
2023-04-06 13:18:41,22,25,10524,29329
2023-04-06 13:19:07,22,24,10524,29329
2023-04-06 13:19:12,22,25,10524,29329
2023-04-06 13:19:12,23,25,10524,29329
2023-04-06 13:19:19,23,25,10524,29329
2023-04-06 13:19:26,23,24,10524,29329
2023-04-06 13:19:28,24,26,10524,29331
2023-04-06 13:19:28,24,25,10524,29331
2023-04-06 13:19:28,24,25,10724,29531
2023-04-06 13:19:28,24,25,10778,29585
2023-04-06 13:19:28,24,26,10778,29585
2023-04-06 13:19:39,23,27,10748,29617
2023-04-06 13:19:39,23,26,10748,29617
2023-04-06 13:19:44,25,26,10748,29617
2023-04-06 13:19:59,23,26,10748,29617
2023-04-06 13:20:02,25,26,10748,29617
2023-04-06 13:20:40,23,26,10748,29617
2023-04-06 13:21:22,23,25,10748,29617
2023-04-06 13:21:23,22,25,10748,29617
2023-04-06 13:22:15,21,25,10934,29805
2023-04-06 13:22:16,21,24,10934,29805
2023-04-06 13:22:25,21,23,10934,29805
2023-04-06 13:22:31,21,22,10934,29805
2023-04-06 13:22:32,19,22,10936,29808
2023-04-06 13:22:48,20,22,10936,29808
2023-04-06 13:26:02,20,23,10936,29808
2023-04-06 13:26:02,20,22,10936,29808
2023-04-06 13:27:04,20,21,10936,29808
2023-04-06 13:27:04,21,22,10936,29812
2023-04-06 13:27:09,20,22,10936,29812
2023-04-06 13:27:50,20,23,10936,29812
2023-04-06 13:27:51,20,22,10936,29812
2023-04-06 13:28:39,20,22,10933,29832
2023-04-06 13:28:51,20,23,10965,29866
2023-04-06 13:28:51,20,22,10965,29866
2023-04-06 13:28:51,20,23,10965,29866
2023-04-06 13:28:56,21,23,10965,29866
2023-04-06 13:28:59,21,24,10965,29871
2023-04-06 13:29:05,21,25,10965,29871
2023-04-06 13:29:05,22,25,10965,29871
2023-04-06 13:29:12,22,26,10965,29871
2023-04-06 13:29:12,23,26,10965,29871
2023-04-06 13:29:14,22,26,10965,29871
2023-04-06 13:29:16,20,26,10965,29871
2023-04-06 13:29:16,21,26,10965,29871
2023-04-06 13:29:22,21,25,10965,29871
2023-04-06 13:29:26,20,25,10965,29871
2023-04-06 13:29:26,21,25,10965,29871
2023-04-06 13:29:35,22,25,10965,29871
2023-04-06 13:30:14,22,24,10965,29871
2023-04-06 13:30:14,22,23,10965,29871
2023-04-06 13:31:18,20,23,10959,29879
2023-04-06 13:31:21,19,23,10959,29879
2023-04-06 13:31:30,19,21,10959,29879
2023-04-06 13:31:53,17,21,10956,29890
2023-04-06 13:32:01,17,19,10956,29890
2023-04-06 13:32:21,16,19,10956,29890
2023-04-06 13:32:23,16,21,10956,29890
2023-04-06 13:32:25,17,21,10956,29890
2023-04-06 13:32:26,17,19,10956,29890
2023-04-06 13:32:26,18,19,10956,29890
2023-04-06 13:32:30,19,21,10956,29900
2023-04-06 13:32:35,18,21,10956,29900
2023-04-06 13:32:53,18,22,10956,29900
2023-04-06 13:32:57,17,22,10956,29900
2023-04-06 13:32:57,18,22,10956,29900
2023-04-06 13:33:07,19,22,10956,29900
2023-04-06 13:33:18,20,22,10956,29900
2023-04-06 13:33:22,20,23,10956,29903
2023-04-06 13:33:49,21,23,10956,29903
2023-04-06 13:33:49,21,24,10956,29905
2023-04-06 13:33:50,21,23,10956,29905
2023-04-06 13:33:50,24,25,10990,29939
2023-04-06 13:33:50,24,25,11024,29973
2023-04-06 13:33:51,21,25,11058,30205
2023-04-06 13:33:51,22,25,11058,30205
2023-04-06 13:33:58,23,25,11058,30205
2023-04-06 13:34:00,23,28,11058,30205
2023-04-06 13:34:00,23,27,11058,30205
2023-04-06 13:34:21,24,27,11058,30205
2023-04-06 13:34:41,24,28,11058,30205
2023-04-06 13:35:04,24,26,11058,30205
2023-04-06 13:35:19,23,26,11058,30205
2023-04-06 13:35:20,22,26,11058,30205
2023-04-06 13:35:33,22,25,11058,30205
2023-04-06 13:35:51,22,26,11058,30235
2023-04-06 13:35:51,22,25,11058,30235
2023-04-06 13:35:52,22,26,11058,30235
2023-04-06 13:35:52,22,25,11058,30235
2023-04-06 13:35:56,22,26,11058,30265
2023-04-06 13:35:56,22,25,11058,30265
2023-04-06 13:35:56,22,26,11058,30265
2023-04-06 13:35:56,22,25,11058,30265
2023-04-06 13:36:00,22,26,11058,30265
2023-04-06 13:36:13,22,25,11058,30265
2023-04-06 13:36:21,21,25,11058,30265
2023-04-06 13:36:24,21,26,11058,30265
2023-04-06 13:36:24,21,25,11058,30265
2023-04-06 13:36:28,21,24,11058,30265
2023-04-06 13:36:53,21,23,11058,30265
2023-04-06 13:37:02,19,23,11053,30272
2023-04-06 13:37:02,19,22,11053,30272
2023-04-06 13:37:23,18,22,11053,30272
2023-04-06 13:37:32,18,20,11053,30272
2023-04-06 13:37:44,17,20,11099,30323
2023-04-06 13:37:55,15,20,11099,30323
2023-04-06 13:37:55,15,18,11099,30323
2023-04-06 13:37:59,15,20,11099,30323
2023-04-06 13:38:04,16,20,11099,30323
2023-04-06 13:38:05,16,19,11099,30323
2023-04-06 13:38:17,15,19,11051,30573
2023-04-06 13:38:49,16,19,11051,30573
2023-04-06 13:39:00,15,19,11051,30573
2023-04-06 13:39:21,16,19,11051,30573
2023-04-06 13:39:31,15,19,11051,30573
2023-04-06 13:39:31,16,19,11051,30573
2023-04-06 13:40:25,16,18,11051,30573
2023-04-06 13:40:35,16,19,11051,30573
2023-04-06 13:40:56,16,17,11051,30573
2023-04-06 13:41:04,16,19,11051,30573
2023-04-06 13:41:04,16,18,11051,30573
2023-04-06 13:41:06,16,19,11051,30573
2023-04-06 13:41:22,15,19,11051,30573
2023-04-06 13:41:24,16,19,11051,30573
2023-04-06 13:41:46,17,19,11051,30573
2023-04-06 13:41:56,16,19,11051,30573
2023-04-06 13:42:00,18,19,11051,30573
2023-04-06 13:42:07,18,21,11051,30573
2023-04-06 13:42:36,18,22,10979,30648
2023-04-06 13:42:47,19,22,10979,30648
2023-04-06 13:43:18,20,22,10979,30648
2023-04-06 13:44:03,20,21,10979,30648
2023-04-06 13:44:09,18,21,10976,30653
2023-04-06 13:44:28,16,21,10976,30653
2023-04-06 13:44:32,16,19,10976,30653
2023-04-06 13:44:34,17,19,10976,30653
2023-04-06 13:44:53,16,19,10976,30653
2023-04-06 13:45:10,17,19,10976,30653
2023-04-06 13:45:41,17,20,10976,30653
2023-04-06 13:45:52,17,19,10976,30653
2023-04-06 13:46:05,17,20,10976,30653
2023-04-06 13:46:13,17,19,10976,30653
2023-04-06 13:46:48,17,19,10976,30658
2023-04-06 13:47:11,17,19,10988,30670
2023-04-06 13:47:17,18,19,10988,30670
2023-04-06 13:47:22,18,21,10988,30670
2023-04-06 13:47:22,18,20,10988,30670
2023-04-06 13:47:28,18,21,10988,30670
2023-04-06 13:47:49,19,21,10988,30670
2023-04-06 13:47:58,18,21,10988,30670
2023-04-06 13:48:00,19,21,10988,30670
2023-04-06 13:48:17,18,21,10988,30672
2023-04-06 13:48:26,16,21,11098,30782
2023-04-06 13:48:27,16,20,11098,30782
2023-04-06 13:48:27,16,18,11098,30782
2023-04-06 13:49:27,16,19,11098,30782
2023-04-06 13:49:30,17,19,11098,30782
2023-04-06 13:49:52,16,19,11098,30782
2023-04-06 13:50:01,16,18,11098,30782
2023-04-06 13:51:13,16,17,11098,30782
2023-04-06 13:51:59,15,17,11061,30821
2023-04-06 13:51:59,16,17,11061,30821
2023-04-06 13:52:12,16,17,11061,30851
2023-04-06 13:52:21,15,17,11031,30883
2023-04-06 13:52:22,16,17,11031,30883
2023-04-06 13:52:56,15,17,11001,30915
2023-04-06 13:52:56,16,17,11001,30915
2023-04-06 13:52:58,15,17,11001,30945
2023-04-06 13:52:58,15,16,11001,30945
2023-04-06 13:53:04,15,16,11144,31212
2023-04-06 13:53:05,13,16,11144,31212
2023-04-06 13:53:05,14,16,11144,31212
2023-04-06 13:53:08,14,17,11144,31212
2023-04-06 13:53:08,14,16,11144,31212
2023-04-06 13:53:19,14,17,11144,31212
2023-04-06 13:53:19,14,16,11144,31212
2023-04-06 13:53:19,14,15,11144,31212
2023-04-06 13:53:20,14,15,11114,31242
2023-04-06 13:53:20,13,15,11114,31272
2023-04-06 13:53:21,14,15,11114,31272
2023-04-06 13:53:21,14,15,11084,31302
2023-04-06 13:53:22,15,17,11081,31305
2023-04-06 13:53:22,15,16,11081,31305
2023-04-06 13:53:27,14,17,11088,31332
2023-04-06 13:53:27,14,16,11088,31332
2023-04-06 13:53:27,13,16,11118,31362
2023-04-06 13:53:27,13,15,11118,31362
2023-04-06 13:53:28,14,15,11118,31362
2023-04-06 13:53:28,13,15,11148,31392
2023-04-06 13:53:29,14,15,11148,31392
2023-04-06 13:53:29,13,15,11178,31422
2023-04-06 13:53:30,14,15,11178,31422
2023-04-06 13:53:30,13,15,11208,31452
2023-04-06 13:53:30,13,15,11238,31482
2023-04-06 13:53:31,14,15,11238,31482
2023-04-06 13:53:31,13,15,11268,31512
2023-04-06 13:53:32,14,15,11268,31512
2023-04-06 13:53:32,14,15,11298,31542
2023-04-06 13:53:33,13,15,11328,31572
2023-04-06 13:53:38,13,17,11518,31972
2023-04-06 13:53:38,13,16,11518,31972
2023-04-06 13:53:41,13,15,11518,31972
2023-04-06 13:54:17,14,15,11518,31972
2023-04-06 13:54:31,14,17,11516,31974
2023-04-06 13:54:31,14,16,11516,31974
2023-04-06 13:54:54,15,16,11516,31974
2023-04-06 13:55:09,15,17,11516,31974
2023-04-06 13:55:27,16,17,11516,31974
2023-04-06 13:56:09,16,18,11516,31974
2023-04-06 13:56:42,16,17,11516,31974
2023-04-06 13:57:48,16,18,11516,31974
2023-04-06 13:57:48,16,18,11496,31994
2023-04-06 13:57:58,15,18,11496,31994
2023-04-06 13:57:58,15,17,11496,31994
2023-04-06 13:58:08,15,18,11496,31994
2023-04-06 13:58:18,15,17,11496,31994
2023-04-06 13:58:29,15,18,11496,31994
2023-04-06 13:58:29,15,17,11496,31994
2023-04-06 13:58:40,14,15,11496,31996
2023-04-06 13:58:50,14,17,11496,31996
2023-04-06 13:58:50,14,15,11496,31996
2023-04-06 13:59:00,14,17,11496,31996
2023-04-06 13:59:01,14,15,11496,31996
2023-04-06 13:59:11,14,16,11496,31996
2023-04-06 13:59:11,14,15,11496,31996
2023-04-06 13:59:18,13,15,11496,31996
2023-04-06 14:00:11,13,14,11496,31996
2023-04-06 14:00:20,13,14,11496,32035
2023-04-06 14:00:41,13,14,11496,32054
2023-04-06 14:00:42,12,13,11496,32248
2023-04-06 14:01:02,12,14,11496,32248
2023-04-06 14:01:02,12,13,11496,32248
2023-04-06 14:01:46,12,14,11473,32271
2023-04-06 14:01:52,12,13,11473,32271
2023-04-06 14:01:53,12,14,11454,32290
2023-04-06 14:02:02,12,13,11454,32290
2023-04-06 14:02:12,12,14,11454,32290
2023-04-06 14:02:12,12,13,11454,32290
2023-04-06 14:02:12,12,13,11356,32388
2023-04-06 14:02:14,11,12,11356,32390
2023-04-06 14:02:22,11,13,11356,32390
2023-04-06 14:02:24,11,12,11356,32390
2023-04-06 14:02:43,11,12,11358,32392
2023-04-06 14:02:52,11,13,11358,32392
2023-04-06 14:02:53,11,12,11358,32392
2023-04-06 14:03:03,11,13,11358,32392
2023-04-06 14:03:13,11,12,11358,32392
2023-04-06 14:03:14,11,12,11362,32396
2023-04-06 14:03:49,11,13,11358,32400
2023-04-06 14:03:57,11,14,11277,32481
2023-04-06 14:04:05,12,14,11277,32481
2023-04-06 14:04:05,12,16,11275,32483
2023-04-06 14:04:16,11,16,11275,32483
2023-04-06 14:04:16,11,18,11275,32483
2023-04-06 14:04:16,11,15,11275,32483
2023-04-06 14:04:25,11,14,11275,32483
2023-04-06 14:04:31,11,15,11273,32485
2023-04-06 14:04:37,13,17,11273,32485
2023-04-06 14:04:37,13,16,11273,32485
2023-04-06 14:04:46,13,15,11273,32485
2023-04-06 14:05:07,13,16,11273,32485
2023-04-06 14:05:28,13,15,11273,32485
2023-04-06 14:05:37,13,15,11273,32487
2023-04-06 14:05:38,13,16,11273,32487
2023-04-06 14:05:38,13,15,11273,32487
2023-04-06 14:05:50,13,15,11273,32566
2023-04-06 14:05:50,13,14,11273,32566
2023-04-06 14:05:58,13,14,11243,32596
2023-04-06 14:05:59,13,14,11213,32626
2023-04-06 14:05:59,13,14,11213,32721
2023-04-06 14:06:00,11,13,11199,32737
2023-04-06 14:06:01,11,12,11199,32737
2023-04-06 14:06:39,11,12,11199,32787
2023-04-06 14:06:45,11,12,11199,32837
2023-04-06 14:06:47,11,12,11199,32887
2023-04-06 14:06:50,11,12,11208,32917
2023-04-06 14:06:51,11,12,11238,32947
2023-04-06 14:06:52,11,12,11268,32977
2023-04-06 14:06:53,10,11,11274,32983
2023-04-06 14:07:13,10,11,11274,32985
2023-04-06 14:07:29,10,11,11306,33035
2023-04-06 14:07:37,9,11,11306,33035
2023-04-06 14:08:55,9,10,11306,33035
2023-04-06 14:09:01,8,10,11558,33287
2023-04-06 14:09:07,8,11,11558,33287
2023-04-06 14:09:07,8,10,11558,33287
2023-04-06 14:09:16,8,11,11558,33287
2023-04-06 14:09:16,8,10,11558,33287
2023-04-06 14:09:25,9,10,11558,33287
2023-04-06 14:09:44,9,10,11652,33381
2023-04-06 14:09:46,9,10,11688,33417
2023-04-06 14:09:57,9,10,11779,33508
2023-04-06 14:10:08,8,10,11808,33537
2023-04-06 14:11:56,9,10,11808,33537
2023-04-06 14:13:20,8,9,11808,33539
2023-04-06 14:13:25,8,10,11808,33539
2023-04-06 14:13:43,9,10,11808,33539
2023-04-06 14:13:43,9,10,11808,33839
2023-04-06 14:14:05,8,10,11808,33839
2023-04-06 14:14:37,7,8,11808,33941
2023-04-06 14:14:46,7,10,11808,33941
2023-04-06 14:14:47,7,9,11808,33941
2023-04-06 14:15:22,6,7,11808,34193
2023-04-06 14:15:27,6,9,11808,34193
2023-04-06 14:15:28,6,8,11808,34193
2023-04-06 14:15:48,5,6,11860,34445
2023-04-06 14:15:57,5,7,11860,34445
2023-04-06 14:15:58,5,6,11860,34445
2023-04-06 14:16:22,5,6,11863,34448
2023-04-06 14:17:03,5,7,11863,34448
2023-04-06 14:17:07,5,7,11873,34458
2023-04-06 14:17:55,6,7,11873,34458
2023-04-06 14:18:21,5,7,11873,34458
2023-04-06 14:18:30,5,8,11873,34458
2023-04-06 14:19:58,5,7,11873,34458
2023-04-06 14:20:09,5,8,11873,34458
2023-04-06 14:20:34,5,9,11873,34458
2023-04-06 14:20:38,7,9,11873,34458
2023-04-06 14:21:26,7,8,11873,34458
2023-04-06 14:22:34,7,9,11873,34458
2023-04-06 14:23:03,6,7,11875,34460
2023-04-06 14:23:08,6,8,11875,34460
2023-04-06 14:23:08,6,7,11875,34460
2023-04-06 14:23:43,6,9,11875,34460
2023-04-06 14:23:47,6,8,11875,34460
2023-04-06 14:24:17,6,9,11875,34460
2023-04-06 14:24:37,6,8,11875,34460
2023-04-06 14:24:55,6,7,11875,34460
2023-04-06 14:25:29,5,7,11875,34460
2023-04-06 14:25:30,5,8,11875,34460
2023-04-06 14:25:45,6,8,11875,34460
2023-04-06 14:26:35,5,8,11875,34460
2023-04-06 14:26:36,6,8,11875,34460
2023-04-06 14:26:50,6,7,11875,34460
2023-04-06 14:27:00,5,6,11877,34462
2023-04-06 14:27:11,5,7,11877,34462
2023-04-06 14:27:11,5,6,11877,34462
2023-04-06 14:27:49,5,7,11877,34462
2023-04-06 14:27:53,5,6,11877,34462
2023-04-06 14:27:53,5,6,11923,34508
2023-04-06 14:27:54,5,7,11923,34508
2023-04-06 14:27:56,5,7,12123,34708
2023-04-06 14:27:56,5,6,12123,34708
2023-04-06 14:27:56,5,7,12123,34708
2023-04-06 14:29:25,5,8,12123,34708
2023-04-06 14:29:53,5,7,12123,34708
2023-04-06 14:30:05,5,8,12123,34708
2023-04-06 14:30:35,5,7,12123,34708
2023-04-06 14:30:46,5,8,12123,34708
2023-04-06 14:30:46,5,7,12123,34708
2023-04-06 14:30:46,5,6,12123,34708
2023-04-06 14:30:46,5,6,12193,34778
2023-04-06 14:30:46,5,6,12263,34848
2023-04-06 14:30:46,5,6,12311,34896
2023-04-06 14:30:55,5,7,12311,34896
2023-04-06 14:31:21,4,7,12311,34896
2023-04-06 14:32:03,4,6,12311,34896
2023-04-06 14:32:03,4,6,12325,34910
2023-04-06 14:32:03,4,5,12325,34910
2023-04-06 14:32:03,4,6,12325,34910
2023-04-06 14:32:04,4,6,12339,34924
2023-04-06 14:32:08,4,6,12589,35174
2023-04-06 14:32:38,4,6,12775,35360
2023-04-06 14:33:11,4,5,12775,35360
2023-04-06 14:33:25,3,5,12775,35360
2023-04-06 14:33:37,4,5,12775,35360
2023-04-06 14:33:56,4,5,12846,35431
2023-04-06 14:34:01,4,5,12892,35477
2023-04-06 14:34:55,3,5,12892,35479
2023-04-06 14:35:44,3,4,12892,35479
2023-04-06 14:39:23,3,5,12892,35479
2023-04-06 14:39:57,4,5,12892,35479
2023-04-06 14:40:24,4,6,12892,35479
2023-04-06 14:41:56,4,5,12892,35479
2023-04-06 14:43:25,3,4,12892,35481
2023-04-06 14:45:23,3,4,12892,35511
2023-04-06 14:46:47,2,4,13244,35885
2023-04-06 14:48:15,2,4,13244,35910
2023-04-06 14:49:14,2,3,13244,35910
2023-04-06 14:49:42,3,4,13188,36164
2023-04-06 14:49:52,2,4,13188,36164
2023-04-06 14:50:22,2,5,13188,36164
2023-04-06 14:50:30,2,4,13188,36164
2023-04-06 14:51:34,3,4,13188,36164
2023-04-06 14:52:08,2,4,13188,36164
2023-04-06 14:54:23,3,4,13188,36164
2023-04-06 14:54:23,2,4,13155,36197
2023-04-06 14:56:31,2,5,13155,36451
2023-04-06 14:56:31,3,5,13155,36451
2023-04-06 14:56:59,4,5,13155,36451
2023-04-06 14:56:59,4,5,13176,36472
2023-04-06 14:57:05,4,6,13176,36480
2023-04-06 14:57:08,4,7,13176,36480
2023-04-06 14:57:41,6,7,13176,36480
2023-04-06 14:59:44,6,7,13426,36730
2023-04-06 15:00:32,6,7,13443,36747
2023-04-06 15:01:09,4,7,13443,36747
2023-04-06 15:01:15,4,6,13443,36747
2023-04-06 15:01:39,4,5,13443,36747
2023-04-06 15:02:31,3,5,13443,36747
2023-04-06 15:03:07,3,6,13443,36747
2023-04-06 15:03:07,3,5,13443,36747
2023-04-06 15:03:15,3,6,13488,36792
2023-04-06 15:03:15,3,5,13488,36792
2023-04-06 15:03:19,4,5,13488,36792
2023-04-06 15:03:19,4,6,13488,36792
2023-04-06 15:05:01,4,5,13488,36792
2023-04-06 15:05:20,4,6,13488,36792
2023-04-06 15:05:29,3,6,13488,36792
2023-04-06 15:05:31,3,5,13488,36792
2023-04-06 15:06:27,2,5,13488,36792
2023-04-06 15:06:47,2,4,13488,36792
2023-04-06 15:06:49,2,5,13488,36792
2023-04-06 15:06:59,2,4,13488,36792
2023-04-06 15:07:20,2,3,13488,36792
2023-04-06 15:08:08,2,4,13488,36792
2023-04-06 15:08:17,3,4,13488,36792
2023-04-06 15:08:23,2,4,13488,36792
2023-04-06 15:08:37,2,5,13488,36792
2023-04-06 15:09:15,3,5,13488,36792
2023-04-06 15:09:27,3,4,13488,36792
2023-04-06 15:09:29,3,5,13488,36792
2023-04-06 15:10:10,4,5,13488,36792
2023-04-06 15:10:41,4,6,13488,36792
2023-04-06 15:11:15,5,6,13488,36792
2023-04-06 15:11:17,5,6,13587,36891
2023-04-06 15:11:18,5,6,13686,36990
2023-04-06 15:11:36,5,7,13686,36990
2023-04-06 15:12:08,5,6,13686,36990
2023-04-06 15:12:14,5,7,13686,36990
2023-04-06 15:13:00,5,6,13686,36990
2023-04-06 15:13:35,5,7,13686,36990
2023-04-06 15:13:57,5,6,13686,36990
2023-04-06 15:14:51,5,6,13686,36992
2023-04-06 15:16:24,4,6,13686,36992
2023-04-06 15:17:36,4,7,13686,36992
2023-04-06 15:18:44,5,7,13686,36992
2023-04-06 15:18:55,6,7,13686,36992
2023-04-06 15:18:55,6,7,13686,37192
2023-04-06 15:18:55,6,7,13686,37269
2023-04-06 15:19:21,6,9,13686,37269
2023-04-06 15:19:25,7,9,13686,37269
2023-04-06 15:19:50,7,8,13686,37269
2023-04-06 15:20:01,7,9,13686,37269
2023-04-06 15:20:01,7,8,13686,37269
2023-04-06 15:20:34,7,9,13686,37269
2023-04-06 15:20:48,7,8,13686,37269
2023-04-06 15:20:56,7,8,13614,37341
2023-04-06 15:21:06,6,8,13614,37343
2023-04-06 15:21:18,7,8,13614,37343
2023-04-06 15:21:19,7,8,13814,37543
2023-04-06 15:21:19,6,8,13864,37593
2023-04-06 15:21:20,6,7,13864,37593
2023-04-06 15:21:21,4,7,13864,37595
2023-04-06 15:21:47,4,6,13864,37595
2023-04-06 15:21:47,4,5,13864,37595
2023-04-06 15:22:10,2,5,13864,37595
2023-04-06 15:22:42,3,5,13864,37595
2023-04-06 15:22:43,2,5,13864,37595
2023-04-06 15:22:44,3,5,13864,37595
2023-04-06 15:22:48,2,5,13864,37595
2023-04-06 15:23:41,2,4,13864,37595
2023-04-06 15:24:54,2,5,13864,37595
2023-04-06 15:25:13,2,3,13864,37595
2023-04-06 15:25:39,2,3,13822,37639
2023-04-06 15:26:18,1,3,13713,37748
2023-04-06 15:27:07,1,2,13713,37748
2023-04-06 15:40:33,1,2,13713,37778
2023-04-06 15:43:09,1,2,13760,37825
2023-04-06 15:43:36,1,2,13960,38025
2023-04-06 15:43:36,1,2,14212,38277
2023-04-06 15:43:36,1,2,14259,38324
2023-04-06 15:43:47,1,2,14463,38824
2023-04-06 15:44:17,0,2,14465,38904
2023-04-06 15:44:52,0,1,14465,38904
2023-04-06 15:54:24,1,2,14468,39162
2023-04-06 15:55:06,0,2,14468,39162
2023-04-06 15:55:07,1,2,14468,39162
2023-04-06 15:55:11,0,2,14468,39162
2023-04-06 15:56:12,0,1,14468,39162
