datetime,bid,ask,open_interest,volume
2023-12-28 09:30:01,20,26,5312,6957
2023-12-28 09:30:01,20,30,5312,6957
2023-12-28 09:31:00,20,29,5312,6957
2023-12-28 09:31:00,21,29,5312,6957
2023-12-28 09:31:00,23,27,5312,6957
2023-12-28 09:31:00,23,26,5312,6957
2023-12-28 09:31:05,23,27,5312,6957
2023-12-28 09:31:05,24,27,5312,6957
2023-12-28 09:31:06,23,27,5312,6957
2023-12-28 09:31:06,24,27,5312,6957
2023-12-28 09:31:09,24,27,5312,6957
2023-12-28 09:31:11,24,26,5312,6957
2023-12-28 09:31:13,24,27,5312,6957
2023-12-28 09:31:14,25,27,5312,6957
2023-12-28 09:31:18,25,28,5312,6957
2023-12-28 09:31:18,26,28,5312,6957
2023-12-28 09:31:22,26,29,5312,6957
2023-12-28 09:31:39,27,29,5312,6957
2023-12-28 09:31:45,26,29,5312,6957
2023-12-28 09:31:48,26,28,5312,6957
2023-12-28 09:31:50,25,28,5312,6957
2023-12-28 09:31:53,25,27,5312,6957
2023-12-28 09:32:01,25,28,5312,6957
2023-12-28 09:32:07,25,29,5312,6957
2023-12-28 09:32:07,26,29,5312,6957
2023-12-28 09:32:09,25,29,5312,6957
2023-12-28 09:32:09,25,28,5312,6957
2023-12-28 09:32:10,25,29,5312,6957
2023-12-28 09:32:10,26,29,5312,6957
2023-12-28 09:32:12,25,29,5312,6957
2023-12-28 09:32:12,25,28,5312,6957
2023-12-28 09:32:19,26,28,5312,6957
2023-12-28 09:32:20,25,28,5312,6957
2023-12-28 09:32:31,26,28,5312,6957
2023-12-28 09:32:32,26,29,5312,6957
2023-12-28 09:32:38,27,29,5312,6957
2023-12-28 09:32:39,26,29,5312,6957
2023-12-28 09:32:42,27,29,5312,6957
2023-12-28 09:32:43,26,29,5312,6957
2023-12-28 09:32:44,27,29,5312,6957
2023-12-28 09:32:45,26,29,5312,6957
2023-12-28 09:33:00,25,29,5312,6957
2023-12-28 09:33:02,26,28,5312,6957
2023-12-28 09:33:03,26,29,5312,6957
2023-12-28 09:33:11,26,28,5312,6957
2023-12-28 09:33:13,25,28,5312,6957
2023-12-28 09:33:15,25,27,5312,6957
2023-12-28 09:33:16,24,27,5312,6957
2023-12-28 09:33:20,25,27,5312,6957
2023-12-28 09:33:24,25,28,5312,6957
2023-12-28 09:33:28,25,27,5312,6957
2023-12-28 09:33:31,25,28,5712,7357
2023-12-28 09:33:33,26,28,5712,7357
2023-12-28 09:33:35,25,28,5712,7357
2023-12-28 09:33:36,26,28,5712,7357
2023-12-28 09:33:40,25,29,5712,7357
2023-12-28 09:33:40,25,28,5712,7357
2023-12-28 09:33:42,25,29,5712,7357
2023-12-28 09:33:42,26,29,5712,7357
2023-12-28 09:33:50,25,29,5712,7357
2023-12-28 09:33:50,25,28,5712,7357
2023-12-28 09:33:51,25,29,5712,7357
2023-12-28 09:33:51,26,29,5712,7357
2023-12-28 09:33:52,26,28,5712,7357
2023-12-28 09:33:53,26,29,5712,7357
2023-12-28 09:33:58,25,29,5712,7357
2023-12-28 09:33:58,25,28,5712,7357
2023-12-28 09:34:01,25,27,5712,7357
2023-12-28 09:34:03,24,27,5712,7357
2023-12-28 09:34:06,24,27,5732,7377
2023-12-28 09:34:07,25,27,5732,7377
2023-12-28 09:34:10,24,27,5732,7377
2023-12-28 09:34:34,24,26,5732,7377
2023-12-28 09:34:38,23,26,5732,7377
2023-12-28 09:34:51,24,26,5732,7377
2023-12-28 09:34:53,24,27,5732,7377
2023-12-28 09:34:57,25,27,5732,7377
2023-12-28 09:35:07,25,28,5732,7377
2023-12-28 09:35:13,24,28,5732,7377
2023-12-28 09:35:15,24,27,5732,7377
2023-12-28 09:35:16,24,28,5732,7377
2023-12-28 09:35:17,25,28,5732,7377
2023-12-28 09:35:29,26,28,5732,7377
2023-12-28 09:35:30,25,28,5732,7377
2023-12-28 09:35:34,26,28,5732,7377
2023-12-28 09:35:35,26,29,5732,7377
2023-12-28 09:35:46,25,29,5732,7377
2023-12-28 09:35:46,25,28,5732,7377
2023-12-28 09:35:46,25,28,5900,7545
2023-12-28 09:35:47,26,28,5900,7545
2023-12-28 09:35:48,25,28,5900,7545
2023-12-28 09:35:50,26,28,5900,7545
2023-12-28 09:35:51,26,29,5900,7545
2023-12-28 09:35:52,26,28,5900,7545
2023-12-28 09:35:55,25,28,5900,7545
2023-12-28 09:35:58,25,29,5900,7545
2023-12-28 09:35:58,26,29,5900,7545
2023-12-28 09:36:02,27,29,5900,7545
2023-12-28 09:36:09,26,29,5900,7545
2023-12-28 09:36:13,25,29,5900,7545
2023-12-28 09:36:13,25,28,5900,7545
2023-12-28 09:36:16,26,28,5900,7545
2023-12-28 09:36:17,26,29,5900,7545
2023-12-28 09:36:18,26,28,5900,7545
2023-12-28 09:36:19,26,29,5900,7545
2023-12-28 09:36:29,27,29,5900,7545
2023-12-28 09:36:31,26,29,5900,7545
2023-12-28 09:36:35,27,29,5900,7545
2023-12-28 09:36:36,26,29,5900,7545
2023-12-28 09:36:38,27,29,5900,7545
2023-12-28 09:36:39,26,29,5900,7545
2023-12-28 09:36:41,27,29,5900,7545
2023-12-28 09:36:43,26,29,5900,7545
2023-12-28 09:36:45,27,29,5900,7545
2023-12-28 09:36:50,26,29,5900,7545
2023-12-28 09:36:51,27,29,5900,7545
2023-12-28 09:36:54,26,29,5900,7545
2023-12-28 09:36:55,27,29,5900,7545
2023-12-28 09:36:57,26,29,5900,7545
2023-12-28 09:36:59,27,29,5900,7545
2023-12-28 09:37:03,26,29,5900,7545
2023-12-28 09:37:07,27,29,5900,7545
2023-12-28 09:37:08,26,29,5900,7545
2023-12-28 09:37:09,27,29,5900,7545
2023-12-28 09:37:12,26,29,5900,7545
2023-12-28 09:37:17,27,29,5900,7545
2023-12-28 09:37:19,26,29,5900,7545
2023-12-28 09:37:33,27,29,5900,7545
2023-12-28 09:37:36,26,29,5900,7545
2023-12-28 09:37:37,27,29,5900,7545
2023-12-28 09:37:45,26,29,5900,7545
2023-12-28 09:37:47,27,29,5900,7545
2023-12-28 09:37:57,27,30,5900,7545
2023-12-28 09:38:22,26,30,5900,7545
2023-12-28 09:38:22,26,29,5900,7545
2023-12-28 09:38:31,27,29,5900,7545
2023-12-28 09:38:33,26,29,5900,7545
2023-12-28 09:38:36,27,29,5900,7545
2023-12-28 09:38:39,26,29,5900,7545
2023-12-28 09:38:42,26,29,5903,7548
2023-12-28 09:38:42,27,29,5903,7548
2023-12-28 09:38:43,26,29,5903,7548
2023-12-28 09:38:45,27,29,5903,7548
2023-12-28 09:38:46,26,29,5903,7548
2023-12-28 09:38:48,27,29,5903,7548
2023-12-28 09:39:13,27,30,5903,7548
2023-12-28 09:39:14,28,30,5903,7548
2023-12-28 09:39:24,27,30,5903,7548
2023-12-28 09:39:32,28,30,5903,7548
2023-12-28 09:40:15,27,30,5903,7548
2023-12-28 09:40:17,28,30,5903,7548
2023-12-28 09:40:28,29,30,5903,7548
2023-12-28 09:40:29,29,31,5903,7548
2023-12-28 09:40:37,30,31,5903,7548
2023-12-28 09:40:38,29,31,5903,7548
2023-12-28 09:40:59,28,31,5903,7548
2023-12-28 09:41:04,28,30,5903,7548
2023-12-28 09:41:11,27,30,5903,7548
2023-12-28 09:41:16,28,30,5903,7548
2023-12-28 09:41:17,27,30,5903,7548
2023-12-28 09:41:21,28,30,5903,7548
2023-12-28 09:41:30,28,31,5903,7548
2023-12-28 09:41:31,28,30,5903,7548
2023-12-28 09:41:33,28,31,5903,7548
2023-12-28 09:41:37,28,30,5903,7548
2023-12-28 09:41:43,27,30,5903,7548
2023-12-28 09:41:45,27,29,5903,7548
2023-12-28 09:42:00,27,30,5903,7548
2023-12-28 09:42:01,28,30,5903,7548
2023-12-28 09:42:15,28,30,5913,7558
2023-12-28 09:42:29,27,30,5913,7558
2023-12-28 09:42:30,28,30,5913,7558
2023-12-28 09:42:34,27,30,5913,7558
2023-12-28 09:42:42,27,29,5913,7558
2023-12-28 09:42:57,26,29,5913,7558
2023-12-28 09:43:00,26,28,5913,7558
2023-12-28 09:43:02,26,29,5913,7558
2023-12-28 09:43:04,27,29,5913,7558
2023-12-28 09:43:06,26,29,5913,7558
2023-12-28 09:43:07,27,29,5913,7558
2023-12-28 09:43:48,26,29,5913,7558
2023-12-28 09:43:50,26,28,5913,7558
2023-12-28 09:43:53,25,28,5913,7558
2023-12-28 09:43:53,25,27,5913,7558
2023-12-28 09:44:29,25,26,5913,7558
2023-12-28 09:44:29,24,26,5913,7558
2023-12-28 09:44:35,23,26,5913,7558
2023-12-28 09:44:36,23,25,5913,7558
2023-12-28 09:44:42,22,25,5913,7558
2023-12-28 09:44:42,24,25,5913,7558
2023-12-28 09:44:42,22,25,5913,7571
2023-12-28 09:44:45,22,26,5913,7571
2023-12-28 09:44:48,22,25,5913,7571
2023-12-28 09:45:12,22,24,5913,7571
2023-12-28 09:45:34,22,25,5913,7571
2023-12-28 09:45:39,22,26,5913,7571
2023-12-28 09:45:39,23,26,5913,7571
2023-12-28 09:46:09,24,26,5913,7571
2023-12-28 09:46:12,24,27,5913,7571
2023-12-28 09:46:39,23,27,5913,7571
2023-12-28 09:46:41,24,27,5913,7571
2023-12-28 09:47:00,25,27,5913,7571
2023-12-28 09:47:02,24,27,5913,7571
2023-12-28 09:47:04,25,27,5913,7571
2023-12-28 09:47:04,25,28,5913,7571
2023-12-28 09:47:06,24,28,5913,7571
2023-12-28 09:47:07,25,28,5913,7571
2023-12-28 09:47:37,24,28,5913,7571
2023-12-28 09:47:37,24,27,5913,7571
2023-12-28 09:48:03,23,27,5913,7571
2023-12-28 09:48:03,23,26,5913,7571
2023-12-28 09:48:05,24,26,5913,7571
2023-12-28 09:48:05,24,27,5913,7571
2023-12-28 09:48:32,25,27,5913,7571
2023-12-28 09:48:46,25,28,5913,7571
2023-12-28 09:49:04,25,27,5913,7571
2023-12-28 09:49:09,24,27,5913,7571
2023-12-28 09:49:11,23,27,5913,7571
2023-12-28 09:49:13,23,26,5913,7571
2023-12-28 09:49:32,24,26,5913,7571
2023-12-28 09:49:34,24,27,5913,7571
2023-12-28 09:49:45,25,27,5913,7571
2023-12-28 09:49:48,25,28,5913,7571
2023-12-28 09:50:08,25,27,5913,7571
2023-12-28 09:50:09,24,27,5913,7571
2023-12-28 09:50:14,24,26,5913,7571
2023-12-28 09:50:15,23,26,5913,7571
2023-12-28 09:50:18,24,26,5913,7571
2023-12-28 09:50:19,24,27,5913,7571
2023-12-28 09:50:26,24,26,5913,7571
2023-12-28 09:50:27,24,27,5913,7571
2023-12-28 09:50:32,25,27,5913,7571
2023-12-28 09:50:37,25,28,5913,7571
2023-12-28 09:50:52,25,27,5913,7571
2023-12-28 09:50:53,24,27,5913,7571
2023-12-28 09:50:59,25,27,5913,7571
2023-12-28 09:51:02,25,28,5913,7571
2023-12-28 09:51:04,25,27,5913,7571
2023-12-28 09:51:08,24,27,5913,7571
2023-12-28 09:51:12,25,27,5913,7571
2023-12-28 09:51:15,24,27,5913,7571
2023-12-28 09:51:19,25,27,5913,7571
2023-12-28 09:51:26,24,27,5913,7571
2023-12-28 09:52:05,25,27,5913,7571
2023-12-28 09:52:06,24,27,5913,7571
2023-12-28 09:52:27,25,27,5913,7571
2023-12-28 09:52:29,24,27,5913,7571
2023-12-28 09:52:30,25,27,5913,7571
2023-12-28 09:52:36,24,27,5913,7571
2023-12-28 09:52:39,25,27,5913,7571
2023-12-28 09:52:45,25,28,5913,7571
2023-12-28 09:53:32,25,27,5913,7571
2023-12-28 09:53:45,25,28,5913,7571
2023-12-28 09:53:48,25,27,5913,7571
2023-12-28 09:53:51,24,27,5913,7571
2023-12-28 09:54:08,25,27,5913,7571
2023-12-28 09:54:08,25,28,5913,7571
2023-12-28 09:54:11,26,28,5913,7571
2023-12-28 09:54:16,25,28,5913,7571
2023-12-28 09:54:18,26,28,5913,7571
2023-12-28 09:54:29,26,29,5913,7571
2023-12-28 09:54:54,25,29,5913,7571
2023-12-28 09:54:55,26,29,5913,7571
2023-12-28 09:54:59,25,29,5913,7571
2023-12-28 09:54:59,25,28,5913,7571
2023-12-28 09:55:07,26,28,5913,7571
2023-12-28 09:55:07,26,29,5913,7571
2023-12-28 09:55:10,27,29,5913,7571
2023-12-28 09:55:50,26,29,5913,7571
2023-12-28 09:56:09,27,29,5913,7571
2023-12-28 09:56:10,26,29,5913,7571
2023-12-28 09:56:14,27,29,5913,7571
2023-12-28 09:56:16,26,29,5913,7571
2023-12-28 09:57:05,27,29,5913,7571
2023-12-28 09:57:07,26,29,5913,7571
2023-12-28 09:57:08,27,29,5913,7571
2023-12-28 09:57:40,27,30,5913,7571
2023-12-28 09:57:40,28,30,5913,7571
2023-12-28 09:57:44,27,30,5913,7571
2023-12-28 09:57:48,28,30,5913,7571
2023-12-28 09:58:02,27,30,5913,7571
2023-12-28 09:58:24,27,29,5913,7571
2023-12-28 09:58:25,26,29,5913,7571
2023-12-28 09:58:42,26,28,5913,7571
2023-12-28 09:59:27,26,29,5913,7571
2023-12-28 09:59:29,26,28,5913,7571
2023-12-28 09:59:30,26,29,5913,7571
2023-12-28 09:59:54,26,28,5913,7571
2023-12-28 09:59:55,26,29,5913,7571
2023-12-28 10:00:26,26,28,5913,7571
2023-12-28 10:00:27,26,29,5913,7571
2023-12-28 10:00:29,25,29,5913,7571
2023-12-28 10:00:29,25,28,5913,7571
2023-12-28 10:00:31,25,29,5913,7571
2023-12-28 10:00:31,26,29,5913,7571
2023-12-28 10:00:33,25,29,5913,7571
2023-12-28 10:00:33,25,28,5913,7571
2023-12-28 10:00:37,25,29,5913,7571
2023-12-28 10:00:37,26,29,5913,7571
2023-12-28 10:00:38,26,28,5913,7571
2023-12-28 10:00:39,25,28,5913,7571
2023-12-28 10:01:04,25,27,5913,7571
2023-12-28 10:01:05,25,27,5913,7571
2023-12-28 10:01:06,24,27,5913,7571
2023-12-28 10:01:28,25,27,5913,7571
2023-12-28 10:01:30,24,27,5913,7571
2023-12-28 10:01:31,25,27,5913,7571
2023-12-28 10:01:34,24,27,5913,7571
2023-12-28 10:01:37,25,27,5913,7571
2023-12-28 10:01:41,25,28,5913,7571
2023-12-28 10:01:50,25,29,5913,7571
2023-12-28 10:02:02,25,29,5913,7571
2023-12-28 10:02:02,25,28,5913,7571
2023-12-28 10:02:07,25,29,5913,7571
2023-12-28 10:02:07,26,29,5913,7571
2023-12-28 10:02:28,25,29,5913,7571
2023-12-28 10:02:28,25,28,5913,7571
2023-12-28 10:02:34,26,28,5913,7571
2023-12-28 10:02:37,26,29,5913,7571
2023-12-28 10:02:39,25,29,5913,7571
2023-12-28 10:02:39,25,28,5913,7571
2023-12-28 10:03:28,24,28,5913,7571
2023-12-28 10:03:28,24,27,5913,7571
2023-12-28 10:03:30,24,28,5913,7571
2023-12-28 10:03:30,25,28,5913,7571
2023-12-28 10:03:31,25,27,5913,7571
2023-12-28 10:03:31,24,27,5913,7571
2023-12-28 10:03:34,24,28,5913,7571
2023-12-28 10:03:34,25,28,5913,7571
2023-12-28 10:04:08,24,28,5913,7571
2023-12-28 10:04:08,24,27,5913,7571
2023-12-28 10:04:09,24,28,5913,7571
2023-12-28 10:04:10,24,27,5913,7571
2023-12-28 10:04:11,24,28,5913,7571
2023-12-28 10:04:12,25,28,5913,7571
2023-12-28 10:04:13,24,28,5913,7571
2023-12-28 10:04:14,25,28,5913,7571
2023-12-28 10:04:15,24,28,5913,7571
2023-12-28 10:04:16,24,27,5913,7571
2023-12-28 10:04:17,25,27,5913,7571
2023-12-28 10:04:24,24,28,5913,7571
2023-12-28 10:04:24,24,27,5913,7571
2023-12-28 10:04:46,23,27,5913,7571
2023-12-28 10:04:46,23,26,5913,7571
2023-12-28 10:05:02,22,26,5913,7571
2023-12-28 10:05:04,22,25,5913,7571
2023-12-28 10:05:22,22,24,5913,7571
2023-12-28 10:05:22,21,24,5913,7571
2023-12-28 10:05:30,20,23,5913,7571
2023-12-28 10:06:00,21,23,5913,7571
2023-12-28 10:06:01,20,23,5913,7571
2023-12-28 10:06:05,21,23,5913,7571
2023-12-28 10:06:31,20,23,5913,7571
2023-12-28 10:06:37,20,22,5913,7571
2023-12-28 10:07:23,20,23,5913,7571
2023-12-28 10:07:27,21,23,5913,7571
2023-12-28 10:08:20,22,23,5913,7571
2023-12-28 10:08:21,22,25,5913,7571
2023-12-28 10:08:23,22,24,5913,7571
2023-12-28 10:08:26,21,24,5913,7571
2023-12-28 10:08:34,22,24,5913,7571
2023-12-28 10:08:43,22,25,5913,7571
2023-12-28 10:08:44,22,24,5913,7571
2023-12-28 10:08:50,21,24,5913,7571
2023-12-28 10:09:01,22,24,5913,7571
2023-12-28 10:09:02,22,25,5913,7571
2023-12-28 10:09:03,22,24,5913,7571
2023-12-28 10:09:05,22,25,5913,7571
2023-12-28 10:09:18,22,24,5913,7571
2023-12-28 10:09:20,21,24,5913,7571
2023-12-28 10:09:37,21,23,5913,7571
2023-12-28 10:09:40,21,24,5913,7571
2023-12-28 10:09:52,20,24,5913,7571
2023-12-28 10:09:56,20,23,5913,7571
2023-12-28 10:09:58,20,24,5913,7571
2023-12-28 10:10:01,21,24,5913,7571
2023-12-28 10:10:25,21,23,5913,7571
2023-12-28 10:10:27,20,23,5913,7571
2023-12-28 10:10:57,21,23,5913,7571
2023-12-28 10:10:58,20,23,5913,7571
2023-12-28 10:11:00,21,23,5913,7571
2023-12-28 10:11:01,20,23,5913,7571
2023-12-28 10:11:18,20,22,5913,7571
2023-12-28 10:11:53,20,23,5913,7571
2023-12-28 10:11:54,20,22,5913,7571
2023-12-28 10:11:58,20,23,5913,7571
2023-12-28 10:12:06,21,23,5913,7571
2023-12-28 10:12:07,21,24,5913,7571
2023-12-28 10:12:15,21,23,5913,7571
2023-12-28 10:12:16,21,24,5913,7571
2023-12-28 10:12:18,21,23,5913,7571
2023-12-28 10:12:22,20,23,5913,7571
2023-12-28 10:12:27,21,23,5913,7571
2023-12-28 10:12:33,21,24,5913,7571
2023-12-28 10:12:51,22,24,5913,7571
2023-12-28 10:12:51,22,25,5913,7571
2023-12-28 10:13:06,22,24,5913,7571
2023-12-28 10:13:10,21,24,5913,7571
2023-12-28 10:13:22,21,23,5913,7571
2023-12-28 10:13:24,20,23,5913,7571
2023-12-28 10:13:47,20,22,5913,7571
2023-12-28 10:13:49,20,23,5913,7571
2023-12-28 10:13:51,20,22,5913,7571
2023-12-28 10:13:56,20,23,5913,7571
2023-12-28 10:14:04,21,23,5913,7571
2023-12-28 10:14:05,21,24,5913,7571
2023-12-28 10:14:07,20,24,5913,7571
2023-12-28 10:14:16,20,22,5913,7571
2023-12-28 10:14:50,20,23,5913,7571
2023-12-28 10:14:55,20,22,5913,7571
2023-12-28 10:14:57,20,23,5913,7571
2023-12-28 10:15:15,21,23,5913,7571
2023-12-28 10:15:15,21,24,5913,7571
2023-12-28 10:15:30,21,25,5913,7571
2023-12-28 10:15:30,22,25,5913,7571
2023-12-28 10:16:06,22,26,5913,7571
2023-12-28 10:16:07,23,26,5913,7571
2023-12-28 10:16:09,22,26,5913,7571
2023-12-28 10:16:09,22,25,5913,7571
2023-12-28 10:16:30,21,25,5913,7571
2023-12-28 10:16:30,21,24,5913,7571
2023-12-28 10:16:36,21,25,5913,7571
2023-12-28 10:16:38,22,25,5913,7571
2023-12-28 10:16:54,22,24,5913,7571
2023-12-28 10:16:55,21,24,5913,7571
2023-12-28 10:17:10,21,23,5913,7571
2023-12-28 10:17:14,20,23,5913,7571
2023-12-28 10:17:20,20,22,5913,7571
2023-12-28 10:17:25,20,23,5913,7571
2023-12-28 10:17:26,21,23,5913,7571
2023-12-28 10:17:27,21,24,5913,7571
2023-12-28 10:17:41,22,24,5913,7571
2023-12-28 10:17:50,21,24,5913,7571
2023-12-28 10:18:08,21,25,5913,7571
2023-12-28 10:18:09,22,24,5913,7571
2023-12-28 10:18:12,21,24,5913,7571
2023-12-28 10:18:24,21,23,5913,7571
2023-12-28 10:18:31,20,23,5913,7571
2023-12-28 10:19:14,20,22,5913,7571
2023-12-28 10:19:42,20,23,5913,7571
2023-12-28 10:19:43,20,22,5913,7571
2023-12-28 10:19:56,20,23,5913,7571
2023-12-28 10:20:16,20,24,5913,7571
2023-12-28 10:20:16,21,24,5913,7571
2023-12-28 10:20:23,21,23,5913,7571
2023-12-28 10:20:24,20,23,5913,7571
2023-12-28 10:20:25,20,22,5913,7571
2023-12-28 10:20:31,20,23,5913,7771
2023-12-28 10:20:50,20,24,5913,7771
2023-12-28 10:20:51,21,24,5913,7771
2023-12-28 10:21:01,21,25,5913,7771
2023-12-28 10:21:06,22,25,5913,7771
2023-12-28 10:21:07,21,25,5913,7771
2023-12-28 10:21:12,22,25,5913,7771
2023-12-28 10:21:13,21,25,5913,7771
2023-12-28 10:21:14,22,25,5913,7771
2023-12-28 10:21:30,22,26,5913,7771
2023-12-28 10:21:35,22,25,5913,7771
2023-12-28 10:21:38,22,26,5913,7771
2023-12-28 10:21:44,22,26,5913,7773
2023-12-28 10:21:45,23,26,5913,7773
2023-12-28 10:22:28,23,25,5913,7773
2023-12-28 10:22:56,23,26,5913,7773
2023-12-28 10:23:15,23,25,5913,7773
2023-12-28 10:24:10,23,26,5913,7773
2023-12-28 10:24:20,23,25,5913,7773
2023-12-28 10:24:22,23,26,5913,7773
2023-12-28 10:24:32,23,25,5913,7773
2023-12-28 10:24:38,21,25,5913,7773
2023-12-28 10:24:48,22,25,5913,7773
2023-12-28 10:25:03,22,26,5913,7773
2023-12-28 10:25:26,23,26,5913,7773
2023-12-28 10:25:40,24,26,5913,7773
2023-12-28 10:25:48,24,27,5913,7773
2023-12-28 10:26:06,25,27,5913,7773
2023-12-28 10:26:07,24,27,5913,7773
2023-12-28 10:26:08,25,27,5913,7773
2023-12-28 10:26:10,24,27,5913,7773
2023-12-28 10:26:16,23,27,5913,7773
2023-12-28 10:26:17,23,26,5913,7773
2023-12-28 10:26:42,24,26,5913,7773
2023-12-28 10:26:45,23,26,5913,7773
2023-12-28 10:26:46,24,26,5913,7773
2023-12-28 10:26:47,23,26,5913,7773
2023-12-28 10:26:48,24,26,5913,7773
2023-12-28 10:26:53,23,26,5913,7773
2023-12-28 10:27:03,22,26,5913,7773
2023-12-28 10:27:10,23,26,5913,7773
2023-12-28 10:27:21,22,26,5913,7773
2023-12-28 10:27:24,23,26,5913,7773
2023-12-28 10:28:04,24,26,5913,7773
2023-12-28 10:28:09,25,26,5913,7773
2023-12-28 10:28:09,25,27,5913,7773
2023-12-28 10:28:11,25,28,5913,7773
2023-12-28 10:28:13,24,28,5913,7773
2023-12-28 10:28:17,25,28,5913,7773
2023-12-28 10:28:18,24,28,5913,7773
2023-12-28 10:28:25,25,28,5913,7773
2023-12-28 10:28:27,24,28,5913,7773
2023-12-28 10:28:37,24,27,5913,7773
2023-12-28 10:28:41,25,27,5913,7773
2023-12-28 10:29:10,24,27,5913,7773
2023-12-28 10:29:37,25,27,5913,7773
2023-12-28 10:29:47,24,27,5913,7773
2023-12-28 10:29:48,25,27,5913,7773
2023-12-28 10:29:49,24,27,5913,7773
2023-12-28 10:30:01,25,27,5913,7773
2023-12-28 10:30:28,25,28,5913,7773
2023-12-28 10:30:31,24,28,5913,7773
2023-12-28 10:30:38,25,28,5913,7773
2023-12-28 10:30:41,26,28,5913,7773
2023-12-28 10:30:52,25,28,5913,7773
2023-12-28 10:31:07,24,28,5913,7773
2023-12-28 10:31:39,24,27,5913,7773
2023-12-28 10:31:49,23,27,5913,7773
2023-12-28 10:31:50,24,27,5913,7773
2023-12-28 10:31:51,23,27,5913,7773
2023-12-28 10:31:52,24,27,5913,7773
2023-12-28 10:31:53,23,27,5913,7773
2023-12-28 10:31:57,24,27,5913,7773
2023-12-28 10:32:11,25,27,5913,7773
2023-12-28 10:32:13,25,28,5913,7773
2023-12-28 10:32:37,26,28,5913,7773
2023-12-28 10:32:47,26,29,5913,7773
2023-12-28 10:32:58,27,29,5913,7773
2023-12-28 10:33:01,27,30,5913,7773
2023-12-28 10:33:23,26,30,5913,7773
2023-12-28 10:33:31,27,30,5913,7773
2023-12-28 10:33:33,26,30,5913,7773
2023-12-28 10:33:41,26,29,5913,7773
2023-12-28 10:33:45,27,29,5913,7773
2023-12-28 10:33:46,27,30,5913,7773
2023-12-28 10:34:01,26,30,5913,7773
2023-12-28 10:34:03,26,29,5913,7773
2023-12-28 10:34:21,26,30,5913,7773
2023-12-28 10:34:49,26,29,5913,7773
2023-12-28 10:34:50,26,30,5913,7773
2023-12-28 10:34:50,27,30,5913,7773
2023-12-28 10:34:54,26,30,5913,7773
2023-12-28 10:34:56,26,29,5913,7773
2023-12-28 10:34:59,26,30,5913,7773
2023-12-28 10:35:24,26,30,5913,7773
2023-12-28 10:35:24,26,29,5913,7773
2023-12-28 10:35:41,26,30,5913,7773
2023-12-28 10:35:50,27,30,5913,7773
2023-12-28 10:35:51,26,30,5913,7773
2023-12-28 10:35:52,27,30,5913,7773
2023-12-28 10:36:02,26,30,5913,7773
2023-12-28 10:36:10,27,30,5913,7773
2023-12-28 10:36:16,27,31,5913,7773
2023-12-28 10:36:17,27,30,5913,7773
2023-12-28 10:36:28,26,30,5913,7773
2023-12-28 10:36:31,27,30,5913,7773
2023-12-28 10:36:33,26,30,5913,7773
2023-12-28 10:36:39,27,30,5913,7773
2023-12-28 10:36:40,26,30,5913,7773
2023-12-28 10:36:41,27,30,5913,7773
2023-12-28 10:37:00,26,30,5913,7773
2023-12-28 10:37:04,27,30,5913,7773
2023-12-28 10:37:08,26,30,5913,7773
2023-12-28 10:37:32,26,29,5913,7773
2023-12-28 10:37:32,25,29,5913,7773
2023-12-28 10:37:38,25,30,5913,7773
2023-12-28 10:37:38,26,30,5913,7773
2023-12-28 10:37:47,25,30,5913,7773
2023-12-28 10:37:47,25,29,5913,7773
2023-12-28 10:37:58,26,29,5913,7773
2023-12-28 10:37:58,26,30,5913,7773
2023-12-28 10:38:02,25,30,5913,7773
2023-12-28 10:38:03,25,29,5913,7773
2023-12-28 10:38:06,26,29,5913,7773
2023-12-28 10:38:07,25,30,5913,7773
2023-12-28 10:38:07,25,29,5913,7773
2023-12-28 10:38:11,25,30,5913,7773
2023-12-28 10:38:15,25,30,5913,7773
2023-12-28 10:38:19,26,30,5913,7773
2023-12-28 10:38:54,27,30,5913,7773
2023-12-28 10:38:56,26,30,5913,7773
2023-12-28 10:39:03,25,30,5913,7773
2023-12-28 10:39:04,25,29,5913,7773
2023-12-28 10:39:11,25,28,5913,7773
2023-12-28 10:39:26,25,29,5913,7773
2023-12-28 10:39:41,24,29,5913,7773
2023-12-28 10:39:41,24,28,5913,7773
2023-12-28 10:39:42,25,28,5913,7773
2023-12-28 10:39:45,24,28,5913,7773
2023-12-28 10:39:47,25,28,5913,7773
2023-12-28 10:39:49,24,28,5913,7773
2023-12-28 10:39:54,25,28,5913,7773
2023-12-28 10:39:57,24,28,5913,7773
2023-12-28 10:39:58,25,28,5913,7773
2023-12-28 10:40:01,24,28,5913,7773
2023-12-28 10:40:05,25,28,5913,7773
2023-12-28 10:40:07,24,28,5913,7773
2023-12-28 10:40:09,25,28,5913,7773
2023-12-28 10:40:11,25,29,5913,7773
2023-12-28 10:40:18,26,29,5913,7773
2023-12-28 10:40:18,28,29,5913,7773
2023-12-28 10:40:18,28,30,5913,7773
2023-12-28 10:41:40,26,30,5913,7773
2023-12-28 10:41:51,26,29,5913,7773
2023-12-28 10:42:36,25,29,5913,7773
2023-12-28 10:42:43,25,28,5913,7773
2023-12-28 10:42:58,25,29,5913,7773
2023-12-28 10:42:59,25,28,5913,7773
2023-12-28 10:43:00,25,29,5913,7773
2023-12-28 10:43:01,25,28,5913,7773
2023-12-28 10:43:07,24,28,5913,7773
2023-12-28 10:43:09,25,28,5913,7773
2023-12-28 10:43:10,24,28,5913,7773
2023-12-28 10:43:12,24,27,5913,7773
2023-12-28 10:43:16,23,27,5913,7773
2023-12-28 10:43:17,24,27,5913,7773
2023-12-28 10:43:43,25,27,5913,7773
2023-12-28 10:43:44,25,28,5913,7773
2023-12-28 10:43:50,26,28,5913,7773
2023-12-28 10:43:57,25,28,5913,7773
2023-12-28 10:44:02,26,28,5913,7773
2023-12-28 10:44:30,27,28,5913,7773
2023-12-28 10:44:30,27,29,5913,7773
2023-12-28 10:44:52,26,29,5913,7773
2023-12-28 10:45:01,25,29,5913,7773
2023-12-28 10:45:03,25,28,5913,7773
2023-12-28 10:45:33,24,28,5913,7773
2023-12-28 10:45:44,24,27,5913,7773
2023-12-28 10:45:52,24,28,5913,7773
2023-12-28 10:45:53,24,27,5913,7773
2023-12-28 10:45:59,23,27,5913,7773
2023-12-28 10:46:01,24,27,5913,7773
2023-12-28 10:46:06,24,28,5913,7773
2023-12-28 10:46:09,25,28,5913,7773
2023-12-28 10:46:57,26,28,5913,7773
2023-12-28 10:47:01,26,28,5913,7783
2023-12-28 10:47:03,25,28,5913,7783
2023-12-28 10:47:04,26,28,5913,7783
2023-12-28 10:47:15,26,29,5913,7783
2023-12-28 10:47:43,27,29,5913,7783
2023-12-28 10:47:56,26,29,5913,7783
2023-12-28 10:48:01,27,29,5913,7783
2023-12-28 10:48:07,28,29,5913,7783
2023-12-28 10:48:13,28,31,5913,7783
2023-12-28 10:48:13,28,30,5913,7783
2023-12-28 10:48:13,28,31,5913,7783
2023-12-28 10:48:53,29,31,5913,7783
2023-12-28 10:48:53,29,32,5913,7783
2023-12-28 10:49:05,29,32,5913,7793
2023-12-28 10:49:05,30,32,5913,7793
2023-12-28 10:49:09,29,32,5913,7793
2023-12-28 10:49:12,30,32,5913,7793
2023-12-28 10:49:13,29,32,5913,7793
2023-12-28 10:49:19,30,32,5913,7793
2023-12-28 10:49:23,30,33,5913,7793
2023-12-28 10:49:24,31,33,5913,7793
2023-12-28 10:49:26,30,33,5913,7793
2023-12-28 10:49:43,29,33,5913,7793
2023-12-28 10:49:44,30,33,5913,7793
2023-12-28 10:49:45,29,33,5913,7793
2023-12-28 10:49:46,31,33,5913,7793
2023-12-28 10:49:54,31,33,5913,7798
2023-12-28 10:50:26,29,33,5913,7798
2023-12-28 10:50:48,30,33,5913,7798
2023-12-28 10:50:50,29,33,5913,7798
2023-12-28 10:51:00,30,33,5913,7798
2023-12-28 10:51:21,29,33,5913,7798
2023-12-28 10:51:22,30,33,5913,7798
2023-12-28 10:51:26,29,33,5913,7798
2023-12-28 10:51:27,30,33,5913,7798
2023-12-28 10:51:40,31,33,5913,7798
2023-12-28 10:51:47,30,33,5913,7798
2023-12-28 10:51:48,31,33,5913,7798
2023-12-28 10:51:58,30,33,5913,7798
2023-12-28 10:51:59,31,33,5913,7798
2023-12-28 10:52:00,30,33,5913,7798
2023-12-28 10:52:06,29,33,5913,7798
2023-12-28 10:52:46,30,33,5913,7798
2023-12-28 10:53:06,29,33,5913,7798
2023-12-28 10:53:07,30,33,5913,7798
2023-12-28 10:53:10,29,33,5913,7798
2023-12-28 10:53:11,30,33,5913,7798
2023-12-28 10:53:24,29,33,5913,7798
2023-12-28 10:53:28,30,33,5913,7798
2023-12-28 10:53:32,29,33,5913,7798
2023-12-28 10:53:48,29,32,5913,7798
2023-12-28 10:53:50,29,33,5913,7798
2023-12-28 10:54:03,29,32,5913,7798
2023-12-28 10:54:05,28,32,5913,7798
2023-12-28 10:54:07,28,31,5913,7798
2023-12-28 10:54:21,28,30,5913,7798
2023-12-28 10:54:22,28,31,5913,7798
2023-12-28 10:54:23,28,30,5913,7798
2023-12-28 10:54:32,28,29,5913,7798
2023-12-28 10:54:59,28,30,5913,7798
2023-12-28 10:55:10,28,31,5913,7798
2023-12-28 10:55:58,28,30,5913,7798
2023-12-28 10:56:06,28,29,5913,7798
2023-12-28 10:56:15,28,29,5973,7858
2023-12-28 10:56:16,25,28,6053,7938
2023-12-28 10:56:28,24,28,6053,7938
2023-12-28 10:56:29,23,27,6053,7938
2023-12-28 10:56:29,23,26,6053,7938
2023-12-28 10:56:54,23,25,6053,7938
2023-12-28 10:56:57,23,25,6053,7998
2023-12-28 10:56:58,22,25,6053,7998
2023-12-28 10:57:02,22,26,6053,7998
2023-12-28 10:57:05,23,26,6053,7998
2023-12-28 10:57:20,23,27,6053,7998
2023-12-28 10:57:42,23,26,6053,7998
2023-12-28 10:57:45,22,26,6053,7998
2023-12-28 10:58:01,23,26,6053,7998
2023-12-28 10:58:09,23,27,6053,7998
2023-12-28 10:58:20,24,27,6053,7998
2023-12-28 10:58:22,25,27,6053,7998
2023-12-28 10:58:24,25,28,6053,7998
2023-12-28 10:58:37,24,28,6053,7998
2023-12-28 10:58:41,25,28,6053,7998
2023-12-28 10:58:46,25,27,6053,7998
2023-12-28 10:58:46,24,27,6053,7998
2023-12-28 10:58:46,23,27,6053,7998
2023-12-28 10:58:47,22,27,6053,7998
2023-12-28 10:58:47,22,26,6053,7998
2023-12-28 10:58:48,23,26,6053,7998
2023-12-28 10:59:11,24,26,6053,7998
2023-12-28 10:59:11,24,27,6053,7998
2023-12-28 10:59:11,24,27,6053,8058
2023-12-28 10:59:25,23,27,6053,8058
2023-12-28 10:59:41,23,26,6053,8058
2023-12-28 10:59:56,23,27,6053,8058
2023-12-28 11:00:07,23,26,6053,8058
2023-12-28 11:00:10,23,27,6053,8058
2023-12-28 11:00:36,23,26,6053,8058
2023-12-28 11:00:37,22,26,6053,8058
2023-12-28 11:00:40,23,26,6053,8058
2023-12-28 11:00:41,23,27,6053,8058
2023-12-28 11:00:43,23,26,6053,8058
2023-12-28 11:00:53,23,27,6053,8058
2023-12-28 11:01:00,23,26,6053,8058
2023-12-28 11:01:04,23,26,6153,8158
2023-12-28 11:01:14,23,27,6153,8158
2023-12-28 11:01:24,24,27,6153,8158
2023-12-28 11:01:27,24,28,6153,8158
2023-12-28 11:01:29,24,27,6153,8158
2023-12-28 11:01:31,24,28,6153,8158
2023-12-28 11:01:37,25,28,6153,8158
2023-12-28 11:01:38,24,28,6153,8158
2023-12-28 11:01:42,24,27,6153,8158
2023-12-28 11:01:45,23,27,6153,8158
2023-12-28 11:01:48,23,26,6153,8158
2023-12-28 11:01:55,22,26,6153,8158
2023-12-28 11:02:02,23,26,6153,8158
2023-12-28 11:02:07,22,26,6153,8158
2023-12-28 11:02:11,23,26,6153,8158
2023-12-28 11:02:15,22,26,6153,8158
2023-12-28 11:02:19,23,26,6153,8158
2023-12-28 11:02:24,22,26,6153,8158
2023-12-28 11:02:27,22,25,6153,8158
2023-12-28 11:02:30,22,26,6153,8158
2023-12-28 11:02:46,23,26,6153,8158
2023-12-28 11:02:46,23,26,6153,8278
2023-12-28 11:02:47,22,26,6153,8278
2023-12-28 11:02:47,22,25,6153,8278
2023-12-28 11:03:04,22,24,6153,8278
2023-12-28 11:03:07,21,24,6153,8278
2023-12-28 11:03:39,22,24,6153,8278
2023-12-28 11:03:40,22,25,6153,8278
2023-12-28 11:03:50,22,24,6153,8278
2023-12-28 11:03:51,21,24,5985,8446
2023-12-28 11:04:03,20,24,5985,8446
2023-12-28 11:04:13,20,23,5985,8446
2023-12-28 11:04:20,20,24,5985,8446
2023-12-28 11:04:21,20,23,5985,8446
2023-12-28 11:04:33,20,24,5985,8446
2023-12-28 11:04:36,20,23,5985,8446
2023-12-28 11:04:39,20,24,5985,8446
2023-12-28 11:05:08,21,24,5985,8446
2023-12-28 11:05:24,21,25,5985,8446
2023-12-28 11:06:08,21,24,5985,8446
2023-12-28 11:06:13,20,24,5985,8446
2023-12-28 11:06:19,21,24,5985,8446
2023-12-28 11:06:31,21,25,5985,8446
2023-12-28 11:06:41,21,24,5985,8446
2023-12-28 11:06:46,21,25,5985,8446
2023-12-28 11:06:58,22,25,5985,8446
2023-12-28 11:07:01,21,25,5985,8446
2023-12-28 11:07:03,22,25,5985,8446
2023-12-28 11:07:08,21,25,5985,8446
2023-12-28 11:07:17,21,24,5985,8446
2023-12-28 11:07:35,21,23,5985,8446
2023-12-28 11:07:35,21,22,5985,8446
2023-12-28 11:07:35,20,22,5985,8446
2023-12-28 11:07:40,20,23,5985,8446
2023-12-28 11:07:58,20,24,5985,8446
2023-12-28 11:07:58,21,24,5985,8446
2023-12-28 11:07:59,20,24,5985,8446
2023-12-28 11:08:01,21,24,5985,8446
2023-12-28 11:08:06,20,24,5985,8446
2023-12-28 11:08:07,21,24,5985,8446
2023-12-28 11:08:08,20,24,5985,8446
2023-12-28 11:08:14,20,23,5985,8446
2023-12-28 11:08:22,20,22,5985,8446
2023-12-28 11:08:33,19,22,5985,8446
2023-12-28 11:08:33,19,21,5985,8446
2023-12-28 11:09:11,19,22,5985,8446
2023-12-28 11:09:32,19,23,5985,8446
2023-12-28 11:09:37,20,23,5985,8446
2023-12-28 11:09:38,19,23,5985,8446
2023-12-28 11:09:46,20,23,5985,8446
2023-12-28 11:09:47,20,24,5985,8446
2023-12-28 11:09:53,20,24,5985,8446
2023-12-28 11:09:54,21,24,5985,8446
2023-12-28 11:10:55,21,25,5985,8446
2023-12-28 11:11:05,22,25,5985,8446
2023-12-28 11:11:44,23,25,5985,8446
2023-12-28 11:11:54,22,25,5985,8446
2023-12-28 11:11:59,21,25,5985,8446
2023-12-28 11:12:24,22,25,5985,8446
2023-12-28 11:12:29,21,25,5985,8446
2023-12-28 11:12:47,21,24,5985,8446
2023-12-28 11:13:29,20,24,5985,8446
2023-12-28 11:13:29,20,23,5985,8446
2023-12-28 11:13:31,20,24,5985,8446
2023-12-28 11:13:41,20,23,5985,8446
2023-12-28 11:13:45,20,24,5985,8446
2023-12-28 11:13:46,20,23,5985,8446
2023-12-28 11:13:47,20,24,5985,8446
2023-12-28 11:13:48,20,23,5985,8446
2023-12-28 11:14:01,19,23,5985,8446
2023-12-28 11:14:10,20,23,5985,8446
2023-12-28 11:14:23,20,24,5985,8446
2023-12-28 11:14:25,20,23,5985,8446
2023-12-28 11:14:30,20,24,5985,8446
2023-12-28 11:14:54,21,24,5985,8446
2023-12-28 11:15:00,20,24,5985,8446
2023-12-28 11:15:05,21,24,5985,8446
2023-12-28 11:15:09,20,24,5985,8446
2023-12-28 11:15:14,20,23,5985,8446
2023-12-28 11:15:21,19,23,5985,8446
2023-12-28 11:15:28,19,22,5985,8446
2023-12-28 11:15:43,20,22,5985,8446
2023-12-28 11:15:43,20,23,5985,8446
2023-12-28 11:16:19,19,23,5985,8446
2023-12-28 11:16:33,19,22,5985,8446
2023-12-28 11:17:41,19,21,5985,8446
2023-12-28 11:17:57,19,22,5985,8446
2023-12-28 11:18:05,19,23,5985,8446
2023-12-28 11:18:13,19,22,5985,8446
2023-12-28 11:18:27,19,21,5985,8446
2023-12-28 11:18:27,19,21,5985,8506
2023-12-28 11:18:36,19,22,5985,8506
2023-12-28 11:18:46,19,21,5985,8506
2023-12-28 11:18:49,18,21,5985,8706
2023-12-28 11:18:50,18,20,5985,8706
2023-12-28 11:19:19,17,20,5985,8706
2023-12-28 11:19:20,17,19,5985,8706
2023-12-28 11:19:26,16,19,5985,8706
2023-12-28 11:19:27,16,18,5985,8706
2023-12-28 11:19:39,15,18,5985,8706
2023-12-28 11:19:46,15,17,5985,8706
2023-12-28 11:20:14,15,16,5985,8706
2023-12-28 11:20:25,15,17,5985,8706
2023-12-28 11:20:33,15,18,5985,8706
2023-12-28 11:20:48,15,19,5985,8706
2023-12-28 11:20:49,16,19,5985,8706
2023-12-28 11:21:03,16,20,5985,8706
2023-12-28 11:21:03,16,19,5985,8706
2023-12-28 11:21:07,16,20,5985,8706
2023-12-28 11:21:10,17,20,5985,8706
2023-12-28 11:21:58,18,20,5985,8706
2023-12-28 11:22:17,17,20,5985,8706
2023-12-28 11:22:20,18,20,5985,8706
2023-12-28 11:22:23,18,21,5985,8706
2023-12-28 11:22:24,19,21,5985,8706
2023-12-28 11:22:53,18,21,5985,8706
2023-12-28 11:22:54,19,21,5985,8706
2023-12-28 11:22:55,18,21,5985,8706
2023-12-28 11:23:06,17,21,5985,8706
2023-12-28 11:23:13,17,20,5985,8706
2023-12-28 11:23:15,17,20,5985,8707
2023-12-28 11:23:30,16,20,5985,8707
2023-12-28 11:23:38,16,19,5985,8707
2023-12-28 11:23:46,16,20,5985,8707
2023-12-28 11:23:52,16,19,5985,8707
2023-12-28 11:24:37,16,20,5985,8707
2023-12-28 11:24:46,16,19,5985,8707
2023-12-28 11:25:06,15,19,5985,8707
2023-12-28 11:25:08,16,19,5985,8707
2023-12-28 11:25:09,15,19,5985,8707
2023-12-28 11:25:13,15,18,5985,8707
2023-12-28 11:25:58,15,19,5985,8707
2023-12-28 11:26:03,16,19,5985,8707
2023-12-28 11:26:14,16,18,5985,8707
2023-12-28 11:26:14,15,18,5985,8707
2023-12-28 11:26:33,15,17,5985,8707
2023-12-28 11:27:15,15,18,5985,8707
2023-12-28 11:27:16,16,18,5985,8707
2023-12-28 11:27:16,16,19,5985,8707
2023-12-28 11:27:59,16,20,5985,8707
2023-12-28 11:28:02,17,20,5985,8707
2023-12-28 11:28:12,16,20,5985,8707
2023-12-28 11:28:16,17,20,5985,8707
2023-12-28 11:28:30,17,21,5985,8707
2023-12-28 11:29:10,17,20,5985,8707
2023-12-28 11:29:11,17,21,5985,8707
2023-12-28 11:29:14,18,21,5985,8707
2023-12-28 11:29:16,17,21,5985,8707
2023-12-28 11:29:23,18,21,5985,8707
2023-12-28 11:29:43,17,21,5985,8707
2023-12-28 11:29:44,18,21,5985,8707
2023-12-28 11:29:45,17,21,5985,8707
2023-12-28 11:29:49,18,21,5985,8707
2023-12-28 11:29:50,17,21,5985,8707
2023-12-28 11:29:52,18,21,5985,8707
2023-12-28 11:29:54,17,21,5985,8707
2023-12-28 11:30:01,18,21,5985,8707
2023-12-28 11:30:02,17,21,5985,8707
2023-12-28 11:30:09,17,20,5985,8707
2023-12-28 11:30:13,17,21,5985,8707
2023-12-28 11:30:15,17,20,5985,8707
2023-12-28 11:31:07,16,20,5985,8707
2023-12-28 11:31:09,16,19,5985,8707
2023-12-28 11:31:20,16,20,5985,8707
2023-12-28 11:31:20,17,20,5985,8707
2023-12-28 11:31:41,17,21,5985,8707
2023-12-28 11:31:48,17,20,5985,8707
2023-12-28 11:31:52,17,21,5985,8707
2023-12-28 11:32:04,17,20,5985,8707
2023-12-28 11:32:14,17,21,5985,8707
2023-12-28 11:32:15,17,20,5985,8707
2023-12-28 11:32:17,17,21,5985,8707
2023-12-28 11:32:21,17,20,5985,8707
2023-12-28 11:32:27,17,21,5985,8707
2023-12-28 11:32:27,18,21,5985,8707
2023-12-28 11:32:41,19,21,5985,8707
2023-12-28 11:33:36,18,21,5985,8707
2023-12-28 11:34:18,17,21,5985,8707
2023-12-28 11:34:34,18,21,5985,8707
2023-12-28 11:34:40,18,20,5985,8707
2023-12-28 11:34:40,17,20,5985,8707
2023-12-28 11:35:02,16,20,5985,8707
2023-12-28 11:35:04,16,19,5985,8707
2023-12-28 11:36:09,17,19,5985,8707
2023-12-28 11:36:10,17,20,5985,8707
2023-12-28 11:37:39,16,20,5985,8707
2023-12-28 11:37:44,16,19,5985,8707
2023-12-28 11:37:57,16,20,5985,8707
2023-12-28 11:37:57,17,20,5985,8707
2023-12-28 11:37:58,16,20,5985,8707
2023-12-28 11:38:00,17,20,5985,8707
2023-12-28 11:38:39,18,20,5985,8707
2023-12-28 11:38:40,18,21,5985,8707
2023-12-28 11:38:44,17,21,5985,8707
2023-12-28 11:39:08,16,20,5985,8707
2023-12-28 11:39:14,17,20,5985,8707
2023-12-28 11:39:19,16,20,5985,8707
2023-12-28 11:39:23,16,19,5985,8707
2023-12-28 11:39:32,17,19,5985,8707
2023-12-28 11:39:32,17,20,5985,8707
2023-12-28 11:39:36,17,18,5985,8707
2023-12-28 11:39:47,17,20,5965,8727
2023-12-28 11:40:05,18,20,5965,8727
2023-12-28 11:40:05,18,21,5965,8727
2023-12-28 11:40:26,17,21,5965,8727
2023-12-28 11:40:33,18,21,5965,8727
2023-12-28 11:40:57,17,21,5965,8727
2023-12-28 11:41:01,18,21,5965,8727
2023-12-28 11:42:01,19,21,5965,8727
2023-12-28 11:42:05,19,22,5965,8727
2023-12-28 11:42:08,20,22,5965,8727
2023-12-28 11:42:19,20,23,5965,8727
2023-12-28 11:42:20,21,23,5965,8727
2023-12-28 11:42:31,20,23,5965,8727
2023-12-28 11:43:02,19,23,5965,8727
2023-12-28 11:43:10,20,23,5965,8727
2023-12-28 11:43:54,19,23,5965,8727
2023-12-28 11:43:59,18,23,5965,8727
2023-12-28 11:44:00,20,23,5965,8727
2023-12-28 11:44:22,21,23,5965,8727
2023-12-28 11:44:23,20,23,5965,8727
2023-12-28 11:44:58,20,22,5965,8727
2023-12-28 11:45:01,20,23,5965,8727
2023-12-28 11:45:14,18,23,5965,8727
2023-12-28 11:45:16,19,23,5965,8727
2023-12-28 11:45:30,18,23,5965,8727
2023-12-28 11:45:34,19,23,5965,8727
2023-12-28 11:45:37,18,23,5965,8727
2023-12-28 11:45:41,19,23,5965,8727
2023-12-28 11:45:42,18,23,5965,8727
2023-12-28 11:45:43,20,23,5965,8727
2023-12-28 11:46:03,18,23,5965,8727
2023-12-28 11:46:05,18,22,5965,8727
2023-12-28 11:46:29,18,21,5965,8727
2023-12-28 11:46:33,18,22,5965,8727
2023-12-28 11:46:37,18,21,5965,8727
2023-12-28 11:46:51,18,22,5965,8727
2023-12-28 11:46:57,19,22,5965,8727
2023-12-28 11:47:30,18,22,5965,8727
2023-12-28 11:47:31,19,22,5965,8727
2023-12-28 11:49:05,19,23,5965,8727
2023-12-28 11:49:18,20,23,5965,8727
2023-12-28 11:49:22,19,23,5965,8727
2023-12-28 11:49:25,20,23,5965,8727
2023-12-28 11:49:28,19,23,5965,8727
2023-12-28 11:49:35,20,23,5965,8727
2023-12-28 11:49:36,19,23,5965,8727
2023-12-28 11:50:05,20,23,5965,8727
2023-12-28 11:50:23,19,23,5965,8727
2023-12-28 11:50:33,19,22,5965,8727
2023-12-28 11:50:51,19,23,5965,8727
2023-12-28 11:50:53,20,23,5965,8727
2023-12-28 11:51:20,21,23,5965,8727
2023-12-28 11:51:29,20,23,5965,8727
2023-12-28 11:52:08,19,23,5965,8727
2023-12-28 11:52:15,19,22,5965,8727
2023-12-28 11:52:20,19,23,5965,8727
2023-12-28 11:52:23,19,22,5965,8727
2023-12-28 11:52:30,18,22,5965,8727
2023-12-28 11:52:34,19,22,5965,8727
2023-12-28 11:52:41,18,22,5965,8727
2023-12-28 11:52:42,19,22,5965,8727
2023-12-28 11:52:45,18,22,5965,8727
2023-12-28 11:52:49,19,22,5965,8727
2023-12-28 11:52:53,18,22,5965,8727
2023-12-28 11:53:04,19,22,5965,8727
2023-12-28 11:53:14,20,22,5965,8727
2023-12-28 11:53:14,20,23,5965,8727
2023-12-28 11:53:39,19,23,5965,8727
2023-12-28 11:53:41,19,22,5965,8727
2023-12-28 11:54:54,20,22,5965,8727
2023-12-28 11:55:10,20,22,5965,8727
2023-12-28 11:55:16,19,23,5965,8727
2023-12-28 11:55:16,20,23,5965,8727
2023-12-28 11:55:33,19,23,5965,8727
2023-12-28 11:55:33,19,22,5965,8727
2023-12-28 11:55:59,19,23,5965,8727
2023-12-28 11:56:01,19,22,5965,8727
2023-12-28 11:56:15,19,23,5965,8727
2023-12-28 11:57:18,19,22,5965,8727
2023-12-28 11:57:33,18,22,5965,8727
2023-12-28 11:57:36,19,22,5965,8727
2023-12-28 11:57:44,18,22,5965,8727
2023-12-28 11:58:10,18,21,5965,8727
2023-12-28 11:58:11,17,21,5965,8727
2023-12-28 11:58:17,17,20,5965,8727
2023-12-28 11:59:04,16,20,5965,8727
2023-12-28 11:59:05,17,20,5965,8727
2023-12-28 11:59:06,16,20,5965,8727
2023-12-28 11:59:11,17,20,5965,8727
2023-12-28 11:59:19,17,21,5965,8727
2023-12-28 11:59:22,17,20,5965,8727
2023-12-28 12:00:04,16,20,5965,8727
2023-12-28 12:00:06,17,20,5965,8727
2023-12-28 12:00:10,16,20,5965,8727
2023-12-28 12:00:19,16,19,5965,8727
2023-12-28 12:00:49,16,20,5965,8727
2023-12-28 12:00:58,17,20,5965,8727
2023-12-28 12:01:03,18,20,5965,8727
2023-12-28 12:01:03,18,21,5965,8727
2023-12-28 12:01:11,18,22,5965,8727
2023-12-28 12:01:16,19,22,5965,8727
2023-12-28 12:01:22,19,23,5965,8727
2023-12-28 12:01:26,20,23,5965,8727
2023-12-28 12:01:29,19,23,5965,8727
2023-12-28 12:01:32,20,23,5965,8727
2023-12-28 12:02:18,21,23,5965,8727
2023-12-28 12:02:38,21,24,5965,8727
2023-12-28 12:03:27,20,24,5965,8727
2023-12-28 12:03:30,20,23,5965,8727
2023-12-28 12:03:36,20,24,5965,8727
2023-12-28 12:03:37,21,24,5965,8727
2023-12-28 12:03:38,20,24,5965,8727
2023-12-28 12:03:48,21,24,5965,8727
2023-12-28 12:04:19,20,24,5965,8727
2023-12-28 12:04:57,21,24,5965,8727
2023-12-28 12:04:58,20,24,5965,8727
2023-12-28 12:05:02,21,24,5965,8727
2023-12-28 12:05:07,20,24,5965,8727
2023-12-28 12:05:08,21,24,5965,8727
2023-12-28 12:05:16,20,24,5965,8727
2023-12-28 12:05:21,21,24,5965,8727
2023-12-28 12:05:46,22,24,5965,8727
2023-12-28 12:05:49,21,24,5965,8727
2023-12-28 12:05:50,22,24,5965,8727
2023-12-28 12:05:52,21,24,5965,8727
2023-12-28 12:05:54,22,24,5965,8727
2023-12-28 12:05:55,21,24,5965,8727
2023-12-28 12:06:06,22,24,5965,8727
2023-12-28 12:06:19,21,24,5965,8727
2023-12-28 12:06:26,22,24,5965,8727
2023-12-28 12:06:57,22,25,5965,8727
2023-12-28 12:07:14,22,25,5979,8741
2023-12-28 12:09:03,22,25,6072,8834
2023-12-28 12:09:40,21,25,6072,8834
2023-12-28 12:09:41,21,24,6072,8834
2023-12-28 12:10:15,21,25,6072,8834
2023-12-28 12:10:15,22,25,6072,8834
2023-12-28 12:12:45,21,25,6072,8834
2023-12-28 12:12:52,21,24,6072,8834
2023-12-28 12:13:19,20,24,6072,8834
2023-12-28 12:13:20,20,23,6072,8834
2023-12-28 12:13:21,20,24,6072,8834
2023-12-28 12:13:48,19,23,6072,8834
2023-12-28 12:13:48,19,22,6072,8834
2023-12-28 12:13:55,18,22,6072,8834
2023-12-28 12:13:55,18,21,6072,8834
2023-12-28 12:14:12,18,22,6072,8834
2023-12-28 12:14:53,18,21,6072,8834
2023-12-28 12:14:56,17,21,6072,8834
2023-12-28 12:14:58,18,21,6072,8834
2023-12-28 12:15:10,18,22,6072,8834
2023-12-28 12:15:40,20,22,6072,8834
2023-12-28 12:15:40,20,23,6072,8834
2023-12-28 12:16:19,18,23,6072,8834
2023-12-28 12:16:23,18,22,6072,8834
2023-12-28 12:16:26,18,23,6072,8834
2023-12-28 12:16:30,19,23,6072,8834
2023-12-28 12:16:50,18,23,6072,8834
2023-12-28 12:16:55,19,23,6072,8834
2023-12-28 12:16:56,18,23,6072,8834
2023-12-28 12:16:58,18,22,6072,8834
2023-12-28 12:17:11,19,22,6072,8834
2023-12-28 12:17:12,19,23,6072,8834
2023-12-28 12:17:17,20,23,6072,8834
2023-12-28 12:17:19,19,23,6072,8834
2023-12-28 12:17:20,20,23,6072,8834
2023-12-28 12:17:25,19,23,6072,8834
2023-12-28 12:17:27,20,23,6072,8834
2023-12-28 12:17:29,19,23,6072,8834
2023-12-28 12:18:17,18,23,6072,8834
2023-12-28 12:18:21,19,23,6072,8834
2023-12-28 12:18:43,20,23,6072,8834
2023-12-28 12:18:44,19,23,6072,8834
2023-12-28 12:18:46,20,23,6072,8834
2023-12-28 12:18:54,20,24,6072,8834
2023-12-28 12:18:56,20,23,6072,8834
2023-12-28 12:19:01,19,23,6072,8834
2023-12-28 12:19:23,18,23,6072,8834
2023-12-28 12:19:30,19,23,6072,8834
2023-12-28 12:19:33,18,23,6072,8834
2023-12-28 12:19:35,18,22,6072,8834
2023-12-28 12:20:02,18,23,6072,8834
2023-12-28 12:20:03,19,23,6072,8834
2023-12-28 12:20:12,18,23,6072,8834
2023-12-28 12:20:13,19,23,6072,8834
2023-12-28 12:20:14,19,22,6072,8834
2023-12-28 12:20:14,18,22,6072,8834
2023-12-28 12:20:48,19,22,6072,8834
2023-12-28 12:20:50,19,23,6072,8834
2023-12-28 12:21:02,19,22,6072,8834
2023-12-28 12:21:06,19,23,6072,8834
2023-12-28 12:21:11,18,23,6072,8834
2023-12-28 12:21:14,19,22,6072,8834
2023-12-28 12:21:15,18,22,6072,8834
2023-12-28 12:21:35,19,22,6072,8834
2023-12-28 12:21:53,18,22,6072,8834
2023-12-28 12:22:06,18,21,6072,8834
2023-12-28 12:22:10,18,22,6072,8834
2023-12-28 12:22:12,19,22,6072,8834
2023-12-28 12:22:30,18,22,6072,8834
2023-12-28 12:22:42,19,22,6072,8834
2023-12-28 12:22:46,18,22,6072,8834
2023-12-28 12:22:58,18,21,6072,8834
2023-12-28 12:23:01,17,21,6072,8834
2023-12-28 12:23:20,17,20,6072,8834
2023-12-28 12:23:27,16,20,6072,8834
2023-12-28 12:23:44,16,19,6072,8834
2023-12-28 12:23:52,16,20,6072,8834
2023-12-28 12:24:17,18,20,6072,8834
2023-12-28 12:24:17,18,21,6072,8834
2023-12-28 12:25:22,18,22,6072,8834
2023-12-28 12:26:07,18,22,6072,8834
2023-12-28 12:26:25,18,22,6072,8834
2023-12-28 12:26:31,19,22,6072,8834
2023-12-28 12:27:02,18,22,6072,8834
2023-12-28 12:27:07,18,21,6072,8834
2023-12-28 12:27:39,18,20,6072,8834
2023-12-28 12:27:42,16,20,6072,8834
2023-12-28 12:28:20,17,20,6072,8834
2023-12-28 12:28:43,18,20,6072,8834
2023-12-28 12:29:01,17,20,6072,8834
2023-12-28 12:29:40,16,20,6072,8834
2023-12-28 12:29:57,16,19,6072,8834
2023-12-28 12:30:09,15,19,6072,8834
2023-12-28 12:30:10,16,19,6072,8834
2023-12-28 12:30:17,16,20,6072,8834
2023-12-28 12:30:18,16,19,6072,8834
2023-12-28 12:30:19,16,20,6072,8834
2023-12-28 12:30:47,17,20,6072,8834
2023-12-28 12:30:52,17,21,6072,8834
2023-12-28 12:31:06,18,21,6072,8834
2023-12-28 12:31:10,17,21,6072,8834
2023-12-28 12:31:11,18,21,6072,8834
2023-12-28 12:31:26,18,22,6072,8834
2023-12-28 12:31:35,18,21,6072,8834
2023-12-28 12:32:05,18,22,6072,8834
2023-12-28 12:32:06,19,22,6072,8834
2023-12-28 12:32:25,19,23,6072,8834
2023-12-28 12:33:07,20,23,6072,8834
2023-12-28 12:33:08,19,23,6072,8834
2023-12-28 12:33:09,20,23,6072,8834
2023-12-28 12:33:11,19,23,6072,8834
2023-12-28 12:33:16,20,23,6072,8834
2023-12-28 12:33:18,19,23,6072,8834
2023-12-28 12:33:45,20,23,6072,8834
2023-12-28 12:33:50,19,23,6072,8834
2023-12-28 12:34:33,20,23,6072,8834
2023-12-28 12:34:36,19,23,6072,8834
2023-12-28 12:34:37,20,23,6072,8834
2023-12-28 12:34:42,19,23,6072,8834
2023-12-28 12:34:44,20,23,6072,8834
2023-12-28 12:34:45,19,23,6072,8834
2023-12-28 12:34:48,20,23,6072,8834
2023-12-28 12:35:04,19,23,6072,8834
2023-12-28 12:35:10,21,23,6072,8834
2023-12-28 12:35:25,19,23,6072,8834
2023-12-28 12:35:25,19,23,6072,9034
2023-12-28 12:35:26,20,23,6072,9034
2023-12-28 12:35:28,19,23,6072,9034
2023-12-28 12:35:31,19,22,6072,9034
2023-12-28 12:35:36,18,22,6072,9034
2023-12-28 12:35:38,19,22,6072,9034
2023-12-28 12:35:50,19,23,6072,9034
2023-12-28 12:35:52,20,23,6072,9034
2023-12-28 12:37:09,19,23,6072,9034
2023-12-28 12:37:26,19,22,6072,9034
2023-12-28 12:38:19,19,23,6072,9034
2023-12-28 12:38:46,19,22,6072,9034
2023-12-28 12:39:37,19,23,6072,9034
2023-12-28 12:40:05,20,23,6072,9034
2023-12-28 12:40:54,19,23,6072,9034
2023-12-28 12:42:06,20,23,6072,9034
2023-12-28 12:43:49,21,23,6072,9034
2023-12-28 12:43:54,20,23,6072,9034
2023-12-28 12:44:01,21,23,6072,9034
2023-12-28 12:44:17,20,23,6072,9034
2023-12-28 12:45:07,21,23,6072,9034
2023-12-28 12:45:07,21,24,6072,9034
2023-12-28 12:45:08,20,24,6072,9034
2023-12-28 12:45:22,21,24,6072,9034
2023-12-28 12:45:32,20,24,6072,9034
2023-12-28 12:45:42,21,24,6072,9034
2023-12-28 12:46:48,20,24,6072,9034
2023-12-28 12:47:04,19,24,6072,9034
2023-12-28 12:47:07,20,24,6072,9034
2023-12-28 12:47:08,19,24,6072,9034
2023-12-28 12:47:09,20,24,6072,9034
2023-12-28 12:48:28,19,24,6072,9034
2023-12-28 12:48:33,19,23,6072,9034
2023-12-28 12:48:33,19,22,6072,9034
2023-12-28 12:48:45,18,22,6072,9034
2023-12-28 12:49:33,17,22,6072,9034
2023-12-28 12:49:33,17,21,6072,9034
2023-12-28 12:49:34,17,20,6072,9034
2023-12-28 12:49:53,16,20,6072,9034
2023-12-28 12:50:12,17,20,6072,9034
2023-12-28 12:50:13,16,20,6072,9034
2023-12-28 12:50:16,17,20,6072,9034
2023-12-28 12:50:26,18,20,6072,9034
2023-12-28 12:50:26,18,21,6072,9034
2023-12-28 12:50:28,17,21,6072,9034
2023-12-28 12:50:29,18,21,6072,9034
2023-12-28 12:50:45,19,21,6072,9034
2023-12-28 12:50:45,19,22,6072,9034
2023-12-28 12:51:37,20,22,6072,9034
2023-12-28 12:51:37,20,24,6072,9034
2023-12-28 12:51:59,20,24,6072,9034
2023-12-28 12:53:54,21,24,6072,9034
2023-12-28 12:54:15,22,24,6072,9034
2023-12-28 12:54:34,22,25,6072,9284
2023-12-28 12:55:01,23,25,6072,9284
2023-12-28 12:55:04,24,25,6072,9284
2023-12-28 12:55:08,23,25,6072,9284
2023-12-28 12:55:10,24,25,6072,9284
2023-12-28 12:55:19,23,25,6072,9284
2023-12-28 12:55:26,24,25,6072,9284
2023-12-28 12:55:26,24,27,6072,9284
2023-12-28 12:55:26,24,26,6072,9284
2023-12-28 12:55:33,24,27,6072,9284
2023-12-28 12:55:38,24,27,6047,9309
2023-12-28 12:56:17,23,27,6047,9309
2023-12-28 12:56:40,23,26,6047,9309
2023-12-28 12:56:41,22,26,6047,9309
2023-12-28 12:58:12,23,26,6047,9309
2023-12-28 12:58:15,22,26,6047,9309
2023-12-28 12:59:00,22,25,6047,9309
2023-12-28 12:59:26,22,24,6047,9309
2023-12-28 12:59:35,20,24,6047,9309
2023-12-28 13:00:00,21,24,6047,9309
2023-12-28 13:00:19,21,25,6047,9309
2023-12-28 13:00:49,22,25,6047,9309
2023-12-28 13:00:51,22,26,6047,9309
2023-12-28 13:01:01,21,26,6047,9309
2023-12-28 13:01:11,22,26,6047,9309
2023-12-28 13:01:13,21,26,6047,9309
2023-12-28 13:01:46,22,26,6047,9309
2023-12-28 13:01:47,21,26,6047,9309
2023-12-28 13:01:48,21,23,6047,9309
2023-12-28 13:01:48,21,22,6047,9309
2023-12-28 13:01:48,19,22,6047,9309
2023-12-28 13:01:48,19,20,6047,9309
2023-12-28 13:01:49,18,20,6047,9309
2023-12-28 13:01:50,17,20,6047,9309
2023-12-28 13:01:52,16,20,6047,9309
2023-12-28 13:01:52,16,19,6047,9309
2023-12-28 13:01:53,17,19,6047,9309
2023-12-28 13:01:56,17,20,6047,9309
2023-12-28 13:02:09,17,19,6047,9309
2023-12-28 13:02:19,16,18,6047,9309
2023-12-28 13:02:21,16,19,6047,9309
2023-12-28 13:02:25,16,18,6047,9309
2023-12-28 13:02:28,16,19,6047,9309
2023-12-28 13:02:33,16,18,6047,9309
2023-12-28 13:02:34,15,18,6047,9309
2023-12-28 13:02:35,15,17,6047,9309
2023-12-28 13:02:39,15,16,6047,9309
2023-12-28 13:02:40,15,16,6247,9509
2023-12-28 13:02:43,14,15,6297,9559
2023-12-28 13:02:45,14,15,6357,9619
2023-12-28 13:02:45,13,15,6397,9659
2023-12-28 13:02:45,13,14,6397,9659
2023-12-28 13:02:47,13,15,6397,9659
2023-12-28 13:02:47,13,15,6417,9679
2023-12-28 13:02:49,13,14,6417,9679
2023-12-28 13:02:50,13,14,6477,9739
2023-12-28 13:02:55,13,14,6537,9799
2023-12-28 13:03:02,13,15,6537,9799
2023-12-28 13:03:32,12,13,6537,9809
2023-12-28 13:03:51,12,13,6737,10009
2023-12-28 13:03:51,10,13,6787,10059
2023-12-28 13:03:51,10,12,6787,10059
2023-12-28 13:03:58,9,10,6387,10459
2023-12-28 13:04:01,9,10,6187,10659
2023-12-28 13:04:03,9,10,5937,10909
2023-12-28 13:04:06,9,13,5795,11051
2023-12-28 13:04:14,9,12,5795,11051
2023-12-28 13:04:20,10,12,5795,11051
2023-12-28 13:04:20,10,13,5795,11051
2023-12-28 13:04:32,11,13,5795,11051
2023-12-28 13:04:34,11,14,5795,11051
2023-12-28 13:04:41,12,14,5795,11051
2023-12-28 13:04:49,11,14,5795,11051
2023-12-28 13:04:56,12,14,5795,11051
2023-12-28 13:04:57,12,15,5795,11051
2023-12-28 13:04:59,13,15,5795,11051
2023-12-28 13:05:00,12,15,5795,11051
2023-12-28 13:05:09,12,14,5795,11051
2023-12-28 13:05:12,11,14,5795,11051
2023-12-28 13:05:35,12,14,5795,11051
2023-12-28 13:05:37,11,14,5795,11051
2023-12-28 13:05:38,12,14,5795,11051
2023-12-28 13:05:40,11,14,5795,11051
2023-12-28 13:05:40,11,13,5795,11051
2023-12-28 13:05:49,10,13,5795,11051
2023-12-28 13:06:06,10,12,5795,11051
2023-12-28 13:06:13,9,12,5795,11051
2023-12-28 13:06:13,9,11,5795,11051
2023-12-28 13:06:21,9,11,5795,11144
2023-12-28 13:06:27,9,10,5795,11144
2023-12-28 13:06:44,9,10,5791,11344
2023-12-28 13:06:46,9,10,5541,11594
2023-12-28 13:06:48,9,12,5541,11594
2023-12-28 13:06:57,10,12,5541,11594
2023-12-28 13:06:58,10,13,5541,11594
2023-12-28 13:06:59,11,13,5541,11594
2023-12-28 13:07:11,11,12,5541,11594
2023-12-28 13:07:14,11,12,5541,11794
2023-12-28 13:07:15,11,12,5541,11994
2023-12-28 13:07:15,11,14,5391,12144
2023-12-28 13:07:41,12,14,5391,12144
2023-12-28 13:07:41,12,15,5391,12144
2023-12-28 13:08:11,11,15,5391,12144
2023-12-28 13:08:13,11,14,5391,12144
2023-12-28 13:08:23,11,15,5391,12144
2023-12-28 13:08:34,12,15,5391,12144
2023-12-28 13:08:41,13,15,5391,12144
2023-12-28 13:08:58,13,15,5391,12168
2023-12-28 13:09:09,14,15,5391,12168
2023-12-28 13:09:19,14,17,5391,12204
2023-12-28 13:09:37,15,17,5391,12204
2023-12-28 13:09:38,16,17,5391,12204
2023-12-28 13:09:39,16,19,5391,12204
2023-12-28 13:09:47,17,19,5391,12204
2023-12-28 13:10:04,17,20,5391,12204
2023-12-28 13:10:17,18,20,5391,12204
2023-12-28 13:10:56,17,20,5391,12204
2023-12-28 13:11:09,16,20,5391,12204
2023-12-28 13:11:09,16,19,5391,12204
2023-12-28 13:11:36,16,20,5391,12204
2023-12-28 13:11:37,17,20,5391,12204
2023-12-28 13:11:43,16,20,5391,12204
2023-12-28 13:11:52,16,19,5391,12204
2023-12-28 13:12:08,15,16,5391,12404
2023-12-28 13:12:19,14,16,5391,12404
2023-12-28 13:12:24,13,16,5391,12404
2023-12-28 13:12:58,14,16,5391,12404
2023-12-28 13:12:58,14,17,5391,12404
2023-12-28 13:13:00,14,18,5391,12404
2023-12-28 13:13:04,15,18,5391,12404
2023-12-28 13:13:06,15,19,5391,12404
2023-12-28 13:13:08,15,18,5391,12404
2023-12-28 13:13:27,15,19,5391,12404
2023-12-28 13:13:28,16,19,5391,12404
2023-12-28 13:13:36,15,19,5391,12404
2023-12-28 13:13:50,15,18,5391,12404
2023-12-28 13:14:07,15,17,5391,12404
2023-12-28 13:14:09,15,18,5391,12404
2023-12-28 13:14:29,15,17,5391,12404
2023-12-28 13:14:30,15,18,5391,12404
2023-12-28 13:14:35,15,17,5391,12404
2023-12-28 13:14:38,15,18,5391,12404
2023-12-28 13:14:39,15,17,5391,12404
2023-12-28 13:14:43,15,16,5391,12404
2023-12-28 13:14:48,15,17,5391,12404
2023-12-28 13:14:49,15,16,5391,12404
2023-12-28 13:15:03,15,17,5391,12404
2023-12-28 13:15:05,15,16,5391,12404
2023-12-28 13:15:08,15,17,5391,12404
2023-12-28 13:15:09,15,16,5391,12404
2023-12-28 13:15:13,15,17,5391,12404
2023-12-28 13:15:15,15,16,5391,12404
2023-12-28 13:15:22,15,17,5391,12404
2023-12-28 13:15:25,15,16,5391,12404
2023-12-28 13:15:26,15,17,5391,12404
2023-12-28 13:15:29,15,18,5391,12404
2023-12-28 13:15:30,15,17,5391,12404
2023-12-28 13:15:31,15,18,5391,12404
2023-12-28 13:15:50,15,17,5391,12404
2023-12-28 13:16:01,15,18,5391,12404
2023-12-28 13:16:06,15,17,5391,12404
2023-12-28 13:16:23,15,16,5391,12404
2023-12-28 13:16:30,15,17,5391,12404
2023-12-28 13:16:33,15,18,5391,12404
2023-12-28 13:16:57,15,17,5391,12404
2023-12-28 13:17:00,15,18,5391,12404
2023-12-28 13:17:11,15,17,5391,12404
2023-12-28 13:17:17,15,16,5391,12404
2023-12-28 13:17:22,15,17,5391,12404
2023-12-28 13:17:25,15,16,5391,12404
2023-12-28 13:17:41,15,17,5391,12404
2023-12-28 13:17:43,15,16,5391,12404
2023-12-28 13:18:01,15,17,5391,12404
2023-12-28 13:18:19,15,18,5391,12404
2023-12-28 13:18:25,15,19,5391,12404
2023-12-28 13:18:30,15,18,5391,12404
2023-12-28 13:18:33,15,19,5391,12404
2023-12-28 13:18:40,15,18,5391,12404
2023-12-28 13:18:43,15,19,5391,12404
2023-12-28 13:19:14,16,19,5391,12404
2023-12-28 13:19:20,16,20,5391,12404
2023-12-28 13:19:21,16,19,5391,12404
2023-12-28 13:19:24,16,20,5391,12404
2023-12-28 13:19:31,17,20,5391,12404
2023-12-28 13:19:32,16,20,5391,12404
2023-12-28 13:19:40,17,20,5391,12404
2023-12-28 13:20:00,16,20,5391,12404
2023-12-28 13:20:08,17,20,5391,12404
2023-12-28 13:20:18,16,20,5391,12404
2023-12-28 13:20:20,17,20,5391,12404
2023-12-28 13:20:36,18,20,5391,12404
2023-12-28 13:20:58,18,19,5391,12404
2023-12-28 13:21:01,18,20,5391,12404
2023-12-28 13:21:05,18,19,5391,12404
2023-12-28 13:21:07,18,20,5391,12404
2023-12-28 13:21:12,18,19,5391,12404
2023-12-28 13:21:41,18,20,5391,12404
2023-12-28 13:21:54,18,19,5391,12404
2023-12-28 13:21:56,18,20,5391,12404
2023-12-28 13:22:04,18,19,5391,12404
2023-12-28 13:22:24,18,20,5391,12404
2023-12-28 13:22:33,17,20,5391,12404
2023-12-28 13:23:13,17,21,5938,13489
2023-12-28 13:23:13,18,21,5938,13489
2023-12-28 13:23:14,19,21,5938,13489
2023-12-28 13:23:15,18,21,5938,13489
2023-12-28 13:23:15,18,22,5938,13489
2023-12-28 13:23:16,18,21,5938,13489
2023-12-28 13:23:33,18,20,5938,13489
2023-12-28 13:23:48,16,20,5938,13489
2023-12-28 13:23:48,17,20,5938,13489
2023-12-28 13:23:51,16,20,5938,13489
2023-12-28 13:23:51,17,20,5938,13489
2023-12-28 13:23:51,18,20,5938,13489
2023-12-28 13:24:27,19,20,5938,13489
2023-12-28 13:24:45,17,20,5938,13489
2023-12-28 13:24:45,18,20,5938,13489
2023-12-28 13:24:47,17,20,5938,13489
2023-12-28 13:24:47,19,20,5938,13489
2023-12-28 13:24:53,19,21,5938,13489
2023-12-28 13:25:01,18,21,5938,13489
2023-12-28 13:25:01,17,21,5938,13489
2023-12-28 13:25:01,18,21,5938,13489
2023-12-28 13:25:02,17,21,5938,13489
2023-12-28 13:25:02,19,21,5938,13489
2023-12-28 13:25:10,18,21,5938,13489
2023-12-28 13:25:10,17,21,5938,13489
2023-12-28 13:25:10,18,21,5938,13489
2023-12-28 13:25:12,17,21,5938,13489
2023-12-28 13:25:12,19,21,5938,13489
2023-12-28 13:25:13,17,21,5938,13489
2023-12-28 13:25:13,18,21,5938,13489
2023-12-28 13:25:31,18,20,5938,13489
2023-12-28 13:25:32,17,20,5938,13489
2023-12-28 13:25:32,16,20,5938,13489
2023-12-28 13:25:32,17,20,5938,13489
2023-12-28 13:25:35,17,19,5938,13489
2023-12-28 13:25:57,18,19,5938,13489
2023-12-28 13:25:57,18,21,5938,13489
2023-12-28 13:25:57,18,20,5938,13489
2023-12-28 13:26:05,16,20,5938,13489
2023-12-28 13:26:05,17,20,5938,13489
2023-12-28 13:26:08,16,20,5938,13489
2023-12-28 13:26:08,18,20,5938,13489
2023-12-28 13:26:14,16,20,5938,13489
2023-12-28 13:26:14,17,20,5938,13489
2023-12-28 13:26:15,16,20,5938,13489
2023-12-28 13:26:15,18,20,5938,13489
2023-12-28 13:26:23,16,20,5938,13489
2023-12-28 13:26:23,17,20,5938,13489
2023-12-28 13:26:41,16,20,5938,13489
2023-12-28 13:26:41,18,20,5938,13489
2023-12-28 13:26:42,16,20,5938,13489
2023-12-28 13:26:42,17,20,5938,13489
2023-12-28 13:26:57,17,19,5938,13489
2023-12-28 13:27:40,17,18,5938,13489
2023-12-28 13:27:42,15,18,5938,13489
2023-12-28 13:27:42,16,18,5938,13489
2023-12-28 13:27:48,15,18,5938,13489
2023-12-28 13:27:51,16,18,5938,13489
2023-12-28 13:28:27,16,19,5938,13489
2023-12-28 13:28:52,15,19,5938,13489
2023-12-28 13:28:52,17,19,5938,13489
2023-12-28 13:28:57,15,19,5938,13489
2023-12-28 13:28:57,16,19,5938,13489
2023-12-28 13:28:59,16,18,5938,13489
2023-12-28 13:29:07,15,18,5938,13489
2023-12-28 13:29:16,15,17,5938,13489
2023-12-28 13:29:43,15,16,5938,13489
2023-12-28 13:29:52,15,17,5938,13489
2023-12-28 13:30:03,15,18,5938,13489
2023-12-28 13:30:04,16,18,5938,13489
2023-12-28 13:30:07,15,18,5938,13489
2023-12-28 13:30:09,15,17,5938,13489
2023-12-28 13:30:17,15,18,5938,13489
2023-12-28 13:30:20,16,18,5938,13489
2023-12-28 13:30:23,15,18,5938,13489
2023-12-28 13:30:26,16,18,5938,13489
2023-12-28 13:30:31,16,19,5938,13489
2023-12-28 13:30:40,15,19,5938,13489
2023-12-28 13:30:40,17,19,5938,13489
2023-12-28 13:31:18,15,19,5938,13489
2023-12-28 13:31:18,16,19,5938,13489
2023-12-28 13:31:19,16,18,5938,13489
2023-12-28 13:31:25,16,19,5938,13489
2023-12-28 13:31:26,15,19,5938,13489
2023-12-28 13:31:26,17,19,5938,13489
2023-12-28 13:32:18,16,19,5938,13489
2023-12-28 13:32:18,18,19,5938,13489
2023-12-28 13:32:18,18,20,5938,13489
2023-12-28 13:32:27,16,20,5938,13489
2023-12-28 13:32:27,17,20,5938,13489
2023-12-28 13:32:50,16,20,5938,13489
2023-12-28 13:32:50,18,20,5938,13489
2023-12-28 13:32:51,16,20,5938,13489
2023-12-28 13:32:51,17,20,5938,13489
2023-12-28 13:32:54,16,20,5938,13489
2023-12-28 13:32:54,18,20,5938,13489
2023-12-28 13:33:05,16,20,5938,13489
2023-12-28 13:33:05,17,20,5938,13489
2023-12-28 13:33:15,17,19,5938,13489
2023-12-28 13:33:15,17,18,5938,13489
2023-12-28 13:33:25,16,18,5938,13489
2023-12-28 13:33:25,16,18,5938,13739
2023-12-28 13:33:25,16,19,5938,13739
2023-12-28 13:33:40,16,21,5938,13739
2023-12-28 13:35:25,16,19,5938,13739
2023-12-28 13:35:26,15,19,5938,13739
2023-12-28 13:36:25,16,19,5938,13739
2023-12-28 13:36:48,17,19,5938,13739
2023-12-28 13:36:48,17,21,5938,13739
2023-12-28 13:36:51,18,20,5938,13739
2023-12-28 13:36:53,18,22,5938,13739
2023-12-28 13:36:55,19,21,5938,13739
2023-12-28 13:36:57,19,21,5938,13989
2023-12-28 13:36:58,19,22,5938,13989
2023-12-28 13:36:59,19,21,5938,13989
2023-12-28 13:37:00,20,21,5938,13989
2023-12-28 13:37:00,20,22,5938,13989
2023-12-28 13:37:02,20,23,5938,13989
2023-12-28 13:37:05,22,23,5938,13989
2023-12-28 13:37:05,22,25,5938,13989
2023-12-28 13:37:05,22,24,5938,13989
2023-12-28 13:37:06,22,25,5938,13989
2023-12-28 13:37:07,23,25,5938,13989
2023-12-28 13:37:07,23,26,5938,13989
2023-12-28 13:37:10,24,26,5938,13989
2023-12-28 13:37:10,25,26,5938,13989
2023-12-28 13:37:10,25,28,6138,14189
2023-12-28 13:37:10,25,27,6138,14189
2023-12-28 13:37:10,25,28,6138,14189
2023-12-28 13:37:11,24,28,6138,14189
2023-12-28 13:37:11,24,27,6138,14189
2023-12-28 13:37:11,23,27,6138,14189
2023-12-28 13:37:17,22,27,6138,14189
2023-12-28 13:37:21,22,27,5938,14389
2023-12-28 13:37:23,23,27,5938,14389
2023-12-28 13:37:39,22,27,5938,14389
2023-12-28 13:37:39,22,26,5938,14389
2023-12-28 13:37:43,22,25,5938,14389
2023-12-28 13:37:48,20,25,5938,14389
2023-12-28 13:37:49,20,24,5938,14389
2023-12-28 13:37:51,20,25,5938,14389
2023-12-28 13:37:56,20,24,5938,14389
2023-12-28 13:38:00,19,24,5938,14389
2023-12-28 13:38:05,19,24,5938,14389
2023-12-28 13:38:07,20,23,5938,14389
2023-12-28 13:38:07,19,23,5938,14389
2023-12-28 13:38:09,19,22,5938,14389
2023-12-28 13:38:10,18,22,5938,14389
2023-12-28 13:38:11,18,21,5938,14389
2023-12-28 13:38:14,18,22,5938,14389
2023-12-28 13:38:16,19,22,5938,14389
2023-12-28 13:38:19,19,23,5938,14389
2023-12-28 13:38:23,19,24,5938,14389
2023-12-28 13:38:23,20,24,5938,14389
2023-12-28 13:38:24,20,25,5938,14389
2023-12-28 13:38:28,21,25,5938,14389
2023-12-28 13:38:29,20,25,5938,14389
2023-12-28 13:38:31,21,25,5938,14389
2023-12-28 13:38:32,20,25,5938,14389
2023-12-28 13:38:33,20,24,5938,14389
2023-12-28 13:38:35,20,25,5938,14389
2023-12-28 13:38:35,21,25,5938,14389
2023-12-28 13:38:38,20,25,5938,14389
2023-12-28 13:38:44,21,25,5938,14389
2023-12-28 13:38:45,20,25,5938,14389
2023-12-28 13:38:46,21,25,5938,14389
2023-12-28 13:39:02,21,24,5938,14389
2023-12-28 13:39:02,20,24,5938,14389
2023-12-28 13:39:03,20,25,5738,14589
2023-12-28 13:39:04,22,25,5738,14589
2023-12-28 13:40:01,20,25,5738,14589
2023-12-28 13:40:01,20,24,5738,14589
2023-12-28 13:40:02,19,24,5738,14589
2023-12-28 13:40:02,19,23,5738,14589
2023-12-28 13:40:04,19,22,5738,14589
2023-12-28 13:40:05,19,23,5738,14589
2023-12-28 13:40:06,19,22,5738,14589
2023-12-28 13:40:07,18,22,5738,14589
2023-12-28 13:40:09,18,20,5738,14589
2023-12-28 13:40:09,17,20,5738,14589
2023-12-28 13:40:10,17,19,5738,14589
2023-12-28 13:40:10,16,19,5738,14589
2023-12-28 13:40:17,16,18,5738,14589
2023-12-28 13:40:18,15,18,5738,14589
2023-12-28 13:40:39,15,19,5680,14789
2023-12-28 13:40:40,16,19,5680,14789
2023-12-28 13:40:45,16,20,5680,14789
2023-12-28 13:40:47,17,20,5680,14789
2023-12-28 13:40:51,18,20,5680,14789
2023-12-28 13:40:55,17,20,5680,14789
2023-12-28 13:41:02,16,20,5680,14789
2023-12-28 13:41:08,16,19,5680,14789
2023-12-28 13:41:09,16,20,5680,14789
2023-12-28 13:41:13,17,20,5680,14789
2023-12-28 13:41:25,16,20,5680,14789
2023-12-28 13:41:32,16,19,5680,14789
2023-12-28 13:41:40,16,20,5680,14789
2023-12-28 13:41:49,16,19,5680,14789
2023-12-28 13:41:50,15,19,5680,14789
2023-12-28 13:41:51,15,18,5680,14789
2023-12-28 13:42:05,15,17,5680,14789
2023-12-28 13:42:07,15,18,5680,14789
2023-12-28 13:42:11,15,17,5680,14789
2023-12-28 13:42:13,15,18,5680,14789
2023-12-28 13:42:24,15,19,5680,14789
2023-12-28 13:42:31,16,19,5680,14789
2023-12-28 13:42:31,16,20,5680,14789
2023-12-28 13:42:49,17,20,5680,14789
2023-12-28 13:42:52,17,21,5680,14789
2023-12-28 13:43:07,17,21,5680,14789
2023-12-28 13:43:37,16,21,5680,14789
2023-12-28 13:43:38,16,20,5680,14789
2023-12-28 13:43:39,16,21,5680,14789
2023-12-28 13:43:39,17,21,5680,14789
2023-12-28 13:43:42,16,21,5680,14789
2023-12-28 13:43:44,17,21,5680,14789
2023-12-28 13:43:52,16,21,5680,14789
2023-12-28 13:43:52,16,20,5680,14789
2023-12-28 13:44:36,15,20,5680,14789
2023-12-28 13:44:55,15,19,5680,14789
2023-12-28 13:45:10,15,18,5680,14789
2023-12-28 13:45:50,15,17,5680,14789
2023-12-28 13:45:57,15,18,5680,14789
2023-12-28 13:46:13,15,17,5680,14789
2023-12-28 13:46:27,15,16,5680,14789
2023-12-28 13:46:32,12,16,5880,14989
2023-12-28 13:46:33,13,16,5880,14989
2023-12-28 13:46:34,13,17,5880,14989
2023-12-28 13:46:37,14,17,5880,14989
2023-12-28 13:46:40,14,18,5880,14989
2023-12-28 13:46:48,15,18,5880,14989
2023-12-28 13:46:52,14,18,5880,14989
2023-12-28 13:47:10,14,17,5880,14989
2023-12-28 13:47:21,13,17,5880,14989
2023-12-28 13:47:25,13,16,5880,14989
2023-12-28 13:47:26,13,17,5880,14989
2023-12-28 13:47:27,14,17,5880,14989
2023-12-28 13:47:28,13,17,5880,14989
2023-12-28 13:47:37,14,17,5880,14989
2023-12-28 13:47:42,13,17,5880,14989
2023-12-28 13:47:46,14,17,5880,14989
2023-12-28 13:47:49,13,17,5880,14989
2023-12-28 13:48:05,13,16,5880,14989
2023-12-28 13:48:08,12,16,5880,14989
2023-12-28 13:48:12,13,16,5880,14989
2023-12-28 13:48:13,12,16,5880,14989
2023-12-28 13:48:15,13,16,5880,14989
2023-12-28 13:48:22,13,17,5880,14989
2023-12-28 13:48:23,14,17,5880,14989
2023-12-28 13:48:26,13,17,5880,14989
2023-12-28 13:48:33,13,16,5880,14989
2023-12-28 13:48:42,12,16,5880,14989
2023-12-28 13:49:04,12,15,5880,14989
2023-12-28 13:49:21,12,14,5880,14989
2023-12-28 13:49:34,12,15,5880,14989
2023-12-28 13:49:43,12,16,5880,14989
2023-12-28 13:49:55,13,16,5880,14989
2023-12-28 13:50:15,14,16,5880,14989
2023-12-28 13:50:15,14,17,5880,14989
2023-12-28 13:50:16,13,17,5880,14989
2023-12-28 13:50:16,13,17,5880,15167
2023-12-28 13:50:18,13,17,5985,15294
2023-12-28 13:50:19,14,17,5985,15294
2023-12-28 13:50:23,13,17,5985,15294
2023-12-28 13:50:24,13,16,5985,15294
2023-12-28 13:50:48,13,17,5985,15294
2023-12-28 13:50:48,14,17,5985,15294
2023-12-28 13:50:48,14,17,5985,15294
2023-12-28 13:50:49,14,18,5985,15294
2023-12-28 13:50:49,14,17,5985,15294
2023-12-28 13:50:49,14,16,5985,15294
2023-12-28 13:50:50,14,17,5985,15294
2023-12-28 13:50:56,14,16,5985,15294
2023-12-28 13:50:57,13,16,5985,15294
2023-12-28 13:51:12,14,16,5985,15294
2023-12-28 13:51:35,13,16,5985,15294
2023-12-28 13:51:45,14,16,5985,15294
2023-12-28 13:52:02,13,16,5985,15294
2023-12-28 13:52:06,14,16,5985,15294
2023-12-28 13:52:16,14,17,5985,15294
2023-12-28 13:52:16,15,17,5985,15294
2023-12-28 13:52:16,15,18,5985,15294
2023-12-28 13:52:16,15,17,5985,15294
2023-12-28 13:52:18,14,17,5985,15294
2023-12-28 13:52:33,14,18,5985,15294
2023-12-28 13:52:33,14,16,5985,15294
2023-12-28 13:52:37,14,17,5985,15294
2023-12-28 13:52:39,15,17,5985,15294
2023-12-28 13:52:55,14,17,5985,15294
2023-12-28 13:53:06,15,17,5985,15294
2023-12-28 13:53:22,15,18,5985,15294
2023-12-28 13:53:22,16,18,5985,15294
2023-12-28 13:53:22,16,19,5985,15294
2023-12-28 13:53:22,16,18,5985,15294
2023-12-28 13:53:33,17,18,5985,15294
2023-12-28 13:53:34,17,20,5985,15294
2023-12-28 13:53:34,17,19,5985,15294
2023-12-28 13:53:38,17,18,5985,15294
2023-12-28 13:53:41,17,20,5985,15294
2023-12-28 13:53:41,17,19,5985,15294
2023-12-28 13:53:46,17,18,5985,15294
2023-12-28 13:53:53,16,18,5985,15294
2023-12-28 13:54:02,16,19,5985,15294
2023-12-28 13:54:02,16,20,5985,15294
2023-12-28 13:54:02,16,19,5985,15294
2023-12-28 13:54:07,17,19,5985,15294
2023-12-28 13:54:26,16,19,5985,15294
2023-12-28 13:54:45,16,20,5985,15294
2023-12-28 13:54:45,16,18,5985,15294
2023-12-28 13:54:57,15,18,5985,15294
2023-12-28 13:54:58,15,19,5985,15294
2023-12-28 13:54:58,15,17,5985,15294
2023-12-28 13:55:05,14,17,5985,15294
2023-12-28 13:55:06,13,17,5985,15294
2023-12-28 13:55:06,13,16,5985,15294
2023-12-28 13:55:19,13,15,5985,15294
2023-12-28 13:55:20,12,15,5985,15294
2023-12-28 13:55:59,12,14,5985,15294
2023-12-28 13:56:03,12,15,5985,15294
2023-12-28 13:56:10,12,14,5985,15294
2023-12-28 13:56:10,12,15,5880,15399
2023-12-28 13:56:38,12,14,5880,15399
2023-12-28 13:56:39,12,15,5880,15399
2023-12-28 13:56:41,12,14,5880,15399
2023-12-28 13:56:42,11,14,5880,15399
2023-12-28 13:57:03,11,15,5880,15399
2023-12-28 13:57:11,12,15,5880,15399
2023-12-28 13:57:17,11,15,5880,15399
2023-12-28 13:57:20,12,15,5880,15399
2023-12-28 13:57:21,11,15,5880,15399
2023-12-28 13:57:50,12,15,5880,15399
2023-12-28 13:58:07,11,15,5880,15399
2023-12-28 13:58:22,12,15,5880,15399
2023-12-28 13:58:47,12,16,5880,15399
2023-12-28 13:59:02,13,16,5880,15399
2023-12-28 13:59:12,13,17,5880,15399
2023-12-28 13:59:13,14,17,5880,15399
2023-12-28 13:59:37,13,17,5880,15399
2023-12-28 13:59:47,13,16,5880,15399
2023-12-28 13:59:49,12,16,5880,15399
2023-12-28 13:59:51,13,16,5880,15399
2023-12-28 13:59:52,12,16,5880,15399
2023-12-28 13:59:53,13,16,5880,15399
2023-12-28 13:59:58,12,16,5880,15399
2023-12-28 14:00:01,13,16,5880,15399
2023-12-28 14:00:03,12,16,5880,15399
2023-12-28 14:00:08,13,16,5880,15399
2023-12-28 14:00:16,13,17,5880,15399
2023-12-28 14:00:24,14,17,5880,15399
2023-12-28 14:00:32,14,18,5880,15399
2023-12-28 14:00:32,15,18,5880,15399
2023-12-28 14:00:36,15,19,5880,15399
2023-12-28 14:00:38,15,18,5880,15399
2023-12-28 14:00:40,15,19,5880,15399
2023-12-28 14:00:56,15,18,5880,15399
2023-12-28 14:00:58,14,18,5880,15399
2023-12-28 14:01:02,14,17,5880,15399
2023-12-28 14:01:02,13,17,5880,15399
2023-12-28 14:01:10,13,16,5880,15399
2023-12-28 14:01:13,13,17,5880,15399
2023-12-28 14:01:34,14,17,5880,15399
2023-12-28 14:01:35,14,18,5880,15399
2023-12-28 14:01:57,14,19,5880,15399
2023-12-28 14:02:01,14,18,5880,15399
2023-12-28 14:02:09,14,19,5880,15399
2023-12-28 14:02:32,14,18,5880,15399
2023-12-28 14:03:01,13,18,5880,15399
2023-12-28 14:03:01,13,17,5880,15399
2023-12-28 14:03:08,13,18,5880,15399
2023-12-28 14:03:09,14,18,5880,15399
2023-12-28 14:03:13,13,18,5880,15399
2023-12-28 14:03:14,14,18,5880,15399
2023-12-28 14:03:16,14,17,5880,15399
2023-12-28 14:03:22,13,17,5880,15399
2023-12-28 14:03:44,14,17,5880,15399
2023-12-28 14:03:50,15,17,5880,15399
2023-12-28 14:03:50,15,19,5880,15399
2023-12-28 14:03:50,15,18,5880,15399
2023-12-28 14:03:51,14,18,5880,15399
2023-12-28 14:03:56,15,18,5880,15399
2023-12-28 14:03:58,15,19,5880,15399
2023-12-28 14:04:00,16,19,5880,15399
2023-12-28 14:04:00,16,20,5880,15399
2023-12-28 14:04:06,15,20,5880,15399
2023-12-28 14:04:15,16,20,5880,15399
2023-12-28 14:04:18,15,20,5880,15399
2023-12-28 14:04:20,16,20,5880,15399
2023-12-28 14:04:48,17,20,5880,15399
2023-12-28 14:05:11,16,20,5880,15399
2023-12-28 14:05:12,17,20,5880,15399
2023-12-28 14:05:17,16,20,5880,15399
2023-12-28 14:05:25,15,20,5880,15399
2023-12-28 14:05:27,15,20,5880,15399
2023-12-28 14:05:27,16,20,5880,15399
2023-12-28 14:05:46,15,20,5880,15399
2023-12-28 14:06:16,16,20,5880,15399
2023-12-28 14:06:30,15,20,5880,15399
2023-12-28 14:06:35,16,20,5880,15399
2023-12-28 14:07:07,15,20,5880,15399
2023-12-28 14:07:54,15,19,5880,15399
2023-12-28 14:07:58,15,18,5880,15399
2023-12-28 14:08:03,15,19,5880,15399
2023-12-28 14:08:39,16,19,5880,15399
2023-12-28 14:08:39,17,19,5880,15399
2023-12-28 14:08:39,17,20,5880,15399
2023-12-28 14:08:59,15,20,5880,15399
2023-12-28 14:09:03,16,20,5880,15399
2023-12-28 14:09:11,15,20,5880,15399
2023-12-28 14:09:13,15,19,5880,15399
2023-12-28 14:09:17,14,19,5880,15399
2023-12-28 14:09:20,14,18,5880,15399
2023-12-28 14:09:32,13,18,5880,15399
2023-12-28 14:09:32,13,17,5880,15399
2023-12-28 14:09:34,14,17,5880,15399
2023-12-28 14:09:57,15,18,5880,15399
2023-12-28 14:10:18,14,18,5880,15399
2023-12-28 14:10:23,15,18,5880,15399
2023-12-28 14:10:29,14,18,5880,15399
2023-12-28 14:10:42,15,18,5880,15399
2023-12-28 14:10:57,15,20,5880,15399
2023-12-28 14:10:58,16,19,5880,15399
2023-12-28 14:10:59,15,19,5880,15399
2023-12-28 14:11:22,15,19,5881,15400
2023-12-28 14:11:22,15,18,5881,15400
2023-12-28 14:11:52,15,19,5881,15415
2023-12-28 14:11:56,16,19,5881,15415
2023-12-28 14:11:56,17,19,5881,15415
2023-12-28 14:11:58,17,20,5881,15415
2023-12-28 14:12:03,17,21,5881,15415
2023-12-28 14:12:03,16,21,5881,15415
2023-12-28 14:12:03,16,20,5881,15415
2023-12-28 14:12:03,16,19,5881,15415
2023-12-28 14:12:17,17,19,5881,15415
2023-12-28 14:12:19,17,21,5881,15415
2023-12-28 14:12:19,19,21,5881,15415
2023-12-28 14:12:20,20,21,5881,15415
2023-12-28 14:12:25,19,21,5881,15415
2023-12-28 14:12:26,20,21,5881,15415
2023-12-28 14:12:37,19,21,5881,15415
2023-12-28 14:12:38,20,21,5881,15415
2023-12-28 14:12:42,21,22,5881,15416
2023-12-28 14:12:42,21,23,5881,15416
2023-12-28 14:12:42,21,24,5881,15416
2023-12-28 14:12:42,21,23,5881,15416
2023-12-28 14:13:03,20,23,5881,15416
2023-12-28 14:13:07,20,24,5881,15416
2023-12-28 14:13:07,20,22,5881,15416
2023-12-28 14:13:08,19,22,5881,15416
2023-12-28 14:13:11,20,22,5881,15416
2023-12-28 14:13:13,19,22,5881,15416
2023-12-28 14:13:20,19,23,5881,15416
2023-12-28 14:13:20,19,21,5881,15416
2023-12-28 14:13:21,19,23,5881,15416
2023-12-28 14:13:21,19,22,5881,15416
2023-12-28 14:13:24,19,23,5881,15416
2023-12-28 14:13:24,19,21,5881,15416
2023-12-28 14:13:28,17,21,5881,15416
2023-12-28 14:13:34,17,20,5881,15416
2023-12-28 14:13:51,16,20,5881,15416
2023-12-28 14:13:51,16,19,5881,15416
2023-12-28 14:13:52,16,20,5881,15416
2023-12-28 14:13:58,17,20,5881,15416
2023-12-28 14:13:59,17,21,5881,15416
2023-12-28 14:14:00,18,21,5881,15416
2023-12-28 14:14:19,17,21,5881,15416
2023-12-28 14:14:22,17,22,5881,15416
2023-12-28 14:14:22,17,20,5881,15416
2023-12-28 14:15:03,16,20,5881,15416
2023-12-28 14:15:03,16,19,5881,15416
2023-12-28 14:15:09,16,21,5881,15416
2023-12-28 14:15:09,17,21,5881,15416
2023-12-28 14:15:09,17,20,5881,15416
2023-12-28 14:15:21,18,20,5881,15416
2023-12-28 14:15:22,18,22,5881,15416
2023-12-28 14:15:22,18,21,5881,15416
2023-12-28 14:15:32,19,21,5881,15416
2023-12-28 14:15:39,19,23,5881,15416
2023-12-28 14:15:39,19,22,5881,15416
2023-12-28 14:16:10,19,23,5881,15416
2023-12-28 14:16:10,19,21,5881,15416
2023-12-28 14:16:13,18,21,5881,15416
2023-12-28 14:16:14,19,21,5881,15416
2023-12-28 14:16:16,19,23,5881,15416
2023-12-28 14:16:16,19,22,5881,15416
2023-12-28 14:16:17,19,23,5881,15416
2023-12-28 14:16:17,19,21,5881,15416
2023-12-28 14:16:20,19,23,5881,15416
2023-12-28 14:16:20,19,22,5881,15416
2023-12-28 14:16:21,19,23,5881,15416
2023-12-28 14:16:21,19,21,5881,15416
2023-12-28 14:16:26,18,21,5881,15416
2023-12-28 14:16:29,19,21,5881,15416
2023-12-28 14:16:31,18,21,5881,15416
2023-12-28 14:16:34,19,21,5881,15416
2023-12-28 14:16:41,19,23,5881,15416
2023-12-28 14:16:41,19,22,5881,15416
2023-12-28 14:16:56,19,23,5881,15416
2023-12-28 14:16:56,19,21,5881,15416
2023-12-28 14:16:57,18,21,5881,15416
2023-12-28 14:17:42,19,21,5881,15416
2023-12-28 14:17:52,18,21,5881,15416
2023-12-28 14:17:55,19,21,5881,15416
2023-12-28 14:17:56,18,21,5881,15416
2023-12-28 14:18:13,19,21,5881,15416
2023-12-28 14:18:23,18,21,5881,15416
2023-12-28 14:18:24,19,21,5881,15416
2023-12-28 14:18:37,18,21,5881,15416
2023-12-28 14:18:39,19,21,5881,15416
2023-12-28 14:18:54,19,23,5881,15416
2023-12-28 14:18:54,19,22,5881,15416
2023-12-28 14:18:55,19,23,5881,15416
2023-12-28 14:18:55,19,21,5881,15416
2023-12-28 14:19:12,18,21,5881,15416
2023-12-28 14:19:26,18,22,5881,15416
2023-12-28 14:19:26,18,20,5881,15416
2023-12-28 14:19:29,18,22,5881,15416
2023-12-28 14:19:29,18,21,5881,15416
2023-12-28 14:19:35,18,22,5881,15416
2023-12-28 14:19:35,18,20,5881,15416
2023-12-28 14:19:36,18,22,5881,15416
2023-12-28 14:19:36,18,21,5881,15416
2023-12-28 14:19:38,18,22,5881,15416
2023-12-28 14:19:38,18,20,5881,15416
2023-12-28 14:19:41,17,20,5881,15416
2023-12-28 14:19:50,16,20,5881,15416
2023-12-28 14:19:51,16,21,5881,15416
2023-12-28 14:19:51,16,19,5881,15416
2023-12-28 14:19:54,16,21,5881,15416
2023-12-28 14:19:54,17,21,5881,15416
2023-12-28 14:19:54,17,20,5881,15416
2023-12-28 14:19:55,17,21,5881,15416
2023-12-28 14:19:55,16,19,5881,15416
2023-12-28 14:20:00,15,19,5881,15416
2023-12-28 14:20:03,16,19,5881,15416
2023-12-28 14:20:04,15,19,5881,15416
2023-12-28 14:20:05,16,19,5881,15416
2023-12-28 14:20:13,15,19,5881,15416
2023-12-28 14:20:18,15,20,5881,15416
2023-12-28 14:20:18,15,19,5881,15416
2023-12-28 14:20:18,15,18,5881,15416
2023-12-28 14:20:27,14,18,5881,15416
2023-12-28 14:20:41,14,17,5881,15416
2023-12-28 14:20:48,13,17,5881,15416
2023-12-28 14:20:52,13,16,5881,15416
2023-12-28 14:21:11,13,17,5881,15416
2023-12-28 14:21:12,14,17,5881,15416
2023-12-28 14:21:14,13,17,5881,15416
2023-12-28 14:21:19,13,16,5881,15416
2023-12-28 14:21:30,13,17,5880,15617
2023-12-28 14:21:31,14,17,5880,15617
2023-12-28 14:21:42,14,18,5880,15617
2023-12-28 14:21:43,15,18,5880,15617
2023-12-28 14:21:45,16,18,5880,15617
2023-12-28 14:21:46,16,19,5880,15954
2023-12-28 14:21:59,15,19,5880,15954
2023-12-28 14:22:00,16,19,5880,15954
2023-12-28 14:22:09,17,19,5880,15954
2023-12-28 14:22:11,16,19,5880,15954
2023-12-28 14:22:13,17,19,5880,15954
2023-12-28 14:22:14,16,19,5880,15954
2023-12-28 14:22:23,17,19,5880,15954
2023-12-28 14:22:28,16,19,5880,15954
2023-12-28 14:22:37,16,20,5880,15954
2023-12-28 14:23:42,15,20,5880,15954
2023-12-28 14:23:43,15,19,5880,15954
2023-12-28 14:23:54,15,20,5880,15954
2023-12-28 14:23:57,16,20,5880,15954
2023-12-28 14:24:10,17,20,5880,15954
2023-12-28 14:24:10,17,21,5880,15954
2023-12-28 14:24:16,18,21,5880,15954
2023-12-28 14:24:16,18,22,5880,15954
2023-12-28 14:24:19,17,22,5880,15954
2023-12-28 14:24:23,18,22,5880,15954
2023-12-28 14:24:27,18,23,5880,15954
2023-12-28 14:24:41,19,23,5880,15954
2023-12-28 14:24:42,18,23,5880,15954
2023-12-28 14:24:59,18,22,5880,15954
2023-12-28 14:25:00,17,22,5880,15954
2023-12-28 14:25:05,18,22,5880,15954
2023-12-28 14:25:09,17,22,5880,15954
2023-12-28 14:25:28,18,22,5880,15954
2023-12-28 14:25:28,18,23,5880,15954
2023-12-28 14:26:30,17,23,5880,15954
2023-12-28 14:26:31,17,22,5880,15954
2023-12-28 14:26:46,18,22,5880,15954
2023-12-28 14:26:47,17,22,5880,15954
2023-12-28 14:27:05,18,22,5880,15954
2023-12-28 14:27:08,18,23,5880,15954
2023-12-28 14:27:09,20,23,5880,15954
2023-12-28 14:27:19,18,23,5880,15954
2023-12-28 14:27:20,19,23,5880,15954
2023-12-28 14:27:21,19,24,5880,15954
2023-12-28 14:27:25,21,24,5880,15954
2023-12-28 14:27:36,18,24,5880,15954
2023-12-28 14:27:36,19,24,5880,15954
2023-12-28 14:27:39,21,24,5880,15954
2023-12-28 14:27:48,22,24,5880,15954
2023-12-28 14:27:48,22,25,5880,15954
2023-12-28 14:27:51,21,25,5880,15954
2023-12-28 14:27:52,22,25,5880,15954
2023-12-28 14:28:02,23,25,5880,15954
2023-12-28 14:28:04,22,25,5880,15954
2023-12-28 14:28:18,21,25,5880,15954
2023-12-28 14:28:19,22,25,5880,15954
2023-12-28 14:28:22,21,25,5880,15954
2023-12-28 14:29:01,21,24,5880,15954
2023-12-28 14:29:09,21,25,5880,15954
2023-12-28 14:29:10,21,24,5880,15954
2023-12-28 14:29:11,21,25,5880,15954
2023-12-28 14:29:20,21,24,5880,15954
2023-12-28 14:29:22,21,25,5880,15954
2023-12-28 14:29:23,21,24,5880,15954
2023-12-28 14:29:34,19,24,5880,15954
2023-12-28 14:29:38,19,25,5880,15954
2023-12-28 14:29:49,19,24,5880,15954
2023-12-28 14:29:51,19,25,5880,15954
2023-12-28 14:29:56,19,24,5880,15954
2023-12-28 14:30:18,19,23,5880,15954
2023-12-28 14:30:21,19,24,5880,15954
2023-12-28 14:30:29,19,23,5880,15954
2023-12-28 14:30:29,18,23,5880,15954
2023-12-28 14:30:30,18,22,5880,15954
2023-12-28 14:30:32,18,23,5880,15954
2023-12-28 14:30:34,19,24,5880,15954
2023-12-28 14:30:41,20,24,5880,15954
2023-12-28 14:30:43,19,24,5880,15954
2023-12-28 14:30:44,20,24,5880,15954
2023-12-28 14:30:46,21,25,5880,15954
2023-12-28 14:30:59,20,25,5880,15954
2023-12-28 14:31:03,21,25,5880,15954
2023-12-28 14:31:11,22,25,5880,15954
2023-12-28 14:31:23,24,25,5880,15954
2023-12-28 14:31:34,25,28,5880,15955
2023-12-28 14:31:36,24,28,5880,15955
2023-12-28 14:31:37,25,28,5880,15955
2023-12-28 14:31:39,24,28,5880,15955
2023-12-28 14:31:42,24,27,5880,15955
2023-12-28 14:31:42,22,27,5880,15955
2023-12-28 14:31:43,22,28,5880,15955
2023-12-28 14:31:43,23,28,5880,15955
2023-12-28 14:31:56,22,28,5880,15955
2023-12-28 14:31:57,23,28,5880,15955
2023-12-28 14:31:58,22,28,5880,15955
2023-12-28 14:32:01,22,27,5880,15955
2023-12-28 14:32:06,22,26,5880,15955
2023-12-28 14:32:15,21,25,5880,15955
2023-12-28 14:32:17,20,25,5880,15955
2023-12-28 14:32:21,20,24,5880,15955
2023-12-28 14:32:22,20,25,5880,15955
2023-12-28 14:32:25,20,24,5880,15955
2023-12-28 14:32:28,20,25,5880,15955
2023-12-28 14:32:32,21,25,5880,15955
2023-12-28 14:32:33,21,25,5880,15955
2023-12-28 14:32:35,21,26,5880,15955
2023-12-28 14:32:43,22,26,5880,15955
2023-12-28 14:32:54,21,26,5880,15955
2023-12-28 14:33:06,21,24,5880,15955
2023-12-28 14:33:06,20,24,5880,15955
2023-12-28 14:33:13,20,23,5880,15955
2023-12-28 14:33:18,19,23,5880,15955
2023-12-28 14:33:19,19,22,5880,15955
2023-12-28 14:33:20,19,21,5880,15955
2023-12-28 14:33:21,18,21,5880,15955
2023-12-28 14:33:23,18,20,5880,15955
2023-12-28 14:33:30,17,20,5880,15955
2023-12-28 14:33:31,17,19,6080,16155
2023-12-28 14:33:31,16,18,6280,16355
2023-12-28 14:33:32,16,19,6280,16355
2023-12-28 14:33:33,15,19,6280,16355
2023-12-28 14:33:40,15,20,6280,16355
2023-12-28 14:33:41,15,19,6280,16355
2023-12-28 14:33:55,15,18,6280,16355
2023-12-28 14:34:03,15,17,6280,16355
2023-12-28 14:34:04,14,17,6280,16355
2023-12-28 14:34:10,14,18,6280,16355
2023-12-28 14:34:16,15,18,6280,16355
2023-12-28 14:34:17,16,18,6280,16355
2023-12-28 14:34:17,16,20,6280,16355
2023-12-28 14:34:17,16,19,6280,16355
2023-12-28 14:34:18,17,19,6280,16355
2023-12-28 14:34:20,17,21,6280,16355
2023-12-28 14:34:20,17,20,6280,16355
2023-12-28 14:34:26,16,20,6280,16355
2023-12-28 14:34:26,16,21,6280,16355
2023-12-28 14:34:26,16,19,6280,16355
2023-12-28 14:34:39,17,19,6280,16355
2023-12-28 14:34:46,17,21,6280,16355
2023-12-28 14:34:46,17,20,6280,16355
2023-12-28 14:34:47,17,21,6280,16355
2023-12-28 14:34:47,17,19,6280,16355
2023-12-28 14:34:49,17,21,6280,16355
2023-12-28 14:34:49,17,20,6280,16355
2023-12-28 14:34:52,17,21,6280,16355
2023-12-28 14:34:52,17,19,6280,16355
2023-12-28 14:34:59,17,21,6280,16355
2023-12-28 14:34:59,17,20,6280,16355
2023-12-28 14:35:01,18,20,6280,16355
2023-12-28 14:35:05,17,20,6280,16355
2023-12-28 14:35:06,18,20,6280,16355
2023-12-28 14:35:16,18,22,6280,16355
2023-12-28 14:35:16,19,22,6280,16355
2023-12-28 14:35:16,19,21,6280,16355
2023-12-28 14:35:20,18,21,6280,16355
2023-12-28 14:35:20,18,20,6280,16355
2023-12-28 14:35:47,19,20,6280,16355
2023-12-28 14:35:48,19,22,6280,16355
2023-12-28 14:35:48,19,21,6280,16355
2023-12-28 14:35:51,20,21,6280,16355
2023-12-28 14:35:53,20,23,6280,16355
2023-12-28 14:35:53,20,22,6280,16355
2023-12-28 14:36:01,20,22,6080,16555
2023-12-28 14:36:02,19,22,6080,16555
2023-12-28 14:36:15,18,22,6080,16555
2023-12-28 14:36:15,18,21,6080,16555
2023-12-28 14:36:27,18,23,6080,16555
2023-12-28 14:36:27,19,23,6080,16555
2023-12-28 14:36:27,19,22,6080,16555
2023-12-28 14:36:28,18,22,6080,16555
2023-12-28 14:36:52,17,21,6080,16555
2023-12-28 14:36:52,17,20,6080,16555
2023-12-28 14:37:00,18,20,6080,16555
2023-12-28 14:37:00,18,22,6080,16555
2023-12-28 14:37:00,18,21,6080,16555
2023-12-28 14:37:14,19,21,6080,16555
2023-12-28 14:37:17,19,23,6080,16555
2023-12-28 14:37:17,19,22,6080,16555
2023-12-28 14:37:24,19,21,6080,16555
2023-12-28 14:37:25,18,21,6080,16555
2023-12-28 14:37:27,20,21,6080,16555
2023-12-28 14:37:28,20,23,6080,16555
2023-12-28 14:37:28,20,22,6080,16555
2023-12-28 14:37:31,20,21,6080,16555
2023-12-28 14:37:33,18,21,6080,16555
2023-12-28 14:37:35,18,23,6080,16555
2023-12-28 14:37:35,20,23,6080,16555
2023-12-28 14:37:35,20,22,6080,16555
2023-12-28 14:37:36,20,22,5880,16755
2023-12-28 14:37:36,21,22,5880,16755
2023-12-28 14:37:36,21,23,5880,16755
2023-12-28 14:37:36,21,25,5880,16755
2023-12-28 14:37:36,21,24,5880,16755
2023-12-28 14:37:37,20,24,5880,16755
2023-12-28 14:37:39,21,24,5880,16755
2023-12-28 14:37:40,23,24,5880,16755
2023-12-28 14:37:40,23,26,5880,16755
2023-12-28 14:37:40,23,25,5880,16755
2023-12-28 14:37:42,24,25,5880,16755
2023-12-28 14:37:42,24,27,5880,16755
2023-12-28 14:37:42,24,26,5880,16755
2023-12-28 14:37:51,24,28,5880,16755
2023-12-28 14:37:55,23,27,5880,16755
2023-12-28 14:37:56,24,27,5880,16755
2023-12-28 14:37:57,23,27,5880,16755
2023-12-28 14:37:58,24,27,5880,16755
2023-12-28 14:38:00,23,27,5880,16755
2023-12-28 14:38:05,21,27,5880,16755
2023-12-28 14:38:05,21,25,5880,16755
2023-12-28 14:38:39,20,25,5880,16755
2023-12-28 14:38:48,20,24,5880,16755
2023-12-28 14:38:57,19,24,5880,16755
2023-12-28 14:39:01,19,23,5880,16755
2023-12-28 14:39:02,18,23,5880,16755
2023-12-28 14:39:06,18,21,5880,16755
2023-12-28 14:39:10,18,20,5880,16755
2023-12-28 14:39:10,17,20,5880,16755
2023-12-28 14:39:13,17,21,5880,16755
2023-12-28 14:39:14,17,20,5880,16755
2023-12-28 14:39:24,16,20,5880,16755
2023-12-28 14:39:26,16,20,5880,16755
2023-12-28 14:39:30,16,19,5880,16755
2023-12-28 14:39:37,16,20,5880,16755
2023-12-28 14:39:39,16,19,5880,16755
2023-12-28 14:39:40,16,20,5880,16755
2023-12-28 14:39:59,16,21,5880,16755
2023-12-28 14:40:00,17,21,5880,16755
2023-12-28 14:40:00,17,22,5880,16755
2023-12-28 14:40:10,16,22,5880,16755
2023-12-28 14:40:13,17,22,5880,16755
2023-12-28 14:40:54,18,22,5880,16755
2023-12-28 14:41:02,18,24,5880,16755
2023-12-28 14:41:03,20,23,5880,16755
2023-12-28 14:41:03,20,24,5880,16755
2023-12-28 14:41:50,18,24,5880,16755
2023-12-28 14:42:00,18,22,5880,16755
2023-12-28 14:42:02,17,22,5880,16755
2023-12-28 14:42:02,17,21,5880,16755
2023-12-28 14:42:15,17,22,5880,16755
2023-12-28 14:42:19,18,22,5880,16755
2023-12-28 14:42:29,17,22,5880,16755
2023-12-28 14:42:31,17,21,5880,16755
2023-12-28 14:42:35,16,21,5880,16755
2023-12-28 14:42:35,16,20,5880,16755
2023-12-28 14:42:38,18,20,5880,16755
2023-12-28 14:42:53,18,21,5880,16755
2023-12-28 14:43:13,18,20,5880,16755
2023-12-28 14:43:16,18,20,6080,16955
2023-12-28 14:43:16,18,19,6080,16955
2023-12-28 14:43:40,18,19,6280,17155
2023-12-28 14:43:41,15,19,6280,17155
2023-12-28 14:43:56,15,20,6280,17155
2023-12-28 14:43:56,16,20,6280,17155
2023-12-28 14:44:02,17,20,6280,17155
2023-12-28 14:44:02,17,21,6280,17155
2023-12-28 14:44:06,18,21,6280,17155
2023-12-28 14:44:23,17,21,6280,17155
2023-12-28 14:44:43,16,21,6280,17155
2023-12-28 14:44:44,17,21,6280,17155
2023-12-28 14:44:46,16,21,6280,17155
2023-12-28 14:44:47,17,21,6280,17155
2023-12-28 14:44:48,16,21,6280,17155
2023-12-28 14:44:50,16,20,6280,17155
2023-12-28 14:45:15,15,20,6280,17155
2023-12-28 14:45:16,15,19,6280,17155
2023-12-28 14:45:33,14,19,6280,17155
2023-12-28 14:45:33,14,18,6280,17155
2023-12-28 14:45:34,14,19,6280,17155
2023-12-28 14:45:34,15,19,6280,17155
2023-12-28 14:45:42,14,19,6280,17155
2023-12-28 14:45:42,14,18,6280,17155
2023-12-28 14:45:43,14,19,6280,17155
2023-12-28 14:45:43,15,19,6280,17155
2023-12-28 14:45:47,15,18,6280,17155
2023-12-28 14:45:47,14,18,6280,17155
2023-12-28 14:45:54,14,17,6280,17155
2023-12-28 14:45:55,13,17,6280,17155
2023-12-28 14:45:57,14,17,6280,17155
2023-12-28 14:45:59,13,17,6280,17155
2023-12-28 14:46:00,13,18,6280,17155
2023-12-28 14:46:00,14,18,6280,17155
2023-12-28 14:46:11,14,17,6280,17155
2023-12-28 14:46:13,13,17,6280,17155
2023-12-28 14:46:15,14,17,6280,17155
2023-12-28 14:46:16,14,18,6280,17155
2023-12-28 14:46:30,15,18,6280,17155
2023-12-28 14:46:30,15,19,6280,17155
2023-12-28 14:46:48,15,18,6280,17155
2023-12-28 14:46:49,15,19,6280,17155
2023-12-28 14:46:52,14,19,6280,17155
2023-12-28 14:46:52,14,18,6280,17155
2023-12-28 14:46:53,15,18,6280,17155
2023-12-28 14:46:53,15,19,6280,17155
2023-12-28 14:47:01,16,19,6280,17155
2023-12-28 14:47:02,15,19,6280,17155
2023-12-28 14:47:10,14,19,6280,17155
2023-12-28 14:47:10,14,18,6280,17155
2023-12-28 14:47:12,13,18,6280,17155
2023-12-28 14:47:12,13,17,6280,17155
2023-12-28 14:47:43,13,16,6280,17155
2023-12-28 14:47:54,13,17,6280,17155
2023-12-28 14:48:09,13,16,6280,17155
2023-12-28 14:48:10,13,17,6280,17155
2023-12-28 14:48:19,13,16,6280,17155
2023-12-28 14:48:21,13,17,6280,17155
2023-12-28 14:48:25,14,17,6280,17155
2023-12-28 14:48:27,14,18,6280,17155
2023-12-28 14:48:28,15,18,6280,17155
2023-12-28 14:48:29,16,18,6280,17155
2023-12-28 14:48:29,16,19,6280,17155
2023-12-28 14:48:33,15,19,6280,17155
2023-12-28 14:48:36,16,19,6280,17155
2023-12-28 14:48:40,17,19,6280,17155
2023-12-28 14:48:50,17,20,6817,17692
2023-12-28 14:48:53,17,21,6817,17692
2023-12-28 14:48:54,18,21,6817,17692
2023-12-28 14:48:55,17,21,6817,17692
2023-12-28 14:48:58,17,20,6817,17692
2023-12-28 14:49:01,16,20,6817,17692
2023-12-28 14:49:04,17,20,6817,17692
2023-12-28 14:49:07,17,21,6817,17692
2023-12-28 14:49:14,16,21,6817,17692
2023-12-28 14:49:19,16,21,6817,17692
2023-12-28 14:49:19,17,21,6817,17692
2023-12-28 14:49:24,18,21,6817,17692
2023-12-28 14:49:31,17,21,6817,17692
2023-12-28 14:49:37,18,21,6817,17692
2023-12-28 14:49:50,19,21,6817,17692
2023-12-28 14:49:51,18,21,6817,17692
2023-12-28 14:49:52,18,22,6817,17692
2023-12-28 14:49:55,19,22,6817,17692
2023-12-28 14:49:58,18,22,6817,17692
2023-12-28 14:50:00,19,22,6817,17692
2023-12-28 14:50:03,18,22,6817,17692
2023-12-28 14:50:06,17,22,6817,17692
2023-12-28 14:50:14,17,21,6817,17692
2023-12-28 14:50:14,16,20,6817,17692
2023-12-28 14:50:34,17,20,6817,17692
2023-12-28 14:50:36,17,21,6817,17692
2023-12-28 14:50:45,16,21,6817,17692
2023-12-28 14:51:02,16,20,6817,17692
2023-12-28 14:51:03,15,20,6817,17692
2023-12-28 14:51:04,16,20,6817,17692
2023-12-28 14:51:05,15,20,6817,17692
2023-12-28 14:51:06,15,19,6817,17692
2023-12-28 14:51:10,15,18,6817,17692
2023-12-28 14:51:12,14,18,6817,17692
2023-12-28 14:51:27,14,19,6817,17692
2023-12-28 14:51:42,16,19,6817,17692
2023-12-28 14:51:49,16,21,6817,17692
2023-12-28 14:51:49,16,20,6817,17692
2023-12-28 14:51:55,15,20,6817,17692
2023-12-28 14:51:57,16,20,6817,17692
2023-12-28 14:51:58,15,20,6817,17692
2023-12-28 14:52:04,15,19,6817,17692
2023-12-28 14:52:27,14,19,6817,17692
2023-12-28 14:52:29,14,18,6817,17692
2023-12-28 14:52:38,14,17,6817,17692
2023-12-28 14:52:47,13,17,6817,17692
2023-12-28 14:53:02,13,16,6817,17692
2023-12-28 14:53:15,13,15,6817,17692
2023-12-28 14:53:15,12,14,6817,17692
2023-12-28 14:53:35,11,14,6817,17692
2023-12-28 14:53:52,12,14,6817,17692
2023-12-28 14:53:52,12,15,6817,17692
2023-12-28 14:54:01,12,14,6817,17692
2023-12-28 14:54:01,11,14,6817,17692
2023-12-28 14:54:22,11,13,6817,17692
2023-12-28 14:54:23,10,13,6817,17692
2023-12-28 14:54:27,10,12,6817,17692
2023-12-28 14:54:28,10,13,6817,17692
2023-12-28 14:54:32,10,14,6817,17692
2023-12-28 14:55:08,11,14,6817,17692
2023-12-28 14:55:10,11,15,6817,17692
2023-12-28 14:55:11,12,15,6817,17692
2023-12-28 14:55:16,11,15,6817,17692
2023-12-28 14:55:28,12,15,6817,17692
2023-12-28 14:55:32,11,15,6817,17692
2023-12-28 14:55:46,12,15,6817,17692
2023-12-28 14:55:55,11,15,6817,17692
2023-12-28 14:55:56,11,14,6817,17692
2023-12-28 14:56:01,10,14,6817,17692
2023-12-28 14:56:02,11,14,6817,17692
2023-12-28 14:56:27,10,14,6817,17692
2023-12-28 14:56:53,11,14,6817,17692
2023-12-28 14:56:54,10,14,6817,17692
2023-12-28 14:57:00,11,14,6817,17692
2023-12-28 14:57:34,12,14,6817,17692
2023-12-28 14:57:34,12,15,6817,17692
2023-12-28 14:57:35,13,15,6817,17692
2023-12-28 14:57:41,14,15,6817,17692
2023-12-28 14:57:41,14,16,6817,17692
2023-12-28 14:57:54,15,16,6817,17692
2023-12-28 14:57:55,14,16,6817,17692
2023-12-28 14:57:56,15,16,6817,17692
2023-12-28 14:57:56,15,18,6817,17692
2023-12-28 14:57:56,15,17,6817,17692
2023-12-28 14:58:12,14,17,6817,17692
2023-12-28 14:58:35,13,17,6817,17692
2023-12-28 14:59:25,12,17,6817,17692
2023-12-28 14:59:25,12,16,6817,17692
2023-12-28 14:59:36,13,16,6817,17692
2023-12-28 14:59:43,12,16,6817,17692
2023-12-28 14:59:49,13,16,6817,17692
2023-12-28 14:59:53,12,16,6817,17692
2023-12-28 15:00:03,13,16,6817,17692
2023-12-28 15:00:08,12,16,6817,17692
2023-12-28 15:00:23,11,16,6817,17692
2023-12-28 15:00:23,11,15,6817,17692
2023-12-28 15:00:45,12,15,6817,17692
2023-12-28 15:00:56,11,15,6817,17692
2023-12-28 15:01:04,12,15,6817,17692
2023-12-28 15:01:05,11,15,6817,17692
2023-12-28 15:01:18,11,14,6817,17692
2023-12-28 15:01:22,10,14,6817,17692
2023-12-28 15:01:57,11,14,6817,17692
2023-12-28 15:02:01,10,14,6817,17692
2023-12-28 15:02:16,10,13,6817,17692
2023-12-28 15:02:17,9,13,6817,17692
2023-12-28 15:02:18,9,12,6817,17692
2023-12-28 15:02:19,9,11,6817,17692
2023-12-28 15:02:20,9,10,6817,17692
2023-12-28 15:02:28,8,9,6974,17849
2023-12-28 15:02:29,8,10,6974,17849
2023-12-28 15:02:49,7,10,6974,17849
2023-12-28 15:02:54,7,9,6974,17849
2023-12-28 15:03:05,6,9,6974,17849
2023-12-28 15:03:10,7,9,6974,17849
2023-12-28 15:03:12,7,10,6974,17849
2023-12-28 15:03:23,7,9,6974,17849
2023-12-28 15:03:35,8,9,6974,17849
2023-12-28 15:03:45,7,9,6974,17849
2023-12-28 15:03:48,8,9,6974,17849
2023-12-28 15:03:51,7,9,6974,17849
2023-12-28 15:03:52,8,9,6974,17849
2023-12-28 15:03:53,7,9,6974,17849
2023-12-28 15:03:55,8,9,6974,17849
2023-12-28 15:03:56,7,9,6974,17849
2023-12-28 15:04:02,8,9,6974,17849
2023-12-28 15:04:09,8,9,6474,18349
2023-12-28 15:04:14,8,9,6274,18549
2023-12-28 15:04:16,8,9,6274,19549
2023-12-28 15:04:18,7,9,6274,19549
2023-12-28 15:04:20,8,9,6274,19549
2023-12-28 15:04:23,7,9,6274,19549
2023-12-28 15:04:24,8,9,6274,19549
2023-12-28 15:04:25,8,12,5974,19849
2023-12-28 15:04:25,8,11,5974,19849
2023-12-28 15:04:41,7,11,5974,19849
2023-12-28 15:04:53,7,10,5974,19849
2023-12-28 15:05:01,6,10,5974,19849
2023-12-28 15:05:01,6,9,5974,19849
2023-12-28 15:05:02,6,8,5974,19849
2023-12-28 15:05:18,6,9,5974,19849
2023-12-28 15:05:19,6,7,5974,19849
2023-12-28 15:05:19,6,9,5974,19851
2023-12-28 15:05:20,6,7,5974,19851
2023-12-28 15:05:21,6,10,5974,19853
2023-12-28 15:05:21,6,9,5974,19853
2023-12-28 15:05:21,6,8,5974,19853
2023-12-28 15:05:24,6,10,5974,19861
2023-12-28 15:05:24,6,9,5974,19861
2023-12-28 15:05:25,7,9,5974,19861
2023-12-28 15:05:25,7,11,5974,19861
2023-12-28 15:05:25,7,10,5974,19861
2023-12-28 15:05:25,7,8,5974,19861
2023-12-28 15:05:27,7,11,5974,19867
2023-12-28 15:05:27,7,10,5974,19867
2023-12-28 15:05:28,7,8,5974,19867
2023-12-28 15:05:28,7,11,5974,19869
2023-12-28 15:05:28,7,10,5974,19869
2023-12-28 15:05:29,7,8,5974,19869
2023-12-28 15:05:30,7,11,5974,20071
2023-12-28 15:05:30,7,10,5974,20071
2023-12-28 15:05:31,7,8,5974,20071
2023-12-28 15:05:37,7,8,5974,20271
2023-12-28 15:05:39,7,8,5974,20771
2023-12-28 15:05:40,7,8,5974,21271
2023-12-28 15:05:43,7,8,6327,21771
2023-12-28 15:05:47,7,8,6827,22271
2023-12-28 15:05:48,7,8,6827,22471
2023-12-28 15:05:48,7,9,7027,22671
2023-12-28 15:05:49,8,9,7027,22671
2023-12-28 15:05:50,8,10,7427,23071
2023-12-28 15:05:52,8,10,7927,23571
2023-12-28 15:05:54,8,9,7927,23571
2023-12-28 15:05:55,8,10,8127,23771
2023-12-28 15:05:55,8,9,8127,23771
2023-12-28 15:05:56,8,10,8127,23971
2023-12-28 15:05:57,8,10,8627,24471
2023-12-28 15:05:58,8,12,9027,24871
2023-12-28 15:05:58,8,10,9027,24871
2023-12-28 15:06:05,7,10,9027,24871
2023-12-28 15:06:05,7,9,9027,24871
2023-12-28 15:06:09,6,9,9027,24871
2023-12-28 15:06:21,6,9,9527,25371
2023-12-28 15:06:23,6,9,10027,25871
2023-12-28 15:06:23,6,10,10427,26271
2023-12-28 15:06:25,8,10,10427,26271
2023-12-28 15:06:30,6,10,10427,26271
2023-12-28 15:06:59,6,9,10427,26271
2023-12-28 15:07:01,6,10,10427,26271
2023-12-28 15:07:03,6,9,10427,26271
2023-12-28 15:07:20,6,10,10427,26271
2023-12-28 15:07:48,7,10,10427,26271
2023-12-28 15:07:56,7,9,10427,26271
2023-12-28 15:08:00,7,11,10427,26271
2023-12-28 15:08:00,7,10,10427,26271
2023-12-28 15:08:01,7,11,10427,26271
2023-12-28 15:08:05,7,10,10427,26271
2023-12-28 15:08:15,7,9,10427,26271
2023-12-28 15:08:25,7,10,10427,26271
2023-12-28 15:09:05,7,9,10427,26271
2023-12-28 15:09:18,7,10,10427,26271
2023-12-28 15:09:31,7,9,10427,26271
2023-12-28 15:09:45,7,8,10427,26271
2023-12-28 15:09:46,7,9,10427,26271
2023-12-28 15:09:47,7,8,10427,26271
2023-12-28 15:09:56,7,9,10427,26271
2023-12-28 15:10:13,7,8,10427,26271
2023-12-28 15:10:16,7,8,10427,26471
2023-12-28 15:10:18,7,9,10427,26471
2023-12-28 15:10:26,7,8,10427,26471
2023-12-28 15:10:28,7,8,10427,26671
2023-12-28 15:10:28,6,8,10427,26671
2023-12-28 15:10:31,6,7,10427,26671
2023-12-28 15:10:47,6,8,10427,26671
2023-12-28 15:11:14,6,9,10427,26671
2023-12-28 15:11:21,6,8,10427,26671
2023-12-28 15:11:22,6,9,10427,26671
2023-12-28 15:11:30,6,8,10427,26671
2023-12-28 15:11:52,6,8,10627,26871
2023-12-28 15:12:34,6,7,10627,26871
2023-12-28 15:12:52,4,6,10677,26921
2023-12-28 15:12:54,4,5,10677,26921
2023-12-28 15:13:01,4,6,10677,26921
2023-12-28 15:13:02,3,4,10927,27171
2023-12-28 15:13:02,3,4,11127,27371
2023-12-28 15:13:03,3,5,11127,27371
2023-12-28 15:13:11,4,5,11127,27371
2023-12-28 15:13:11,4,6,11127,27371
2023-12-28 15:13:18,5,6,11127,27371
2023-12-28 15:13:18,4,6,11127,27571
2023-12-28 15:13:20,5,6,11127,27571
2023-12-28 15:13:20,4,6,11127,27771
2023-12-28 15:13:21,4,7,11127,27771
2023-12-28 15:13:21,4,5,11127,27771
2023-12-28 15:13:23,3,5,11127,27771
2023-12-28 15:13:26,3,4,11127,27771
2023-12-28 15:13:39,3,4,11127,27971
2023-12-28 15:13:41,3,4,11127,28171
2023-12-28 15:13:56,3,5,11127,28171
2023-12-28 15:14:01,3,5,11127,28171
2023-12-28 15:14:02,3,4,11127,28171
2023-12-28 15:14:21,3,4,11127,28371
2023-12-28 15:14:25,3,4,11130,28571
2023-12-28 15:14:39,3,5,11130,28571
2023-12-28 15:14:44,4,5,11130,28571
2023-12-28 15:14:57,3,5,11130,28571
2023-12-28 15:15:07,3,4,11130,28571
2023-12-28 15:15:49,3,5,11130,28571
2023-12-28 15:16:06,3,4,11130,28571
2023-12-28 15:16:08,3,4,11330,28771
2023-12-28 15:16:52,3,5,11330,28771
2023-12-28 15:16:56,3,4,11330,28771
2023-12-28 15:17:02,2,4,11630,29071
2023-12-28 15:17:25,2,3,11630,29071
2023-12-28 15:17:29,2,4,11630,29071
2023-12-28 15:17:37,3,4,11630,29071
2023-12-28 15:17:41,2,4,11630,29071
2023-12-28 15:17:56,2,5,11630,29071
2023-12-28 15:18:12,3,5,11630,29071
2023-12-28 15:18:41,3,6,11630,29071
2023-12-28 15:19:09,4,6,11630,29071
2023-12-28 15:19:17,4,6,11830,29271
2023-12-28 15:19:17,5,6,11830,29271
2023-12-28 15:19:23,5,7,11830,29271
2023-12-28 15:19:27,5,8,11830,29271
2023-12-28 15:19:30,5,7,11830,29271
2023-12-28 15:19:49,3,7,11830,29271
2023-12-28 15:19:55,4,7,11906,29347
2023-12-28 15:20:08,5,7,11906,29347
2023-12-28 15:20:15,5,8,11906,29347
2023-12-28 15:20:15,3,8,11906,29347
2023-12-28 15:20:15,4,7,11906,29347
2023-12-28 15:20:21,5,7,11906,29347
2023-12-28 15:20:27,5,8,11906,29347
2023-12-28 15:20:55,3,8,11906,29347
2023-12-28 15:20:55,4,8,11906,29347
2023-12-28 15:21:23,4,6,11906,29347
2023-12-28 15:21:28,3,6,11906,29347
2023-12-28 15:21:28,3,6,11906,29527
2023-12-28 15:21:54,4,6,11906,29527
2023-12-28 15:21:58,4,7,11906,29527
2023-12-28 15:22:04,4,6,11906,29527
2023-12-28 15:22:10,3,7,11906,29727
2023-12-28 15:22:10,3,6,11906,29727
2023-12-28 15:22:12,4,6,11906,29727
2023-12-28 15:22:16,3,6,11906,29727
2023-12-28 15:22:28,2,6,11906,29727
2023-12-28 15:22:30,2,5,11906,29727
2023-12-28 15:22:34,1,5,11906,29727
2023-12-28 15:22:34,1,4,11906,29727
2023-12-28 15:22:39,2,4,11906,29727
2023-12-28 15:22:39,2,5,11906,29727
2023-12-28 15:22:39,2,4,11906,29727
2023-12-28 15:22:42,2,5,11906,29727
2023-12-28 15:23:41,2,4,11906,29727
2023-12-28 15:23:42,2,5,11906,29727
2023-12-28 15:23:45,1,5,11906,29727
2023-12-28 15:23:45,1,4,11906,29727
2023-12-28 15:23:54,1,5,11906,29927
2023-12-28 15:24:06,2,5,11906,29927
2023-12-28 15:24:23,3,5,11906,29927
2023-12-28 15:24:25,2,5,11906,29927
2023-12-28 15:24:28,3,5,11906,29927
2023-12-28 15:24:30,2,5,11906,29927
2023-12-28 15:24:55,1,5,11906,29927
2023-12-28 15:25:11,2,5,11906,29927
2023-12-28 15:25:59,2,4,11906,29927
2023-12-28 15:26:02,2,5,11906,29927
2023-12-28 15:26:04,2,3,11906,29927
2023-12-28 15:26:14,2,4,11803,30030
2023-12-28 15:26:26,2,3,11803,30030
2023-12-28 15:26:30,2,4,11803,30030
2023-12-28 15:26:30,3,4,11803,30030
2023-12-28 15:27:40,2,3,11800,30090
2023-12-28 15:27:42,2,4,11800,30090
2023-12-28 15:27:43,2,3,11800,30090
2023-12-28 15:28:17,2,3,11800,30290
2023-12-28 15:29:01,2,4,11800,30290
2023-12-28 15:29:11,2,3,11800,30290
2023-12-28 15:29:37,2,4,11800,30290
2023-12-28 15:30:27,2,3,11800,30290
2023-12-28 15:30:53,2,4,11800,30290
2023-12-28 15:30:57,2,3,11800,30290
2023-12-28 15:31:12,2,4,13400,31890
2023-12-28 15:31:46,2,3,13400,31890
2023-12-28 15:31:47,2,4,13400,31890
2023-12-28 15:31:49,2,3,13400,31890
2023-12-28 15:31:51,2,4,13400,31890
2023-12-28 15:32:03,2,3,13400,31890
2023-12-28 15:32:08,2,3,13400,32090
2023-12-28 15:32:09,2,4,13400,32090
2023-12-28 15:32:11,2,3,13400,32090
2023-12-28 15:32:14,2,4,13400,32090
2023-12-28 15:32:37,3,4,13400,32090
2023-12-28 15:32:42,2,4,13400,32090
2023-12-28 15:32:45,3,4,13400,32090
2023-12-28 15:32:46,2,4,13400,32090
2023-12-28 15:35:57,3,4,13400,32090
2023-12-28 15:36:01,3,4,13400,32290
2023-12-28 15:36:19,3,5,13400,32290
2023-12-28 15:36:22,4,5,13400,32290
2023-12-28 15:36:23,3,5,13400,32290
2023-12-28 15:36:24,4,5,13400,32290
