datetime,bid,ask,open_interest,volume
2023-12-19 09:31:00,1,9,50,50
2023-12-19 09:31:00,5,9,50,50
2023-12-19 09:31:00,5,7,50,50
2023-12-19 09:31:25,5,7,300,300
2023-12-19 09:31:26,6,7,300,300
2023-12-19 09:32:05,5,7,300,300
2023-12-19 09:32:06,6,7,300,300
2023-12-19 09:32:11,6,8,300,300
2023-12-19 09:32:11,6,9,300,300
2023-12-19 09:32:11,5,9,300,500
2023-12-19 09:32:12,5,8,300,500
2023-12-19 09:32:17,5,8,450,700
2023-12-19 09:32:21,5,7,450,700
2023-12-19 09:32:22,5,8,450,700
2023-12-19 09:32:33,5,7,450,700
2023-12-19 09:33:00,4,7,450,700
2023-12-19 09:33:07,3,7,450,700
2023-12-19 09:33:07,4,7,450,700
2023-12-19 09:33:12,3,7,450,700
2023-12-19 09:33:12,4,7,450,700
2023-12-19 09:33:32,3,7,450,700
2023-12-19 09:33:32,4,7,450,700
2023-12-19 09:33:35,5,7,450,700
2023-12-19 09:33:35,4,7,650,900
2023-12-19 09:33:37,5,7,650,900
2023-12-19 09:33:38,4,7,650,900
2023-12-19 09:33:39,5,7,650,900
2023-12-19 09:33:44,4,7,650,900
2023-12-19 09:34:32,3,7,650,900
2023-12-19 09:34:34,4,7,650,900
2023-12-19 09:34:41,3,7,650,900
2023-12-19 09:34:41,3,6,650,900
2023-12-19 09:34:50,4,6,650,900
2023-12-19 09:34:50,4,6,850,1100
2023-12-19 09:34:53,3,6,850,1100
2023-12-19 09:34:57,4,6,850,1100
2023-12-19 09:35:09,3,6,850,1100
2023-12-19 09:35:21,4,6,850,1100
2023-12-19 09:35:21,4,5,850,1100
2023-12-19 09:35:21,4,6,850,1100
2023-12-19 09:35:51,4,7,850,1100
2023-12-19 09:35:54,4,6,850,1100
2023-12-19 09:36:03,3,6,850,1100
2023-12-19 09:36:20,3,5,850,1100
2023-12-19 09:37:37,4,5,850,1100
2023-12-19 09:37:41,3,5,850,1100
2023-12-19 09:37:41,4,5,850,1100
2023-12-19 09:37:48,4,5,852,1102
2023-12-19 09:37:53,4,6,852,1102
2023-12-19 09:37:57,5,6,852,1102
2023-12-19 09:37:57,4,6,1045,1295
2023-12-19 09:37:59,5,6,1045,1295
2023-12-19 09:37:59,4,6,1152,1402
2023-12-19 09:38:00,5,6,1152,1402
2023-12-19 09:38:01,4,6,1152,1402
2023-12-19 09:38:01,5,6,1152,1402
2023-12-19 09:38:29,3,6,1152,1402
2023-12-19 09:38:29,4,6,1152,1402
2023-12-19 09:38:39,4,5,1152,1402
2023-12-19 09:38:43,3,5,1152,1402
2023-12-19 09:38:43,4,5,1152,1402
2023-12-19 09:38:49,3,5,1152,1402
2023-12-19 09:38:49,4,5,1152,1402
2023-12-19 09:38:53,4,6,1152,1402
2023-12-19 09:39:09,5,6,1152,1402
2023-12-19 09:39:09,5,6,1272,1522
2023-12-19 09:39:14,3,6,1272,1522
2023-12-19 09:39:14,4,6,1272,1522
2023-12-19 09:39:15,5,6,1272,1522
2023-12-19 09:39:16,3,6,1272,1522
2023-12-19 09:39:16,4,6,1272,1522
2023-12-19 09:39:36,5,6,1272,1522
2023-12-19 09:39:36,5,6,1332,1582
2023-12-19 09:39:37,4,6,1332,1582
2023-12-19 09:39:39,5,6,1332,1582
2023-12-19 09:39:41,4,6,1332,1582
2023-12-19 09:39:41,5,6,1332,1582
2023-12-19 09:39:47,4,6,1332,1582
2023-12-19 09:39:47,5,6,1332,1582
2023-12-19 09:40:13,5,7,1332,1582
2023-12-19 09:40:37,5,6,1332,1582
2023-12-19 09:40:42,4,6,1332,1582
2023-12-19 09:40:49,3,6,1332,1582
2023-12-19 09:40:51,4,6,1332,1582
2023-12-19 09:41:11,4,5,1332,1582
2023-12-19 09:41:16,4,6,1332,1582
2023-12-19 09:41:33,5,6,1332,1582
2023-12-19 09:41:40,4,6,1332,1582
2023-12-19 09:41:41,5,6,1332,1582
2023-12-19 09:41:47,5,7,1332,1582
2023-12-19 09:41:49,5,6,1332,1582
2023-12-19 09:41:52,5,7,1332,1582
2023-12-19 09:42:11,4,7,1332,1582
2023-12-19 09:42:11,5,7,1332,1582
2023-12-19 09:42:16,4,7,1332,1582
2023-12-19 09:42:16,5,7,1332,1582
2023-12-19 09:42:51,5,8,1332,1582
2023-12-19 09:42:54,6,8,1332,1582
2023-12-19 09:42:57,6,8,1332,1642
2023-12-19 09:42:59,6,8,1452,1762
2023-12-19 09:43:09,7,8,1452,1762
2023-12-19 09:43:10,6,8,1452,1762
2023-12-19 09:43:10,7,8,1452,1762
2023-12-19 09:43:17,6,8,1452,1762
2023-12-19 09:43:39,7,8,1452,1762
2023-12-19 09:43:40,6,8,1452,1762
2023-12-19 09:43:48,7,8,1452,1762
2023-12-19 09:43:52,6,8,1452,1762
2023-12-19 09:43:53,7,8,1452,1762
2023-12-19 09:44:01,6,8,1452,1762
2023-12-19 09:44:03,7,8,1452,1762
2023-12-19 09:44:06,6,8,1452,1762
2023-12-19 09:44:09,7,8,1452,1762
2023-12-19 09:44:11,6,8,1452,1762
2023-12-19 09:44:14,7,8,1452,1762
2023-12-19 09:44:16,6,8,1452,1762
2023-12-19 09:44:18,7,8,1452,1762
2023-12-19 09:44:19,7,8,1532,1842
2023-12-19 09:44:22,6,8,1532,1842
2023-12-19 09:44:23,7,8,1532,1842
2023-12-19 09:44:25,6,8,1532,1842
2023-12-19 09:44:25,7,8,1532,1842
2023-12-19 09:44:30,6,8,1532,1842
2023-12-19 09:44:34,6,7,1532,1842
2023-12-19 09:44:35,6,8,1532,1842
2023-12-19 09:44:44,6,7,1532,1842
2023-12-19 09:44:46,6,8,1532,1842
2023-12-19 09:44:47,6,7,1532,1842
2023-12-19 09:44:51,6,8,1532,1842
2023-12-19 09:44:52,6,7,1532,1842
2023-12-19 09:44:54,6,8,1532,1842
2023-12-19 09:45:02,6,7,1532,1842
2023-12-19 09:45:03,6,8,1532,1842
2023-12-19 09:45:04,6,7,1532,1842
2023-12-19 09:45:14,5,7,1532,1842
2023-12-19 09:45:15,6,7,1532,1842
2023-12-19 09:45:16,5,7,1532,1842
2023-12-19 09:45:20,6,7,1532,1842
2023-12-19 09:45:38,5,7,1532,1842
2023-12-19 09:45:38,6,7,1532,1842
2023-12-19 09:45:41,5,6,1532,1954
2023-12-19 09:45:41,4,6,1532,1954
2023-12-19 09:45:41,5,6,1532,1954
2023-12-19 09:45:42,5,7,1532,1954
2023-12-19 09:45:55,4,7,1532,1954
2023-12-19 09:45:55,5,7,1532,1954
2023-12-19 09:46:02,4,7,1532,1954
2023-12-19 09:46:02,5,7,1532,1954
2023-12-19 09:46:13,6,7,1532,1954
2023-12-19 09:46:14,5,7,1532,1954
2023-12-19 09:46:15,6,7,1532,1954
2023-12-19 09:46:16,5,7,1532,1954
2023-12-19 09:46:24,6,7,1532,1954
2023-12-19 09:46:30,5,7,1532,1954
2023-12-19 09:46:55,4,7,1532,1954
2023-12-19 09:46:55,5,7,1532,1954
2023-12-19 09:47:09,4,7,1532,1954
2023-12-19 09:47:09,5,7,1532,1954
2023-12-19 09:47:16,5,8,1532,1954
2023-12-19 09:47:17,5,7,1532,1954
2023-12-19 09:47:18,5,8,1532,1954
2023-12-19 09:47:28,6,8,1532,1954
2023-12-19 09:47:49,7,8,1532,1954
2023-12-19 09:47:51,6,8,1532,1954
2023-12-19 09:47:52,7,8,1532,1954
2023-12-19 09:48:02,7,9,1532,1954
2023-12-19 09:48:16,6,9,1532,1954
2023-12-19 09:48:16,7,9,1532,1954
2023-12-19 09:48:20,7,8,1532,1954
2023-12-19 09:48:22,6,9,1532,1954
2023-12-19 09:48:25,6,8,1532,1954
2023-12-19 09:48:29,5,8,1532,1954
2023-12-19 09:48:35,5,7,1532,1954
2023-12-19 09:48:49,6,7,1532,1954
2023-12-19 09:48:52,5,7,1532,1954
2023-12-19 09:48:52,6,7,1532,1954
2023-12-19 09:48:57,5,7,1532,1954
2023-12-19 09:48:57,6,7,1532,1954
2023-12-19 09:48:58,5,7,1532,1954
2023-12-19 09:48:59,6,7,1532,1954
2023-12-19 09:49:20,5,7,1532,1954
2023-12-19 09:49:25,6,7,1532,1954
2023-12-19 09:49:29,5,7,1532,1954
2023-12-19 09:49:31,6,7,1532,1954
2023-12-19 09:49:40,5,7,1532,1954
2023-12-19 09:50:03,6,7,1532,1954
2023-12-19 09:50:04,5,7,1532,1954
2023-12-19 09:50:07,6,7,1532,1954
2023-12-19 09:50:11,5,7,1532,1954
2023-12-19 09:50:11,6,7,1532,1954
2023-12-19 09:50:12,5,7,1532,1954
2023-12-19 09:50:20,6,7,1532,1954
2023-12-19 09:50:21,5,7,1532,1954
2023-12-19 09:50:26,6,7,1532,1954
2023-12-19 09:50:30,6,8,1532,1954
2023-12-19 09:50:32,5,8,1532,1954
2023-12-19 09:50:32,6,8,1532,1954
2023-12-19 09:50:37,5,8,1532,1954
2023-12-19 09:50:38,6,8,1532,1954
2023-12-19 09:50:43,5,8,1532,1954
2023-12-19 09:50:43,6,8,1532,1954
2023-12-19 09:51:00,5,8,1532,1954
2023-12-19 09:51:01,6,8,1532,1954
2023-12-19 09:51:30,6,9,1532,1954
2023-12-19 09:51:31,6,8,1532,1954
2023-12-19 09:51:36,6,9,1532,1954
2023-12-19 09:51:37,6,8,1532,1954
2023-12-19 09:51:40,6,9,1532,1954
2023-12-19 09:51:41,7,9,1532,1954
2023-12-19 09:51:41,7,8,1532,1954
2023-12-19 09:51:44,7,9,1532,1954
2023-12-19 09:53:59,8,9,1532,1954
2023-12-19 09:54:15,7,9,1532,1954
2023-12-19 09:54:15,8,9,1532,1954
2023-12-19 09:54:22,8,10,1532,1954
2023-12-19 09:54:23,8,9,1532,1954
2023-12-19 09:54:28,7,9,1532,1954
2023-12-19 09:54:31,8,9,1532,1954
2023-12-19 09:54:32,7,9,1532,1954
2023-12-19 09:54:47,7,10,1532,1954
2023-12-19 09:54:47,7,9,1532,1954
2023-12-19 09:54:51,7,10,1532,1954
2023-12-19 09:54:52,8,10,1532,1954
2023-12-19 09:55:55,9,10,1532,1954
2023-12-19 09:55:58,9,11,1532,1954
2023-12-19 09:56:44,8,11,1532,1954
2023-12-19 09:56:44,8,10,1532,1954
2023-12-19 09:56:46,8,11,1532,1954
2023-12-19 09:56:46,8,10,1532,1954
2023-12-19 09:56:47,8,11,1532,1954
2023-12-19 09:56:48,8,10,1532,1954
2023-12-19 09:57:23,8,11,1532,1954
2023-12-19 09:57:30,9,11,1532,1954
2023-12-19 09:57:31,8,11,1532,1954
2023-12-19 09:57:38,9,11,1532,1954
2023-12-19 09:57:40,8,11,1532,1954
2023-12-19 09:57:45,8,10,1532,1954
2023-12-19 09:57:59,8,11,1532,1954
2023-12-19 09:58:00,9,11,1532,1954
2023-12-19 09:58:04,8,11,1532,1954
2023-12-19 09:58:05,9,11,1532,1954
2023-12-19 09:58:07,8,11,1532,1954
2023-12-19 09:58:09,8,10,1532,1954
2023-12-19 09:58:13,9,10,1532,1954
2023-12-19 09:59:27,8,11,1532,1954
2023-12-19 09:59:28,9,11,1532,1954
2023-12-19 09:59:34,8,11,1532,1954
2023-12-19 09:59:47,9,11,1532,1954
2023-12-19 09:59:48,8,11,1532,1954
2023-12-19 09:59:59,8,10,1532,1954
2023-12-19 10:00:01,8,11,1532,1954
2023-12-19 10:00:03,8,10,1532,1954
2023-12-19 10:00:07,7,10,1532,1954
2023-12-19 10:00:11,7,9,1532,1954
2023-12-19 10:00:15,6,9,1532,1954
2023-12-19 10:00:15,6,8,1532,1954
2023-12-19 10:00:46,6,7,1532,1954
2023-12-19 10:01:04,5,7,1532,1954
2023-12-19 10:01:43,5,6,1532,1954
2023-12-19 10:01:44,5,6,1592,2014
2023-12-19 10:01:45,4,6,1592,2014
2023-12-19 10:01:48,5,6,1592,2014
2023-12-19 10:01:50,4,6,1592,2014
2023-12-19 10:01:51,5,6,1592,2014
2023-12-19 10:02:11,4,6,1592,2014
2023-12-19 10:02:11,5,6,1592,2014
2023-12-19 10:03:12,4,6,1592,2014
2023-12-19 10:03:12,5,6,1592,2014
2023-12-19 10:03:15,5,7,1592,2214
2023-12-19 10:03:16,6,7,1592,2214
2023-12-19 10:03:26,6,8,1592,2214
2023-12-19 10:03:30,6,7,1592,2214
2023-12-19 10:03:31,5,7,1592,2214
2023-12-19 10:03:32,6,7,1592,2214
2023-12-19 10:03:33,5,7,1592,2214
2023-12-19 10:03:36,6,7,1592,2214
2023-12-19 10:03:42,5,7,1592,2214
2023-12-19 10:04:05,5,8,1592,2214
2023-12-19 10:04:07,6,8,1592,2214
2023-12-19 10:04:16,6,9,1592,2214
2023-12-19 10:04:17,6,8,1592,2214
2023-12-19 10:04:39,6,9,1592,2214
2023-12-19 10:04:52,6,8,1592,2214
2023-12-19 10:04:53,6,9,1592,2214
2023-12-19 10:04:54,6,8,1592,2214
2023-12-19 10:05:00,6,9,1592,2214
2023-12-19 10:05:08,6,8,1592,2214
2023-12-19 10:05:12,6,9,1592,2214
2023-12-19 10:05:50,6,8,1592,2214
2023-12-19 10:05:53,6,9,1592,2214
2023-12-19 10:06:06,7,9,1592,2214
2023-12-19 10:06:14,7,10,1592,2214
2023-12-19 10:06:22,8,10,1592,2214
2023-12-19 10:06:30,8,9,1592,2214
2023-12-19 10:06:32,8,10,1592,2214
2023-12-19 10:06:34,8,9,1592,2214
2023-12-19 10:06:36,8,10,1592,2214
2023-12-19 10:06:36,7,9,1592,2214
2023-12-19 10:06:39,7,10,1592,2214
2023-12-19 10:06:42,7,9,1592,2214
2023-12-19 10:06:47,7,10,1592,2214
2023-12-19 10:06:49,7,9,1592,2214
2023-12-19 10:07:00,7,10,1592,2214
2023-12-19 10:07:00,7,9,1592,2214
2023-12-19 10:07:01,7,10,1592,2214
2023-12-19 10:07:09,7,9,1592,2214
2023-12-19 10:07:12,7,10,1592,2214
2023-12-19 10:07:28,7,9,1592,2214
2023-12-19 10:07:30,7,10,1592,2214
2023-12-19 10:07:32,8,10,1592,2214
2023-12-19 10:09:06,8,9,1592,2214
2023-12-19 10:09:08,8,10,1592,2214
2023-12-19 10:09:09,8,9,1592,2214
2023-12-19 10:09:10,8,10,1592,2214
2023-12-19 10:09:18,8,9,1592,2214
2023-12-19 10:09:20,7,9,1592,2214
2023-12-19 10:09:26,7,10,1592,2214
2023-12-19 10:09:31,7,9,1592,2214
2023-12-19 10:09:47,7,10,1592,2214
2023-12-19 10:10:02,7,9,1592,2214
2023-12-19 10:10:04,7,10,1592,2214
2023-12-19 10:10:09,8,10,1592,2214
2023-12-19 10:10:38,7,10,1592,2214
2023-12-19 10:10:38,7,9,1592,2214
2023-12-19 10:10:39,7,10,1592,2214
2023-12-19 10:10:40,7,9,1592,2214
2023-12-19 10:10:41,8,9,1592,2214
2023-12-19 10:10:41,8,10,1592,2214
2023-12-19 10:10:55,7,10,1592,2214
2023-12-19 10:10:55,7,9,1592,2214
2023-12-19 10:10:56,7,10,1592,2214
2023-12-19 10:10:57,8,10,1592,2214
2023-12-19 10:11:25,8,10,1592,2224
2023-12-19 10:12:23,9,10,1592,2224
2023-12-19 10:12:24,9,11,1592,2224
2023-12-19 10:13:34,9,10,1592,2224
2023-12-19 10:13:35,9,11,1592,2224
2023-12-19 10:13:39,9,10,1592,2224
2023-12-19 10:13:51,9,11,1592,2224
2023-12-19 10:13:51,9,10,1592,2224
2023-12-19 10:13:52,9,11,1592,2224
2023-12-19 10:13:59,9,10,1592,2224
2023-12-19 10:14:00,9,11,1592,2224
2023-12-19 10:14:02,10,11,1592,2224
2023-12-19 10:14:08,9,11,1592,2224
2023-12-19 10:14:44,10,11,1592,2224
2023-12-19 10:14:51,10,12,1592,2224
2023-12-19 10:14:56,11,12,1592,2224
2023-12-19 10:14:58,10,12,1592,2224
2023-12-19 10:15:31,10,11,1592,2224
2023-12-19 10:15:32,10,12,1592,2224
2023-12-19 10:15:33,10,11,1592,2224
2023-12-19 10:15:34,10,12,1592,2224
2023-12-19 10:15:38,10,11,1592,2224
2023-12-19 10:15:41,10,12,1592,2224
2023-12-19 10:15:41,10,11,1592,2224
2023-12-19 10:15:44,9,11,1592,2224
2023-12-19 10:16:17,9,12,1592,2224
2023-12-19 10:16:18,9,11,1592,2224
2023-12-19 10:16:21,9,12,1592,2224
2023-12-19 10:16:24,10,12,1592,2224
2023-12-19 10:16:33,9,12,1592,2224
2023-12-19 10:16:37,9,11,1592,2224
2023-12-19 10:16:39,9,12,1592,2224
2023-12-19 10:16:42,9,11,1592,2224
2023-12-19 10:16:46,9,12,1592,2224
2023-12-19 10:16:52,9,11,1592,2224
2023-12-19 10:17:10,9,10,1592,2224
2023-12-19 10:17:12,9,11,1592,2224
2023-12-19 10:17:13,9,10,1592,2224
2023-12-19 10:17:14,9,11,1592,2224
2023-12-19 10:17:17,9,10,1592,2224
2023-12-19 10:17:21,9,11,1592,2224
2023-12-19 10:17:21,9,10,1592,2224
2023-12-19 10:17:25,9,11,1592,2224
2023-12-19 10:17:31,9,12,1592,2224
2023-12-19 10:17:41,9,11,1592,2224
2023-12-19 10:17:42,9,12,1592,2224
2023-12-19 10:18:18,10,12,1592,2224
2023-12-19 10:18:22,9,12,1592,2224
2023-12-19 10:18:29,10,12,1592,2224
2023-12-19 10:18:35,10,12,1892,2724
2023-12-19 10:18:36,11,12,1892,2724
2023-12-19 10:19:33,11,12,1952,2784
2023-12-19 10:19:39,11,13,1952,2784
2023-12-19 10:19:39,11,12,1952,2784
2023-12-19 10:19:46,11,12,1961,2793
2023-12-19 10:19:52,10,12,1961,2793
2023-12-19 10:19:52,10,11,1961,2793
2023-12-19 10:19:55,10,12,1961,2793
2023-12-19 10:19:58,10,12,2461,3293
2023-12-19 10:20:04,10,11,2461,3293
2023-12-19 10:20:13,9,11,2461,3293
2023-12-19 10:20:21,9,12,2461,3293
2023-12-19 10:20:21,9,11,2461,3293
2023-12-19 10:20:28,9,10,2461,3293
2023-12-19 10:20:32,9,12,2461,3293
2023-12-19 10:20:32,9,11,2461,3293
2023-12-19 10:20:34,9,12,2461,3293
2023-12-19 10:20:34,9,11,2461,3293
2023-12-19 10:20:44,9,12,2461,3293
2023-12-19 10:20:44,10,12,2461,3293
2023-12-19 10:21:00,10,11,2461,3293
2023-12-19 10:21:02,9,11,2461,3293
2023-12-19 10:21:02,10,11,2461,3293
2023-12-19 10:21:03,9,11,2461,3293
2023-12-19 10:21:13,10,11,2461,3293
2023-12-19 10:21:14,9,11,2461,3293
2023-12-19 10:21:19,10,11,2461,3293
2023-12-19 10:21:27,9,11,2461,3293
2023-12-19 10:21:30,10,11,2461,3293
2023-12-19 10:21:42,10,12,2461,3293
2023-12-19 10:21:51,10,11,2461,3293
2023-12-19 10:22:01,10,12,2461,3293
2023-12-19 10:22:07,10,13,2461,3293
2023-12-19 10:22:09,11,13,2461,3293
2023-12-19 10:22:34,11,12,2461,3293
2023-12-19 10:22:36,11,13,2461,3293
2023-12-19 10:22:36,11,12,2461,3293
2023-12-19 10:22:39,11,13,2461,3293
2023-12-19 10:22:40,11,12,2461,3293
2023-12-19 10:22:42,11,13,2461,3293
2023-12-19 10:22:42,11,12,2461,3293
2023-12-19 10:22:44,11,13,2461,3293
2023-12-19 10:22:45,11,12,2461,3293
2023-12-19 10:22:46,11,13,2461,3293
2023-12-19 10:22:56,11,12,2461,3293
2023-12-19 10:22:59,11,13,2461,3293
2023-12-19 10:23:08,12,13,2461,3293
2023-12-19 10:23:08,12,13,2461,3473
2023-12-19 10:23:26,11,13,2461,3473
2023-12-19 10:23:27,12,13,2461,3473
2023-12-19 10:23:29,11,13,2461,3473
2023-12-19 10:23:45,11,12,2461,3473
2023-12-19 10:23:47,11,13,2461,3473
2023-12-19 10:23:47,11,12,2461,3473
2023-12-19 10:23:57,11,13,2461,3473
2023-12-19 10:24:01,12,13,2461,3473
2023-12-19 10:24:03,11,13,2461,3473
2023-12-19 10:24:29,12,13,2461,3473
2023-12-19 10:25:01,11,13,2461,3473
2023-12-19 10:25:10,12,13,2461,3473
2023-12-19 10:25:12,11,13,2461,3473
2023-12-19 10:25:19,12,13,2461,3473
2023-12-19 10:25:20,11,13,2461,3473
2023-12-19 10:25:22,12,13,2461,3473
2023-12-19 10:25:26,11,13,2461,3473
2023-12-19 10:25:39,12,13,2461,3473
2023-12-19 10:25:46,11,13,2461,3473
2023-12-19 10:25:59,12,13,2461,3473
2023-12-19 10:26:05,12,14,2461,3473
2023-12-19 10:26:06,13,14,2461,3473
2023-12-19 10:26:12,13,15,2461,3473
2023-12-19 10:26:17,13,14,2461,3473
2023-12-19 10:26:18,13,15,2461,3473
2023-12-19 10:26:20,13,14,2461,3473
2023-12-19 10:26:25,13,15,2461,3473
2023-12-19 10:26:25,13,14,2461,3473
2023-12-19 10:26:28,12,14,2461,3473
2023-12-19 10:26:28,12,15,2461,3473
2023-12-19 10:26:34,12,15,2461,3473
2023-12-19 10:26:34,12,14,2461,3473
2023-12-19 10:26:35,12,15,2461,3473
2023-12-19 10:26:36,12,14,2461,3473
2023-12-19 10:26:43,12,13,2461,3473
2023-12-19 10:26:48,11,13,2461,3473
2023-12-19 10:26:53,11,14,2461,3473
2023-12-19 10:26:54,11,13,2461,3473
2023-12-19 10:26:59,11,12,2461,3473
2023-12-19 10:27:00,11,13,2461,3473
2023-12-19 10:27:21,12,13,2461,3473
2023-12-19 10:27:24,11,13,2461,3473
2023-12-19 10:27:25,12,13,2461,3473
2023-12-19 10:27:30,12,14,2461,3473
2023-12-19 10:27:32,12,13,2461,3473
2023-12-19 10:27:40,12,15,2461,3473
2023-12-19 10:27:40,12,14,2461,3473
2023-12-19 10:27:46,12,13,2461,3473
2023-12-19 10:27:50,12,14,2461,3473
2023-12-19 10:27:50,12,13,2461,3473
2023-12-19 10:27:52,12,14,2461,3473
2023-12-19 10:27:52,12,13,2461,3473
2023-12-19 10:28:01,12,14,2461,3473
2023-12-19 10:28:01,12,13,2461,3473
2023-12-19 10:28:04,12,14,2461,3473
2023-12-19 10:28:05,12,13,2461,3473
2023-12-19 10:28:07,12,14,2461,3473
2023-12-19 10:28:11,12,13,2461,3473
2023-12-19 10:28:25,12,14,2461,3473
2023-12-19 10:28:27,12,13,2461,3473
2023-12-19 10:28:51,11,13,2461,3473
2023-12-19 10:28:56,11,14,2461,3473
2023-12-19 10:28:56,12,14,2461,3473
2023-12-19 10:28:56,12,13,2461,3473
2023-12-19 10:28:58,11,13,2461,3473
2023-12-19 10:29:01,12,13,2461,3473
2023-12-19 10:29:03,11,13,2461,3473
2023-12-19 10:29:10,11,12,2461,3473
2023-12-19 10:29:11,11,13,2461,3473
2023-12-19 10:29:19,11,12,2461,3473
2023-12-19 10:29:23,11,13,2461,3473
2023-12-19 10:29:23,11,12,2461,3473
2023-12-19 10:29:27,11,13,2461,3473
2023-12-19 10:29:28,11,12,2461,3473
2023-12-19 10:29:50,11,13,2461,3473
2023-12-19 10:29:50,11,12,2461,3473
2023-12-19 10:30:14,11,13,2461,3473
2023-12-19 10:30:25,11,12,2461,3473
2023-12-19 10:30:26,11,13,2461,3473
2023-12-19 10:30:26,11,12,2461,3473
2023-12-19 10:30:43,10,12,2461,3473
2023-12-19 10:30:45,11,12,2461,3473
2023-12-19 10:30:48,10,12,2461,3473
2023-12-19 10:30:53,11,12,2461,3473
2023-12-19 10:31:00,11,13,2461,3473
2023-12-19 10:31:02,11,12,2461,3473
2023-12-19 10:31:04,11,13,2461,3473
2023-12-19 10:31:05,11,12,2461,3473
2023-12-19 10:31:11,11,13,2461,3473
2023-12-19 10:31:14,11,12,2461,3473
2023-12-19 10:31:15,11,13,2461,3473
2023-12-19 10:31:16,11,12,2461,3473
2023-12-19 10:31:19,11,13,2461,3473
2023-12-19 10:31:22,12,13,2461,3473
2023-12-19 10:31:22,12,13,2461,3600
2023-12-19 10:31:23,11,13,2461,3600
2023-12-19 10:31:23,10,13,2461,3600
2023-12-19 10:31:23,11,13,2461,3600
2023-12-19 10:31:29,10,13,2461,3600
2023-12-19 10:31:29,12,13,2461,3600
2023-12-19 10:31:29,12,13,2461,3720
2023-12-19 10:31:38,12,14,2461,3720
2023-12-19 10:31:38,12,13,2461,3720
2023-12-19 10:31:42,12,14,2461,3720
2023-12-19 10:31:48,12,13,2461,3720
2023-12-19 10:31:52,10,13,2461,3720
2023-12-19 10:31:52,11,13,2461,3720
2023-12-19 10:31:58,11,12,2461,3720
2023-12-19 10:32:03,11,13,2461,3720
2023-12-19 10:32:08,10,13,2461,3720
2023-12-19 10:32:08,12,13,2461,3720
2023-12-19 10:32:08,12,13,2461,3780
2023-12-19 10:32:11,10,13,2461,3780
2023-12-19 10:32:11,11,13,2461,3780
2023-12-19 10:32:13,10,13,2461,3780
2023-12-19 10:32:13,12,13,2461,3780
2023-12-19 10:32:14,12,14,2461,3780
2023-12-19 10:32:27,11,14,2461,3780
2023-12-19 10:32:27,13,14,2461,3780
2023-12-19 10:32:29,11,14,2461,3780
2023-12-19 10:32:29,12,14,2461,3780
2023-12-19 10:32:31,12,13,2461,3780
2023-12-19 10:32:32,12,14,2461,3780
2023-12-19 10:32:36,11,14,2461,3780
2023-12-19 10:32:36,13,14,2461,3780
2023-12-19 10:32:40,11,14,2461,3780
2023-12-19 10:32:40,12,14,2461,3780
2023-12-19 10:32:41,11,14,2461,3780
2023-12-19 10:32:41,13,14,2461,3780
2023-12-19 10:32:44,13,14,2211,4030
2023-12-19 10:32:45,11,14,2211,4030
2023-12-19 10:32:45,12,14,2211,4030
2023-12-19 10:32:53,12,13,2211,4030
2023-12-19 10:32:55,12,14,2211,4030
2023-12-19 10:33:04,12,13,2211,4030
2023-12-19 10:33:19,12,14,2211,4030
2023-12-19 10:33:19,12,13,2211,4030
2023-12-19 10:33:20,12,14,2211,4030
2023-12-19 10:33:21,12,13,2211,4030
2023-12-19 10:33:26,12,14,2211,4030
2023-12-19 10:33:49,11,14,2211,4030
2023-12-19 10:33:49,13,14,2211,4030
2023-12-19 10:33:59,13,15,2211,4030
2023-12-19 10:34:03,13,14,2211,4030
2023-12-19 10:34:05,13,15,2211,4030
2023-12-19 10:34:05,13,14,2211,4030
2023-12-19 10:34:07,13,15,2211,4030
2023-12-19 10:34:07,13,14,2211,4030
2023-12-19 10:34:09,13,15,2211,4030
2023-12-19 10:34:10,13,14,2211,4030
2023-12-19 10:34:11,13,15,2211,4030
2023-12-19 10:34:14,13,14,2211,4030
2023-12-19 10:34:15,13,15,2211,4030
2023-12-19 10:34:16,13,14,2211,4030
2023-12-19 10:34:20,13,15,2211,4030
2023-12-19 10:34:22,13,14,2211,4030
2023-12-19 10:34:34,13,15,2211,4030
2023-12-19 10:34:49,13,14,2211,4030
2023-12-19 10:34:53,13,15,2211,4030
2023-12-19 10:34:54,13,14,2211,4030
2023-12-19 10:34:55,11,14,2161,4093
2023-12-19 10:35:07,11,13,2161,4093
2023-12-19 10:35:09,10,13,2161,4093
2023-12-19 10:35:23,10,12,2161,4093
2023-12-19 10:35:29,10,13,2161,4093
2023-12-19 10:35:29,10,12,2161,4093
2023-12-19 10:35:30,10,13,2161,4093
2023-12-19 10:35:33,10,12,2161,4093
2023-12-19 10:35:36,10,13,2161,4093
2023-12-19 10:35:38,10,12,2161,4093
2023-12-19 10:35:48,10,13,2161,4093
2023-12-19 10:35:49,10,12,2161,4093
2023-12-19 10:36:10,9,12,2161,4093
2023-12-19 10:36:18,9,11,2161,4093
2023-12-19 10:36:26,9,12,2161,4093
2023-12-19 10:36:28,9,11,2161,4093
2023-12-19 10:36:32,9,12,2161,4093
2023-12-19 10:36:33,9,11,2161,4093
2023-12-19 10:36:53,9,12,2161,4093
2023-12-19 10:37:06,10,12,2161,4093
2023-12-19 10:37:11,9,12,2161,4093
2023-12-19 10:37:11,9,11,2161,4093
2023-12-19 10:37:26,9,12,2161,4093
2023-12-19 10:37:27,9,11,2161,4093
2023-12-19 10:37:28,9,12,2161,4093
2023-12-19 10:37:29,9,11,2161,4093
2023-12-19 10:37:30,10,11,2161,4093
2023-12-19 10:37:30,10,12,2161,4093
2023-12-19 10:37:44,10,13,2161,4093
2023-12-19 10:37:47,10,12,2161,4093
2023-12-19 10:37:52,10,13,2161,4093
2023-12-19 10:37:53,11,13,2161,4093
2023-12-19 10:37:55,11,14,2161,4093
2023-12-19 10:38:19,11,15,2161,4093
2023-12-19 10:38:20,11,14,2161,4093
2023-12-19 10:38:21,11,15,2161,4093
2023-12-19 10:38:21,11,14,2161,4093
2023-12-19 10:38:25,12,14,2161,4093
2023-12-19 10:38:28,12,15,2161,4093
2023-12-19 10:38:28,12,14,2161,4093
2023-12-19 10:38:30,12,15,2161,4093
2023-12-19 10:38:31,12,14,2161,4093
2023-12-19 10:38:37,11,14,2161,4093
2023-12-19 10:38:38,12,14,2161,4093
2023-12-19 10:38:43,11,14,2161,4093
2023-12-19 10:38:45,12,14,2161,4093
2023-12-19 10:38:52,12,15,2161,4093
2023-12-19 10:38:59,12,14,2161,4093
2023-12-19 10:39:00,11,14,2161,4093
2023-12-19 10:39:07,11,13,2161,4093
2023-12-19 10:39:15,10,12,2161,4093
2023-12-19 10:39:20,10,13,2161,4093
2023-12-19 10:39:28,10,12,2161,4093
2023-12-19 10:39:35,9,12,2161,4093
2023-12-19 10:39:43,9,11,2161,4093
2023-12-19 10:40:06,9,12,2161,4093
2023-12-19 10:40:07,9,11,2161,4093
2023-12-19 10:40:24,8,11,2361,4293
2023-12-19 10:40:48,8,10,2361,4293
2023-12-19 10:40:49,7,10,2361,4293
2023-12-19 10:40:54,7,9,2361,4293
2023-12-19 10:40:59,7,10,2361,4293
2023-12-19 10:40:59,7,9,2361,4293
2023-12-19 10:41:03,7,10,2361,4293
2023-12-19 10:41:35,8,10,2361,4293
2023-12-19 10:41:39,8,11,2361,4293
2023-12-19 10:41:49,8,12,2361,4293
2023-12-19 10:41:50,9,12,2361,4293
2023-12-19 10:42:19,9,11,2361,4293
2023-12-19 10:42:21,9,12,2361,4293
2023-12-19 10:42:26,10,12,2361,4293
2023-12-19 10:42:38,9,12,2361,4293
2023-12-19 10:42:54,10,12,2361,4293
2023-12-19 10:42:57,9,12,2361,4293
2023-12-19 10:43:07,9,11,2361,4293
2023-12-19 10:43:09,8,11,2361,4293
2023-12-19 10:43:21,8,11,2363,4295
2023-12-19 10:43:51,8,10,2363,4295
2023-12-19 10:43:53,8,11,2363,4295
2023-12-19 10:43:57,8,10,2363,4295
2023-12-19 10:43:58,8,11,2363,4295
2023-12-19 10:44:00,8,10,2363,4295
2023-12-19 10:44:01,8,11,2363,4295
2023-12-19 10:44:15,8,10,2363,4295
2023-12-19 10:44:16,8,11,2363,4295
2023-12-19 10:44:21,8,10,2363,4295
2023-12-19 10:44:27,8,11,2363,4295
2023-12-19 10:44:30,8,10,2363,4295
2023-12-19 10:44:34,8,11,2363,4295
2023-12-19 10:44:34,8,10,2363,4295
2023-12-19 10:44:36,8,11,2363,4295
2023-12-19 10:44:38,8,10,2363,4295
2023-12-19 10:44:39,8,11,2363,4295
2023-12-19 10:45:35,8,10,2363,4295
2023-12-19 10:45:37,7,10,2363,4295
2023-12-19 10:46:02,7,9,2363,4295
2023-12-19 10:46:11,7,10,2363,4295
2023-12-19 10:46:11,7,9,2363,4295
2023-12-19 10:46:16,7,10,2363,4295
2023-12-19 10:46:16,7,9,2363,4295
2023-12-19 10:47:35,7,10,2363,4295
2023-12-19 10:48:00,7,9,2363,4295
2023-12-19 10:48:06,7,10,2363,4295
2023-12-19 10:48:30,7,11,2363,4295
2023-12-19 10:48:32,7,10,2363,4295
2023-12-19 10:48:42,7,11,2363,4295
2023-12-19 10:48:44,8,11,2363,4295
2023-12-19 10:48:49,8,10,2363,4295
2023-12-19 10:48:52,8,11,2363,4295
2023-12-19 10:48:53,7,11,2363,4295
2023-12-19 10:48:53,7,10,2363,4295
2023-12-19 10:48:57,7,11,2363,4295
2023-12-19 10:48:58,8,11,2363,4295
2023-12-19 10:49:23,9,11,2363,4295
2023-12-19 10:49:48,9,12,2363,4295
2023-12-19 10:50:06,10,12,2363,4295
2023-12-19 10:50:27,9,12,2363,4295
2023-12-19 10:50:29,10,12,2363,4295
2023-12-19 10:50:37,9,12,2363,4295
2023-12-19 10:50:47,10,12,2363,4295
2023-12-19 10:50:59,9,12,2363,4295
2023-12-19 10:51:31,10,12,2363,4295
2023-12-19 10:51:37,10,13,2363,4295
2023-12-19 10:52:28,10,12,2363,4295
2023-12-19 10:52:33,9,12,2363,4295
2023-12-19 10:52:41,9,11,2363,4295
2023-12-19 10:52:58,8,11,2363,4295
2023-12-19 10:53:01,9,11,2363,4295
2023-12-19 10:53:10,9,12,2363,4295
2023-12-19 10:53:24,9,11,2363,4295
2023-12-19 10:53:25,9,11,2363,4295
2023-12-19 10:53:28,9,12,2363,4295
2023-12-19 10:54:22,10,12,2363,4295
2023-12-19 10:54:22,10,13,2363,4295
2023-12-19 10:54:27,9,13,2363,4295
2023-12-19 10:54:31,10,13,2363,4295
2023-12-19 10:54:51,9,13,2363,4295
2023-12-19 10:54:53,10,13,2363,4295
2023-12-19 10:55:51,11,13,2363,4295
2023-12-19 10:55:52,11,14,2363,4295
2023-12-19 10:56:12,11,13,2363,4295
2023-12-19 10:56:14,11,14,2363,4295
2023-12-19 10:56:15,11,13,2363,4295
2023-12-19 10:56:16,11,14,2363,4295
2023-12-19 10:56:17,11,13,2363,4295
2023-12-19 10:56:18,11,14,2363,4295
2023-12-19 10:56:20,11,13,2363,4295
2023-12-19 10:56:21,11,14,2363,4295
2023-12-19 10:57:09,11,13,2363,4295
2023-12-19 10:57:24,11,14,2363,4295
2023-12-19 10:57:47,12,14,2363,4295
2023-12-19 10:57:47,11,14,2563,4495
2023-12-19 10:57:54,12,14,2563,4495
2023-12-19 10:58:17,12,14,2743,4675
2023-12-19 10:58:18,11,14,2743,4675
2023-12-19 10:58:23,11,13,2743,4675
2023-12-19 10:59:04,11,14,2743,4675
2023-12-19 10:59:13,11,13,2743,4675
2023-12-19 10:59:22,11,14,2743,4675
2023-12-19 10:59:32,11,13,2743,4675
2023-12-19 10:59:52,11,14,2743,4675
2023-12-19 11:00:18,12,14,2743,4675
2023-12-19 11:00:48,11,14,2743,4675
2023-12-19 11:01:21,11,13,2743,4675
2023-12-19 11:01:26,10,13,2743,4675
2023-12-19 11:01:30,10,12,2743,4675
2023-12-19 11:01:51,10,11,2743,4675
2023-12-19 11:01:53,9,11,2743,4675
2023-12-19 11:02:01,9,11,2863,4795
2023-12-19 11:02:19,9,12,2863,4795
2023-12-19 11:03:05,10,12,2863,4795
2023-12-19 11:03:07,10,13,2863,4795
2023-12-19 11:03:07,10,12,2863,4795
2023-12-19 11:03:09,10,13,2863,4795
2023-12-19 11:03:09,10,12,2863,4795
2023-12-19 11:03:11,9,12,2863,4795
2023-12-19 11:03:27,9,13,2863,4795
2023-12-19 11:03:29,10,13,2863,4795
2023-12-19 11:03:30,10,12,2863,4795
2023-12-19 11:03:32,10,13,2863,4795
2023-12-19 11:03:33,10,12,2863,4795
2023-12-19 11:03:34,9,12,2863,4795
2023-12-19 11:03:40,9,13,2863,4795
2023-12-19 11:03:41,10,13,2863,4795
2023-12-19 11:03:43,10,12,2863,4795
2023-12-19 11:03:46,10,13,2863,4795
2023-12-19 11:04:03,11,13,2863,4795
2023-12-19 11:04:18,11,14,2863,4795
2023-12-19 11:04:19,11,13,2863,4795
2023-12-19 11:04:21,11,14,2863,4795
2023-12-19 11:04:22,11,13,2863,4795
2023-12-19 11:04:23,11,14,2863,4795
2023-12-19 11:04:42,12,14,2863,4795
2023-12-19 11:08:02,12,15,2850,4995
2023-12-19 11:08:33,13,15,2850,4995
2023-12-19 11:08:43,13,16,2850,5195
2023-12-19 11:08:47,14,16,2850,5195
2023-12-19 11:08:58,14,17,2850,5195
2023-12-19 11:09:46,15,17,2850,5195
2023-12-19 11:09:56,15,17,3339,5684
2023-12-19 11:09:57,14,17,3339,5684
2023-12-19 11:10:10,14,16,3339,5684
2023-12-19 11:11:05,14,17,3339,5684
2023-12-19 11:11:06,15,17,3339,5684
2023-12-19 11:11:25,15,18,3339,5684
2023-12-19 11:11:26,16,18,3339,5684
2023-12-19 11:12:02,16,17,3339,5684
2023-12-19 11:12:03,16,18,3339,5684
2023-12-19 11:12:23,16,17,3339,5684
2023-12-19 11:12:23,16,18,3339,5973
2023-12-19 11:12:51,16,19,3339,6173
2023-12-19 11:12:52,17,19,3339,6173
2023-12-19 11:12:55,17,18,3339,6173
2023-12-19 11:13:12,16,18,3339,6173
2023-12-19 11:13:58,16,17,3339,6173
2023-12-19 11:14:12,15,18,3339,6173
2023-12-19 11:14:38,16,18,3339,6173
2023-12-19 11:14:48,16,19,3339,6173
2023-12-19 11:15:47,16,18,3339,6173
2023-12-19 11:15:48,15,18,3339,6173
2023-12-19 11:15:51,16,18,3339,6173
2023-12-19 11:15:52,16,19,3339,6173
2023-12-19 11:16:38,16,18,3339,6173
2023-12-19 11:16:38,15,18,3339,6173
2023-12-19 11:16:47,16,18,3339,6173
2023-12-19 11:16:48,15,18,3339,6173
2023-12-19 11:16:52,15,19,3339,6173
2023-12-19 11:16:52,16,19,3339,6173
2023-12-19 11:16:55,16,18,3339,6173
2023-12-19 11:17:03,16,19,3339,6173
2023-12-19 11:17:05,16,18,3339,6173
2023-12-19 11:17:07,16,19,3339,6173
2023-12-19 11:17:41,16,18,3339,6173
2023-12-19 11:17:42,16,19,3339,6173
2023-12-19 11:17:50,16,18,3339,6173
2023-12-19 11:17:59,16,19,3339,6173
2023-12-19 11:18:01,16,18,3339,6173
2023-12-19 11:18:03,15,18,3339,6173
2023-12-19 11:18:04,16,18,3339,6173
2023-12-19 11:18:05,15,18,3339,6173
2023-12-19 11:18:12,16,18,3339,6173
2023-12-19 11:18:13,16,19,3339,6173
2023-12-19 11:18:24,16,18,3339,6173
2023-12-19 11:18:28,15,18,3339,6173
2023-12-19 11:18:31,16,18,3339,6173
2023-12-19 11:18:32,15,18,3339,6173
2023-12-19 11:19:06,16,18,3339,6173
2023-12-19 11:19:07,16,19,3339,6173
2023-12-19 11:19:09,16,18,3339,6173
2023-12-19 11:19:09,15,18,3339,6173
2023-12-19 11:19:12,15,19,3339,6173
2023-12-19 11:19:12,16,19,3339,6173
2023-12-19 11:19:21,15,19,3339,6173
2023-12-19 11:19:22,15,18,3339,6173
2023-12-19 11:19:37,16,18,3339,6173
2023-12-19 11:19:37,16,19,3339,6173
2023-12-19 11:19:50,15,19,3339,6173
2023-12-19 11:19:51,16,19,3339,6173
2023-12-19 11:19:52,15,19,3339,6173
2023-12-19 11:19:55,15,18,3339,6173
2023-12-19 11:19:58,15,19,3339,6173
2023-12-19 11:19:59,15,18,3339,6173
2023-12-19 11:20:02,15,19,3339,6173
2023-12-19 11:20:02,16,19,3339,6173
2023-12-19 11:20:07,16,18,3339,6173
2023-12-19 11:20:15,15,18,3339,6173
2023-12-19 11:20:21,16,18,3339,6173
2023-12-19 11:20:27,16,19,3339,6173
2023-12-19 11:20:31,16,19,3359,6193
2023-12-19 11:20:44,15,19,3359,6193
2023-12-19 11:20:50,15,18,3359,6193
2023-12-19 11:21:12,15,19,3359,6193
2023-12-19 11:21:14,16,19,3359,6193
2023-12-19 11:21:14,16,18,3359,6193
2023-12-19 11:21:18,15,18,3359,6193
2023-12-19 11:21:46,15,18,3409,6243
2023-12-19 11:21:49,15,17,3409,6243
2023-12-19 11:21:51,14,17,3409,6243
2023-12-19 11:21:54,14,16,3409,6243
2023-12-19 11:22:12,13,16,3409,6243
2023-12-19 11:22:52,13,15,3409,6243
2023-12-19 11:23:13,13,16,3409,6243
2023-12-19 11:23:18,13,15,3409,6243
2023-12-19 11:23:25,12,15,3409,6243
2023-12-19 11:24:19,12,15,3410,6244
2023-12-19 11:24:31,13,15,3410,6244
2023-12-19 11:24:39,12,15,3410,6244
2023-12-19 11:24:42,13,15,3410,6244
2023-12-19 11:24:54,12,15,3410,6244
2023-12-19 11:24:55,13,15,3410,6244
2023-12-19 11:25:03,12,15,3410,6244
2023-12-19 11:25:16,12,14,3410,6244
2023-12-19 11:25:22,12,15,3410,6244
2023-12-19 11:25:53,13,15,3410,6244
2023-12-19 11:26:12,14,15,3410,6244
2023-12-19 11:26:26,14,18,3411,6245
2023-12-19 11:26:26,15,18,3411,6245
2023-12-19 11:26:33,14,18,3411,6245
2023-12-19 11:26:35,14,17,3411,6245
2023-12-19 11:26:36,14,18,3411,6245
2023-12-19 11:26:39,15,18,3411,6245
2023-12-19 11:26:46,14,18,3411,6245
2023-12-19 11:26:46,14,17,3411,6245
2023-12-19 11:26:48,14,18,3411,6245
2023-12-19 11:26:49,14,17,3411,6245
2023-12-19 11:26:51,14,18,3411,6245
2023-12-19 11:26:52,14,17,3411,6245
2023-12-19 11:26:54,15,17,3411,6245
2023-12-19 11:26:54,15,18,3411,6245
2023-12-19 11:27:08,14,18,3411,6245
2023-12-19 11:27:08,14,17,3411,6245
2023-12-19 11:27:09,14,18,3411,6245
2023-12-19 11:27:11,14,17,3411,6245
2023-12-19 11:27:21,15,17,3411,6245
2023-12-19 11:27:40,15,17,3411,6245
2023-12-19 11:27:41,15,18,3411,6245
2023-12-19 11:28:07,15,17,3411,6245
2023-12-19 11:28:22,15,18,3411,6245
2023-12-19 11:28:34,16,18,3411,6245
2023-12-19 11:28:37,15,18,3411,6245
2023-12-19 11:29:13,15,17,3411,6245
2023-12-19 11:29:13,14,17,3411,6245
2023-12-19 11:29:22,14,18,3411,6245
2023-12-19 11:29:25,15,18,3411,6245
2023-12-19 11:29:44,15,17,3411,6245
2023-12-19 11:29:45,15,18,3411,6245
2023-12-19 11:29:50,15,17,3411,6245
2023-12-19 11:29:52,15,18,3411,6245
2023-12-19 11:29:53,15,17,3411,6245
2023-12-19 11:29:55,14,17,3411,6245
2023-12-19 11:29:57,14,16,3411,6245
2023-12-19 11:30:04,14,17,3411,6245
2023-12-19 11:30:28,14,16,3411,6245
2023-12-19 11:30:35,13,16,3411,6245
2023-12-19 11:30:45,14,16,3411,6245
2023-12-19 11:31:02,13,16,3411,6245
2023-12-19 11:31:27,13,15,3411,6245
2023-12-19 11:31:28,12,15,3411,6245
2023-12-19 11:31:49,12,14,3411,6245
2023-12-19 11:31:51,12,15,3411,6245
2023-12-19 11:31:53,12,14,3411,6245
2023-12-19 11:31:55,12,15,3411,6245
2023-12-19 11:31:57,12,14,3411,6245
2023-12-19 11:31:59,12,15,3411,6245
2023-12-19 11:32:10,12,14,3411,6245
2023-12-19 11:32:28,12,15,3411,6245
2023-12-19 11:32:34,12,16,3411,6245
2023-12-19 11:32:35,12,15,3411,6245
2023-12-19 11:33:01,13,15,3411,6245
2023-12-19 11:33:01,13,16,3411,6245
2023-12-19 11:33:02,13,15,3411,6245
2023-12-19 11:33:03,12,15,3411,6245
2023-12-19 11:33:09,13,15,3411,6245
2023-12-19 11:33:09,13,16,3411,6245
2023-12-19 11:33:10,13,15,3411,6245
2023-12-19 11:33:13,12,15,3411,6245
2023-12-19 11:34:31,12,14,3411,6245
2023-12-19 11:35:27,11,14,3411,6245
2023-12-19 11:35:29,11,13,3411,6245
2023-12-19 11:35:31,11,14,3411,6245
2023-12-19 11:35:56,11,13,3411,6245
2023-12-19 11:36:15,11,14,3411,6245
2023-12-19 11:36:53,12,14,3411,6245
2023-12-19 11:36:53,12,15,3411,6245
2023-12-19 11:37:13,11,15,3411,6245
2023-12-19 11:37:13,11,14,3411,6245
2023-12-19 11:37:19,11,15,3411,6245
2023-12-19 11:37:20,11,14,3411,6245
2023-12-19 11:37:23,12,14,3411,6245
2023-12-19 11:37:49,12,14,3411,6245
2023-12-19 11:37:51,11,14,3411,6245
2023-12-19 11:37:56,12,14,3411,6245
2023-12-19 11:37:56,12,15,3411,6245
2023-12-19 11:38:34,13,15,3411,6245
2023-12-19 11:38:48,14,16,3411,6245
2023-12-19 11:38:56,14,17,3411,6245
2023-12-19 11:38:58,14,16,3411,6245
2023-12-19 11:39:00,14,17,3411,6245
2023-12-19 11:39:00,15,17,3411,6245
2023-12-19 11:39:07,16,17,3411,6245
2023-12-19 11:39:07,16,17,3711,6545
2023-12-19 11:39:14,16,17,3711,6745
2023-12-19 11:39:17,16,17,3711,6995
2023-12-19 11:39:30,16,17,3711,7195
2023-12-19 11:39:30,13,17,3761,7245
2023-12-19 11:39:30,13,16,3761,7245
2023-12-19 11:39:31,14,16,3761,7245
2023-12-19 11:39:32,14,17,3761,7245
2023-12-19 11:39:51,14,18,3761,7245
2023-12-19 11:39:56,15,18,3761,7245
2023-12-19 11:39:58,14,18,3761,7245
2023-12-19 11:40:02,15,18,3761,7245
2023-12-19 11:40:16,16,18,3761,7245
2023-12-19 11:40:55,15,18,3761,7245
2023-12-19 11:40:57,16,18,3761,7245
2023-12-19 11:40:58,15,18,3761,7245
2023-12-19 11:40:59,16,18,3761,7245
2023-12-19 11:41:00,15,18,3761,7245
2023-12-19 11:41:03,16,18,3761,7245
2023-12-19 11:41:09,15,18,3761,7245
2023-12-19 11:41:11,16,18,3761,7245
2023-12-19 11:41:15,15,18,3761,7245
2023-12-19 11:41:49,16,18,3761,7245
2023-12-19 11:42:09,15,18,3761,7245
2023-12-19 11:42:21,16,18,3761,7245
2023-12-19 11:42:24,15,18,3761,7245
2023-12-19 11:42:27,16,18,3761,7245
2023-12-19 11:42:29,15,18,3761,7245
2023-12-19 11:43:01,16,18,3761,7245
2023-12-19 11:44:03,15,18,3761,7245
2023-12-19 11:44:41,16,18,3761,7245
2023-12-19 11:44:47,17,18,3761,7245
2023-12-19 11:45:54,18,19,3762,7246
2023-12-19 11:45:55,18,20,3762,7246
2023-12-19 11:47:12,18,19,3762,7246
2023-12-19 11:47:29,18,19,3875,7496
2023-12-19 11:47:29,18,19,4004,7625
2023-12-19 11:47:34,18,19,4254,7875
2023-12-19 11:47:38,18,19,4504,8125
2023-12-19 11:47:40,15,19,4624,8245
2023-12-19 11:47:40,15,18,4624,8245
2023-12-19 11:47:55,15,19,4624,8245
2023-12-19 11:47:56,15,18,4624,8245
2023-12-19 11:48:08,15,17,4624,8245
2023-12-19 11:48:09,15,18,4624,8245
2023-12-19 11:48:10,15,17,4624,8245
2023-12-19 11:48:13,15,18,4624,8245
2023-12-19 11:48:14,15,17,4624,8245
2023-12-19 11:48:16,15,18,4624,8245
2023-12-19 11:48:16,15,17,4624,8245
2023-12-19 11:48:19,15,18,4624,8245
2023-12-19 11:48:19,15,17,4624,8245
2023-12-19 11:48:20,15,18,4624,8245
2023-12-19 11:48:21,15,17,4624,8245
2023-12-19 11:48:27,14,17,4624,8245
2023-12-19 11:48:28,15,17,4624,8245
2023-12-19 11:48:30,14,17,4624,8245
2023-12-19 11:48:33,15,17,4624,8245
2023-12-19 11:48:34,14,17,4624,8245
2023-12-19 11:48:53,15,17,4624,8245
2023-12-19 11:48:54,14,17,4624,8245
2023-12-19 11:49:11,14,16,4624,8245
2023-12-19 11:49:30,14,17,4624,8245
2023-12-19 11:49:30,14,16,4624,8245
2023-12-19 11:49:35,14,15,4624,8245
2023-12-19 11:49:36,14,16,4624,8245
2023-12-19 11:49:38,14,15,4624,8245
2023-12-19 11:49:44,14,16,4624,8245
2023-12-19 11:49:44,14,15,4624,8245
2023-12-19 11:49:46,13,15,4624,8245
2023-12-19 11:49:51,13,16,4624,8245
2023-12-19 11:49:51,13,15,4624,8245
2023-12-19 11:50:17,13,16,4624,8245
2023-12-19 11:50:18,13,15,4624,8245
2023-12-19 11:50:19,12,15,4624,8245
2023-12-19 11:50:20,13,15,4624,8245
2023-12-19 11:50:21,12,15,4624,8245
2023-12-19 11:50:24,12,14,4624,8245
2023-12-19 11:50:27,12,15,4624,8245
2023-12-19 11:50:28,12,14,4624,8245
2023-12-19 11:50:32,12,15,4624,8245
2023-12-19 11:50:34,12,14,4624,8245
2023-12-19 11:50:47,11,14,4624,8245
2023-12-19 11:51:03,11,13,4624,8245
2023-12-19 11:51:10,11,14,4624,8245
2023-12-19 11:51:10,11,13,4624,8245
2023-12-19 11:51:33,10,13,4624,8245
2023-12-19 11:51:33,10,12,4624,8245
2023-12-19 11:51:36,10,13,4624,8245
2023-12-19 11:51:47,10,12,4624,8245
2023-12-19 11:52:32,10,13,4624,8245
2023-12-19 11:52:35,10,12,4624,8245
2023-12-19 11:52:43,10,13,4624,8245
2023-12-19 11:52:52,10,12,4624,8245
2023-12-19 11:53:12,10,13,4624,8245
2023-12-19 11:53:12,10,12,4624,8245
2023-12-19 11:53:20,10,13,4624,8245
2023-12-19 11:53:25,11,13,4624,8245
2023-12-19 11:53:25,11,14,4624,8245
2023-12-19 11:53:26,11,13,4624,8245
2023-12-19 11:53:27,11,14,4624,8245
2023-12-19 11:53:30,10,14,4624,8245
2023-12-19 11:53:30,10,13,4624,8245
2023-12-19 11:53:42,10,12,4624,8245
2023-12-19 11:53:48,10,13,4624,8245
2023-12-19 11:53:59,11,13,4624,8245
2023-12-19 11:53:59,11,14,4624,8245
2023-12-19 11:54:11,11,13,4624,8245
2023-12-19 11:54:13,11,14,4624,8245
2023-12-19 11:54:17,11,13,4624,8245
2023-12-19 11:54:36,11,14,4624,8245
2023-12-19 11:54:36,11,13,4624,8245
2023-12-19 11:54:43,11,14,4624,8245
2023-12-19 11:55:11,11,13,4624,8245
2023-12-19 11:55:13,11,14,4624,8245
2023-12-19 11:55:21,11,13,4624,8245
2023-12-19 11:55:34,10,13,4624,8245
2023-12-19 11:55:56,10,12,4624,8245
2023-12-19 11:56:21,10,11,4624,8245
2023-12-19 11:56:26,10,12,4624,8245
2023-12-19 11:56:26,10,11,4624,8245
2023-12-19 11:56:32,9,11,4624,8245
2023-12-19 11:56:48,9,10,4624,8245
2023-12-19 11:57:15,8,10,4624,8245
2023-12-19 11:58:33,7,10,4624,8245
2023-12-19 11:58:53,7,9,4624,8245
2023-12-19 11:58:58,7,10,4479,8390
2023-12-19 11:58:59,7,9,4479,8390
2023-12-19 11:59:04,7,10,4479,8390
2023-12-19 11:59:34,7,9,4479,8390
2023-12-19 11:59:38,7,10,4479,8390
2023-12-19 11:59:50,7,9,4479,8390
2023-12-19 12:00:04,7,8,4479,8390
2023-12-19 12:00:05,6,8,4479,8390
2023-12-19 12:00:26,6,7,4479,8390
2023-12-19 12:00:28,5,7,4479,8390
2023-12-19 12:00:50,5,8,4479,8390
2023-12-19 12:01:14,6,8,4479,8390
2023-12-19 12:01:37,5,8,4479,8390
2023-12-19 12:01:46,6,8,4479,8390
2023-12-19 12:02:15,6,9,4309,8590
2023-12-19 12:02:16,7,9,4309,8590
2023-12-19 12:02:18,7,10,4309,8590
2023-12-19 12:02:30,7,9,4309,8590
2023-12-19 12:02:56,6,9,4309,8590
2023-12-19 12:03:02,6,8,4309,8590
2023-12-19 12:03:22,6,9,4309,8590
2023-12-19 12:03:52,7,9,4309,8590
2023-12-19 12:04:53,7,10,4309,8590
2023-12-19 12:05:01,7,9,4309,8590
2023-12-19 12:05:08,7,10,4309,8590
2023-12-19 12:05:08,7,9,4309,8590
2023-12-19 12:05:16,7,10,4309,8590
2023-12-19 12:05:16,7,9,4309,8590
2023-12-19 12:05:25,6,9,4309,8590
2023-12-19 12:06:02,7,9,4309,8590
2023-12-19 12:06:05,6,9,4309,8590
2023-12-19 12:06:37,6,10,4309,8590
2023-12-19 12:06:38,6,9,4309,8590
2023-12-19 12:06:40,7,9,4309,8590
2023-12-19 12:06:40,7,10,4309,8590
2023-12-19 12:06:58,8,10,4309,8590
2023-12-19 12:07:12,8,10,4309,8650
2023-12-19 12:07:13,8,11,4309,8650
2023-12-19 12:07:56,9,11,4309,8650
2023-12-19 12:08:25,8,11,4309,8650
2023-12-19 12:08:36,9,11,4309,8650
2023-12-19 12:08:47,8,11,4309,8650
2023-12-19 12:09:03,8,10,4309,8650
2023-12-19 12:09:11,7,10,4309,8650
2023-12-19 12:09:21,7,9,4309,8650
2023-12-19 12:09:22,6,9,4309,8650
2023-12-19 12:09:27,7,9,4309,8650
2023-12-19 12:09:28,6,9,4309,8650
2023-12-19 12:09:44,7,9,4309,8650
2023-12-19 12:09:45,6,9,4309,8650
2023-12-19 12:11:02,6,8,4309,8650
2023-12-19 12:11:02,6,8,4339,8770
2023-12-19 12:12:41,5,8,4339,8770
2023-12-19 12:12:42,5,7,4339,8770
2023-12-19 12:12:45,5,8,4339,8770
2023-12-19 12:12:46,5,7,4339,8770
2023-12-19 12:12:47,5,8,4339,8770
2023-12-19 12:12:55,5,7,4339,8770
2023-12-19 12:13:02,6,7,4339,8770
2023-12-19 12:13:05,6,8,4339,8770
2023-12-19 12:13:06,5,8,4339,8770
2023-12-19 12:13:07,6,8,4339,8770
2023-12-19 12:14:19,6,7,4339,8770
2023-12-19 12:14:27,6,8,4339,8770
2023-12-19 12:14:30,6,7,4339,8770
2023-12-19 12:14:33,6,8,4339,8770
2023-12-19 12:14:33,6,7,4339,8770
2023-12-19 12:14:34,6,8,4339,8770
2023-12-19 12:14:45,6,7,4339,8770
2023-12-19 12:14:46,6,8,4339,8770
2023-12-19 12:14:46,6,7,4339,8770
2023-12-19 12:14:57,6,8,4339,8770
2023-12-19 12:14:58,6,7,4339,8770
2023-12-19 12:15:01,6,8,4339,8770
2023-12-19 12:15:11,6,7,4339,8770
2023-12-19 12:15:14,6,8,4339,8770
2023-12-19 12:15:14,6,7,4339,8770
2023-12-19 12:15:25,6,8,4339,8770
2023-12-19 12:15:26,6,7,4339,8770
2023-12-19 12:15:36,5,7,4339,8770
2023-12-19 12:15:44,6,7,4339,8770
2023-12-19 12:15:57,5,7,4339,8770
2023-12-19 12:16:05,6,7,4339,8770
2023-12-19 12:16:09,6,7,4399,8830
2023-12-19 12:16:19,6,8,4399,8830
2023-12-19 12:16:20,6,7,4399,8830
2023-12-19 12:16:23,6,8,4399,8830
2023-12-19 12:16:27,6,7,4399,8830
2023-12-19 12:16:32,6,8,4399,8830
2023-12-19 12:16:32,6,7,4399,8830
2023-12-19 12:16:33,6,8,4399,8830
2023-12-19 12:16:35,6,7,4399,8830
2023-12-19 12:16:37,6,8,4399,8830
2023-12-19 12:16:43,6,7,4399,8830
2023-12-19 12:16:55,6,8,4399,8830
2023-12-19 12:16:56,6,7,4399,8830
2023-12-19 12:17:18,6,8,4399,8830
2023-12-19 12:17:41,6,9,4399,8830
2023-12-19 12:17:41,6,8,4399,8830
2023-12-19 12:17:49,6,7,4399,8830
2023-12-19 12:18:01,6,8,4399,8830
2023-12-19 12:18:01,6,7,4399,8830
2023-12-19 12:18:06,6,8,4399,8830
2023-12-19 12:18:06,6,7,4399,8830
2023-12-19 12:18:21,6,8,4399,8830
2023-12-19 12:18:22,6,7,4399,8830
2023-12-19 12:18:39,6,8,4399,8830
2023-12-19 12:18:40,6,7,4399,8830
2023-12-19 12:18:41,6,8,4399,8830
2023-12-19 12:18:47,6,7,4399,8830
2023-12-19 12:18:50,6,8,4399,8830
2023-12-19 12:19:07,6,7,4399,8830
2023-12-19 12:19:08,6,8,4399,8830
2023-12-19 12:19:10,6,7,4399,8830
2023-12-19 12:19:12,6,8,4399,8830
2023-12-19 12:20:00,6,9,4399,8830
2023-12-19 12:20:00,6,8,4399,8830
2023-12-19 12:20:16,6,9,4399,8830
2023-12-19 12:20:16,6,8,4399,8830
2023-12-19 12:20:20,6,9,4399,8830
2023-12-19 12:20:20,6,8,4399,8830
2023-12-19 12:20:32,7,8,4399,8830
2023-12-19 12:20:32,7,9,4399,8830
2023-12-19 12:20:34,7,8,4399,8830
2023-12-19 12:20:55,7,9,4399,8830
2023-12-19 12:20:55,7,8,4399,8830
2023-12-19 12:21:05,6,8,4399,8830
2023-12-19 12:21:39,6,7,4399,8830
2023-12-19 12:21:45,6,8,4399,8830
2023-12-19 12:21:47,6,7,4399,8830
2023-12-19 12:21:52,6,8,4399,8830
2023-12-19 12:21:52,6,7,4399,8830
2023-12-19 12:22:07,6,8,4399,8830
2023-12-19 12:22:07,6,7,4399,8830
2023-12-19 12:22:54,6,8,4399,8830
2023-12-19 12:22:54,6,7,4399,8830
2023-12-19 12:22:59,6,8,4399,8830
2023-12-19 12:22:59,6,7,4399,8830
2023-12-19 12:23:01,6,8,4399,8830
2023-12-19 12:23:22,6,7,4399,8830
2023-12-19 12:23:27,6,8,4399,8830
2023-12-19 12:23:28,6,7,4399,8830
2023-12-19 12:23:34,6,8,4399,8830
2023-12-19 12:23:51,6,7,4399,8830
2023-12-19 12:23:52,6,8,4399,8830
2023-12-19 12:24:01,6,9,4399,8830
2023-12-19 12:24:01,6,8,4399,8830
2023-12-19 12:24:06,6,9,4399,8830
2023-12-19 12:24:06,6,8,4399,8830
2023-12-19 12:24:10,6,9,4399,8830
2023-12-19 12:24:10,6,8,4399,8830
2023-12-19 12:24:25,6,9,4399,8830
2023-12-19 12:24:25,6,7,4399,8830
2023-12-19 12:24:29,6,9,4399,8830
2023-12-19 12:24:29,6,8,4399,8830
2023-12-19 12:24:40,6,9,4399,8830
2023-12-19 12:24:41,6,8,4399,8830
2023-12-19 12:24:43,6,9,4399,8830
2023-12-19 12:24:44,6,8,4399,8830
2023-12-19 12:24:51,6,9,4399,8830
2023-12-19 12:24:51,6,8,4399,8830
2023-12-19 12:24:56,6,9,4399,8830
2023-12-19 12:24:56,6,8,4399,8830
2023-12-19 12:25:11,6,9,4399,8830
2023-12-19 12:25:11,6,8,4399,8830
2023-12-19 12:25:31,6,9,4399,8830
2023-12-19 12:25:31,6,7,4399,8830
2023-12-19 12:25:35,6,9,4399,8830
2023-12-19 12:25:35,6,8,4399,8830
2023-12-19 12:25:39,6,9,4399,8830
2023-12-19 12:25:39,6,7,4399,8830
2023-12-19 12:25:40,6,9,4399,8830
2023-12-19 12:25:40,6,8,4399,8830
2023-12-19 12:25:56,6,9,4399,8830
2023-12-19 12:25:56,6,8,4399,8830
2023-12-19 12:26:03,6,9,4399,8830
2023-12-19 12:26:03,6,7,4399,8830
2023-12-19 12:26:03,6,9,4399,8830
2023-12-19 12:26:03,6,7,4399,8830
2023-12-19 12:26:11,6,9,4399,8830
2023-12-19 12:26:11,6,7,4399,8830
2023-12-19 12:26:17,6,9,4399,8830
2023-12-19 12:26:17,6,8,4399,8830
2023-12-19 12:26:36,6,9,4399,8830
2023-12-19 12:26:36,6,7,4399,8830
2023-12-19 12:26:44,6,9,4399,8830
2023-12-19 12:26:44,6,7,4399,8830
2023-12-19 12:26:44,6,9,4399,8830
2023-12-19 12:26:44,6,7,4399,8830
2023-12-19 12:26:50,6,9,4399,8830
2023-12-19 12:26:50,6,7,4399,8830
2023-12-19 12:26:52,6,9,4399,8830
2023-12-19 12:26:52,6,8,4399,8830
2023-12-19 12:26:55,6,9,4399,8830
2023-12-19 12:26:55,6,8,4399,8830
2023-12-19 12:27:16,6,9,4399,8830
2023-12-19 12:27:16,6,8,4399,8830
2023-12-19 12:27:22,6,9,4399,8830
2023-12-19 12:27:22,6,8,4399,8830
2023-12-19 12:27:28,6,9,4399,8830
2023-12-19 12:27:29,6,8,4399,8830
2023-12-19 12:27:41,6,9,4399,8830
2023-12-19 12:27:41,6,8,4399,8830
2023-12-19 12:27:48,6,9,4399,8830
2023-12-19 12:27:48,6,8,4399,8830
2023-12-19 12:27:57,6,9,4399,8830
2023-12-19 12:27:57,6,8,4399,8830
2023-12-19 12:28:41,6,9,4399,8830
2023-12-19 12:28:41,6,8,4399,8830
2023-12-19 12:28:48,6,7,4399,8830
2023-12-19 12:28:55,6,8,4399,8830
2023-12-19 12:28:55,6,7,4399,8830
2023-12-19 12:28:57,6,8,4399,8830
2023-12-19 12:28:57,6,7,4399,8830
2023-12-19 12:29:01,6,8,4399,8830
2023-12-19 12:29:01,6,7,4399,8830
2023-12-19 12:29:07,6,8,4399,8830
2023-12-19 12:29:07,6,7,4399,8830
2023-12-19 12:29:20,6,8,4399,8830
2023-12-19 12:29:36,6,7,4399,8830
2023-12-19 12:29:48,6,8,4399,8830
2023-12-19 12:29:48,6,7,4399,8830
2023-12-19 12:29:56,6,8,4399,8830
2023-12-19 12:29:56,6,7,4399,8830
2023-12-19 12:30:06,6,8,4399,8830
2023-12-19 12:30:06,6,7,4399,8830
2023-12-19 12:30:16,6,8,4399,8830
2023-12-19 12:30:16,6,7,4399,8830
2023-12-19 12:30:17,6,8,4399,8830
2023-12-19 12:30:30,6,9,4399,8830
2023-12-19 12:30:30,6,8,4399,8830
2023-12-19 12:30:48,6,9,4399,8830
2023-12-19 12:30:49,6,8,4399,8830
2023-12-19 12:30:51,6,9,4399,8830
2023-12-19 12:30:51,6,8,4399,8830
2023-12-19 12:30:54,7,8,4399,8830
2023-12-19 12:30:59,7,9,4399,8830
2023-12-19 12:30:59,7,8,4399,8830
2023-12-19 12:31:01,7,9,4399,8830
2023-12-19 12:31:03,7,8,4399,8830
2023-12-19 12:31:07,7,9,4399,8830
2023-12-19 12:31:07,7,8,4399,8830
2023-12-19 12:31:10,6,8,4399,8830
2023-12-19 12:31:25,6,9,4399,8830
2023-12-19 12:31:25,6,8,4399,8830
2023-12-19 12:31:37,6,7,4399,8830
2023-12-19 12:31:38,6,8,4399,8830
2023-12-19 12:31:38,6,7,4399,8830
2023-12-19 12:31:41,6,8,4399,8830
2023-12-19 12:32:04,6,9,4399,8830
2023-12-19 12:32:15,6,8,4399,8830
2023-12-19 12:32:18,6,9,4399,8830
2023-12-19 12:32:18,6,8,4399,8830
2023-12-19 12:33:05,6,9,4399,8830
2023-12-19 12:33:06,6,8,4399,8830
2023-12-19 12:33:08,6,9,4399,8830
2023-12-19 12:33:09,6,8,4399,8830
2023-12-19 12:33:40,6,10,4399,8830
2023-12-19 12:33:40,6,9,4399,8830
2023-12-19 12:33:46,6,8,4399,8830
2023-12-19 12:33:49,6,9,4399,8830
2023-12-19 12:33:50,6,8,4399,8830
2023-12-19 12:34:06,6,10,4399,8830
2023-12-19 12:34:06,6,9,4399,8830
2023-12-19 12:34:07,6,8,4399,8830
2023-12-19 12:34:08,6,10,4399,8830
2023-12-19 12:34:08,6,9,4399,8830
2023-12-19 12:34:15,6,8,4399,8830
2023-12-19 12:34:17,6,10,4399,8830
2023-12-19 12:34:17,6,9,4399,8830
2023-12-19 12:34:21,6,10,4399,8830
2023-12-19 12:34:21,6,9,4399,8830
2023-12-19 12:34:51,7,9,4399,8830
2023-12-19 12:35:07,7,10,4399,8830
2023-12-19 12:35:08,7,9,4399,8830
2023-12-19 12:35:10,7,10,4399,8830
2023-12-19 12:35:10,7,9,4399,8830
2023-12-19 12:35:38,7,8,4399,8830
2023-12-19 12:35:43,7,9,4399,8830
2023-12-19 12:35:45,7,8,4399,8830
2023-12-19 12:35:46,7,9,4399,8830
2023-12-19 12:35:53,7,10,4399,8830
2023-12-19 12:35:53,7,9,4399,8830
2023-12-19 12:36:01,7,8,4399,8830
2023-12-19 12:36:07,7,9,4399,8830
2023-12-19 12:36:11,7,8,4399,8830
2023-12-19 12:36:15,7,9,4399,8830
2023-12-19 12:36:15,7,8,4399,8830
2023-12-19 12:36:18,7,9,4399,8830
2023-12-19 12:36:19,7,8,4399,8830
2023-12-19 12:36:56,7,9,4399,8830
2023-12-19 12:37:21,7,8,4399,8830
2023-12-19 12:37:27,7,9,4399,8830
2023-12-19 12:37:27,7,8,4399,8830
2023-12-19 12:37:38,7,9,4399,8830
2023-12-19 12:37:39,7,8,4399,8830
2023-12-19 12:37:50,7,9,4399,8830
2023-12-19 12:37:50,7,8,4399,8830
2023-12-19 12:38:07,7,9,4399,8830
2023-12-19 12:38:08,7,8,4399,8830
2023-12-19 12:38:08,7,9,4399,8830
2023-12-19 12:38:26,7,8,4399,8830
2023-12-19 12:38:57,7,8,4509,9030
2023-12-19 12:39:18,7,8,4569,9090
2023-12-19 12:39:21,5,8,4569,9090
2023-12-19 12:39:28,6,8,4569,9090
2023-12-19 12:39:32,6,9,4569,9090
2023-12-19 12:39:35,6,8,4569,9090
2023-12-19 12:39:58,6,9,4569,9090
2023-12-19 12:40:02,6,8,4569,9090
2023-12-19 12:40:07,6,9,4569,9090
2023-12-19 12:40:14,6,8,4569,9090
2023-12-19 12:40:16,6,9,4569,9090
2023-12-19 12:40:23,6,8,4569,9090
2023-12-19 12:41:13,6,7,4569,9090
2023-12-19 12:43:25,6,8,4569,9090
2023-12-19 12:43:25,6,7,4569,9090
2023-12-19 12:43:27,6,8,4569,9090
2023-12-19 12:43:27,6,7,4569,9090
2023-12-19 12:43:48,6,8,4569,9090
2023-12-19 12:43:49,6,7,4569,9090
2023-12-19 12:43:50,6,8,4569,9090
2023-12-19 12:43:51,6,7,4569,9090
2023-12-19 12:43:58,6,8,4569,9090
2023-12-19 12:44:12,6,7,4569,9090
2023-12-19 12:44:16,6,8,4569,9090
2023-12-19 12:44:16,6,7,4569,9090
2023-12-19 12:44:22,6,8,4569,9090
2023-12-19 12:44:23,6,9,4569,9090
2023-12-19 12:44:23,6,7,4569,9090
2023-12-19 12:44:26,6,9,4569,9090
2023-12-19 12:44:26,6,8,4569,9090
2023-12-19 12:44:28,6,9,4569,9090
2023-12-19 12:44:29,6,8,4569,9090
2023-12-19 12:44:37,6,9,4569,9090
2023-12-19 12:44:53,6,8,4569,9090
2023-12-19 12:44:55,6,9,4569,9090
2023-12-19 12:44:55,6,8,4569,9090
2023-12-19 12:45:04,6,9,4569,9090
2023-12-19 12:45:11,6,8,4569,9090
2023-12-19 12:45:13,6,9,4569,9090
2023-12-19 12:45:21,7,9,4569,9090
2023-12-19 12:45:25,7,10,4569,9090
2023-12-19 12:45:25,7,9,4569,9090
2023-12-19 12:45:39,7,10,4569,9090
2023-12-19 12:45:39,7,9,4569,9090
2023-12-19 12:46:11,7,10,4569,9090
2023-12-19 12:46:11,7,9,4569,9090
2023-12-19 12:46:41,7,10,4569,9090
2023-12-19 12:46:41,7,9,4569,9090
2023-12-19 12:46:44,7,10,4569,9090
2023-12-19 12:46:46,8,10,4569,9090
2023-12-19 12:46:48,7,10,4569,9090
2023-12-19 12:46:49,8,10,4569,9090
2023-12-19 12:46:54,7,10,4569,9090
2023-12-19 12:46:57,7,11,4569,9090
2023-12-19 12:46:58,7,10,4569,9090
2023-12-19 12:47:01,7,9,4569,9090
2023-12-19 12:47:06,7,10,4569,9090
2023-12-19 12:47:07,7,9,4569,9090
2023-12-19 12:47:30,7,10,4569,9090
2023-12-19 12:47:30,7,9,4569,9090
2023-12-19 12:47:46,7,10,4569,9090
2023-12-19 12:47:46,7,9,4569,9090
2023-12-19 12:48:19,7,10,4569,9090
2023-12-19 12:48:19,7,9,4569,9090
2023-12-19 12:48:28,7,8,4569,9090
2023-12-19 12:48:41,7,10,4569,9090
2023-12-19 12:48:41,7,8,4569,9090
2023-12-19 12:48:51,7,9,4569,9090
2023-12-19 12:48:51,7,8,4569,9090
2023-12-19 12:48:52,6,8,4569,9090
2023-12-19 12:49:06,6,9,4569,9090
2023-12-19 12:49:06,6,8,4569,9090
2023-12-19 12:49:08,6,9,4569,9090
2023-12-19 12:49:09,6,8,4569,9090
2023-12-19 12:49:16,6,9,4569,9090
2023-12-19 12:49:20,7,9,4569,9090
2023-12-19 12:49:25,7,8,4569,9090
2023-12-19 12:49:26,7,9,4569,9090
2023-12-19 12:49:30,6,9,4569,9090
2023-12-19 12:49:30,6,8,4569,9090
2023-12-19 12:49:33,7,8,4569,9090
2023-12-19 12:49:39,7,9,4569,9090
2023-12-19 12:49:39,7,8,4569,9090
2023-12-19 12:49:40,6,8,4569,9090
2023-12-19 12:49:44,6,9,4569,9090
2023-12-19 12:49:44,6,8,4569,9090
2023-12-19 12:49:47,6,9,4569,9090
2023-12-19 12:49:47,6,8,4569,9090
2023-12-19 12:49:49,6,9,4569,9090
2023-12-19 12:49:51,6,8,4569,9090
2023-12-19 12:50:05,6,9,4569,9090
2023-12-19 12:50:05,6,8,4569,9090
2023-12-19 12:50:21,6,9,4569,9090
2023-12-19 12:50:21,6,8,4569,9090
2023-12-19 12:50:25,6,9,4569,9090
2023-12-19 12:50:34,6,8,4569,9090
2023-12-19 12:50:36,6,9,4569,9090
2023-12-19 12:50:36,6,8,4569,9090
2023-12-19 12:50:42,6,9,4569,9090
2023-12-19 12:50:43,6,8,4569,9090
2023-12-19 12:50:51,6,9,4569,9090
2023-12-19 12:50:52,6,8,4569,9090
2023-12-19 12:51:03,6,9,4569,9090
2023-12-19 12:51:09,6,8,4569,9090
2023-12-19 12:51:17,6,9,4569,9090
2023-12-19 12:51:19,7,9,4569,9090
2023-12-19 12:51:19,7,10,4569,9090
2023-12-19 12:51:48,8,10,4569,9090
2023-12-19 12:52:00,7,10,4569,9090
2023-12-19 12:52:01,8,10,4569,9090
2023-12-19 12:52:19,8,11,4569,9090
2023-12-19 12:52:20,8,10,4569,9090
2023-12-19 12:52:51,8,11,4569,9090
2023-12-19 12:52:51,8,10,4569,9090
2023-12-19 12:52:55,8,11,4569,9090
2023-12-19 12:52:55,8,10,4569,9090
2023-12-19 12:52:57,8,11,4569,9090
2023-12-19 12:52:57,8,10,4569,9090
2023-12-19 12:53:31,8,11,4569,9090
2023-12-19 12:53:31,8,10,4569,9090
2023-12-19 12:53:32,8,11,4569,9090
2023-12-19 12:53:32,8,10,4569,9090
2023-12-19 12:53:33,7,10,4569,9090
2023-12-19 12:53:35,8,10,4569,9090
2023-12-19 12:53:46,8,11,4569,9090
2023-12-19 12:53:46,8,10,4569,9090
2023-12-19 12:53:55,8,11,4569,9090
2023-12-19 12:53:55,8,10,4569,9090
2023-12-19 12:54:00,8,11,4569,9090
2023-12-19 12:54:00,8,10,4569,9090
2023-12-19 12:54:14,8,11,4569,9090
2023-12-19 12:54:15,9,11,4569,9090
2023-12-19 12:54:15,9,12,4569,9090
2023-12-19 12:54:15,9,10,4569,9090
2023-12-19 12:54:25,8,10,4569,9090
2023-12-19 12:54:26,9,10,4569,9090
2023-12-19 12:54:51,9,11,4569,9090
2023-12-19 12:54:52,9,10,4569,9090
2023-12-19 12:54:58,8,10,4569,9090
2023-12-19 12:54:59,9,10,4569,9090
2023-12-19 12:55:30,8,10,4569,9090
2023-12-19 12:55:34,9,10,4569,9090
2023-12-19 12:55:47,8,10,4569,9090
2023-12-19 12:55:51,9,10,4569,9090
2023-12-19 12:55:51,9,11,4569,9090
2023-12-19 12:55:51,9,10,4569,9090
2023-12-19 12:55:53,8,10,4569,9090
2023-12-19 12:55:54,9,10,4569,9090
2023-12-19 12:55:55,8,10,4569,9090
2023-12-19 12:56:00,8,11,4569,9090
2023-12-19 12:56:01,8,10,4569,9090
2023-12-19 12:56:04,8,9,4569,9090
2023-12-19 12:56:22,7,9,4569,9090
2023-12-19 12:56:28,8,9,4569,9090
2023-12-19 12:56:54,7,9,4569,9090
2023-12-19 12:57:04,8,9,4569,9090
2023-12-19 12:57:06,7,9,4569,9090
2023-12-19 12:57:21,8,9,4569,9090
2023-12-19 12:57:43,9,11,4460,9259
2023-12-19 12:57:43,9,10,4460,9259
2023-12-19 12:57:44,8,10,4460,9259
2023-12-19 12:57:46,7,10,4460,9259
2023-12-19 12:57:52,7,11,4460,9259
2023-12-19 12:57:52,7,9,4460,9259
2023-12-19 12:57:52,7,11,4460,9259
2023-12-19 12:57:52,7,9,4460,9259
2023-12-19 12:58:16,7,11,4460,9259
2023-12-19 12:58:16,7,10,4460,9259
2023-12-19 12:58:16,7,9,4460,9259
2023-12-19 12:58:30,6,9,4460,9259
2023-12-19 12:58:39,6,8,4460,9259
2023-12-19 12:59:25,6,9,4460,9259
2023-12-19 12:59:25,6,8,4460,9259
2023-12-19 13:00:01,6,9,4460,9259
2023-12-19 13:00:01,6,8,4460,9259
2023-12-19 13:00:25,6,7,4460,9259
2023-12-19 13:00:31,6,8,4460,9259
2023-12-19 13:00:31,6,7,4460,9259
2023-12-19 13:00:41,6,8,4460,9259
2023-12-19 13:00:41,6,7,4460,9259
2023-12-19 13:00:48,6,8,4460,9259
2023-12-19 13:00:49,6,7,4460,9259
2023-12-19 13:01:17,6,8,4460,9259
2023-12-19 13:01:18,6,7,4460,9259
2023-12-19 13:01:49,6,9,4460,9259
2023-12-19 13:01:49,6,7,4460,9259
2023-12-19 13:01:52,6,9,4460,9259
2023-12-19 13:01:52,6,8,4460,9259
2023-12-19 13:01:55,6,9,4460,9259
2023-12-19 13:01:55,6,7,4460,9259
2023-12-19 13:01:57,6,9,4460,9259
2023-12-19 13:01:57,6,8,4460,9259
2023-12-19 13:02:13,6,9,4460,9259
2023-12-19 13:02:15,6,8,4460,9259
2023-12-19 13:02:17,6,9,4460,9259
2023-12-19 13:02:17,6,7,4460,9259
2023-12-19 13:02:23,6,9,4460,9259
2023-12-19 13:02:23,6,8,4460,9259
2023-12-19 13:02:40,7,8,4460,9259
2023-12-19 13:02:41,6,8,4460,9259
2023-12-19 13:02:45,6,9,4460,9259
2023-12-19 13:02:46,6,8,4460,9259
2023-12-19 13:02:52,6,9,4460,9259
2023-12-19 13:02:53,6,8,4460,9259
2023-12-19 13:03:00,7,8,4460,9259
2023-12-19 13:03:02,6,8,4460,9259
2023-12-19 13:03:11,6,7,4460,9259
2023-12-19 13:03:31,6,7,4657,9456
2023-12-19 13:03:45,6,8,4657,9456
2023-12-19 13:03:50,6,7,4657,9456
2023-12-19 13:04:26,6,8,4657,9456
2023-12-19 13:04:27,6,7,4657,9456
2023-12-19 13:04:53,6,8,4657,9456
2023-12-19 13:05:11,6,9,4657,9456
2023-12-19 13:05:11,6,8,4657,9456
2023-12-19 13:05:30,6,9,4657,9456
2023-12-19 13:05:30,6,8,4657,9456
2023-12-19 13:05:31,6,9,4657,9456
2023-12-19 13:05:31,6,8,4657,9456
2023-12-19 13:06:10,6,7,4657,9456
2023-12-19 13:06:25,6,8,4657,9456
2023-12-19 13:06:29,6,7,4657,9456
2023-12-19 13:06:31,6,8,4657,9456
2023-12-19 13:06:32,6,7,4657,9456
2023-12-19 13:06:42,6,8,4657,9456
2023-12-19 13:06:42,6,7,4657,9456
2023-12-19 13:06:48,6,8,4657,9456
2023-12-19 13:06:53,6,7,4657,9456
2023-12-19 13:06:54,6,8,4657,9456
2023-12-19 13:06:57,6,7,4657,9456
2023-12-19 13:06:59,6,8,4657,9456
2023-12-19 13:06:59,6,7,4657,9456
2023-12-19 13:07:05,6,8,4657,9456
2023-12-19 13:07:05,6,7,4657,9456
2023-12-19 13:07:11,6,8,4657,9456
2023-12-19 13:07:12,6,7,4657,9456
2023-12-19 13:07:14,6,8,4657,9456
2023-12-19 13:07:14,6,7,4657,9456
2023-12-19 13:07:21,6,7,4798,9656
2023-12-19 13:07:21,6,7,4798,9656
2023-12-19 13:07:21,6,7,4858,9716
2023-12-19 13:07:24,6,7,5108,9966
2023-12-19 13:07:26,5,6,5141,9999
2023-12-19 13:07:27,5,6,5141,10119
2023-12-19 13:07:28,4,6,5141,10119
2023-12-19 13:07:50,4,5,5141,10119
2023-12-19 13:07:51,4,6,5141,10119
2023-12-19 13:08:24,4,5,5141,10119
2023-12-19 13:08:36,4,5,5180,10179
2023-12-19 13:08:37,4,6,5180,10179
2023-12-19 13:08:37,4,5,5180,10179
2023-12-19 13:08:56,4,6,5180,10179
2023-12-19 13:08:56,4,5,5180,10179
2023-12-19 13:08:59,4,6,5180,10179
2023-12-19 13:09:01,4,5,5180,10179
2023-12-19 13:09:04,4,6,5180,10179
2023-12-19 13:09:05,4,5,5180,10179
2023-12-19 13:09:10,4,6,5180,10179
2023-12-19 13:09:10,4,5,5180,10179
2023-12-19 13:09:21,4,6,5180,10179
2023-12-19 13:09:22,4,5,5180,10179
2023-12-19 13:09:24,4,5,5300,10299
2023-12-19 13:09:26,3,5,5300,10299
2023-12-19 13:09:46,3,4,5300,10299
2023-12-19 13:09:47,3,5,5300,10299
2023-12-19 13:09:50,3,4,5300,10299
2023-12-19 13:09:51,3,5,5300,10299
2023-12-19 13:09:54,3,4,5300,10299
2023-12-19 13:09:55,3,4,5480,10479
2023-12-19 13:09:56,2,4,5480,10479
2023-12-19 13:10:57,2,5,5480,10479
2023-12-19 13:11:03,3,5,5480,10479
2023-12-19 13:11:04,2,5,5480,10479
2023-12-19 13:11:05,3,5,5480,10479
2023-12-19 13:11:08,2,5,5480,10479
2023-12-19 13:11:13,2,4,5480,10479
2023-12-19 13:11:18,2,5,5480,10479
2023-12-19 13:11:23,3,5,5480,10479
2023-12-19 13:13:20,3,6,5480,10479
2023-12-19 13:13:20,3,5,5480,10479
2023-12-19 13:13:53,3,6,5480,10479
2023-12-19 13:13:53,3,5,5480,10479
2023-12-19 13:14:21,2,5,5480,10479
2023-12-19 13:14:53,3,5,5480,10479
2023-12-19 13:15:01,3,6,5480,10479
2023-12-19 13:15:01,3,5,5480,10479
2023-12-19 13:15:15,3,6,5480,10479
2023-12-19 13:15:15,3,5,5480,10479
2023-12-19 13:15:20,3,6,5480,10479
2023-12-19 13:15:20,3,5,5480,10479
2023-12-19 13:15:34,3,6,5480,10479
2023-12-19 13:15:34,3,5,5480,10479
2023-12-19 13:15:55,3,6,5480,10479
2023-12-19 13:15:55,3,5,5480,10479
2023-12-19 13:16:09,2,5,5480,10479
2023-12-19 13:16:26,2,4,5480,10479
2023-12-19 13:16:35,2,5,5480,10479
2023-12-19 13:16:46,2,4,5480,10479
2023-12-19 13:16:48,2,5,5480,10479
2023-12-19 13:16:49,2,4,5480,10479
2023-12-19 13:17:02,2,5,5480,10479
2023-12-19 13:17:03,2,4,5480,10479
2023-12-19 13:17:04,2,5,5480,10479
2023-12-19 13:17:05,2,4,5480,10479
2023-12-19 13:17:07,2,5,5480,10479
2023-12-19 13:17:08,2,4,5480,10479
2023-12-19 13:17:17,2,5,5480,10479
2023-12-19 13:17:17,2,4,5480,10479
2023-12-19 13:17:23,2,5,5480,10479
2023-12-19 13:17:25,2,4,5480,10479
2023-12-19 13:17:28,2,5,5480,10479
2023-12-19 13:17:31,2,4,5480,10479
2023-12-19 13:17:33,2,5,5480,10479
2023-12-19 13:17:34,2,4,5480,10479
2023-12-19 13:17:50,2,5,5480,10479
2023-12-19 13:17:51,2,4,5480,10479
2023-12-19 13:17:52,2,5,5480,10479
2023-12-19 13:17:53,3,5,5480,10479
2023-12-19 13:18:03,2,5,5480,10479
2023-12-19 13:18:39,2,4,5480,10479
2023-12-19 13:19:51,2,5,5480,10479
2023-12-19 13:19:51,2,4,5480,10479
2023-12-19 13:19:53,2,5,5480,10479
2023-12-19 13:19:54,2,4,5480,10479
2023-12-19 13:20:51,2,5,5480,10479
2023-12-19 13:20:51,2,4,5480,10479
2023-12-19 13:21:21,2,5,5480,10479
2023-12-19 13:21:21,2,4,5480,10479
2023-12-19 13:21:26,2,5,5480,10479
2023-12-19 13:21:27,2,4,5480,10479
2023-12-19 13:21:35,2,5,5480,10479
2023-12-19 13:21:35,2,4,5480,10479
2023-12-19 13:22:09,2,5,5310,10649
2023-12-19 13:22:09,2,4,5310,10649
2023-12-19 13:26:45,2,5,5110,10849
2023-12-19 13:27:11,2,4,5110,10849
2023-12-19 13:27:12,2,5,5110,10849
2023-12-19 13:27:16,2,4,5110,10849
2023-12-19 13:27:23,2,5,5110,10849
2023-12-19 13:27:32,2,4,5110,10849
2023-12-19 13:27:41,2,5,5110,10849
2023-12-19 13:27:41,2,4,5110,10849
2023-12-19 13:27:45,2,5,5110,10849
2023-12-19 13:27:52,2,4,5110,10849
2023-12-19 13:27:54,2,5,5110,10849
2023-12-19 13:27:54,2,4,5110,10849
2023-12-19 13:27:56,2,5,5110,10849
2023-12-19 13:27:57,2,4,5110,10849
2023-12-19 13:27:59,2,5,5110,10849
2023-12-19 13:27:59,2,4,5110,10849
2023-12-19 13:28:01,2,5,5110,10849
2023-12-19 13:28:01,2,4,5110,10849
2023-12-19 13:28:35,2,5,5110,10849
2023-12-19 13:28:42,2,4,5110,10849
2023-12-19 13:29:06,2,5,5110,10849
2023-12-19 13:29:41,3,5,5110,10849
2023-12-19 13:29:41,3,6,5110,10849
2023-12-19 13:29:41,3,5,5110,10849
2023-12-19 13:29:51,3,6,5110,10849
2023-12-19 13:29:51,3,5,5110,10849
2023-12-19 13:30:20,3,6,5110,10849
2023-12-19 13:30:20,3,5,5110,10849
2023-12-19 13:30:31,3,6,5110,10849
2023-12-19 13:30:31,3,5,5110,10849
2023-12-19 13:30:44,3,6,5110,10849
2023-12-19 13:30:44,5,6,5110,10849
2023-12-19 13:30:46,3,6,5110,10849
2023-12-19 13:30:47,4,6,5110,10849
2023-12-19 13:31:39,3,6,5110,10849
2023-12-19 13:31:40,4,6,5110,10849
2023-12-19 13:31:45,3,6,5110,10849
2023-12-19 13:31:45,4,6,5110,10849
2023-12-19 13:32:12,3,6,5110,10849
2023-12-19 13:32:12,4,6,5110,10849
2023-12-19 13:32:47,3,6,5110,10849
2023-12-19 13:32:48,4,6,5110,10849
2023-12-19 13:32:51,3,6,5110,10849
2023-12-19 13:32:51,4,6,5110,10849
2023-12-19 13:32:59,3,6,5110,10849
2023-12-19 13:32:59,4,6,5110,10849
2023-12-19 13:33:01,3,6,5110,10849
2023-12-19 13:33:01,4,6,5110,10849
2023-12-19 13:33:03,4,5,5110,10849
2023-12-19 13:33:07,3,5,5110,10849
2023-12-19 13:33:07,3,6,5110,10849
2023-12-19 13:33:08,3,5,5110,10849
2023-12-19 13:33:14,3,5,5110,10849
2023-12-19 13:33:27,4,5,5110,10849
2023-12-19 13:33:27,4,5,5170,10909
2023-12-19 13:33:27,3,5,5170,10909
2023-12-19 13:33:29,3,5,5110,10969
2023-12-19 13:33:29,4,5,5110,10969
2023-12-19 13:33:32,3,5,5110,10969
2023-12-19 13:33:32,4,5,5110,10969
2023-12-19 13:33:38,3,5,5110,10969
2023-12-19 13:33:38,4,5,5110,10969
2023-12-19 13:33:38,4,5,5170,11029
2023-12-19 13:33:38,3,5,5170,11029
2023-12-19 13:33:40,4,5,5170,11029
2023-12-19 13:33:41,3,5,5170,11029
2023-12-19 13:33:44,3,4,5170,11029
2023-12-19 13:33:44,3,5,5031,11229
2023-12-19 13:33:49,2,5,5031,11229
2023-12-19 13:33:58,3,5,5031,11229
2023-12-19 13:34:00,2,5,5031,11229
2023-12-19 13:34:00,3,5,5031,11229
2023-12-19 13:34:00,3,4,5031,11229
2023-12-19 13:34:05,3,5,5031,11229
2023-12-19 13:34:14,2,5,5031,11229
2023-12-19 13:34:14,3,5,5031,11229
2023-12-19 13:34:42,3,6,5031,11229
2023-12-19 13:34:43,3,5,5031,11229
2023-12-19 13:34:46,3,6,5031,11229
2023-12-19 13:34:46,3,5,5031,11229
2023-12-19 13:34:52,3,6,5031,11229
2023-12-19 13:34:53,3,5,5031,11229
2023-12-19 13:34:56,3,6,5031,11229
2023-12-19 13:34:56,3,5,5031,11229
2023-12-19 13:35:09,3,5,4880,11380
2023-12-19 13:35:13,4,5,4880,11380
2023-12-19 13:35:14,3,5,4880,11380
2023-12-19 13:35:15,4,5,4880,11380
2023-12-19 13:35:16,4,6,4843,11417
2023-12-19 13:35:16,4,5,4843,11417
2023-12-19 13:35:17,4,5,4820,11440
2023-12-19 13:35:26,4,6,4820,11440
2023-12-19 13:35:26,3,6,4820,11440
2023-12-19 13:35:26,3,5,4820,11440
2023-12-19 13:35:26,4,5,4820,11440
2023-12-19 13:35:34,4,6,4820,11440
2023-12-19 13:35:35,4,5,4820,11440
2023-12-19 13:35:45,4,6,4820,11440
2023-12-19 13:35:54,4,5,4820,11440
2023-12-19 13:35:55,4,6,4820,11440
2023-12-19 13:35:57,4,5,4820,11440
2023-12-19 13:35:59,3,5,4820,11440
2023-12-19 13:36:18,4,5,4820,11440
2023-12-19 13:36:20,3,5,4820,11440
2023-12-19 13:37:15,3,4,4820,11440
2023-12-19 13:37:18,3,5,4820,11440
2023-12-19 13:37:20,3,4,4820,11440
2023-12-19 13:37:28,2,3,4944,11564
2023-12-19 13:37:28,2,3,5068,11688
2023-12-19 13:37:28,2,3,5068,11808
2023-12-19 13:37:28,1,3,5068,11808
2023-12-19 13:38:05,1,4,4824,12052
2023-12-19 13:38:06,1,3,4824,12052
2023-12-19 13:38:07,1,4,4824,12052
2023-12-19 13:38:14,2,4,4824,12052
2023-12-19 13:38:15,1,4,4824,12052
2023-12-19 13:38:16,2,4,4824,12052
2023-12-19 13:38:22,2,5,4824,12052
2023-12-19 13:38:31,3,5,4824,12052
2023-12-19 13:38:31,3,5,4944,12172
2023-12-19 13:38:31,2,5,4944,12172
2023-12-19 13:38:35,3,5,4944,12172
2023-12-19 13:38:35,3,4,4944,12172
2023-12-19 13:38:36,2,4,4944,12172
2023-12-19 13:38:38,3,4,4944,12172
2023-12-19 13:38:41,3,5,4944,12172
2023-12-19 13:38:41,2,5,4944,12172
2023-12-19 13:38:41,2,4,4944,12172
2023-12-19 13:38:41,3,4,4944,12172
2023-12-19 13:38:50,2,4,4944,12172
2023-12-19 13:38:55,3,4,4944,12172
2023-12-19 13:39:04,3,5,4944,12172
2023-12-19 13:39:17,4,5,4944,12172
2023-12-19 13:39:17,4,6,4944,12172
2023-12-19 13:39:18,4,5,4944,12172
2023-12-19 13:39:19,4,6,4944,12172
2023-12-19 13:39:20,4,5,4944,12172
2023-12-19 13:39:24,4,6,4944,12172
2023-12-19 13:39:30,4,5,4944,12172
2023-12-19 13:39:31,4,6,4944,12172
2023-12-19 13:39:31,4,5,4944,12172
2023-12-19 13:39:35,4,6,4840,12295
2023-12-19 13:39:49,5,6,4840,12295
2023-12-19 13:39:52,4,6,4840,12295
2023-12-19 13:39:56,5,6,4840,12295
2023-12-19 13:39:57,4,6,4840,12295
2023-12-19 13:40:08,4,7,4987,12603
2023-12-19 13:40:08,4,6,4987,12603
2023-12-19 13:40:09,4,7,4987,12603
2023-12-19 13:40:09,4,6,4987,12603
2023-12-19 13:40:11,4,7,4987,12603
2023-12-19 13:40:11,4,6,4987,12603
2023-12-19 13:40:12,5,6,4987,12603
2023-12-19 13:40:16,5,6,4977,12613
2023-12-19 13:40:24,5,7,4977,12734
2023-12-19 13:40:24,5,6,4977,12734
2023-12-19 13:40:25,5,7,4977,12734
2023-12-19 13:40:52,5,8,5177,13081
2023-12-19 13:40:52,5,7,5177,13081
2023-12-19 13:41:06,5,8,5177,13081
2023-12-19 13:41:06,5,7,5177,13081
2023-12-19 13:41:14,5,8,5177,13081
2023-12-19 13:41:14,5,7,5177,13081
2023-12-19 13:41:15,4,7,4841,14081
2023-12-19 13:41:15,5,7,4841,14081
2023-12-19 13:41:22,5,7,4841,14636
2023-12-19 13:41:27,5,8,4841,14636
2023-12-19 13:41:28,5,7,4841,14636
2023-12-19 13:41:34,6,7,4841,14636
2023-12-19 13:41:37,6,8,4841,14636
2023-12-19 13:41:38,5,7,4841,14636
2023-12-19 13:41:38,6,7,4841,14636
2023-12-19 13:41:41,5,7,4841,14636
2023-12-19 13:41:41,6,8,4841,14636
2023-12-19 13:41:41,6,7,4841,14636
2023-12-19 13:41:47,6,8,4841,14792
2023-12-19 13:41:48,6,7,4841,14792
2023-12-19 13:41:54,6,8,4841,14792
2023-12-19 13:41:54,6,8,4841,14792
2023-12-19 13:41:56,5,8,4841,14792
2023-12-19 13:41:57,6,8,4841,14792
2023-12-19 13:42:00,6,7,4841,14792
2023-12-19 13:42:10,5,7,4841,14792
2023-12-19 13:42:10,5,7,4841,14792
2023-12-19 13:42:24,6,7,4841,14792
2023-12-19 13:42:26,6,8,4841,14792
2023-12-19 13:42:27,6,7,4841,14792
2023-12-19 13:42:28,6,8,4841,14792
2023-12-19 13:42:30,6,7,4841,14792
2023-12-19 13:42:33,6,8,4841,14792
2023-12-19 13:42:39,5,8,4841,14792
2023-12-19 13:42:39,6,8,4841,14792
2023-12-19 13:42:44,5,8,4841,14792
2023-12-19 13:42:44,6,8,4841,14792
2023-12-19 13:42:55,6,7,4841,14792
2023-12-19 13:43:01,5,7,4841,14792
2023-12-19 13:43:05,5,8,4841,14792
2023-12-19 13:43:05,5,7,4841,14792
2023-12-19 13:43:10,6,7,4841,14792
2023-12-19 13:43:11,6,8,4841,14792
2023-12-19 13:43:11,5,8,4841,14792
2023-12-19 13:43:12,6,8,4841,14792
2023-12-19 13:43:17,6,8,4841,14792
2023-12-19 13:43:17,5,7,4841,14792
2023-12-19 13:43:17,6,7,4841,14792
2023-12-19 13:43:19,5,7,4841,14792
2023-12-19 13:43:28,5,7,4861,14812
2023-12-19 13:43:59,4,7,4861,14812
2023-12-19 13:44:00,5,7,4861,14812
2023-12-19 13:45:29,5,8,4989,14985
2023-12-19 13:45:29,6,8,4989,14985
2023-12-19 13:45:29,6,7,4989,14985
2023-12-19 13:45:34,6,8,5161,15157
2023-12-19 13:45:36,6,7,5161,15157
2023-12-19 13:45:40,5,7,5161,15157
2023-12-19 13:45:40,6,7,5161,15157
2023-12-19 13:45:52,6,8,5161,15157
2023-12-19 13:46:17,6,9,5161,15157
2023-12-19 13:46:18,7,9,5161,15157
2023-12-19 13:46:24,6,9,5161,15157
2023-12-19 13:46:45,7,9,5161,15157
2023-12-19 13:46:46,6,9,5161,15157
2023-12-19 13:46:54,7,9,5161,15157
2023-12-19 13:46:56,6,9,5161,15157
2023-12-19 13:46:56,7,9,5161,15157
2023-12-19 13:47:02,6,9,5161,15157
2023-12-19 13:47:03,7,9,5161,15157
2023-12-19 13:47:10,6,9,5161,15157
2023-12-19 13:47:11,7,9,5161,15157
2023-12-19 13:48:06,6,9,5161,15157
2023-12-19 13:48:07,7,9,5161,15157
2023-12-19 13:48:14,7,8,5161,15157
2023-12-19 13:48:20,6,8,5161,15157
2023-12-19 13:48:31,6,7,5161,15157
2023-12-19 13:48:32,6,8,5161,15157
2023-12-19 13:48:34,6,9,5161,15157
2023-12-19 13:48:34,7,9,5161,15157
2023-12-19 13:48:40,6,9,5161,15157
2023-12-19 13:48:41,7,9,5161,15157
2023-12-19 13:49:36,6,9,5161,15157
2023-12-19 13:49:36,7,9,5161,15157
2023-12-19 13:49:38,7,8,5161,15157
2023-12-19 13:49:55,6,7,5161,15347
2023-12-19 13:49:56,6,8,5161,15347
2023-12-19 13:50:23,6,7,5161,15347
2023-12-19 13:50:37,5,7,5161,15347
2023-12-19 13:50:37,6,7,5161,15347
2023-12-19 13:50:48,6,8,5161,15347
2023-12-19 13:50:50,6,7,5161,15347
2023-12-19 13:51:02,5,7,5161,15347
2023-12-19 13:51:06,4,7,5161,15347
2023-12-19 13:51:06,5,7,5161,15347
2023-12-19 13:51:08,5,6,5161,15347
2023-12-19 13:51:08,4,6,5161,15347
2023-12-19 13:51:09,5,6,5161,15347
2023-12-19 13:51:11,4,6,5161,15347
2023-12-19 13:51:11,5,6,5161,15347
2023-12-19 13:51:14,4,6,5161,15347
2023-12-19 13:51:15,5,6,5161,15347
2023-12-19 13:51:17,4,6,5161,15347
2023-12-19 13:51:17,5,6,5161,15347
2023-12-19 13:51:29,5,7,5161,15347
2023-12-19 13:51:29,5,6,5161,15347
2023-12-19 13:51:32,5,7,5361,15547
2023-12-19 13:52:02,4,7,5361,15547
2023-12-19 13:52:02,5,7,5361,15547
2023-12-19 13:52:10,4,7,5361,15547
2023-12-19 13:52:11,5,7,5361,15547
2023-12-19 13:52:17,5,6,5361,15547
2023-12-19 13:52:19,5,7,5361,15547
2023-12-19 13:52:20,5,6,5361,15547
2023-12-19 13:52:21,5,7,5361,15547
2023-12-19 13:52:37,4,7,5361,15547
2023-12-19 13:52:39,5,7,5361,15547
2023-12-19 13:52:57,4,7,5361,15547
2023-12-19 13:52:59,5,7,5361,15547
2023-12-19 13:53:05,5,8,5361,15547
2023-12-19 13:53:06,5,7,5361,15547
2023-12-19 13:53:10,5,8,5361,15547
2023-12-19 13:53:10,5,7,5361,15547
2023-12-19 13:53:20,5,6,5361,15547
2023-12-19 13:53:20,4,6,5361,15547
2023-12-19 13:53:22,5,6,5361,15547
2023-12-19 13:53:24,4,6,5361,15547
2023-12-19 13:53:32,5,6,5361,15547
2023-12-19 13:53:33,5,7,5361,15547
2023-12-19 13:53:38,4,7,5361,15547
2023-12-19 13:53:39,5,7,5361,15547
2023-12-19 13:53:41,4,7,5361,15547
2023-12-19 13:53:41,5,7,5361,15547
2023-12-19 13:53:43,4,7,5361,15547
2023-12-19 13:53:45,5,7,5361,15547
2023-12-19 13:54:16,4,7,5361,15547
2023-12-19 13:54:16,5,7,5361,15547
2023-12-19 13:54:19,4,7,5361,15547
2023-12-19 13:54:19,5,7,5361,15547
2023-12-19 13:54:24,5,6,5361,15547
2023-12-19 13:54:25,5,7,5361,15547
2023-12-19 13:54:25,5,6,5361,15547
2023-12-19 13:54:36,5,7,5361,15547
2023-12-19 13:54:41,4,7,5361,15547
2023-12-19 13:54:41,5,7,5361,15547
2023-12-19 13:54:43,5,6,5361,15547
2023-12-19 13:54:45,4,6,5361,15547
2023-12-19 13:54:45,4,7,5361,15547
2023-12-19 13:54:45,4,6,5361,15547
2023-12-19 13:54:47,4,7,5361,15547
2023-12-19 13:54:48,5,7,5361,15547
2023-12-19 13:55:09,4,7,5361,15547
2023-12-19 13:55:09,5,7,5361,15547
2023-12-19 13:55:16,4,7,5361,15547
2023-12-19 13:55:16,5,7,5361,15547
2023-12-19 13:55:23,5,6,5361,15547
2023-12-19 13:55:25,5,7,5361,15547
2023-12-19 13:55:25,5,7,5361,15547
2023-12-19 13:55:25,5,6,5361,15547
2023-12-19 13:55:28,5,7,5361,15547
2023-12-19 13:55:28,5,7,5361,15547
2023-12-19 13:55:40,4,7,5361,15547
2023-12-19 13:55:40,5,7,5361,15547
2023-12-19 13:55:47,4,7,5361,15547
2023-12-19 13:55:47,5,7,5361,15547
2023-12-19 13:55:57,5,6,5361,15547
2023-12-19 13:56:01,3,6,5361,15547
2023-12-19 13:56:01,5,6,5361,15547
2023-12-19 13:56:01,3,6,5361,15547
2023-12-19 13:56:01,5,6,5361,15547
2023-12-19 13:56:06,3,6,5361,15547
2023-12-19 13:56:06,5,6,5361,15547
2023-12-19 13:56:06,3,6,5361,15547
2023-12-19 13:56:06,5,6,5361,15547
2023-12-19 13:56:07,3,6,5361,15547
2023-12-19 13:56:07,5,6,5361,15547
2023-12-19 13:56:07,3,6,5361,15547
2023-12-19 13:56:07,5,6,5361,15547
2023-12-19 13:56:07,3,6,5361,15547
2023-12-19 13:56:07,5,6,5361,15547
2023-12-19 13:56:08,3,6,5361,15547
2023-12-19 13:56:08,5,6,5361,15547
2023-12-19 13:56:08,3,6,5361,15547
2023-12-19 13:56:08,5,6,5361,15547
2023-12-19 13:56:09,3,6,5361,15547
2023-12-19 13:56:09,4,6,5361,15547
2023-12-19 13:56:11,3,6,5361,15547
2023-12-19 13:56:11,4,6,5361,15547
2023-12-19 13:56:16,3,6,5361,15547
2023-12-19 13:56:16,4,6,5361,15547
2023-12-19 13:56:23,3,6,5361,15547
2023-12-19 13:56:23,4,6,5361,15547
2023-12-19 13:56:31,4,5,5361,15547
2023-12-19 13:56:32,3,5,5361,15547
2023-12-19 13:56:42,3,4,5361,15547
2023-12-19 13:57:00,3,5,5561,15747
2023-12-19 13:57:22,2,5,5561,15747
2023-12-19 13:57:22,4,5,5561,15747
2023-12-19 13:57:24,2,5,5561,15747
2023-12-19 13:57:24,4,5,5561,15747
2023-12-19 13:57:24,2,5,5561,15747
2023-12-19 13:57:24,4,5,5561,15747
2023-12-19 13:57:24,2,5,5561,15747
2023-12-19 13:57:24,4,5,5561,15747
2023-12-19 13:57:28,2,5,5561,15747
2023-12-19 13:57:28,4,5,5561,15747
2023-12-19 13:57:29,2,5,5561,15747
2023-12-19 13:57:29,3,5,5561,15747
2023-12-19 13:57:46,3,4,5561,15747
2023-12-19 13:57:58,2,4,5561,15747
2023-12-19 13:57:59,3,4,5561,15747
2023-12-19 13:58:01,2,4,5561,15747
2023-12-19 13:58:01,3,4,5561,15747
2023-12-19 13:58:05,2,4,5561,15747
2023-12-19 13:58:05,3,4,5561,15747
2023-12-19 13:58:12,2,4,5561,15747
2023-12-19 13:58:13,3,4,5561,15747
2023-12-19 13:58:55,2,4,5561,15747
2023-12-19 13:58:55,3,4,5561,15747
2023-12-19 13:58:55,3,4,5561,15878
2023-12-19 13:59:10,3,5,5561,15878
2023-12-19 13:59:12,4,5,5561,15878
2023-12-19 13:59:18,4,6,5561,15878
2023-12-19 13:59:51,3,6,5561,15878
2023-12-19 13:59:51,5,6,5561,15878
2023-12-19 13:59:55,3,6,5561,15878
2023-12-19 13:59:55,4,6,5561,15878
2023-12-19 14:00:00,3,6,5561,15878
2023-12-19 14:00:00,5,6,5561,15878
2023-12-19 14:00:00,5,6,5561,15967
2023-12-19 14:00:00,3,6,5561,15967
2023-12-19 14:00:01,4,6,5561,15967
2023-12-19 14:00:14,5,6,5561,15967
2023-12-19 14:00:17,4,6,5561,15967
2023-12-19 14:00:19,5,6,5561,15967
2023-12-19 14:00:21,5,7,5561,15967
2023-12-19 14:00:21,4,7,5561,15967
2023-12-19 14:00:22,4,6,5561,15967
2023-12-19 14:00:22,5,6,5561,15967
2023-12-19 14:00:23,4,6,5561,15967
2023-12-19 14:00:26,5,6,5561,15967
2023-12-19 14:00:28,4,6,5561,15967
2023-12-19 14:00:31,4,7,5561,15967
2023-12-19 14:00:31,4,6,5561,15967
2023-12-19 14:00:32,4,5,5561,15967
2023-12-19 14:01:10,5,6,5561,15968
2023-12-19 14:01:11,4,6,5561,15968
2023-12-19 14:01:30,4,7,5561,15968
2023-12-19 14:01:31,4,6,5561,15968
2023-12-19 14:01:36,5,6,5561,15968
2023-12-19 14:01:37,4,6,5561,15968
2023-12-19 14:01:42,5,6,5561,15968
2023-12-19 14:01:43,4,6,5561,15968
2023-12-19 14:01:46,5,6,5561,15968
2023-12-19 14:01:52,4,6,5561,15968
2023-12-19 14:01:56,4,7,5561,15968
2023-12-19 14:01:56,4,6,5561,15968
2023-12-19 14:01:56,4,7,5561,15968
2023-12-19 14:01:56,4,6,5561,15968
2023-12-19 14:01:56,4,7,5561,15968
2023-12-19 14:01:56,4,6,5561,15968
2023-12-19 14:02:16,4,7,5561,15968
2023-12-19 14:02:16,4,6,5561,15968
2023-12-19 14:02:21,4,7,5561,15968
2023-12-19 14:02:21,4,6,5561,15968
2023-12-19 14:02:21,4,7,5561,15968
2023-12-19 14:02:21,4,6,5561,15968
2023-12-19 14:02:25,4,7,5561,15968
2023-12-19 14:02:25,4,6,5561,15968
2023-12-19 14:02:37,5,6,5561,15968
2023-12-19 14:02:41,5,7,5561,15968
2023-12-19 14:02:41,4,6,5561,15968
2023-12-19 14:02:46,5,7,5561,15968
2023-12-19 14:02:46,5,7,5561,15968
2023-12-19 14:02:46,5,6,5561,15968
2023-12-19 14:02:49,4,6,5561,15968
2023-12-19 14:03:09,4,7,5561,15968
2023-12-19 14:03:09,4,6,5561,15968
2023-12-19 14:03:36,4,5,5561,15968
2023-12-19 14:03:45,4,6,5561,15968
2023-12-19 14:03:46,4,5,5561,15968
2023-12-19 14:03:51,4,6,5561,15968
2023-12-19 14:03:51,3,6,5561,15968
2023-12-19 14:03:51,3,5,5561,15968
2023-12-19 14:03:56,3,5,5561,15968
2023-12-19 14:03:56,4,6,5561,15968
2023-12-19 14:03:56,4,5,5561,15968
2023-12-19 14:03:57,4,7,5561,15968
2023-12-19 14:03:57,4,6,5561,15968
2023-12-19 14:03:59,4,5,5561,15968
2023-12-19 14:04:03,4,6,5561,15968
2023-12-19 14:04:08,4,5,5561,15968
2023-12-19 14:04:18,4,6,5561,15968
2023-12-19 14:04:18,3,6,5561,15968
2023-12-19 14:04:18,4,6,5561,15968
2023-12-19 14:04:22,3,6,5561,15968
2023-12-19 14:04:23,4,6,5561,15968
2023-12-19 14:04:27,3,6,5561,15968
2023-12-19 14:04:27,4,6,5561,15968
2023-12-19 14:04:32,3,6,5561,15968
2023-12-19 14:04:32,4,6,5561,15968
2023-12-19 14:04:40,4,5,5561,15968
2023-12-19 14:04:42,4,6,5561,15968
2023-12-19 14:04:51,3,6,5561,15968
2023-12-19 14:04:53,4,6,5561,15968
2023-12-19 14:04:55,4,6,5561,15968
2023-12-19 14:05:04,4,5,5561,15968
2023-12-19 14:05:11,4,7,5561,15968
2023-12-19 14:05:12,4,6,5561,15968
2023-12-19 14:05:41,4,5,5561,15968
2023-12-19 14:05:48,3,5,5561,15968
2023-12-19 14:05:49,4,5,5561,15968
2023-12-19 14:05:51,3,5,5561,15968
2023-12-19 14:05:52,4,5,5561,15968
2023-12-19 14:06:05,3,5,5561,15968
2023-12-19 14:06:05,3,5,5561,15968
2023-12-19 14:06:05,4,5,5561,15968
2023-12-19 14:06:06,3,5,5561,15968
2023-12-19 14:06:09,4,5,5561,15968
2023-12-19 14:06:10,4,6,5561,15968
2023-12-19 14:06:13,4,5,5561,15968
2023-12-19 14:06:14,3,5,5561,15968
2023-12-19 14:06:16,3,6,5561,15968
2023-12-19 14:06:16,3,5,5561,15968
2023-12-19 14:06:19,4,5,5561,15968
2023-12-19 14:06:21,4,6,5561,15968
2023-12-19 14:06:33,4,5,5561,15968
2023-12-19 14:06:37,4,6,5561,15968
2023-12-19 14:06:37,3,6,5561,15968
2023-12-19 14:06:38,3,5,5561,15968
2023-12-19 14:06:43,4,5,5561,15968
2023-12-19 14:06:46,4,5,5561,15968
2023-12-19 14:06:55,3,5,5561,15968
2023-12-19 14:06:55,4,6,5561,15968
2023-12-19 14:06:55,4,5,5561,15968
2023-12-19 14:06:57,3,5,5561,15968
2023-12-19 14:06:57,3,6,5561,15968
2023-12-19 14:06:57,3,5,5561,15968
2023-12-19 14:06:57,4,5,5561,15968
2023-12-19 14:07:14,3,5,5561,15968
2023-12-19 14:07:16,3,6,5561,15968
2023-12-19 14:07:17,3,5,5561,15968
2023-12-19 14:07:26,3,6,5561,15968
2023-12-19 14:07:26,3,5,5561,15968
2023-12-19 14:07:32,4,5,5561,15968
2023-12-19 14:07:32,3,5,5561,15968
2023-12-19 14:07:32,3,6,5561,15968
2023-12-19 14:07:47,4,6,5561,15968
2023-12-19 14:07:47,4,5,5561,15968
2023-12-19 14:07:48,3,5,5561,15968
2023-12-19 14:07:53,3,6,5561,15968
2023-12-19 14:07:53,3,4,5561,15968
2023-12-19 14:07:56,3,6,5561,15968
2023-12-19 14:07:56,3,5,5561,15968
2023-12-19 14:07:59,3,6,5561,15968
2023-12-19 14:07:59,3,4,5561,15968
2023-12-19 14:08:03,3,6,5682,16089
2023-12-19 14:08:03,3,5,5682,16089
2023-12-19 14:08:04,3,6,5682,16089
2023-12-19 14:08:04,3,4,5682,16089
2023-12-19 14:08:04,3,6,5682,16089
2023-12-19 14:08:04,3,4,5682,16089
2023-12-19 14:08:09,3,6,5803,16210
2023-12-19 14:08:09,3,5,5803,16210
2023-12-19 14:08:09,4,5,5803,16210
2023-12-19 14:08:09,3,5,5803,16371
2023-12-19 14:08:09,4,5,5803,16371
2023-12-19 14:08:10,4,5,5803,16395
2023-12-19 14:08:18,3,5,5803,16395
2023-12-19 14:08:19,4,5,5803,16395
2023-12-19 14:08:21,3,5,5803,16395
2023-12-19 14:08:21,4,5,5803,16395
2023-12-19 14:08:21,3,5,5803,16395
2023-12-19 14:08:22,4,5,5803,16395
2023-12-19 14:08:24,4,6,5803,16395
2023-12-19 14:08:24,3,6,5803,16395
2023-12-19 14:08:24,4,6,5803,16395
2023-12-19 14:08:24,4,5,5803,16395
2023-12-19 14:08:27,3,4,5873,16542
2023-12-19 14:08:27,3,5,5873,16582
2023-12-19 14:08:27,3,6,5873,16582
2023-12-19 14:08:27,3,4,5873,16582
2023-12-19 14:08:28,3,6,5873,16582
2023-12-19 14:08:28,3,5,5873,16582
2023-12-19 14:08:36,4,5,5873,16582
2023-12-19 14:08:36,4,5,5948,16657
2023-12-19 14:08:36,3,5,5948,16657
2023-12-19 14:08:37,4,5,5948,16657
2023-12-19 14:09:16,4,6,5948,16657
2023-12-19 14:09:16,3,6,5948,16657
2023-12-19 14:09:16,4,6,5948,16657
2023-12-19 14:09:27,4,6,5948,16657
2023-12-19 14:09:27,3,6,5948,16657
2023-12-19 14:09:27,4,6,5948,16657
2023-12-19 14:09:27,4,5,5948,16657
2023-12-19 14:09:28,3,5,6082,16791
2023-12-19 14:09:28,4,5,6082,16791
2023-12-19 14:09:30,4,5,6140,16849
2023-12-19 14:09:37,3,5,6140,16849
2023-12-19 14:09:38,3,5,6140,16849
2023-12-19 14:09:38,4,5,6140,16849
2023-12-19 14:10:20,4,7,6140,16849
2023-12-19 14:10:21,4,6,6140,16849
2023-12-19 14:10:21,4,5,6140,16849
2023-12-19 14:10:23,4,7,6140,16849
2023-12-19 14:10:25,4,6,6140,16849
2023-12-19 14:10:25,4,5,6140,16849
2023-12-19 14:10:27,4,7,6140,16849
2023-12-19 14:10:27,4,6,6140,16849
2023-12-19 14:10:27,4,7,6140,16849
2023-12-19 14:10:28,4,6,6140,16849
2023-12-19 14:10:28,4,5,6140,16849
2023-12-19 14:10:46,4,7,6140,16849
2023-12-19 14:10:47,4,6,6140,16849
2023-12-19 14:10:49,4,7,6140,16849
2023-12-19 14:10:49,4,5,6140,16849
2023-12-19 14:10:58,4,7,6140,16849
2023-12-19 14:10:59,4,6,6140,16849
2023-12-19 14:11:00,5,6,6140,16849
2023-12-19 14:11:00,5,6,6140,16957
2023-12-19 14:11:02,4,6,6140,16957
2023-12-19 14:11:02,5,6,6140,16957
2023-12-19 14:11:04,5,6,6140,17132
2023-12-19 14:11:05,4,6,6140,17132
2023-12-19 14:11:06,5,6,6140,17132
2023-12-19 14:11:12,5,7,6140,17132
2023-12-19 14:11:12,5,6,6140,17132
2023-12-19 14:11:14,4,6,6140,17132
2023-12-19 14:11:18,4,7,6140,17243
2023-12-19 14:11:18,4,6,6140,17243
2023-12-19 14:11:19,5,6,6140,17243
2023-12-19 14:11:25,4,6,6140,17243
2023-12-19 14:11:27,5,6,6140,17243
2023-12-19 14:11:28,4,6,6140,17243
2023-12-19 14:11:33,4,7,6140,17394
2023-12-19 14:11:33,5,7,6140,17394
2023-12-19 14:11:33,5,6,6140,17394
2023-12-19 14:11:36,3,6,6140,17394
2023-12-19 14:11:36,4,6,6140,17394
2023-12-19 14:11:38,3,6,6140,17394
2023-12-19 14:11:38,3,5,6140,17394
2023-12-19 14:11:44,4,5,6140,17394
2023-12-19 14:11:46,4,7,6174,17503
2023-12-19 14:11:47,3,7,6174,17503
2023-12-19 14:11:47,4,7,6174,17503
2023-12-19 14:11:54,4,6,6174,17503
2023-12-19 14:11:55,4,7,6174,17503
2023-12-19 14:11:59,4,6,6174,17503
2023-12-19 14:11:59,3,6,6174,17503
2023-12-19 14:11:59,4,6,6174,17503
2023-12-19 14:12:11,4,7,6174,17503
2023-12-19 14:12:19,3,7,6174,17503
2023-12-19 14:12:19,4,7,6174,17503
2023-12-19 14:12:36,3,7,6174,17503
2023-12-19 14:12:36,4,7,6174,17503
2023-12-19 14:12:46,3,7,6174,17503
2023-12-19 14:12:46,4,7,6174,17503
2023-12-19 14:12:48,3,7,6174,17503
2023-12-19 14:12:48,4,7,6174,17503
2023-12-19 14:12:51,4,6,6174,17503
2023-12-19 14:12:53,4,7,6174,17503
2023-12-19 14:12:54,4,6,6174,17503
2023-12-19 14:12:55,4,7,6174,17503
2023-12-19 14:12:57,3,7,6174,17503
2023-12-19 14:12:58,3,6,6174,17503
2023-12-19 14:12:58,4,6,6174,17503
2023-12-19 14:13:00,3,6,6174,17503
2023-12-19 14:13:00,4,6,6174,17503
2023-12-19 14:13:04,3,6,6174,17503
2023-12-19 14:13:04,4,6,6174,17503
2023-12-19 14:13:09,4,5,6174,17503
2023-12-19 14:13:12,4,6,6174,17503
2023-12-19 14:13:15,4,5,6174,17503
2023-12-19 14:13:17,4,6,6174,17503
2023-12-19 14:13:24,4,5,6174,17503
2023-12-19 14:13:31,2,5,6174,17503
2023-12-19 14:13:31,3,5,6174,17503
2023-12-19 14:13:39,2,5,6174,17503
2023-12-19 14:13:39,3,5,6174,17503
2023-12-19 14:13:44,2,5,6174,17503
2023-12-19 14:13:44,3,5,6174,17503
2023-12-19 14:13:53,2,5,6174,17503
2023-12-19 14:13:53,3,5,6174,17503
2023-12-19 14:13:55,3,4,6174,17503
2023-12-19 14:14:01,2,4,6174,17503
2023-12-19 14:14:01,3,4,6174,17503
2023-12-19 14:14:04,2,3,6278,17641
2023-12-19 14:14:04,2,4,6278,17703
2023-12-19 14:14:04,3,4,6278,17703
2023-12-19 14:14:05,2,4,6278,17703
2023-12-19 14:14:07,3,4,6278,17703
2023-12-19 14:14:26,2,4,6278,17703
2023-12-19 14:14:26,3,4,6278,17703
2023-12-19 14:14:27,2,4,6278,17703
2023-12-19 14:14:27,2,3,6278,17703
2023-12-19 14:14:28,1,3,6278,17703
2023-12-19 14:14:41,1,4,6278,17703
2023-12-19 14:14:41,1,3,6278,17703
2023-12-19 14:14:42,1,4,6278,17703
2023-12-19 14:14:53,1,3,6278,17703
2023-12-19 14:14:58,1,4,6478,17903
2023-12-19 14:15:03,1,3,6478,17903
2023-12-19 14:15:09,1,4,6478,17903
2023-12-19 14:15:12,1,3,6478,17903
2023-12-19 14:15:16,1,4,6478,17903
2023-12-19 14:15:20,1,3,6478,17903
2023-12-19 14:15:24,1,4,6478,17903
2023-12-19 14:15:24,1,3,6478,17903
2023-12-19 14:15:27,1,4,6478,17903
2023-12-19 14:15:32,1,3,6478,17903
2023-12-19 14:15:42,1,4,6478,17903
2023-12-19 14:15:44,1,3,6478,17903
2023-12-19 14:15:46,1,4,6478,17903
2023-12-19 14:15:47,1,3,6478,17903
2023-12-19 14:15:49,1,4,6478,17903
2023-12-19 14:15:49,1,3,6478,17903
2023-12-19 14:15:52,2,3,6478,17903
2023-12-19 14:15:54,2,5,6478,17903
2023-12-19 14:15:54,2,4,6478,17903
2023-12-19 14:15:58,3,4,6478,17903
2023-12-19 14:16:02,2,4,6478,17903
2023-12-19 14:16:04,3,4,6478,17903
2023-12-19 14:16:06,2,4,6478,17903
2023-12-19 14:16:16,2,5,6478,17903
2023-12-19 14:16:16,2,4,6478,17903
2023-12-19 14:16:24,2,4,6478,17903
2023-12-19 14:16:24,2,5,6478,17903
2023-12-19 14:16:24,2,4,6478,17903
2023-12-19 14:16:24,3,4,6478,17903
2023-12-19 14:16:46,2,4,6478,17903
2023-12-19 14:16:46,2,6,6478,17903
2023-12-19 14:16:46,2,4,6478,17903
2023-12-19 14:16:46,3,4,6478,17903
2023-12-19 14:16:46,3,6,6478,17903
2023-12-19 14:16:46,3,4,6478,17903
2023-12-19 14:16:46,3,6,6478,17903
2023-12-19 14:16:46,3,4,6478,17903
2023-12-19 14:16:55,3,6,6506,18035
2023-12-19 14:17:02,3,7,6506,18877
2023-12-19 14:17:02,3,6,6506,18877
2023-12-19 14:17:03,4,6,6506,18877
2023-12-19 14:17:23,5,6,6506,18877
2023-12-19 14:17:23,5,6,6506,18995
2023-12-19 14:17:24,4,6,6506,18995
2023-12-19 14:17:55,4,7,6506,18995
2023-12-19 14:17:57,4,7,6506,19120
2023-12-19 14:18:17,5,7,6506,19120
2023-12-19 14:20:32,5,7,6506,19420
2023-12-19 14:20:53,4,7,6506,19495
2023-12-19 14:21:02,3,7,6506,19495
2023-12-19 14:21:05,4,7,6506,19495
2023-12-19 14:21:09,3,7,6506,19495
2023-12-19 14:21:11,3,6,6506,19495
2023-12-19 14:21:44,3,5,6506,19495
2023-12-19 14:22:11,2,5,6506,19495
2023-12-19 14:22:11,3,5,6506,19495
2023-12-19 14:22:11,3,5,6506,19623
2023-12-19 14:22:12,3,6,6506,19623
2023-12-19 14:22:18,3,5,6506,19623
2023-12-19 14:22:24,3,4,6506,19623
2023-12-19 14:22:47,1,4,6506,19623
2023-12-19 14:22:47,3,4,6506,19623
2023-12-19 14:23:01,1,4,6506,19623
2023-12-19 14:23:01,3,4,6506,19623
2023-12-19 14:23:07,1,4,6506,19623
2023-12-19 14:23:35,2,4,6506,19623
2023-12-19 14:23:35,3,4,6506,19623
2023-12-19 14:23:48,2,4,6506,19623
2023-12-19 14:23:48,3,4,6506,19623
2023-12-19 14:23:50,2,4,6506,19623
2023-12-19 14:23:52,3,4,6506,19623
2023-12-19 14:23:58,3,5,6506,19623
2023-12-19 14:24:05,3,6,6506,19623
2023-12-19 14:24:12,3,5,6506,19623
2023-12-19 14:24:14,2,5,6506,19623
2023-12-19 14:24:15,3,5,6506,19623
2023-12-19 14:24:20,3,6,6506,19623
2023-12-19 14:24:57,2,6,6506,19623
2023-12-19 14:24:58,3,6,6506,19623
2023-12-19 14:25:00,2,6,6506,19623
2023-12-19 14:25:00,3,6,6506,19623
2023-12-19 14:25:02,3,5,6506,19623
2023-12-19 14:25:03,2,5,6506,19623
2023-12-19 14:25:03,3,5,6506,19623
2023-12-19 14:25:06,2,5,6506,19623
2023-12-19 14:25:06,3,5,6506,19623
2023-12-19 14:25:09,3,6,6506,19623
2023-12-19 14:25:14,3,5,6506,19623
2023-12-19 14:25:25,3,6,6506,19623
2023-12-19 14:25:31,3,5,6506,19623
2023-12-19 14:25:31,2,5,6506,19623
2023-12-19 14:25:31,3,5,6506,19623
2023-12-19 14:25:32,3,6,6506,19623
2023-12-19 14:25:37,3,5,6506,19623
2023-12-19 14:25:38,3,6,6506,19623
2023-12-19 14:25:42,3,5,6506,19623
2023-12-19 14:25:49,2,5,6506,19623
2023-12-19 14:25:49,3,5,6506,19623
2023-12-19 14:25:50,2,5,6506,19623
2023-12-19 14:25:51,3,5,6506,19623
2023-12-19 14:25:54,2,5,6506,19623
2023-12-19 14:25:55,3,5,6506,19623
2023-12-19 14:26:04,3,6,6506,19623
2023-12-19 14:26:22,3,5,6506,19623
2023-12-19 14:26:22,2,5,6506,19623
2023-12-19 14:26:22,3,5,6506,19623
2023-12-19 14:26:29,2,5,6506,19623
2023-12-19 14:26:30,3,5,6506,19623
2023-12-19 14:26:40,2,5,6506,19623
2023-12-19 14:26:43,3,5,6506,19623
2023-12-19 14:26:44,2,5,6506,19623
2023-12-19 14:26:45,3,5,6506,19623
2023-12-19 14:26:46,2,5,6506,19623
2023-12-19 14:26:57,2,6,6506,19623
2023-12-19 14:26:57,3,6,6506,19623
2023-12-19 14:27:01,2,6,6506,19623
2023-12-19 14:27:01,3,6,6506,19623
2023-12-19 14:27:34,4,6,6506,19623
2023-12-19 14:27:37,3,6,6506,19623
2023-12-19 14:27:46,3,5,6506,19623
2023-12-19 14:27:46,3,5,6506,19782
2023-12-19 14:27:48,3,5,6567,19884
2023-12-19 14:27:53,3,5,6567,20047
2023-12-19 14:27:55,3,4,6567,20047
2023-12-19 14:27:56,2,4,6567,20047
2023-12-19 14:27:56,2,5,6567,20047
2023-12-19 14:27:56,3,5,6567,20047
2023-12-19 14:27:56,3,4,6567,20047
2023-12-19 14:27:58,3,4,6567,20230
2023-12-19 14:28:31,3,5,6567,20230
2023-12-19 14:28:31,2,4,6567,20230
2023-12-19 14:28:31,3,4,6567,20230
2023-12-19 14:28:35,3,4,6613,20333
2023-12-19 14:28:40,3,4,6627,20452
2023-12-19 14:28:54,2,4,6627,20452
2023-12-19 14:28:54,3,4,6627,20452
2023-12-19 14:28:56,2,4,6627,20452
2023-12-19 14:28:56,3,4,6627,20452
2023-12-19 14:29:00,3,4,6775,20600
2023-12-19 14:29:00,2,4,6775,20600
2023-12-19 14:29:00,3,4,6775,20600
2023-12-19 14:29:17,3,5,6775,20706
2023-12-19 14:29:17,3,4,6775,20706
2023-12-19 14:29:28,4,5,6673,20877
2023-12-19 14:29:29,3,5,6673,20877
2023-12-19 14:29:29,3,4,6673,20877
2023-12-19 14:29:39,3,5,6673,20877
2023-12-19 14:29:39,3,4,6673,20877
2023-12-19 14:29:41,3,5,6673,20877
2023-12-19 14:29:41,3,4,6673,20877
2023-12-19 14:29:45,3,5,6848,21052
2023-12-19 14:29:45,3,4,6848,21052
2023-12-19 14:29:46,3,5,6848,21052
2023-12-19 14:29:46,4,5,6848,21052
2023-12-19 14:29:46,4,5,6848,21224
2023-12-19 14:29:48,3,5,6848,21224
2023-12-19 14:29:49,4,5,6848,21224
2023-12-19 14:29:50,3,5,6848,21224
2023-12-19 14:29:55,4,5,6848,21224
2023-12-19 14:29:59,3,5,6848,21224
2023-12-19 14:30:02,4,5,6848,21224
2023-12-19 14:30:05,3,5,6848,21224
2023-12-19 14:30:05,4,5,6848,21224
2023-12-19 14:30:13,3,5,6848,21224
2023-12-19 14:30:14,4,5,6848,21224
2023-12-19 14:30:15,3,5,6848,21224
2023-12-19 14:30:27,3,4,6848,21224
2023-12-19 14:30:30,3,5,6982,21358
2023-12-19 14:30:30,3,4,6982,21358
2023-12-19 14:30:37,3,5,7154,21530
2023-12-19 14:30:38,2,5,7154,21530
2023-12-19 14:30:38,3,5,7154,21530
2023-12-19 14:30:39,3,4,7154,21530
2023-12-19 14:30:40,3,5,7154,21530
2023-12-19 14:30:40,4,5,7154,21530
2023-12-19 14:30:46,4,5,7093,21591
2023-12-19 14:30:56,4,6,7093,21591
2023-12-19 14:30:57,4,5,7093,21591
2023-12-19 14:31:05,4,6,7093,21591
2023-12-19 14:31:05,4,5,7093,21591
2023-12-19 14:31:09,4,6,7093,21591
2023-12-19 14:31:09,4,5,7093,21591
2023-12-19 14:31:15,4,6,7093,21591
2023-12-19 14:31:15,4,5,7093,21591
2023-12-19 14:31:39,4,6,7093,21591
2023-12-19 14:31:39,4,5,7093,21591
2023-12-19 14:31:43,3,5,7093,21591
2023-12-19 14:31:43,3,6,7093,21591
2023-12-19 14:31:43,3,4,7093,21591
2023-12-19 14:31:44,3,6,7093,21591
2023-12-19 14:31:44,3,4,7093,21591
2023-12-19 14:31:46,3,6,7267,21765
2023-12-19 14:31:47,3,5,7267,21765
2023-12-19 14:32:00,3,4,7267,21765
2023-12-19 14:32:05,3,6,7267,21765
2023-12-19 14:32:05,3,5,7267,21765
2023-12-19 14:32:07,4,5,7267,21765
2023-12-19 14:32:07,4,5,7267,21853
2023-12-19 14:32:07,3,5,7267,21853
2023-12-19 14:32:26,3,6,7267,21853
2023-12-19 14:32:26,3,5,7267,21853
2023-12-19 14:32:44,3,6,7267,21853
2023-12-19 14:32:44,3,4,7267,21853
2023-12-19 14:32:45,3,4,7267,21963
2023-12-19 14:32:52,3,6,7267,21963
2023-12-19 14:32:52,4,6,7267,21963
2023-12-19 14:32:52,4,5,7267,21963
2023-12-19 14:32:52,3,5,7267,22100
2023-12-19 14:32:54,4,5,7267,22100
2023-12-19 14:32:54,4,5,7267,22271
2023-12-19 14:32:54,3,5,7267,22271
2023-12-19 14:33:05,3,6,7267,22271
2023-12-19 14:33:05,3,5,7267,22271
2023-12-19 14:33:13,2,5,7267,22271
2023-12-19 14:33:13,2,6,7267,22271
2023-12-19 14:33:14,3,6,7267,22271
2023-12-19 14:33:14,3,5,7267,22271
2023-12-19 14:33:35,3,4,7267,22271
2023-12-19 14:33:39,3,5,7267,22271
2023-12-19 14:33:39,2,5,7267,22271
2023-12-19 14:33:40,3,5,7267,22271
2023-12-19 14:33:40,3,4,7267,22271
2023-12-19 14:33:42,3,5,7267,22271
2023-12-19 14:33:42,2,5,7267,22271
2023-12-19 14:33:42,2,4,7267,22271
2023-12-19 14:33:42,3,4,7267,22271
2023-12-19 14:34:09,2,4,7267,22271
2023-12-19 14:34:09,2,6,7267,22271
2023-12-19 14:34:09,3,6,7267,22271
2023-12-19 14:34:09,3,4,7267,22393
2023-12-19 14:34:09,3,4,7267,22393
2023-12-19 14:34:46,4,7,7267,22559
2023-12-19 14:34:46,4,6,7267,22559
2023-12-19 14:35:08,4,5,7267,22559
2023-12-19 14:35:11,4,7,7267,22559
2023-12-19 14:35:11,4,5,7267,22559
2023-12-19 14:35:48,3,5,7267,22559
2023-12-19 14:35:48,3,6,7267,22559
2023-12-19 14:35:50,4,6,7267,22559
2023-12-19 14:35:50,4,5,7267,22559
2023-12-19 14:35:56,4,6,7267,22559
2023-12-19 14:35:56,4,5,7267,22559
2023-12-19 14:36:13,2,5,7267,22559
2023-12-19 14:36:13,3,5,7267,22559
2023-12-19 14:36:26,3,6,7267,22559
2023-12-19 14:36:26,2,6,7267,22559
2023-12-19 14:36:27,2,5,7267,22559
2023-12-19 14:36:27,3,5,7267,22559
2023-12-19 14:36:34,4,5,7267,22559
2023-12-19 14:36:42,3,5,7267,22559
2023-12-19 14:36:42,3,5,7267,22559
2023-12-19 14:36:42,4,5,7267,22559
2023-12-19 14:37:05,3,5,7267,22559
2023-12-19 14:37:05,4,6,7267,22559
2023-12-19 14:37:11,3,5,7267,22559
2023-12-19 14:37:12,4,5,7267,22559
2023-12-19 14:37:13,3,5,7267,22559
2023-12-19 14:37:17,3,4,7267,22559
2023-12-19 14:37:18,3,5,7267,22559
2023-12-19 14:37:21,2,5,7267,22559
2023-12-19 14:37:21,3,5,7267,22559
2023-12-19 14:37:23,3,4,7267,22559
2023-12-19 14:37:33,3,6,7267,22559
2023-12-19 14:37:33,3,5,7267,22559
2023-12-19 14:37:35,4,5,7267,22559
2023-12-19 14:37:43,2,5,7267,22559
2023-12-19 14:37:43,3,5,7267,22559
2023-12-19 14:37:46,3,6,7267,22559
2023-12-19 14:37:46,2,6,7267,22559
2023-12-19 14:37:46,3,6,7267,22559
2023-12-19 14:37:46,3,5,7267,22559
2023-12-19 14:37:47,4,5,7267,22559
2023-12-19 14:37:59,4,6,7267,22559
2023-12-19 14:37:59,3,6,7267,22559
2023-12-19 14:38:00,3,5,7267,22559
2023-12-19 14:38:00,4,5,7267,22559
2023-12-19 14:38:01,3,5,7267,22559
2023-12-19 14:38:01,3,5,7267,22559
2023-12-19 14:38:02,4,5,7267,22559
2023-12-19 14:38:19,4,6,7267,22559
2023-12-19 14:38:19,4,6,7267,22559
2023-12-19 14:38:19,4,5,7267,22559
2023-12-19 14:38:30,4,6,7267,22559
2023-12-19 14:38:30,4,5,7267,22559
2023-12-19 14:39:06,3,5,7267,22559
2023-12-19 14:39:11,3,6,7267,22559
2023-12-19 14:39:11,3,5,7267,22559
2023-12-19 14:39:23,3,6,7267,22559
2023-12-19 14:39:25,3,5,7267,22559
2023-12-19 14:39:31,3,4,7267,22559
2023-12-19 14:39:47,3,6,7267,22559
2023-12-19 14:39:47,3,5,7267,22559
2023-12-19 14:39:54,3,6,7267,22559
2023-12-19 14:39:54,3,5,7267,22559
2023-12-19 14:39:55,4,5,7267,22559
2023-12-19 14:39:56,3,5,7267,22559
2023-12-19 14:39:59,3,6,7267,22559
2023-12-19 14:39:59,3,4,7267,22559
2023-12-19 14:40:01,3,6,7267,22559
2023-12-19 14:40:01,3,5,7267,22559
2023-12-19 14:40:16,3,4,7267,22559
2023-12-19 14:40:32,3,5,7267,22559
2023-12-19 14:40:32,2,5,7267,22559
2023-12-19 14:40:33,1,5,7267,22559
2023-12-19 14:40:33,3,5,7267,22559
2023-12-19 14:40:33,3,4,7267,22559
2023-12-19 14:40:43,3,5,7267,22559
2023-12-19 14:40:43,1,4,7267,22559
2023-12-19 14:40:50,1,4,7267,22559
2023-12-19 14:40:51,1,3,7267,22559
2023-12-19 14:40:54,1,4,7267,22559
2023-12-19 14:40:56,1,4,7267,22559
2023-12-19 14:40:59,1,3,7267,22559
2023-12-19 14:41:45,1,4,7267,22559
2023-12-19 14:41:46,1,3,7267,22559
2023-12-19 14:43:10,2,3,7267,22559
2023-12-19 14:43:18,1,3,7267,22559
2023-12-19 14:43:39,1,4,7267,22559
2023-12-19 14:43:39,1,3,7267,22559
2023-12-19 14:44:20,1,4,7267,22559
2023-12-19 14:44:20,1,3,7267,22559
2023-12-19 14:44:21,1,4,7267,22559
2023-12-19 14:44:21,1,3,7267,22559
2023-12-19 14:48:49,1,4,7267,22559
2023-12-19 14:48:49,1,3,7267,22559
2023-12-19 14:48:49,1,4,7267,22559
2023-12-19 14:48:50,1,3,7267,22559
2023-12-19 14:49:05,1,4,7267,22559
2023-12-19 14:49:05,1,3,7267,22559
2023-12-19 14:50:25,1,2,7267,22559
2023-12-19 14:52:54,1,3,7267,22559
2023-12-19 14:53:11,1,2,7267,22559
2023-12-19 14:53:32,1,3,7267,22559
2023-12-19 14:56:06,1,2,7267,22559
2023-12-19 14:56:25,1,3,7267,22559
2023-12-19 14:58:54,1,2,7267,22559
2023-12-19 14:59:12,1,3,7267,22559
2023-12-19 15:00:06,1,2,7267,22559
2023-12-19 15:00:15,1,3,7267,22559
2023-12-19 15:00:54,1,4,7267,22559
2023-12-19 15:00:55,1,3,7267,22559
2023-12-19 15:01:11,1,4,7267,22559
2023-12-19 15:01:11,1,3,7267,22559
2023-12-19 15:03:16,1,2,7267,22559
2023-12-19 15:03:25,1,3,7267,22559
2023-12-19 15:03:58,1,2,7267,22559
2023-12-19 15:04:49,1,2,7277,22609
2023-12-19 15:05:34,0,1,7277,22694
2023-12-19 15:05:35,0,2,7277,22694
2023-12-19 15:11:17,1,2,7277,22694
2023-12-19 15:11:19,0,2,7277,22694
2023-12-19 15:11:34,1,2,7277,22694
2023-12-19 15:11:35,0,2,7277,22694
2023-12-19 15:22:27,0,1,7277,22694
2023-12-19 15:22:34,0,2,7277,22694
2023-12-19 15:24:01,0,1,7277,22694
2023-12-19 15:24:02,0,2,7277,22694
2023-12-19 15:24:05,0,1,7277,22694
2023-12-19 15:24:31,0,2,7277,22694
2023-12-19 15:24:32,0,1,7277,22694
2023-12-19 15:24:35,0,2,7277,22694
2023-12-19 15:24:44,0,1,7277,22694
2023-12-19 15:30:40,0,2,7327,22744
2023-12-19 15:41:20,1,2,7327,22744
2023-12-19 15:41:37,2,3,7327,22745
2023-12-19 15:41:51,1,3,7327,22745
2023-12-19 15:42:27,0,3,7327,22745
2023-12-19 15:43:40,1,3,7327,22745
2023-12-19 15:43:40,1,2,7327,22745
2023-12-19 15:44:06,1,3,7327,22745
2023-12-19 15:44:19,0,3,7327,22745
2023-12-19 15:44:46,0,2,7327,22745
2023-12-19 15:47:53,0,1,7327,22745
2023-12-19 15:52:58,0,1,7327,22945
2023-12-19 15:55:36,1,2,7327,22950
2023-12-19 15:55:37,0,2,7327,22950
2023-12-19 15:55:51,1,2,7327,22950
2023-12-19 15:55:53,0,2,7327,22950
2023-12-19 15:56:54,1,2,7327,22950
2023-12-19 15:56:57,0,2,7327,22950
2023-12-19 15:56:58,0,1,7327,22950
2023-12-19 15:57:09,0,1,7327,23150
