datetime,bid,ask,open_interest,volume
2023-10-19 09:30:34,1,13,0,0
2023-10-19 09:31:00,1,9,0,0
2023-10-19 09:31:00,5,9,0,0
2023-10-19 09:31:00,6,9,0,0
2023-10-19 09:31:00,7,9,0,0
2023-10-19 09:31:01,6,9,0,0
2023-10-19 09:31:01,7,9,0,0
2023-10-19 09:32:09,7,9,1,1
2023-10-19 09:32:10,8,9,1,1
2023-10-19 09:32:12,8,11,1,1
2023-10-19 09:32:15,8,10,1,1
2023-10-19 09:32:28,7,10,1,1
2023-10-19 09:33:45,7,10,2,2
2023-10-19 09:34:04,7,11,2,2
2023-10-19 09:34:04,8,11,2,2
2023-10-19 09:34:14,8,10,2,2
2023-10-19 09:34:15,8,11,2,2
2023-10-19 09:34:20,8,10,2,2
2023-10-19 09:34:27,7,10,2,2
2023-10-19 09:34:33,8,10,2,2
2023-10-19 09:34:37,7,10,2,2
2023-10-19 09:34:40,8,10,2,2
2023-10-19 09:34:43,8,11,2,2
2023-10-19 09:34:53,9,11,2,2
2023-10-19 09:34:54,8,11,2,2
2023-10-19 09:34:57,9,11,2,2
2023-10-19 09:35:00,8,11,2,2
2023-10-19 09:35:02,9,11,2,2
2023-10-19 09:35:06,8,11,2,2
2023-10-19 09:35:14,9,11,2,2
2023-10-19 09:35:18,8,11,2,2
2023-10-19 09:35:36,9,11,2,2
2023-10-19 09:35:41,9,11,182,182
2023-10-19 09:35:41,9,10,182,182
2023-10-19 09:35:41,8,10,182,182
2023-10-19 09:36:09,9,10,182,182
2023-10-19 09:36:11,8,10,182,182
2023-10-19 09:36:15,9,10,182,182
2023-10-19 09:36:19,10,11,182,362
2023-10-19 09:36:19,10,12,182,362
2023-10-19 09:36:19,9,12,202,382
2023-10-19 09:36:32,9,11,202,382
2023-10-19 09:36:32,8,11,202,382
2023-10-19 09:36:36,9,11,202,382
2023-10-19 09:36:40,9,12,202,382
2023-10-19 09:36:45,10,12,202,382
2023-10-19 09:37:10,11,12,202,382
2023-10-19 09:37:13,10,12,202,382
2023-10-19 09:37:19,11,12,202,382
2023-10-19 09:37:20,10,12,202,382
2023-10-19 09:37:26,11,12,202,382
2023-10-19 09:37:37,11,13,202,382
2023-10-19 09:40:43,12,13,202,382
2023-10-19 09:42:03,13,14,204,384
2023-10-19 09:44:24,13,15,204,384
2023-10-19 09:45:14,13,14,204,384
2023-10-19 09:45:16,13,14,324,504
2023-10-19 09:45:17,12,14,324,504
2023-10-19 09:47:20,12,15,324,504
2023-10-19 09:47:28,12,14,324,504
2023-10-19 09:48:03,12,15,324,504
2023-10-19 09:48:33,13,15,324,504
2023-10-19 09:49:44,12,15,324,504
2023-10-19 09:49:49,12,14,324,504
2023-10-19 09:50:30,11,14,324,504
2023-10-19 09:50:30,11,13,324,504
2023-10-19 09:51:17,11,14,324,504
2023-10-19 09:51:28,11,13,324,504
2023-10-19 09:53:14,11,12,324,504
2023-10-19 09:53:14,11,12,524,704
2023-10-19 09:53:16,11,12,557,737
2023-10-19 09:53:26,10,11,555,755
2023-10-19 09:53:38,10,12,555,755
2023-10-19 09:53:52,10,11,555,755
2023-10-19 09:53:55,10,12,555,755
2023-10-19 09:56:02,11,12,555,755
2023-10-19 09:56:07,11,13,555,755
2023-10-19 09:56:10,11,14,555,755
2023-10-19 09:56:12,11,13,555,755
2023-10-19 09:56:13,11,12,555,755
2023-10-19 09:56:16,11,14,555,757
2023-10-19 09:56:19,11,13,555,757
2023-10-19 09:56:20,11,14,555,757
2023-10-19 09:56:23,11,13,555,757
2023-10-19 09:56:37,10,13,555,757
2023-10-19 09:57:12,11,13,555,757
2023-10-19 09:57:26,10,13,555,757
2023-10-19 09:57:33,10,12,555,757
2023-10-19 09:57:37,11,12,555,757
2023-10-19 09:58:06,11,13,555,757
2023-10-19 09:58:42,10,13,555,757
2023-10-19 09:58:43,11,13,555,757
2023-10-19 09:58:44,10,13,555,757
2023-10-19 09:58:55,11,13,555,757
2023-10-19 09:58:56,10,13,555,757
2023-10-19 09:58:58,11,13,555,757
2023-10-19 09:59:44,10,13,555,757
2023-10-19 10:00:18,11,13,555,757
2023-10-19 10:00:24,10,13,555,757
2023-10-19 10:00:31,11,13,555,757
2023-10-19 10:00:36,10,13,555,757
2023-10-19 10:00:39,11,13,555,757
2023-10-19 10:00:44,10,13,555,757
2023-10-19 10:01:02,11,13,555,757
2023-10-19 10:01:04,10,13,555,757
2023-10-19 10:01:05,11,13,555,757
2023-10-19 10:01:06,10,13,555,757
2023-10-19 10:01:07,11,13,555,757
2023-10-19 10:01:08,10,13,555,757
2023-10-19 10:01:09,10,12,555,757
2023-10-19 10:01:45,10,13,555,757
2023-10-19 10:01:52,11,13,555,757
2023-10-19 10:02:53,11,14,555,757
2023-10-19 10:02:56,11,13,555,757
2023-10-19 10:03:04,11,14,555,757
2023-10-19 10:03:06,11,13,555,757
2023-10-19 10:03:13,11,14,555,757
2023-10-19 10:03:13,11,13,555,757
2023-10-19 10:03:29,11,14,555,757
2023-10-19 10:03:38,12,14,555,757
2023-10-19 10:03:43,11,14,555,757
2023-10-19 10:04:05,11,13,555,757
2023-10-19 10:04:11,11,14,555,757
2023-10-19 10:04:22,11,13,555,757
2023-10-19 10:04:36,10,13,555,757
2023-10-19 10:04:43,11,13,555,757
2023-10-19 10:04:48,10,13,555,757
2023-10-19 10:04:53,11,13,555,757
2023-10-19 10:05:11,11,14,555,757
2023-10-19 10:05:14,11,13,555,757
2023-10-19 10:05:18,11,14,555,757
2023-10-19 10:05:19,11,13,555,757
2023-10-19 10:05:29,11,14,555,757
2023-10-19 10:05:30,11,13,555,757
2023-10-19 10:05:45,10,13,555,757
2023-10-19 10:06:00,10,12,555,757
2023-10-19 10:06:01,10,13,555,757
2023-10-19 10:06:22,11,13,555,757
2023-10-19 10:06:23,10,13,555,757
2023-10-19 10:06:36,10,12,555,757
2023-10-19 10:07:19,10,11,555,757
2023-10-19 10:07:19,10,11,615,817
2023-10-19 10:07:22,10,12,615,817
2023-10-19 10:07:53,10,13,615,817
2023-10-19 10:07:54,10,12,615,817
2023-10-19 10:07:56,10,13,615,817
2023-10-19 10:07:57,10,12,615,817
2023-10-19 10:08:03,10,13,615,817
2023-10-19 10:08:04,10,12,615,817
2023-10-19 10:08:46,10,13,615,817
2023-10-19 10:09:55,10,12,615,817
2023-10-19 10:09:57,10,13,615,817
2023-10-19 10:10:01,10,12,615,817
2023-10-19 10:10:36,10,11,615,817
2023-10-19 10:10:37,9,11,615,817
2023-10-19 10:10:42,9,10,615,817
2023-10-19 10:10:52,8,10,615,817
2023-10-19 10:11:13,8,10,675,877
2023-10-19 10:12:27,8,9,675,877
2023-10-19 10:12:31,8,9,915,1117
2023-10-19 10:12:49,8,9,1016,1218
2023-10-19 10:12:52,7,9,1016,1218
2023-10-19 10:13:25,7,8,1016,1218
2023-10-19 10:13:25,7,8,1046,1248
2023-10-19 10:13:50,7,9,1046,1248
2023-10-19 10:15:23,7,10,1046,1248
2023-10-19 10:15:25,7,9,1046,1248
2023-10-19 10:16:20,7,10,1046,1248
2023-10-19 10:16:26,7,9,1046,1248
2023-10-19 10:16:30,8,9,1046,1248
2023-10-19 10:16:42,8,10,1046,1248
2023-10-19 10:17:40,8,11,1046,1248
2023-10-19 10:17:59,9,11,1046,1248
2023-10-19 10:18:54,8,11,1046,1248
2023-10-19 10:19:26,9,11,1046,1248
2023-10-19 10:19:49,8,11,1046,1248
2023-10-19 10:20:19,8,10,1046,1248
2023-10-19 10:20:20,8,11,1046,1248
2023-10-19 10:20:36,8,10,1046,1248
2023-10-19 10:20:37,8,11,1046,1248
2023-10-19 10:20:58,8,10,1046,1248
2023-10-19 10:21:00,8,11,1046,1248
2023-10-19 10:21:17,9,11,1046,1248
2023-10-19 10:22:17,10,11,1046,1248
2023-10-19 10:22:19,10,11,1046,1498
2023-10-19 10:22:20,10,12,1046,1498
2023-10-19 10:22:28,11,12,1046,1498
2023-10-19 10:22:30,11,13,1046,1698
2023-10-19 10:23:53,10,13,1046,1698
2023-10-19 10:23:53,11,13,1046,1698
2023-10-19 10:24:19,10,13,1046,1698
2023-10-19 10:24:59,10,12,1046,1698
2023-10-19 10:25:46,10,13,1046,1698
2023-10-19 10:25:53,10,12,1046,1698
2023-10-19 10:26:08,10,13,1046,1698
2023-10-19 10:26:11,11,13,1046,1698
2023-10-19 10:28:08,12,13,1046,1698
2023-10-19 10:28:09,12,14,1046,1698
2023-10-19 10:28:30,13,14,1046,1698
2023-10-19 10:28:52,13,15,1046,1898
2023-10-19 10:28:57,13,15,1226,2078
2023-10-19 10:29:47,13,15,1226,2328
2023-10-19 10:29:48,14,15,1226,2328
2023-10-19 10:29:55,14,16,1316,2478
2023-10-19 10:30:00,15,16,1316,2478
2023-10-19 10:30:00,15,17,1316,2478
2023-10-19 10:30:14,14,17,1316,2478
2023-10-19 10:30:14,15,17,1316,2478
2023-10-19 10:32:33,16,17,1316,2478
2023-10-19 10:32:35,15,17,1316,2478
2023-10-19 10:34:56,14,17,1316,2478
2023-10-19 10:35:09,14,16,1316,2478
2023-10-19 10:35:22,14,16,1346,2598
2023-10-19 10:35:36,14,15,1346,2598
2023-10-19 10:35:36,13,15,1346,2598
2023-10-19 10:35:55,13,15,1406,2658
2023-10-19 10:36:03,13,14,1406,2658
2023-10-19 10:36:20,13,14,1526,2778
2023-10-19 10:36:21,12,14,1526,2778
2023-10-19 10:38:17,12,15,1526,2778
2023-10-19 10:38:17,13,15,1526,2778
2023-10-19 10:38:19,12,15,1526,2778
2023-10-19 10:38:32,12,14,1526,2778
2023-10-19 10:38:37,12,15,1526,2778
2023-10-19 10:39:25,12,14,1526,2778
2023-10-19 10:39:34,12,15,1526,2778
2023-10-19 10:39:47,12,14,1526,2778
2023-10-19 10:40:29,12,14,1536,2788
2023-10-19 10:41:00,12,15,1536,2788
2023-10-19 10:41:09,12,14,1536,2788
2023-10-19 10:41:11,12,15,1536,2788
2023-10-19 10:41:17,13,15,1536,2788
2023-10-19 10:41:41,12,15,1536,2788
2023-10-19 10:41:48,12,14,1536,2788
2023-10-19 10:42:19,12,13,1536,2788
2023-10-19 10:42:59,12,13,1546,2798
2023-10-19 10:43:41,12,14,1546,2798
2023-10-19 10:43:49,12,15,1546,2798
2023-10-19 10:44:13,12,14,1546,2798
2023-10-19 10:45:29,12,15,1546,2798
2023-10-19 10:45:38,12,14,1546,2798
2023-10-19 10:45:47,12,15,1546,2798
2023-10-19 10:46:14,12,14,1546,2798
2023-10-19 10:46:22,12,15,1546,2798
2023-10-19 10:46:23,12,14,1546,2798
2023-10-19 10:47:35,12,15,1546,2798
2023-10-19 10:48:07,13,15,1546,2798
2023-10-19 10:48:17,12,15,1546,2798
2023-10-19 10:48:26,13,15,1546,2798
2023-10-19 10:48:58,12,15,1546,2798
2023-10-19 10:49:11,12,14,1546,2798
2023-10-19 10:49:14,12,15,1546,2798
2023-10-19 10:49:16,12,14,1546,2798
2023-10-19 10:49:23,12,15,1546,2798
2023-10-19 10:50:09,13,15,1546,2798
2023-10-19 10:50:38,12,15,1546,2798
2023-10-19 10:50:39,12,14,1546,2798
2023-10-19 10:51:04,12,15,1546,2798
2023-10-19 10:51:09,12,14,1546,2798
2023-10-19 10:52:55,12,15,1546,2798
2023-10-19 10:52:59,12,14,1546,2798
2023-10-19 10:53:01,12,15,1546,2798
2023-10-19 10:53:08,13,15,1546,2798
2023-10-19 10:53:56,13,16,1546,2798
2023-10-19 10:53:56,14,16,1546,2798
2023-10-19 10:55:21,14,15,1546,2798
2023-10-19 10:55:26,14,16,1546,2798
2023-10-19 10:55:37,14,15,1546,2798
2023-10-19 10:55:38,13,15,1546,2798
2023-10-19 10:55:42,12,15,1546,2798
2023-10-19 10:55:54,12,14,1546,2798
2023-10-19 10:56:06,12,15,1546,2798
2023-10-19 10:56:10,12,14,1546,2798
2023-10-19 10:56:17,12,15,1546,2798
2023-10-19 10:56:32,13,15,1546,2798
2023-10-19 10:56:45,13,16,1546,2798
2023-10-19 10:56:45,13,15,1546,2798
2023-10-19 10:56:46,13,16,1546,2798
2023-10-19 10:56:48,14,16,1546,2798
2023-10-19 11:00:49,13,16,1546,2798
2023-10-19 11:00:50,13,15,1546,2798
2023-10-19 11:03:13,13,16,1546,2798
2023-10-19 11:03:23,14,16,1546,2798
2023-10-19 11:03:56,15,16,1546,2798
2023-10-19 11:05:00,14,16,1546,2798
2023-10-19 11:05:00,14,15,1546,2798
2023-10-19 11:05:22,14,16,1606,2858
2023-10-19 11:06:10,15,16,1606,2858
2023-10-19 11:06:12,15,17,1606,2858
2023-10-19 11:06:50,14,17,1606,2858
2023-10-19 11:06:50,14,16,1606,2858
2023-10-19 11:07:18,13,16,1606,2858
2023-10-19 11:07:32,14,16,1606,2858
2023-10-19 11:08:41,14,17,1606,2858
2023-10-19 11:08:41,14,16,1606,2858
2023-10-19 11:08:47,14,17,1606,2858
2023-10-19 11:08:49,15,17,1606,2858
2023-10-19 11:10:36,14,17,1606,2858
2023-10-19 11:10:44,15,17,1606,2858
2023-10-19 11:11:14,14,17,1606,2858
2023-10-19 11:11:24,14,16,1606,2858
2023-10-19 11:11:26,14,17,1606,2858
2023-10-19 11:11:31,14,16,1606,2858
2023-10-19 11:12:40,14,17,1606,2858
2023-10-19 11:13:28,15,17,1606,2858
2023-10-19 11:14:52,16,17,1606,2858
2023-10-19 11:15:00,16,18,1606,3058
2023-10-19 11:15:21,17,18,1606,3058
2023-10-19 11:15:25,17,18,1846,3308
2023-10-19 11:15:53,17,19,1846,3308
2023-10-19 11:15:53,17,19,1846,3423
2023-10-19 11:16:35,16,19,1846,3423
2023-10-19 11:16:51,17,19,1846,3423
2023-10-19 11:17:18,17,19,1846,3473
2023-10-19 11:17:19,18,19,1846,3473
2023-10-19 11:17:19,17,19,1846,3523
2023-10-19 11:17:20,18,19,1846,3523
2023-10-19 11:18:27,18,20,1846,3523
2023-10-19 11:18:34,19,20,1846,3523
2023-10-19 11:18:40,19,21,2091,3768
2023-10-19 11:19:30,19,21,2391,4068
2023-10-19 11:22:22,20,21,2391,4068
2023-10-19 11:23:49,19,21,2391,4068
2023-10-19 11:25:02,18,21,2391,4068
2023-10-19 11:25:02,18,20,2391,4068
2023-10-19 11:25:10,18,21,2391,4068
2023-10-19 11:25:24,18,21,2641,4368
2023-10-19 11:25:24,18,19,2641,4368
2023-10-19 11:26:13,17,19,2641,4368
2023-10-19 11:26:13,17,18,2641,4368
2023-10-19 11:26:33,17,18,2441,4568
2023-10-19 11:26:33,17,20,2441,4568
2023-10-19 11:26:33,17,19,2441,4568
2023-10-19 11:26:37,18,19,2441,4568
2023-10-19 11:26:39,17,19,2441,4568
2023-10-19 11:26:47,17,20,2441,4568
2023-10-19 11:26:47,17,18,2441,4568
2023-10-19 11:27:43,17,18,2166,4868
2023-10-19 11:28:27,16,18,2166,4868
2023-10-19 11:28:27,16,17,2166,4868
2023-10-19 11:29:53,15,17,2166,4868
2023-10-19 11:29:53,15,16,2166,4868
2023-10-19 11:34:49,15,16,2346,5048
2023-10-19 11:35:21,14,16,2346,5048
2023-10-19 11:35:21,14,15,2346,5048
2023-10-19 11:35:26,13,15,2346,5048
2023-10-19 11:35:26,13,14,2346,5048
2023-10-19 11:35:30,12,14,3046,5748
2023-10-19 11:35:56,12,13,3046,5748
2023-10-19 11:36:28,12,14,3046,5798
2023-10-19 11:37:18,12,15,3046,5798
2023-10-19 11:37:25,13,15,3046,5798
2023-10-19 11:37:44,13,14,3046,5798
2023-10-19 11:37:47,13,15,3046,5798
2023-10-19 11:38:31,13,14,3046,5798
2023-10-19 11:38:35,12,14,3046,5798
2023-10-19 11:39:31,12,15,3046,5798
2023-10-19 11:40:11,12,14,3046,5798
2023-10-19 11:40:12,12,15,3046,5798
2023-10-19 11:40:13,12,14,3046,5798
2023-10-19 11:40:16,12,15,3046,5798
2023-10-19 11:40:18,12,14,3046,5798
2023-10-19 11:43:32,12,13,3046,5798
2023-10-19 11:44:50,12,13,3106,5858
2023-10-19 11:45:06,11,13,3276,6028
2023-10-19 11:45:11,11,12,3276,6028
2023-10-19 11:45:23,11,12,3326,6078
2023-10-19 11:45:24,10,12,3326,6078
2023-10-19 11:46:05,10,11,3326,6078
2023-10-19 11:46:31,10,12,3326,6078
2023-10-19 11:47:10,10,11,3326,6078
2023-10-19 11:47:44,10,11,3376,6128
2023-10-19 11:48:08,9,11,3376,6128
2023-10-19 11:48:14,9,10,3376,6128
2023-10-19 11:51:13,9,11,3376,6128
2023-10-19 11:54:56,9,12,3376,6128
2023-10-19 11:55:51,9,11,3376,6128
2023-10-19 11:55:57,9,12,3376,6128
2023-10-19 11:56:01,9,11,3376,6128
2023-10-19 11:56:06,9,12,3376,6128
2023-10-19 11:56:20,10,12,3376,6128
2023-10-19 11:56:47,12,13,3176,6328
2023-10-19 11:56:51,12,13,2976,6528
2023-10-19 11:57:13,12,13,2776,6728
2023-10-19 11:57:14,10,13,2386,7128
2023-10-19 11:57:14,10,12,2386,7128
2023-10-19 11:57:32,10,13,2386,7128
2023-10-19 11:57:47,11,13,2386,7128
2023-10-19 12:00:04,11,14,2386,7128
2023-10-19 12:00:05,13,14,2386,7128
2023-10-19 12:00:05,13,15,2386,7128
2023-10-19 12:00:06,14,15,2386,7128
2023-10-19 12:00:11,14,16,2386,7128
2023-10-19 12:00:12,15,16,2386,7128
2023-10-19 12:00:12,15,16,2386,7488
2023-10-19 12:00:15,13,16,2386,7488
2023-10-19 12:00:17,13,15,2386,7488
2023-10-19 12:00:18,12,15,2386,7488
2023-10-19 12:00:19,12,13,2386,7488
2023-10-19 12:00:25,11,13,2386,7488
2023-10-19 12:00:25,11,12,2386,7488
2023-10-19 12:00:29,10,12,2386,7488
2023-10-19 12:00:39,10,11,2386,7488
2023-10-19 12:00:40,10,11,2136,7738
2023-10-19 12:00:44,9,11,2136,7738
2023-10-19 12:00:58,9,11,2136,7739
2023-10-19 12:00:59,10,11,2136,7739
2023-10-19 12:01:01,9,11,2136,7739
2023-10-19 12:01:06,9,11,2136,7740
2023-10-19 12:01:07,9,12,2136,7740
2023-10-19 12:01:08,9,11,2136,7740
2023-10-19 12:01:09,9,12,2136,7740
2023-10-19 12:01:19,9,11,2136,7740
2023-10-19 12:01:31,9,11,2018,7990
2023-10-19 12:01:36,9,10,2018,7990
2023-10-19 12:01:39,8,10,2018,7990
2023-10-19 12:01:47,8,10,2018,8240
2023-10-19 12:01:55,8,9,2018,8240
2023-10-19 12:01:55,8,9,2018,8490
2023-10-19 12:01:59,7,9,2018,8665
2023-10-19 12:02:00,7,8,2018,8665
2023-10-19 12:02:07,7,9,2018,8665
2023-10-19 12:02:17,7,8,2018,8665
2023-10-19 12:02:18,6,8,2018,8665
2023-10-19 12:02:18,6,7,2018,8665
2023-10-19 12:02:43,6,7,2028,8675
2023-10-19 12:02:44,5,7,2268,8915
2023-10-19 12:02:47,5,6,2268,8915
2023-10-19 12:02:57,5,6,2328,8975
2023-10-19 12:02:58,5,6,2528,9175
2023-10-19 12:03:03,4,5,2528,9185
2023-10-19 12:03:21,4,5,2648,9305
2023-10-19 12:03:30,4,5,2754,9411
2023-10-19 12:03:56,4,6,2754,9411
2023-10-19 12:04:13,5,6,2754,9411
2023-10-19 12:04:19,5,7,2754,9411
2023-10-19 12:04:33,5,6,2754,9411
2023-10-19 12:04:54,5,6,2754,9413
2023-10-19 12:04:58,4,6,2754,9413
2023-10-19 12:05:17,4,5,2754,9413
2023-10-19 12:05:25,4,6,2754,9413
2023-10-19 12:05:27,4,6,2954,9613
2023-10-19 12:05:42,5,6,2954,9613
2023-10-19 12:06:01,5,6,3204,9863
2023-10-19 12:06:02,5,6,3404,10063
2023-10-19 12:06:03,5,6,3804,10463
2023-10-19 12:06:03,5,6,3804,10583
2023-10-19 12:06:04,5,6,3874,10653
2023-10-19 12:06:08,5,6,4124,10903
2023-10-19 12:06:16,5,6,4224,11003
2023-10-19 12:06:16,5,6,4474,11253
2023-10-19 12:06:19,5,6,4484,11263
2023-10-19 12:06:20,5,6,4734,11513
2023-10-19 12:06:31,5,7,4834,11613
2023-10-19 12:06:36,6,7,4834,11613
2023-10-19 12:06:38,5,7,4834,11613
2023-10-19 12:06:38,6,7,4834,11613
2023-10-19 12:06:59,5,7,4834,11613
2023-10-19 12:06:59,5,6,4834,11613
2023-10-19 12:07:23,5,8,4834,11613
2023-10-19 12:07:23,5,7,4834,11613
2023-10-19 12:07:52,5,6,4834,11613
2023-10-19 12:08:47,5,8,4834,11791
2023-10-19 12:08:51,6,8,4834,11791
2023-10-19 12:09:56,7,8,4834,11791
2023-10-19 12:09:57,7,9,4834,11791
2023-10-19 12:10:11,7,8,4834,11791
2023-10-19 12:10:40,7,9,4834,11791
2023-10-19 12:10:42,7,9,4834,11793
2023-10-19 12:11:26,7,9,4834,11795
2023-10-19 12:11:51,8,9,4834,11795
2023-10-19 12:12:03,7,9,4834,11797
2023-10-19 12:12:04,8,9,4834,11797
2023-10-19 12:12:23,7,9,4834,11797
2023-10-19 12:12:52,7,8,4834,11797
2023-10-19 12:12:53,7,9,4834,11797
2023-10-19 12:12:55,7,8,4834,11797
2023-10-19 12:13:33,7,9,4834,11797
2023-10-19 12:13:45,8,9,4834,11797
2023-10-19 12:14:02,8,10,4834,11797
2023-10-19 12:14:51,8,9,4834,11797
2023-10-19 12:14:51,8,10,4834,11799
2023-10-19 12:15:03,9,10,4834,11799
2023-10-19 12:15:03,9,11,4834,11809
2023-10-19 12:15:18,9,11,4834,11811
2023-10-19 12:15:50,8,11,4834,11811
2023-10-19 12:16:06,8,9,4834,11811
2023-10-19 12:16:40,8,10,4834,11811
2023-10-19 12:16:50,8,10,4834,11813
2023-10-19 12:17:07,8,9,4834,11813
2023-10-19 12:17:10,8,10,4834,11813
2023-10-19 12:17:11,8,9,4834,11813
2023-10-19 12:17:13,8,10,4834,11813
2023-10-19 12:17:18,8,9,4834,11813
2023-10-19 12:17:31,8,10,4834,11813
2023-10-19 12:17:34,8,10,4834,11815
2023-10-19 12:17:37,8,9,4834,11815
2023-10-19 12:17:58,7,9,4834,11817
2023-10-19 12:18:13,7,8,4834,11817
2023-10-19 12:18:26,6,8,4834,11817
2023-10-19 12:18:27,6,7,4834,11817
2023-10-19 12:19:08,5,7,4834,11817
2023-10-19 12:19:09,5,6,4834,11817
2023-10-19 12:19:28,4,6,4834,11817
2023-10-19 12:20:16,4,5,4834,11817
2023-10-19 12:20:31,4,5,4894,11877
2023-10-19 12:20:32,3,5,4894,11877
2023-10-19 12:21:21,3,4,4894,11877
2023-10-19 12:21:21,3,4,5118,12101
2023-10-19 12:21:23,3,4,5238,12221
2023-10-19 12:21:30,3,4,5342,12325
2023-10-19 12:21:32,2,3,5342,12377
2023-10-19 12:23:35,2,3,5342,12577
2023-10-19 12:24:35,2,3,5342,12777
2023-10-19 12:25:21,2,4,5342,12777
2023-10-19 12:25:38,2,5,5342,12777
2023-10-19 12:25:47,4,5,5342,12777
2023-10-19 12:25:54,4,6,5342,12977
2023-10-19 12:26:10,5,6,5342,12977
2023-10-19 12:26:16,5,7,5342,13177
2023-10-19 12:27:16,6,7,5342,13177
2023-10-19 12:27:23,6,8,5342,13377
2023-10-19 12:27:45,7,8,5342,13377
2023-10-19 12:27:47,7,9,5342,13377
2023-10-19 12:27:49,8,9,5342,13377
2023-10-19 12:28:04,8,10,5342,13377
2023-10-19 12:28:50,8,10,5342,13379
2023-10-19 12:29:30,8,10,5342,13381
2023-10-19 12:29:31,9,10,5342,13381
2023-10-19 12:29:32,9,11,5342,13381
2023-10-19 12:29:45,10,11,5342,13381
2023-10-19 12:29:49,10,12,5342,13381
2023-10-19 12:29:58,9,12,5342,13381
2023-10-19 12:29:58,9,11,5342,13381
2023-10-19 12:30:57,9,12,5342,13381
2023-10-19 12:31:24,10,12,5342,13381
2023-10-19 12:32:00,10,12,5542,13581
2023-10-19 12:32:00,11,12,5542,13581
2023-10-19 12:32:00,11,13,5542,13581
2023-10-19 12:32:01,12,13,5542,13581
2023-10-19 12:32:06,12,14,5542,13581
2023-10-19 12:32:06,13,14,5542,13581
2023-10-19 12:32:21,13,15,5542,13581
2023-10-19 12:32:21,14,15,5542,13581
2023-10-19 12:32:21,14,15,5542,13641
2023-10-19 12:33:12,13,15,5542,13641
2023-10-19 12:33:14,14,15,5542,13641
2023-10-19 12:33:38,14,15,5402,13781
2023-10-19 12:33:42,14,15,5402,13981
2023-10-19 12:33:43,15,17,5419,14058
2023-10-19 12:33:47,16,17,5419,14058
2023-10-19 12:33:52,15,17,5419,14308
2023-10-19 12:33:54,16,17,5419,14308
2023-10-19 12:33:57,15,17,5419,14308
2023-10-19 12:34:02,16,17,5419,14308
2023-10-19 12:34:05,16,18,5419,14308
2023-10-19 12:34:06,17,18,5419,14308
2023-10-19 12:34:14,17,18,5479,14368
2023-10-19 12:34:17,17,18,5479,14618
2023-10-19 12:34:20,17,19,5479,14618
2023-10-19 12:34:25,18,19,5479,14618
2023-10-19 12:34:50,18,20,5479,14618
2023-10-19 12:34:51,19,20,5479,14618
2023-10-19 12:34:53,20,21,5479,14668
2023-10-19 12:34:53,20,21,5679,14868
2023-10-19 12:34:53,20,22,5679,14868
2023-10-19 12:34:54,21,22,5679,14868
2023-10-19 12:35:08,21,22,5479,15068
2023-10-19 12:35:11,22,23,5497,15386
2023-10-19 12:35:19,23,24,5516,15505
2023-10-19 12:35:40,23,26,5516,15505
2023-10-19 12:35:41,24,26,5516,15505
2023-10-19 12:35:43,24,26,5516,15755
2023-10-19 12:35:55,24,26,5516,16005
2023-10-19 12:35:58,23,26,5516,16005
2023-10-19 12:36:24,23,25,5516,16005
2023-10-19 12:36:25,23,26,5516,16005
2023-10-19 12:36:27,24,26,5516,16005
2023-10-19 12:36:30,23,26,5516,16005
2023-10-19 12:36:38,23,25,5516,16005
2023-10-19 12:36:53,23,26,5516,16005
2023-10-19 12:36:57,24,26,5516,16005
2023-10-19 12:37:02,24,27,5516,16005
2023-10-19 12:37:25,24,27,5516,16005
2023-10-19 12:37:27,25,27,5516,16005
2023-10-19 12:37:39,25,26,5516,16005
2023-10-19 12:37:39,24,26,5516,16005
2023-10-19 12:37:42,24,27,5516,16005
2023-10-19 12:37:43,25,27,5516,16005
2023-10-19 12:37:45,26,27,5516,16005
2023-10-19 12:37:45,26,28,5316,16205
2023-10-19 12:38:32,26,27,5316,16205
2023-10-19 12:38:34,25,26,5305,16216
2023-10-19 12:38:36,25,27,5305,16216
2023-10-19 12:38:58,25,28,5305,16216
2023-10-19 12:39:03,26,28,5305,16216
2023-10-19 12:39:13,25,28,5305,16216
2023-10-19 12:39:14,25,27,5305,16216
2023-10-19 12:39:15,25,28,5305,16216
2023-10-19 12:39:20,25,27,5305,16216
2023-10-19 12:39:40,25,26,5305,16216
2023-10-19 12:39:44,24,26,5305,16216
2023-10-19 12:39:46,24,25,5305,16216
2023-10-19 12:40:25,24,26,5305,16216
2023-10-19 12:40:31,24,25,5305,16216
2023-10-19 12:40:49,24,26,5305,16216
2023-10-19 12:41:15,25,26,5305,16216
2023-10-19 12:41:18,25,27,5305,16216
2023-10-19 12:41:18,25,28,5305,16216
2023-10-19 12:41:31,26,28,5305,16216
2023-10-19 12:41:34,25,28,5305,16216
2023-10-19 12:41:35,25,27,5305,16216
2023-10-19 12:41:37,25,28,5305,16216
2023-10-19 12:41:41,25,27,5305,16216
2023-10-19 12:41:51,24,27,5305,16216
2023-10-19 12:41:51,24,26,5305,16216
2023-10-19 12:42:00,23,26,5305,16216
2023-10-19 12:42:00,23,25,5305,16216
2023-10-19 12:42:01,23,24,5305,16216
2023-10-19 12:42:13,22,24,5305,16216
2023-10-19 12:42:14,22,23,5305,16216
2023-10-19 12:42:14,22,23,5305,16616
2023-10-19 12:42:14,21,23,5305,16616
2023-10-19 12:42:14,20,23,5305,16616
2023-10-19 12:42:15,19,23,5305,16616
2023-10-19 12:42:15,19,21,5305,16616
2023-10-19 12:42:15,19,20,5305,16616
2023-10-19 12:42:15,18,20,5305,16616
2023-10-19 12:42:17,18,21,5305,16616
2023-10-19 12:42:17,18,20,5305,16616
2023-10-19 12:42:17,18,21,5305,16616
2023-10-19 12:42:18,19,21,5305,16616
2023-10-19 12:42:18,18,19,5305,16816
2023-10-19 12:42:19,18,21,5305,16816
2023-10-19 12:42:19,18,20,5305,16816
2023-10-19 12:42:19,19,20,5305,16816
2023-10-19 12:42:21,18,20,5305,16816
2023-10-19 12:42:22,19,20,5305,16816
2023-10-19 12:42:25,19,21,5305,16816
2023-10-19 12:42:25,19,22,5305,16816
2023-10-19 12:42:25,19,21,5305,16816
2023-10-19 12:42:40,20,21,5305,16816
2023-10-19 12:42:49,21,22,5316,17027
2023-10-19 12:42:49,21,23,5316,17027
2023-10-19 12:42:54,21,24,5316,17027
2023-10-19 12:42:54,22,24,5316,17027
2023-10-19 12:43:01,22,24,5317,17028
2023-10-19 12:43:12,22,23,5317,17028
2023-10-19 12:43:15,22,24,5317,17028
2023-10-19 12:43:16,22,23,5317,17028
2023-10-19 12:43:20,22,24,5317,17028
2023-10-19 12:43:47,22,23,5317,17028
2023-10-19 12:43:48,21,23,5317,17028
2023-10-19 12:43:52,20,23,5317,17028
2023-10-19 12:44:01,20,22,5317,17028
2023-10-19 12:44:05,20,23,5317,17028
2023-10-19 12:44:05,20,22,5317,17028
2023-10-19 12:44:06,20,23,5317,17028
2023-10-19 12:44:08,21,23,5317,17028
2023-10-19 12:44:14,21,24,5317,17028
2023-10-19 12:44:16,21,23,5317,17028
2023-10-19 12:44:35,21,24,5317,17028
2023-10-19 12:44:37,22,24,5317,17028
2023-10-19 12:44:40,23,24,5317,17028
2023-10-19 12:44:44,22,24,5317,17028
2023-10-19 12:45:06,21,24,5317,17028
2023-10-19 12:45:08,21,23,5317,17028
2023-10-19 12:45:21,21,24,5317,17028
2023-10-19 12:45:26,22,24,5317,17028
2023-10-19 12:45:27,21,24,5317,17028
2023-10-19 12:45:28,21,23,5317,17028
2023-10-19 12:46:03,21,24,5317,17028
2023-10-19 12:46:21,21,23,5317,17028
2023-10-19 12:46:25,21,22,5317,17028
2023-10-19 12:46:30,20,22,5317,17028
2023-10-19 12:46:32,20,21,5317,17028
2023-10-19 12:46:50,20,22,5317,17028
2023-10-19 12:46:51,20,21,5317,17028
2023-10-19 12:47:07,20,22,5317,17028
2023-10-19 12:47:08,20,23,5317,17028
2023-10-19 12:47:08,20,21,5317,17028
2023-10-19 12:47:12,20,22,5334,17045
2023-10-19 12:47:24,19,22,5334,17045
2023-10-19 12:47:24,19,21,5334,17045
2023-10-19 12:47:25,19,20,5334,17045
2023-10-19 12:47:32,18,20,5334,17045
2023-10-19 12:47:50,18,19,5334,17045
2023-10-19 12:47:50,17,19,5334,17045
2023-10-19 12:47:53,16,19,5334,17045
2023-10-19 12:48:15,16,18,5334,17045
2023-10-19 12:48:23,16,17,5334,17045
2023-10-19 12:48:27,15,17,5334,17045
2023-10-19 12:48:35,15,16,5334,17045
2023-10-19 12:48:59,14,16,5334,17045
2023-10-19 12:49:17,14,17,5334,17045
2023-10-19 12:49:21,14,16,5334,17045
2023-10-19 12:49:29,14,15,5334,17045
2023-10-19 12:49:32,13,15,5334,17045
2023-10-19 12:49:33,13,14,5334,17045
2023-10-19 12:49:35,12,14,5334,17045
2023-10-19 12:49:37,12,13,5334,17045
2023-10-19 12:49:37,11,13,5334,17045
2023-10-19 12:49:52,11,12,5334,17045
2023-10-19 12:50:01,10,12,5334,17045
2023-10-19 12:50:08,10,13,5334,17045
2023-10-19 12:50:14,11,13,5334,17045
2023-10-19 12:50:16,11,14,5334,17045
2023-10-19 12:50:16,11,13,5334,17045
2023-10-19 12:50:17,11,14,5334,17045
2023-10-19 12:50:19,11,13,5334,17045
2023-10-19 12:50:20,11,12,5334,17045
2023-10-19 12:50:20,10,12,5334,17045
2023-10-19 12:50:41,10,11,5334,17045
2023-10-19 12:50:43,9,11,5334,17045
2023-10-19 12:50:45,8,11,5334,17045
2023-10-19 12:50:45,8,10,5334,17045
2023-10-19 12:50:48,8,11,5334,17045
2023-10-19 12:50:49,8,11,5334,17045
2023-10-19 12:50:51,9,11,5334,17045
2023-10-19 12:51:05,9,12,5334,17045
2023-10-19 12:51:09,10,12,5334,17045
2023-10-19 12:51:15,11,12,5334,17045
2023-10-19 12:51:15,11,13,5334,17045
2023-10-19 12:51:22,12,13,5334,17045
2023-10-19 12:51:22,12,14,5334,17045
2023-10-19 12:52:28,12,13,5334,17045
2023-10-19 12:52:35,11,13,5334,17045
2023-10-19 12:52:35,12,13,5334,17045
2023-10-19 12:52:36,11,13,5334,17045
2023-10-19 12:52:36,12,13,5334,17045
2023-10-19 12:52:36,11,13,5334,17045
2023-10-19 12:52:45,11,12,5334,17045
2023-10-19 12:52:46,11,13,5334,17045
2023-10-19 12:52:52,11,12,5334,17045
2023-10-19 12:53:06,10,12,5334,17045
2023-10-19 12:53:07,10,11,5334,17045
2023-10-19 12:53:10,9,11,5334,17045
2023-10-19 12:53:10,8,11,5334,17045
2023-10-19 12:53:11,10,11,5334,17045
2023-10-19 12:53:12,8,11,5334,17045
2023-10-19 12:53:12,8,10,5334,17045
2023-10-19 12:53:19,8,9,5334,17045
2023-10-19 12:53:34,8,10,5334,17045
2023-10-19 12:53:39,8,9,5334,17045
2023-10-19 12:53:50,8,10,5334,17045
2023-10-19 12:53:52,8,9,5334,17045
2023-10-19 12:53:59,7,9,5334,17045
2023-10-19 12:53:59,7,8,5334,17045
2023-10-19 12:54:13,6,8,5334,17045
2023-10-19 12:55:11,6,7,5334,17045
2023-10-19 12:55:21,6,7,5334,17245
2023-10-19 12:55:24,5,7,5384,17295
2023-10-19 12:55:50,6,7,5384,17295
2023-10-19 12:55:54,6,8,5384,17295
2023-10-19 12:55:55,7,8,5384,17295
2023-10-19 12:55:55,7,9,5384,17295
2023-10-19 12:55:55,7,8,5384,17295
2023-10-19 12:55:57,7,9,5384,17295
2023-10-19 12:56:06,7,9,5384,17545
2023-10-19 12:56:47,7,8,5384,17545
2023-10-19 12:56:48,7,9,5384,17545
2023-10-19 12:56:56,7,8,5384,17545
2023-10-19 12:56:58,6,8,5384,17545
2023-10-19 12:57:03,5,8,5384,17545
2023-10-19 12:57:04,6,8,5384,17545
2023-10-19 12:57:04,6,7,5384,17545
2023-10-19 12:57:04,5,7,5384,17545
2023-10-19 12:57:05,6,7,5384,17545
2023-10-19 12:57:05,5,7,5384,17545
2023-10-19 12:58:17,5,6,5384,17545
2023-10-19 12:58:38,5,7,5384,17545
2023-10-19 12:59:21,6,7,5384,17545
2023-10-19 12:59:21,6,8,5384,17545
2023-10-19 12:59:29,5,8,5384,17545
2023-10-19 12:59:32,5,7,5384,17545
2023-10-19 13:00:03,5,6,5384,17545
2023-10-19 13:01:06,4,6,5384,17545
2023-10-19 13:01:07,4,5,5384,17545
2023-10-19 13:01:07,4,5,5367,17562
2023-10-19 13:01:38,3,5,5617,17822
2023-10-19 13:01:42,3,4,5617,17822
2023-10-19 13:04:25,3,5,5617,17822
2023-10-19 13:06:06,3,4,5617,17822
2023-10-19 13:06:16,3,4,5733,17938
2023-10-19 13:06:24,3,4,5733,18121
2023-10-19 13:06:25,3,4,5733,18304
2023-10-19 13:06:25,2,4,5751,18322
2023-10-19 13:06:26,3,4,5751,18322
2023-10-19 13:06:28,2,4,5751,18332
2023-10-19 13:06:47,2,3,5751,18332
2023-10-19 13:07:35,1,3,5751,18332
2023-10-19 13:15:09,2,3,5751,18332
2023-10-19 13:15:17,2,4,5751,18332
2023-10-19 13:15:28,2,5,5751,18332
2023-10-19 13:15:43,2,4,5751,18332
2023-10-19 13:15:45,2,5,5751,18332
2023-10-19 13:15:46,2,4,5751,18332
2023-10-19 13:15:47,2,5,5751,18332
2023-10-19 13:16:02,2,4,5751,18332
2023-10-19 13:16:20,1,4,5751,18332
2023-10-19 13:16:25,1,3,5751,18332
2023-10-19 13:22:48,2,3,5751,18332
2023-10-19 13:22:50,1,3,5751,18332
2023-10-19 13:22:50,2,3,5751,18332
2023-10-19 13:23:48,2,3,6001,18582
2023-10-19 13:23:50,2,3,6201,18782
2023-10-19 13:23:50,2,3,6451,19032
2023-10-19 13:23:55,2,3,6701,19282
2023-10-19 13:23:59,2,3,6951,19532
2023-10-19 13:24:43,2,3,7201,19782
2023-10-19 13:24:54,2,3,7451,20032
2023-10-19 13:24:57,2,3,7701,20282
2023-10-19 13:25:00,2,5,7751,20332
2023-10-19 13:25:04,3,5,7751,20332
2023-10-19 13:25:07,4,5,7751,20332
2023-10-19 13:25:10,4,6,7751,20332
2023-10-19 13:26:00,4,5,7751,20332
2023-10-19 13:26:02,3,5,7751,20332
2023-10-19 13:26:06,4,5,7751,20332
2023-10-19 13:26:10,3,5,7751,20332
2023-10-19 13:28:07,3,6,7751,20332
2023-10-19 13:28:12,4,6,7751,20332
2023-10-19 13:28:53,5,6,7751,20332
2023-10-19 13:29:26,4,6,7751,20332
2023-10-19 13:29:53,3,6,7751,20332
2023-10-19 13:30:00,3,5,7751,20332
2023-10-19 13:31:01,3,4,7751,20332
2023-10-19 13:31:04,2,4,7751,20332
2023-10-19 13:32:42,3,4,7751,20332
2023-10-19 13:32:45,3,5,7751,20332
2023-10-19 13:33:03,3,6,7751,20332
2023-10-19 13:33:05,4,6,7751,20332
2023-10-19 13:33:34,5,6,7751,20332
2023-10-19 13:33:36,5,6,7751,20582
2023-10-19 13:33:38,5,7,7751,20732
2023-10-19 13:33:58,5,7,7757,20738
2023-10-19 13:34:12,6,7,7757,20738
2023-10-19 13:34:31,5,7,7757,20738
2023-10-19 13:35:33,6,7,7757,20738
2023-10-19 13:35:45,6,8,7861,20938
2023-10-19 13:35:51,7,8,7861,20938
2023-10-19 13:36:01,7,9,7861,20938
2023-10-19 13:36:02,8,9,7861,20938
2023-10-19 13:36:09,7,9,7861,20938
2023-10-19 13:36:14,8,9,7861,20938
2023-10-19 13:36:23,8,9,7859,20940
2023-10-19 13:36:26,8,10,7859,20940
2023-10-19 13:36:31,9,10,7859,20940
2023-10-19 13:36:38,9,11,7859,20940
2023-10-19 13:36:48,10,11,7859,20940
2023-10-19 13:36:49,10,11,8109,21190
2023-10-19 13:36:49,10,12,8109,21190
2023-10-19 13:37:23,11,12,8109,21190
2023-10-19 13:37:24,11,13,8109,21190
2023-10-19 13:37:25,12,13,8109,21190
2023-10-19 13:37:25,12,13,8109,21390
2023-10-19 13:37:25,12,14,8109,21390
2023-10-19 13:37:26,13,14,8109,21390
2023-10-19 13:37:27,12,14,8109,21390
2023-10-19 13:37:33,13,14,8109,21390
2023-10-19 13:37:44,13,15,8109,21390
2023-10-19 13:37:54,13,15,8107,21392
2023-10-19 13:38:11,14,15,8107,21392
2023-10-19 13:38:31,13,15,8107,21392
2023-10-19 13:38:33,14,15,8107,21392
2023-10-19 13:38:36,14,15,8105,21394
2023-10-19 13:39:35,14,15,8355,21644
2023-10-19 13:39:36,14,15,8155,21844
2023-10-19 13:39:36,15,16,8105,21894
2023-10-19 13:40:13,13,15,8105,22040
2023-10-19 13:40:14,13,16,8105,22040
2023-10-19 13:40:22,14,16,8105,22040
2023-10-19 13:40:25,15,16,8105,22040
2023-10-19 13:40:35,15,17,8305,22240
2023-10-19 13:40:42,16,17,8305,22240
2023-10-19 13:40:46,16,17,8303,22242
2023-10-19 13:40:52,15,17,8303,22242
2023-10-19 13:41:03,16,17,8303,22242
2023-10-19 13:41:23,16,18,8303,22242
2023-10-19 13:41:24,17,18,8303,22242
2023-10-19 13:41:31,16,18,8303,22242
2023-10-19 13:41:42,17,18,8303,22242
2023-10-19 13:41:44,17,19,8303,22242
2023-10-19 13:41:54,16,19,8303,22242
2023-10-19 13:41:54,16,18,8303,22242
2023-10-19 13:42:02,16,19,8303,22242
2023-10-19 13:42:08,16,19,8301,22244
2023-10-19 13:42:10,16,18,8301,22244
2023-10-19 13:42:28,16,19,8301,22244
2023-10-19 13:42:30,17,19,8301,22244
2023-10-19 13:42:32,16,19,8301,22244
2023-10-19 13:42:37,16,18,8301,22244
2023-10-19 13:42:38,16,18,8299,22246
2023-10-19 13:42:44,16,19,8299,22246
2023-10-19 13:42:49,17,19,8299,22246
2023-10-19 13:42:52,16,19,8299,22246
2023-10-19 13:43:07,16,18,8299,22246
2023-10-19 13:43:09,16,18,8297,22248
2023-10-19 13:43:12,16,19,8297,22248
2023-10-19 13:43:13,17,19,8297,22248
2023-10-19 13:43:17,18,19,8297,22248
2023-10-19 13:43:17,18,19,8297,22323
2023-10-19 13:43:30,18,19,8097,22523
2023-10-19 13:43:30,18,20,8097,22573
2023-10-19 13:43:43,18,20,8095,22575
2023-10-19 13:43:55,17,20,8095,22575
2023-10-19 13:43:55,17,19,8095,22575
2023-10-19 13:44:10,17,20,8095,22575
2023-10-19 13:44:22,17,19,8095,22575
2023-10-19 13:44:26,17,20,8095,22575
2023-10-19 13:44:29,18,20,8095,22575
2023-10-19 13:44:42,18,20,8096,22577
2023-10-19 13:44:54,18,19,8096,22577
2023-10-19 13:45:03,18,20,8096,22579
2023-10-19 13:45:04,19,20,8096,22579
2023-10-19 13:45:06,19,21,8096,22579
2023-10-19 13:45:17,19,20,8096,22579
2023-10-19 13:45:18,18,20,8096,22579
2023-10-19 13:45:21,17,20,8096,22579
2023-10-19 13:45:23,17,19,8096,22579
2023-10-19 13:45:24,16,19,8096,22579
2023-10-19 13:45:30,16,18,8096,22579
2023-10-19 13:45:53,16,19,8096,22579
2023-10-19 13:45:56,17,19,8096,22579
2023-10-19 13:46:02,17,20,8096,22579
2023-10-19 13:46:20,17,19,8096,22579
2023-10-19 13:46:35,16,19,8096,22579
2023-10-19 13:46:38,16,18,8096,22579
2023-10-19 13:46:42,16,19,8096,22579
2023-10-19 13:46:45,17,19,8096,22579
2023-10-19 13:46:59,16,19,8096,22579
2023-10-19 13:47:21,17,19,8096,22579
2023-10-19 13:47:31,17,20,8096,22579
2023-10-19 13:47:31,18,20,8096,22579
2023-10-19 13:47:35,18,19,8096,22579
2023-10-19 13:47:37,18,20,8096,22579
2023-10-19 13:47:39,18,19,8096,22579
2023-10-19 13:47:40,17,19,8096,22579
2023-10-19 13:47:49,16,19,8096,22579
2023-10-19 13:47:52,16,18,8096,22579
2023-10-19 13:48:53,17,18,8096,22579
2023-10-19 13:48:53,17,19,8096,22579
2023-10-19 13:48:58,16,19,8096,22579
2023-10-19 13:49:02,17,19,8096,22579
2023-10-19 13:49:04,16,19,8096,22579
2023-10-19 13:49:08,16,18,8096,22579
2023-10-19 13:49:16,17,18,8096,22579
2023-10-19 13:49:17,17,19,8096,22579
2023-10-19 13:49:23,16,19,8096,22579
2023-10-19 13:49:32,17,19,8096,22579
2023-10-19 13:49:47,16,19,8096,22579
2023-10-19 13:49:54,17,19,8096,22579
2023-10-19 13:50:02,16,19,8096,22579
2023-10-19 13:50:07,16,18,8096,22579
2023-10-19 13:50:16,16,17,8096,22579
2023-10-19 13:50:23,16,17,8096,22579
2023-10-19 13:50:24,16,18,8096,22579
2023-10-19 13:50:27,16,19,8096,22579
2023-10-19 13:50:27,16,18,8096,22579
2023-10-19 13:50:37,16,19,8096,22579
2023-10-19 13:50:54,16,18,8096,22579
2023-10-19 13:50:56,15,18,8096,22579
2023-10-19 13:51:00,15,17,8096,22579
2023-10-19 13:51:10,15,16,8096,22579
2023-10-19 13:51:16,15,17,8096,22579
2023-10-19 13:51:16,15,16,8096,22579
2023-10-19 13:51:16,15,17,8096,22579
2023-10-19 13:51:39,16,17,8096,22579
2023-10-19 13:51:40,16,18,8096,22579
2023-10-19 13:51:41,16,19,8096,22579
2023-10-19 13:51:44,17,19,8096,22579
2023-10-19 13:52:54,16,19,8096,22579
2023-10-19 13:52:56,16,18,8096,22579
2023-10-19 13:53:04,15,18,8096,22579
2023-10-19 13:53:10,15,17,8096,22579
2023-10-19 13:53:23,14,17,8096,22579
2023-10-19 13:53:23,14,16,8096,22579
2023-10-19 13:53:56,15,16,8096,22579
2023-10-19 13:53:58,15,17,8096,22579
2023-10-19 13:54:01,15,18,8096,22579
2023-10-19 13:54:01,15,17,8096,22579
2023-10-19 13:54:04,15,18,8096,22579
2023-10-19 13:54:14,16,18,8096,22579
2023-10-19 13:54:33,15,18,8096,22579
2023-10-19 13:54:38,15,17,8096,22579
2023-10-19 13:54:42,15,18,8096,22579
2023-10-19 13:54:42,15,17,8096,22579
2023-10-19 13:54:57,15,18,8096,22579
2023-10-19 13:55:05,15,17,8096,22579
2023-10-19 13:55:09,14,17,8096,22579
2023-10-19 13:55:17,14,16,8096,22579
2023-10-19 13:55:22,14,15,8096,22579
2023-10-19 13:55:23,14,15,8146,22629
2023-10-19 13:55:23,13,15,8146,22629
2023-10-19 13:55:29,13,14,8146,22629
2023-10-19 13:55:47,12,14,8146,22629
2023-10-19 13:55:48,12,13,8146,22629
2023-10-19 13:55:48,11,13,8146,22629
2023-10-19 13:55:50,11,12,8146,22629
2023-10-19 13:56:10,11,13,8146,22629
2023-10-19 13:56:47,11,12,8146,22629
2023-10-19 13:57:01,10,12,8146,22629
2023-10-19 13:57:07,10,11,8146,22629
2023-10-19 13:57:10,9,11,8146,22629
2023-10-19 13:57:19,10,11,8146,22629
2023-10-19 13:57:46,10,12,8146,22629
2023-10-19 13:57:46,9,12,8146,22629
2023-10-19 13:57:47,9,11,8146,22629
2023-10-19 13:58:00,10,11,8146,22629
2023-10-19 13:58:01,10,12,8146,22629
2023-10-19 13:58:02,10,12,8346,22829
2023-10-19 13:58:13,10,11,8346,22829
2023-10-19 13:58:27,10,12,8346,23029
2023-10-19 13:58:52,11,12,8346,23029
2023-10-19 13:58:52,11,12,8425,23421
2023-10-19 13:58:52,11,13,8425,23421
2023-10-19 13:59:07,11,14,8446,23521
2023-10-19 13:59:08,12,14,8446,23521
2023-10-19 13:59:15,13,14,8446,23521
2023-10-19 13:59:15,13,14,8625,23721
2023-10-19 13:59:22,13,15,8696,23971
2023-10-19 13:59:22,13,16,8696,23971
2023-10-19 13:59:22,14,16,8696,23971
2023-10-19 13:59:26,13,16,8696,23971
2023-10-19 13:59:26,14,16,8696,23971
2023-10-19 13:59:29,13,16,8696,23971
2023-10-19 13:59:30,13,15,8696,23971
2023-10-19 14:00:27,13,16,8696,23971
2023-10-19 14:00:27,14,16,8696,23971
2023-10-19 14:00:35,15,16,8696,23971
2023-10-19 14:00:37,15,17,8696,23971
2023-10-19 14:01:06,14,17,8696,23971
2023-10-19 14:01:25,14,16,8696,23971
2023-10-19 14:01:28,14,17,8696,23971
2023-10-19 14:01:30,15,17,8696,23971
2023-10-19 14:01:35,14,17,8696,23971
2023-10-19 14:01:45,14,16,8696,23971
2023-10-19 14:01:50,13,16,8696,23971
2023-10-19 14:01:51,13,15,8696,23971
2023-10-19 14:02:05,12,15,8696,23971
2023-10-19 14:02:05,12,14,8696,23971
2023-10-19 14:02:10,12,15,8696,23971
2023-10-19 14:02:50,12,14,8696,23971
2023-10-19 14:02:54,12,13,8696,23971
2023-10-19 14:02:59,11,13,8696,23971
2023-10-19 14:03:01,11,12,8696,23971
2023-10-19 14:03:02,10,12,8696,23971
2023-10-19 14:03:07,10,11,8696,23971
2023-10-19 14:03:20,10,12,8696,23971
2023-10-19 14:03:26,10,11,8696,23971
2023-10-19 14:03:39,10,12,8696,23971
2023-10-19 14:03:59,10,13,8696,23971
2023-10-19 14:04:00,11,13,8696,23971
2023-10-19 14:04:13,12,13,8696,23971
2023-10-19 14:04:13,12,14,8696,23971
2023-10-19 14:04:35,11,14,8696,23971
2023-10-19 14:04:35,11,13,8696,23971
2023-10-19 14:04:45,11,14,8696,23971
2023-10-19 14:04:46,12,14,8696,23971
2023-10-19 14:05:38,13,14,8696,23971
2023-10-19 14:05:45,13,15,8696,23971
2023-10-19 14:05:56,13,15,8946,24221
2023-10-19 14:05:56,14,15,8946,24221
2023-10-19 14:05:56,14,16,8946,24221
2023-10-19 14:06:12,15,16,8946,24221
2023-10-19 14:06:14,15,17,8946,24221
2023-10-19 14:06:27,14,17,8946,24221
2023-10-19 14:06:27,14,17,8946,24269
2023-10-19 14:06:28,14,16,8946,24269
2023-10-19 14:06:48,13,16,8946,24269
2023-10-19 14:06:50,13,15,8946,24269
2023-10-19 14:07:22,12,15,8946,24269
2023-10-19 14:07:22,12,14,8946,24269
2023-10-19 14:07:24,12,13,8946,24269
2023-10-19 14:07:30,11,13,8946,24269
2023-10-19 14:08:57,12,13,8946,24269
2023-10-19 14:09:01,12,14,8946,24269
2023-10-19 14:09:33,13,14,8946,24269
2023-10-19 14:09:36,13,15,8946,24269
2023-10-19 14:09:41,13,14,8946,24269
2023-10-19 14:10:07,12,14,8946,24269
2023-10-19 14:10:32,11,14,8946,24269
2023-10-19 14:10:32,11,13,8946,24269
2023-10-19 14:10:33,11,12,8946,24269
2023-10-19 14:11:02,10,12,8946,24269
2023-10-19 14:11:21,10,12,8896,24319
2023-10-19 14:11:40,10,13,8896,24319
2023-10-19 14:11:40,11,13,8896,24319
2023-10-19 14:12:01,10,13,8896,24319
2023-10-19 14:12:12,10,12,8896,24319
2023-10-19 14:12:29,10,11,8896,24319
2023-10-19 14:12:41,9,11,8896,24319
2023-10-19 14:14:28,10,11,8896,24319
2023-10-19 14:14:30,10,12,8896,24319
2023-10-19 14:14:31,10,13,8896,24319
2023-10-19 14:14:32,11,13,8896,24319
2023-10-19 14:14:37,12,13,8896,24319
2023-10-19 14:14:42,11,13,8896,24319
2023-10-19 14:15:08,12,13,8896,24319
2023-10-19 14:15:08,12,14,8896,24319
2023-10-19 14:15:11,13,14,8896,24319
2023-10-19 14:15:12,13,15,8896,24319
2023-10-19 14:15:45,14,15,8896,24319
2023-10-19 14:15:50,13,15,8896,24319
2023-10-19 14:15:50,13,14,8896,24319
2023-10-19 14:16:00,12,14,8896,24319
2023-10-19 14:16:08,12,13,8896,24319
2023-10-19 14:16:08,11,13,8896,24319
2023-10-19 14:16:11,10,13,8896,24319
2023-10-19 14:16:13,11,13,8896,24319
2023-10-19 14:16:15,11,14,8896,24319
2023-10-19 14:16:20,12,14,8896,24319
2023-10-19 14:16:51,11,14,8896,24319
2023-10-19 14:16:59,11,13,8896,24319
2023-10-19 14:17:12,10,13,8896,24319
2023-10-19 14:17:14,10,12,8896,24319
2023-10-19 14:17:31,11,12,8896,24319
2023-10-19 14:17:42,10,12,8896,24319
2023-10-19 14:17:52,10,11,8896,24319
2023-10-19 14:17:53,9,11,8896,24319
2023-10-19 14:17:59,8,11,8896,24319
2023-10-19 14:17:59,8,10,8896,24319
2023-10-19 14:18:06,8,9,8896,24319
2023-10-19 14:18:26,8,10,8896,24319
2023-10-19 14:19:07,9,10,8896,24319
2023-10-19 14:19:09,9,11,8896,24319
2023-10-19 14:20:02,8,11,8896,24319
2023-10-19 14:20:21,9,11,8896,24319
2023-10-19 14:20:37,8,11,8896,24319
2023-10-19 14:20:42,9,11,8896,24319
2023-10-19 14:20:48,9,12,8896,24319
2023-10-19 14:21:00,10,12,8896,24319
2023-10-19 14:21:06,9,12,8896,24319
2023-10-19 14:21:10,10,12,8896,24319
2023-10-19 14:21:11,9,12,8896,24319
2023-10-19 14:21:23,10,12,8896,24319
2023-10-19 14:21:30,11,12,8896,24319
2023-10-19 14:22:02,11,13,8896,24519
2023-10-19 14:22:02,12,14,8896,24519
2023-10-19 14:22:02,12,14,9373,25019
2023-10-19 14:22:03,11,14,9373,25019
2023-10-19 14:22:03,12,14,9373,25019
2023-10-19 14:22:04,12,14,9567,25219
2023-10-19 14:22:04,13,14,9567,25219
2023-10-19 14:22:06,13,14,9867,25519
2023-10-19 14:22:13,12,14,9867,25519
2023-10-19 14:22:16,12,14,9927,25769
2023-10-19 14:22:27,12,13,9927,25769
2023-10-19 14:22:27,11,13,9927,25769
2023-10-19 14:22:30,11,12,9927,25769
2023-10-19 14:22:37,10,12,9927,25769
2023-10-19 14:22:38,10,11,9927,25769
2023-10-19 14:22:48,8,10,9824,25872
2023-10-19 14:22:50,8,9,9824,25872
2023-10-19 14:23:05,7,9,9824,25872
2023-10-19 14:23:05,7,8,9824,25872
2023-10-19 14:23:26,7,10,9824,25872
2023-10-19 14:23:26,7,9,9824,25872
2023-10-19 14:23:36,8,9,9824,25872
2023-10-19 14:23:43,8,9,9824,26072
2023-10-19 14:23:43,8,9,9824,26322
2023-10-19 14:23:43,8,11,9824,26322
2023-10-19 14:23:43,8,10,9824,26322
2023-10-19 14:23:50,9,10,9824,26322
2023-10-19 14:24:12,9,12,9824,26322
2023-10-19 14:24:12,10,12,9824,26322
2023-10-19 14:24:12,10,11,9824,26322
2023-10-19 14:24:39,10,12,9780,26366
2023-10-19 14:24:47,11,12,9780,26366
2023-10-19 14:24:56,11,13,9780,26366
2023-10-19 14:25:03,12,13,9780,26366
2023-10-19 14:25:11,11,13,9780,26366
2023-10-19 14:25:51,11,12,9780,26366
2023-10-19 14:25:51,10,12,9780,26366
2023-10-19 14:26:11,10,11,9780,26366
2023-10-19 14:26:18,10,12,9780,26366
2023-10-19 14:26:19,10,11,9780,26366
2023-10-19 14:26:27,10,12,9780,26366
2023-10-19 14:26:45,10,11,9780,26366
2023-10-19 14:27:28,10,12,9780,26366
2023-10-19 14:27:32,10,11,9780,26366
2023-10-19 14:27:40,10,12,9780,26366
2023-10-19 14:28:37,10,13,9780,26366
2023-10-19 14:28:40,11,13,9780,26366
2023-10-19 14:29:04,12,13,9780,26366
2023-10-19 14:29:05,11,13,9780,26366
2023-10-19 14:29:42,10,13,9780,26366
2023-10-19 14:29:55,11,13,9780,26366
2023-10-19 14:30:04,11,14,9780,26366
2023-10-19 14:30:04,13,14,9780,26366
2023-10-19 14:30:04,13,15,9780,26366
2023-10-19 14:30:24,12,15,9780,26366
2023-10-19 14:30:28,13,15,9780,26366
2023-10-19 14:30:30,13,16,9780,26366
2023-10-19 14:30:30,14,16,9780,26366
2023-10-19 14:30:45,15,16,9780,26366
2023-10-19 14:30:47,15,17,9780,26566
2023-10-19 14:30:48,16,17,9780,26566
2023-10-19 14:30:49,16,19,9780,26566
2023-10-19 14:30:49,17,19,9780,26566
2023-10-19 14:30:58,17,20,9780,26566
2023-10-19 14:31:03,18,20,9780,26566
2023-10-19 14:31:12,18,21,9780,26566
2023-10-19 14:31:13,19,21,9780,26566
2023-10-19 14:31:13,20,21,9780,26566
2023-10-19 14:31:13,20,22,9780,26566
2023-10-19 14:31:16,20,23,9780,26566
2023-10-19 14:31:20,21,23,9780,26566
2023-10-19 14:31:23,21,23,9780,26766
2023-10-19 14:31:25,22,24,9780,26816
2023-10-19 14:31:28,22,24,10030,27066
2023-10-19 14:31:34,23,24,10030,27066
2023-10-19 14:31:50,23,24,10080,27316
2023-10-19 14:31:50,23,25,10080,27316
2023-10-19 14:31:53,23,24,10080,27316
2023-10-19 14:31:53,22,24,10080,27316
2023-10-19 14:31:58,23,24,10080,27316
2023-10-19 14:32:06,22,24,10080,27316
2023-10-19 14:32:29,23,24,10080,27316
2023-10-19 14:32:33,23,25,10262,27498
2023-10-19 14:32:33,24,25,10262,27498
2023-10-19 14:33:11,25,26,10262,27499
2023-10-19 14:33:12,25,27,10262,27499
2023-10-19 14:33:12,26,27,10262,27499
2023-10-19 14:33:22,25,27,10262,27499
2023-10-19 14:33:24,26,27,10262,27499
2023-10-19 14:33:30,27,28,10362,27849
2023-10-19 14:33:30,27,29,10362,27849
2023-10-19 14:33:30,28,29,10362,27849
2023-10-19 14:33:40,27,29,10362,27849
2023-10-19 14:33:41,27,28,10362,27849
2023-10-19 14:33:49,27,29,10362,27849
2023-10-19 14:33:49,28,29,10362,27849
2023-10-19 14:33:51,28,29,10362,27909
2023-10-19 14:33:54,28,30,10362,27909
2023-10-19 14:33:54,29,30,10362,27909
2023-10-19 14:33:54,29,30,10362,27982
2023-10-19 14:33:56,29,30,10444,28180
2023-10-19 14:33:57,29,31,10444,28180
2023-10-19 14:34:01,29,31,10522,28258
2023-10-19 14:34:02,28,31,10522,28258
2023-10-19 14:34:04,28,31,10522,28288
2023-10-19 14:34:05,29,31,10522,28288
2023-10-19 14:34:07,28,31,10522,28288
2023-10-19 14:34:10,29,31,10522,28288
2023-10-19 14:34:22,28,31,10522,28288
2023-10-19 14:34:26,29,31,10522,28288
2023-10-19 14:34:53,30,31,10522,28288
2023-10-19 14:34:58,30,31,10522,28538
2023-10-19 14:35:04,30,32,10782,28938
2023-10-19 14:35:04,30,32,11022,29208
2023-10-19 14:35:04,30,34,11022,29208
2023-10-19 14:35:04,30,33,11022,29208
2023-10-19 14:35:04,30,36,11022,29208
2023-10-19 14:35:05,30,35,11022,29208
2023-10-19 14:35:05,31,35,11022,29208
2023-10-19 14:35:05,33,35,11022,29208
2023-10-19 14:35:06,34,35,11022,29208
2023-10-19 14:35:07,34,36,11022,29208
2023-10-19 14:35:07,35,36,11022,29208
2023-10-19 14:35:10,35,37,11022,29208
2023-10-19 14:35:10,36,37,11022,29208
2023-10-19 14:35:33,36,37,10822,29408
2023-10-19 14:35:34,36,37,10622,29608
2023-10-19 14:35:34,34,37,10622,29608
2023-10-19 14:35:34,35,37,10622,29608
2023-10-19 14:35:38,34,37,10622,29608
2023-10-19 14:35:38,36,37,10622,29608
2023-10-19 14:35:54,36,38,10622,29608
2023-10-19 14:35:54,37,38,10622,29608
2023-10-19 14:36:02,36,38,10622,29608
2023-10-19 14:36:04,36,37,10622,29608
2023-10-19 14:36:04,36,37,10620,29610
2023-10-19 14:36:11,36,38,10620,29610
2023-10-19 14:36:15,35,38,10620,29610
2023-10-19 14:36:15,37,38,10620,29610
2023-10-19 14:36:27,35,37,10520,29710
2023-10-19 14:36:31,36,37,10520,29710
2023-10-19 14:36:32,36,38,10520,29710
2023-10-19 14:36:38,37,38,10520,29710
2023-10-19 14:36:41,37,39,10520,29710
2023-10-19 14:37:01,38,39,10520,29710
2023-10-19 14:37:01,38,40,10520,29710
2023-10-19 14:37:01,38,39,10520,29710
2023-10-19 14:37:03,38,39,10720,29910
2023-10-19 14:37:04,38,41,10720,29910
2023-10-19 14:37:09,38,40,10720,29910
2023-10-19 14:37:30,37,40,10720,29910
2023-10-19 14:37:30,37,40,10520,30160
2023-10-19 14:37:30,38,40,10520,30160
2023-10-19 14:37:49,37,40,10520,30160
2023-10-19 14:37:49,39,40,10520,30160
2023-10-19 14:37:57,37,38,10470,30210
2023-10-19 14:37:57,36,38,10470,30210
2023-10-19 14:38:01,35,38,10470,30210
2023-10-19 14:38:04,36,38,10470,30210
2023-10-19 14:38:20,37,38,10470,30210
2023-10-19 14:38:20,37,40,10470,30210
2023-10-19 14:38:29,37,39,10470,30210
2023-10-19 14:38:41,37,40,10470,30210
2023-10-19 14:38:46,38,40,10470,30210
2023-10-19 14:39:18,37,40,10470,30210
2023-10-19 14:39:21,37,39,10470,30210
2023-10-19 14:39:29,38,39,10470,30210
2023-10-19 14:39:29,38,40,10470,30210
2023-10-19 14:39:36,37,40,10470,30210
2023-10-19 14:39:36,37,39,10470,30210
2023-10-19 14:39:42,36,39,10470,30210
2023-10-19 14:39:42,36,38,10470,30210
2023-10-19 14:39:44,35,38,10470,30210
2023-10-19 14:39:44,35,37,10470,30210
2023-10-19 14:39:49,34,37,10470,30210
2023-10-19 14:39:49,34,36,10470,30210
2023-10-19 14:40:04,35,36,10470,30210
2023-10-19 14:40:10,35,38,10470,30210
2023-10-19 14:40:11,36,38,10470,30210
2023-10-19 14:40:12,35,38,10470,30210
2023-10-19 14:40:18,36,38,10470,30210
2023-10-19 14:40:19,36,39,10470,30210
2023-10-19 14:40:20,37,39,10470,30210
2023-10-19 14:40:22,37,40,10470,30210
2023-10-19 14:40:25,38,40,10470,30210
2023-10-19 14:40:33,39,40,10470,30210
2023-10-19 14:40:34,40,41,10664,30404
2023-10-19 14:40:46,40,42,10664,30404
2023-10-19 14:40:59,41,42,10664,30404
2023-10-19 14:40:59,41,43,10664,30404
2023-10-19 14:41:02,42,43,10664,30404
2023-10-19 14:41:08,42,44,10664,30404
2023-10-19 14:42:10,43,44,10664,30404
2023-10-19 14:42:11,43,45,10664,30404
2023-10-19 14:42:13,43,46,10664,30404
2023-10-19 14:42:13,44,46,10664,30404
2023-10-19 14:42:17,43,46,10664,30404
2023-10-19 14:42:17,43,45,10664,30404
2023-10-19 14:42:40,42,45,10664,30404
2023-10-19 14:42:40,42,44,10664,30404
2023-10-19 14:42:41,42,45,10664,30404
2023-10-19 14:42:42,42,44,10664,30404
2023-10-19 14:42:54,42,45,10664,30404
2023-10-19 14:42:59,43,45,10664,30404
2023-10-19 14:43:06,42,45,10664,30404
2023-10-19 14:43:10,42,44,10664,30404
2023-10-19 14:43:17,41,44,10664,30404
2023-10-19 14:43:21,42,44,10664,30404
2023-10-19 14:43:32,42,45,10664,30404
2023-10-19 14:43:32,44,45,10664,30404
2023-10-19 14:43:58,42,44,10564,30504
2023-10-19 14:43:58,42,44,10549,30519
2023-10-19 14:44:02,43,44,10549,30519
2023-10-19 14:44:02,43,45,10549,30519
2023-10-19 14:44:18,43,46,10549,30519
2023-10-19 14:44:18,43,45,10549,30519
2023-10-19 14:44:42,43,45,10749,30719
2023-10-19 14:45:01,43,46,10749,30719
2023-10-19 14:45:06,43,45,10749,30719
2023-10-19 14:45:23,43,45,10636,30832
2023-10-19 14:45:24,43,46,10636,30832
2023-10-19 14:45:24,43,45,10636,30832
2023-10-19 14:45:25,44,45,10636,30832
2023-10-19 14:45:26,44,46,10636,30988
2023-10-19 14:45:29,43,46,10636,30988
2023-10-19 14:45:30,42,45,10636,30988
2023-10-19 14:45:31,43,45,10636,30988
2023-10-19 14:45:33,42,45,10636,30988
2023-10-19 14:45:37,42,44,10636,30988
2023-10-19 14:45:37,41,44,10636,30988
2023-10-19 14:45:39,41,43,10636,30988
2023-10-19 14:45:42,41,42,10636,30988
2023-10-19 14:45:44,41,43,10636,30988
2023-10-19 14:45:46,41,42,10636,30988
2023-10-19 14:45:55,42,44,10636,31018
2023-10-19 14:46:00,42,45,10636,31018
2023-10-19 14:46:05,42,44,10636,31018
2023-10-19 14:46:19,41,44,10636,31018
2023-10-19 14:46:45,42,44,10636,31018
2023-10-19 14:46:45,42,45,10636,31018
2023-10-19 14:46:59,43,45,10636,31018
2023-10-19 14:46:59,43,46,10636,31018
2023-10-19 14:47:00,44,46,10636,31018
2023-10-19 14:47:38,45,46,10636,31018
2023-10-19 14:47:52,44,46,10636,31018
2023-10-19 14:47:56,44,46,10526,31128
2023-10-19 14:48:24,45,46,10526,31128
2023-10-19 14:48:34,45,47,10526,31128
2023-10-19 14:48:37,46,47,10526,31128
2023-10-19 14:48:39,46,48,10726,31328
2023-10-19 14:48:40,47,48,10726,31328
2023-10-19 14:48:40,47,49,10726,31328
2023-10-19 14:48:42,47,49,10726,31528
2023-10-19 14:48:42,48,49,10726,31528
2023-10-19 14:48:49,48,50,10526,31728
2023-10-19 14:48:54,48,50,10526,31732
2023-10-19 14:49:02,49,50,10526,31732
2023-10-19 14:49:05,49,50,10526,31832
2023-10-19 14:49:07,49,50,10514,31844
2023-10-19 14:49:16,49,50,10514,32043
2023-10-19 14:49:40,48,49,10409,32148
2023-10-19 14:49:40,48,49,10391,32166
2023-10-19 14:49:48,47,49,10391,32166
2023-10-19 14:49:48,46,49,10391,32166
2023-10-19 14:50:08,46,48,10391,32166
2023-10-19 14:50:08,46,49,10381,32176
2023-10-19 14:50:08,46,48,10381,32176
2023-10-19 14:50:10,47,48,10381,32176
2023-10-19 14:50:10,47,48,10381,32183
2023-10-19 14:50:10,47,49,10381,32183
2023-10-19 14:50:11,46,49,10381,32183
2023-10-19 14:50:11,46,48,10381,32183
2023-10-19 14:50:12,46,49,10381,32183
2023-10-19 14:50:21,46,48,10381,32183
2023-10-19 14:50:31,47,48,10381,32183
2023-10-19 14:50:31,47,49,10381,32183
2023-10-19 14:50:32,47,50,10381,32183
2023-10-19 14:50:49,47,49,10381,32183
2023-10-19 14:50:49,47,50,10369,32195
2023-10-19 14:50:49,47,49,10369,32195
2023-10-19 14:50:51,47,49,10369,32294
2023-10-19 14:50:51,48,49,10369,32294
2023-10-19 14:51:04,48,50,10369,32294
2023-10-19 14:51:04,49,50,10369,32294
2023-10-19 14:51:17,48,50,10369,32294
2023-10-19 14:51:22,49,50,10369,32294
2023-10-19 14:51:29,48,50,10369,32294
2023-10-19 14:51:35,49,50,10369,32294
2023-10-19 14:51:42,48,49,10270,32393
2023-10-19 14:51:43,46,49,10270,32393
2023-10-19 14:51:44,47,49,10270,32393
2023-10-19 14:51:46,47,50,10270,32393
2023-10-19 14:51:50,47,49,10270,32393
2023-10-19 14:52:05,46,49,10270,32393
2023-10-19 14:52:09,46,48,10270,32393
2023-10-19 14:52:09,46,47,10270,32393
2023-10-19 14:52:22,46,49,10270,32393
2023-10-19 14:52:22,46,48,10270,32393
2023-10-19 14:53:02,46,49,10270,32393
2023-10-19 14:53:10,46,48,10270,32393
2023-10-19 14:53:17,47,48,10270,32393
2023-10-19 14:53:17,47,49,10270,32393
2023-10-19 14:53:32,46,49,10270,32393
2023-10-19 14:53:47,46,48,10270,32393
2023-10-19 14:53:53,46,47,10270,32393
2023-10-19 14:54:13,45,47,10270,32393
2023-10-19 14:54:14,44,47,10270,32393
2023-10-19 14:54:22,44,45,10270,32393
2023-10-19 14:54:32,44,46,10270,32393
2023-10-19 14:54:39,45,46,10270,32393
2023-10-19 14:54:39,45,47,10270,32393
2023-10-19 14:54:45,46,47,10270,32393
2023-10-19 14:54:46,46,48,10270,32393
2023-10-19 14:54:47,47,48,10270,32393
2023-10-19 14:54:48,47,50,10270,32393
2023-10-19 14:54:48,47,49,10270,32393
2023-10-19 14:55:01,48,49,10270,32393
2023-10-19 14:55:02,48,50,10270,32393
2023-10-19 14:55:51,49,50,10270,32393
2023-10-19 14:56:23,49,51,10270,32393
2023-10-19 14:56:32,48,51,10270,32393
2023-10-19 14:56:39,48,50,10270,32393
2023-10-19 14:56:46,49,50,10270,32393
2023-10-19 14:56:46,49,51,10270,32393
2023-10-19 14:56:48,50,51,10270,32393
2023-10-19 14:56:48,50,52,10270,32393
2023-10-19 14:56:56,50,51,10270,32393
2023-10-19 14:56:57,49,51,10270,32393
2023-10-19 14:56:58,48,51,10270,32393
2023-10-19 14:56:58,48,50,10270,32393
2023-10-19 14:56:59,48,49,10270,32393
2023-10-19 14:57:00,47,49,10270,32393
2023-10-19 14:57:01,46,49,10270,32393
2023-10-19 14:57:01,46,48,10270,32393
2023-10-19 14:57:01,46,47,10270,32393
2023-10-19 14:57:01,46,48,10270,32393
2023-10-19 14:57:02,46,48,10270,32403
2023-10-19 14:57:02,46,47,10270,32403
2023-10-19 14:57:02,46,47,10270,32803
2023-10-19 14:57:02,45,47,10270,32803
2023-10-19 14:57:02,45,47,10310,32843
2023-10-19 14:57:02,43,47,10310,32843
2023-10-19 14:57:03,43,45,10310,32843
2023-10-19 14:57:03,44,45,10310,32843
2023-10-19 14:57:08,44,45,10310,33043
2023-10-19 14:57:12,44,46,10310,33043
2023-10-19 14:57:12,44,47,10310,33043
2023-10-19 14:57:12,44,46,10310,33043
2023-10-19 14:57:13,45,46,10310,33043
2023-10-19 14:57:17,45,46,10310,33243
2023-10-19 14:57:18,45,48,10310,33243
2023-10-19 14:57:18,45,47,10310,33243
2023-10-19 14:57:20,46,47,10310,33243
2023-10-19 14:57:24,44,47,10310,33243
2023-10-19 14:57:24,44,46,10310,33243
2023-10-19 14:57:26,44,47,10310,33243
2023-10-19 14:57:26,44,45,10310,33243
2023-10-19 14:57:35,44,45,10311,33244
2023-10-19 14:57:40,43,45,10311,33244
2023-10-19 14:57:41,43,44,10311,33244
2023-10-19 14:57:43,42,44,10311,33244
2023-10-19 14:57:46,42,43,10311,33244
2023-10-19 14:57:55,41,43,10311,33244
2023-10-19 14:57:55,41,42,10311,33244
2023-10-19 14:58:00,40,42,10311,33244
2023-10-19 14:58:00,40,41,10311,33244
2023-10-19 14:58:00,41,42,10271,33284
2023-10-19 14:58:02,40,42,10271,33284
2023-10-19 14:58:07,39,42,10271,33284
2023-10-19 14:58:07,39,41,10271,33284
2023-10-19 14:58:19,39,40,10271,33284
2023-10-19 14:58:19,38,40,10271,33284
2023-10-19 14:58:23,38,41,10271,33284
2023-10-19 14:58:24,39,41,10271,33284
2023-10-19 14:58:29,39,42,10271,33284
2023-10-19 14:58:45,40,42,10271,33284
2023-10-19 14:58:54,39,42,10271,33284
2023-10-19 14:58:54,40,42,10271,33284
2023-10-19 14:58:57,40,43,10432,33445
2023-10-19 14:58:59,41,43,10432,33445
2023-10-19 14:59:00,42,43,10432,33445
2023-10-19 14:59:00,42,44,10432,33445
2023-10-19 14:59:00,42,45,10432,33445
2023-10-19 14:59:01,43,45,10432,33445
2023-10-19 14:59:02,44,45,10432,33445
2023-10-19 14:59:03,44,47,10432,33445
2023-10-19 14:59:08,45,47,10432,33445
2023-10-19 14:59:12,45,47,10432,33695
2023-10-19 14:59:13,45,48,10432,33695
2023-10-19 14:59:13,46,48,10432,33695
2023-10-19 14:59:17,46,48,10482,33945
2023-10-19 14:59:18,47,48,10482,33945
2023-10-19 14:59:21,47,49,10482,33945
2023-10-19 14:59:22,47,48,10482,33945
2023-10-19 14:59:23,46,48,10482,33945
2023-10-19 14:59:38,47,48,10482,33945
2023-10-19 14:59:38,47,49,10482,33945
2023-10-19 14:59:44,48,49,10482,33945
2023-10-19 15:00:26,48,50,10482,33945
2023-10-19 15:00:26,48,49,10482,33945
2023-10-19 15:00:26,48,50,10482,33945
2023-10-19 15:00:28,49,50,10482,33945
2023-10-19 15:00:35,48,50,10482,33945
2023-10-19 15:00:38,48,49,10482,33945
2023-10-19 15:00:40,47,49,10482,33945
2023-10-19 15:00:46,46,49,10482,33945
2023-10-19 15:00:48,46,48,10482,33945
2023-10-19 15:00:54,45,48,10482,33945
2023-10-19 15:00:54,45,47,10482,33945
2023-10-19 15:01:03,46,47,10482,33945
2023-10-19 15:01:03,46,48,10482,33945
2023-10-19 15:01:04,46,47,10482,33945
2023-10-19 15:01:04,46,48,10482,33945
2023-10-19 15:01:20,45,48,10482,33945
2023-10-19 15:01:26,45,47,10482,33945
2023-10-19 15:01:32,46,47,10482,33945
2023-10-19 15:01:34,45,47,10482,33945
2023-10-19 15:01:37,46,47,10482,33945
2023-10-19 15:01:37,46,48,10482,33945
2023-10-19 15:01:38,45,48,10482,33945
2023-10-19 15:01:43,45,47,10482,33945
2023-10-19 15:01:48,45,46,10482,33945
2023-10-19 15:01:48,44,46,10682,34145
2023-10-19 15:01:53,44,45,10682,34145
2023-10-19 15:01:55,43,45,10682,34145
2023-10-19 15:02:03,42,45,10682,34145
2023-10-19 15:02:03,42,44,10682,34145
2023-10-19 15:02:04,42,43,10682,34145
2023-10-19 15:02:10,42,44,10682,34145
2023-10-19 15:02:10,42,43,10682,34145
2023-10-19 15:02:11,41,43,10682,34145
2023-10-19 15:02:19,42,43,10682,34145
2023-10-19 15:02:19,42,43,10932,34395
2023-10-19 15:02:19,42,44,10932,34395
2023-10-19 15:02:22,42,45,10932,34395
2023-10-19 15:02:24,42,44,10932,34395
2023-10-19 15:02:24,41,44,10932,34395
2023-10-19 15:02:25,41,43,10932,34395
2023-10-19 15:02:27,41,44,10932,34395
2023-10-19 15:02:27,41,43,10932,34395
2023-10-19 15:02:29,41,42,10932,34395
2023-10-19 15:02:29,40,42,10932,34395
2023-10-19 15:02:36,40,43,10932,34395
2023-10-19 15:02:36,41,43,10932,34395
2023-10-19 15:02:37,40,43,10932,34395
2023-10-19 15:02:45,41,43,10932,34395
2023-10-19 15:02:47,41,44,10932,34395
2023-10-19 15:02:47,42,44,10932,34395
2023-10-19 15:02:49,42,45,10932,34395
2023-10-19 15:02:49,42,44,10932,34395
2023-10-19 15:02:50,42,45,10932,34395
2023-10-19 15:02:51,42,45,10932,34645
2023-10-19 15:02:52,43,45,10932,34645
2023-10-19 15:02:53,43,46,10932,34645
2023-10-19 15:02:55,43,45,10932,34645
2023-10-19 15:03:02,42,45,10932,34645
2023-10-19 15:03:09,42,44,10932,34645
2023-10-19 15:03:18,41,44,10932,34645
2023-10-19 15:03:18,41,43,10932,34645
2023-10-19 15:03:19,40,43,10932,34645
2023-10-19 15:03:19,40,42,10932,34645
2023-10-19 15:03:27,40,41,10932,34645
2023-10-19 15:03:28,39,41,10932,34645
2023-10-19 15:03:28,39,40,10932,34645
2023-10-19 15:03:29,38,40,10932,34645
2023-10-19 15:03:33,37,40,10932,34645
2023-10-19 15:03:33,37,39,10932,34645
2023-10-19 15:03:34,37,38,10932,34645
2023-10-19 15:03:34,36,38,10932,34645
2023-10-19 15:03:41,35,38,10932,34645
2023-10-19 15:03:43,36,38,10932,34645
2023-10-19 15:03:55,35,38,10932,34645
2023-10-19 15:03:56,35,37,10932,34645
2023-10-19 15:04:02,35,38,11087,34800
2023-10-19 15:04:07,36,38,11087,34800
2023-10-19 15:04:09,35,38,11087,34800
2023-10-19 15:04:12,35,37,11087,34800
2023-10-19 15:04:19,35,38,11248,34961
2023-10-19 15:04:20,36,38,11248,34961
2023-10-19 15:04:25,37,38,11248,34961
2023-10-19 15:04:25,37,40,11248,34961
2023-10-19 15:04:33,37,39,11248,34961
2023-10-19 15:04:33,37,38,11248,34961
2023-10-19 15:04:33,37,38,11248,35008
2023-10-19 15:04:33,36,38,11248,35008
2023-10-19 15:04:35,36,39,11248,35008
2023-10-19 15:04:43,36,38,11248,35008
2023-10-19 15:04:44,35,38,11248,35008
2023-10-19 15:04:47,36,38,11248,35008
2023-10-19 15:04:54,36,38,11335,35258
2023-10-19 15:04:59,35,38,11335,35258
2023-10-19 15:05:04,36,38,11335,35258
2023-10-19 15:05:06,35,38,11335,35258
2023-10-19 15:05:12,35,37,11335,35258
2023-10-19 15:05:14,34,37,11298,35458
2023-10-19 15:05:15,34,36,11298,35458
2023-10-19 15:05:18,33,36,11298,35458
2023-10-19 15:05:31,34,36,11298,35458
2023-10-19 15:05:32,34,36,11547,35708
2023-10-19 15:05:33,35,36,11547,35708
2023-10-19 15:05:33,35,37,11718,35879
2023-10-19 15:05:51,36,37,11718,35879
2023-10-19 15:05:51,36,38,11718,35879
2023-10-19 15:05:51,36,39,11718,35879
2023-10-19 15:05:51,36,38,11718,35879
2023-10-19 15:05:52,36,39,11718,35879
2023-10-19 15:06:08,37,39,11718,35879
2023-10-19 15:06:09,37,40,11718,35879
2023-10-19 15:06:10,37,39,11718,35879
2023-10-19 15:06:14,38,39,11718,35879
2023-10-19 15:06:14,38,40,11718,35879
2023-10-19 15:06:15,38,41,11718,35879
2023-10-19 15:06:15,39,41,11718,35879
2023-10-19 15:06:20,39,41,11806,36129
2023-10-19 15:06:21,40,41,11806,36129
2023-10-19 15:06:21,40,42,11806,36129
2023-10-19 15:06:24,41,42,11806,36129
2023-10-19 15:06:24,41,42,11888,36249
2023-10-19 15:06:27,41,43,11888,36249
2023-10-19 15:06:34,40,43,11888,36249
2023-10-19 15:06:39,40,42,11888,36249
2023-10-19 15:06:43,39,42,11888,36249
2023-10-19 15:06:47,39,41,11888,36249
2023-10-19 15:06:51,40,41,11888,36249
2023-10-19 15:06:51,40,42,11888,36249
2023-10-19 15:06:52,40,43,11888,36249
2023-10-19 15:06:52,40,42,11888,36249
2023-10-19 15:06:53,40,43,11888,36249
2023-10-19 15:06:53,41,43,11888,36249
2023-10-19 15:06:57,40,43,11888,36249
2023-10-19 15:06:58,41,43,11888,36249
2023-10-19 15:07:00,40,43,11888,36249
2023-10-19 15:07:03,40,42,11888,36249
2023-10-19 15:07:08,39,42,11888,36249
2023-10-19 15:07:10,39,41,11888,36249
2023-10-19 15:07:14,38,41,11888,36249
2023-10-19 15:07:18,38,40,11888,36249
2023-10-19 15:07:18,37,40,11888,36249
2023-10-19 15:07:20,37,39,11888,36249
2023-10-19 15:07:20,36,39,11888,36249
2023-10-19 15:07:21,36,38,11888,36249
2023-10-19 15:07:25,36,39,11888,36249
2023-10-19 15:07:26,36,38,11888,36249
2023-10-19 15:07:29,37,38,11888,36249
2023-10-19 15:07:29,37,40,11888,36249
2023-10-19 15:07:53,36,40,11888,36249
2023-10-19 15:08:07,37,39,11888,36249
2023-10-19 15:08:07,37,40,11888,36249
2023-10-19 15:08:20,38,40,11888,36249
2023-10-19 15:08:21,38,41,11888,36249
2023-10-19 15:08:22,39,41,11888,36249
2023-10-19 15:08:22,39,42,11888,36249
2023-10-19 15:08:23,40,42,11888,36249
2023-10-19 15:08:27,39,42,11888,36249
2023-10-19 15:08:29,39,41,11888,36249
2023-10-19 15:08:29,38,41,11888,36249
2023-10-19 15:08:51,39,41,11888,36249
2023-10-19 15:08:53,39,42,11888,36249
2023-10-19 15:08:55,40,42,11888,36249
2023-10-19 15:08:57,40,43,11888,36249
2023-10-19 15:09:00,40,42,11888,36249
2023-10-19 15:09:00,39,42,11888,36249
2023-10-19 15:09:01,39,41,11888,36249
2023-10-19 15:09:01,38,41,11888,36249
2023-10-19 15:09:11,39,41,11888,36249
2023-10-19 15:09:15,38,41,11888,36249
2023-10-19 15:09:16,39,41,11888,36249
2023-10-19 15:09:19,39,42,11999,36360
2023-10-19 15:09:19,40,42,11999,36360
2023-10-19 15:09:25,39,42,11999,36360
2023-10-19 15:09:48,40,42,11999,36360
2023-10-19 15:09:52,41,42,11999,36360
2023-10-19 15:09:52,41,43,11999,36360
2023-10-19 15:09:58,41,43,12117,36560
2023-10-19 15:09:58,42,43,12117,36560
2023-10-19 15:09:58,42,44,12260,36831
2023-10-19 15:09:58,43,44,12260,36831
2023-10-19 15:09:58,43,46,12260,36831
2023-10-19 15:09:58,43,47,12260,36831
2023-10-19 15:09:58,43,47,12440,37011
2023-10-19 15:09:58,43,44,12440,37011
2023-10-19 15:09:58,43,47,12440,37011
2023-10-19 15:09:58,44,47,12440,37011
2023-10-19 15:09:59,44,46,12440,37011
2023-10-19 15:09:59,43,46,12440,37011
2023-10-19 15:09:59,44,46,12440,37011
2023-10-19 15:09:59,45,46,12440,37011
2023-10-19 15:09:59,45,46,12365,37086
2023-10-19 15:10:00,45,47,12365,37086
2023-10-19 15:10:00,45,46,12365,37086
2023-10-19 15:10:03,43,45,12290,37161
2023-10-19 15:10:06,43,46,12290,37161
2023-10-19 15:10:11,43,45,12290,37161
2023-10-19 15:10:12,43,46,12290,37161
2023-10-19 15:10:36,44,46,12290,37161
2023-10-19 15:10:36,44,47,12290,37161
2023-10-19 15:10:42,45,47,12290,37161
2023-10-19 15:10:43,45,48,12290,37161
2023-10-19 15:10:43,46,48,12290,37161
2023-10-19 15:10:50,45,48,12290,37161
2023-10-19 15:10:54,45,47,12290,37161
2023-10-19 15:10:54,44,47,12290,37161
2023-10-19 15:11:01,44,46,12290,37161
2023-10-19 15:11:03,43,44,12132,37319
2023-10-19 15:11:03,43,45,12107,37361
2023-10-19 15:11:03,41,45,12107,37361
2023-10-19 15:11:03,42,45,12107,37361
2023-10-19 15:11:11,43,45,12107,37361
2023-10-19 15:11:12,44,45,12107,37361
2023-10-19 15:11:12,44,46,12107,37361
2023-10-19 15:11:12,44,45,12107,37361
2023-10-19 15:11:13,44,46,12289,37543
2023-10-19 15:11:15,44,47,12289,37543
2023-10-19 15:11:19,44,46,12289,37543
2023-10-19 15:11:23,44,45,12289,37543
2023-10-19 15:11:23,42,45,12090,37742
2023-10-19 15:11:29,42,44,12090,37742
2023-10-19 15:11:29,42,43,12090,37742
2023-10-19 15:11:30,41,43,12090,37742
2023-10-19 15:11:40,41,44,12090,37742
2023-10-19 15:11:47,42,44,12090,37742
2023-10-19 15:12:00,41,44,12090,37742
2023-10-19 15:12:19,41,43,12090,37742
2023-10-19 15:12:23,40,43,12090,37742
2023-10-19 15:12:23,40,42,12090,37742
2023-10-19 15:12:27,40,43,12090,37742
2023-10-19 15:12:27,41,43,12090,37742
2023-10-19 15:12:32,41,44,12090,37742
2023-10-19 15:12:34,42,44,12090,37742
2023-10-19 15:12:34,42,45,12090,37742
2023-10-19 15:12:36,41,45,12090,37742
2023-10-19 15:12:37,41,44,12090,37742
2023-10-19 15:12:44,41,43,12090,37742
2023-10-19 15:12:49,41,43,12140,37992
2023-10-19 15:12:50,41,44,12140,37992
2023-10-19 15:13:00,42,44,12140,37992
2023-10-19 15:13:06,42,45,12140,37992
2023-10-19 15:13:10,43,45,12140,37992
2023-10-19 15:13:15,44,45,12140,37992
2023-10-19 15:13:15,44,46,12140,37992
2023-10-19 15:13:18,45,46,12140,37992
2023-10-19 15:13:18,45,48,12140,37992
2023-10-19 15:13:18,45,47,12140,37992
2023-10-19 15:13:24,46,47,12140,37992
2023-10-19 15:13:25,46,48,12140,38002
2023-10-19 15:13:31,46,48,12390,38252
2023-10-19 15:13:31,47,48,12390,38252
2023-10-19 15:13:31,47,49,12390,38252
2023-10-19 15:13:40,48,49,12390,38252
2023-10-19 15:13:42,48,50,12390,38252
2023-10-19 15:13:42,48,49,12390,38252
2023-10-19 15:13:42,48,50,12390,38379
2023-10-19 15:13:42,48,50,12390,38406
2023-10-19 15:13:44,49,50,12390,38406
2023-10-19 15:13:46,48,50,12390,38406
2023-10-19 15:13:54,49,50,12390,38406
2023-10-19 15:13:59,48,50,12390,38406
2023-10-19 15:14:05,49,50,12390,38406
2023-10-19 15:14:06,48,50,12390,38406
2023-10-19 15:14:08,49,50,12390,38406
2023-10-19 15:14:20,48,50,12390,38406
2023-10-19 15:14:29,49,50,12390,38406
2023-10-19 15:14:37,50,51,12390,38407
2023-10-19 15:14:47,49,51,12390,38407
2023-10-19 15:14:50,49,50,12390,38407
2023-10-19 15:14:51,48,50,12390,38407
2023-10-19 15:14:57,49,50,12390,38407
2023-10-19 15:14:59,50,51,12370,38427
2023-10-19 15:14:59,50,52,12370,38427
2023-10-19 15:14:59,50,51,12370,38427
2023-10-19 15:15:03,49,51,12370,38427
2023-10-19 15:15:09,50,51,12370,38427
2023-10-19 15:15:12,50,52,12350,38447
2023-10-19 15:15:13,51,52,12350,38447
2023-10-19 15:15:13,51,54,12350,38447
2023-10-19 15:15:13,51,53,12350,38447
2023-10-19 15:15:14,52,53,12350,38447
2023-10-19 15:15:19,52,54,12330,38467
2023-10-19 15:15:19,52,53,12330,38467
2023-10-19 15:15:20,52,53,12330,38527
2023-10-19 15:15:22,52,54,12330,38617
2023-10-19 15:15:24,52,54,12330,38647
2023-10-19 15:15:25,52,54,12330,38677
2023-10-19 15:15:27,52,54,12330,38707
2023-10-19 15:15:28,52,54,12330,38756
2023-10-19 15:15:30,52,54,12330,38805
2023-10-19 15:15:33,51,54,12330,38805
2023-10-19 15:15:33,52,54,12330,38805
2023-10-19 15:15:33,52,53,12330,38805
2023-10-19 15:15:33,52,53,12310,38825
2023-10-19 15:15:34,50,53,12310,38825
2023-10-19 15:15:40,50,52,12310,38825
2023-10-19 15:15:40,50,51,12310,38825
2023-10-19 15:15:49,51,52,12300,38835
2023-10-19 15:15:49,51,53,12300,38835
2023-10-19 15:15:49,51,52,12300,38835
2023-10-19 15:16:02,52,53,12290,39014
2023-10-19 15:16:02,52,54,12290,39014
2023-10-19 15:16:02,52,53,12290,39014
2023-10-19 15:16:04,53,54,12280,39024
2023-10-19 15:16:04,53,55,12280,39099
2023-10-19 15:16:04,53,56,12280,39099
2023-10-19 15:16:04,54,56,12280,39099
2023-10-19 15:16:05,55,56,12280,39099
2023-10-19 15:16:30,53,55,12280,39174
2023-10-19 15:16:30,53,54,12280,39174
2023-10-19 15:16:31,52,54,12280,39174
2023-10-19 15:16:31,52,53,12280,39174
2023-10-19 15:16:31,51,53,12280,39174
2023-10-19 15:16:32,50,53,12280,39174
2023-10-19 15:16:36,51,53,12280,39174
2023-10-19 15:16:37,50,53,12280,39174
2023-10-19 15:16:37,50,52,12280,39174
2023-10-19 15:16:39,50,51,12280,39174
2023-10-19 15:16:39,49,51,12122,39374
2023-10-19 15:16:41,48,51,12122,39374
2023-10-19 15:16:41,48,50,12122,39374
2023-10-19 15:16:44,47,50,12597,39849
2023-10-19 15:16:44,47,49,12597,39849
2023-10-19 15:16:48,48,49,12597,39849
2023-10-19 15:16:49,48,50,12597,39849
2023-10-19 15:16:53,48,49,12597,39849
2023-10-19 15:16:53,47,49,12597,39849
2023-10-19 15:16:54,47,48,12597,39849
2023-10-19 15:16:54,46,48,12597,39849
2023-10-19 15:17:01,46,49,12597,39849
2023-10-19 15:17:04,48,49,12597,39849
2023-10-19 15:17:07,48,50,12597,39849
2023-10-19 15:17:25,49,50,12597,39849
2023-10-19 15:17:25,49,52,12717,39969
2023-10-19 15:17:25,49,51,12717,39969
2023-10-19 15:17:26,49,52,12717,39969
2023-10-19 15:17:26,50,52,12717,39969
2023-10-19 15:17:29,51,52,12717,39969
2023-10-19 15:17:29,51,54,12717,39969
2023-10-19 15:17:29,51,53,12717,39969
2023-10-19 15:17:37,52,53,12717,39969
2023-10-19 15:17:39,52,55,12717,39969
2023-10-19 15:17:39,52,54,12717,39969
2023-10-19 15:17:43,53,54,12717,39969
2023-10-19 15:17:50,52,54,12717,39969
2023-10-19 15:17:50,52,53,12717,39969
2023-10-19 15:17:52,51,53,12717,39969
2023-10-19 15:17:58,51,54,12717,39969
2023-10-19 15:17:58,51,52,12717,39969
2023-10-19 15:18:04,50,52,12717,39969
2023-10-19 15:18:05,50,51,12717,39969
2023-10-19 15:18:13,49,51,12717,39969
2023-10-19 15:18:13,49,50,12717,39969
2023-10-19 15:18:30,48,50,12717,39969
2023-10-19 15:18:30,48,49,12717,39969
2023-10-19 15:18:31,47,49,12717,39969
2023-10-19 15:18:31,47,48,12717,39969
2023-10-19 15:18:43,47,50,12717,39969
2023-10-19 15:18:43,47,49,12717,39969
2023-10-19 15:18:50,48,49,12717,39969
2023-10-19 15:18:50,48,51,12717,40044
2023-10-19 15:18:57,49,51,12717,40044
2023-10-19 15:19:15,47,51,12717,40044
2023-10-19 15:19:15,47,50,12717,40044
2023-10-19 15:19:17,48,50,12717,40044
2023-10-19 15:19:17,48,51,12717,40044
2023-10-19 15:19:23,47,51,12717,40044
2023-10-19 15:19:25,47,50,12717,40044
2023-10-19 15:19:38,47,51,12717,40044
2023-10-19 15:19:45,48,51,12717,40044
2023-10-19 15:19:46,47,51,12717,40044
2023-10-19 15:19:47,48,51,12717,40044
2023-10-19 15:19:48,47,51,12717,40044
2023-10-19 15:19:49,47,50,12717,40044
2023-10-19 15:20:00,47,49,12717,40044
2023-10-19 15:20:00,46,48,12717,40044
2023-10-19 15:20:01,45,48,12717,40044
2023-10-19 15:20:01,45,47,12717,40044
2023-10-19 15:20:02,45,48,12717,40044
2023-10-19 15:20:04,45,49,12717,40044
2023-10-19 15:20:04,46,49,12717,40044
2023-10-19 15:20:05,47,49,12717,40044
2023-10-19 15:20:05,47,50,12717,40044
2023-10-19 15:20:11,47,49,12717,40044
2023-10-19 15:20:11,46,49,12717,40044
2023-10-19 15:20:17,46,50,12717,40044
2023-10-19 15:20:18,47,50,12717,40044
2023-10-19 15:20:20,47,49,12717,40044
2023-10-19 15:20:20,46,49,12717,40044
2023-10-19 15:20:23,46,48,12717,40044
2023-10-19 15:20:23,46,47,12717,40044
2023-10-19 15:20:23,45,47,12717,40044
2023-10-19 15:20:30,45,48,12717,40044
2023-10-19 15:20:32,46,48,12717,40044
2023-10-19 15:20:32,46,49,12717,40044
2023-10-19 15:20:40,47,49,12717,40044
2023-10-19 15:20:41,47,50,12717,40044
2023-10-19 15:20:47,48,50,12717,40044
2023-10-19 15:20:47,48,51,12717,40044
2023-10-19 15:20:56,49,51,12717,40044
2023-10-19 15:20:58,48,51,12717,40044
2023-10-19 15:21:02,49,51,12717,40044
2023-10-19 15:21:05,49,52,12717,40244
2023-10-19 15:21:06,50,52,12717,40244
2023-10-19 15:21:06,50,53,12717,40244
2023-10-19 15:21:11,51,53,12717,40244
2023-10-19 15:21:12,52,53,12717,40244
2023-10-19 15:21:15,52,54,12717,40244
2023-10-19 15:21:23,52,55,12717,40244
2023-10-19 15:21:24,53,55,12717,40244
2023-10-19 15:21:35,54,55,12717,40244
2023-10-19 15:21:36,54,56,12717,40244
2023-10-19 15:21:38,55,56,12717,40244
2023-10-19 15:21:40,54,56,12717,40244
2023-10-19 15:21:40,55,56,12717,40244
2023-10-19 15:21:41,54,56,12717,40244
2023-10-19 15:21:44,54,55,12717,40244
2023-10-19 15:21:45,54,56,12717,40244
2023-10-19 15:21:56,54,55,12717,40244
2023-10-19 15:21:57,53,55,12717,40244
2023-10-19 15:22:03,54,55,12717,40244
2023-10-19 15:22:05,55,56,12727,40254
2023-10-19 15:22:08,56,57,12728,40255
2023-10-19 15:22:12,56,58,12728,40255
2023-10-19 15:22:13,57,58,12728,40255
2023-10-19 15:22:13,57,59,12728,40255
2023-10-19 15:22:14,58,59,12728,40255
2023-10-19 15:22:16,57,59,12728,40255
2023-10-19 15:22:17,56,59,12728,40255
2023-10-19 15:22:17,56,58,12728,40255
2023-10-19 15:22:18,55,58,12728,40255
2023-10-19 15:22:18,55,57,12728,40255
2023-10-19 15:22:19,55,56,12728,40255
2023-10-19 15:22:20,54,56,12728,40255
2023-10-19 15:22:30,55,56,12728,40255
2023-10-19 15:22:36,55,57,12728,40255
2023-10-19 15:22:37,56,57,12728,40255
2023-10-19 15:22:41,57,58,12738,40265
2023-10-19 15:22:41,57,60,12738,40265
2023-10-19 15:22:41,57,59,12738,40265
2023-10-19 15:22:47,56,59,12738,40265
2023-10-19 15:22:48,56,58,12738,40265
2023-10-19 15:22:50,55,58,12738,40265
2023-10-19 15:22:51,55,57,12738,40265
2023-10-19 15:22:56,54,57,12738,40265
2023-10-19 15:22:56,54,56,12738,40265
2023-10-19 15:22:57,53,56,12738,40265
2023-10-19 15:22:57,53,55,12738,40265
2023-10-19 15:23:07,54,55,12738,40265
2023-10-19 15:23:09,54,57,12738,40265
2023-10-19 15:23:09,54,56,12738,40265
2023-10-19 15:23:18,55,56,12738,40265
2023-10-19 15:23:22,54,56,12738,40265
2023-10-19 15:23:27,55,56,12738,40265
2023-10-19 15:23:40,55,58,12738,40265
2023-10-19 15:23:41,56,58,12738,40265
2023-10-19 15:23:50,56,59,12738,40265
2023-10-19 15:23:50,56,58,12738,40265
2023-10-19 15:23:54,57,58,12738,40265
2023-10-19 15:23:58,57,60,12738,40265
2023-10-19 15:23:58,57,59,12738,40265
2023-10-19 15:23:59,58,59,12738,40265
2023-10-19 15:24:01,58,60,12738,40265
2023-10-19 15:24:13,58,59,12738,40265
2023-10-19 15:24:15,57,59,12738,40265
2023-10-19 15:24:16,56,59,12738,40265
2023-10-19 15:24:16,57,59,12738,40265
2023-10-19 15:24:20,56,59,12738,40265
2023-10-19 15:24:20,56,58,12738,40265
2023-10-19 15:24:21,56,59,12738,40265
2023-10-19 15:24:26,56,58,12738,40265
2023-10-19 15:24:30,56,59,12738,40265
2023-10-19 15:24:32,57,59,12738,40265
2023-10-19 15:24:34,56,59,12738,40265
2023-10-19 15:24:36,56,58,12738,40265
2023-10-19 15:24:36,55,58,12738,40265
2023-10-19 15:24:36,55,57,12738,40265
2023-10-19 15:24:42,56,57,12738,40265
2023-10-19 15:24:51,55,57,12738,40265
2023-10-19 15:24:56,54,57,12738,40265
2023-10-19 15:24:56,54,56,12738,40265
2023-10-19 15:25:02,55,56,12738,40265
2023-10-19 15:25:02,55,57,12738,40265
2023-10-19 15:25:12,56,57,12738,40265
2023-10-19 15:25:17,55,57,12738,40265
2023-10-19 15:25:22,54,57,12738,40265
2023-10-19 15:25:24,54,56,12738,40265
2023-10-19 15:25:27,54,57,12738,40265
2023-10-19 15:25:33,55,57,12738,40265
2023-10-19 15:25:36,56,57,12738,40265
2023-10-19 15:25:36,56,58,12738,40265
2023-10-19 15:25:38,57,58,12738,40265
2023-10-19 15:25:38,57,59,12738,40265
2023-10-19 15:25:46,56,59,12738,40265
2023-10-19 15:25:47,57,59,12738,40265
2023-10-19 15:25:50,56,59,12738,40265
2023-10-19 15:25:58,58,59,12738,40265
2023-10-19 15:26:01,58,60,12738,40265
2023-10-19 15:26:01,58,59,12738,40265
2023-10-19 15:26:04,59,60,12748,40275
2023-10-19 15:26:04,59,61,12748,40275
2023-10-19 15:26:04,59,60,12748,40275
2023-10-19 15:26:14,58,60,12748,40275
2023-10-19 15:26:18,59,60,12748,40275
2023-10-19 15:26:23,58,60,12748,40275
2023-10-19 15:26:45,59,60,12748,40275
2023-10-19 15:27:08,58,60,12748,40275
2023-10-19 15:27:10,59,60,12748,40275
2023-10-19 15:27:14,59,61,12748,40275
2023-10-19 15:27:15,59,60,12748,40275
2023-10-19 15:27:15,60,62,12768,40295
2023-10-19 15:27:16,61,62,12768,40295
2023-10-19 15:27:16,61,63,12768,40295
2023-10-19 15:27:16,61,62,12768,40295
2023-10-19 15:27:19,63,65,12983,40510
2023-10-19 15:27:19,63,64,12983,40510
2023-10-19 15:27:19,63,64,13013,40540
2023-10-19 15:27:19,63,65,13013,40540
2023-10-19 15:27:26,63,64,13013,40540
2023-10-19 15:27:27,61,64,13013,40540
2023-10-19 15:27:27,61,62,13013,40540
2023-10-19 15:27:27,62,64,13013,40570
2023-10-19 15:27:28,62,63,13013,40570
2023-10-19 15:27:28,61,63,13013,40615
2023-10-19 15:27:28,61,62,13013,40615
2023-10-19 15:27:28,60,62,13013,40615
2023-10-19 15:27:28,60,61,13013,40615
2023-10-19 15:27:29,59,61,13013,40615
2023-10-19 15:27:29,59,60,13013,40615
2023-10-19 15:27:30,58,60,13013,40615
2023-10-19 15:27:30,58,59,13013,40615
2023-10-19 15:27:32,57,59,13013,40615
2023-10-19 15:27:39,57,58,13013,40615
2023-10-19 15:28:00,57,60,13013,40615
2023-10-19 15:28:00,57,59,13013,40615
2023-10-19 15:28:03,58,59,13013,40615
2023-10-19 15:28:03,58,61,13013,40615
2023-10-19 15:28:03,58,60,13013,40615
2023-10-19 15:28:06,59,60,13013,40615
2023-10-19 15:28:10,58,60,13013,40615
2023-10-19 15:28:17,59,60,13013,40615
2023-10-19 15:28:18,60,61,13023,40625
2023-10-19 15:28:18,60,62,13023,40625
2023-10-19 15:28:18,60,61,13023,40625
2023-10-19 15:28:36,61,62,13033,40635
2023-10-19 15:28:42,62,63,13088,40690
2023-10-19 15:28:42,62,64,13088,40690
2023-10-19 15:28:45,62,63,13088,40690
2023-10-19 15:28:46,63,64,13108,40710
2023-10-19 15:28:46,63,65,13108,40710
2023-10-19 15:28:47,63,64,13108,40710
2023-10-19 15:28:50,62,64,13108,40710
2023-10-19 15:28:52,62,63,13108,40710
2023-10-19 15:29:30,62,63,13108,40712
2023-10-19 15:29:31,63,65,13136,40740
2023-10-19 15:29:31,63,64,13136,40740
2023-10-19 15:29:34,62,64,13136,40740
2023-10-19 15:29:35,63,64,13136,40740
2023-10-19 15:29:37,62,64,13136,40740
2023-10-19 15:29:47,63,64,13136,40740
2023-10-19 15:29:54,62,64,13136,40740
2023-10-19 15:29:55,62,65,13136,40740
2023-10-19 15:29:55,62,64,13136,40740
2023-10-19 15:29:55,62,63,13136,40740
2023-10-19 15:29:59,62,63,13136,40819
2023-10-19 15:29:59,62,63,13136,40919
2023-10-19 15:29:59,61,63,13136,40919
2023-10-19 15:29:59,56,63,13136,40919
2023-10-19 15:29:59,56,62,13136,40919
2023-10-19 15:29:59,55,62,13136,40919
2023-10-19 15:29:59,55,59,13136,40919
2023-10-19 15:30:00,55,58,13136,40919
2023-10-19 15:30:00,56,58,13136,40919
2023-10-19 15:30:00,56,57,13136,40919
2023-10-19 15:30:03,54,57,13136,40919
2023-10-19 15:30:03,54,58,13136,40919
2023-10-19 15:30:03,54,57,13136,40919
2023-10-19 15:30:03,54,56,13136,40919
2023-10-19 15:30:03,54,55,13136,40919
2023-10-19 15:30:04,53,55,13136,40919
2023-10-19 15:30:04,53,56,13136,40919
2023-10-19 15:30:04,53,54,13136,40919
2023-10-19 15:30:05,52,54,13136,40919
2023-10-19 15:30:05,52,55,13136,40919
2023-10-19 15:30:05,52,53,13136,40919
2023-10-19 15:30:10,53,55,13136,40994
2023-10-19 15:30:11,53,56,13136,40994
2023-10-19 15:30:13,54,56,13136,40994
2023-10-19 15:30:15,55,56,13136,40994
2023-10-19 15:30:15,55,57,13136,40994
2023-10-19 15:30:17,54,57,13136,40994
2023-10-19 15:30:17,53,57,13136,40994
2023-10-19 15:30:17,53,56,13136,40994
2023-10-19 15:30:19,53,55,13136,40994
2023-10-19 15:30:20,52,55,13136,40994
2023-10-19 15:30:24,52,54,13136,40994
2023-10-19 15:30:27,52,55,13136,40994
2023-10-19 15:30:33,53,55,13136,40994
2023-10-19 15:30:34,54,55,13136,40994
2023-10-19 15:30:34,54,57,13136,40994
2023-10-19 15:30:34,54,56,13136,40994
2023-10-19 15:30:37,55,56,13136,40994
2023-10-19 15:30:40,55,58,13136,40994
2023-10-19 15:30:40,55,57,13136,40994
2023-10-19 15:30:45,55,56,13136,40994
2023-10-19 15:30:52,56,58,13146,41004
2023-10-19 15:30:52,56,59,13146,41004
2023-10-19 15:30:52,56,58,13146,41004
2023-10-19 15:30:58,57,58,13146,41004
2023-10-19 15:31:01,56,58,13146,41004
2023-10-19 15:31:06,55,58,13146,41004
2023-10-19 15:31:06,55,57,13146,41004
2023-10-19 15:31:07,54,57,13146,41004
2023-10-19 15:31:07,54,56,13146,41004
2023-10-19 15:31:07,53,56,13146,41004
2023-10-19 15:31:12,54,56,13146,41004
2023-10-19 15:31:14,54,57,13146,41004
2023-10-19 15:31:18,55,57,13146,41004
2023-10-19 15:31:21,54,57,13146,41004
2023-10-19 15:31:25,53,57,13146,41004
2023-10-19 15:31:26,53,56,13146,41004
2023-10-19 15:31:27,52,56,13146,41004
2023-10-19 15:31:27,52,55,13146,41004
2023-10-19 15:31:29,52,54,13146,41004
2023-10-19 15:31:30,51,54,13146,41004
2023-10-19 15:31:30,51,53,13146,41004
2023-10-19 15:31:30,50,53,13146,41004
2023-10-19 15:31:33,49,53,13146,41004
2023-10-19 15:31:33,49,51,13146,41004
2023-10-19 15:31:33,48,50,13146,41004
2023-10-19 15:31:33,47,50,13146,41004
2023-10-19 15:31:37,47,51,13146,41004
2023-10-19 15:31:37,48,51,13146,41004
2023-10-19 15:31:43,49,51,13146,41004
2023-10-19 15:31:43,49,53,13146,41004
2023-10-19 15:31:48,50,53,13146,41004
2023-10-19 15:31:49,50,54,13146,41004
2023-10-19 15:31:50,51,54,13146,41004
2023-10-19 15:31:53,52,54,13146,41004
2023-10-19 15:31:53,52,55,13146,41004
2023-10-19 15:31:58,52,56,13146,41004
2023-10-19 15:32:00,54,56,13146,41004
2023-10-19 15:32:00,54,57,13146,41004
2023-10-19 15:32:02,53,57,13146,41004
2023-10-19 15:32:04,53,56,13146,41004
2023-10-19 15:32:07,52,56,13146,41004
2023-10-19 15:32:13,52,55,13146,41004
2023-10-19 15:32:15,51,55,13146,41004
2023-10-19 15:32:22,52,55,13146,41004
2023-10-19 15:32:23,51,55,13146,41004
2023-10-19 15:32:26,51,54,13146,41004
2023-10-19 15:32:27,50,54,13146,41004
2023-10-19 15:32:29,51,54,13146,41004
2023-10-19 15:32:41,52,54,13146,41004
2023-10-19 15:32:41,52,56,13146,41004
2023-10-19 15:32:41,52,55,13146,41004
2023-10-19 15:32:42,54,55,13146,41004
2023-10-19 15:32:42,54,57,13146,41004
2023-10-19 15:32:42,54,56,13146,41004
2023-10-19 15:32:55,55,56,13146,41004
2023-10-19 15:32:56,55,58,13146,41004
2023-10-19 15:32:56,55,57,13146,41004
2023-10-19 15:33:03,54,57,13146,41004
2023-10-19 15:33:09,54,56,13146,41004
2023-10-19 15:33:13,56,57,13156,41014
2023-10-19 15:33:13,56,59,13156,41014
2023-10-19 15:33:13,56,58,13156,41014
2023-10-19 15:33:14,57,58,13156,41014
2023-10-19 15:33:17,57,59,13156,41014
2023-10-19 15:33:23,57,59,13356,41214
2023-10-19 15:33:24,58,59,13356,41214
2023-10-19 15:33:24,59,61,13541,41399
2023-10-19 15:33:24,59,60,13541,41399
2023-10-19 15:33:26,60,61,13551,41409
2023-10-19 15:33:32,59,61,13551,41409
2023-10-19 15:33:35,59,61,13556,41414
2023-10-19 15:33:38,58,61,13556,41414
2023-10-19 15:33:43,58,60,13556,41414
2023-10-19 15:33:49,57,60,13556,41414
2023-10-19 15:33:51,56,60,13556,41414
2023-10-19 15:33:51,56,59,13556,41414
2023-10-19 15:33:56,57,59,13556,41414
2023-10-19 15:34:03,56,59,13556,41414
2023-10-19 15:34:10,56,58,13556,41414
2023-10-19 15:34:10,55,58,13556,41414
2023-10-19 15:34:14,55,57,13556,41414
2023-10-19 15:34:14,54,57,13556,41414
2023-10-19 15:34:15,54,56,13556,41414
2023-10-19 15:34:15,53,56,13556,41414
2023-10-19 15:34:19,53,55,13556,41414
2023-10-19 15:34:19,52,55,13556,41414
2023-10-19 15:34:30,52,54,13556,41414
2023-10-19 15:34:30,51,54,13556,41414
2023-10-19 15:34:31,51,53,13556,41414
2023-10-19 15:34:31,50,53,13556,41414
2023-10-19 15:34:35,50,52,13556,41414
2023-10-19 15:34:35,49,52,13556,41414
2023-10-19 15:34:36,49,51,13556,41414
2023-10-19 15:34:36,48,51,13556,41414
2023-10-19 15:34:37,48,50,13556,41414
2023-10-19 15:34:37,47,50,13556,41414
2023-10-19 15:34:43,47,49,13556,41414
2023-10-19 15:34:44,47,50,13556,41414
2023-10-19 15:34:47,47,49,13556,41414
2023-10-19 15:34:48,46,49,13556,41414
2023-10-19 15:34:50,46,48,13556,41414
2023-10-19 15:34:50,45,48,13556,41414
2023-10-19 15:34:51,45,47,13556,41414
2023-10-19 15:34:53,45,47,13356,41614
2023-10-19 15:34:53,45,46,13356,41614
2023-10-19 15:34:53,45,47,13356,41614
2023-10-19 15:34:56,45,47,13106,41864
2023-10-19 15:34:58,45,48,13106,41864
2023-10-19 15:35:00,45,49,13106,41864
2023-10-19 15:35:05,45,48,13106,41864
2023-10-19 15:35:10,45,47,13106,41864
2023-10-19 15:35:12,44,47,13081,41889
2023-10-19 15:35:12,44,48,13081,41889
2023-10-19 15:35:12,44,49,13081,41889
2023-10-19 15:35:14,45,49,13081,41889
2023-10-19 15:35:14,46,49,13081,41889
2023-10-19 15:35:14,46,50,13081,41889
2023-10-19 15:35:17,47,50,13081,41889
2023-10-19 15:35:18,47,51,13081,41889
2023-10-19 15:35:19,48,51,13081,41889
2023-10-19 15:35:19,48,52,13081,41889
2023-10-19 15:35:24,48,51,13081,41889
2023-10-19 15:35:24,47,51,13081,41889
2023-10-19 15:35:29,47,50,13081,41889
2023-10-19 15:35:29,46,50,13081,41889
2023-10-19 15:35:30,46,51,13081,41889
2023-10-19 15:35:31,46,50,13081,41889
2023-10-19 15:35:37,47,50,13081,41889
2023-10-19 15:35:37,47,51,13081,41889
2023-10-19 15:35:38,48,51,13081,41889
2023-10-19 15:35:39,47,51,13081,41889
2023-10-19 15:35:46,47,52,13081,41889
2023-10-19 15:35:46,48,52,13081,41889
2023-10-19 15:35:49,47,52,13081,41889
2023-10-19 15:35:49,47,51,13081,41889
2023-10-19 15:35:51,47,52,13081,41889
2023-10-19 15:35:54,48,52,13081,41889
2023-10-19 15:36:06,48,51,13081,41889
2023-10-19 15:36:06,47,51,13081,41889
2023-10-19 15:36:07,47,50,13081,41889
2023-10-19 15:36:07,46,50,13081,41889
2023-10-19 15:36:10,46,49,13081,41889
2023-10-19 15:36:10,45,48,13081,41889
2023-10-19 15:36:10,44,48,13081,41889
2023-10-19 15:36:11,44,47,13081,41889
2023-10-19 15:36:13,43,47,13081,41889
2023-10-19 15:36:15,43,48,13081,41889
2023-10-19 15:36:15,44,48,13081,41889
2023-10-19 15:36:18,45,48,13081,41889
2023-10-19 15:36:18,45,49,13081,41889
2023-10-19 15:36:22,46,49,13081,41889
2023-10-19 15:36:22,46,50,13081,41889
2023-10-19 15:36:27,47,50,13081,41889
2023-10-19 15:36:27,47,51,13091,41899
2023-10-19 15:36:30,49,51,13091,41899
2023-10-19 15:36:30,49,52,13091,41899
2023-10-19 15:36:30,49,53,13091,41899
2023-10-19 15:36:31,50,53,13091,41899
2023-10-19 15:36:38,49,53,13091,41899
2023-10-19 15:36:38,49,54,13196,42204
2023-10-19 15:36:38,51,54,13196,42204
2023-10-19 15:36:39,51,53,13196,42204
2023-10-19 15:36:40,49,53,13196,42204
2023-10-19 15:36:40,50,53,13196,42204
2023-10-19 15:36:42,50,52,13196,42204
2023-10-19 15:36:46,49,52,13196,42204
2023-10-19 15:36:48,49,52,13146,42454
2023-10-19 15:36:48,48,49,13121,42479
2023-10-19 15:36:48,48,49,13121,42554
2023-10-19 15:36:48,46,49,13121,42554
2023-10-19 15:36:48,44,49,13121,42554
2023-10-19 15:36:48,44,48,13121,42554
2023-10-19 15:36:48,44,49,13121,42554
2023-10-19 15:36:48,44,47,13121,42554
2023-10-19 15:36:50,44,49,13121,42629
2023-10-19 15:36:51,45,49,13121,42629
2023-10-19 15:36:53,45,50,13121,42629
2023-10-19 15:36:54,46,50,13121,42629
2023-10-19 15:36:56,46,49,13121,42629
2023-10-19 15:36:56,45,49,13121,42629
2023-10-19 15:36:57,45,50,13121,42629
2023-10-19 15:36:59,46,50,13121,42629
2023-10-19 15:37:00,47,50,13121,42629
2023-10-19 15:37:01,46,50,13121,42629
2023-10-19 15:37:03,47,50,13121,42629
2023-10-19 15:37:06,46,50,13121,42629
2023-10-19 15:37:19,45,50,13121,42629
2023-10-19 15:37:21,45,49,13121,42629
2023-10-19 15:37:22,45,48,13121,42629
2023-10-19 15:37:22,44,48,13121,42629
2023-10-19 15:37:23,44,47,13121,42629
2023-10-19 15:37:23,44,46,13121,42629
2023-10-19 15:37:23,43,46,13121,42629
2023-10-19 15:37:23,42,46,13121,42629
2023-10-19 15:37:27,43,46,13121,42629
2023-10-19 15:37:27,43,47,13121,42629
2023-10-19 15:37:33,43,45,13121,42629
2023-10-19 15:37:33,42,45,13121,42629
2023-10-19 15:37:42,42,46,13121,42629
2023-10-19 15:37:42,42,47,13121,42629
2023-10-19 15:37:43,43,47,13121,42629
2023-10-19 15:37:44,44,47,13121,42629
2023-10-19 15:37:44,44,48,13121,42629
2023-10-19 15:37:53,44,47,13121,42629
2023-10-19 15:37:54,43,47,13121,42629
2023-10-19 15:37:54,42,47,13121,42629
2023-10-19 15:37:55,42,46,13121,42629
2023-10-19 15:37:56,42,47,13121,42629
2023-10-19 15:37:57,42,46,13121,42629
2023-10-19 15:37:59,42,47,13121,42629
2023-10-19 15:38:00,43,47,13121,42629
2023-10-19 15:38:02,43,48,13121,42629
2023-10-19 15:38:07,44,49,13121,42629
2023-10-19 15:38:07,45,49,13121,42629
2023-10-19 15:38:08,45,48,13121,42629
2023-10-19 15:38:08,44,48,13121,42629
2023-10-19 15:38:08,44,49,13121,42829
2023-10-19 15:38:09,45,49,13121,42829
2023-10-19 15:38:12,44,49,13121,42829
2023-10-19 15:38:12,44,48,13121,42829
2023-10-19 15:38:18,43,48,13121,42829
2023-10-19 15:38:18,43,47,13121,42829
2023-10-19 15:38:27,43,46,13121,42829
2023-10-19 15:38:28,42,46,13121,42829
2023-10-19 15:38:34,43,46,13121,42829
2023-10-19 15:38:34,43,47,13121,42829
2023-10-19 15:38:37,43,48,13221,43329
2023-10-19 15:38:37,44,48,13221,43329
2023-10-19 15:38:37,44,47,13221,43329
2023-10-19 15:38:38,45,47,13221,43329
2023-10-19 15:38:39,44,47,13221,43329
2023-10-19 15:38:41,45,47,13221,43329
2023-10-19 15:38:42,47,49,13296,43404
2023-10-19 15:38:42,47,50,13416,43524
2023-10-19 15:38:42,47,49,13416,43524
2023-10-19 15:38:42,47,50,13416,43524
2023-10-19 15:38:42,47,49,13416,43524
2023-10-19 15:38:43,46,49,13416,43524
2023-10-19 15:38:48,46,50,13446,43554
2023-10-19 15:38:48,47,50,13446,43554
2023-10-19 15:38:53,45,50,13446,43554
2023-10-19 15:38:53,46,50,13446,43554
2023-10-19 15:38:54,46,49,13446,43554
2023-10-19 15:39:02,48,49,13446,43554
2023-10-19 15:39:02,48,51,13446,43554
2023-10-19 15:39:05,49,51,13446,43554
2023-10-19 15:39:08,48,51,13446,43554
2023-10-19 15:39:10,49,51,13446,43554
2023-10-19 15:39:15,48,51,13446,43554
2023-10-19 15:39:18,49,51,13446,43554
2023-10-19 15:39:20,50,51,13446,43554
2023-10-19 15:39:20,50,54,13446,43554
2023-10-19 15:39:20,50,53,13446,43554
2023-10-19 15:39:22,51,53,13446,43554
2023-10-19 15:39:28,51,53,13446,43564
2023-10-19 15:39:31,52,53,13446,43564
2023-10-19 15:39:31,52,55,13446,43564
2023-10-19 15:39:31,52,54,13446,43564
2023-10-19 15:39:33,53,54,13446,43564
2023-10-19 15:39:34,53,56,13476,43594
2023-10-19 15:39:34,54,56,13476,43594
2023-10-19 15:39:34,54,55,13476,43594
2023-10-19 15:39:38,54,57,13496,43614
2023-10-19 15:39:40,56,57,13496,43614
2023-10-19 15:39:40,56,57,13506,43624
2023-10-19 15:39:46,56,59,13506,43624
2023-10-19 15:39:52,58,59,13506,43624
2023-10-19 15:39:52,58,59,13546,43664
2023-10-19 15:39:52,58,61,13546,43664
2023-10-19 15:39:59,59,61,13546,43664
2023-10-19 15:39:59,59,61,13566,43684
2023-10-19 15:40:02,60,61,13566,43684
2023-10-19 15:40:07,59,61,13566,43684
2023-10-19 15:40:07,59,60,13566,43684
2023-10-19 15:40:08,59,60,13451,43989
2023-10-19 15:40:16,59,60,13451,44014
2023-10-19 15:40:17,60,61,13456,44019
2023-10-19 15:40:17,60,62,13561,44124
2023-10-19 15:40:20,61,62,13561,44124
2023-10-19 15:40:23,61,65,13761,44324
2023-10-19 15:40:23,61,63,13761,44324
2023-10-19 15:40:26,62,63,13761,44324
2023-10-19 15:40:29,63,66,13811,44374
2023-10-19 15:40:29,63,67,13811,44374
2023-10-19 15:40:29,63,64,13811,44374
2023-10-19 15:40:32,64,67,13831,44394
2023-10-19 15:40:32,65,67,13831,44394
2023-10-19 15:40:32,66,68,13831,44394
2023-10-19 15:40:32,66,69,13831,44394
2023-10-19 15:40:38,67,69,13831,44394
2023-10-19 15:40:40,66,69,13831,44394
2023-10-19 15:40:41,67,69,13831,44394
2023-10-19 15:40:44,66,69,13831,44394
2023-10-19 15:41:01,66,68,13831,44394
2023-10-19 15:41:01,65,68,13831,44394
2023-10-19 15:41:01,65,66,13831,44394
2023-10-19 15:41:05,64,66,13831,44394
2023-10-19 15:41:05,63,66,13831,44394
2023-10-19 15:41:06,64,66,13831,44394
2023-10-19 15:41:08,65,66,13831,44394
2023-10-19 15:41:08,65,69,13861,44424
2023-10-19 15:41:09,65,68,13861,44424
2023-10-19 15:41:09,66,68,13861,44424
2023-10-19 15:41:09,66,67,13861,44424
2023-10-19 15:41:17,67,70,13881,44444
2023-10-19 15:41:17,67,69,13881,44444
2023-10-19 15:41:19,66,69,13881,44444
2023-10-19 15:41:20,67,69,13881,44444
2023-10-19 15:41:20,67,68,13881,44444
2023-10-19 15:41:23,66,68,13881,44444
2023-10-19 15:41:29,66,69,13881,44444
2023-10-19 15:41:29,66,67,13881,44444
2023-10-19 15:41:30,65,67,13881,44444
2023-10-19 15:41:32,66,67,13881,44444
2023-10-19 15:41:33,66,70,13891,44454
2023-10-19 15:41:34,66,69,13891,44454
2023-10-19 15:41:34,69,70,14026,44589
2023-10-19 15:41:34,69,71,14026,44589
2023-10-19 15:41:34,69,71,14036,44599
2023-10-19 15:41:39,68,71,14036,44599
2023-10-19 15:41:47,68,72,14036,44599
2023-10-19 15:41:47,69,72,14036,44599
2023-10-19 15:41:52,70,72,14036,44599
2023-10-19 15:41:54,71,72,14036,44599
2023-10-19 15:41:54,71,73,14036,44599
2023-10-19 15:41:54,71,72,14036,44599
2023-10-19 15:41:55,72,74,14086,44649
2023-10-19 15:41:55,72,75,14086,44649
2023-10-19 15:41:55,72,73,14086,44649
2023-10-19 15:41:58,73,75,14146,44709
2023-10-19 15:42:02,73,74,14146,44709
2023-10-19 15:42:04,72,74,14146,44709
2023-10-19 15:42:04,71,74,14146,44709
2023-10-19 15:42:04,71,75,14146,44709
2023-10-19 15:42:04,71,73,14146,44709
2023-10-19 15:42:07,72,73,14146,44709
2023-10-19 15:42:12,73,75,14186,44749
2023-10-19 15:42:12,73,74,14186,44749
2023-10-19 15:42:14,72,74,14186,44749
2023-10-19 15:42:16,71,74,14186,44749
2023-10-19 15:42:16,71,75,14186,44749
2023-10-19 15:42:16,71,73,14186,44749
2023-10-19 15:42:23,70,73,14186,44749
2023-10-19 15:42:24,70,72,14186,44749
2023-10-19 15:42:32,71,72,14186,44749
2023-10-19 15:42:32,71,74,14186,44749
2023-10-19 15:42:32,71,73,14186,44749
2023-10-19 15:42:34,72,73,14186,44749
2023-10-19 15:42:35,71,73,14186,44749
2023-10-19 15:42:36,72,73,14186,44749
2023-10-19 15:42:42,73,75,14206,44769
2023-10-19 15:42:42,73,74,14206,44769
2023-10-19 15:42:50,73,76,14206,44769
2023-10-19 15:42:50,73,75,14206,44769
2023-10-19 15:42:58,75,77,14236,44799
2023-10-19 15:43:00,76,77,14236,44799
2023-10-19 15:43:00,76,78,14236,44799
2023-10-19 15:43:00,76,78,14256,44819
2023-10-19 15:43:01,78,79,14331,44894
2023-10-19 15:43:01,78,80,14331,44894
2023-10-19 15:43:01,78,79,14331,44894
2023-10-19 15:43:01,78,79,14401,44964
2023-10-19 15:43:01,78,80,14401,44964
2023-10-19 15:43:02,79,80,14401,44964
2023-10-19 15:43:02,79,81,14401,44964
2023-10-19 15:43:02,79,81,14471,45034
2023-10-19 15:43:06,80,81,14471,45034
2023-10-19 15:43:06,80,82,14471,45034
2023-10-19 15:43:06,80,82,14531,45094
2023-10-19 15:43:10,81,82,14531,45094
2023-10-19 15:43:11,81,83,14531,45094
2023-10-19 15:43:11,81,83,14601,45164
2023-10-19 15:43:19,82,83,14601,45164
2023-10-19 15:43:19,82,84,14601,45164
2023-10-19 15:43:19,82,84,14621,45184
2023-10-19 15:43:26,83,84,14621,45184
2023-10-19 15:43:27,83,85,14621,45184
2023-10-19 15:43:27,83,85,14661,45224
2023-10-19 15:43:31,84,85,14661,45224
2023-10-19 15:43:48,84,85,14861,45424
2023-10-19 15:43:52,84,85,14906,45469
2023-10-19 15:43:59,83,85,14831,45544
2023-10-19 15:43:59,83,86,14831,45894
2023-10-19 15:44:00,84,86,14831,45894
2023-10-19 15:44:29,83,86,14831,46369
2023-10-19 15:44:29,83,85,14831,46369
2023-10-19 15:44:32,84,85,14831,46369
2023-10-19 15:44:45,83,85,14831,46369
2023-10-19 15:45:01,84,85,14831,46369
2023-10-19 15:45:06,84,86,14831,46369
2023-10-19 15:45:31,85,86,14831,46369
2023-10-19 15:45:48,85,87,14831,46494
2023-10-19 15:46:00,85,86,14831,46494
2023-10-19 15:46:38,85,86,14831,46579
2023-10-19 15:47:10,85,86,14821,46589
2023-10-19 15:47:35,84,86,14821,46589
2023-10-19 15:47:35,83,86,14821,46589
2023-10-19 15:47:36,83,85,14821,46589
2023-10-19 15:47:36,83,84,14821,46589
2023-10-19 15:47:36,81,84,14821,46589
2023-10-19 15:47:36,82,84,14821,46589
2023-10-19 15:47:44,82,83,14821,46589
2023-10-19 15:47:44,79,82,14821,46664
2023-10-19 15:47:44,81,82,14821,46664
2023-10-19 15:47:44,79,82,14821,46664
2023-10-19 15:47:46,80,83,14821,46664
2023-10-19 15:47:49,80,82,14821,46664
2023-10-19 15:47:50,80,83,14821,46664
2023-10-19 15:47:52,81,83,14821,46664
2023-10-19 15:47:56,81,84,14821,46664
2023-10-19 15:47:58,81,83,14821,46664
2023-10-19 15:47:59,80,83,14821,46664
2023-10-19 15:48:00,80,82,14821,46664
2023-10-19 15:48:01,80,83,14821,46664
2023-10-19 15:48:03,80,82,14821,46664
2023-10-19 15:48:06,79,82,14821,46664
2023-10-19 15:48:06,79,81,14821,46664
2023-10-19 15:48:07,77,79,14821,46739
2023-10-19 15:48:09,77,78,14821,46739
2023-10-19 15:48:13,74,77,14821,46814
2023-10-19 15:48:13,74,76,14821,46814
2023-10-19 15:48:13,73,76,14821,46814
2023-10-19 15:48:16,73,74,14821,46814
2023-10-19 15:48:16,72,74,14821,46814
2023-10-19 15:48:18,72,76,14821,46814
2023-10-19 15:48:19,73,76,14821,46814
2023-10-19 15:48:20,73,77,14821,46814
2023-10-19 15:48:20,74,77,14821,46814
2023-10-19 15:48:21,74,78,14821,46814
2023-10-19 15:48:24,74,77,14821,46814
2023-10-19 15:48:24,73,77,14821,46814
2023-10-19 15:48:25,73,76,14821,46814
2023-10-19 15:48:28,74,76,14821,46814
2023-10-19 15:48:30,74,78,14821,46814
2023-10-19 15:48:30,77,78,14821,46814
2023-10-19 15:48:41,74,77,14811,46824
2023-10-19 15:48:42,74,76,14811,46824
2023-10-19 15:48:42,74,77,14811,46824
2023-10-19 15:48:43,73,77,14811,46824
2023-10-19 15:48:44,74,77,14811,46824
2023-10-19 15:48:50,74,78,14811,46824
2023-10-19 15:48:50,76,78,14811,46824
2023-10-19 15:48:50,76,79,14811,46824
2023-10-19 15:48:52,74,79,14811,46824
2023-10-19 15:48:53,74,79,14811,46824
2023-10-19 15:48:53,74,77,14811,46824
2023-10-19 15:48:54,73,77,14811,46824
2023-10-19 15:48:54,73,76,14811,46824
2023-10-19 15:48:54,72,76,14811,46824
2023-10-19 15:48:55,72,77,14811,46824
2023-10-19 15:48:55,72,76,14811,46824
2023-10-19 15:48:56,73,76,14811,46824
2023-10-19 15:49:00,73,77,14811,46824
2023-10-19 15:49:00,76,77,14811,46824
2023-10-19 15:49:00,76,78,14811,46824
2023-10-19 15:49:00,76,79,14811,46824
2023-10-19 15:49:01,77,79,14811,46824
2023-10-19 15:49:03,76,79,14811,46824
2023-10-19 15:49:06,77,79,14811,46824
2023-10-19 15:49:11,76,79,14811,46824
2023-10-19 15:49:15,74,79,14811,46824
2023-10-19 15:49:15,74,77,14811,46824
2023-10-19 15:49:15,72,76,14811,46824
2023-10-19 15:49:16,71,76,14811,46824
2023-10-19 15:49:16,71,75,14811,46824
2023-10-19 15:49:17,71,73,14811,46824
2023-10-19 15:49:17,70,73,14811,46824
2023-10-19 15:49:18,69,73,14811,46824
2023-10-19 15:49:18,69,70,14811,46824
2023-10-19 15:49:18,67,70,14811,46824
2023-10-19 15:49:19,67,69,14811,46824
2023-10-19 15:49:19,66,69,14811,46824
2023-10-19 15:49:21,66,68,14811,46824
2023-10-19 15:49:21,65,68,14811,46824
2023-10-19 15:49:22,65,69,14811,46824
2023-10-19 15:49:22,66,69,14811,46824
2023-10-19 15:49:23,66,70,14811,47024
2023-10-19 15:49:23,66,71,14811,47224
2023-10-19 15:49:24,66,72,14811,47224
2023-10-19 15:49:24,71,72,14811,47224
2023-10-19 15:49:24,71,73,14811,47224
2023-10-19 15:49:24,71,74,14811,47224
2023-10-19 15:49:24,71,75,14811,47224
2023-10-19 15:49:24,71,74,14811,47224
2023-10-19 15:49:26,72,74,14811,47224
2023-10-19 15:49:27,72,75,14811,47224
2023-10-19 15:49:28,73,75,14811,47224
2023-10-19 15:49:29,71,75,14811,47224
2023-10-19 15:49:29,71,74,14811,47224
2023-10-19 15:49:29,71,73,14811,47224
2023-10-19 15:49:30,70,73,14811,47224
2023-10-19 15:49:30,70,72,14811,47224
2023-10-19 15:49:33,68,72,14811,47224
