datetime,bid,ask,open_interest,volume
2023-06-07 09:30:48,18,20,588,1804
2023-06-07 09:30:56,16,20,637,1853
2023-06-07 09:31:03,10,14,671,1887
2023-06-07 09:31:03,12,14,671,1887
2023-06-07 09:31:08,13,14,671,1887
2023-06-07 09:31:24,12,14,671,1887
2023-06-07 09:31:26,12,14,671,1901
2023-06-07 09:31:37,13,14,671,1901
2023-06-07 09:31:38,12,13,684,1914
2023-06-07 09:31:40,10,13,837,2114
2023-06-07 09:31:43,11,13,837,2114
2023-06-07 09:31:45,10,13,837,2114
2023-06-07 09:31:46,11,13,837,2114
2023-06-07 09:31:52,10,13,837,2114
2023-06-07 09:31:53,12,13,837,2114
2023-06-07 09:32:02,10,12,837,2139
2023-06-07 09:32:04,11,12,837,2139
2023-06-07 09:32:19,10,12,892,2339
2023-06-07 09:32:36,10,11,892,2339
2023-06-07 09:32:37,9,10,892,2439
2023-06-07 09:33:10,8,9,932,2479
2023-06-07 09:33:18,7,9,932,2479
2023-06-07 09:33:50,8,9,932,2479
2023-06-07 09:33:56,9,10,932,2679
2023-06-07 09:34:04,9,10,1132,2879
2023-06-07 09:34:07,8,10,1132,2879
2023-06-07 09:34:07,7,10,1132,2879
2023-06-07 09:34:07,8,10,1132,2879
2023-06-07 09:34:07,8,9,1132,2879
2023-06-07 09:34:22,7,8,1282,3029
2023-06-07 09:34:22,7,9,1282,3029
2023-06-07 09:34:23,7,8,1282,3029
2023-06-07 09:34:23,6,8,1282,3029
2023-06-07 09:34:34,6,7,1282,3029
2023-06-07 09:34:48,6,8,1282,3079
2023-06-07 09:34:58,7,8,1282,3079
2023-06-07 09:35:35,7,8,1282,3179
2023-06-07 09:35:53,7,8,1322,3219
2023-06-07 09:35:56,6,7,1422,3319
2023-06-07 09:36:00,6,8,1462,3359
2023-06-07 09:36:03,7,8,1462,3359
2023-06-07 09:36:26,7,8,1462,3559
2023-06-07 09:36:55,7,8,1466,3563
2023-06-07 09:39:10,7,8,1466,3586
2023-06-07 09:39:32,7,8,1546,3666
2023-06-07 09:39:32,7,8,1626,3746
2023-06-07 09:39:46,8,9,1603,3809
2023-06-07 09:39:46,7,9,1691,3946
2023-06-07 09:39:57,8,9,1691,3946
2023-06-07 09:40:07,9,11,1777,4032
2023-06-07 09:40:07,9,10,1777,4032
2023-06-07 09:40:27,9,10,1852,4107
2023-06-07 09:40:34,9,10,1852,4207
2023-06-07 09:40:53,8,10,1852,4207
2023-06-07 09:40:54,8,9,1852,4207
2023-06-07 09:40:59,7,9,1852,4207
2023-06-07 09:41:00,8,9,1852,4207
2023-06-07 09:41:35,7,8,1766,4305
2023-06-07 09:42:32,7,9,1766,4305
2023-06-07 09:42:58,7,8,1766,4305
2023-06-07 09:43:05,7,8,1756,4365
2023-06-07 09:43:16,6,7,1726,4521
2023-06-07 09:44:15,6,7,1786,4581
2023-06-07 09:45:07,6,7,1896,4691
2023-06-07 09:47:35,5,6,1896,4871
2023-06-07 09:48:55,5,7,1730,5037
2023-06-07 09:48:58,6,7,1730,5037
2023-06-07 09:49:20,6,8,1896,5253
2023-06-07 09:49:33,7,8,1896,5253
2023-06-07 09:49:36,7,8,2046,5403
2023-06-07 09:49:54,7,8,2116,5473
2023-06-07 09:51:09,6,8,2116,5473
2023-06-07 09:51:10,6,7,2116,5473
2023-06-07 09:51:45,5,6,1950,5673
2023-06-07 09:52:31,6,7,1984,5741
2023-06-07 09:53:39,6,7,2110,5901
2023-06-07 09:53:41,7,8,2110,5935
2023-06-07 09:54:06,8,9,2144,5975
2023-06-07 09:54:14,8,10,2144,6021
2023-06-07 09:54:19,9,10,2144,6021
2023-06-07 09:54:57,9,10,1832,6354
2023-06-07 09:55:02,10,11,1851,6394
2023-06-07 09:55:42,9,11,1851,6394
2023-06-07 09:55:48,9,11,1851,6397
2023-06-07 09:56:11,9,10,1851,6397
2023-06-07 09:56:17,9,11,1851,6397
2023-06-07 09:56:41,10,11,1851,6397
2023-06-07 09:56:46,10,12,1891,6437
2023-06-07 09:56:49,11,12,1891,6437
2023-06-07 09:56:50,11,13,1891,6437
2023-06-07 09:56:55,12,13,1891,6437
2023-06-07 09:57:39,12,13,1860,6508
2023-06-07 09:58:44,11,12,1820,6548
2023-06-07 09:58:49,11,13,1820,6548
2023-06-07 09:58:54,11,12,1820,6548
2023-06-07 09:58:55,11,13,1820,6548
2023-06-07 09:58:56,11,12,1820,6548
2023-06-07 09:58:58,11,13,1820,6548
2023-06-07 09:58:58,11,12,1820,6548
2023-06-07 10:00:44,10,11,1780,6588
2023-06-07 10:01:00,9,10,1761,6628
2023-06-07 10:01:32,9,10,1961,6828
2023-06-07 10:01:34,10,12,1961,6858
2023-06-07 10:02:20,11,12,1961,6858
2023-06-07 10:02:24,11,12,2161,7058
2023-06-07 10:02:24,12,13,2161,7088
2023-06-07 10:02:24,13,14,2152,7097
2023-06-07 10:02:24,13,14,2152,7117
2023-06-07 10:02:34,12,13,2106,7163
2023-06-07 10:03:00,13,14,2166,7223
2023-06-07 10:03:03,12,14,2166,7223
2023-06-07 10:03:19,13,14,2166,7223
2023-06-07 10:03:21,14,15,2196,7253
2023-06-07 10:03:22,15,16,2156,7293
2023-06-07 10:03:33,16,18,2261,7398
2023-06-07 10:03:34,17,18,2261,7398
2023-06-07 10:03:45,17,18,2061,7598
2023-06-07 10:03:50,15,17,2036,7623
2023-06-07 10:04:03,15,16,2036,7623
2023-06-07 10:05:15,14,15,2006,7653
2023-06-07 10:05:31,14,15,2006,7733
2023-06-07 10:05:33,14,15,1960,7933
2023-06-07 10:05:40,13,15,2001,8133
2023-06-07 10:05:42,12,15,2001,8133
2023-06-07 10:05:42,12,14,2001,8133
2023-06-07 10:05:59,13,14,2001,8133
2023-06-07 10:06:04,12,14,2001,8133
2023-06-07 10:06:14,13,14,2001,8133
2023-06-07 10:07:43,12,14,2001,8133
2023-06-07 10:07:45,13,14,2001,8133
2023-06-07 10:08:08,12,14,2001,8133
2023-06-07 10:08:18,13,14,2001,8133
2023-06-07 10:08:29,12,14,2001,8133
2023-06-07 10:08:32,13,14,2001,8133
2023-06-07 10:08:44,12,14,2001,8133
2023-06-07 10:08:50,13,14,2001,8133
2023-06-07 10:08:52,12,14,2001,8133
2023-06-07 10:09:00,13,14,2001,8133
2023-06-07 10:09:14,12,14,2001,8133
2023-06-07 10:09:15,13,14,2001,8133
2023-06-07 10:09:22,12,14,2001,8133
2023-06-07 10:09:41,13,14,2001,8133
2023-06-07 10:10:01,13,14,1990,8303
2023-06-07 10:10:03,14,15,1990,8313
2023-06-07 10:10:09,14,15,2036,8563
2023-06-07 10:10:26,12,15,2036,8563
2023-06-07 10:10:27,13,15,2036,8563
2023-06-07 10:10:27,13,14,2036,8563
2023-06-07 10:10:51,11,13,2036,8593
2023-06-07 10:11:06,11,13,2536,9093
2023-06-07 10:11:36,12,13,2536,9093
2023-06-07 10:11:45,12,14,2536,9093
2023-06-07 10:11:45,12,15,2536,9093
2023-06-07 10:11:46,13,15,2536,9093
2023-06-07 10:11:49,13,14,2536,9093
2023-06-07 10:12:44,12,14,2536,9093
2023-06-07 10:12:45,14,15,2536,9123
2023-06-07 10:13:42,13,15,2536,9123
2023-06-07 10:13:49,14,15,2536,9123
2023-06-07 10:14:00,15,16,2566,9153
2023-06-07 10:14:08,16,17,2566,9183
2023-06-07 10:14:08,16,17,2566,9213
2023-06-07 10:15:06,17,18,2526,9283
2023-06-07 10:15:13,17,19,2556,9341
2023-06-07 10:15:15,18,19,2556,9341
2023-06-07 10:15:17,18,19,2952,9741
2023-06-07 10:15:19,18,19,3052,9841
2023-06-07 10:15:21,20,21,3047,9876
2023-06-07 10:15:34,20,21,3047,9976
2023-06-07 10:15:35,20,21,3177,10106
2023-06-07 10:15:35,22,23,2877,10466
2023-06-07 10:15:35,20,23,2892,10496
2023-06-07 10:15:35,20,21,2892,10496
2023-06-07 10:15:43,20,21,2892,10596
2023-06-07 10:15:44,20,23,2922,10678
2023-06-07 10:15:50,21,23,2922,10678
2023-06-07 10:15:50,21,23,2947,10703
2023-06-07 10:15:50,21,23,2972,10728
2023-06-07 10:15:52,22,23,2972,10728
2023-06-07 10:15:54,21,23,2972,10728
2023-06-07 10:15:58,22,23,2972,10728
2023-06-07 10:16:01,22,24,3002,10758
2023-06-07 10:16:05,21,24,3002,10758
2023-06-07 10:16:18,21,23,3002,10758
2023-06-07 10:16:27,21,22,3002,10758
2023-06-07 10:16:28,21,23,3002,10758
2023-06-07 10:16:29,21,22,3002,10758
2023-06-07 10:16:36,20,22,3002,10758
2023-06-07 10:16:38,21,22,3002,10758
2023-06-07 10:16:38,21,22,3002,10908
2023-06-07 10:16:39,21,22,3002,11048
2023-06-07 10:16:44,21,23,3002,11048
2023-06-07 10:16:44,21,22,3002,11048
2023-06-07 10:16:58,20,21,2962,11088
2023-06-07 10:17:19,19,20,2842,11208
2023-06-07 10:17:20,19,21,2842,11208
2023-06-07 10:17:31,19,21,3283,11708
2023-06-07 10:17:59,19,20,3283,11708
2023-06-07 10:18:35,19,20,3382,11908
2023-06-07 10:18:39,20,21,3382,11938
2023-06-07 10:19:38,21,22,3382,11968
2023-06-07 10:20:41,19,22,3382,11968
2023-06-07 10:20:43,20,22,3382,11968
2023-06-07 10:20:56,21,22,3382,11968
2023-06-07 10:21:04,21,22,3582,12168
2023-06-07 10:21:04,21,23,3637,12223
2023-06-07 10:21:06,23,24,3637,12283
2023-06-07 10:21:06,23,24,3637,12403
2023-06-07 10:21:06,21,24,3637,12523
2023-06-07 10:21:11,21,23,3637,12523
2023-06-07 10:21:18,21,24,3637,12523
2023-06-07 10:21:25,21,23,3637,12523
2023-06-07 10:21:44,21,22,3637,12523
2023-06-07 10:22:17,21,23,3637,12523
2023-06-07 10:22:18,21,22,3637,12523
2023-06-07 10:22:22,21,23,3637,12523
2023-06-07 10:22:35,21,24,3637,12523
2023-06-07 10:22:38,22,24,3637,12523
2023-06-07 10:22:40,22,23,3637,12523
2023-06-07 10:22:42,22,24,3637,12523
2023-06-07 10:23:02,23,24,3637,12523
2023-06-07 10:23:04,23,24,3737,12623
2023-06-07 10:23:05,23,24,3937,12823
2023-06-07 10:23:06,25,26,3933,12857
2023-06-07 10:23:22,25,26,3933,12957
2023-06-07 10:23:23,25,26,3933,13057
2023-06-07 10:23:24,25,26,4033,13157
2023-06-07 10:23:36,25,27,4038,13162
2023-06-07 10:23:37,25,27,3739,13462
2023-06-07 10:23:49,26,27,3739,13462
2023-06-07 10:24:02,26,28,3769,13492
2023-06-07 10:24:04,26,27,3769,13492
2023-06-07 10:24:06,26,28,3769,13496
2023-06-07 10:24:10,27,28,3769,13496
2023-06-07 10:24:10,27,28,3798,13526
2023-06-07 10:24:12,28,29,3828,13556
2023-06-07 10:24:12,27,29,3998,13726
2023-06-07 10:24:16,28,29,3998,13726
2023-06-07 10:24:18,29,31,4328,14056
2023-06-07 10:24:18,30,31,4328,14056
2023-06-07 10:24:18,30,31,4328,14138
2023-06-07 10:24:31,28,30,4185,14281
2023-06-07 10:24:32,28,31,4185,14281
2023-06-07 10:24:35,29,31,4185,14281
2023-06-07 10:25:03,30,31,4185,14281
2023-06-07 10:25:04,30,32,4215,14311
2023-06-07 10:25:05,30,33,3915,14611
2023-06-07 10:25:06,31,33,3915,14611
2023-06-07 10:25:06,31,33,4015,14711
2023-06-07 10:25:07,30,33,4015,14711
2023-06-07 10:25:13,31,33,4015,14711
2023-06-07 10:25:26,32,33,4015,14711
2023-06-07 10:25:27,32,34,4045,14741
2023-06-07 10:25:36,33,34,4045,14741
2023-06-07 10:25:39,32,34,4245,14941
2023-06-07 10:25:40,32,34,4445,15141
2023-06-07 10:25:41,32,34,4615,15341
2023-06-07 10:25:42,31,34,4615,15341
2023-06-07 10:25:42,31,32,4615,15341
2023-06-07 10:25:42,31,34,4615,15341
2023-06-07 10:25:43,31,34,4815,15541
2023-06-07 10:25:44,31,34,5015,15741
2023-06-07 10:25:45,32,34,5015,15741
2023-06-07 10:25:49,31,34,5015,15741
2023-06-07 10:25:50,31,33,5015,15741
2023-06-07 10:25:51,31,33,5015,15841
2023-06-07 10:25:52,31,34,5015,15891
2023-06-07 10:25:55,31,33,5015,15891
2023-06-07 10:25:57,31,33,5015,15991
2023-06-07 10:25:58,31,34,5015,15991
2023-06-07 10:26:00,31,33,5015,15991
2023-06-07 10:26:03,31,33,5015,16091
2023-06-07 10:26:03,31,34,5015,16091
2023-06-07 10:26:04,31,33,5015,16091
2023-06-07 10:26:05,30,33,5015,16091
2023-06-07 10:26:06,30,33,5015,16191
2023-06-07 10:26:08,30,32,5015,16191
2023-06-07 10:26:09,30,33,4790,16416
2023-06-07 10:26:09,31,33,4790,16416
2023-06-07 10:26:09,31,32,4790,16416
2023-06-07 10:26:11,31,33,4622,16641
2023-06-07 10:26:30,31,32,4622,16641
2023-06-07 10:26:32,31,33,4622,16641
2023-06-07 10:26:35,31,32,4622,16641
2023-06-07 10:27:06,31,32,4695,16741
2023-06-07 10:27:08,31,33,4745,16791
2023-06-07 10:27:16,32,33,4745,16791
2023-06-07 10:27:18,32,34,4775,16821
2023-06-07 10:28:10,32,33,4775,16821
2023-06-07 10:28:10,32,34,4575,17021
2023-06-07 10:28:36,33,34,4575,17021
2023-06-07 10:28:37,34,35,4560,17096
2023-06-07 10:28:45,32,34,4512,17171
2023-06-07 10:28:45,34,35,4471,17296
2023-06-07 10:28:45,32,35,4471,17296
2023-06-07 10:28:47,32,34,4471,17296
2023-06-07 10:29:26,32,33,4471,17296
2023-06-07 10:29:32,32,34,4471,17296
2023-06-07 10:29:36,32,33,4471,17296
2023-06-07 10:29:52,30,33,4351,17566
2023-06-07 10:30:01,31,33,4351,17566
2023-06-07 10:30:24,31,32,4351,17566
2023-06-07 10:30:33,31,32,4551,17766
2023-06-07 10:30:34,30,32,4551,17866
2023-06-07 10:30:35,30,31,4551,17866
2023-06-07 10:31:04,30,32,4551,17866
2023-06-07 10:31:05,29,32,4176,18241
2023-06-07 10:31:05,29,31,4176,18241
2023-06-07 10:31:59,29,30,4176,18241
2023-06-07 10:32:05,28,29,4146,18271
2023-06-07 10:32:20,28,29,4174,18371
2023-06-07 10:32:21,28,29,4274,18471
2023-06-07 10:32:22,28,29,4374,18571
2023-06-07 10:32:24,28,31,4404,18601
2023-06-07 10:32:44,28,30,4404,18601
2023-06-07 10:33:19,29,30,4404,18601
2023-06-07 10:33:20,28,30,4404,18601
2023-06-07 10:33:22,29,30,4404,18601
2023-06-07 10:33:23,28,30,4404,18601
2023-06-07 10:33:30,29,30,4404,18601
2023-06-07 10:33:32,28,30,4404,18601
2023-06-07 10:33:34,29,30,4404,18601
2023-06-07 10:33:41,28,30,4404,18601
2023-06-07 10:34:15,29,30,4404,18601
2023-06-07 10:34:18,29,31,4434,18634
2023-06-07 10:34:20,30,31,4434,18634
2023-06-07 10:34:27,31,33,4434,18664
2023-06-07 10:34:29,31,33,4430,18668
2023-06-07 10:34:40,31,32,4430,18668
2023-06-07 10:34:46,31,33,4430,18673
2023-06-07 10:34:47,31,33,4601,18873
2023-06-07 10:34:49,32,35,4656,18928
2023-06-07 10:34:50,34,35,4656,18928
2023-06-07 10:34:50,32,35,4656,19003
2023-06-07 10:35:02,33,35,4656,19003
2023-06-07 10:35:05,34,35,4656,19003
2023-06-07 10:35:08,36,37,4656,19033
2023-06-07 10:35:22,37,38,4656,19063
2023-06-07 10:35:22,36,38,4656,19063
2023-06-07 10:35:24,38,39,4485,19263
2023-06-07 10:35:44,38,39,4485,19267
2023-06-07 10:35:51,38,39,4485,19467
2023-06-07 10:35:53,39,40,4485,19493
2023-06-07 10:35:53,38,40,4485,19493
2023-06-07 10:36:07,38,40,4485,19693
2023-06-07 10:36:08,38,40,4485,19893
2023-06-07 10:36:11,39,40,4485,19893
2023-06-07 10:36:21,38,40,4485,19893
2023-06-07 10:36:50,39,40,4485,19893
2023-06-07 10:37:00,40,41,4485,19998
2023-06-07 10:37:00,39,41,4485,19998
2023-06-07 10:37:01,40,41,4485,19998
2023-06-07 10:37:42,41,42,4485,20028
2023-06-07 10:37:43,40,42,4485,20028
2023-06-07 10:37:56,41,42,4485,20028
2023-06-07 10:38:54,40,42,4485,20028
2023-06-07 10:38:56,41,42,4485,20028
2023-06-07 10:39:32,40,41,4485,20103
2023-06-07 10:39:54,39,41,4455,20133
2023-06-07 10:39:54,39,40,4455,20133
2023-06-07 10:40:05,37,39,4455,20193
2023-06-07 10:40:11,38,39,4455,20193
2023-06-07 10:40:51,39,41,4455,20313
2023-06-07 10:40:52,38,41,4455,20313
2023-06-07 10:41:01,39,41,4455,20313
2023-06-07 10:41:02,38,41,4455,20313
2023-06-07 10:41:04,38,40,4455,20313
2023-06-07 10:41:11,39,40,4455,20313
2023-06-07 10:41:29,38,40,4455,20313
2023-06-07 10:41:32,39,40,4455,20313
2023-06-07 10:41:41,38,40,4455,20313
2023-06-07 10:41:50,39,40,4455,20313
2023-06-07 10:41:58,38,40,4455,20313
2023-06-07 10:42:23,39,40,4455,20313
2023-06-07 10:42:39,40,41,4455,20493
2023-06-07 10:42:40,39,41,4455,20493
2023-06-07 10:42:45,40,41,4455,20493
2023-06-07 10:43:01,41,42,4455,20523
2023-06-07 10:43:41,41,43,5455,21523
2023-06-07 10:44:07,42,43,5455,21523
2023-06-07 10:44:07,42,43,5455,21618
2023-06-07 10:44:07,42,43,5455,21713
2023-06-07 10:45:26,41,43,5455,21913
2023-06-07 10:47:01,43,44,5455,21973
2023-06-07 10:47:02,41,44,5455,21973
2023-06-07 10:47:02,42,44,5455,21973
2023-06-07 10:48:07,42,44,5455,22003
2023-06-07 10:48:08,41,44,5455,22003
2023-06-07 10:48:19,42,44,5455,22003
2023-06-07 10:49:12,42,44,5481,22203
2023-06-07 10:49:14,43,44,5481,22203
2023-06-07 10:49:16,43,44,5681,22403
2023-06-07 10:49:19,44,45,5781,22503
2023-06-07 10:49:19,43,45,5781,22503
2023-06-07 10:51:07,43,45,5781,22533
2023-06-07 10:52:29,43,45,5781,22633
2023-06-07 10:52:29,43,45,5781,22733
2023-06-07 10:52:42,42,43,5781,23033
2023-06-07 10:53:35,42,43,5981,23233
2023-06-07 10:53:35,42,43,5981,23483
2023-06-07 10:53:35,42,43,5981,23593
2023-06-07 10:53:36,42,43,6181,23793
2023-06-07 10:53:43,43,44,6190,23802
2023-06-07 10:53:43,42,44,6190,23802
2023-06-07 10:55:11,42,43,6190,23802
2023-06-07 10:58:59,42,43,6190,23832
2023-06-07 10:59:20,43,44,6250,23894
2023-06-07 10:59:20,42,44,6250,23894
2023-06-07 11:00:37,43,44,6250,23894
2023-06-07 11:02:00,44,45,6280,23928
2023-06-07 11:02:00,43,45,6280,23928
2023-06-07 11:03:28,44,45,6280,23928
2023-06-07 11:04:02,44,45,6280,23958
2023-06-07 11:04:04,43,45,6280,23958
2023-06-07 11:04:04,44,45,6280,23958
2023-06-07 11:05:07,43,45,6280,23958
2023-06-07 11:06:11,44,45,6280,23958
2023-06-07 11:07:05,44,45,6280,24058
2023-06-07 11:10:09,45,46,6286,24093
2023-06-07 11:12:49,45,46,6286,24233
2023-06-07 11:13:11,44,46,6286,24233
2023-06-07 11:13:11,45,46,6286,24233
2023-06-07 11:13:11,45,46,6286,24238
2023-06-07 11:14:11,44,46,6286,24238
2023-06-07 11:14:11,45,46,6286,24238
2023-06-07 11:14:24,45,46,6376,24328
2023-06-07 11:15:44,44,46,6376,24328
2023-06-07 11:15:44,44,46,6576,24528
2023-06-07 11:15:45,45,46,6576,24528
2023-06-07 11:15:45,45,46,6576,24558
2023-06-07 11:15:45,45,46,6576,24588
2023-06-07 11:15:46,44,46,6576,24588
2023-06-07 11:16:26,45,46,6576,24588
2023-06-07 11:17:23,44,46,6576,24588
2023-06-07 11:17:23,45,46,6576,24588
2023-06-07 11:17:52,45,46,6576,24633
2023-06-07 11:18:15,44,46,6576,24633
2023-06-07 11:18:41,45,46,6576,24633
2023-06-07 11:18:42,45,46,6571,24638
2023-06-07 11:19:18,46,47,6601,24674
2023-06-07 11:19:18,45,47,6601,24674
2023-06-07 11:19:24,46,47,6601,24674
2023-06-07 11:19:56,46,47,6605,24678
2023-06-07 11:20:39,45,47,6605,24678
2023-06-07 11:20:39,46,47,6605,24678
2023-06-07 11:21:23,45,47,6705,24778
2023-06-07 11:21:49,45,46,6705,24778
2023-06-07 11:22:28,46,47,6705,24781
2023-06-07 11:22:28,46,47,6795,24871
2023-06-07 11:23:03,45,47,6795,24871
2023-06-07 11:23:04,46,47,6795,24871
2023-06-07 11:23:04,46,47,6825,24901
2023-06-07 11:23:04,45,47,6895,24971
2023-06-07 11:24:07,46,47,6895,24971
2023-06-07 11:25:20,46,47,7228,25304
2023-06-07 11:25:37,47,48,7258,25341
2023-06-07 11:25:37,46,48,7258,25341
2023-06-07 11:26:07,46,48,7258,25371
2023-06-07 11:26:13,46,48,7258,25541
2023-06-07 11:26:38,47,48,7258,25541
2023-06-07 11:27:25,46,48,7258,25541
2023-06-07 11:27:25,47,48,7258,25541
2023-06-07 11:28:05,46,48,7258,25541
2023-06-07 11:29:08,47,48,7258,25541
2023-06-07 11:30:09,46,48,7258,25541
2023-06-07 11:30:09,47,48,7258,25541
2023-06-07 11:30:39,46,48,7258,25541
2023-06-07 11:30:39,47,48,7258,25541
2023-06-07 11:31:01,46,48,7258,25541
2023-06-07 11:31:01,46,47,7258,25541
2023-06-07 11:31:28,47,48,7158,25641
2023-06-07 11:31:28,46,48,7158,25741
2023-06-07 11:31:28,46,47,7158,25741
2023-06-07 11:32:01,47,48,7158,25791
2023-06-07 11:32:06,48,49,7218,25859
2023-06-07 11:32:06,47,49,7250,25891
2023-06-07 11:33:06,47,49,7250,25939
2023-06-07 11:33:06,47,48,7250,25939
2023-06-07 11:33:06,46,47,7250,25951
2023-06-07 11:34:50,47,48,7250,25987
2023-06-07 11:35:36,48,49,7250,26017
2023-06-07 11:35:37,47,49,7250,26017
2023-06-07 11:35:46,48,49,7250,26017
2023-06-07 11:36:51,49,50,7280,26056
2023-06-07 11:38:04,49,51,7540,26331
2023-06-07 11:38:46,49,51,7540,26361
2023-06-07 11:38:46,50,51,7540,26361
2023-06-07 11:43:38,49,51,7540,26361
2023-06-07 11:44:11,49,50,7540,26361
2023-06-07 11:45:09,49,51,7540,26361
2023-06-07 11:45:11,49,50,7540,26361
2023-06-07 11:45:34,49,51,7540,26361
2023-06-07 11:46:59,50,51,7540,26361
2023-06-07 11:47:58,49,51,7540,26361
2023-06-07 11:47:58,50,51,7540,26361
2023-06-07 11:48:45,49,51,7540,26361
2023-06-07 11:48:45,50,51,7540,26361
2023-06-07 11:49:09,49,51,7540,26361
2023-06-07 11:50:49,49,52,7974,26795
2023-06-07 11:50:50,50,52,7974,26795
2023-06-07 11:51:18,50,51,7974,26795
2023-06-07 11:51:18,49,51,7974,26825
2023-06-07 11:51:26,49,51,7974,26875
2023-06-07 11:51:26,49,50,7974,26875
2023-06-07 11:51:26,49,51,7974,26875
2023-06-07 11:51:45,49,50,7974,26875
2023-06-07 11:51:45,48,50,7974,26915
2023-06-07 11:51:45,48,49,7974,26915
2023-06-07 11:52:06,47,49,7974,26955
2023-06-07 11:52:10,47,48,7974,26955
2023-06-07 11:52:10,47,48,7974,27155
2023-06-07 11:52:10,47,49,7974,27155
2023-06-07 11:52:11,47,48,7974,27155
2023-06-07 11:52:11,46,47,7974,27185
2023-06-07 11:52:18,46,47,7774,27385
2023-06-07 11:52:19,45,47,7574,27585
2023-06-07 11:53:44,46,47,7574,27585
2023-06-07 11:54:26,46,47,7634,27785
2023-06-07 11:54:31,46,47,7634,27985
2023-06-07 11:54:49,46,48,7634,27985
2023-06-07 11:56:15,46,47,7634,27985
2023-06-07 11:56:18,46,47,7604,28085
2023-06-07 11:56:19,46,48,7604,28085
2023-06-07 11:56:27,45,48,7604,28085
2023-06-07 11:56:30,45,47,7604,28085
2023-06-07 11:56:33,45,46,7604,28085
2023-06-07 11:56:33,45,46,7604,28125
2023-06-07 11:57:07,45,46,7404,28325
2023-06-07 11:57:09,45,47,7204,28525
2023-06-07 11:58:00,45,46,7204,28525
2023-06-07 11:58:00,45,46,7204,28595
2023-06-07 11:58:00,45,47,7204,28595
2023-06-07 11:58:00,45,46,7204,28595
2023-06-07 11:58:05,45,47,7204,28595
2023-06-07 11:58:28,45,46,7204,28595
2023-06-07 11:58:35,45,46,7234,28795
2023-06-07 11:58:35,43,46,7234,28795
2023-06-07 11:58:35,44,46,7234,28795
2023-06-07 11:58:35,44,45,7234,28795
2023-06-07 11:58:35,44,45,7264,28825
2023-06-07 11:59:09,43,45,7334,28895
2023-06-07 11:59:48,43,44,7334,28895
2023-06-07 11:59:48,43,44,7384,29145
2023-06-07 11:59:48,43,44,7404,29165
2023-06-07 11:59:48,43,45,7404,29165
2023-06-07 11:59:49,43,45,7424,29185
2023-06-07 12:00:23,44,45,7424,29185
2023-06-07 12:00:23,43,45,7424,29385
2023-06-07 12:00:23,44,45,7424,29385
2023-06-07 12:00:23,43,45,7574,29535
2023-06-07 12:00:23,44,45,7574,29535
2023-06-07 12:00:23,43,45,7574,29535
2023-06-07 12:00:24,43,44,7574,29535
2023-06-07 12:00:29,44,45,7574,29565
2023-06-07 12:00:35,45,46,7604,29595
2023-06-07 12:00:35,45,46,7634,29625
2023-06-07 12:00:46,45,47,7664,29805
2023-06-07 12:01:35,46,47,7664,29805
2023-06-07 12:01:49,45,47,7664,29805
2023-06-07 12:02:00,46,47,7664,29805
2023-06-07 12:02:05,47,48,7724,29865
2023-06-07 12:02:20,47,48,7724,29965
2023-06-07 12:02:22,47,48,7724,30065
2023-06-07 12:02:24,47,48,7724,30165
2023-06-07 12:02:26,46,48,7724,30205
2023-06-07 12:02:27,45,48,7724,30205
2023-06-07 12:02:35,45,47,7724,30205
2023-06-07 12:03:17,46,47,7724,30205
2023-06-07 12:03:20,47,48,7724,30305
2023-06-07 12:03:20,46,48,7724,30305
2023-06-07 12:03:35,47,48,7724,30305
2023-06-07 12:04:27,47,49,7754,30335
2023-06-07 12:04:36,48,49,7754,30335
2023-06-07 12:05:32,48,49,7954,30535
2023-06-07 12:05:33,47,49,7954,30535
2023-06-07 12:05:38,48,49,7954,30535
2023-06-07 12:06:36,47,49,7954,30535
2023-06-07 12:06:38,48,49,7954,30535
2023-06-07 12:07:19,48,49,7964,30545
2023-06-07 12:07:34,47,49,7964,30545
2023-06-07 12:07:38,48,49,7964,30545
2023-06-07 12:08:14,47,49,7964,30545
2023-06-07 12:08:14,47,49,7964,30575
2023-06-07 12:08:17,47,49,7974,30585
2023-06-07 12:08:40,48,49,7974,30585
2023-06-07 12:08:48,48,50,8024,30635
2023-06-07 12:09:41,49,50,8024,30635
2023-06-07 12:10:34,49,50,8224,30835
2023-06-07 12:10:40,50,51,8254,30865
2023-06-07 12:10:40,49,51,8254,30865
2023-06-07 12:10:42,50,51,8254,30865
2023-06-07 12:11:26,50,51,8284,30895
2023-06-07 12:11:28,49,51,8284,30895
2023-06-07 12:11:29,50,51,8284,30895
2023-06-07 12:11:29,50,51,8292,30903
2023-06-07 12:11:57,48,51,8292,30903
2023-06-07 12:11:57,48,50,8292,30903
2023-06-07 12:12:32,48,49,8292,30903
2023-06-07 12:13:12,47,49,8192,31003
2023-06-07 12:13:15,47,48,8192,31003
2023-06-07 12:13:18,46,47,8172,31023
2023-06-07 12:13:18,46,48,8172,31023
2023-06-07 12:13:45,46,48,8072,31223
2023-06-07 12:13:53,46,47,8072,31223
2023-06-07 12:13:54,45,46,8052,31243
2023-06-07 12:13:54,45,47,8052,31243
2023-06-07 12:13:56,44,47,7852,31443
2023-06-07 12:13:57,44,46,7852,31443
2023-06-07 12:14:01,45,46,7852,31443
2023-06-07 12:14:20,46,47,7852,31473
2023-06-07 12:14:37,45,47,7852,31473
2023-06-07 12:15:09,46,47,7852,31473
2023-06-07 12:16:05,45,47,7852,31473
2023-06-07 12:16:20,45,46,7852,31473
2023-06-07 12:16:23,44,46,7852,31503
2023-06-07 12:16:23,44,45,7852,31503
2023-06-07 12:16:58,45,47,7882,31533
2023-06-07 12:17:37,45,46,7882,31533
2023-06-07 12:17:37,45,46,7882,31733
2023-06-07 12:17:37,44,46,7882,31733
2023-06-07 12:17:37,44,45,7882,31733
2023-06-07 12:17:38,43,45,7882,31733
2023-06-07 12:18:39,43,44,7882,31733
2023-06-07 12:18:42,42,43,7882,31763
2023-06-07 12:18:44,41,42,7852,31793
2023-06-07 12:18:44,41,43,7852,31793
2023-06-07 12:18:50,41,43,7852,31993
2023-06-07 12:18:51,41,43,7852,32193
2023-06-07 12:18:52,40,41,7852,32293
2023-06-07 12:18:52,40,43,7852,32293
2023-06-07 12:18:59,40,41,7852,32293
2023-06-07 12:19:03,40,41,7652,32493
2023-06-07 12:19:14,39,41,7652,32493
2023-06-07 12:19:33,40,41,7652,32493
2023-06-07 12:19:46,39,41,7652,32493
2023-06-07 12:21:32,39,40,7652,32493
2023-06-07 12:21:35,38,40,7652,32693
2023-06-07 12:21:36,38,39,7652,32693
2023-06-07 12:21:37,37,39,7652,32693
2023-06-07 12:22:01,37,39,7788,32893
2023-06-07 12:22:04,36,37,7668,33013
2023-06-07 12:22:06,35,37,7668,33013
2023-06-07 12:22:38,34,35,7768,33113
2023-06-07 12:22:38,34,37,7768,33113
2023-06-07 12:22:39,34,36,7768,33113
2023-06-07 12:22:39,34,36,7694,33213
2023-06-07 12:22:40,33,36,7694,33213
2023-06-07 12:22:43,33,35,7694,33213
2023-06-07 12:22:54,33,35,7794,33413
2023-06-07 12:22:55,32,33,7794,33433
2023-06-07 12:22:55,32,35,7794,33433
2023-06-07 12:22:56,32,34,7794,33433
2023-06-07 12:22:58,31,34,7794,33433
2023-06-07 12:22:58,32,34,7794,33433
2023-06-07 12:23:01,32,34,7694,33533
2023-06-07 12:23:12,31,32,7694,33553
2023-06-07 12:23:12,31,34,7694,33553
2023-06-07 12:23:23,31,33,7694,33553
2023-06-07 12:23:43,30,31,7794,33653
2023-06-07 12:23:43,30,33,7794,33653
2023-06-07 12:24:00,31,33,7794,33653
2023-06-07 12:24:00,31,33,7994,33853
2023-06-07 12:24:01,31,32,7994,33853
2023-06-07 12:24:05,30,32,7994,33853
2023-06-07 12:24:37,31,32,7994,33853
2023-06-07 12:24:38,31,33,8024,33883
2023-06-07 12:24:39,32,33,8024,33883
2023-06-07 12:24:41,32,34,8054,33913
2023-06-07 12:24:58,32,33,8054,33913
2023-06-07 12:25:04,31,33,8054,33913
2023-06-07 12:25:18,31,32,8054,33913
2023-06-07 12:25:27,30,31,8054,33973
2023-06-07 12:25:27,30,32,8054,33973
2023-06-07 12:25:31,30,33,8054,33973
2023-06-07 12:25:31,30,32,8054,33973
2023-06-07 12:25:45,30,31,8054,33973
2023-06-07 12:25:46,30,31,8054,34003
2023-06-07 12:25:53,29,31,8054,34003
2023-06-07 12:25:55,29,30,8054,34003
2023-06-07 12:25:58,28,29,7994,34063
2023-06-07 12:25:59,28,30,7994,34063
2023-06-07 12:26:01,28,29,7994,34063
2023-06-07 12:26:03,28,30,7994,34063
2023-06-07 12:26:05,28,29,7994,34063
2023-06-07 12:26:06,28,30,7994,34063
2023-06-07 12:26:16,28,29,7994,34063
2023-06-07 12:26:20,28,29,8004,34263
2023-06-07 12:26:21,27,28,8044,34303
2023-06-07 12:26:21,27,29,8044,34303
2023-06-07 12:26:22,27,28,8044,34303
2023-06-07 12:26:25,26,27,8164,34423
2023-06-07 12:26:25,26,28,8164,34423
2023-06-07 12:26:27,26,29,8164,34423
2023-06-07 12:26:51,25,29,8164,34423
2023-06-07 12:26:56,25,28,8164,34423
2023-06-07 12:26:59,25,29,8164,34423
2023-06-07 12:27:05,25,28,8164,34423
2023-06-07 12:27:06,25,27,8164,34423
2023-06-07 12:27:07,25,26,8164,34423
2023-06-07 12:27:17,25,26,8234,34493
2023-06-07 12:27:23,23,26,8234,34493
2023-06-07 12:27:24,23,24,8234,34493
2023-06-07 12:27:29,23,26,8234,34593
2023-06-07 12:27:31,23,25,8234,34593
2023-06-07 12:27:36,23,26,8234,34593
2023-06-07 12:27:43,25,26,8234,34593
2023-06-07 12:27:43,25,26,8361,34720
2023-06-07 12:27:44,23,25,8434,34793
2023-06-07 12:27:44,23,26,8434,34793
2023-06-07 12:27:54,23,25,8434,34793
2023-06-07 12:27:59,22,23,8434,34823
2023-06-07 12:28:06,23,26,8434,34943
2023-06-07 12:28:06,24,26,8434,34943
2023-06-07 12:28:28,24,26,8434,35043
2023-06-07 12:28:30,24,27,8434,35083
2023-06-07 12:28:30,26,27,8434,35083
2023-06-07 12:28:30,26,27,8434,35123
2023-06-07 12:28:37,26,27,8634,35323
2023-06-07 12:28:38,24,26,8794,35483
2023-06-07 12:28:38,24,27,8794,35483
2023-06-07 12:29:01,25,27,8794,35483
2023-06-07 12:29:01,26,27,8794,35483
2023-06-07 12:29:01,25,26,8944,35633
2023-06-07 12:29:01,25,27,8944,35633
2023-06-07 12:29:02,26,27,8944,35633
2023-06-07 12:29:07,26,28,8944,35663
2023-06-07 12:29:12,26,28,8944,35763
2023-06-07 12:29:15,26,28,8944,35863
2023-06-07 12:29:23,26,28,8944,35933
2023-06-07 12:29:31,26,30,8974,36113
2023-06-07 12:29:31,27,30,8974,36113
2023-06-07 12:29:31,27,29,8974,36113
2023-06-07 12:30:07,28,29,8974,36113
2023-06-07 12:30:13,28,29,8974,36213
2023-06-07 12:30:14,28,29,8974,36313
2023-06-07 12:30:15,29,31,9004,36343
2023-06-07 12:30:15,29,31,9034,36373
2023-06-07 12:30:16,29,32,9034,36373
2023-06-07 12:30:16,30,32,9034,36373
2023-06-07 12:30:16,30,31,9034,36373
2023-06-07 12:30:47,29,31,9034,36373
2023-06-07 12:30:47,29,31,9034,36473
2023-06-07 12:30:47,29,32,9064,36573
2023-06-07 12:30:47,30,32,9064,36573
2023-06-07 12:31:02,31,32,9064,36573
2023-06-07 12:31:06,31,33,9124,36633
2023-06-07 12:31:50,33,34,9154,36663
2023-06-07 12:32:42,31,34,9154,36733
2023-06-07 12:32:43,31,33,9154,36733
2023-06-07 12:32:50,32,33,9154,36733
2023-06-07 12:32:54,32,34,9154,36733
2023-06-07 12:32:59,32,33,9154,36733
2023-06-07 12:33:06,32,34,9154,36733
2023-06-07 12:33:38,33,34,9154,36733
2023-06-07 12:33:38,34,35,9184,36763
2023-06-07 12:34:19,35,36,9184,36793
2023-06-07 12:34:19,34,36,9184,36793
2023-06-07 12:34:19,36,37,9214,36823
2023-06-07 12:34:45,37,38,9214,36883
2023-06-07 12:34:45,36,38,9214,36883
2023-06-07 12:35:14,37,38,9214,36883
2023-06-07 12:35:19,38,39,9214,36913
2023-06-07 12:35:19,37,39,9214,36913
2023-06-07 12:35:21,38,39,9214,36913
2023-06-07 12:35:31,38,39,9214,37113
2023-06-07 12:35:58,36,39,9214,37113
2023-06-07 12:36:08,36,37,9214,37113
2023-06-07 12:36:20,37,39,9214,37213
2023-06-07 12:36:20,37,39,9244,37243
2023-06-07 12:36:20,37,39,9244,37243
2023-06-07 12:36:21,36,39,9244,37243
2023-06-07 12:36:22,37,39,9244,37243
2023-06-07 12:36:23,38,39,9244,37243
2023-06-07 12:36:23,38,39,9344,37343
2023-06-07 12:36:23,38,39,9384,37383
2023-06-07 12:36:26,38,39,9214,37583
2023-06-07 12:36:27,38,39,9014,37783
2023-06-07 12:36:28,38,39,8814,37983
2023-06-07 12:36:30,37,39,8814,37983
2023-06-07 12:36:30,37,40,8814,37983
2023-06-07 12:36:30,38,40,8814,37983
2023-06-07 12:36:31,38,39,8814,37983
2023-06-07 12:36:33,38,40,8814,37983
2023-06-07 12:36:40,38,39,8814,37983
2023-06-07 12:36:41,38,40,8814,37983
2023-06-07 12:36:49,38,39,8814,37983
2023-06-07 12:37:09,38,39,8814,38183
2023-06-07 12:37:15,38,40,8814,38183
2023-06-07 12:37:21,38,39,8814,38183
2023-06-07 12:37:23,38,39,8814,38283
2023-06-07 12:37:25,36,39,8784,38313
2023-06-07 12:37:27,35,38,8784,38313
2023-06-07 12:37:28,34,38,8784,38313
2023-06-07 12:37:29,34,37,8784,38313
2023-06-07 12:37:32,36,37,8784,38313
2023-06-07 12:37:33,36,38,8784,38313
2023-06-07 12:38:02,36,37,8784,38313
2023-06-07 12:39:29,36,38,8784,38313
2023-06-07 12:39:33,36,37,8784,38313
2023-06-07 12:40:30,36,39,8784,38313
2023-06-07 12:40:33,36,38,8784,38313
2023-06-07 12:40:51,37,38,8784,38313
2023-06-07 12:41:05,37,40,8784,38313
2023-06-07 12:41:05,38,40,8784,38313
2023-06-07 12:41:49,39,40,8784,38313
2023-06-07 12:41:49,39,40,8784,38513
2023-06-07 12:41:51,41,42,8844,38573
2023-06-07 12:42:05,39,41,8844,38613
2023-06-07 12:42:22,41,42,8844,38643
2023-06-07 12:42:22,39,42,8844,38643
2023-06-07 12:42:32,39,41,8844,38643
2023-06-07 12:42:32,39,42,8644,38843
2023-06-07 12:42:34,39,41,8644,38843
2023-06-07 12:42:46,39,40,8644,38843
2023-06-07 12:43:01,39,40,8544,38943
2023-06-07 12:43:06,38,39,8524,38963
2023-06-07 12:43:45,39,40,8584,39023
2023-06-07 12:43:46,40,42,8614,39053
2023-06-07 12:43:55,40,42,8614,39123
2023-06-07 12:44:36,41,42,8614,39123
2023-06-07 12:44:36,41,42,8644,39153
2023-06-07 12:44:36,41,42,8674,39183
2023-06-07 12:44:40,40,42,8674,39183
2023-06-07 12:44:47,41,42,8674,39183
2023-06-07 12:45:02,41,42,8728,39383
2023-06-07 12:46:32,41,42,8668,39443
2023-06-07 12:46:38,40,42,8608,39522
2023-06-07 12:46:45,38,41,8608,39522
2023-06-07 12:46:50,38,40,8608,39522
2023-06-07 12:47:12,39,40,8608,39522
2023-06-07 12:47:19,38,40,8608,39522
2023-06-07 12:48:00,39,40,8608,39522
2023-06-07 12:48:07,39,40,8554,39722
2023-06-07 12:48:07,39,42,8554,39722
2023-06-07 12:48:07,40,42,8554,39722
2023-06-07 12:48:10,41,42,8554,39722
2023-06-07 12:48:21,40,42,8554,39722
2023-06-07 12:48:21,42,43,8554,39752
2023-06-07 12:48:21,40,43,8554,39752
2023-06-07 12:48:27,40,42,8554,39752
2023-06-07 12:48:32,40,41,8554,39752
2023-06-07 12:48:55,40,42,8554,39752
2023-06-07 12:49:09,41,42,8554,39752
2023-06-07 12:50:05,41,42,8608,39952
2023-06-07 12:50:07,40,42,8578,39982
2023-06-07 12:50:14,40,41,8578,39982
2023-06-07 12:50:20,40,41,8548,40082
2023-06-07 12:50:22,40,41,8548,40182
2023-06-07 12:50:25,38,41,8548,40212
2023-06-07 12:50:28,38,40,8548,40212
2023-06-07 12:50:29,38,41,8548,40212
2023-06-07 12:50:36,39,41,8548,40212
2023-06-07 12:50:41,40,41,8548,40212
2023-06-07 12:51:20,37,41,8494,42212
2023-06-07 12:51:20,38,41,8494,42212
2023-06-07 12:51:20,39,41,8494,42212
2023-06-07 12:51:35,39,41,8524,42312
2023-06-07 12:51:35,40,41,8524,42312
2023-06-07 12:51:48,40,41,8524,42512
2023-06-07 12:51:53,40,41,8524,42712
2023-06-07 12:51:53,40,41,8524,43312
2023-06-07 12:52:04,38,39,8374,43462
2023-06-07 12:52:28,35,37,8224,43702
2023-06-07 12:52:29,37,38,8064,43862
2023-06-07 12:52:29,35,38,8064,43862
2023-06-07 12:52:44,35,37,8064,43862
2023-06-07 12:52:53,35,36,8064,43862
2023-06-07 12:53:02,35,37,8064,43862
2023-06-07 12:53:03,35,36,8064,43862
2023-06-07 12:53:06,35,37,8064,43862
2023-06-07 12:53:29,35,36,8064,43862
2023-06-07 12:53:34,33,35,8064,43982
2023-06-07 12:53:35,33,36,8064,43982
2023-06-07 12:53:36,33,35,8064,43982
2023-06-07 12:53:46,33,35,8069,43987
2023-06-07 12:54:12,33,34,8069,43987
2023-06-07 12:54:14,31,33,8069,44057
2023-06-07 12:54:27,31,32,8069,44057
2023-06-07 12:54:29,29,32,8129,44117
2023-06-07 12:54:29,29,31,8129,44117
2023-06-07 12:54:34,29,30,8129,44117
2023-06-07 12:54:36,28,29,8129,44147
2023-06-07 12:55:07,28,30,8129,44177
2023-06-07 12:55:30,28,30,8129,44277
2023-06-07 12:55:32,28,30,8129,44377
2023-06-07 12:55:34,28,30,8129,44477
2023-06-07 12:55:34,28,30,8129,44677
2023-06-07 12:55:34,29,30,8129,44677
2023-06-07 12:55:35,29,30,8129,44777
2023-06-07 12:55:37,30,31,8129,44797
2023-06-07 12:55:38,30,31,8129,44897
2023-06-07 12:55:40,30,32,8129,44917
2023-06-07 12:56:04,29,32,8129,44917
2023-06-07 12:56:05,30,32,8129,44917
2023-06-07 12:56:05,32,33,8129,45177
2023-06-07 12:56:11,30,33,8129,45217
2023-06-07 12:56:12,30,32,8129,45217
2023-06-07 12:56:14,30,33,8129,45217
2023-06-07 12:56:30,30,32,8129,45217
2023-06-07 12:56:39,30,31,8129,45217
2023-06-07 12:56:48,30,31,8129,45468
2023-06-07 12:57:18,28,31,8129,45477
2023-06-07 12:57:21,28,30,8129,45477
2023-06-07 12:57:22,28,29,8129,45477
2023-06-07 12:58:12,28,29,8129,45577
2023-06-07 12:58:12,26,29,8129,45607
2023-06-07 12:58:17,26,28,8129,45607
2023-06-07 12:58:21,26,27,8129,45607
2023-06-07 12:58:57,26,27,8129,45707
2023-06-07 12:58:59,26,27,8129,45807
2023-06-07 12:59:02,26,27,8129,46007
2023-06-07 12:59:02,26,27,8129,46107
2023-06-07 12:59:04,26,29,8129,46167
2023-06-07 12:59:04,28,29,8129,46167
2023-06-07 12:59:14,26,29,8129,46167
2023-06-07 12:59:15,27,29,8129,46167
2023-06-07 12:59:29,26,29,8129,46167
2023-06-07 12:59:31,26,27,8129,46167
2023-06-07 12:59:32,25,27,8129,46167
2023-06-07 12:59:33,25,28,8179,46217
2023-06-07 12:59:48,26,28,8179,46217
2023-06-07 13:00:10,27,28,8179,46217
2023-06-07 13:00:17,27,28,8249,46317
2023-06-07 13:00:19,27,29,8279,46347
2023-06-07 13:00:23,26,29,8279,46347
2023-06-07 13:00:32,26,30,8449,46757
2023-06-07 13:00:32,27,30,8449,46757
2023-06-07 13:00:37,28,30,8449,46757
2023-06-07 13:00:44,28,29,8449,46757
2023-06-07 13:00:47,28,30,8449,46757
2023-06-07 13:00:52,28,29,8449,46757
2023-06-07 13:01:00,27,29,8429,46817
2023-06-07 13:01:01,27,28,8429,46817
2023-06-07 13:01:07,26,27,8519,46957
2023-06-07 13:01:07,26,28,8519,46957
2023-06-07 13:01:07,26,27,8519,46957
2023-06-07 13:01:11,26,28,8519,46957
2023-06-07 13:01:27,27,28,8519,46957
2023-06-07 13:01:27,26,27,8519,47107
2023-06-07 13:01:27,26,28,8519,47107
2023-06-07 13:01:58,27,28,8519,47107
2023-06-07 13:01:58,28,29,8519,47167
2023-06-07 13:02:28,28,29,8619,47267
2023-06-07 13:02:54,27,29,8619,47267
2023-06-07 13:03:59,28,29,8619,47267
2023-06-07 13:04:35,26,27,8569,47422
2023-06-07 13:05:13,26,27,8519,47472
2023-06-07 13:06:00,26,27,8693,47672
2023-06-07 13:06:02,25,27,8693,47672
2023-06-07 13:06:02,24,25,8693,47792
2023-06-07 13:06:08,24,25,8499,47992
2023-06-07 13:06:16,24,28,8499,48142
2023-06-07 13:06:16,24,27,8499,48142
2023-06-07 13:06:16,25,27,8499,48142
2023-06-07 13:06:17,26,27,8499,48142
2023-06-07 13:06:23,27,29,8609,48292
2023-06-07 13:06:27,28,29,8609,48292
2023-06-07 13:06:57,28,29,8809,48492
2023-06-07 13:06:58,28,31,8839,48522
2023-06-07 13:06:59,29,31,8839,48522
2023-06-07 13:07:15,29,30,8839,48522
2023-06-07 13:07:15,28,30,8839,48522
2023-06-07 13:07:18,28,30,8839,48622
2023-06-07 13:07:27,28,31,8839,48622
2023-06-07 13:07:27,28,30,8839,48622
2023-06-07 13:09:41,29,30,8839,48622
2023-06-07 13:09:41,29,31,8919,48702
2023-06-07 13:09:50,29,31,8949,48952
2023-06-07 13:09:50,30,31,8949,48952
2023-06-07 13:09:55,30,33,8949,48957
2023-06-07 13:09:56,31,33,8949,48957
2023-06-07 13:10:03,32,33,8949,48957
2023-06-07 13:10:32,34,35,9009,49017
2023-06-07 13:11:29,33,35,9009,49017
2023-06-07 13:11:32,34,35,9009,49017
2023-06-07 13:11:34,35,36,9039,49047
2023-06-07 13:11:41,33,34,9128,49242
2023-06-07 13:11:42,33,35,9468,49582
2023-06-07 13:11:45,33,35,9368,49682
2023-06-07 13:11:46,33,34,9368,49682
2023-06-07 13:11:48,31,34,9318,49732
2023-06-07 13:11:53,32,34,9318,49732
2023-06-07 13:11:53,32,35,9318,49732
2023-06-07 13:12:09,33,35,9318,49732
2023-06-07 13:12:11,32,35,9318,49732
2023-06-07 13:12:16,33,35,9318,49732
2023-06-07 13:12:18,32,35,9318,49732
2023-06-07 13:12:19,33,35,9318,49732
2023-06-07 13:12:40,33,34,9318,49732
2023-06-07 13:12:41,32,34,9318,49732
2023-06-07 13:12:45,32,34,9218,49832
2023-06-07 13:12:46,32,33,9218,49832
2023-06-07 13:12:46,31,33,9198,49852
2023-06-07 13:12:52,31,32,9198,49852
2023-06-07 13:12:56,28,29,9198,50002
2023-06-07 13:12:56,28,30,9198,50002
2023-06-07 13:12:56,28,29,9198,50002
2023-06-07 13:12:57,28,29,9258,50122
2023-06-07 13:12:57,28,30,9258,50122
2023-06-07 13:13:19,29,30,9258,50122
2023-06-07 13:13:20,28,29,9258,50242
2023-06-07 13:13:20,28,30,9258,50242
2023-06-07 13:13:34,28,29,9258,50242
2023-06-07 13:13:36,28,29,9158,50342
2023-06-07 13:13:37,25,28,9228,50422
2023-06-07 13:13:37,25,29,9228,50422
2023-06-07 13:13:40,26,29,9228,50422
2023-06-07 13:13:44,28,29,9228,50422
2023-06-07 13:13:45,26,29,9218,50432
2023-06-07 13:13:51,25,29,9218,50432
2023-06-07 13:13:52,26,29,9218,50432
2023-06-07 13:14:03,25,29,9218,50432
2023-06-07 13:14:05,25,28,9218,50432
2023-06-07 13:14:16,25,27,9218,50432
2023-06-07 13:14:18,25,28,9218,50432
2023-06-07 13:14:22,27,28,9218,50432
2023-06-07 13:14:23,25,27,9218,50442
2023-06-07 13:14:23,25,28,9218,50442
2023-06-07 13:14:35,25,27,9218,50442
2023-06-07 13:14:45,25,27,9218,50642
2023-06-07 13:14:50,24,25,9248,50672
2023-06-07 13:14:50,24,27,9248,50672
2023-06-07 13:14:54,24,26,9248,50672
2023-06-07 13:15:09,23,24,9278,50702
2023-06-07 13:15:09,23,26,9278,50702
2023-06-07 13:15:19,23,25,9278,50702
2023-06-07 13:15:21,23,24,9278,50702
2023-06-07 13:15:22,22,24,9278,50732
2023-06-07 13:15:32,22,24,9278,50752
2023-06-07 13:15:48,22,23,9278,50752
2023-06-07 13:15:51,21,23,9258,50802
2023-06-07 13:16:08,22,23,9258,50802
2023-06-07 13:16:20,23,24,9168,50892
2023-06-07 13:16:25,23,24,9168,50992
2023-06-07 13:16:26,23,26,9168,51042
2023-06-07 13:16:26,24,26,9168,51042
2023-06-07 13:16:36,25,26,9168,51042
2023-06-07 13:16:40,24,26,9168,51042
2023-06-07 13:16:42,25,26,9168,51042
2023-06-07 13:16:48,25,26,9268,51142
2023-06-07 13:16:52,24,26,9268,51142
2023-06-07 13:17:03,24,25,9268,51142
2023-06-07 13:17:04,23,25,9268,51142
2023-06-07 13:17:05,24,25,9268,51142
2023-06-07 13:17:12,25,26,9229,51242
2023-06-07 13:17:48,25,26,9229,51342
2023-06-07 13:17:49,24,26,9229,51362
2023-06-07 13:17:49,24,25,9229,51362
2023-06-07 13:17:51,24,26,9229,51362
2023-06-07 13:17:56,24,25,9229,51362
2023-06-07 13:17:58,22,24,9288,51502
2023-06-07 13:17:59,21,24,9288,51502
2023-06-07 13:18:01,21,22,9288,51502
2023-06-07 13:18:11,21,22,9238,51552
2023-06-07 13:18:32,20,22,9159,51777
2023-06-07 13:19:11,19,22,9159,51777
2023-06-07 13:19:32,20,22,9159,51777
2023-06-07 13:19:32,20,21,9159,51777
2023-06-07 13:19:47,19,20,9159,51882
2023-06-07 13:19:52,17,18,9159,51912
2023-06-07 13:20:04,18,20,9159,51987
2023-06-07 13:20:05,17,20,9159,51987
2023-06-07 13:20:06,18,20,9159,51987
2023-06-07 13:20:09,18,21,9159,51987
2023-06-07 13:20:10,19,21,9159,51987
2023-06-07 13:20:10,19,20,9159,51987
2023-06-07 13:20:55,18,19,9159,52017
2023-06-07 13:20:58,16,17,9159,52047
2023-06-07 13:21:36,15,16,9159,52077
2023-06-07 13:22:16,15,16,9169,52087
2023-06-07 13:22:16,16,17,9169,52117
2023-06-07 13:22:23,17,19,9169,52177
2023-06-07 13:22:23,17,18,9169,52177
2023-06-07 13:22:29,17,18,9169,52377
2023-06-07 13:22:36,17,18,9169,52477
2023-06-07 13:22:36,18,19,9154,52492
2023-06-07 13:22:36,17,19,9154,52492
2023-06-07 13:22:37,18,19,9154,52492
2023-06-07 13:22:43,19,20,9204,52612
2023-06-07 13:22:55,20,21,9319,52727
2023-06-07 13:22:56,21,22,9349,52757
2023-06-07 13:23:20,21,22,9349,52957
2023-06-07 13:23:34,19,21,9229,53077
2023-06-07 13:24:36,20,21,9229,53077
2023-06-07 13:24:43,19,21,9229,53077
2023-06-07 13:24:52,20,21,9229,53077
2023-06-07 13:25:35,19,20,8924,53427
2023-06-07 13:26:10,18,19,8924,53547
2023-06-07 13:26:13,18,20,8924,53547
2023-06-07 13:26:52,19,20,8924,53547
2023-06-07 13:27:05,20,21,9024,53712
2023-06-07 13:27:20,20,22,9144,53912
2023-06-07 13:28:45,21,22,9144,53912
2023-06-07 13:28:52,21,22,9144,54112
2023-06-07 13:28:55,22,23,9194,54162
2023-06-07 13:29:05,23,24,9194,54212
2023-06-07 13:29:05,22,24,9194,54212
2023-06-07 13:29:16,23,24,9194,54212
2023-06-07 13:29:59,23,24,9194,54412
2023-06-07 13:29:59,22,23,9233,54452
2023-06-07 13:30:01,22,23,9233,54527
2023-06-07 13:30:02,21,22,9248,54542
2023-06-07 13:30:48,19,20,9198,54712
2023-06-07 13:31:01,19,20,9168,54742
2023-06-07 13:31:34,18,19,9228,54802
2023-06-07 13:31:36,16,18,9228,54832
2023-06-07 13:32:06,17,18,9228,54832
2023-06-07 13:32:12,17,18,9228,55032
2023-06-07 13:32:12,16,18,9188,55072
2023-06-07 13:32:17,16,17,9188,55072
2023-06-07 13:32:19,16,17,9188,55172
2023-06-07 13:32:22,16,17,9188,55272
2023-06-07 13:32:23,15,17,9183,55797
2023-06-07 13:33:07,16,17,9183,55797
2023-06-07 13:33:36,16,17,8983,55997
2023-06-07 13:33:37,16,17,8783,56197
2023-06-07 13:33:39,16,17,8583,56397
2023-06-07 13:33:46,16,17,8883,56697
2023-06-07 13:36:21,16,17,8854,56897
2023-06-07 13:36:22,16,17,9004,57047
2023-06-07 13:36:25,16,17,9104,57147
2023-06-07 13:36:32,16,17,9204,57247
2023-06-07 13:36:33,16,17,9304,57347
2023-06-07 13:37:24,15,16,9304,57377
2023-06-07 13:37:45,13,15,9304,57407
2023-06-07 13:38:15,14,15,9304,57407
2023-06-07 13:38:59,13,14,9304,57437
2023-06-07 13:38:59,13,14,9289,57512
2023-06-07 13:39:00,13,14,9289,57537
2023-06-07 13:39:12,12,13,8499,58357
2023-06-07 13:39:31,12,13,8499,58537
2023-06-07 13:39:56,12,13,8525,58563
2023-06-07 13:40:00,11,13,8529,58567
2023-06-07 13:40:28,12,13,8529,58567
2023-06-07 13:40:30,11,13,8529,58567
2023-06-07 13:40:33,12,13,8529,58567
2023-06-07 13:40:33,13,15,8529,58687
2023-06-07 13:40:33,13,14,8529,58687
2023-06-07 13:40:33,12,14,8559,58717
2023-06-07 13:40:35,13,14,8559,58717
2023-06-07 13:40:59,12,14,8559,58717
2023-06-07 13:41:50,13,14,8559,58717
2023-06-07 13:41:55,13,14,8559,58817
2023-06-07 13:41:55,14,16,8559,58837
2023-06-07 13:42:12,14,15,8559,58837
2023-06-07 13:42:38,12,14,8559,58897
2023-06-07 13:43:10,13,14,8559,58897
2023-06-07 13:43:29,13,15,8559,58927
2023-06-07 13:43:29,14,15,8559,58927
2023-06-07 13:43:35,13,15,8559,58927
2023-06-07 13:43:45,14,15,8559,58927
2023-06-07 13:44:12,15,16,8559,58957
2023-06-07 13:44:43,15,16,8359,59157
2023-06-07 13:44:45,15,17,8359,59167
2023-06-07 13:44:58,16,17,8359,59167
2023-06-07 13:45:02,17,18,8379,59197
2023-06-07 13:45:15,17,18,8389,59207
2023-06-07 13:45:26,17,18,8419,59307
2023-06-07 13:45:28,17,20,8419,59312
2023-06-07 13:45:30,18,20,8419,59312
2023-06-07 13:45:31,19,20,8419,59312
2023-06-07 13:45:38,19,20,8434,59327
2023-06-07 13:45:56,17,19,8434,59462
2023-06-07 13:45:57,17,20,8434,59462
2023-06-07 13:45:59,17,19,8434,59462
2023-06-07 13:46:28,18,19,8434,59462
2023-06-07 13:46:32,19,20,8484,59512
2023-06-07 13:47:06,19,20,8608,59712
2023-06-07 13:47:06,17,18,8658,59762
2023-06-07 13:47:07,17,19,8883,59987
2023-06-07 13:47:14,16,17,8778,60132
2023-06-07 13:47:30,17,18,8778,60512
2023-06-07 13:47:30,16,18,8798,60532
2023-06-07 13:47:38,16,19,8798,60532
2023-06-07 13:47:38,17,19,8798,60532
2023-06-07 13:47:46,18,19,8798,60532
2023-06-07 13:47:46,18,19,8798,60542
2023-06-07 13:47:46,17,19,8798,60607
2023-06-07 13:48:05,18,19,8798,60607
2023-06-07 13:48:05,17,19,8798,60627
2023-06-07 13:48:16,16,17,8798,60717
2023-06-07 13:49:03,15,17,8798,60807
2023-06-07 13:49:46,15,17,8868,60907
2023-06-07 13:50:07,16,17,8868,60907
2023-06-07 13:50:07,15,16,8868,60977
2023-06-07 13:50:07,15,17,8868,60977
2023-06-07 13:50:18,15,16,8868,60977
2023-06-07 13:50:25,14,16,8868,60977
2023-06-07 13:51:37,14,15,8868,60977
2023-06-07 13:51:42,13,15,8868,60977
2023-06-07 13:52:35,14,15,8868,60977
2023-06-07 13:53:05,15,16,8748,61097
2023-06-07 13:53:06,14,16,8748,61097
2023-06-07 13:54:31,15,16,8748,61097
2023-06-07 13:55:23,15,16,8778,61197
2023-06-07 13:55:25,16,17,8778,61217
2023-06-07 13:55:26,15,17,8778,61217
2023-06-07 13:55:26,16,17,8778,61217
2023-06-07 13:55:27,16,17,8878,61317
2023-06-07 13:55:36,17,18,8878,61337
2023-06-07 13:55:51,18,20,8908,61367
2023-06-07 13:55:52,19,20,8908,61367
2023-06-07 13:56:05,19,20,8744,61567
2023-06-07 13:56:06,19,22,8774,61597
2023-06-07 13:56:08,20,22,8774,61597
2023-06-07 13:56:50,22,24,8804,61627
2023-06-07 13:58:24,22,23,8804,61627
2023-06-07 13:58:28,20,22,8684,61747
2023-06-07 13:59:05,21,22,8684,61747
2023-06-07 13:59:08,22,24,8714,61777
2023-06-07 13:59:27,22,23,8714,61777
2023-06-07 13:59:27,22,23,8744,61807
2023-06-07 13:59:27,22,24,8744,61807
2023-06-07 13:59:41,22,23,8744,61807
2023-06-07 13:59:52,22,23,8908,62007
2023-06-07 13:59:57,21,23,8908,62007
2023-06-07 13:59:58,21,22,8908,62007
2023-06-07 14:00:50,21,23,8744,62207
2023-06-07 14:00:50,22,23,8744,62207
2023-06-07 14:00:50,21,23,8894,62357
2023-06-07 14:00:52,22,23,8894,62357
2023-06-07 14:01:10,22,24,8924,62387
2023-06-07 14:01:17,23,24,8924,62387
2023-06-07 14:01:19,24,25,8934,62397
2023-06-07 14:02:14,24,25,8934,62547
2023-06-07 14:02:16,21,25,8934,62547
2023-06-07 14:02:16,22,25,8934,62547
2023-06-07 14:02:16,22,24,8934,62547
2023-06-07 14:02:29,22,24,9034,62647
2023-06-07 14:02:43,22,23,9034,62647
2023-06-07 14:02:50,22,23,9134,62747
2023-06-07 14:02:51,22,24,9154,62767
2023-06-07 14:02:51,23,24,9154,62767
2023-06-07 14:02:51,22,24,9154,62767
2023-06-07 14:02:51,23,24,9154,62767
2023-06-07 14:02:55,23,24,9154,62867
2023-06-07 14:02:56,23,26,9154,62867
2023-06-07 14:02:57,23,27,9154,62867
2023-06-07 14:02:57,23,25,9154,62867
2023-06-07 14:02:57,24,25,9154,62867
2023-06-07 14:02:57,24,26,9154,62867
2023-06-07 14:04:07,23,24,9347,63100
2023-06-07 14:04:15,23,24,9447,63200
2023-06-07 14:04:15,23,24,9447,63400
2023-06-07 14:04:16,23,24,9447,63600
2023-06-07 14:04:17,23,24,9547,63700
2023-06-07 14:04:18,23,24,9547,63900
2023-06-07 14:04:19,23,24,9647,64000
2023-06-07 14:04:21,23,24,9747,64100
2023-06-07 14:04:22,23,24,9747,64300
2023-06-07 14:04:22,23,24,9847,64400
2023-06-07 14:04:24,23,24,9947,64500
2023-06-07 14:04:25,23,24,10047,64600
2023-06-07 14:04:28,23,24,10147,64700
2023-06-07 14:04:29,23,24,10247,64800
2023-06-07 14:04:31,23,26,10247,64800
2023-06-07 14:04:35,23,25,10247,64800
2023-06-07 14:04:41,23,24,10247,64800
2023-06-07 14:04:46,23,24,10264,64857
2023-06-07 14:04:48,23,25,10264,64857
2023-06-07 14:05:02,24,25,10264,64857
2023-06-07 14:05:06,24,25,10464,65057
2023-06-07 14:05:12,24,26,10474,65067
2023-06-07 14:05:22,25,26,10474,65067
2023-06-07 14:05:27,26,28,10484,65077
2023-06-07 14:05:29,26,27,10484,65077
2023-06-07 14:05:55,26,28,10504,65097
2023-06-07 14:05:55,28,29,10514,65107
2023-06-07 14:06:04,28,29,10514,65307
2023-06-07 14:06:06,25,29,10514,65307
2023-06-07 14:06:06,26,29,10514,65307
2023-06-07 14:06:06,26,28,10514,65307
2023-06-07 14:06:54,28,29,10514,65544
2023-06-07 14:07:45,28,29,10714,65744
2023-06-07 14:07:46,28,29,10914,65944
2023-06-07 14:07:47,26,29,10914,66042
2023-06-07 14:07:47,26,28,10914,66042
2023-06-07 14:07:47,25,28,10914,66042
2023-06-07 14:07:47,25,27,10914,66042
2023-06-07 14:08:47,25,28,10914,66042
2023-06-07 14:08:47,25,26,10914,66042
2023-06-07 14:09:42,26,28,10914,66134
2023-06-07 14:09:43,25,28,10914,66134
2023-06-07 14:09:45,25,29,10914,66134
2023-06-07 14:09:49,26,29,10914,66134
2023-06-07 14:09:49,26,28,10914,66134
2023-06-07 14:10:16,27,28,10914,66134
2023-06-07 14:10:18,26,28,10914,66134
2023-06-07 14:10:19,27,28,10914,66134
2023-06-07 14:10:29,26,27,10874,66174
2023-06-07 14:10:31,24,27,10874,66214
2023-06-07 14:10:31,24,26,10874,66214
2023-06-07 14:11:05,24,25,10874,66214
2023-06-07 14:11:33,23,24,10794,66294
2023-06-07 14:12:03,22,24,10859,66379
2023-06-07 14:12:03,22,24,10815,66423
2023-06-07 14:12:03,22,23,10815,66467
2023-06-07 14:12:13,20,22,10737,66609
2023-06-07 14:12:16,20,21,10737,66609
2023-06-07 14:12:19,18,19,10737,66619
2023-06-07 14:12:48,19,21,10683,66708
2023-06-07 14:12:49,18,21,10683,66708
2023-06-07 14:13:13,19,21,10683,66708
2023-06-07 14:13:15,20,21,10683,66708
2023-06-07 14:14:07,21,22,10683,66738
2023-06-07 14:14:18,22,23,10723,66778
2023-06-07 14:14:46,22,23,10733,66808
2023-06-07 14:14:47,22,23,10733,66838
2023-06-07 14:14:47,23,25,10695,66876
2023-06-07 14:14:49,23,27,10695,66876
2023-06-07 14:14:49,24,27,10695,66876
2023-06-07 14:14:49,24,26,10695,66876
2023-06-07 14:14:50,24,25,10695,66876
2023-06-07 14:15:13,24,26,10715,66896
2023-06-07 14:15:16,25,26,10715,66896
2023-06-07 14:15:18,25,26,10715,66996
2023-06-07 14:15:18,25,28,10715,66996
2023-06-07 14:15:18,25,29,10715,66996
2023-06-07 14:15:18,27,29,10715,66996
2023-06-07 14:15:24,26,29,10715,66996
2023-06-07 14:15:42,27,29,10715,66996
2023-06-07 14:15:50,28,29,10715,66996
2023-06-07 14:16:00,29,30,10715,67006
2023-06-07 14:16:00,28,30,10715,67006
2023-06-07 14:16:00,29,30,10715,67006
2023-06-07 14:16:01,28,30,10715,67006
2023-06-07 14:16:07,29,30,10715,67006
2023-06-07 14:16:10,28,30,10715,67006
2023-06-07 14:16:11,29,30,10715,67006
2023-06-07 14:16:23,28,30,10715,67006
2023-06-07 14:16:36,28,29,10715,67006
2023-06-07 14:16:50,27,29,10715,67006
2023-06-07 14:16:51,27,28,10715,67006
2023-06-07 14:16:54,27,29,10715,67006
2023-06-07 14:17:01,27,30,10715,67006
2023-06-07 14:17:09,28,30,10715,67006
2023-06-07 14:17:47,29,30,10715,67006
2023-06-07 14:17:55,28,30,10715,67006
2023-06-07 14:17:58,27,30,10715,67006
2023-06-07 14:18:38,27,29,10715,67006
2023-06-07 14:18:50,27,30,10715,67006
2023-06-07 14:18:50,27,29,10715,67006
2023-06-07 14:18:50,27,30,10715,67006
2023-06-07 14:18:59,28,30,10715,67006
2023-06-07 14:19:05,27,30,10715,67006
2023-06-07 14:19:21,28,30,10715,67006
2023-06-07 14:19:22,29,30,10715,67006
2023-06-07 14:19:24,28,30,10715,67006
2023-06-07 14:19:50,29,30,10715,67006
2023-06-07 14:20:06,30,31,10715,67016
2023-06-07 14:20:06,29,31,10715,67016
2023-06-07 14:20:06,30,31,10715,67016
2023-06-07 14:20:09,29,31,10715,67016
2023-06-07 14:20:10,30,31,10715,67016
2023-06-07 14:20:13,30,31,10715,67026
2023-06-07 14:20:13,30,31,10715,67036
2023-06-07 14:20:20,30,32,10725,67046
2023-06-07 14:20:21,31,32,10725,67046
2023-06-07 14:20:24,32,33,10725,67056
2023-06-07 14:20:24,31,33,10725,67056
2023-06-07 14:20:24,32,33,10725,67056
2023-06-07 14:20:24,33,34,10735,67066
2023-06-07 14:20:24,35,36,10745,67076
2023-06-07 14:20:25,33,36,10818,67149
2023-06-07 14:20:44,31,35,10818,67149
2023-06-07 14:20:44,33,35,10818,67149
2023-06-07 14:20:59,35,36,10901,67232
2023-06-07 14:21:14,33,35,10861,67272
2023-06-07 14:21:31,33,34,10861,67272
2023-06-07 14:21:35,33,35,10861,67272
2023-06-07 14:21:57,33,34,10861,67272
2023-06-07 14:21:59,31,34,10943,67394
2023-06-07 14:21:59,31,33,10943,67394
2023-06-07 14:22:00,31,32,10943,67394
2023-06-07 14:22:03,29,32,10943,67394
2023-06-07 14:22:18,29,31,10943,67394
2023-06-07 14:22:22,29,30,10943,67394
2023-06-07 14:22:24,27,28,10903,67434
2023-06-07 14:22:42,28,29,10903,67475
2023-06-07 14:22:43,27,28,10962,67534
2023-06-07 14:22:43,27,29,10962,67534
2023-06-07 14:22:44,27,28,10962,67534
2023-06-07 14:22:46,26,27,11002,67574
2023-06-07 14:22:46,26,28,11002,67574
2023-06-07 14:22:47,26,29,11002,67574
2023-06-07 14:22:54,26,28,11002,67574
2023-06-07 14:22:59,24,26,11002,67614
2023-06-07 14:23:53,25,26,11002,67614
2023-06-07 14:24:34,25,26,11003,67615
2023-06-07 14:25:44,24,25,11003,67625
2023-06-07 14:25:49,23,24,11023,67645
2023-06-07 14:25:49,23,25,11023,67645
2023-06-07 14:25:49,23,24,11023,67645
2023-06-07 14:25:53,21,23,11072,67694
2023-06-07 14:25:53,21,24,11072,67694
2023-06-07 14:25:57,21,23,11072,67694
2023-06-07 14:26:03,20,21,11082,67704
2023-06-07 14:26:21,18,20,11248,67870
2023-06-07 14:26:35,16,18,11248,67880
2023-06-07 14:26:46,17,18,11248,67880
2023-06-07 14:26:50,16,18,11248,67880
2023-06-07 14:27:11,15,16,11374,68006
2023-06-07 14:28:06,15,17,11374,68026
2023-06-07 14:28:06,16,17,11374,68026
2023-06-07 14:28:24,16,18,11374,68046
2023-06-07 14:28:24,17,18,11374,68046
2023-06-07 14:28:26,18,19,11374,68076
2023-06-07 14:28:28,18,22,11374,68116
2023-06-07 14:28:28,18,21,11374,68116
2023-06-07 14:28:28,19,21,11374,68116
2023-06-07 14:28:29,19,22,11374,68116
2023-06-07 14:28:39,20,22,11374,68116
2023-06-07 14:29:28,20,21,11374,68116
2023-06-07 14:30:08,19,20,11484,68226
2023-06-07 14:30:28,18,20,11494,68236
2023-06-07 14:30:28,18,19,11494,68236
2023-06-07 14:30:32,16,19,11494,68236
2023-06-07 14:30:38,17,19,11494,68236
2023-06-07 14:30:41,16,19,11494,68236
2023-06-07 14:30:44,17,19,11494,68236
2023-06-07 14:30:59,18,19,11494,68236
2023-06-07 14:31:35,17,18,11494,68246
2023-06-07 14:31:39,17,19,11494,68246
2023-06-07 14:31:44,17,18,11494,68246
2023-06-07 14:31:46,16,17,11494,68256
2023-06-07 14:31:48,14,17,11494,68256
2023-06-07 14:32:01,14,16,11494,68256
2023-06-07 14:32:05,14,17,11494,68256
2023-06-07 14:32:12,14,16,11494,68256
2023-06-07 14:32:25,14,15,11494,68256
2023-06-07 14:32:26,13,14,11494,68266
2023-06-07 14:32:31,11,14,11494,68266
2023-06-07 14:32:47,12,14,11494,68266
2023-06-07 14:32:55,11,14,11494,68266
2023-06-07 14:32:56,12,14,11494,68266
2023-06-07 14:32:58,12,13,11494,68266
2023-06-07 14:32:59,11,13,11504,68276
2023-06-07 14:32:59,10,13,11514,68286
2023-06-07 14:33:00,10,11,11514,68286
2023-06-07 14:33:08,11,13,11524,68296
2023-06-07 14:33:08,11,13,11556,68328
2023-06-07 14:33:08,11,12,11556,68328
2023-06-07 14:33:08,11,13,11556,68328
2023-06-07 14:33:19,10,13,11614,68386
2023-06-07 14:33:19,10,12,11614,68386
2023-06-07 14:33:19,10,13,11614,68386
2023-06-07 14:33:33,10,12,11614,68386
2023-06-07 14:33:41,9,10,11624,68396
2023-06-07 14:33:48,9,10,11634,68406
2023-06-07 14:34:25,8,10,11644,68416
2023-06-07 14:34:25,8,9,11644,68416
2023-06-07 14:34:25,8,10,11751,68523
2023-06-07 14:34:40,8,9,11751,68523
2023-06-07 14:34:42,6,9,11823,68595
2023-06-07 14:34:52,6,8,11823,68595
2023-06-07 14:34:53,6,9,11823,68595
2023-06-07 14:35:25,6,8,11823,68595
2023-06-07 14:35:30,6,8,11893,68665
2023-06-07 14:35:30,6,7,11893,68665
2023-06-07 14:35:30,6,8,11893,68665
2023-06-07 14:35:31,6,7,11893,68665
2023-06-07 14:35:35,4,6,11893,68843
2023-06-07 14:35:36,4,7,11893,68843
2023-06-07 14:35:50,5,7,11893,68843
2023-06-07 14:36:02,5,7,11897,68847
2023-06-07 14:36:14,6,7,11897,68847
2023-06-07 14:36:15,7,8,11897,68877
2023-06-07 14:36:38,7,8,11917,68897
2023-06-07 14:37:02,8,10,11947,68967
2023-06-07 14:37:02,8,11,11947,68967
2023-06-07 14:37:02,8,10,11947,68967
2023-06-07 14:37:03,8,11,11947,68967
2023-06-07 14:37:12,8,9,11947,68967
2023-06-07 14:37:37,7,8,11957,68977
2023-06-07 14:37:45,7,8,12057,69077
2023-06-07 14:37:46,7,8,12257,69277
2023-06-07 14:37:46,7,8,12357,69377
2023-06-07 14:37:48,7,8,12457,69477
2023-06-07 14:37:50,7,8,12557,69577
2023-06-07 14:37:51,7,8,12657,69677
2023-06-07 14:37:52,7,8,12757,69777
2023-06-07 14:37:54,7,8,12857,69877
2023-06-07 14:37:55,7,8,12957,69977
2023-06-07 14:37:57,7,8,13057,70077
2023-06-07 14:38:32,7,8,13257,70277
2023-06-07 14:38:34,7,8,13357,70377
2023-06-07 14:38:34,8,9,13347,70477
2023-06-07 14:38:34,7,9,13347,70477
2023-06-07 14:38:51,7,11,13382,70522
2023-06-07 14:39:20,8,11,13382,70522
2023-06-07 14:39:21,9,11,13382,70522
2023-06-07 14:39:21,9,12,13382,70522
2023-06-07 14:39:24,9,11,13382,70522
2023-06-07 14:39:48,9,10,13382,70522
2023-06-07 14:40:24,9,11,13402,70542
2023-06-07 14:40:25,9,12,13402,70542
2023-06-07 14:40:36,9,11,13402,70542
2023-06-07 14:40:37,9,12,13402,70562
2023-06-07 14:41:00,9,11,13402,70562
2023-06-07 14:41:03,9,10,13402,70562
2023-06-07 14:41:06,9,10,13402,70762
2023-06-07 14:41:10,8,10,13402,70762
2023-06-07 14:41:19,8,9,13402,70762
2023-06-07 14:41:23,7,9,13412,70772
2023-06-07 14:41:23,7,8,13412,70772
2023-06-07 14:41:37,7,8,13402,70792
2023-06-07 14:42:26,7,8,13402,70802
2023-06-07 14:42:26,7,8,13402,70812
2023-06-07 14:42:38,6,8,13422,70832
2023-06-07 14:42:38,6,7,13422,70832
2023-06-07 14:42:39,7,8,13422,70852
2023-06-07 14:42:39,6,8,13422,70852
2023-06-07 14:42:39,6,7,13422,70852
2023-06-07 14:42:40,7,8,13422,70941
2023-06-07 14:42:40,6,8,13422,70941
2023-06-07 14:42:48,7,8,13422,70941
2023-06-07 14:43:32,6,8,13432,70951
2023-06-07 14:45:11,6,7,13432,70951
2023-06-07 14:45:11,5,7,13432,70951
2023-06-07 14:45:12,5,8,13432,70951
2023-06-07 14:45:25,5,7,13432,70951
2023-06-07 14:45:31,5,8,13432,70951
2023-06-07 14:45:38,5,7,13432,70951
2023-06-07 14:47:23,5,6,13432,70951
2023-06-07 14:47:32,4,6,13442,70961
2023-06-07 14:47:52,4,7,13442,70981
2023-06-07 14:47:53,5,7,13442,70981
2023-06-07 14:48:00,6,7,13442,70981
2023-06-07 14:48:01,6,8,13442,71021
2023-06-07 14:48:06,6,8,13452,71031
2023-06-07 14:48:06,6,7,13452,71031
2023-06-07 14:48:06,6,8,13452,71031
2023-06-07 14:48:31,5,8,13452,71031
2023-06-07 14:48:37,5,7,13452,71031
2023-06-07 14:48:42,5,8,13452,71031
2023-06-07 14:48:46,5,7,13452,71031
2023-06-07 14:49:03,5,6,13452,71031
2023-06-07 14:49:05,4,6,13462,71041
2023-06-07 14:49:16,3,4,13922,71501
2023-06-07 14:49:18,3,4,14022,71601
2023-06-07 14:49:20,3,4,14122,71701
2023-06-07 14:49:20,3,4,14122,71901
2023-06-07 14:49:22,3,4,14222,72001
2023-06-07 14:49:23,3,4,14322,72101
2023-06-07 14:49:25,3,4,14422,72201
2023-06-07 14:49:26,3,4,14522,72301
2023-06-07 14:49:27,3,4,14622,72401
2023-06-07 14:49:28,3,4,14649,72601
2023-06-07 14:49:29,3,4,14749,72701
2023-06-07 14:49:30,3,4,14849,72801
2023-06-07 14:49:31,3,4,14949,72901
2023-06-07 14:49:32,3,4,15049,73001
2023-06-07 14:49:34,3,7,15089,73061
2023-06-07 14:49:34,3,6,15089,73061
2023-06-07 14:49:47,4,6,15089,73061
2023-06-07 14:50:01,3,6,15109,73081
2023-06-07 14:50:01,3,5,15109,73081
2023-06-07 14:50:02,3,6,15109,73081
2023-06-07 14:50:08,2,3,15819,73791
2023-06-07 14:50:08,2,3,16019,73991
2023-06-07 14:50:10,2,3,16119,74091
2023-06-07 14:50:11,2,3,16219,74191
2023-06-07 14:50:13,2,3,16319,74291
2023-06-07 14:50:19,2,3,16419,74391
2023-06-07 14:50:25,2,3,16519,74491
2023-06-07 14:50:29,2,3,16619,74591
2023-06-07 14:50:33,2,3,16619,74656
2023-06-07 14:50:35,2,3,16719,74756
2023-06-07 14:50:39,2,3,16819,74856
2023-06-07 14:50:41,2,3,16919,74956
2023-06-07 14:50:49,2,3,17019,75056
2023-06-07 14:52:17,2,3,17089,75156
2023-06-07 14:52:18,3,4,17144,75211
2023-06-07 14:52:26,2,4,17144,75421
2023-06-07 14:52:32,4,6,17269,75566
2023-06-07 14:52:32,2,6,17269,75566
2023-06-07 14:52:42,3,6,17269,75566
2023-06-07 14:53:05,3,5,17269,75566
2023-06-07 14:53:05,3,5,17385,75682
2023-06-07 14:53:05,3,5,17495,75792
2023-06-07 14:53:05,3,6,17495,75792
2023-06-07 14:53:06,3,5,17495,75792
2023-06-07 14:53:18,3,4,17495,75792
2023-06-07 14:53:18,4,5,17495,75808
2023-06-07 14:53:18,3,5,17495,75808
2023-06-07 14:54:41,3,4,17495,75808
2023-06-07 14:54:41,4,5,17515,75828
2023-06-07 14:54:42,3,5,17515,75828
2023-06-07 14:54:51,3,4,17515,75828
2023-06-07 14:54:52,4,5,17619,75932
2023-06-07 14:54:52,3,5,17619,75932
2023-06-07 14:55:08,3,5,17619,75992
2023-06-07 14:56:10,3,4,17619,75992
2023-06-07 14:57:16,3,5,17639,76022
2023-06-07 14:57:53,3,5,17739,76122
2023-06-07 14:57:54,3,6,17739,76132
2023-06-07 14:58:17,4,6,17739,76132
2023-06-07 14:58:18,4,5,17739,76132
2023-06-07 14:58:19,5,6,17789,76182
2023-06-07 14:58:19,4,6,17789,76182
2023-06-07 14:58:21,6,7,17889,76291
2023-06-07 14:58:21,4,7,17889,76291
2023-06-07 14:58:27,4,8,17889,76291
2023-06-07 14:58:27,5,8,17889,76291
2023-06-07 14:58:35,6,8,17889,76291
2023-06-07 14:58:42,6,7,17889,76291
2023-06-07 14:58:42,6,7,17889,76391
2023-06-07 14:58:43,6,8,17889,76391
2023-06-07 14:58:43,7,8,17889,76391
2023-06-07 14:58:43,6,8,17889,76391
2023-06-07 14:58:44,6,8,17889,76591
2023-06-07 14:58:50,6,8,17912,76614
2023-06-07 14:59:41,8,9,17912,76619
2023-06-07 14:59:41,6,9,17912,76619
2023-06-07 15:00:08,7,9,17912,76619
2023-06-07 15:00:11,9,10,17962,76678
2023-06-07 15:00:11,7,10,17962,76678
2023-06-07 15:00:16,7,10,17962,76878
2023-06-07 15:00:18,10,11,17962,76888
2023-06-07 15:00:18,7,11,17962,76888
2023-06-07 15:00:20,7,10,17962,76888
2023-06-07 15:00:20,10,11,18112,77038
2023-06-07 15:00:20,7,11,18112,77038
2023-06-07 15:00:20,8,11,18112,77038
2023-06-07 15:00:24,7,11,18112,77038
2023-06-07 15:00:24,9,11,18112,77038
2023-06-07 15:00:32,10,11,18112,77038
2023-06-07 15:00:35,10,12,18112,77238
2023-06-07 15:00:36,9,12,18112,77238
2023-06-07 15:00:36,11,12,18112,77238
2023-06-07 15:01:48,10,11,18112,77257
2023-06-07 15:02:05,9,10,18112,77276
2023-06-07 15:02:10,8,9,18112,77296
2023-06-07 15:02:10,8,10,18112,77296
2023-06-07 15:02:11,7,10,18112,77296
2023-06-07 15:02:11,9,10,18112,77296
2023-06-07 15:02:12,7,9,17962,77446
2023-06-07 15:02:12,7,10,17962,77446
2023-06-07 15:02:17,7,9,17962,77446
2023-06-07 15:02:18,7,10,17962,77446
2023-06-07 15:02:33,7,9,17962,77446
2023-06-07 15:02:42,8,9,17962,77446
2023-06-07 15:03:18,8,10,17962,77486
2023-06-07 15:03:19,9,10,17962,77486
2023-06-07 15:03:27,9,12,17962,77526
2023-06-07 15:03:27,10,12,17962,77526
2023-06-07 15:04:44,10,11,17962,77526
2023-06-07 15:04:49,9,11,17962,77526
2023-06-07 15:04:49,9,10,17962,77526
2023-06-07 15:04:52,9,11,17962,77526
2023-06-07 15:04:55,9,10,17962,77526
2023-06-07 15:05:01,9,11,17962,77526
2023-06-07 15:05:13,9,12,17962,77526
2023-06-07 15:05:22,10,12,17962,77526
2023-06-07 15:06:27,11,12,17962,77526
2023-06-07 15:07:16,10,11,17962,77566
2023-06-07 15:07:16,10,12,17962,77566
2023-06-07 15:07:19,8,12,17962,77566
2023-06-07 15:07:23,9,12,17962,77566
2023-06-07 15:07:45,9,11,17962,77566
2023-06-07 15:07:53,9,10,17962,77566
2023-06-07 15:07:58,8,9,17962,77576
2023-06-07 15:07:58,8,10,17962,77576
2023-06-07 15:07:59,8,9,17962,77576
2023-06-07 15:08:05,6,9,18002,77622
2023-06-07 15:08:19,6,8,18002,77622
2023-06-07 15:08:20,6,9,18002,77622
2023-06-07 15:09:16,6,8,18002,77622
2023-06-07 15:09:39,6,7,18002,77622
2023-06-07 15:09:44,6,8,18002,77622
2023-06-07 15:10:03,6,7,18002,77622
2023-06-07 15:10:05,5,7,18012,77632
2023-06-07 15:10:13,5,6,18012,77632
2023-06-07 15:10:14,4,6,18022,77642
2023-06-07 15:10:19,4,5,18022,77642
2023-06-07 15:10:32,4,5,18022,77652
2023-06-07 15:10:39,3,4,17989,77695
2023-06-07 15:10:41,3,4,17989,77785
2023-06-07 15:10:46,3,4,17989,77825
2023-06-07 15:10:46,3,4,17989,77865
2023-06-07 15:10:47,3,4,17989,78065
2023-06-07 15:11:08,3,5,17969,78085
2023-06-07 15:11:15,3,4,17969,78085
2023-06-07 15:11:15,3,4,16969,79085
2023-06-07 15:12:05,3,4,16979,79165
2023-06-07 15:12:05,3,4,16979,79285
2023-06-07 15:13:58,3,4,16718,79546
2023-06-07 15:14:12,2,4,16718,79546
2023-06-07 15:14:14,2,3,16718,79546
2023-06-07 15:15:56,2,3,16918,79746
2023-06-07 15:15:57,2,3,17118,79946
2023-06-07 15:16:25,2,3,17218,80046
2023-06-07 15:16:26,2,3,17318,80146
2023-06-07 15:16:27,2,3,17368,80196
2023-06-07 15:16:27,2,3,17468,80296
2023-06-07 15:17:28,1,2,17478,80306
2023-06-07 15:17:34,1,3,17478,80306
2023-06-07 15:20:21,2,3,17478,80306
2023-06-07 15:20:22,3,4,17458,80326
2023-06-07 15:20:37,3,5,17508,80446
2023-06-07 15:20:44,3,7,17558,80496
2023-06-07 15:20:52,4,7,17558,80496
2023-06-07 15:21:20,3,7,17568,80546
2023-06-07 15:21:22,3,6,17568,80546
2023-06-07 15:21:23,3,7,17568,80546
2023-06-07 15:21:23,3,6,17568,80546
2023-06-07 15:21:30,4,6,17568,80546
2023-06-07 15:21:35,3,6,17568,80546
2023-06-07 15:21:52,4,6,17568,80546
2023-06-07 15:21:55,3,6,17568,80546
2023-06-07 15:22:32,3,5,17568,80546
2023-06-07 15:22:59,3,5,17568,80745
2023-06-07 15:23:25,3,4,17568,80745
2023-06-07 15:23:33,3,4,17496,80817
2023-06-07 15:23:39,3,4,17296,81017
2023-06-07 15:23:41,3,4,17296,81207
2023-06-07 15:23:42,3,4,17296,81217
2023-06-07 15:23:43,3,4,17296,81237
2023-06-07 15:24:12,3,4,17296,81277
2023-06-07 15:24:32,3,4,17296,81405
2023-06-07 15:24:32,3,4,17296,81445
2023-06-07 15:24:35,3,4,17296,81475
2023-06-07 15:24:35,3,4,17296,81485
2023-06-07 15:24:45,3,4,17296,81525
2023-06-07 15:25:27,2,3,17227,81604
2023-06-07 15:25:30,2,3,17227,81614
2023-06-07 15:26:27,0,2,17187,81664
2023-06-07 15:26:41,0,1,17187,81664
2023-06-07 15:29:08,0,3,17267,81764
2023-06-07 15:30:42,0,2,17267,81764
2023-06-07 15:31:21,0,3,17267,81764
2023-06-07 15:31:24,0,2,17267,81764
2023-06-07 15:31:42,0,3,17267,81764
2023-06-07 15:31:45,0,2,17267,81764
2023-06-07 15:31:49,0,3,17267,81764
2023-06-07 15:31:54,0,2,17267,81764
2023-06-07 15:32:00,0,3,17267,81764
2023-06-07 15:32:22,1,3,17267,81764
2023-06-07 15:32:25,0,3,17267,81764
2023-06-07 15:32:48,0,1,17267,81764
2023-06-07 15:32:56,0,3,17268,81765
2023-06-07 15:32:57,0,2,17268,81765
2023-06-07 15:33:10,0,1,17268,81765
2023-06-07 15:33:10,0,2,17268,81765
2023-06-07 15:33:15,0,1,17268,81765
2023-06-07 15:33:15,0,2,17268,81765
2023-06-07 15:33:41,0,1,17268,81765
2023-06-07 15:33:42,0,2,17268,81765
2023-06-07 15:33:55,0,1,17268,81765
2023-06-07 15:33:55,0,2,17268,81765
2023-06-07 15:33:57,0,1,17268,81765
2023-06-07 15:33:57,0,2,17268,81765
2023-06-07 15:33:58,0,1,17268,81765
2023-06-07 15:34:02,0,2,17288,81785
2023-06-07 15:34:31,0,1,17288,81785
2023-06-07 15:52:18,0,1,17288,81815
