datetime,bid,ask,open_interest,volume
2023-06-07 10:23:58,0,2,1710,1770
2023-06-07 10:25:32,0,3,1710,1770
2023-06-07 10:25:32,0,2,1710,1770
2023-06-07 10:28:36,0,3,1710,1770
2023-06-07 10:28:36,0,2,1710,1770
2023-06-07 10:35:48,0,3,1710,1770
2023-06-07 10:36:26,0,2,1710,1770
2023-06-07 10:36:30,0,3,1710,1770
2023-06-07 10:36:31,0,2,1710,1770
2023-06-07 10:36:32,0,3,1710,1770
2023-06-07 10:36:38,0,2,1710,1770
2023-06-07 10:36:45,0,3,1710,1770
2023-06-07 10:37:30,1,3,1710,1770
2023-06-07 10:37:31,0,3,1710,1770
2023-06-07 10:37:32,1,3,1710,1770
2023-06-07 10:40:03,1,2,1710,1770
2023-06-07 10:40:09,1,3,1710,1770
2023-06-07 10:44:07,2,3,1710,1770
2023-06-07 10:44:07,2,3,1805,1865
2023-06-07 10:44:07,2,3,1900,1960
2023-06-07 10:44:08,1,3,1900,1960
2023-06-07 10:44:21,1,2,1900,1960
2023-06-07 10:44:25,1,2,2100,2160
2023-06-07 10:44:28,1,2,2200,2260
2023-06-07 10:44:30,1,2,2300,2360
2023-06-07 10:44:31,1,2,2400,2460
2023-06-07 10:44:33,1,2,2500,2560
2023-06-07 10:44:38,2,3,2700,2760
2023-06-07 10:45:26,3,4,3444,3504
2023-06-07 10:45:26,3,4,3644,3704
2023-06-07 10:45:29,2,4,3644,3704
2023-06-07 10:45:34,2,3,3644,3704
2023-06-07 10:50:13,3,4,3744,3804
2023-06-07 10:51:07,2,4,3774,3834
2023-06-07 10:51:56,2,4,3778,3838
2023-06-07 10:52:13,3,4,3778,3838
2023-06-07 10:52:23,4,5,3978,4172
2023-06-07 10:52:29,4,5,4078,4272
2023-06-07 10:52:29,4,5,4178,4372
2023-06-07 10:52:34,4,6,4178,4372
2023-06-07 10:53:27,4,6,4608,4872
2023-06-07 10:53:35,5,6,4608,4872
2023-06-07 10:53:35,5,6,4728,5122
2023-06-07 10:53:35,4,5,4778,5172
2023-06-07 10:54:16,4,5,4878,5272
2023-06-07 10:54:35,5,6,4938,5362
2023-06-07 10:55:22,6,7,4953,5377
2023-06-07 10:55:33,5,7,4953,5377
2023-06-07 10:55:33,6,7,4953,5377
2023-06-07 10:55:37,6,7,4953,5577
2023-06-07 10:55:53,5,6,4953,5607
2023-06-07 10:55:54,5,7,4953,5607
2023-06-07 10:55:56,5,6,4953,5607
2023-06-07 10:56:36,6,7,4953,5637
2023-06-07 10:57:43,5,7,4953,5637
2023-06-07 10:57:56,5,6,4953,5637
2023-06-07 10:57:58,5,7,4953,5637
2023-06-07 10:58:38,5,6,4953,5637
2023-06-07 10:58:59,4,6,4983,5667
2023-06-07 10:59:16,4,5,4983,5667
2023-06-07 11:01:40,3,5,5013,5697
2023-06-07 11:02:42,3,4,5013,5697
2023-06-07 11:04:02,2,4,5043,5727
2023-06-07 11:04:22,2,3,5043,5727
2023-06-07 11:06:57,1,3,5073,5857
2023-06-07 11:07:36,2,3,5073,5857
2023-06-07 11:11:58,2,3,5073,5957
2023-06-07 11:11:59,3,4,5173,6077
2023-06-07 11:12:49,3,4,5313,6217
2023-06-07 11:14:24,3,4,5403,6307
2023-06-07 11:15:45,3,4,5433,6337
2023-06-07 11:15:45,3,4,5463,6367
2023-06-07 11:18:11,4,5,5463,6397
2023-06-07 11:19:16,3,4,5463,6427
2023-06-07 11:21:21,3,4,5463,6627
2023-06-07 11:21:23,3,4,5563,6727
2023-06-07 11:22:28,3,4,5653,6817
2023-06-07 11:23:04,3,4,5683,6847
2023-06-07 11:23:04,3,4,5753,6917
2023-06-07 11:26:07,3,4,5783,6947
2023-06-07 11:26:13,3,4,5953,7117
2023-06-07 11:27:52,2,3,5953,7197
2023-06-07 11:27:53,2,4,5953,7197
2023-06-07 11:28:02,2,3,5953,7197
2023-06-07 11:30:36,2,3,5953,7397
2023-06-07 11:30:57,2,3,5873,7597
2023-06-07 11:31:28,2,3,5973,7697
2023-06-07 11:31:28,2,3,6023,7747
2023-06-07 11:32:06,2,3,6055,7779
2023-06-07 11:33:06,1,3,6103,7827
2023-06-07 11:33:06,1,2,6103,7827
2023-06-07 11:38:46,1,2,6133,7857
2023-06-07 11:43:36,2,3,6143,7977
2023-06-07 11:43:37,1,3,6143,7977
2023-06-07 11:43:38,2,3,6143,7977
2023-06-07 11:44:11,3,4,6233,8067
2023-06-07 11:45:11,3,5,6233,8067
2023-06-07 11:45:11,3,4,6233,8067
2023-06-07 11:47:01,2,3,6166,8220
2023-06-07 11:47:02,2,4,6166,8220
2023-06-07 11:51:18,3,4,6166,8220
2023-06-07 11:51:18,3,4,6166,8250
2023-06-07 11:51:19,2,4,6166,8250
2023-06-07 11:51:22,3,4,6166,8250
2023-06-07 11:51:26,3,4,6193,8300
2023-06-07 11:51:45,3,4,6233,8340
2023-06-07 11:51:45,3,4,6273,8380
2023-06-07 11:51:49,4,5,6321,8428
2023-06-07 11:51:50,3,5,6321,8428
2023-06-07 11:52:03,3,6,6321,8428
2023-06-07 11:52:06,4,6,6321,8428
2023-06-07 11:52:06,4,6,6361,8468
2023-06-07 11:52:10,3,6,6561,8668
2023-06-07 11:52:11,4,6,6561,8668
2023-06-07 11:52:11,4,6,6591,8698
2023-06-07 11:52:11,4,6,6621,8728
2023-06-07 11:52:43,5,6,6621,8728
2023-06-07 11:53:09,5,7,6621,8728
2023-06-07 11:53:44,5,6,6621,8728
2023-06-07 11:54:49,4,5,6621,8778
2023-06-07 11:55:40,4,6,6621,8808
2023-06-07 11:56:32,5,6,6621,8808
2023-06-07 11:56:33,6,7,6651,8838
2023-06-07 11:56:33,6,7,6691,8878
2023-06-07 11:57:06,5,6,6661,8968
2023-06-07 11:57:09,4,6,6661,8968
2023-06-07 11:57:10,5,6,6661,8968
2023-06-07 11:57:58,6,7,6661,8998
2023-06-07 11:58:00,6,7,6731,9068
2023-06-07 11:58:35,6,7,6761,9098
2023-06-07 11:59:09,6,7,6831,9168
2023-06-07 11:59:48,6,7,7081,9418
2023-06-07 11:59:48,6,7,7101,9438
2023-06-07 11:59:49,6,7,7121,9458
2023-06-07 12:00:23,6,7,7321,9658
2023-06-07 12:00:23,6,7,7471,9808
2023-06-07 12:00:24,6,7,7501,9838
2023-06-07 12:00:32,6,7,7501,10038
2023-06-07 12:00:35,5,6,7501,10068
2023-06-07 12:02:05,4,5,7501,10098
2023-06-07 12:04:36,3,4,7501,10373
2023-06-07 12:08:04,3,4,8401,11273
2023-06-07 12:08:14,2,4,8401,11273
2023-06-07 12:08:14,3,4,8401,11273
2023-06-07 12:08:14,4,5,8401,11333
2023-06-07 12:08:14,4,5,8431,11363
2023-06-07 12:08:28,4,5,8431,11563
2023-06-07 12:08:40,3,4,8461,11593
2023-06-07 12:09:33,3,4,8486,11618
2023-06-07 12:11:26,3,4,8516,11648
2023-06-07 12:11:29,2,4,8524,11656
2023-06-07 12:11:57,3,4,8524,11656
2023-06-07 12:12:54,2,4,8524,11656
2023-06-07 12:13:08,3,4,8524,11656
2023-06-07 12:13:11,3,4,8594,11756
2023-06-07 12:13:12,4,6,8594,11821
2023-06-07 12:13:56,5,6,8594,11821
2023-06-07 12:14:26,5,6,8594,12021
2023-06-07 12:15:05,4,6,8594,12021
2023-06-07 12:16:09,5,6,8594,12021
2023-06-07 12:16:23,4,6,8594,12021
2023-06-07 12:16:23,5,6,8594,12021
2023-06-07 12:16:23,5,6,8624,12051
2023-06-07 12:16:43,5,6,8625,12052
2023-06-07 12:16:58,4,6,8625,12052
2023-06-07 12:16:58,5,6,8625,12052
2023-06-07 12:17:37,5,6,8655,12152
2023-06-07 12:18:39,6,7,8710,12252
2023-06-07 12:18:43,6,8,8755,12297
2023-06-07 12:18:54,7,8,8755,12297
2023-06-07 12:18:59,7,9,8755,12297
2023-06-07 12:20:01,8,9,8755,12297
2023-06-07 12:20:36,8,9,8765,12307
2023-06-07 12:21:01,7,9,8765,12307
2023-06-07 12:21:06,8,9,8765,12307
2023-06-07 12:21:33,8,9,8765,12407
2023-06-07 12:21:35,8,9,8765,12507
2023-06-07 12:21:35,8,10,8765,12507
2023-06-07 12:21:35,9,10,8765,12507
2023-06-07 12:22:04,9,10,8865,12607
2023-06-07 12:22:08,9,10,8965,12707
2023-06-07 12:22:10,9,10,9065,12807
2023-06-07 12:22:13,9,10,9165,12907
2023-06-07 12:22:15,9,10,9265,13007
2023-06-07 12:22:16,9,10,9365,13107
2023-06-07 12:22:18,9,10,9465,13207
2023-06-07 12:22:20,9,11,9531,13273
2023-06-07 12:22:39,10,11,9531,13273
2023-06-07 12:22:39,11,12,9591,13333
2023-06-07 12:22:52,11,13,9621,13363
2023-06-07 12:22:53,11,13,9626,13368
2023-06-07 12:23:01,12,13,9626,13368
2023-06-07 12:23:19,12,13,9751,13493
2023-06-07 12:23:24,12,14,9811,13553
2023-06-07 12:24:01,13,14,9811,13553
2023-06-07 12:24:20,12,14,9811,13553
2023-06-07 12:24:39,12,13,9811,13553
2023-06-07 12:24:40,12,14,9811,13553
2023-06-07 12:24:42,12,13,9811,13553
2023-06-07 12:24:43,12,14,9811,13553
2023-06-07 12:25:06,12,17,10374,14553
2023-06-07 12:25:07,13,17,10374,14553
2023-06-07 12:25:07,14,17,10374,14553
2023-06-07 12:25:44,15,17,10374,14553
2023-06-07 12:25:44,14,17,10326,14753
2023-06-07 12:25:45,15,17,10326,14753
2023-06-07 12:25:46,15,17,10326,14783
2023-06-07 12:26:01,16,17,10326,14783
2023-06-07 12:26:11,15,17,10326,14783
2023-06-07 12:26:15,16,17,10326,14783
2023-06-07 12:26:40,16,17,10326,14908
2023-06-07 12:26:57,16,17,10426,15008
2023-06-07 12:26:59,16,17,10526,15108
2023-06-07 12:27:06,16,17,10718,15308
2023-06-07 12:27:07,16,17,10818,15408
2023-06-07 12:27:09,16,18,10907,15497
2023-06-07 12:27:14,16,18,10907,15697
2023-06-07 12:27:16,16,20,10907,15797
2023-06-07 12:27:16,16,19,10907,15797
2023-06-07 12:27:17,17,19,10907,15797
2023-06-07 12:27:17,17,19,10977,15867
2023-06-07 12:27:17,17,20,10977,15867
2023-06-07 12:27:24,18,20,10977,15867
2023-06-07 12:27:43,18,20,11104,15994
2023-06-07 12:27:59,19,20,11104,15994
2023-06-07 12:27:59,19,21,11164,16094
2023-06-07 12:28:06,18,21,11164,16094
2023-06-07 12:28:06,19,21,11164,16094
2023-06-07 12:28:11,19,20,11164,16094
2023-06-07 12:28:29,19,20,11364,16294
2023-06-07 12:28:30,17,19,11304,16354
2023-06-07 12:29:03,17,18,11304,16354
2023-06-07 12:29:27,15,18,11304,16354
2023-06-07 12:29:31,16,18,11304,16354
2023-06-07 12:29:31,16,17,11304,16354
2023-06-07 12:30:15,16,17,11304,16554
2023-06-07 12:30:15,15,17,11304,16584
2023-06-07 12:30:16,15,16,11304,16584
2023-06-07 12:30:47,14,15,11274,16614
2023-06-07 12:30:47,13,14,11274,16814
2023-06-07 12:31:05,12,13,11474,17134
2023-06-07 12:31:37,12,13,11574,17234
2023-06-07 12:31:39,12,13,11674,17334
2023-06-07 12:31:41,12,14,11684,17344
2023-06-07 12:32:13,12,13,11684,17344
2023-06-07 12:32:28,12,14,11684,17344
2023-06-07 12:33:37,12,13,11684,17344
2023-06-07 12:33:38,11,12,11654,17374
2023-06-07 12:34:19,9,11,11534,17494
2023-06-07 12:35:17,9,10,11534,17494
2023-06-07 12:35:21,8,9,11444,17614
2023-06-07 12:36:08,9,11,11444,17644
2023-06-07 12:36:20,9,11,11474,17674
2023-06-07 12:36:23,9,11,11474,17874
2023-06-07 12:36:23,9,11,11574,17974
2023-06-07 12:36:23,9,10,11574,17974
2023-06-07 12:36:23,9,10,11614,18014
2023-06-07 12:36:25,9,10,11614,18014
2023-06-07 12:36:30,8,9,11614,18074
2023-06-07 12:36:40,8,9,11615,18075
2023-06-07 12:37:04,8,9,11615,18575
2023-06-07 12:37:10,9,10,11676,18736
2023-06-07 12:37:11,8,10,11676,18736
2023-06-07 12:37:28,9,10,11676,18736
2023-06-07 12:37:59,9,11,11707,18767
2023-06-07 12:39:33,10,11,11707,18767
2023-06-07 12:40:32,9,11,11707,18767
2023-06-07 12:40:53,9,10,11707,18767
2023-06-07 12:40:55,9,11,11707,18767
2023-06-07 12:41:00,9,10,11707,18767
2023-06-07 12:41:05,8,9,11617,18887
2023-06-07 12:41:51,7,8,11567,19057
2023-06-07 12:42:46,8,10,11567,19177
2023-06-07 12:42:46,8,9,11567,19177
2023-06-07 12:44:36,7,9,11597,19207
2023-06-07 12:44:36,7,8,11597,19207
2023-06-07 12:46:44,7,9,11627,19707
2023-06-07 12:46:50,8,10,11627,19707
2023-06-07 12:46:50,8,9,11627,19707
2023-06-07 12:47:50,7,10,11627,19707
2023-06-07 12:47:50,8,10,11627,19707
2023-06-07 12:48:00,8,9,11627,19707
2023-06-07 12:48:07,7,9,11627,19707
2023-06-07 12:48:10,7,8,11627,19707
2023-06-07 12:48:22,7,9,11627,19707
2023-06-07 12:48:27,7,9,11627,19707
2023-06-07 12:51:23,7,8,11627,19707
2023-06-07 12:51:54,7,10,11627,19707
2023-06-07 12:51:54,8,10,11627,19707
2023-06-07 12:51:54,8,9,11627,19707
2023-06-07 12:52:08,8,10,11627,19707
2023-06-07 12:52:28,9,10,11627,19707
2023-06-07 12:52:28,9,10,11657,19737
2023-06-07 12:53:40,9,11,11687,19767
2023-06-07 12:54:11,10,11,11687,19767
2023-06-07 12:54:13,10,12,11718,19798
2023-06-07 12:54:14,10,13,11834,20298
2023-06-07 12:54:14,12,13,11834,20298
2023-06-07 12:54:15,12,14,11834,20298
2023-06-07 12:54:27,13,14,11834,20298
2023-06-07 12:54:29,15,16,12064,20528
2023-06-07 12:54:29,15,16,12124,20588
2023-06-07 12:54:30,15,16,12324,20788
2023-06-07 12:54:31,15,16,12524,20988
2023-06-07 12:54:34,15,17,12524,20988
2023-06-07 12:54:34,15,17,12724,21188
2023-06-07 12:54:35,15,17,12724,21288
2023-06-07 12:54:36,16,17,12724,21288
2023-06-07 12:54:37,15,16,12824,21388
2023-06-07 12:54:37,15,17,12824,21388
2023-06-07 12:55:04,14,17,12824,21388
2023-06-07 12:55:04,14,15,12824,21388
2023-06-07 12:55:33,13,15,12824,21388
2023-06-07 12:56:05,13,14,12824,21388
2023-06-07 12:56:33,13,14,12624,21588
2023-06-07 12:56:36,13,16,12624,21588
2023-06-07 12:56:36,13,15,12624,21588
2023-06-07 12:57:04,14,15,12624,21588
2023-06-07 12:57:22,14,15,12508,21788
2023-06-07 12:57:22,15,17,12538,21818
2023-06-07 12:57:22,15,16,12538,21818
2023-06-07 12:58:21,17,18,12593,21873
2023-06-07 12:58:28,17,19,12593,21873
2023-06-07 12:58:28,17,18,12593,21873
2023-06-07 12:58:57,17,18,12709,22073
2023-06-07 12:58:58,17,18,12709,22173
2023-06-07 12:59:00,15,18,12709,22218
2023-06-07 12:59:04,15,16,12709,22218
2023-06-07 12:59:14,15,18,12709,22218
2023-06-07 13:00:10,15,17,12709,22218
2023-06-07 13:00:59,16,17,12709,22218
2023-06-07 13:01:04,17,18,12709,22248
2023-06-07 13:01:28,16,18,12709,22248
2023-06-07 13:01:58,14,16,12679,22278
2023-06-07 13:02:51,15,16,12679,22278
2023-06-07 13:02:55,15,18,12679,22278
2023-06-07 13:02:57,15,16,12679,22278
2023-06-07 13:03:56,15,18,12679,22278
2023-06-07 13:03:59,15,16,12679,22278
2023-06-07 13:04:35,15,16,12593,22478
2023-06-07 13:04:38,15,19,12593,22478
2023-06-07 13:04:38,17,19,12593,22478
2023-06-07 13:04:38,17,18,12593,22478
2023-06-07 13:05:37,16,18,12593,22478
2023-06-07 13:06:00,17,18,12593,22478
2023-06-07 13:06:02,19,20,12623,22508
2023-06-07 13:06:08,17,19,12623,22553
2023-06-07 13:06:16,17,18,12623,22553
2023-06-07 13:06:16,17,19,12829,23053
2023-06-07 13:06:21,17,18,12829,23053
2023-06-07 13:06:23,15,16,12739,23143
2023-06-07 13:06:36,15,17,12739,23143
2023-06-07 13:06:36,14,15,12649,23233
2023-06-07 13:07:22,14,15,12481,23566
2023-06-07 13:07:23,13,15,12481,23566
2023-06-07 13:07:37,14,15,12481,23566
2023-06-07 13:08:34,13,15,12481,23566
2023-06-07 13:08:39,14,15,12481,23566
2023-06-07 13:09:40,13,15,12481,23566
2023-06-07 13:09:50,13,14,12481,23566
2023-06-07 13:09:56,12,14,12481,23566
2023-06-07 13:09:56,11,14,12481,23566
2023-06-07 13:09:56,12,14,12481,23566
2023-06-07 13:09:56,12,13,12481,23566
2023-06-07 13:10:31,11,13,12481,23566
2023-06-07 13:10:31,10,13,12481,23566
2023-06-07 13:10:31,10,12,12481,23566
2023-06-07 13:11:34,10,11,12481,23566
2023-06-07 13:11:41,10,11,12443,23766
2023-06-07 13:11:41,10,11,12443,23866
2023-06-07 13:11:43,10,11,12443,23966
2023-06-07 13:11:44,10,12,12443,23966
2023-06-07 13:11:49,11,12,12443,23966
2023-06-07 13:11:50,10,12,12443,23966
2023-06-07 13:12:41,11,12,12443,23966
2023-06-07 13:12:48,11,12,12453,24066
2023-06-07 13:12:49,11,13,12473,24086
2023-06-07 13:12:52,13,14,12593,24206
2023-06-07 13:12:52,13,16,12623,24236
2023-06-07 13:12:52,13,16,12623,24236
2023-06-07 13:13:34,14,16,12623,24236
2023-06-07 13:14:08,15,16,12623,24236
2023-06-07 13:14:11,15,17,12683,24296
2023-06-07 13:14:40,15,18,12713,24326
2023-06-07 13:14:41,16,18,12713,24326
2023-06-07 13:15:02,17,18,12713,24326
2023-06-07 13:15:07,17,19,12743,24356
2023-06-07 13:15:20,18,19,12743,24356
2023-06-07 13:15:22,18,20,12773,24386
2023-06-07 13:15:48,19,20,12773,24386
2023-06-07 13:15:51,19,22,12803,24416
2023-06-07 13:15:55,20,22,12803,24416
2023-06-07 13:15:57,19,22,12803,24416
2023-06-07 13:16:08,19,21,12803,24416
2023-06-07 13:16:12,18,21,12803,24416
2023-06-07 13:16:15,18,20,12803,24416
2023-06-07 13:16:21,18,19,12803,24416
2023-06-07 13:16:31,15,19,12803,24416
2023-06-07 13:16:36,15,18,12803,24416
2023-06-07 13:16:52,17,18,12803,24416
2023-06-07 13:17:02,17,19,12803,24416
2023-06-07 13:17:07,18,19,12803,24416
2023-06-07 13:17:12,18,19,12803,24616
2023-06-07 13:17:14,17,19,12743,24676
2023-06-07 13:17:58,18,19,12743,24676
2023-06-07 13:18:00,20,21,12773,24706
2023-06-07 13:18:01,20,21,12973,24906
2023-06-07 13:18:32,19,21,12973,24906
2023-06-07 13:18:32,20,21,12973,24906
2023-06-07 13:18:32,22,23,13033,24966
2023-06-07 13:19:32,21,23,13033,24966
2023-06-07 13:19:47,22,23,13033,24966
2023-06-07 13:19:50,22,23,13063,25166
2023-06-07 13:19:52,22,25,13063,25166
2023-06-07 13:19:52,22,26,13063,25166
2023-06-07 13:19:52,24,26,13063,25166
2023-06-07 13:20:03,24,25,13063,25166
2023-06-07 13:20:04,24,25,13063,25366
2023-06-07 13:20:07,24,25,13151,25566
2023-06-07 13:20:09,22,24,13276,25691
2023-06-07 13:20:09,22,25,13276,25691
2023-06-07 13:20:09,23,25,13276,25691
2023-06-07 13:20:09,23,24,13276,25691
2023-06-07 13:20:35,22,24,13276,25691
2023-06-07 13:20:35,22,23,13276,25691
2023-06-07 13:20:50,23,24,13188,25841
2023-06-07 13:20:51,22,24,13188,25841
2023-06-07 13:20:55,24,25,13218,25871
2023-06-07 13:20:58,25,27,13248,25901
2023-06-07 13:20:58,25,26,13248,25901
2023-06-07 13:21:27,24,26,13248,25901
2023-06-07 13:21:29,26,28,13308,25961
2023-06-07 13:21:30,26,29,13308,25961
2023-06-07 13:21:30,26,28,13308,25961
2023-06-07 13:21:31,27,28,13308,25961
2023-06-07 13:22:04,26,28,13308,25961
2023-06-07 13:22:06,27,28,13308,25961
2023-06-07 13:22:10,26,28,13308,25961
2023-06-07 13:22:13,24,28,13308,25961
2023-06-07 13:22:22,24,27,13308,25961
2023-06-07 13:22:23,24,26,13308,25961
2023-06-07 13:22:35,24,26,13298,25971
2023-06-07 13:22:36,24,25,13298,25971
2023-06-07 13:22:43,22,24,13208,26061
2023-06-07 13:22:55,22,23,13208,26061
2023-06-07 13:22:56,20,22,13088,26181
2023-06-07 13:23:33,22,24,13118,26211
2023-06-07 13:24:32,21,24,13118,26211
2023-06-07 13:24:33,22,24,13118,26211
2023-06-07 13:24:33,22,23,13118,26211
2023-06-07 13:25:30,21,23,13118,26211
2023-06-07 13:25:31,21,23,13118,26211
2023-06-07 13:25:35,23,24,13148,26241
2023-06-07 13:26:09,23,24,13152,26245
2023-06-07 13:26:36,24,25,13178,26271
2023-06-07 13:26:52,23,24,13178,26395
2023-06-07 13:26:53,23,25,13178,26395
2023-06-07 13:27:05,22,23,13174,26399
2023-06-07 13:27:40,22,24,13174,26549
2023-06-07 13:27:50,22,25,13174,26549
2023-06-07 13:27:54,22,24,13174,26549
2023-06-07 13:27:57,22,25,13174,26549
2023-06-07 13:28:04,22,24,13174,26549
2023-06-07 13:28:06,22,23,13174,26549
2023-06-07 13:28:52,21,22,13150,26609
2023-06-07 13:28:54,21,22,13064,26709
2023-06-07 13:28:54,19,22,13064,26709
2023-06-07 13:28:54,19,21,13064,26709
2023-06-07 13:29:56,19,20,13064,26709
2023-06-07 13:29:59,19,20,13028,26909
2023-06-07 13:29:59,21,22,13088,27069
2023-06-07 13:29:59,19,21,13128,27109
2023-06-07 13:29:59,19,22,13128,27109
2023-06-07 13:30:01,21,22,13128,27109
2023-06-07 13:30:48,20,22,13128,27109
2023-06-07 13:30:48,21,22,13128,27109
2023-06-07 13:30:48,23,25,13158,27139
2023-06-07 13:30:52,23,24,13158,27139
2023-06-07 13:30:57,23,25,13158,27139
2023-06-07 13:31:35,24,25,13158,27139
2023-06-07 13:31:36,26,27,13218,27199
2023-06-07 13:31:37,26,27,13418,27399
2023-06-07 13:32:11,26,28,13448,27429
2023-06-07 13:32:17,27,28,13448,27429
2023-06-07 13:32:18,27,28,13448,27529
2023-06-07 13:32:20,27,28,13448,27629
2023-06-07 13:32:23,28,31,13478,27659
2023-06-07 13:32:50,29,31,13478,27659
2023-06-07 13:33:02,29,31,13278,27859
2023-06-07 13:33:06,29,31,13203,27934
2023-06-07 13:33:07,29,30,13203,27934
2023-06-07 13:33:08,29,30,13203,28134
2023-06-07 13:33:08,28,29,13178,28159
2023-06-07 13:33:17,29,30,13128,28239
2023-06-07 13:33:18,29,30,13028,28339
2023-06-07 13:33:21,29,30,12928,28439
2023-06-07 13:33:22,29,30,12828,28539
2023-06-07 13:33:23,28,29,12708,28659
2023-06-07 13:33:24,28,30,12708,28659
2023-06-07 13:33:36,28,29,12708,28659
2023-06-07 13:33:43,28,29,12708,28759
2023-06-07 13:33:44,26,29,12678,28839
2023-06-07 13:33:45,26,29,12674,28843
2023-06-07 13:33:45,24,29,12674,28843
2023-06-07 13:33:46,26,29,12674,28843
2023-06-07 13:33:46,26,27,12674,28843
2023-06-07 13:33:53,27,29,12524,28993
2023-06-07 13:35:14,28,29,12524,28993
2023-06-07 13:35:40,29,30,12374,29173
2023-06-07 13:36:18,29,30,12334,29373
2023-06-07 13:36:19,28,29,12334,29493
2023-06-07 13:36:20,28,30,12334,29493
2023-06-07 13:36:22,28,29,12334,29493
2023-06-07 13:36:22,26,29,12334,29493
2023-06-07 13:36:22,26,27,12334,29493
2023-06-07 13:36:30,27,29,12259,29568
2023-06-07 13:36:32,27,29,12159,29668
2023-06-07 13:37:07,26,29,11974,29853
2023-06-07 13:37:13,27,29,11974,29853
2023-06-07 13:37:17,28,29,11974,29853
2023-06-07 13:37:33,29,30,11974,29883
2023-06-07 13:37:41,29,30,11804,30083
2023-06-07 13:37:45,29,31,11804,30083
2023-06-07 13:37:45,30,31,11804,30083
2023-06-07 13:38:44,29,31,11804,30083
2023-06-07 13:38:45,30,31,11804,30083
2023-06-07 13:38:58,30,31,11754,30283
2023-06-07 13:38:59,30,31,11754,30358
2023-06-07 13:39:00,31,33,11784,30533
2023-06-07 13:39:00,30,33,11809,30558
2023-06-07 13:39:34,31,33,11809,30558
2023-06-07 13:39:37,30,33,11809,30558
2023-06-07 13:39:38,31,33,11809,30558
2023-06-07 13:39:41,30,33,11809,30558
2023-06-07 13:39:48,31,33,11809,30558
2023-06-07 13:39:54,30,33,11809,30558
2023-06-07 13:39:56,32,33,11809,30558
2023-06-07 13:39:56,32,33,11809,30584
2023-06-07 13:40:00,33,34,11839,30614
2023-06-07 13:40:00,33,34,11843,30618
2023-06-07 13:40:20,33,34,11843,30818
2023-06-07 13:40:23,32,34,11843,30884
2023-06-07 13:40:26,32,33,11843,30884
2023-06-07 13:40:33,32,33,11768,30959
2023-06-07 13:40:33,31,32,11768,30988
2023-06-07 13:40:33,31,33,11719,31038
2023-06-07 13:40:35,31,32,11719,31038
2023-06-07 13:40:58,30,32,11719,31038
2023-06-07 13:41:28,29,30,11689,31068
2023-06-07 13:41:29,29,30,11659,31098
2023-06-07 13:41:32,30,32,11659,31238
2023-06-07 13:41:38,30,32,11659,31438
2023-06-07 13:41:48,28,30,11659,31538
2023-06-07 13:42:09,28,30,11639,31588
2023-06-07 13:42:15,29,30,11639,31588
2023-06-07 13:42:29,29,30,11574,31653
2023-06-07 13:42:34,29,32,11574,31653
2023-06-07 13:42:34,29,33,11574,31653
2023-06-07 13:42:34,29,32,11574,31653
2023-06-07 13:42:36,29,33,11574,31653
2023-06-07 13:43:03,29,32,11574,31653
2023-06-07 13:43:12,29,31,11574,31653
2023-06-07 13:43:14,28,31,11574,31653
2023-06-07 13:43:27,28,30,11574,31653
2023-06-07 13:43:35,28,31,11574,31653
2023-06-07 13:43:44,28,30,11574,31653
2023-06-07 13:43:48,28,29,11574,31653
2023-06-07 13:43:51,28,30,11574,31653
2023-06-07 13:43:52,28,29,11574,31653
2023-06-07 13:43:58,27,29,11574,31653
2023-06-07 13:44:01,27,30,11574,31653
2023-06-07 13:44:07,27,29,11574,31653
2023-06-07 13:44:12,27,28,11574,31653
2023-06-07 13:44:13,26,27,11514,31713
2023-06-07 13:44:50,25,26,11424,31803
2023-06-07 13:44:51,25,27,11424,31803
2023-06-07 13:44:59,25,26,11424,31803
2023-06-07 13:45:02,23,25,11364,31863
2023-06-07 13:45:22,23,25,11364,32363
2023-06-07 13:45:27,23,24,11364,32363
2023-06-07 13:45:31,21,24,11364,32363
2023-06-07 13:45:31,21,23,11364,32363
2023-06-07 13:45:45,22,23,11364,32363
2023-06-07 13:45:48,21,23,11364,32363
2023-06-07 13:45:53,22,23,11364,32363
2023-06-07 13:46:07,21,23,11364,32363
2023-06-07 13:46:32,21,22,11364,32363
2023-06-07 13:47:03,21,22,11364,32463
2023-06-07 13:47:04,22,23,11394,32543
2023-06-07 13:47:05,21,23,11394,32543
2023-06-07 13:47:06,22,23,11394,32543
2023-06-07 13:47:06,23,24,11424,32573
2023-06-07 13:47:07,23,24,11424,32648
2023-06-07 13:47:08,22,24,11424,32648
2023-06-07 13:47:08,22,26,11424,32648
2023-06-07 13:47:08,23,26,11424,32648
2023-06-07 13:47:08,23,24,11424,32648
2023-06-07 13:47:10,23,24,11424,32748
2023-06-07 13:47:12,23,26,11424,32798
2023-06-07 13:47:12,23,24,11424,32798
2023-06-07 13:47:13,23,26,11454,32828
2023-06-07 13:47:14,23,27,11454,32828
2023-06-07 13:47:14,23,26,11454,32828
2023-06-07 13:47:14,25,26,11454,32828
2023-06-07 13:47:14,25,27,11454,32828
2023-06-07 13:47:30,25,27,11474,32848
2023-06-07 13:47:30,25,27,11474,32848
2023-06-07 13:47:41,25,26,11474,32848
2023-06-07 13:47:46,25,26,11484,32858
2023-06-07 13:47:46,25,26,11549,32923
2023-06-07 13:47:52,25,26,11549,33123
2023-06-07 13:48:05,25,26,11569,33143
2023-06-07 13:48:07,23,25,11569,33203
2023-06-07 13:48:16,23,25,11569,33278
2023-06-07 13:48:40,23,25,11539,33443
2023-06-07 13:48:41,22,25,11539,33443
2023-06-07 13:48:46,22,26,11569,33473
2023-06-07 13:48:52,24,26,11569,33473
2023-06-07 13:48:55,24,27,11599,33503
2023-06-07 13:49:00,25,27,11599,33503
2023-06-07 13:49:01,25,29,11629,33533
2023-06-07 13:49:01,25,28,11629,33533
2023-06-07 13:49:03,25,29,11629,33533
2023-06-07 13:49:03,25,28,11629,33533
2023-06-07 13:50:32,26,28,11629,33533
2023-06-07 13:50:35,26,29,11689,33593
2023-06-07 13:50:44,26,29,11689,33793
2023-06-07 13:51:04,25,26,11599,33883
2023-06-07 13:51:05,25,26,11599,33983
2023-06-07 13:51:05,26,28,11489,34093
2023-06-07 13:51:05,25,28,11489,34093
2023-06-07 13:51:12,25,27,11489,34093
2023-06-07 13:51:28,25,28,11519,34123
2023-06-07 13:51:36,25,29,11549,34153
2023-06-07 13:51:39,26,29,11549,34153
2023-06-07 13:51:42,26,29,11549,34253
2023-06-07 13:51:43,26,29,11549,34353
2023-06-07 13:52:34,26,28,11549,34353
2023-06-07 13:52:36,26,27,11549,34353
2023-06-07 13:52:39,25,27,11549,34353
2023-06-07 13:53:05,25,26,11549,34353
2023-06-07 13:53:09,25,27,11549,34353
2023-06-07 13:53:13,24,27,11549,34353
2023-06-07 13:53:18,24,28,11549,34353
2023-06-07 13:53:22,24,27,11549,34353
2023-06-07 13:53:30,24,28,11549,34353
2023-06-07 13:53:38,26,28,11549,34353
2023-06-07 13:54:07,26,27,11549,34353
2023-06-07 13:54:11,26,28,11549,34353
2023-06-07 13:54:14,26,27,11549,34353
2023-06-07 13:54:19,24,26,11489,34513
2023-06-07 13:54:20,24,27,11489,34513
2023-06-07 13:54:28,24,26,11489,34513
2023-06-07 13:54:29,24,27,11489,34513
2023-06-07 13:54:30,24,26,11489,34513
2023-06-07 13:54:31,24,25,11489,34513
2023-06-07 13:55:27,22,23,11429,34573
2023-06-07 13:55:51,20,21,11369,34633
2023-06-07 13:56:05,19,20,11339,34713
2023-06-07 13:56:06,19,21,11339,34713
2023-06-07 13:56:08,18,19,11339,34716
2023-06-07 13:56:22,17,19,11339,34716
2023-06-07 13:56:50,16,19,11339,34716
2023-06-07 13:56:50,16,17,11339,34716
2023-06-07 13:56:54,16,17,11339,34816
2023-06-07 13:56:55,16,19,11339,34866
2023-06-07 13:57:36,16,18,11339,34866
2023-06-07 13:57:52,16,17,11339,34866
2023-06-07 13:57:57,16,17,11339,34966
2023-06-07 13:58:14,16,17,11339,35066
2023-06-07 13:58:16,16,18,11339,35116
2023-06-07 13:58:28,17,18,11339,35116
2023-06-07 13:58:34,17,19,11369,35146
2023-06-07 13:59:06,17,18,11369,35146
2023-06-07 13:59:27,16,18,11369,35176
2023-06-07 13:59:58,17,18,11369,35176
2023-06-07 14:00:50,17,18,11519,35326
2023-06-07 14:00:52,16,18,11519,35326
2023-06-07 14:00:52,15,16,11459,35386
2023-06-07 14:01:19,13,16,11459,35386
2023-06-07 14:01:19,13,15,11459,35386
2023-06-07 14:02:16,13,16,11459,35386
2023-06-07 14:02:16,13,17,11459,35386
2023-06-07 14:02:16,14,17,11459,35386
2023-06-07 14:02:16,14,16,11459,35386
2023-06-07 14:02:53,14,15,11459,35386
2023-06-07 14:02:57,13,14,11399,35446
2023-06-07 14:04:46,14,15,11409,35456
2023-06-07 14:04:46,14,15,11466,35513
2023-06-07 14:05:01,13,15,11466,35513
2023-06-07 14:05:02,13,14,11466,35513
2023-06-07 14:05:02,11,13,11426,35553
2023-06-07 14:05:27,11,12,11426,35553
2023-06-07 14:05:38,11,12,11526,35653
2023-06-07 14:05:53,10,11,11486,35693
2023-06-07 14:05:55,10,12,11486,35693
2023-06-07 14:05:55,10,11,11486,35693
2023-06-07 14:06:06,10,12,11486,35693
2023-06-07 14:07:02,10,11,11486,35693
2023-06-07 14:07:04,9,10,11371,35808
2023-06-07 14:07:44,9,10,11171,36008
2023-06-07 14:07:45,10,11,11063,36116
2023-06-07 14:07:45,9,11,11063,36116
2023-06-07 14:07:47,9,12,11063,36116
2023-06-07 14:07:47,10,12,11063,36116
2023-06-07 14:08:50,10,12,11183,36616
2023-06-07 14:08:50,10,13,11183,36616
2023-06-07 14:08:55,10,12,11183,36616
2023-06-07 14:09:03,10,13,11183,36616
2023-06-07 14:09:18,10,12,11183,36616
2023-06-07 14:09:49,10,11,11183,36616
2023-06-07 14:10:30,10,12,11183,36616
2023-06-07 14:10:30,10,13,11183,36616
2023-06-07 14:10:30,11,13,11183,36616
2023-06-07 14:10:30,11,12,11183,36616
2023-06-07 14:10:31,11,12,11223,36656
2023-06-07 14:11:29,11,13,11223,36656
2023-06-07 14:12:00,12,13,11223,36656
2023-06-07 14:12:02,12,13,11223,36856
2023-06-07 14:12:03,12,14,11223,36856
2023-06-07 14:12:03,13,14,11223,36856
2023-06-07 14:12:03,12,16,11223,36856
2023-06-07 14:12:03,12,13,11223,36856
2023-06-07 14:12:03,13,15,11308,36941
2023-06-07 14:12:03,14,15,11308,36941
2023-06-07 14:12:03,13,15,11352,36985
2023-06-07 14:12:19,15,16,11362,37129
2023-06-07 14:12:19,15,19,11362,37129
2023-06-07 14:12:19,15,18,11362,37129
2023-06-07 14:12:19,15,17,11362,37129
2023-06-07 14:12:43,15,16,11362,37129
2023-06-07 14:13:14,15,16,11362,37329
2023-06-07 14:13:15,14,16,11362,37329
2023-06-07 14:13:15,12,16,11362,37329
2023-06-07 14:13:15,14,16,11362,37329
2023-06-07 14:13:25,14,15,11362,37329
2023-06-07 14:13:28,14,16,11362,37329
2023-06-07 14:13:31,14,15,11362,37329
2023-06-07 14:14:14,11,15,11362,37329
2023-06-07 14:14:18,12,15,11362,37329
2023-06-07 14:14:18,12,14,11362,37329
2023-06-07 14:14:42,12,13,11362,37329
2023-06-07 14:14:49,11,12,11322,37369
2023-06-07 14:14:49,11,12,11162,37544
2023-06-07 14:15:17,10,11,11162,37559
2023-06-07 14:15:18,9,10,11162,37569
2023-06-07 14:15:49,8,9,11342,37749
2023-06-07 14:15:53,7,9,11342,37749
2023-06-07 14:16:52,7,9,11342,37949
2023-06-07 14:16:54,7,9,11342,38149
2023-06-07 14:17:00,7,9,11342,38169
2023-06-07 14:17:17,8,9,11342,38169
2023-06-07 14:17:52,8,9,11312,38199
2023-06-07 14:20:03,8,9,11249,38399
2023-06-07 14:20:13,8,9,11249,38409
2023-06-07 14:20:13,8,9,11249,38419
2023-06-07 14:20:13,7,9,11249,38419
2023-06-07 14:20:18,7,8,11249,38419
2023-06-07 14:20:23,6,7,11259,38479
2023-06-07 14:20:25,6,7,11332,38552
2023-06-07 14:20:25,6,7,11405,38625
2023-06-07 14:20:59,5,6,11405,38739
2023-06-07 14:21:32,6,8,11375,38769
2023-06-07 14:21:56,6,8,11375,38773
2023-06-07 14:21:59,6,8,11375,38895
2023-06-07 14:21:59,6,8,11375,38929
2023-06-07 14:22:23,7,8,11375,38929
2023-06-07 14:22:24,7,8,11415,38969
2023-06-07 14:22:59,8,9,11425,38999
2023-06-07 14:24:02,7,9,11425,38999
2023-06-07 14:25:46,8,9,11425,38999
2023-06-07 14:25:57,9,11,11430,39004
2023-06-07 14:26:21,10,11,11430,39004
2023-06-07 14:26:29,11,12,11430,39014
2023-06-07 14:27:34,13,15,11430,39124
2023-06-07 14:27:35,13,16,11430,39124
2023-06-07 14:27:36,11,16,11430,39124
2023-06-07 14:27:47,11,15,11430,39124
2023-06-07 14:27:51,11,14,11430,39124
2023-06-07 14:28:19,11,13,11430,39124
2023-06-07 14:28:23,11,12,11430,39124
2023-06-07 14:28:27,11,12,11335,39224
2023-06-07 14:28:29,10,12,11295,39264
2023-06-07 14:28:31,10,11,11295,39264
2023-06-07 14:28:36,8,11,11295,39304
2023-06-07 14:29:10,8,10,11295,39304
2023-06-07 14:29:13,8,11,11295,39304
2023-06-07 14:29:20,8,10,11295,39304
2023-06-07 14:30:28,9,10,11295,39304
2023-06-07 14:30:28,9,10,11305,39314
2023-06-07 14:30:31,10,12,11265,39354
2023-06-07 14:30:31,9,12,11265,39354
2023-06-07 14:30:31,9,11,11265,39354
2023-06-07 14:30:32,9,12,11265,39354
2023-06-07 14:30:59,9,11,11265,39354
2023-06-07 14:31:05,9,12,11265,39354
2023-06-07 14:31:05,9,11,11265,39354
2023-06-07 14:31:44,10,11,11265,39354
2023-06-07 14:31:55,11,12,11260,39359
2023-06-07 14:32:25,12,14,11303,39464
2023-06-07 14:32:28,12,16,11303,39464
2023-06-07 14:32:28,13,16,11303,39464
2023-06-07 14:32:28,13,15,11303,39464
2023-06-07 14:32:31,13,16,11303,39464
2023-06-07 14:32:47,13,15,11303,39464
2023-06-07 14:32:59,15,18,11313,39474
2023-06-07 14:32:59,15,17,11313,39474
2023-06-07 14:32:59,15,17,11323,39484
2023-06-07 14:32:59,15,17,11333,39494
2023-06-07 14:32:59,15,18,11333,39494
2023-06-07 14:32:59,15,17,11333,39494
2023-06-07 14:33:00,15,16,11333,39494
2023-06-07 14:33:00,15,16,11343,39504
2023-06-07 14:33:08,15,16,11375,39536
2023-06-07 14:33:19,17,19,11385,39546
2023-06-07 14:33:19,17,19,11443,39604
2023-06-07 14:33:19,17,18,11443,39604
2023-06-07 14:33:19,17,19,11443,39604
2023-06-07 14:33:21,15,19,11443,39644
2023-06-07 14:33:35,16,19,11443,39644
2023-06-07 14:33:44,17,19,11443,39644
2023-06-07 14:33:46,16,19,11443,39644
2023-06-07 14:33:47,17,19,11443,39644
2023-06-07 14:33:48,19,20,11453,39654
2023-06-07 14:33:48,19,20,11463,39664
2023-06-07 14:34:25,20,22,11473,39782
2023-06-07 14:34:25,20,21,11473,39782
2023-06-07 14:34:25,20,21,11483,39792
2023-06-07 14:34:25,20,25,11483,39792
2023-06-07 14:34:25,20,24,11483,39792
2023-06-07 14:34:25,21,24,11483,39792
2023-06-07 14:34:25,20,24,11590,39899
2023-06-07 14:34:26,19,24,11590,39899
2023-06-07 14:34:30,19,23,11590,39899
2023-06-07 14:34:30,19,22,11590,39899
2023-06-07 14:34:42,20,22,11590,39899
2023-06-07 14:34:43,19,22,11590,39899
2023-06-07 14:34:48,20,22,11590,39899
2023-06-07 14:34:52,23,26,11600,39909
2023-06-07 14:34:52,23,25,11600,39909
2023-06-07 14:34:53,23,26,11600,39909
2023-06-07 14:34:53,23,24,11600,39909
2023-06-07 14:35:25,23,25,11610,39919
2023-06-07 14:35:26,23,26,11610,39919
2023-06-07 14:35:27,24,26,11610,39919
2023-06-07 14:35:28,25,26,11610,39919
2023-06-07 14:35:30,25,30,11630,39939
2023-06-07 14:35:30,25,29,11630,39939
2023-06-07 14:35:30,28,29,11630,39939
2023-06-07 14:35:30,26,29,11700,40009
2023-06-07 14:35:34,27,29,11700,40009
2023-06-07 14:35:35,28,29,11700,40009
2023-06-07 14:35:35,28,30,11720,40029
2023-06-07 14:35:52,26,30,11720,40029
2023-06-07 14:35:52,28,30,11720,40029
2023-06-07 14:35:54,28,29,11720,40029
2023-06-07 14:36:03,28,30,11720,40029
2023-06-07 14:36:12,28,29,11720,40029
2023-06-07 14:36:13,22,29,11720,40029
2023-06-07 14:36:13,25,29,11720,40029
2023-06-07 14:36:14,25,27,11720,40029
2023-06-07 14:36:15,23,25,11720,40098
2023-06-07 14:36:25,23,27,11720,40098
2023-06-07 14:36:49,23,26,11720,40098
2023-06-07 14:36:51,23,27,11720,40098
2023-06-07 14:36:53,23,26,11720,40098
2023-06-07 14:36:58,23,25,11720,40098
2023-06-07 14:37:03,19,23,11720,40118
2023-06-07 14:37:16,20,23,11720,40118
2023-06-07 14:38:33,20,22,11720,40118
2023-06-07 14:38:35,19,22,11720,40118
2023-06-07 14:38:35,17,22,11720,40118
2023-06-07 14:39:04,17,23,11720,40118
2023-06-07 14:39:05,17,22,11720,40118
2023-06-07 14:39:20,17,21,11720,40118
2023-06-07 14:39:21,17,20,11720,40118
2023-06-07 14:39:23,17,21,11720,40118
2023-06-07 14:39:23,16,21,11720,40118
2023-06-07 14:39:30,16,22,11720,40118
2023-06-07 14:39:33,16,21,11720,40118
2023-06-07 14:39:34,16,22,11720,40118
2023-06-07 14:39:36,16,21,11720,40118
2023-06-07 14:40:09,18,21,11720,40118
2023-06-07 14:40:25,18,19,11720,40118
2023-06-07 14:40:26,16,19,11690,40148
2023-06-07 14:40:37,16,18,11690,40148
2023-06-07 14:40:38,16,19,11690,40148
2023-06-07 14:41:06,18,19,11690,40148
2023-06-07 14:41:10,19,22,11700,40158
2023-06-07 14:41:23,20,22,11700,40158
2023-06-07 14:41:23,22,23,11710,40168
2023-06-07 14:41:23,22,23,11720,40178
2023-06-07 14:41:23,22,23,11730,40188
2023-06-07 14:42:26,21,23,11730,40198
2023-06-07 14:42:26,21,22,11730,40198
2023-06-07 14:42:38,21,22,11750,40218
2023-06-07 14:42:38,21,22,11770,40238
2023-06-07 14:42:39,19,22,11859,40327
2023-06-07 14:42:52,18,22,11859,40327
2023-06-07 14:43:04,19,22,11859,40327
2023-06-07 14:43:18,20,22,11859,40327
2023-06-07 14:43:26,20,23,11879,40347
2023-06-07 14:43:28,22,23,11879,40347
2023-06-07 14:43:32,23,29,11899,40367
2023-06-07 14:43:32,23,29,11909,40377
2023-06-07 14:43:32,23,28,11909,40377
2023-06-07 14:43:33,22,28,11909,40377
2023-06-07 14:43:34,22,27,11909,40377
2023-06-07 14:43:34,22,26,11909,40377
2023-06-07 14:44:13,19,26,11909,40377
2023-06-07 14:44:14,19,25,11909,40377
2023-06-07 14:44:15,20,25,11909,40377
2023-06-07 14:44:18,20,26,11909,40377
2023-06-07 14:44:18,20,25,11909,40377
2023-06-07 14:44:19,20,26,11909,40377
2023-06-07 14:44:20,21,26,11909,40377
2023-06-07 14:44:41,21,25,11909,40377
2023-06-07 14:45:01,22,25,11909,40377
2023-06-07 14:45:05,23,25,11909,40377
2023-06-07 14:45:38,24,25,11909,40377
2023-06-07 14:45:40,24,26,11919,40387
2023-06-07 14:45:44,25,26,11919,40387
2023-06-07 14:45:49,25,29,11929,40397
2023-06-07 14:45:49,25,28,11929,40397
2023-06-07 14:45:51,25,29,11929,40397
2023-06-07 14:45:54,23,28,11929,40397
2023-06-07 14:45:54,22,28,11929,40397
2023-06-07 14:45:54,21,28,11929,40397
2023-06-07 14:45:54,21,27,11929,40397
2023-06-07 14:45:54,23,27,11929,40397
2023-06-07 14:45:54,23,26,11929,40397
2023-06-07 14:46:12,21,26,11929,40397
2023-06-07 14:46:35,22,26,11929,40397
2023-06-07 14:47:23,24,26,11929,40397
2023-06-07 14:47:24,25,26,11929,40397
2023-06-07 14:47:32,25,26,11939,40407
2023-06-07 14:47:44,23,26,11939,40407
2023-06-07 14:47:44,22,26,11939,40407
2023-06-07 14:47:44,23,26,11939,40407
2023-06-07 14:47:50,23,25,11939,40407
2023-06-07 14:47:50,21,25,11939,40407
2023-06-07 14:47:57,21,24,11939,40407
2023-06-07 14:48:00,21,22,11939,40407
2023-06-07 14:48:06,21,22,11939,40417
2023-06-07 14:48:10,21,25,11939,40417
2023-06-07 14:48:10,21,24,11939,40417
2023-06-07 14:48:12,19,24,11939,40417
2023-06-07 14:48:24,20,24,11939,40417
2023-06-07 14:48:46,21,24,11939,40417
2023-06-07 14:48:54,22,24,11939,40417
2023-06-07 14:49:03,23,24,11939,40417
2023-06-07 14:49:05,24,26,11949,40427
2023-06-07 14:49:05,24,26,11959,40437
2023-06-07 14:49:05,24,25,11959,40437
2023-06-07 14:49:05,24,26,11959,40437
2023-06-07 14:49:05,25,26,11959,40437
2023-06-07 14:49:33,24,26,11959,40437
2023-06-07 14:49:49,25,26,11959,40437
2023-06-07 14:50:01,25,26,11979,40457
2023-06-07 14:50:08,25,27,11989,40467
2023-06-07 14:50:10,26,27,11989,40467
2023-06-07 14:50:12,28,29,11999,40477
2023-06-07 14:50:40,24,29,11999,40477
2023-06-07 14:50:41,25,29,11999,40477
2023-06-07 14:50:45,26,29,11999,40477
2023-06-07 14:51:11,27,29,11999,40477
2023-06-07 14:51:42,24,29,11999,40477
2023-06-07 14:52:05,26,29,11999,40477
2023-06-07 14:52:17,24,29,11999,40477
2023-06-07 14:52:18,24,27,11999,40477
2023-06-07 14:52:27,24,26,11999,40477
2023-06-07 14:52:43,22,24,12009,40517
2023-06-07 14:52:43,22,26,12009,40517
2023-06-07 14:52:44,22,25,12009,40517
2023-06-07 14:52:47,22,26,12009,40517
2023-06-07 14:52:49,22,25,12009,40517
2023-06-07 14:52:51,22,26,12009,40517
2023-06-07 14:52:57,22,25,12009,40517
2023-06-07 14:53:03,22,23,12009,40517
2023-06-07 14:53:05,25,26,12057,40717
2023-06-07 14:53:05,25,26,12173,40833
2023-06-07 14:53:05,22,25,12257,40917
2023-06-07 14:53:06,22,24,12257,40917
2023-06-07 14:53:06,23,24,12257,40917
2023-06-07 14:53:07,22,23,12257,40922
2023-06-07 14:53:07,22,24,12257,40922
2023-06-07 14:53:17,20,24,12257,40922
2023-06-07 14:53:20,21,24,12257,40922
2023-06-07 14:55:03,21,23,12257,40922
2023-06-07 14:55:04,20,21,12257,40962
2023-06-07 14:55:04,20,23,12257,40962
2023-06-07 14:56:03,19,23,12262,41007
2023-06-07 14:56:08,19,20,12414,41207
2023-06-07 14:56:11,19,20,12614,41407
2023-06-07 14:56:12,18,20,12614,41407
2023-06-07 14:56:12,18,20,12714,41507
2023-06-07 14:56:13,18,20,12714,41707
2023-06-07 14:56:13,19,20,12714,41707
2023-06-07 14:56:14,20,24,12714,41717
2023-06-07 14:56:14,19,24,12714,41717
2023-06-07 14:56:14,21,24,12714,41717
2023-06-07 14:56:15,21,25,12714,41717
2023-06-07 14:56:19,21,24,12714,41717
2023-06-07 14:56:20,21,25,12714,41717
2023-06-07 14:56:28,21,24,12714,41717
2023-06-07 14:56:35,21,22,12714,41717
2023-06-07 14:56:37,19,22,12714,41717
2023-06-07 14:56:37,18,22,12714,41717
2023-06-07 14:56:40,18,24,12714,41717
2023-06-07 14:56:40,18,22,12714,41717
2023-06-07 14:57:11,18,21,12714,41717
2023-06-07 14:57:25,16,21,12714,41717
2023-06-07 14:57:27,16,19,12714,41717
2023-06-07 14:57:50,16,18,12714,41717
2023-06-07 14:57:57,16,19,12714,41717
2023-06-07 14:58:03,16,18,12714,41717
2023-06-07 14:58:05,13,18,12714,41717
2023-06-07 14:58:17,13,16,12714,41717
2023-06-07 14:58:27,13,15,12714,41717
2023-06-07 14:58:29,11,15,12714,41717
2023-06-07 14:58:33,11,14,12714,41717
2023-06-07 14:58:52,11,15,12714,41717
2023-06-07 14:58:55,11,14,12714,41717
2023-06-07 14:59:13,11,15,12714,41717
2023-06-07 14:59:20,11,14,12714,41717
2023-06-07 14:59:26,11,15,12714,41717
2023-06-07 14:59:38,11,14,12714,41717
2023-06-07 14:59:57,11,13,12714,41717
2023-06-07 15:00:01,11,14,12714,41717
2023-06-07 15:00:04,11,13,12714,41717
2023-06-07 15:00:16,11,12,12714,41717
2023-06-07 15:00:20,11,13,12714,41717
2023-06-07 15:00:25,11,12,12714,41717
2023-06-07 15:00:26,11,13,12714,41717
2023-06-07 15:00:30,11,12,12714,41717
2023-06-07 15:00:32,11,12,12514,41917
2023-06-07 15:00:37,8,12,12514,41917
2023-06-07 15:00:38,8,11,12514,41917
2023-06-07 15:00:40,8,12,12514,41917
2023-06-07 15:00:57,9,12,12514,41917
2023-06-07 15:01:02,9,11,12514,41917
2023-06-07 15:01:05,9,12,12514,41917
2023-06-07 15:01:09,9,11,12514,41917
2023-06-07 15:01:11,9,12,12514,41917
2023-06-07 15:02:01,10,12,12514,41917
2023-06-07 15:02:08,11,12,12514,41917
2023-06-07 15:02:09,10,12,12514,41917
2023-06-07 15:02:09,10,12,12614,42017
2023-06-07 15:02:09,12,13,12614,42037
2023-06-07 15:02:09,10,13,12614,42037
2023-06-07 15:02:27,11,13,12614,42037
2023-06-07 15:02:45,12,13,12614,42037
2023-06-07 15:02:46,12,13,12714,42137
2023-06-07 15:02:49,12,15,12724,42147
2023-06-07 15:02:50,12,16,12724,42147
2023-06-07 15:02:51,12,15,12724,42147
2023-06-07 15:03:13,12,14,12724,42147
2023-06-07 15:03:14,12,13,12724,42147
2023-06-07 15:03:19,11,12,12694,42207
2023-06-07 15:03:20,11,13,12694,42207
2023-06-07 15:03:21,11,12,12694,42207
2023-06-07 15:03:26,8,11,12644,42277
2023-06-07 15:03:27,8,12,12644,42277
2023-06-07 15:03:54,8,11,12644,42277
2023-06-07 15:04:45,9,11,12644,42277
2023-06-07 15:05:13,10,11,12644,42277
2023-06-07 15:05:34,9,11,12644,42277
2023-06-07 15:06:29,8,11,12644,42277
2023-06-07 15:06:34,8,10,12644,42277
2023-06-07 15:06:38,8,11,12644,42277
2023-06-07 15:07:09,9,11,12644,42277
2023-06-07 15:08:05,11,12,12604,42317
2023-06-07 15:08:05,11,12,12604,42363
2023-06-07 15:08:19,12,15,12734,42503
2023-06-07 15:08:19,12,15,12734,42503
2023-06-07 15:08:20,11,15,12734,42503
2023-06-07 15:08:32,11,15,12334,42903
2023-06-07 15:09:18,12,15,12334,42903
2023-06-07 15:09:19,11,15,12334,42903
2023-06-07 15:09:21,12,15,12334,42903
2023-06-07 15:09:23,11,15,12334,42903
2023-06-07 15:09:27,12,15,12334,42903
2023-06-07 15:10:05,13,15,12334,42903
2023-06-07 15:10:05,13,15,12344,42913
2023-06-07 15:10:06,12,15,12344,42913
2023-06-07 15:10:06,13,15,12344,42913
2023-06-07 15:10:14,15,19,12374,42943
2023-06-07 15:10:14,15,19,12384,42953
2023-06-07 15:10:14,15,19,12384,42953
2023-06-07 15:10:14,15,18,12384,42953
2023-06-07 15:10:19,16,18,12384,42953
2023-06-07 15:10:32,16,21,12404,42973
2023-06-07 15:10:32,18,21,12404,42973
2023-06-07 15:10:32,18,20,12404,42973
2023-06-07 15:10:32,16,20,12404,42973
2023-06-07 15:10:32,16,18,12404,42973
2023-06-07 15:10:33,18,21,12404,42983
2023-06-07 15:10:33,16,21,12404,42983
2023-06-07 15:10:33,16,20,12404,42983
2023-06-07 15:10:34,16,21,12404,42983
2023-06-07 15:10:35,16,23,12404,42983
2023-06-07 15:10:35,16,22,12404,42983
2023-06-07 15:10:35,16,21,12404,42983
2023-06-07 15:10:37,18,21,12404,42983
2023-06-07 15:10:39,20,21,12404,42983
2023-06-07 15:10:41,20,21,12504,43083
2023-06-07 15:10:42,20,23,12504,43083
2023-06-07 15:10:44,21,23,12504,43083
2023-06-07 15:10:46,20,23,12504,43083
2023-06-07 15:10:46,23,25,12554,43133
2023-06-07 15:10:46,23,24,12554,43133
2023-06-07 15:10:46,23,25,12554,43133
2023-06-07 15:10:46,23,24,12594,43173
2023-06-07 15:10:47,23,25,12594,43373
2023-06-07 15:10:48,22,25,12594,43373
2023-06-07 15:10:48,23,25,12594,43373
2023-06-07 15:10:48,23,25,12614,43393
2023-06-07 15:11:04,18,25,12614,43393
2023-06-07 15:11:04,20,25,12614,43393
2023-06-07 15:11:37,20,24,12614,43393
2023-06-07 15:11:37,20,25,12614,43393
2023-06-07 15:11:42,20,24,12614,43393
2023-06-07 15:11:42,20,25,12614,43393
2023-06-07 15:11:45,21,25,12614,43393
2023-06-07 15:11:50,22,25,12614,43393
2023-06-07 15:11:50,24,25,12614,43393
2023-06-07 15:12:05,24,25,12694,43473
2023-06-07 15:12:05,22,24,12734,43513
2023-06-07 15:12:05,24,25,12734,43593
2023-06-07 15:12:05,22,25,12734,43593
2023-06-07 15:12:08,18,25,12734,43593
2023-06-07 15:12:08,20,25,12734,43593
2023-06-07 15:12:08,22,25,12734,43593
2023-06-07 15:12:58,22,24,12734,43593
2023-06-07 15:12:59,18,24,12734,43593
2023-06-07 15:13:40,19,24,12734,43593
2023-06-07 15:14:12,20,24,12734,43593
2023-06-07 15:14:12,22,24,12734,43593
2023-06-07 15:14:12,22,25,12744,43603
2023-06-07 15:14:42,20,25,12744,43603
2023-06-07 15:14:49,20,24,12744,43603
2023-06-07 15:15:05,18,24,12744,43603
2023-06-07 15:15:07,18,22,12744,43603
2023-06-07 15:15:09,18,24,12744,43603
2023-06-07 15:15:10,18,22,12744,43603
2023-06-07 15:15:17,18,21,12744,43603
2023-06-07 15:15:23,18,22,12744,43603
2023-06-07 15:15:23,16,22,12744,43603
2023-06-07 15:15:35,16,21,12744,43603
2023-06-07 15:15:40,16,19,12744,43603
2023-06-07 15:15:45,16,17,12744,43603
2023-06-07 15:15:50,16,19,12744,43603
2023-06-07 15:15:53,16,18,12744,43603
2023-06-07 15:15:56,13,18,12744,43603
2023-06-07 15:15:57,14,18,12744,43603
2023-06-07 15:16:04,14,19,12744,43603
2023-06-07 15:16:14,14,17,12744,43603
2023-06-07 15:16:20,14,16,12744,43603
2023-06-07 15:16:26,14,17,12744,43603
2023-06-07 15:16:31,11,17,12744,43603
2023-06-07 15:16:34,11,16,12744,43603
2023-06-07 15:16:39,11,17,12744,43603
2023-06-07 15:16:46,12,17,12744,43603
2023-06-07 15:16:58,12,19,12744,43603
2023-06-07 15:17:00,14,19,12744,43603
2023-06-07 15:17:03,12,19,12744,43603
2023-06-07 15:17:03,13,19,12744,43603
2023-06-07 15:17:15,14,19,12744,43603
2023-06-07 15:17:15,14,21,12744,43603
2023-06-07 15:17:20,14,20,12744,43603
2023-06-07 15:17:23,13,20,12744,43603
2023-06-07 15:17:24,16,24,12744,43603
2023-06-07 15:17:24,16,23,12744,43603
2023-06-07 15:17:26,17,23,12744,43603
2023-06-07 15:17:26,17,24,12744,43603
2023-06-07 15:17:27,17,24,12744,43603
2023-06-07 15:17:27,17,23,12744,43603
2023-06-07 15:17:29,17,24,12744,43603
2023-06-07 15:17:29,17,23,12744,43603
2023-06-07 15:17:32,19,23,12744,43603
2023-06-07 15:17:52,19,22,12744,43603
2023-06-07 15:17:57,19,23,12744,43603
2023-06-07 15:17:58,19,22,12744,43603
2023-06-07 15:18:15,19,21,12744,43603
2023-06-07 15:18:15,19,22,12744,43603
2023-06-07 15:18:15,19,21,12744,43603
2023-06-07 15:18:18,16,21,12744,43603
2023-06-07 15:18:27,16,22,12744,43603
2023-06-07 15:18:27,16,21,12744,43603
2023-06-07 15:18:27,16,22,12744,43603
2023-06-07 15:18:27,16,21,12744,43603
2023-06-07 15:18:40,16,22,12744,43603
2023-06-07 15:18:40,16,21,12744,43603
2023-06-07 15:18:49,16,22,12744,43603
2023-06-07 15:18:49,17,22,12744,43603
2023-06-07 15:18:53,17,22,12757,43616
2023-06-07 15:19:41,17,20,12757,43616
2023-06-07 15:19:47,17,19,12757,43616
2023-06-07 15:20:02,16,17,12672,43701
2023-06-07 15:20:03,16,19,12672,43701
2023-06-07 15:20:04,14,19,12672,43701
2023-06-07 15:20:06,14,18,12672,43701
2023-06-07 15:20:12,14,16,12672,43701
2023-06-07 15:20:17,14,15,12672,43701
2023-06-07 15:20:20,6,15,12512,44701
2023-06-07 15:20:21,6,13,12512,44701
2023-06-07 15:20:21,6,11,12512,44701
2023-06-07 15:20:21,6,11,12312,44901
2023-06-07 15:20:23,6,10,12312,44901
2023-06-07 15:20:23,8,10,12312,44901
2023-06-07 15:20:36,8,9,12312,44901
2023-06-07 15:20:40,8,9,12282,44931
2023-06-07 15:20:41,8,10,12282,44931
2023-06-07 15:20:43,8,9,12282,44931
2023-06-07 15:20:50,8,9,12267,44946
2023-06-07 15:21:04,6,8,12267,44981
2023-06-07 15:21:05,6,9,12267,44981
2023-06-07 15:21:06,6,8,12267,44981
2023-06-07 15:21:21,7,8,12267,44981
2023-06-07 15:21:52,7,8,12067,45181
2023-06-07 15:22:59,7,8,12067,45380
2023-06-07 15:23:03,8,11,12057,45420
2023-06-07 15:23:03,7,11,12057,45420
2023-06-07 15:23:07,7,10,12057,45420
2023-06-07 15:23:10,7,11,12057,45420
2023-06-07 15:23:16,7,10,12057,45420
2023-06-07 15:23:23,7,10,12067,45445
2023-06-07 15:23:25,7,11,12067,45445
2023-06-07 15:23:33,8,11,12067,45445
2023-06-07 15:23:39,9,11,12067,45445
2023-06-07 15:23:41,11,15,12057,45455
2023-06-07 15:23:41,9,15,12057,45455
2023-06-07 15:23:41,9,11,12057,45455
2023-06-07 15:23:42,11,15,12153,45645
2023-06-07 15:23:42,9,15,12153,45645
2023-06-07 15:23:42,9,14,12153,45645
2023-06-07 15:23:42,9,11,12153,45645
2023-06-07 15:23:43,11,15,12163,45655
2023-06-07 15:23:43,9,15,12163,45655
2023-06-07 15:23:43,9,11,12163,45655
2023-06-07 15:23:44,11,15,12183,45675
2023-06-07 15:23:44,9,15,12183,45675
2023-06-07 15:23:44,9,14,12183,45675
2023-06-07 15:23:45,9,12,12183,45675
2023-06-07 15:24:01,12,14,12233,45725
2023-06-07 15:24:01,9,14,12233,45725
2023-06-07 15:24:01,9,13,12233,45725
2023-06-07 15:24:05,11,13,12233,45725
2023-06-07 15:24:12,11,13,12273,45765
2023-06-07 15:24:13,9,13,12273,45765
2023-06-07 15:24:19,9,16,12273,45765
2023-06-07 15:24:19,9,15,12273,45765
2023-06-07 15:24:20,11,15,12273,45765
2023-06-07 15:24:32,11,15,12401,45893
2023-06-07 15:24:32,11,15,12441,45933
2023-06-07 15:24:35,10,15,12441,45963
2023-06-07 15:24:35,10,11,12441,45963
2023-06-07 15:24:35,11,15,12451,45973
2023-06-07 15:24:35,10,15,12451,45973
2023-06-07 15:24:39,10,14,12451,45973
2023-06-07 15:24:39,10,15,12451,45973
2023-06-07 15:24:44,10,14,12451,45973
2023-06-07 15:24:44,10,15,12451,45973
2023-06-07 15:24:45,10,14,12451,45973
2023-06-07 15:24:45,10,14,12491,46013
2023-06-07 15:24:45,10,15,12491,46013
2023-06-07 15:24:50,10,14,12491,46013
2023-06-07 15:24:50,10,15,12491,46013
2023-06-07 15:24:57,10,14,12491,46013
2023-06-07 15:24:57,10,15,12491,46013
2023-06-07 15:24:58,10,14,12491,46013
2023-06-07 15:24:59,10,15,12491,46013
2023-06-07 15:25:00,10,14,12491,46013
2023-06-07 15:25:02,10,13,12491,46013
2023-06-07 15:25:02,10,14,12491,46013
2023-06-07 15:25:03,10,15,12491,46013
2023-06-07 15:25:10,10,14,12491,46013
2023-06-07 15:25:10,10,15,12491,46013
2023-06-07 15:25:11,10,14,12491,46013
2023-06-07 15:25:15,10,15,12491,46013
2023-06-07 15:25:15,10,13,12491,46013
2023-06-07 15:25:15,10,15,12491,46013
2023-06-07 15:25:20,10,14,12491,46013
2023-06-07 15:25:20,10,15,12491,46013
2023-06-07 15:25:26,10,14,12491,46013
2023-06-07 15:25:26,10,15,12491,46013
2023-06-07 15:25:30,15,17,12531,46053
2023-06-07 15:25:30,10,17,12531,46053
2023-06-07 15:25:30,10,15,12531,46053
2023-06-07 15:25:31,15,17,12541,46063
2023-06-07 15:25:31,10,17,12541,46063
2023-06-07 15:25:32,11,17,12541,46063
2023-06-07 15:25:39,11,16,12541,46063
2023-06-07 15:25:39,11,17,12541,46063
2023-06-07 15:25:44,11,16,12541,46063
2023-06-07 15:25:44,11,17,12541,46063
2023-06-07 15:26:04,11,16,12541,46063
2023-06-07 15:26:20,11,17,12551,46073
2023-06-07 15:26:23,11,19,12561,46083
2023-06-07 15:26:23,11,18,12561,46083
2023-06-07 15:26:23,11,19,12561,46083
2023-06-07 15:26:29,11,19,12561,46183
2023-06-07 15:26:30,13,19,12561,46183
2023-06-07 15:26:31,13,22,12571,46193
2023-06-07 15:26:31,13,21,12571,46193
2023-06-07 15:26:32,14,21,12571,46193
2023-06-07 15:26:35,14,22,12571,46193
2023-06-07 15:26:35,14,21,12571,46193
2023-06-07 15:26:40,14,20,12571,46193
2023-06-07 15:26:41,20,21,12611,46233
2023-06-07 15:26:41,14,21,12611,46233
2023-06-07 15:27:07,15,21,12611,46233
2023-06-07 15:27:08,15,22,12621,46243
2023-06-07 15:27:08,21,22,12621,46243
2023-06-07 15:27:08,15,22,12621,46243
2023-06-07 15:27:17,22,24,12631,46253
2023-06-07 15:27:17,15,24,12631,46253
2023-06-07 15:27:19,16,24,12631,46253
2023-06-07 15:27:29,16,22,12631,46253
2023-06-07 15:27:43,16,25,12631,46253
2023-06-07 15:27:53,17,24,12631,46253
2023-06-07 15:27:54,17,25,12641,46263
2023-06-07 15:27:55,18,25,12641,46263
2023-06-07 15:28:01,18,24,12641,46263
2023-06-07 15:28:02,24,25,12651,46273
2023-06-07 15:28:02,18,25,12651,46273
2023-06-07 15:28:04,25,26,12667,46289
2023-06-07 15:28:04,18,26,12667,46289
2023-06-07 15:28:07,20,26,12667,46289
2023-06-07 15:28:07,26,30,12707,46329
2023-06-07 15:28:07,20,30,12707,46329
2023-06-07 15:28:07,20,29,12707,46329
2023-06-07 15:28:08,22,29,12707,46329
2023-06-07 15:28:08,22,26,12707,46329
2023-06-07 15:28:08,26,30,12717,46339
2023-06-07 15:28:08,22,30,12717,46339
2023-06-07 15:28:08,22,29,12717,46339
2023-06-07 15:28:19,22,28,12717,46339
2023-06-07 15:28:23,22,26,12717,46339
2023-06-07 15:28:29,22,24,12717,46339
2023-06-07 15:28:30,22,24,12717,46439
2023-06-07 15:28:31,22,28,12717,46439
2023-06-07 15:28:38,22,28,12717,46439
2023-06-07 15:28:47,21,22,12677,46479
2023-06-07 15:28:48,21,24,12677,46479
2023-06-07 15:28:56,21,22,12677,46479
2023-06-07 15:28:59,14,21,12627,46529
2023-06-07 15:28:59,14,22,12627,46529
2023-06-07 15:29:01,13,22,12627,46529
2023-06-07 15:29:02,13,20,12627,46529
2023-06-07 15:29:11,13,19,12627,46529
2023-06-07 15:29:21,13,17,12627,46529
2023-06-07 15:29:33,13,20,12627,46529
2023-06-07 15:29:33,13,19,12627,46529
2023-06-07 15:30:13,13,18,12627,46529
2023-06-07 15:30:14,13,17,12627,46529
2023-06-07 15:30:14,13,16,12627,46529
2023-06-07 15:31:24,13,15,12627,46529
2023-06-07 15:31:42,13,16,12627,46529
2023-06-07 15:31:45,13,15,12627,46529
2023-06-07 15:31:49,11,13,12597,46559
2023-06-07 15:31:49,11,15,12597,46559
2023-06-07 15:31:49,11,16,12597,46559
2023-06-07 15:31:49,11,15,12597,46559
2023-06-07 15:31:50,11,16,12597,46559
2023-06-07 15:31:54,11,17,12597,46559
2023-06-07 15:31:54,11,16,12597,46559
2023-06-07 15:31:55,12,16,12597,46559
2023-06-07 15:31:55,12,18,12597,46559
2023-06-07 15:31:55,12,17,12597,46559
2023-06-07 15:32:01,12,16,12597,46559
2023-06-07 15:32:01,12,15,12597,46559
2023-06-07 15:32:02,12,14,12597,46559
2023-06-07 15:32:07,12,13,12597,46559
2023-06-07 15:32:23,11,12,12597,46581
2023-06-07 15:32:59,11,13,12607,46611
2023-06-07 15:32:59,12,13,12607,46611
2023-06-07 15:33:08,12,14,12637,46641
2023-06-07 15:33:08,13,14,12637,46641
2023-06-07 15:33:09,13,20,12667,46671
2023-06-07 15:33:09,13,19,12667,46671
2023-06-07 15:33:09,13,18,12667,46671
2023-06-07 15:33:09,13,17,12667,46671
2023-06-07 15:33:10,16,17,12667,46671
2023-06-07 15:33:10,15,17,12707,46711
2023-06-07 15:33:10,15,18,12707,46711
2023-06-07 15:33:10,15,17,12707,46711
2023-06-07 15:33:10,15,18,12707,46711
2023-06-07 15:33:10,15,21,12707,46711
2023-06-07 15:33:10,15,20,12707,46711
2023-06-07 15:33:11,16,20,12707,46711
2023-06-07 15:33:11,16,20,12727,46731
2023-06-07 15:33:11,17,20,12727,46731
2023-06-07 15:33:11,18,20,12727,46731
2023-06-07 15:33:11,17,20,12807,46811
2023-06-07 15:33:12,16,20,12847,46851
2023-06-07 15:33:12,16,17,12847,46851
2023-06-07 15:33:15,17,20,12887,46891
2023-06-07 15:33:15,16,20,12887,46891
2023-06-07 15:33:15,16,19,12887,46891
2023-06-07 15:33:15,17,19,12887,46891
2023-06-07 15:33:15,18,19,12887,46891
2023-06-07 15:33:15,17,19,12927,46931
2023-06-07 15:33:16,17,21,12927,46931
2023-06-07 15:33:17,18,21,12927,46931
2023-06-07 15:33:24,17,21,12927,46931
2023-06-07 15:33:25,18,21,12927,46931
2023-06-07 15:33:41,19,21,12927,46931
2023-06-07 15:33:41,21,22,12937,46941
2023-06-07 15:33:41,19,22,12937,46941
2023-06-07 15:33:44,18,22,12937,46941
2023-06-07 15:33:50,18,22,12947,47141
2023-06-07 15:33:50,19,22,12947,47141
2023-06-07 15:33:50,20,22,12947,47141
2023-06-07 15:33:50,20,25,12947,47141
2023-06-07 15:33:50,20,24,12947,47141
2023-06-07 15:33:50,20,23,12947,47141
2023-06-07 15:33:52,21,23,12947,47141
2023-06-07 15:33:54,20,23,12947,47141
2023-06-07 15:33:54,20,22,12947,47141
2023-06-07 15:33:55,22,23,12947,47261
2023-06-07 15:33:55,20,23,12947,47261
2023-06-07 15:33:56,17,23,12947,47261
2023-06-07 15:33:56,17,22,12947,47261
2023-06-07 15:33:57,20,22,12947,47261
2023-06-07 15:33:57,20,21,12947,47261
2023-06-07 15:33:57,17,21,12947,47271
2023-06-07 15:33:58,21,22,12967,47291
2023-06-07 15:33:58,17,22,12967,47291
2023-06-07 15:33:59,18,22,12967,47291
2023-06-07 15:33:59,18,23,12967,47291
2023-06-07 15:33:59,18,22,12967,47291
2023-06-07 15:33:59,18,23,12967,47291
2023-06-07 15:34:06,18,22,12967,47291
2023-06-07 15:34:06,18,23,12967,47291
2023-06-07 15:34:07,17,23,12967,47291
2023-06-07 15:34:07,17,22,12967,47291
2023-06-07 15:34:07,18,22,12967,47291
2023-06-07 15:34:11,18,23,12967,47291
2023-06-07 15:34:11,18,22,12967,47291
2023-06-07 15:34:12,18,23,12967,47291
2023-06-07 15:34:13,18,22,12967,47291
2023-06-07 15:34:13,19,22,12967,47291
2023-06-07 15:34:13,19,23,12967,47291
2023-06-07 15:34:13,19,22,12967,47291
2023-06-07 15:34:17,18,22,12967,47291
2023-06-07 15:34:17,18,23,12967,47291
2023-06-07 15:34:17,18,22,12967,47291
2023-06-07 15:34:17,18,23,12967,47291
2023-06-07 15:34:19,18,21,12967,47291
2023-06-07 15:34:20,18,22,12967,47291
2023-06-07 15:34:20,18,21,12967,47291
2023-06-07 15:34:21,18,22,12967,47291
2023-06-07 15:34:23,18,23,12967,47291
2023-06-07 15:34:23,18,22,12967,47291
2023-06-07 15:34:24,19,22,12967,47291
2023-06-07 15:34:26,18,22,12967,47291
2023-06-07 15:34:26,19,22,12967,47291
2023-06-07 15:34:35,20,22,12967,47291
2023-06-07 15:34:37,22,23,12977,47301
2023-06-07 15:34:37,20,23,12977,47301
2023-06-07 15:34:37,20,22,12977,47301
2023-06-07 15:34:38,22,23,12987,47311
2023-06-07 15:34:38,20,23,12987,47311
2023-06-07 15:34:43,21,23,12987,47311
2023-06-07 15:34:45,23,26,13007,47331
2023-06-07 15:34:45,21,26,13007,47331
2023-06-07 15:34:45,21,25,13007,47331
2023-06-07 15:34:59,22,25,13007,47331
2023-06-07 15:35:01,21,25,13007,47331
2023-06-07 15:35:05,22,25,13007,47331
2023-06-07 15:35:05,23,25,13007,47331
2023-06-07 15:35:05,22,25,13007,47331
2023-06-07 15:35:06,23,25,13007,47331
2023-06-07 15:35:06,23,25,13017,47341
2023-06-07 15:35:08,22,25,13017,47341
2023-06-07 15:35:10,22,24,13017,47341
2023-06-07 15:35:14,22,25,13017,47341
2023-06-07 15:35:14,22,24,13017,47341
2023-06-07 15:35:14,22,25,13017,47341
2023-06-07 15:35:14,22,24,13017,47341
2023-06-07 15:35:14,22,23,13017,47341
2023-06-07 15:35:14,23,25,13017,47351
2023-06-07 15:35:14,22,25,13017,47351
2023-06-07 15:35:14,22,24,13017,47351
2023-06-07 15:35:20,21,24,13017,47351
2023-06-07 15:35:23,22,24,13017,47351
2023-06-07 15:35:23,22,25,13017,47351
2023-06-07 15:35:23,22,24,13017,47351
2023-06-07 15:35:25,22,24,13047,47381
2023-06-07 15:35:28,21,24,13047,47381
2023-06-07 15:35:36,21,23,13047,47381
2023-06-07 15:35:36,21,24,13047,47381
2023-06-07 15:35:36,23,24,13112,47446
2023-06-07 15:35:36,21,24,13112,47446
2023-06-07 15:35:36,21,23,13112,47446
2023-06-07 15:35:37,23,24,13177,47511
2023-06-07 15:35:37,21,24,13177,47511
2023-06-07 15:35:39,21,25,13177,47511
2023-06-07 15:35:39,21,23,13177,47511
2023-06-07 15:35:40,23,25,13177,47541
2023-06-07 15:35:40,21,25,13177,47541
2023-06-07 15:35:48,22,25,13177,47541
2023-06-07 15:35:49,23,25,13177,47541
2023-06-07 15:35:52,22,25,13177,47541
2023-06-07 15:35:55,23,25,13177,47541
2023-06-07 15:35:58,24,25,13177,47541
2023-06-07 15:36:01,23,25,13177,47541
2023-06-07 15:36:02,24,25,13177,47541
2023-06-07 15:36:16,19,25,13177,47581
2023-06-07 15:36:16,19,24,13177,47581
2023-06-07 15:36:18,21,24,13177,47581
2023-06-07 15:36:19,21,23,13177,47581
2023-06-07 15:36:23,21,22,13177,47581
2023-06-07 15:36:23,17,22,13177,47621
2023-06-07 15:36:27,17,23,13177,47621
2023-06-07 15:36:27,17,22,13177,47621
2023-06-07 15:36:29,17,23,13177,47621
2023-06-07 15:36:29,17,22,13177,47621
2023-06-07 15:36:30,18,22,13177,47621
2023-06-07 15:36:42,19,22,13177,47621
2023-06-07 15:36:44,20,22,13177,47621
2023-06-07 15:36:47,20,26,13177,47621
2023-06-07 15:36:47,20,25,13177,47621
2023-06-07 15:36:49,21,25,13177,47621
2023-06-07 15:36:52,21,28,13177,47621
2023-06-07 15:36:52,21,25,13177,47621
2023-06-07 15:36:53,21,28,13177,47621
2023-06-07 15:36:54,22,27,13177,47621
2023-06-07 15:36:56,23,27,13177,47621
2023-06-07 15:36:56,23,27,13187,47631
2023-06-07 15:36:56,23,26,13187,47631
2023-06-07 15:36:56,23,25,13187,47631
2023-06-07 15:36:57,23,26,13187,47631
2023-06-07 15:36:58,22,26,13187,47631
2023-06-07 15:37:01,22,30,13187,47631
2023-06-07 15:37:01,21,30,13187,47631
2023-06-07 15:37:01,21,25,13187,47631
2023-06-07 15:37:04,22,25,13187,47631
2023-06-07 15:37:04,22,29,13187,47631
2023-06-07 15:37:04,22,30,13187,47631
2023-06-07 15:37:04,22,31,13187,47631
2023-06-07 15:37:04,22,28,13187,47631
2023-06-07 15:37:04,22,31,13187,47631
2023-06-07 15:37:04,22,29,13187,47631
2023-06-07 15:37:04,22,31,13187,47631
2023-06-07 15:37:05,24,30,13187,47631
2023-06-07 15:37:05,24,31,13187,47631
2023-06-07 15:37:05,25,31,13187,47631
2023-06-07 15:37:05,25,29,13187,47631
2023-06-07 15:37:06,25,31,13187,47631
2023-06-07 15:37:06,26,31,13187,47631
2023-06-07 15:37:06,26,30,13187,47631
2023-06-07 15:37:07,26,31,13187,47631
2023-06-07 15:37:07,27,31,13187,47631
2023-06-07 15:37:08,28,31,13187,47631
2023-06-07 15:37:08,29,31,13187,47631
2023-06-07 15:37:09,28,31,13187,47631
2023-06-07 15:37:10,28,34,13187,47631
2023-06-07 15:37:10,29,34,13187,47631
2023-06-07 15:37:10,30,34,13187,47631
2023-06-07 15:37:11,31,34,13187,47631
2023-06-07 15:37:11,31,38,13187,47631
2023-06-07 15:37:11,31,37,13187,47631
2023-06-07 15:37:11,31,35,13187,47631
2023-06-07 15:37:12,32,35,13187,47631
2023-06-07 15:37:12,32,38,13187,47631
2023-06-07 15:37:12,32,39,13187,47631
2023-06-07 15:37:12,32,40,13187,47631
2023-06-07 15:37:12,32,37,13187,47631
2023-06-07 15:37:12,32,36,13187,47631
2023-06-07 15:37:13,33,36,13187,47631
2023-06-07 15:37:13,33,40,13187,47631
2023-06-07 15:37:13,34,39,13187,47631
2023-06-07 15:37:13,34,37,13187,47631
2023-06-07 15:37:14,34,40,13187,47631
2023-06-07 15:37:14,34,39,13187,47631
2023-06-07 15:37:14,34,38,13187,47631
2023-06-07 15:37:14,34,37,13187,47631
2023-06-07 15:37:15,35,37,13187,47631
2023-06-07 15:37:15,35,42,13187,47631
2023-06-07 15:37:15,35,41,13187,47631
2023-06-07 15:37:15,35,39,13187,47631
2023-06-07 15:37:15,35,38,13187,47631
2023-06-07 15:37:16,36,38,13187,47631
2023-06-07 15:37:16,36,40,13187,47631
2023-06-07 15:37:16,36,39,13187,47631
2023-06-07 15:37:18,35,39,13187,47631
2023-06-07 15:37:19,33,39,13187,47631
2023-06-07 15:37:19,33,37,13187,47631
2023-06-07 15:37:20,33,41,13187,47641
2023-06-07 15:37:20,33,40,13187,47641
2023-06-07 15:37:21,32,40,13187,47641
2023-06-07 15:37:22,32,37,13187,47641
2023-06-07 15:37:23,31,37,13187,47641
2023-06-07 15:37:25,30,37,13187,47641
2023-06-07 15:37:25,30,36,13187,47641
2023-06-07 15:37:27,31,36,13187,47641
2023-06-07 15:37:27,31,37,13187,47641
2023-06-07 15:37:27,31,36,13187,47641
2023-06-07 15:37:31,32,36,13187,47641
2023-06-07 15:37:31,32,37,13187,47641
2023-06-07 15:37:33,32,36,13187,47641
2023-06-07 15:37:36,32,37,13197,47651
2023-06-07 15:37:37,32,36,13197,47651
2023-06-07 15:37:38,31,36,13197,47651
2023-06-07 15:37:39,31,37,13197,47651
2023-06-07 15:37:40,32,37,13197,47651
2023-06-07 15:37:41,33,37,13197,47651
2023-06-07 15:37:43,33,36,13197,47651
2023-06-07 15:37:44,33,37,13237,47691
2023-06-07 15:37:44,36,37,13237,47691
2023-06-07 15:37:44,33,37,13237,47691
2023-06-07 15:37:44,35,37,13237,47691
2023-06-07 15:37:44,35,42,13247,47701
2023-06-07 15:37:45,35,48,13247,47701
2023-06-07 15:37:45,35,47,13247,47701
2023-06-07 15:37:45,36,47,13247,47701
2023-06-07 15:37:45,40,47,13247,47701
2023-06-07 15:37:45,41,47,13247,47701
2023-06-07 15:37:46,40,47,13247,47701
2023-06-07 15:37:46,40,47,13257,47711
2023-06-07 15:37:46,40,46,13257,47711
2023-06-07 15:37:46,40,45,13257,47711
2023-06-07 15:37:47,40,48,13257,47711
2023-06-07 15:37:47,40,47,13257,47711
2023-06-07 15:37:47,41,47,13257,47711
2023-06-07 15:37:47,41,46,13257,47711
2023-06-07 15:37:48,42,46,13257,47711
2023-06-07 15:37:51,42,45,13257,47711
2023-06-07 15:37:51,40,45,13257,47711
2023-06-07 15:37:52,40,48,13297,47771
2023-06-07 15:37:54,39,48,13297,47771
2023-06-07 15:37:55,40,48,13297,47771
2023-06-07 15:37:56,40,44,13297,47771
2023-06-07 15:37:58,39,44,13297,47771
2023-06-07 15:38:00,39,43,13297,47771
2023-06-07 15:38:02,37,43,13297,47771
2023-06-07 15:38:03,36,43,13297,47771
2023-06-07 15:38:04,37,43,13297,47771
2023-06-07 15:38:04,37,44,13307,47781
2023-06-07 15:38:05,36,44,13307,47781
2023-06-07 15:38:06,36,43,13307,47781
2023-06-07 15:38:06,34,43,13307,47781
2023-06-07 15:38:09,35,43,13307,47781
2023-06-07 15:38:11,38,43,13307,47781
2023-06-07 15:38:12,38,39,13307,47781
2023-06-07 15:38:13,38,40,13307,47981
2023-06-07 15:38:13,38,41,13307,47981
2023-06-07 15:38:14,32,41,13307,47981
2023-06-07 15:38:14,32,40,13307,47981
2023-06-07 15:38:14,36,40,13307,47981
2023-06-07 15:38:15,32,40,13307,48021
2023-06-07 15:38:15,32,36,13307,48021
2023-06-07 15:38:16,36,41,13317,48031
2023-06-07 15:38:16,32,41,13317,48031
2023-06-07 15:38:17,32,42,13317,48031
2023-06-07 15:38:21,32,41,13317,48031
2023-06-07 15:38:23,32,42,13317,48031
2023-06-07 15:38:23,32,41,13317,48031
2023-06-07 15:38:23,32,42,13317,48031
2023-06-07 15:38:24,32,43,13317,48031
2023-06-07 15:38:25,35,43,13317,48031
2023-06-07 15:38:25,35,44,13317,48031
2023-06-07 15:38:25,35,45,13317,48031
2023-06-07 15:38:25,38,45,13317,48031
2023-06-07 15:38:25,38,43,13317,48031
2023-06-07 15:38:33,38,42,13317,48031
2023-06-07 15:38:35,38,43,13317,48031
2023-06-07 15:38:43,38,43,13317,48035
2023-06-07 15:38:52,39,43,13317,48035
2023-06-07 15:38:59,40,43,13317,48035
2023-06-07 15:39:01,39,43,13317,48035
2023-06-07 15:39:01,43,46,13323,48041
2023-06-07 15:39:01,39,46,13323,48041
2023-06-07 15:39:03,40,46,13323,48041
2023-06-07 15:39:03,41,46,13323,48041
2023-06-07 15:39:04,42,46,13323,48041
2023-06-07 15:39:08,43,46,13323,48041
2023-06-07 15:39:08,44,46,13323,48041
2023-06-07 15:39:08,45,46,13323,48041
2023-06-07 15:39:11,45,48,13333,48051
2023-06-07 15:39:12,44,48,13333,48051
2023-06-07 15:39:14,42,48,13333,48051
2023-06-07 15:39:26,43,48,13333,48051
2023-06-07 15:39:26,44,48,13333,48051
2023-06-07 15:39:27,45,48,13333,48051
2023-06-07 15:39:28,44,48,13333,48051
2023-06-07 15:39:33,43,48,13333,48051
2023-06-07 15:39:41,44,48,13333,48051
2023-06-07 15:39:44,45,48,13333,48051
2023-06-07 15:39:45,43,48,13333,48051
2023-06-07 15:39:47,44,48,13333,48051
2023-06-07 15:39:54,47,48,13333,48051
2023-06-07 15:39:54,47,48,13393,48111
2023-06-07 15:39:55,47,49,13403,48121
2023-06-07 15:39:55,48,49,13403,48121
2023-06-07 15:39:56,47,49,13403,48121
2023-06-07 15:39:56,49,55,13423,48141
2023-06-07 15:39:56,47,55,13423,48141
2023-06-07 15:39:56,47,53,13423,48141
2023-06-07 15:40:00,47,55,13423,48141
2023-06-07 15:40:00,46,55,13423,48141
2023-06-07 15:40:00,46,52,13423,48141
2023-06-07 15:40:01,46,55,13423,48141
2023-06-07 15:40:01,46,51,13423,48141
2023-06-07 15:40:02,46,53,13423,48141
2023-06-07 15:40:02,45,53,13423,48141
2023-06-07 15:40:02,45,50,13423,48141
2023-06-07 15:40:03,45,53,13423,48141
2023-06-07 15:40:03,46,53,13423,48141
2023-06-07 15:40:03,46,51,13423,48141
2023-06-07 15:40:04,46,55,13423,48141
2023-06-07 15:40:04,46,52,13423,48141
2023-06-07 15:40:05,46,55,13423,48141
2023-06-07 15:40:05,48,53,13423,48141
2023-06-07 15:40:06,48,55,13423,48141
2023-06-07 15:40:06,49,55,13423,48141
2023-06-07 15:40:06,50,55,13423,48141
2023-06-07 15:40:08,50,57,13423,48141
2023-06-07 15:40:08,51,57,13423,48141
2023-06-07 15:40:08,51,56,13423,48141
2023-06-07 15:40:09,52,56,13423,48141
2023-06-07 15:40:09,52,57,13423,48141
2023-06-07 15:40:10,52,56,13423,48141
2023-06-07 15:40:12,53,56,13423,48141
2023-06-07 15:40:12,54,56,13423,48141
2023-06-07 15:40:12,55,56,13423,48141
2023-06-07 15:40:14,56,61,13433,48151
2023-06-07 15:40:14,55,61,13433,48151
2023-06-07 15:40:14,55,65,13433,48151
2023-06-07 15:40:14,56,65,13433,48151
2023-06-07 15:40:14,57,65,13433,48151
2023-06-07 15:40:14,58,65,13433,48151
2023-06-07 15:40:15,59,65,13433,48151
2023-06-07 15:40:15,59,64,13433,48151
2023-06-07 15:40:15,58,64,13433,48151
2023-06-07 15:40:15,58,65,13433,48151
2023-06-07 15:40:15,58,63,13433,48151
2023-06-07 15:40:16,58,62,13433,48151
2023-06-07 15:40:16,55,62,13433,48151
2023-06-07 15:40:16,55,61,13433,48151
2023-06-07 15:40:17,61,62,13433,48161
2023-06-07 15:40:17,54,62,13433,48161
2023-06-07 15:40:18,54,64,13490,48361
2023-06-07 15:40:19,55,64,13490,48361
2023-06-07 15:40:19,55,65,13490,48361
2023-06-07 15:40:22,57,65,13490,48361
2023-06-07 15:40:22,57,66,13490,48361
2023-06-07 15:40:22,57,61,13490,48361
2023-06-07 15:40:23,61,67,13500,48371
2023-06-07 15:40:23,57,67,13500,48371
2023-06-07 15:40:25,58,67,13500,48371
2023-06-07 15:40:25,58,68,13500,48371
2023-06-07 15:40:28,59,68,13500,48371
2023-06-07 15:40:28,59,69,13500,48371
2023-06-07 15:40:29,59,62,13500,48371
2023-06-07 15:40:30,60,62,13500,48371
2023-06-07 15:40:30,62,69,13510,48381
2023-06-07 15:40:30,60,69,13510,48381
2023-06-07 15:40:34,59,69,13510,48381
2023-06-07 15:40:34,59,68,13510,48381
2023-06-07 15:40:37,59,69,13510,48381
2023-06-07 15:40:39,60,69,13510,48381
2023-06-07 15:40:39,60,63,13510,48381
2023-06-07 15:40:41,63,69,13520,48391
2023-06-07 15:40:41,60,69,13520,48391
2023-06-07 15:40:41,60,63,13520,48391
2023-06-07 15:40:42,61,63,13520,48391
2023-06-07 15:40:42,63,69,13570,48441
2023-06-07 15:40:42,61,69,13570,48441
2023-06-07 15:40:43,61,63,13570,48441
2023-06-07 15:40:43,63,69,13580,48451
2023-06-07 15:40:43,61,69,13580,48451
2023-06-07 15:40:43,61,63,13580,48451
2023-06-07 15:40:48,63,69,13620,48491
2023-06-07 15:40:49,61,69,13620,48491
2023-06-07 15:40:54,61,65,13620,48491
2023-06-07 15:40:58,64,65,13620,48491
2023-06-07 15:40:58,64,65,13620,48541
2023-06-07 15:40:59,63,65,13620,48541
2023-06-07 15:41:00,64,65,13620,48541
2023-06-07 15:41:02,63,65,13620,48541
2023-06-07 15:41:02,65,69,13640,48561
2023-06-07 15:41:02,63,69,13640,48561
2023-06-07 15:41:03,62,69,13640,48561
2023-06-07 15:41:05,61,69,13640,48561
2023-06-07 15:41:06,61,67,13640,48561
2023-06-07 15:41:07,61,68,13640,48561
2023-06-07 15:41:08,60,68,13640,48561
2023-06-07 15:41:08,59,68,13640,48561
2023-06-07 15:41:08,59,67,13640,48561
2023-06-07 15:41:08,63,67,13640,48561
2023-06-07 15:41:10,63,68,13640,48561
2023-06-07 15:41:11,64,68,13640,48561
2023-06-07 15:41:13,64,67,13640,48561
2023-06-07 15:41:19,64,65,13640,48561
2023-06-07 15:41:19,63,65,13640,48601
2023-06-07 15:41:19,55,65,13640,48641
2023-06-07 15:41:20,59,65,13640,48641
2023-06-07 15:41:20,59,64,13640,48641
2023-06-07 15:41:20,55,64,13640,48641
2023-06-07 15:41:20,60,64,13640,48641
2023-06-07 15:41:21,60,65,13640,48641
2023-06-07 15:41:23,56,65,13640,48641
2023-06-07 15:41:23,61,65,13640,48641
2023-06-07 15:41:24,61,66,13640,48641
2023-06-07 15:41:25,57,66,13560,48721
2023-06-07 15:41:29,56,66,13560,48721
2023-06-07 15:41:30,56,65,13560,48721
2023-06-07 15:41:31,55,65,13560,48721
2023-06-07 15:41:31,55,64,13560,48721
2023-06-07 15:41:31,61,64,13560,48721
2023-06-07 15:41:35,61,65,13560,48721
2023-06-07 15:41:35,61,66,13560,48721
2023-06-07 15:41:36,61,65,13560,48721
2023-06-07 15:41:39,60,65,13540,48741
2023-06-07 15:41:39,60,66,13540,48741
2023-06-07 15:41:40,60,67,13540,48741
2023-06-07 15:41:44,57,67,13540,48741
2023-06-07 15:41:45,63,67,13540,48741
2023-06-07 15:41:46,57,63,13540,48751
2023-06-07 15:41:46,57,67,13540,48751
2023-06-07 15:41:48,56,67,13540,48751
2023-06-07 15:41:48,56,66,13540,48751
2023-06-07 15:41:48,63,66,13540,48751
2023-06-07 15:41:49,56,63,13540,48761
2023-06-07 15:41:49,56,66,13540,48761
2023-06-07 15:41:49,55,66,13540,48761
2023-06-07 15:41:50,55,65,13540,48761
2023-06-07 15:41:50,55,64,13540,48761
2023-06-07 15:41:50,55,63,13540,48761
2023-06-07 15:41:51,59,63,13540,48761
2023-06-07 15:41:54,60,63,13540,48761
2023-06-07 15:41:55,59,60,13540,48771
2023-06-07 15:41:55,59,63,13540,48771
2023-06-07 15:41:56,59,62,13540,48771
2023-06-07 15:41:56,52,59,13540,48781
2023-06-07 15:41:56,52,62,13540,48781
2023-06-07 15:42:01,52,63,13580,48838
2023-06-07 15:42:01,57,63,13580,48838
2023-06-07 15:42:01,57,62,13580,48838
2023-06-07 15:42:01,57,60,13580,48838
2023-06-07 15:42:01,50,60,13580,48838
2023-06-07 15:42:01,55,60,13580,48838
2023-06-07 15:42:04,55,61,13580,48838
2023-06-07 15:42:04,55,60,13580,48838
2023-06-07 15:42:05,56,60,13580,48838
2023-06-07 15:42:08,55,60,13580,48838
2023-06-07 15:42:11,49,60,13540,48898
2023-06-07 15:42:12,48,60,13540,48898
2023-06-07 15:42:12,48,58,13540,48898
2023-06-07 15:42:14,48,59,13540,48898
2023-06-07 15:42:15,49,59,13540,48898
2023-06-07 15:42:16,49,60,13540,48898
2023-06-07 15:42:18,50,60,13540,48898
2023-06-07 15:42:23,50,59,13540,48898
2023-06-07 15:42:24,50,60,13540,48898
2023-06-07 15:42:25,50,59,13540,48898
2023-06-07 15:42:26,50,58,13540,48898
2023-06-07 15:42:30,50,57,13540,48898
2023-06-07 15:42:32,50,58,13540,48898
2023-06-07 15:42:33,50,57,13540,48898
2023-06-07 15:42:34,50,56,13540,48898
2023-06-07 15:42:34,50,55,13540,48898
2023-06-07 15:42:37,50,54,13540,48898
2023-06-07 15:42:39,43,50,13540,48918
2023-06-07 15:42:39,43,54,13540,48918
2023-06-07 15:42:39,43,53,13540,48918
2023-06-07 15:42:40,43,54,13540,48918
2023-06-07 15:42:42,42,54,13540,48918
2023-06-07 15:42:42,42,53,13540,48918
2023-06-07 15:42:43,41,53,13540,48918
2023-06-07 15:42:43,48,53,13540,48918
2023-06-07 15:42:44,48,52,13540,48918
2023-06-07 15:42:45,41,48,13540,48928
2023-06-07 15:42:45,41,52,13540,48928
2023-06-07 15:42:46,41,51,13540,48928
2023-06-07 15:42:47,40,51,13540,48928
2023-06-07 15:42:47,39,51,13540,48928
2023-06-07 15:42:47,39,50,13540,48928
2023-06-07 15:42:49,46,50,13540,48928
2023-06-07 15:42:50,39,46,13540,48938
2023-06-07 15:42:50,39,50,13540,48938
2023-06-07 15:42:51,42,50,13540,48938
2023-06-07 15:42:52,46,50,13540,48938
2023-06-07 15:43:05,47,50,13540,48938
2023-06-07 15:43:08,46,50,13540,48938
2023-06-07 15:43:16,48,50,13540,48938
2023-06-07 15:43:16,49,50,13540,48938
2023-06-07 15:43:17,49,50,13540,48992
2023-06-07 15:43:21,50,53,13567,49048
2023-06-07 15:43:21,49,53,13567,49048
2023-06-07 15:43:21,50,53,13567,49048
2023-06-07 15:43:22,48,53,13567,49048
2023-06-07 15:43:22,48,52,13567,49048
2023-06-07 15:43:23,48,52,13567,49098
2023-06-07 15:43:23,49,52,13567,49098
2023-06-07 15:43:25,50,52,13567,49098
2023-06-07 15:43:28,51,52,13567,49098
2023-06-07 15:43:29,52,53,13577,49108
2023-06-07 15:43:29,51,53,13577,49108
2023-06-07 15:43:34,53,55,13617,49148
2023-06-07 15:43:34,51,55,13617,49148
2023-06-07 15:43:37,50,55,13617,49148
2023-06-07 15:43:38,51,55,13617,49148
2023-06-07 15:43:40,51,54,13617,49148
2023-06-07 15:43:42,51,55,13617,49148
2023-06-07 15:43:42,51,53,13617,49148
2023-06-07 15:43:43,51,55,13617,49148
2023-06-07 15:43:43,51,54,13617,49148
2023-06-07 15:43:44,51,55,13617,49148
2023-06-07 15:43:44,52,55,13617,49148
2023-06-07 15:43:45,53,55,13617,49148
2023-06-07 15:43:47,53,64,13863,49548
2023-06-07 15:43:47,57,64,13863,49548
2023-06-07 15:43:47,57,64,13863,49629
2023-06-07 15:43:48,57,64,13863,49669
2023-06-07 15:43:48,57,63,13863,49669
2023-06-07 15:43:48,57,62,13863,49669
2023-06-07 15:43:48,54,62,13863,49708
2023-06-07 15:43:49,52,62,13780,49988
2023-06-07 15:43:50,52,58,13780,49988
2023-06-07 15:43:50,53,58,13780,49988
2023-06-07 15:43:50,54,58,13780,49988
2023-06-07 15:43:50,55,62,13780,49988
2023-06-07 15:43:50,55,63,13780,49988
2023-06-07 15:43:50,55,59,13780,49988
2023-06-07 15:43:51,55,63,13780,49988
2023-06-07 15:43:51,55,60,13780,49988
2023-06-07 15:43:52,55,59,13780,49988
2023-06-07 15:43:53,56,59,13780,49988
2023-06-07 15:43:53,57,59,13780,49988
2023-06-07 15:43:53,56,59,13820,50028
2023-06-07 15:43:57,55,59,13820,50028
2023-06-07 15:44:00,54,59,13820,50028
2023-06-07 15:44:01,53,59,13820,50028
2023-06-07 15:44:01,53,58,13820,50028
2023-06-07 15:44:03,53,59,13820,50028
2023-06-07 15:44:03,50,59,13820,50028
2023-06-07 15:44:03,50,56,13820,50028
2023-06-07 15:44:04,50,59,13820,50028
2023-06-07 15:44:04,49,59,13820,50028
2023-06-07 15:44:04,49,55,13820,50028
2023-06-07 15:44:04,49,59,13820,50028
2023-06-07 15:44:04,49,54,13820,50028
2023-06-07 15:44:05,54,58,13820,50148
2023-06-07 15:44:05,49,58,13820,50148
2023-06-07 15:44:05,49,54,13820,50148
2023-06-07 15:44:06,48,54,13820,50148
2023-06-07 15:44:07,47,54,13820,50148
2023-06-07 15:44:08,46,54,13820,50148
2023-06-07 15:44:09,50,54,13820,50148
2023-06-07 15:44:11,50,53,13820,50148
2023-06-07 15:44:11,50,51,13820,50148
2023-06-07 15:44:12,43,51,13820,50188
2023-06-07 15:44:12,43,49,13820,50188
2023-06-07 15:44:12,44,49,13820,50188
2023-06-07 15:44:13,44,48,13820,50188
2023-06-07 15:44:13,44,50,13820,50288
2023-06-07 15:44:17,43,50,13820,50288
2023-06-07 15:44:17,45,50,13820,50288
2023-06-07 15:44:19,45,49,13820,50288
2023-06-07 15:44:19,43,49,13820,50288
2023-06-07 15:44:19,44,49,13820,50288
2023-06-07 15:44:20,45,49,13820,50288
2023-06-07 15:44:24,45,48,13820,50288
2023-06-07 15:44:25,45,47,13820,50288
2023-06-07 15:44:27,42,47,13820,50288
2023-06-07 15:44:27,43,47,13820,50288
2023-06-07 15:44:28,43,49,13940,50430
2023-06-07 15:44:29,43,48,13940,50430
2023-06-07 15:44:31,43,46,13940,50430
2023-06-07 15:44:32,43,45,13940,50430
2023-06-07 15:44:32,37,45,13900,50470
2023-06-07 15:44:33,37,45,13900,50470
2023-06-07 15:44:33,37,46,13900,50470
2023-06-07 15:44:33,40,46,13900,50470
2023-06-07 15:44:34,37,46,13900,50470
2023-06-07 15:44:34,41,46,13900,50470
2023-06-07 15:44:35,38,46,13900,50470
2023-06-07 15:44:35,38,47,13900,50470
2023-06-07 15:44:36,42,47,13900,50470
2023-06-07 15:44:37,42,48,13900,50470
2023-06-07 15:44:37,43,48,13900,50470
2023-06-07 15:44:37,43,47,13900,50470
2023-06-07 15:44:38,42,43,13893,50480
2023-06-07 15:44:38,42,47,13893,50480
2023-06-07 15:44:39,38,47,13893,50480
2023-06-07 15:44:39,38,46,13893,50480
2023-06-07 15:44:40,40,46,13893,50480
2023-06-07 15:44:40,42,46,13893,50480
2023-06-07 15:44:42,41,42,13893,50490
2023-06-07 15:44:42,41,46,13893,50490
2023-06-07 15:44:45,39,46,13893,50490
2023-06-07 15:44:46,39,49,13792,50690
2023-06-07 15:44:46,40,49,13792,50690
2023-06-07 15:44:46,44,49,13792,50690
2023-06-07 15:44:47,44,50,13792,50690
2023-06-07 15:44:47,44,50,13592,50890
2023-06-07 15:44:47,42,50,13592,50890
2023-06-07 15:44:47,43,50,13592,50890
2023-06-07 15:44:47,43,48,13592,50890
2023-06-07 15:44:48,43,47,13592,50890
2023-06-07 15:44:48,42,47,13592,50890
2023-06-07 15:44:50,42,48,13592,50890
2023-06-07 15:44:50,43,48,13592,50890
2023-06-07 15:44:51,42,48,13592,50890
2023-06-07 15:44:51,42,49,13592,50890
2023-06-07 15:44:51,44,49,13592,50890
2023-06-07 15:44:51,44,48,13592,50890
2023-06-07 15:44:52,46,48,13592,50890
2023-06-07 15:44:53,44,46,13492,50990
2023-06-07 15:44:53,44,48,13492,50990
2023-06-07 15:44:54,46,48,13492,50990
2023-06-07 15:44:55,44,46,13492,51000
2023-06-07 15:44:55,44,48,13492,51000
2023-06-07 15:45:01,44,47,13492,51000
2023-06-07 15:45:03,42,47,13492,51010
2023-06-07 15:45:05,42,48,13492,51010
2023-06-07 15:45:06,42,46,13492,51010
2023-06-07 15:45:10,44,46,13492,51010
2023-06-07 15:45:12,45,46,13492,51010
2023-06-07 15:45:12,45,46,13517,51062
2023-06-07 15:45:13,46,48,13517,51090
2023-06-07 15:45:13,46,48,13517,51104
2023-06-07 15:45:13,50,54,13517,51138
2023-06-07 15:45:13,50,54,13517,51152
2023-06-07 15:45:13,50,51,13517,51152
2023-06-07 15:45:14,50,51,13517,51189
2023-06-07 15:45:15,48,51,13502,51204
2023-06-07 15:45:16,49,51,13502,51204
2023-06-07 15:45:16,50,54,13502,51204
2023-06-07 15:45:17,51,54,13502,51204
2023-06-07 15:45:18,50,54,13502,51204
2023-06-07 15:45:19,50,53,13502,51204
2023-06-07 15:45:20,49,53,13502,51204
2023-06-07 15:45:21,48,53,13502,51204
2023-06-07 15:45:21,48,51,13502,51204
2023-06-07 15:45:22,48,53,13502,51204
2023-06-07 15:45:22,47,53,13502,51204
2023-06-07 15:45:22,46,53,13502,51204
2023-06-07 15:45:22,46,50,13502,51204
2023-06-07 15:45:23,47,50,13502,51204
2023-06-07 15:45:25,48,50,13502,51204
2023-06-07 15:45:26,49,50,13502,51204
2023-06-07 15:45:29,48,50,13502,51204
2023-06-07 15:45:32,49,50,13502,51204
2023-06-07 15:45:35,48,50,13502,51204
2023-06-07 15:45:37,48,51,13512,51229
2023-06-07 15:45:38,48,54,13512,51229
2023-06-07 15:45:38,47,54,13512,51229
2023-06-07 15:45:38,47,50,13512,51229
2023-06-07 15:45:40,53,54,13535,51306
2023-06-07 15:45:40,53,54,13545,51316
2023-06-07 15:45:40,53,57,13648,51529
2023-06-07 15:45:40,49,53,13585,51642
2023-06-07 15:45:40,49,57,13585,51642
2023-06-07 15:45:41,50,57,13585,51642
2023-06-07 15:45:41,50,62,13585,51642
2023-06-07 15:45:41,50,65,13585,51642
2023-06-07 15:45:42,53,65,13585,51642
2023-06-07 15:45:42,53,63,13585,51642
2023-06-07 15:45:42,54,63,13585,51642
2023-06-07 15:45:42,55,63,13585,51642
2023-06-07 15:45:42,56,63,13585,51642
2023-06-07 15:45:42,56,61,13585,51642
2023-06-07 15:45:43,56,61,13595,51652
2023-06-07 15:45:43,56,63,13595,51652
2023-06-07 15:45:44,55,63,13595,51652
2023-06-07 15:45:44,53,63,13595,51652
2023-06-07 15:45:44,58,63,13595,51652
2023-06-07 15:45:44,59,63,13595,51652
2023-06-07 15:45:44,59,62,13595,51652
2023-06-07 15:45:44,60,62,13595,51652
2023-06-07 15:45:45,59,62,13595,51652
2023-06-07 15:45:46,61,62,13595,51652
2023-06-07 15:45:49,58,62,13595,51692
2023-06-07 15:45:50,58,63,13595,51692
2023-06-07 15:45:50,58,61,13595,51692
2023-06-07 15:45:50,57,61,13595,51692
2023-06-07 15:45:51,57,63,13595,51692
2023-06-07 15:45:51,57,60,13595,51692
2023-06-07 15:45:53,57,63,13595,51692
2023-06-07 15:45:53,57,62,13595,51692
2023-06-07 15:45:53,56,62,13595,51692
2023-06-07 15:45:53,56,60,13595,51692
2023-06-07 15:45:53,56,59,13595,51692
2023-06-07 15:45:54,56,60,13595,51692
2023-06-07 15:45:54,55,60,13595,51692
2023-06-07 15:45:54,55,58,13595,51692
2023-06-07 15:45:56,54,58,13595,51692
2023-06-07 15:45:57,54,57,13595,51692
2023-06-07 15:46:01,56,57,13595,51692
2023-06-07 15:46:01,56,58,13595,51692
2023-06-07 15:46:04,57,58,13595,51692
2023-06-07 15:46:08,57,60,13605,51702
2023-06-07 15:46:08,58,60,13605,51702
2023-06-07 15:46:08,59,60,13605,51702
2023-06-07 15:46:10,59,64,13615,51712
2023-06-07 15:46:10,59,63,13615,51712
2023-06-07 15:46:10,60,63,13615,51712
2023-06-07 15:46:10,61,63,13615,51712
2023-06-07 15:46:10,62,63,13615,51712
2023-06-07 15:46:12,61,63,13615,51712
2023-06-07 15:46:13,63,64,13625,51722
2023-06-07 15:46:13,61,64,13625,51722
2023-06-07 15:46:13,60,64,13625,51722
2023-06-07 15:46:13,61,64,13625,51722
2023-06-07 15:46:13,61,63,13625,51722
2023-06-07 15:46:13,60,63,13625,51722
2023-06-07 15:46:14,63,65,13635,51732
2023-06-07 15:46:14,60,65,13635,51732
2023-06-07 15:46:14,61,65,13635,51732
2023-06-07 15:46:14,62,65,13635,51732
2023-06-07 15:46:15,63,65,13635,51732
2023-06-07 15:46:15,63,67,13635,51732
2023-06-07 15:46:15,63,66,13635,51732
2023-06-07 15:46:18,62,66,13635,51732
2023-06-07 15:46:19,63,66,13635,51732
2023-06-07 15:46:20,64,66,13635,51732
2023-06-07 15:46:21,65,66,13635,51732
2023-06-07 15:46:22,66,67,13655,51752
2023-06-07 15:46:22,65,67,13655,51752
2023-06-07 15:46:23,66,67,13655,51752
2023-06-07 15:46:23,66,67,13665,51762
2023-06-07 15:46:23,67,68,13666,51763
2023-06-07 15:46:23,66,68,13666,51763
2023-06-07 15:46:24,67,68,13666,51763
2023-06-07 15:46:25,68,69,13666,51813
2023-06-07 15:46:25,67,69,13666,51813
2023-06-07 15:46:27,67,69,13666,52013
2023-06-07 15:46:27,68,69,13666,52013
2023-06-07 15:46:27,66,69,13666,52093
2023-06-07 15:46:28,66,69,13666,52293
2023-06-07 15:46:28,67,69,13666,52293
2023-06-07 15:46:28,68,69,13666,52293
2023-06-07 15:46:29,69,71,13666,52313
2023-06-07 15:46:29,68,71,13666,52313
2023-06-07 15:46:29,68,69,13666,52313
2023-06-07 15:46:30,69,71,13676,52323
2023-06-07 15:46:30,68,71,13676,52323
2023-06-07 15:46:30,68,75,13676,52323
2023-06-07 15:46:30,68,72,13676,52323
2023-06-07 15:46:30,68,69,13676,52323
2023-06-07 15:46:31,69,72,13686,52333
2023-06-07 15:46:31,68,72,13686,52333
2023-06-07 15:46:33,68,74,13686,52333
2023-06-07 15:46:33,67,74,13686,52333
2023-06-07 15:46:33,67,71,13686,52333
2023-06-07 15:46:35,67,74,13686,52333
2023-06-07 15:46:35,67,70,13686,52333
2023-06-07 15:46:37,67,72,13686,52333
2023-06-07 15:46:37,67,69,13686,52333
2023-06-07 15:46:38,67,72,13686,52333
2023-06-07 15:46:38,67,71,13686,52333
2023-06-07 15:46:38,67,68,13686,52333
2023-06-07 15:46:39,67,71,13686,52333
2023-06-07 15:46:39,67,69,13686,52333
2023-06-07 15:46:39,62,69,13686,52333
2023-06-07 15:46:39,62,67,13686,52333
2023-06-07 15:46:39,62,69,13686,52333
2023-06-07 15:46:39,62,66,13686,52333
2023-06-07 15:46:39,65,66,13686,52333
2023-06-07 15:46:44,65,67,13686,52333
2023-06-07 15:46:44,60,65,13676,52343
2023-06-07 15:46:44,60,67,13676,52343
2023-06-07 15:46:45,60,64,13676,52343
2023-06-07 15:46:45,60,64,13676,52543
2023-06-07 15:46:46,61,64,13676,52543
2023-06-07 15:46:48,61,67,13676,52543
2023-06-07 15:46:48,59,67,13676,52543
2023-06-07 15:46:48,59,63,13676,52543
2023-06-07 15:46:49,59,66,13676,52543
2023-06-07 15:46:49,59,62,13676,52543
2023-06-07 15:46:50,59,62,13676,52643
2023-06-07 15:46:51,59,65,13676,52643
2023-06-07 15:46:51,60,65,13676,52643
2023-06-07 15:46:51,60,66,13676,52643
2023-06-07 15:46:51,60,63,13676,52643
2023-06-07 15:46:53,61,63,13676,52643
2023-06-07 15:46:53,61,66,13676,52643
2023-06-07 15:46:53,61,67,13676,52643
2023-06-07 15:46:53,61,64,13676,52643
2023-06-07 15:46:55,62,64,13676,52643
2023-06-07 15:46:55,62,68,13676,52643
2023-06-07 15:46:55,62,69,13676,52643
2023-06-07 15:46:55,62,66,13676,52643
2023-06-07 15:46:56,63,66,13676,52643
2023-06-07 15:46:58,63,70,13676,52643
2023-06-07 15:46:58,62,70,13676,52643
2023-06-07 15:46:58,62,69,13676,52643
2023-06-07 15:46:58,62,65,13676,52643
2023-06-07 15:47:02,61,65,13676,52643
2023-06-07 15:47:03,61,68,13676,52643
2023-06-07 15:47:03,61,64,13676,52643
2023-06-07 15:47:05,61,68,13676,52643
2023-06-07 15:47:05,61,66,13676,52643
2023-06-07 15:47:05,61,62,13676,52643
2023-06-07 15:47:08,59,62,13676,52643
2023-06-07 15:47:09,59,66,13676,52643
2023-06-07 15:47:09,59,67,13676,52643
2023-06-07 15:47:09,59,63,13676,52643
2023-06-07 15:47:16,59,67,13676,52643
2023-06-07 15:47:16,60,67,13676,52643
2023-06-07 15:47:16,61,67,13676,52643
2023-06-07 15:47:16,61,68,13676,52643
2023-06-07 15:47:16,61,69,13676,52643
2023-06-07 15:47:16,61,64,13676,52643
2023-06-07 15:47:17,61,69,13676,52643
2023-06-07 15:47:17,62,70,13676,52643
2023-06-07 15:47:17,62,66,13676,52643
2023-06-07 15:47:19,62,70,13676,52643
2023-06-07 15:47:19,62,69,13676,52643
2023-06-07 15:47:19,61,65,13676,52643
2023-06-07 15:47:20,61,69,13676,52643
2023-06-07 15:47:20,61,68,13676,52643
2023-06-07 15:47:20,60,64,13676,52643
2023-06-07 15:47:23,60,68,13676,52643
2023-06-07 15:47:23,60,67,13676,52643
2023-06-07 15:47:23,59,67,13676,52643
2023-06-07 15:47:23,59,62,13676,52643
2023-06-07 15:47:23,60,62,13676,52643
2023-06-07 15:47:25,60,67,13676,52643
2023-06-07 15:47:25,60,65,13676,52643
2023-06-07 15:47:25,60,61,13676,52643
2023-06-07 15:47:26,60,65,13676,52643
2023-06-07 15:47:26,60,66,13676,52643
2023-06-07 15:47:26,60,62,13676,52643
2023-06-07 15:47:31,60,66,13676,52643
2023-06-07 15:47:31,60,61,13676,52643
2023-06-07 15:47:33,60,65,13677,52667
2023-06-07 15:47:33,60,64,13677,52667
2023-06-07 15:47:34,60,63,13677,52667
2023-06-07 15:47:36,60,62,13677,52667
2023-06-07 15:47:36,59,62,13637,52707
2023-06-07 15:47:38,59,63,13637,52707
2023-06-07 15:47:38,53,63,13596,52757
2023-06-07 15:47:39,53,59,13596,52757
2023-06-07 15:47:39,53,63,13596,52757
2023-06-07 15:47:39,54,63,13596,52757
2023-06-07 15:47:39,54,58,13596,52757
2023-06-07 15:47:39,54,64,13596,52757
2023-06-07 15:47:39,54,59,13596,52757
2023-06-07 15:47:40,59,64,13587,52766
2023-06-07 15:47:40,59,65,13587,52766
2023-06-07 15:47:41,59,66,13587,52766
2023-06-07 15:47:43,62,66,13587,52766
2023-06-07 15:47:43,59,62,13547,52806
2023-06-07 15:47:43,59,66,13547,52806
2023-06-07 15:47:45,55,66,13547,52806
2023-06-07 15:47:46,62,66,13547,52806
2023-06-07 15:47:46,55,66,13509,52844
2023-06-07 15:47:46,55,62,13509,52844
2023-06-07 15:47:46,55,66,13509,52844
2023-06-07 15:47:49,62,66,13509,52844
2023-06-07 15:47:50,55,66,13509,52854
2023-06-07 15:47:52,56,66,13509,52854
2023-06-07 15:47:52,57,66,13509,52854
2023-06-07 15:47:52,58,66,13509,52854
2023-06-07 15:47:52,59,66,13509,52854
2023-06-07 15:47:52,59,74,13924,53329
2023-06-07 15:47:53,59,69,13924,53329
2023-06-07 15:47:53,64,69,13924,53329
2023-06-07 15:47:54,59,69,13924,53329
2023-06-07 15:47:54,65,69,13924,53329
2023-06-07 15:47:54,65,72,13924,53329
2023-06-07 15:47:55,65,71,13924,53329
2023-06-07 15:47:56,65,71,13824,53429
2023-06-07 15:47:57,64,65,13814,53439
2023-06-07 15:47:57,64,71,13814,53439
2023-06-07 15:47:58,60,71,13814,53439
2023-06-07 15:47:58,60,72,13814,53439
2023-06-07 15:47:58,65,72,13814,53439
2023-06-07 15:47:58,66,72,13814,53439
2023-06-07 15:47:58,66,71,13814,53439
2023-06-07 15:47:59,65,66,13814,53449
2023-06-07 15:47:59,65,71,13814,53449
2023-06-07 15:47:59,65,71,13714,53549
2023-06-07 15:48:00,60,65,13654,53609
2023-06-07 15:48:00,60,71,13654,53609
2023-06-07 15:48:00,60,70,13654,53609
2023-06-07 15:48:01,60,69,13654,53609
2023-06-07 15:48:02,60,70,13654,53609
2023-06-07 15:48:03,66,70,13654,53609
2023-06-07 15:48:03,66,71,13654,53609
2023-06-07 15:48:04,67,71,13654,53609
2023-06-07 15:48:04,66,71,13594,53709
2023-06-07 15:48:05,67,71,13594,53709
2023-06-07 15:48:06,68,71,13594,53709
2023-06-07 15:48:06,69,71,13594,53709
2023-06-07 15:48:07,70,71,13594,53709
2023-06-07 15:48:07,70,79,13594,53719
2023-06-07 15:48:07,70,77,13594,53719
2023-06-07 15:48:07,71,77,13594,53719
2023-06-07 15:48:09,71,75,13594,53719
2023-06-07 15:48:11,70,75,13594,53759
2023-06-07 15:48:12,70,74,13594,53759
2023-06-07 15:48:18,71,74,13594,53759
2023-06-07 15:48:18,70,74,13574,53859
2023-06-07 15:48:24,69,74,13574,53859
2023-06-07 15:48:25,68,74,13574,53859
2023-06-07 15:48:25,65,74,13574,53859
2023-06-07 15:48:26,65,71,13574,53859
2023-06-07 15:48:28,65,74,13574,53859
2023-06-07 15:48:28,64,74,13574,53859
2023-06-07 15:48:28,64,70,13574,53859
2023-06-07 15:48:31,65,70,13574,53859
2023-06-07 15:48:31,65,74,13574,53859
2023-06-07 15:48:31,65,71,13574,53859
2023-06-07 15:48:32,66,71,13574,53859
2023-06-07 15:48:32,66,74,13574,53859
2023-06-07 15:48:32,66,72,13574,53859
2023-06-07 15:48:33,66,74,13574,53859
2023-06-07 15:48:33,66,71,13574,53859
2023-06-07 15:48:34,66,74,13574,53859
2023-06-07 15:48:34,66,72,13574,53859
2023-06-07 15:48:36,66,77,13574,53859
2023-06-07 15:48:36,66,72,13574,53859
2023-06-07 15:48:36,66,71,13574,53859
2023-06-07 15:48:37,66,72,13574,53859
2023-06-07 15:48:37,66,70,13574,53859
2023-06-07 15:48:39,66,72,13574,53859
2023-06-07 15:48:39,66,71,13574,53859
2023-06-07 15:48:39,65,71,13574,53869
2023-06-07 15:48:41,66,71,13574,53869
2023-06-07 15:48:41,66,72,13574,53869
2023-06-07 15:48:43,66,71,13574,53869
2023-06-07 15:48:48,66,70,13574,53869
2023-06-07 15:48:49,64,70,13574,53869
2023-06-07 15:48:50,64,71,13574,53869
2023-06-07 15:48:50,64,68,13574,53869
2023-06-07 15:48:56,63,68,13574,53869
2023-06-07 15:48:56,62,68,13574,53869
2023-06-07 15:48:57,62,70,13574,53869
2023-06-07 15:48:57,62,66,13574,53869
2023-06-07 15:49:03,63,66,13574,53869
2023-06-07 15:49:05,62,66,13574,53869
2023-06-07 15:49:05,62,70,13584,53892
2023-06-07 15:49:09,62,70,13584,53892
2023-06-07 15:49:09,62,71,13584,53892
2023-06-07 15:49:09,62,67,13584,53892
2023-06-07 15:49:12,62,71,13584,53892
2023-06-07 15:49:12,62,68,13584,53892
2023-06-07 15:49:13,62,65,13584,53892
2023-06-07 15:49:13,63,65,13584,53892
2023-06-07 15:49:15,63,68,13584,53892
2023-06-07 15:49:15,63,64,13584,53892
2023-06-07 15:49:19,62,64,13574,53902
2023-06-07 15:49:19,62,66,13574,53902
2023-06-07 15:49:19,62,63,13574,53902
2023-06-07 15:49:23,62,67,13574,53902
2023-06-07 15:49:23,62,64,13574,53902
2023-06-07 15:49:23,59,64,13574,53902
2023-06-07 15:49:23,59,63,13574,53902
2023-06-07 15:49:26,59,61,13574,53902
2023-06-07 15:49:27,59,63,13574,53902
2023-06-07 15:49:27,59,60,13574,53902
2023-06-07 15:49:28,59,63,13574,53902
2023-06-07 15:49:28,59,61,13574,53902
2023-06-07 15:49:29,59,63,13574,53902
2023-06-07 15:49:29,59,60,13574,53902
2023-06-07 15:49:30,59,60,13574,53912
2023-06-07 15:49:32,59,63,13574,53912
2023-06-07 15:49:32,59,61,13574,53912
2023-06-07 15:49:33,60,61,13574,53912
2023-06-07 15:49:33,60,63,13574,53912
2023-06-07 15:49:34,62,63,13574,53912
2023-06-07 15:49:34,62,65,13584,53932
2023-06-07 15:49:35,62,70,13584,53932
2023-06-07 15:49:35,63,70,13584,53932
2023-06-07 15:49:35,62,70,13524,54032
2023-06-07 15:49:35,62,67,13524,54032
2023-06-07 15:49:35,62,67,13524,54132
2023-06-07 15:49:36,62,69,13524,54132
2023-06-07 15:49:36,62,66,13524,54132
2023-06-07 15:49:39,63,66,13524,54132
2023-06-07 15:49:41,63,69,13524,54132
2023-06-07 15:49:41,63,67,13524,54132
2023-06-07 15:49:41,60,67,13524,54132
2023-06-07 15:49:42,66,67,13524,54132
2023-06-07 15:49:42,60,64,13524,54193
2023-06-07 15:49:42,61,64,13524,54193
2023-06-07 15:49:42,62,64,13524,54193
2023-06-07 15:49:42,62,68,13524,54193
2023-06-07 15:49:42,62,65,13524,54193
2023-06-07 15:49:44,64,65,13524,54193
2023-06-07 15:49:45,62,65,13514,54203
2023-06-07 15:49:47,63,65,13514,54203
2023-06-07 15:49:47,63,69,13514,54203
2023-06-07 15:49:47,63,66,13514,54203
2023-06-07 15:49:48,63,68,13514,54203
2023-06-07 15:49:48,62,68,13514,54203
2023-06-07 15:49:48,62,65,13514,54203
2023-06-07 15:49:49,61,65,13514,54203
2023-06-07 15:49:50,61,68,13514,54203
2023-06-07 15:49:50,61,64,13514,54203
2023-06-07 15:49:51,60,64,13514,54203
2023-06-07 15:49:52,60,66,13514,54203
2023-06-07 15:49:52,60,63,13514,54203
2023-06-07 15:49:54,61,63,13514,54203
2023-06-07 15:49:54,61,66,13514,54203
2023-06-07 15:49:54,61,67,13514,54203
2023-06-07 15:49:54,61,64,13514,54203
2023-06-07 15:49:54,61,63,13514,54203
2023-06-07 15:49:55,60,63,13514,54203
2023-06-07 15:49:55,60,62,13514,54203
2023-06-07 15:49:56,60,63,13514,54203
2023-06-07 15:49:56,60,61,13514,54203
2023-06-07 15:49:59,60,62,13514,54203
2023-06-07 15:49:59,56,60,13514,54223
2023-06-07 15:49:59,56,62,13514,54223
2023-06-07 15:49:59,56,59,13514,54223
2023-06-07 15:50:00,55,56,13554,54263
2023-06-07 15:50:00,52,56,13554,54263
2023-06-07 15:50:00,40,56,13554,54315
2023-06-07 15:50:01,40,51,13554,54315
2023-06-07 15:50:01,39,51,13554,54315
2023-06-07 15:50:02,42,51,13554,54315
2023-06-07 15:50:02,42,48,13554,54315
2023-06-07 15:50:02,42,45,13554,54315
2023-06-07 15:50:03,42,47,13617,54415
2023-06-07 15:50:03,42,48,13617,54415
2023-06-07 15:50:03,39,48,13617,54415
2023-06-07 15:50:06,40,43,13617,54415
2023-06-07 15:50:06,39,40,13618,54416
2023-06-07 15:50:06,39,41,13618,54416
2023-06-07 15:50:07,32,41,13768,54566
2023-06-07 15:50:08,32,42,13768,54566
2023-06-07 15:50:08,32,43,13768,54566
2023-06-07 15:50:08,32,44,13768,54566
2023-06-07 15:50:08,35,44,13768,54566
2023-06-07 15:50:08,35,40,13768,54566
2023-06-07 15:50:09,35,50,13768,54566
2023-06-07 15:50:09,37,50,13768,54566
2023-06-07 15:50:09,37,44,13768,54566
2023-06-07 15:50:09,39,44,13768,54566
2023-06-07 15:50:09,39,44,13782,54625
2023-06-07 15:50:09,39,44,13812,54655
2023-06-07 15:50:09,39,44,13852,54695
2023-06-07 15:50:09,39,44,13892,54735
2023-06-07 15:50:09,32,35,13926,54769
2023-06-07 15:50:10,32,36,13926,54769
2023-06-07 15:50:10,32,37,13926,54769
2023-06-07 15:50:11,32,38,13926,54769
2023-06-07 15:50:11,32,39,13926,54769
2023-06-07 15:50:11,32,45,13926,54769
2023-06-07 15:50:11,32,40,13926,54769
2023-06-07 15:50:12,32,41,13926,54769
2023-06-07 15:50:12,33,41,13926,54769
2023-06-07 15:50:12,33,37,13926,54769
2023-06-07 15:50:13,34,37,13926,54769
2023-06-07 15:50:13,35,37,13926,54769
2023-06-07 15:50:14,37,44,13923,54772
2023-06-07 15:50:15,35,44,13923,54772
2023-06-07 15:50:15,33,44,13923,54772
2023-06-07 15:50:15,32,44,13923,54772
2023-06-07 15:50:15,38,44,13923,54772
2023-06-07 15:50:15,40,44,13923,54772
2023-06-07 15:50:15,40,41,13923,54772
2023-06-07 15:50:16,40,42,13923,54772
2023-06-07 15:50:17,40,41,13923,54772
2023-06-07 15:50:19,40,42,13923,54772
2023-06-07 15:50:20,40,43,13923,54772
2023-06-07 15:50:22,40,41,13923,54772
2023-06-07 15:50:23,31,41,13926,54775
2023-06-07 15:50:23,30,41,13926,54775
2023-06-07 15:50:23,33,41,13926,54775
2023-06-07 15:50:23,33,40,13926,54775
2023-06-07 15:50:23,33,38,13926,54775
2023-06-07 15:50:24,33,36,13926,54775
2023-06-07 15:50:24,33,36,13926,54785
2023-06-07 15:50:24,30,36,13926,54785
2023-06-07 15:50:25,30,37,13926,54785
2023-06-07 15:50:25,30,38,13926,54785
2023-06-07 15:50:25,31,38,13926,54785
2023-06-07 15:50:26,30,38,13926,54785
2023-06-07 15:50:26,33,38,13926,54785
2023-06-07 15:50:26,34,38,13926,54785
2023-06-07 15:50:27,34,36,13926,54785
2023-06-07 15:50:28,34,35,13926,54785
2023-06-07 15:50:28,31,35,13929,54788
2023-06-07 15:50:28,28,35,13929,54788
2023-06-07 15:50:28,28,34,13929,54788
2023-06-07 15:50:29,29,34,13929,54788
2023-06-07 15:50:29,29,35,13929,54788
2023-06-07 15:50:30,30,35,13929,54788
2023-06-07 15:50:30,31,35,13929,54788
2023-06-07 15:50:33,31,34,13929,54788
2023-06-07 15:50:34,31,33,13929,54788
2023-06-07 15:50:35,31,32,13929,54788
2023-06-07 15:50:35,28,32,13929,54791
2023-06-07 15:50:36,26,32,13929,54791
2023-06-07 15:50:36,26,30,13929,54791
2023-06-07 15:50:37,26,29,13929,54791
2023-06-07 15:50:38,26,30,13929,54791
2023-06-07 15:50:38,26,31,13929,54791
2023-06-07 15:50:39,26,32,13929,54791
2023-06-07 15:50:40,28,32,13929,54791
2023-06-07 15:50:41,28,30,13929,54791
2023-06-07 15:50:41,28,29,13929,54791
2023-06-07 15:50:43,28,30,13929,54791
2023-06-07 15:50:44,28,31,13929,54791
2023-06-07 15:50:44,28,32,13929,54791
2023-06-07 15:50:44,28,29,13929,54791
2023-06-07 15:50:46,26,29,13929,54797
2023-06-07 15:50:47,27,29,13929,54797
2023-06-07 15:50:48,26,29,13929,54797
2023-06-07 15:50:48,28,29,13929,54797
2023-06-07 15:50:51,23,29,13929,54797
2023-06-07 15:50:53,24,29,13929,54797
2023-06-07 15:50:54,25,29,13929,54797
2023-06-07 15:50:55,25,32,14009,54897
2023-06-07 15:50:56,25,30,14009,54897
2023-06-07 15:50:57,25,31,14009,54897
2023-06-07 15:50:57,25,32,14009,54897
2023-06-07 15:50:58,26,32,14009,54897
2023-06-07 15:51:02,26,34,14107,54997
2023-06-07 15:51:04,26,29,14107,54997
2023-06-07 15:51:09,28,29,14107,54997
2023-06-07 15:51:10,26,29,14107,54997
2023-06-07 15:51:11,27,29,14107,54997
2023-06-07 15:51:14,26,29,14107,54997
2023-06-07 15:51:16,27,29,14107,54997
2023-06-07 15:51:18,26,29,14107,54997
2023-06-07 15:51:18,28,29,14107,54997
2023-06-07 15:51:19,26,29,14107,54997
2023-06-07 15:51:19,29,31,14097,55007
2023-06-07 15:51:21,26,31,14097,55007
2023-06-07 15:51:21,27,31,14097,55007
2023-06-07 15:51:22,30,31,14097,55007
2023-06-07 15:51:23,28,31,14097,55007
2023-06-07 15:51:23,26,31,14097,55007
2023-06-07 15:51:23,31,38,14094,55027
2023-06-07 15:51:24,26,38,14094,55027
2023-06-07 15:51:24,26,36,14094,55027
2023-06-07 15:51:24,30,36,14094,55027
2023-06-07 15:51:26,26,36,14094,55027
2023-06-07 15:51:26,29,36,14094,55027
2023-06-07 15:51:27,29,33,14094,55027
2023-06-07 15:51:27,26,33,14094,55027
2023-06-07 15:51:28,27,33,14094,55027
2023-06-07 15:51:29,27,34,14094,55027
2023-06-07 15:51:29,26,34,14094,55027
2023-06-07 15:51:29,26,35,14094,55027
2023-06-07 15:51:29,29,35,14094,55027
2023-06-07 15:51:30,26,35,14094,55027
2023-06-07 15:51:30,26,30,14094,55027
2023-06-07 15:51:30,28,30,14094,55027
2023-06-07 15:51:32,26,30,14094,55027
2023-06-07 15:51:32,27,30,14094,55027
2023-06-07 15:51:33,26,30,14094,55027
2023-06-07 15:51:35,26,34,14236,55324
2023-06-07 15:51:42,26,32,14236,55324
2023-06-07 15:51:44,25,32,14219,55341
2023-06-07 15:51:45,26,32,14219,55341
2023-06-07 15:51:49,26,34,14219,55341
2023-06-07 15:51:50,26,29,14219,55341
2023-06-07 15:51:51,27,29,14219,55341
2023-06-07 15:51:53,26,29,14219,55341
2023-06-07 15:51:56,28,29,14219,55341
2023-06-07 15:51:58,26,29,14219,55341
2023-06-07 15:51:58,29,38,14219,55347
2023-06-07 15:51:58,26,38,14219,55347
2023-06-07 15:51:58,30,38,14219,55347
2023-06-07 15:52:00,27,38,14219,55347
2023-06-07 15:52:00,28,39,14219,55347
2023-06-07 15:52:00,32,39,14219,55347
2023-06-07 15:52:01,32,37,14219,55347
2023-06-07 15:52:01,28,37,14219,55347
2023-06-07 15:52:02,29,37,14219,55347
2023-06-07 15:52:02,30,37,14219,55347
2023-06-07 15:52:02,31,37,14219,55347
2023-06-07 15:52:02,33,37,14219,55347
2023-06-07 15:52:02,30,37,14219,55347
2023-06-07 15:52:03,35,37,14219,55347
2023-06-07 15:52:04,30,37,14219,55347
2023-06-07 15:52:04,29,37,14219,55347
2023-06-07 15:52:04,33,37,14219,55347
2023-06-07 15:52:06,32,37,14219,55347
2023-06-07 15:52:07,31,37,14219,55347
2023-06-07 15:52:07,36,37,14219,55347
2023-06-07 15:52:12,31,37,14219,55347
2023-06-07 15:52:12,30,37,14219,55347
2023-06-07 15:52:13,35,37,14219,55347
2023-06-07 15:52:15,31,37,14219,55347
