datetime,bid,ask,open_interest,volume
2023-07-24 09:30:06,14,21,2052,2919
2023-07-24 09:30:07,12,24,2202,3069
2023-07-24 09:30:08,12,19,2202,3069
2023-07-24 09:30:09,12,18,2202,3069
2023-07-24 09:30:10,12,17,2202,3069
2023-07-24 09:30:13,12,24,2202,3069
2023-07-24 09:30:14,11,24,2237,3104
2023-07-24 09:30:16,8,24,2487,3354
2023-07-24 09:30:21,8,27,2487,3354
2023-07-24 09:30:22,8,26,2487,3354
2023-07-24 09:30:23,8,25,2487,3354
2023-07-24 09:30:23,8,24,2487,3354
2023-07-24 09:30:25,8,23,2487,3354
2023-07-24 09:30:26,8,24,2487,3354
2023-07-24 09:30:26,8,22,2487,3354
2023-07-24 09:30:27,8,24,2487,3354
2023-07-24 09:30:27,8,21,2487,3354
2023-07-24 09:30:28,8,20,2487,3354
2023-07-24 09:30:30,8,27,2487,3354
2023-07-24 09:30:31,8,26,2487,3354
2023-07-24 09:30:32,8,25,2487,3354
2023-07-24 09:30:33,8,24,2487,3354
2023-07-24 09:30:34,8,25,2487,3354
2023-07-24 09:30:34,8,23,2487,3354
2023-07-24 09:30:35,8,25,2487,3354
2023-07-24 09:30:35,8,22,2487,3354
2023-07-24 09:30:36,8,21,2487,3354
2023-07-24 09:30:39,8,28,2487,3354
2023-07-24 09:30:39,8,20,2487,3354
2023-07-24 09:30:40,8,28,2487,3354
2023-07-24 09:30:40,8,19,2487,3354
2023-07-24 09:30:41,8,28,2487,3354
2023-07-24 09:30:41,8,18,2487,3354
2023-07-24 09:30:42,8,17,2487,3354
2023-07-24 09:30:43,8,16,2487,3354
2023-07-24 09:30:44,8,15,2487,3354
2023-07-24 09:30:45,8,16,2487,3354
2023-07-24 09:30:45,8,14,2487,3354
2023-07-24 09:30:46,8,13,2487,3354
2023-07-24 09:30:47,8,12,2487,3354
2023-07-24 09:30:48,8,11,2487,3354
2023-07-24 09:30:49,8,10,2487,3354
2023-07-24 09:30:58,6,10,2737,3604
2023-07-24 09:31:00,7,10,2737,3604
2023-07-24 09:31:00,8,10,2737,3604
2023-07-24 09:31:02,7,10,2737,3604
2023-07-24 09:31:05,7,9,2737,3604
2023-07-24 09:31:05,7,9,3137,4004
2023-07-24 09:31:13,7,8,3137,4004
2023-07-24 09:31:14,7,9,3137,4004
2023-07-24 09:31:17,7,8,3137,4004
2023-07-24 09:31:18,6,8,3137,4004
2023-07-24 09:31:22,6,9,3137,4004
2023-07-24 09:31:24,6,8,3137,4004
2023-07-24 09:31:45,6,7,3137,4004
2023-07-24 09:31:47,6,8,3137,4004
2023-07-24 09:31:50,6,7,3137,4004
2023-07-24 09:31:55,6,7,3137,4031
2023-07-24 09:32:43,6,8,3137,4031
2023-07-24 09:33:02,6,7,3137,4031
2023-07-24 09:33:42,6,7,3137,4231
2023-07-24 09:33:53,4,6,3137,4281
2023-07-24 09:33:57,4,7,3137,4281
2023-07-24 09:34:20,4,6,3137,4281
2023-07-24 09:34:47,4,5,3137,4281
2023-07-24 09:34:52,3,5,3389,4533
2023-07-24 09:34:56,3,4,3389,4533
2023-07-24 09:34:58,3,5,3389,4533
2023-07-24 09:35:02,3,4,3389,4533
2023-07-24 09:35:03,3,4,3789,4933
2023-07-24 09:35:07,3,5,3789,4933
2023-07-24 09:35:08,3,4,3789,4933
2023-07-24 09:35:09,3,5,3789,4933
2023-07-24 09:35:13,3,4,3789,4933
2023-07-24 09:35:15,3,5,3789,4933
2023-07-24 09:35:18,3,4,3789,4933
2023-07-24 09:35:20,3,5,3789,4933
2023-07-24 09:35:25,3,4,3789,4933
2023-07-24 09:35:27,3,5,3789,4933
2023-07-24 09:35:31,3,4,3789,4933
2023-07-24 09:35:32,3,5,3789,4933
2023-07-24 09:35:36,3,4,3789,4933
2023-07-24 09:35:40,3,5,3789,4933
2023-07-24 09:35:42,3,4,3789,4933
2023-07-24 09:35:43,3,5,3789,4933
2023-07-24 09:35:44,3,4,3789,4933
2023-07-24 09:35:56,3,5,3789,4933
2023-07-24 09:36:13,3,4,3789,4933
2023-07-24 09:36:18,3,5,3789,4933
2023-07-24 09:36:27,3,4,3789,4933
2023-07-24 09:36:33,3,5,3789,4933
2023-07-24 09:37:08,3,4,3789,4933
2023-07-24 09:37:09,3,5,3789,4933
2023-07-24 09:37:14,3,5,3844,4990
2023-07-24 09:37:19,3,6,3844,4990
2023-07-24 09:37:19,4,6,3844,4990
2023-07-24 09:37:21,5,6,3844,4990
2023-07-24 09:37:24,4,6,3844,4990
2023-07-24 09:37:25,4,7,3844,4990
2023-07-24 09:37:29,6,7,3844,4990
2023-07-24 09:37:30,4,7,3894,5040
2023-07-24 09:37:32,5,7,3894,5040
2023-07-24 09:37:37,5,6,3894,5040
2023-07-24 09:37:52,4,6,3894,5040
2023-07-24 09:39:04,4,7,3894,5040
2023-07-24 09:39:05,5,7,3894,5040
2023-07-24 09:39:22,5,8,3894,5040
2023-07-24 09:39:25,5,7,3894,5040
2023-07-24 09:39:33,5,6,3894,5040
2023-07-24 09:39:34,4,6,3894,5040
2023-07-24 09:39:46,3,6,4096,5242
2023-07-24 09:39:50,3,5,4096,5242
2023-07-24 09:39:58,3,6,4096,5242
2023-07-24 09:40:01,3,5,4096,5242
2023-07-24 09:40:02,3,5,4496,5642
2023-07-24 09:40:03,3,5,4896,6042
2023-07-24 09:40:48,3,4,4896,6042
2023-07-24 09:40:52,3,5,4896,6042
2023-07-24 09:40:53,3,4,4896,6042
2023-07-24 09:41:06,3,5,4896,6042
2023-07-24 09:41:13,3,4,4896,6042
2023-07-24 09:44:58,3,4,4896,6072
2023-07-24 09:45:01,3,5,4896,6072
2023-07-24 09:45:01,3,4,4896,6072
2023-07-24 09:45:02,3,5,4896,6072
2023-07-24 09:45:04,3,4,4896,6072
2023-07-24 09:45:06,3,5,4896,6072
2023-07-24 09:45:17,3,4,4896,6072
2023-07-24 09:46:09,3,5,4896,6072
2023-07-24 09:46:09,3,5,4896,6091
2023-07-24 09:46:20,4,5,4896,6091
2023-07-24 09:46:21,3,4,4796,6191
2023-07-24 09:46:22,3,5,4796,6191
2023-07-24 09:46:24,3,4,4796,6191
2023-07-24 09:46:25,3,5,4796,6191
2023-07-24 09:46:27,3,5,4896,6291
2023-07-24 09:46:28,3,4,4896,6291
2023-07-24 09:46:32,3,5,4896,6291
2023-07-24 09:46:46,4,5,4896,6291
2023-07-24 09:46:47,4,6,4896,6291
2023-07-24 09:46:48,4,6,4896,6291
2023-07-24 09:46:50,4,7,4896,6291
2023-07-24 09:46:52,5,7,4896,6291
2023-07-24 09:46:54,4,7,4896,6291
2023-07-24 09:46:58,4,6,4896,6291
2023-07-24 09:47:03,4,7,4896,6291
2023-07-24 09:47:06,5,7,4896,6291
2023-07-24 09:47:10,5,8,4696,6491
2023-07-24 09:47:10,5,7,4696,6491
2023-07-24 09:47:11,5,8,4696,6491
2023-07-24 09:47:12,5,7,4696,6491
2023-07-24 09:47:13,6,7,4696,6491
2023-07-24 09:47:13,6,8,4696,6491
2023-07-24 09:47:14,5,8,4696,6491
2023-07-24 09:47:22,5,7,4696,6491
2023-07-24 09:47:25,4,7,4696,6491
2023-07-24 09:47:34,4,6,4696,6491
2023-07-24 09:47:42,4,7,4696,6491
2023-07-24 09:47:52,5,7,4696,6491
2023-07-24 09:48:01,4,7,4756,6551
2023-07-24 09:48:09,4,6,4756,6551
2023-07-24 09:48:10,4,7,4756,6551
2023-07-24 09:48:23,4,7,4761,6556
2023-07-24 09:48:35,4,6,4761,6556
2023-07-24 09:48:36,4,7,4761,6556
2023-07-24 09:48:38,4,6,4761,6556
2023-07-24 09:48:40,4,7,4761,6556
2023-07-24 09:48:50,5,7,4761,6556
2023-07-24 09:48:57,5,8,4761,6556
2023-07-24 09:49:00,5,7,4761,6556
2023-07-24 09:49:09,5,8,4761,6556
2023-07-24 09:49:09,6,8,4761,6556
2023-07-24 09:49:13,6,7,4761,6556
2023-07-24 09:49:14,6,8,4961,6756
2023-07-24 09:49:28,6,7,4961,6756
2023-07-24 09:49:29,6,8,5061,6856
2023-07-24 09:49:30,5,8,5061,6856
2023-07-24 09:49:47,5,7,5061,6856
2023-07-24 09:49:48,5,8,5061,6856
2023-07-24 09:49:50,5,7,5061,6856
2023-07-24 09:50:00,5,8,5061,6856
2023-07-24 09:50:04,5,7,5061,6856
2023-07-24 09:50:06,5,8,5061,6856
2023-07-24 09:50:33,6,8,5061,6856
2023-07-24 09:50:35,5,8,5061,6856
2023-07-24 09:50:44,5,7,5061,6856
2023-07-24 09:50:48,5,8,5061,6856
2023-07-24 09:50:55,5,7,5061,6856
2023-07-24 09:50:57,5,8,5061,6856
2023-07-24 09:51:01,5,7,5061,6856
2023-07-24 09:51:15,6,7,5061,6856
2023-07-24 09:51:16,5,7,5061,6956
2023-07-24 09:51:16,5,7,5161,7056
2023-07-24 09:51:18,5,6,5161,7056
2023-07-24 09:51:24,6,7,5161,7156
2023-07-24 09:51:24,6,7,5161,7256
2023-07-24 09:51:25,6,7,5167,7356
2023-07-24 09:51:25,5,7,5167,7356
2023-07-24 09:51:25,5,8,5167,7356
2023-07-24 09:51:25,6,8,5167,7356
2023-07-24 09:51:25,6,7,5167,7356
2023-07-24 09:51:31,5,7,5167,7356
2023-07-24 09:51:31,5,8,5167,7356
2023-07-24 09:51:31,7,8,5167,7356
2023-07-24 09:51:32,7,8,5217,7406
2023-07-24 09:51:32,7,8,5267,7456
2023-07-24 09:51:34,7,8,5317,7506
2023-07-24 09:51:34,5,8,5317,7506
2023-07-24 09:51:34,6,8,5317,7506
2023-07-24 09:51:34,7,8,5317,7506
2023-07-24 09:51:38,6,8,5317,7506
2023-07-24 09:51:38,7,8,5317,7506
2023-07-24 09:51:38,7,8,5317,7656
2023-07-24 09:51:53,7,9,5317,7656
2023-07-24 09:51:53,8,9,5317,7656
2023-07-24 09:51:54,7,9,5317,7656
2023-07-24 09:51:55,8,9,5317,7656
2023-07-24 09:51:55,9,10,5317,7856
2023-07-24 09:51:55,8,10,5367,7906
2023-07-24 09:51:56,8,9,5367,7906
2023-07-24 09:51:56,8,10,5367,7906
2023-07-24 09:51:57,9,10,5367,7906
2023-07-24 09:51:57,9,11,5367,7906
2023-07-24 09:51:57,9,11,5367,7906
2023-07-24 09:51:57,10,11,5367,7906
2023-07-24 09:51:57,9,11,5417,8006
2023-07-24 09:51:57,9,10,5417,8006
2023-07-24 09:51:57,9,10,5417,8056
2023-07-24 09:51:57,9,11,5417,8056
2023-07-24 09:51:58,9,12,5417,8056
2023-07-24 09:51:59,11,12,5417,8056
2023-07-24 09:51:59,11,12,5467,8106
2023-07-24 09:52:01,9,12,5467,8106
2023-07-24 09:52:01,11,12,5467,8106
2023-07-24 09:52:01,11,12,5517,8156
2023-07-24 09:52:02,10,12,5567,8206
2023-07-24 09:52:02,10,11,5567,8206
2023-07-24 09:52:02,9,11,5567,8206
2023-07-24 09:52:02,9,12,5567,8206
2023-07-24 09:52:02,11,12,5567,8206
2023-07-24 09:52:03,11,12,5667,8306
2023-07-24 09:52:04,9,12,5667,8306
2023-07-24 09:52:04,11,12,5667,8306
2023-07-24 09:52:05,10,12,5717,8356
2023-07-24 09:52:05,10,11,5717,8356
2023-07-24 09:52:06,9,11,5717,8356
2023-07-24 09:52:06,10,11,5717,8356
2023-07-24 09:52:11,8,11,5717,8356
2023-07-24 09:52:11,10,11,5717,8356
2023-07-24 09:52:12,9,11,5717,8356
2023-07-24 09:52:12,8,11,5717,8356
2023-07-24 09:52:23,8,10,5717,8356
2023-07-24 09:52:24,7,10,5717,8356
2023-07-24 09:52:38,8,10,5717,8356
2023-07-24 09:52:50,7,10,5717,8356
2023-07-24 09:52:51,8,10,5717,8356
2023-07-24 09:53:00,8,11,5717,8356
2023-07-24 09:53:08,9,11,5717,8356
2023-07-24 09:53:08,9,10,5717,8356
2023-07-24 09:53:09,9,11,5717,8456
2023-07-24 09:53:22,10,11,5717,8456
2023-07-24 09:53:22,10,12,5717,8506
2023-07-24 09:53:24,9,12,5717,8506
2023-07-24 09:53:26,10,12,5717,8506
2023-07-24 09:53:28,10,13,5717,8506
2023-07-24 09:53:29,10,12,5717,8506
2023-07-24 09:53:42,10,13,5717,8506
2023-07-24 09:53:43,11,13,5717,8506
2023-07-24 09:53:58,11,14,5717,8506
2023-07-24 09:53:58,12,14,5717,8506
2023-07-24 09:54:01,13,14,5717,8506
2023-07-24 09:54:02,13,15,5717,8506
2023-07-24 09:54:02,14,15,5717,8506
2023-07-24 09:54:02,14,16,5717,8506
2023-07-24 09:54:05,15,16,5717,8506
2023-07-24 09:54:06,16,17,5714,8509
2023-07-24 09:54:08,15,17,5714,8509
2023-07-24 09:54:14,16,17,5714,8509
2023-07-24 09:54:15,15,17,5714,8509
2023-07-24 09:54:16,16,17,5714,8509
2023-07-24 09:54:21,16,18,5711,8762
2023-07-24 09:54:33,15,18,5711,8762
2023-07-24 09:54:33,15,17,5711,8762
2023-07-24 09:54:34,15,18,5711,8762
2023-07-24 09:54:35,15,17,5711,8762
2023-07-24 09:54:36,16,17,5711,8762
2023-07-24 09:54:38,16,18,5711,8762
2023-07-24 09:54:38,16,18,5681,8792
2023-07-24 09:54:40,17,18,5681,8792
2023-07-24 09:54:44,16,18,5681,8792
2023-07-24 09:54:46,16,17,5681,8792
2023-07-24 09:54:47,16,18,5781,8892
2023-07-24 09:54:48,17,18,5781,8892
2023-07-24 09:54:50,16,18,5781,8892
2023-07-24 09:54:52,17,18,5781,8892
2023-07-24 09:54:57,16,18,5781,8892
2023-07-24 09:54:58,16,17,5781,8892
2023-07-24 09:55:06,16,18,5881,8992
2023-07-24 09:55:10,15,18,5881,8992
2023-07-24 09:55:11,15,17,5881,8992
2023-07-24 09:55:18,14,17,5881,9242
2023-07-24 09:56:12,13,17,5881,9242
2023-07-24 09:56:12,13,16,5881,9242
2023-07-24 09:56:22,13,17,5881,9242
2023-07-24 09:56:23,14,17,5881,9242
2023-07-24 09:56:24,13,17,5881,9242
2023-07-24 09:56:26,13,16,5881,9242
2023-07-24 09:56:36,13,15,5881,9242
2023-07-24 09:56:38,13,16,5881,9242
2023-07-24 09:56:41,13,15,5881,9242
2023-07-24 09:56:49,13,17,5881,9242
2023-07-24 09:56:49,14,17,5881,9242
2023-07-24 09:57:10,14,16,5881,9242
2023-07-24 09:57:10,13,16,5881,9242
2023-07-24 09:57:12,13,17,5881,9242
2023-07-24 09:57:13,14,17,5881,9242
2023-07-24 09:57:15,14,16,5881,9242
2023-07-24 09:57:17,13,16,5881,9242
2023-07-24 09:57:23,13,17,5881,9242
2023-07-24 09:57:23,14,17,5881,9242
2023-07-24 09:57:34,15,17,5881,9242
2023-07-24 09:57:35,15,18,5881,9242
2023-07-24 09:57:35,15,17,5881,9242
2023-07-24 09:57:35,15,18,5881,9242
2023-07-24 09:57:37,16,18,5881,9242
2023-07-24 09:57:51,15,18,5881,9242
2023-07-24 09:58:03,16,18,5881,9242
2023-07-24 09:58:11,15,18,5881,9242
2023-07-24 09:58:13,15,17,5881,9242
2023-07-24 09:58:13,14,17,5881,9242
2023-07-24 09:58:14,14,16,5881,9242
2023-07-24 09:58:15,13,16,5881,9242
2023-07-24 09:58:16,13,15,5881,9242
2023-07-24 09:58:18,13,14,5881,9242
2023-07-24 09:58:26,12,14,5881,9242
2023-07-24 09:58:27,11,14,5881,9242
2023-07-24 09:58:34,12,14,5881,9242
2023-07-24 09:58:47,12,14,6031,9392
2023-07-24 09:58:47,12,13,6031,9392
2023-07-24 09:58:49,12,14,6181,9542
2023-07-24 09:58:56,13,14,6181,9542
2023-07-24 09:58:56,14,16,6231,9592
2023-07-24 09:58:56,14,15,6231,9592
2023-07-24 09:59:03,14,16,6231,9592
2023-07-24 09:59:03,13,16,6231,9592
2023-07-24 09:59:03,14,16,6231,9592
2023-07-24 09:59:03,14,15,6231,9592
2023-07-24 09:59:03,13,14,6231,9892
2023-07-24 09:59:04,12,14,6231,9892
2023-07-24 09:59:07,13,14,6231,9892
2023-07-24 09:59:10,14,16,6231,9942
2023-07-24 09:59:10,14,15,6231,9942
2023-07-24 09:59:22,13,15,6231,9942
2023-07-24 09:59:22,13,16,6231,9942
2023-07-24 09:59:22,15,16,6231,9942
2023-07-24 09:59:29,13,16,6281,9992
2023-07-24 09:59:29,14,16,6281,9992
2023-07-24 09:59:29,14,15,6281,9992
2023-07-24 09:59:32,12,15,6281,9992
2023-07-24 09:59:32,14,15,6281,9992
2023-07-24 09:59:41,12,15,6281,9992
2023-07-24 09:59:41,13,15,6281,9992
2023-07-24 09:59:41,13,14,6281,9992
2023-07-24 09:59:59,12,14,6281,9992
2023-07-24 09:59:59,13,14,6281,9992
2023-07-24 10:00:02,11,13,6281,10092
2023-07-24 10:00:04,11,13,6352,10192
2023-07-24 10:00:05,12,13,6352,10192
2023-07-24 10:00:08,10,13,6352,10192
2023-07-24 10:00:09,11,13,6352,10192
2023-07-24 10:00:09,11,12,6352,10192
2023-07-24 10:00:14,10,12,6352,10192
2023-07-24 10:00:14,11,12,6352,10192
2023-07-24 10:00:15,11,13,6352,10192
2023-07-24 10:00:17,10,13,6352,10192
2023-07-24 10:00:17,11,13,6352,10192
2023-07-24 10:00:17,11,12,6352,10192
2023-07-24 10:00:20,11,12,6452,10292
2023-07-24 10:00:32,10,12,6452,10292
2023-07-24 10:00:32,10,13,6452,10292
2023-07-24 10:00:32,11,13,6452,10292
2023-07-24 10:00:32,11,12,6452,10292
2023-07-24 10:00:32,11,12,6502,10342
2023-07-24 10:00:42,11,13,6502,10342
2023-07-24 10:00:42,10,13,6502,10342
2023-07-24 10:00:42,11,13,6502,10342
2023-07-24 10:00:46,11,12,6502,10342
2023-07-24 10:00:48,11,13,6502,10342
2023-07-24 10:01:05,11,12,6502,10342
2023-07-24 10:01:15,11,14,6502,10342
2023-07-24 10:01:15,11,13,6502,10342
2023-07-24 10:01:15,11,14,6502,10342
2023-07-24 10:01:39,11,13,6502,10342
2023-07-24 10:01:41,11,14,6502,10342
2023-07-24 10:01:47,11,13,6502,10342
2023-07-24 10:01:54,10,13,6502,10342
2023-07-24 10:01:55,10,12,6502,10342
2023-07-24 10:02:02,9,12,6502,10342
2023-07-24 10:02:07,11,12,6502,10342
2023-07-24 10:02:07,11,13,6502,10342
2023-07-24 10:02:07,11,14,6502,10342
2023-07-24 10:02:07,11,13,6502,10342
2023-07-24 10:02:07,11,14,6502,10342
2023-07-24 10:02:09,11,13,6502,10342
2023-07-24 10:02:29,10,13,6502,10342
2023-07-24 10:02:30,10,12,6502,10342
2023-07-24 10:02:31,10,13,6502,10342
2023-07-24 10:03:24,10,12,6502,10342
2023-07-24 10:03:29,10,13,6502,10342
2023-07-24 10:04:43,10,12,6502,10342
2023-07-24 10:04:47,10,13,6502,10342
2023-07-24 10:04:57,11,13,6502,10342
2023-07-24 10:04:57,11,14,6502,10342
2023-07-24 10:04:58,11,13,6502,10342
2023-07-24 10:05:02,11,14,6502,10342
2023-07-24 10:05:08,11,13,6502,10342
2023-07-24 10:05:26,11,14,6502,10342
2023-07-24 10:05:33,11,12,6502,10342
2023-07-24 10:05:36,10,12,6502,10342
2023-07-24 10:06:09,9,12,6502,10342
2023-07-24 10:06:23,10,12,6502,10342
2023-07-24 10:06:56,11,12,6502,10342
2023-07-24 10:07:01,12,14,6502,10367
2023-07-24 10:07:01,12,13,6502,10367
2023-07-24 10:07:03,12,13,6575,10440
2023-07-24 10:07:05,11,13,6575,10440
2023-07-24 10:07:05,11,14,6575,10440
2023-07-24 10:07:05,13,14,6575,10440
2023-07-24 10:07:07,11,14,6575,10440
2023-07-24 10:07:07,12,14,6575,10440
2023-07-24 10:07:07,12,13,6575,10440
2023-07-24 10:07:09,12,13,6504,10640
2023-07-24 10:07:09,12,14,6404,10740
2023-07-24 10:07:09,12,15,6404,10740
2023-07-24 10:07:10,13,15,6404,10740
2023-07-24 10:07:10,15,16,6554,10940
2023-07-24 10:07:29,13,16,6625,11140
2023-07-24 10:07:30,12,16,6625,11140
2023-07-24 10:07:30,12,15,6625,11140
2023-07-24 10:07:34,13,15,6625,11140
2023-07-24 10:07:34,13,14,6625,11140
2023-07-24 10:07:37,13,14,6675,11190
2023-07-24 10:07:39,12,14,6675,11190
2023-07-24 10:07:39,12,13,6675,11190
2023-07-24 10:07:43,12,14,6675,11190
2023-07-24 10:07:43,11,14,6675,11190
2023-07-24 10:07:43,12,14,6675,11190
2023-07-24 10:07:43,12,13,6675,11190
2023-07-24 10:08:03,11,13,6675,11190
2023-07-24 10:08:03,11,12,6675,11190
2023-07-24 10:08:24,11,14,6675,11190
2023-07-24 10:08:25,12,14,6675,11190
2023-07-24 10:08:25,12,13,6675,11190
2023-07-24 10:08:25,12,13,6725,11240
2023-07-24 10:09:05,10,13,6725,11240
2023-07-24 10:09:05,11,13,6725,11240
2023-07-24 10:09:05,11,12,6725,11240
2023-07-24 10:09:13,10,12,6725,11240
2023-07-24 10:09:13,10,13,6725,11240
2023-07-24 10:09:13,12,13,6725,11240
2023-07-24 10:09:15,12,13,6875,11390
2023-07-24 10:09:41,11,13,6875,11390
2023-07-24 10:09:41,11,14,6875,11390
2023-07-24 10:09:41,12,14,6875,11390
2023-07-24 10:09:41,12,13,6875,11390
2023-07-24 10:09:41,12,13,6900,11415
2023-07-24 10:09:44,12,13,6925,11440
2023-07-24 10:09:48,12,15,6925,11440
2023-07-24 10:09:48,13,15,6925,11440
2023-07-24 10:09:48,13,14,6925,11440
2023-07-24 10:09:51,13,14,7050,11565
2023-07-24 10:09:55,11,14,7050,11565
2023-07-24 10:09:55,12,14,7050,11565
2023-07-24 10:09:55,12,13,7050,11565
2023-07-24 10:10:13,12,14,7050,11565
2023-07-24 10:10:13,13,14,7050,11565
2023-07-24 10:10:13,13,14,7150,11665
2023-07-24 10:10:14,12,14,7200,11715
2023-07-24 10:10:30,11,14,7200,11715
2023-07-24 10:10:33,12,14,7200,11715
2023-07-24 10:10:33,12,13,7200,11715
2023-07-24 10:10:34,12,13,7300,11815
2023-07-24 10:10:42,12,14,7300,11815
2023-07-24 10:10:42,11,14,7300,11815
2023-07-24 10:10:42,12,14,7300,11815
2023-07-24 10:10:42,12,13,7300,11815
2023-07-24 10:10:43,12,13,7350,11865
2023-07-24 10:10:43,12,14,7350,11865
2023-07-24 10:10:44,12,13,7350,11865
2023-07-24 10:10:49,12,14,7350,11865
2023-07-24 10:10:55,12,13,7350,11865
2023-07-24 10:10:56,12,14,7350,11865
2023-07-24 10:10:57,12,13,7350,11865
2023-07-24 10:11:02,12,14,7350,11865
2023-07-24 10:11:24,12,13,7350,11865
2023-07-24 10:11:24,11,13,7350,11865
2023-07-24 10:11:24,11,12,7350,11865
2023-07-24 10:11:24,11,12,7400,11915
2023-07-24 10:11:31,10,12,7400,11915
2023-07-24 10:11:31,11,12,7400,11915
2023-07-24 10:11:34,10,12,7400,11915
2023-07-24 10:11:34,10,11,7400,11915
2023-07-24 10:11:36,9,11,7400,11915
2023-07-24 10:11:36,10,11,7400,11915
2023-07-24 10:11:42,9,11,7400,11915
2023-07-24 10:11:42,9,10,7400,11915
2023-07-24 10:11:51,9,11,7400,11915
2023-07-24 10:11:51,9,10,7400,11915
2023-07-24 10:12:01,8,10,7400,11915
2023-07-24 10:12:01,8,11,7400,11915
2023-07-24 10:12:01,9,11,7400,11915
2023-07-24 10:12:01,9,10,7400,11915
2023-07-24 10:12:02,8,10,7400,11915
2023-07-24 10:12:02,9,10,7400,11915
2023-07-24 10:12:03,9,10,7500,12015
2023-07-24 10:12:05,9,10,7600,12115
2023-07-24 10:12:08,8,10,7600,12115
2023-07-24 10:12:08,9,10,7600,12115
2023-07-24 10:12:18,8,10,7600,12115
2023-07-24 10:12:18,9,10,7600,12115
2023-07-24 10:12:18,8,10,7700,12215
2023-07-24 10:12:19,8,9,7700,12215
2023-07-24 10:12:19,8,10,7700,12215
2023-07-24 10:12:19,8,9,7700,12215
2023-07-24 10:12:27,7,9,7700,12215
2023-07-24 10:12:27,8,9,7700,12215
2023-07-24 10:12:28,7,9,7850,12365
2023-07-24 10:12:28,7,8,7850,12365
2023-07-24 10:12:28,7,9,7850,12365
2023-07-24 10:12:30,7,8,7850,12365
2023-07-24 10:12:54,7,8,7779,12515
2023-07-24 10:13:07,6,8,7779,12515
2023-07-24 10:13:07,7,8,7779,12515
2023-07-24 10:13:20,6,8,7779,12515
2023-07-24 10:13:20,7,8,7779,12515
2023-07-24 10:13:33,6,8,7779,12515
2023-07-24 10:13:51,6,7,7779,12515
2023-07-24 10:13:54,5,7,7779,12515
2023-07-24 10:14:08,5,7,8029,12765
2023-07-24 10:14:21,4,7,8029,12765
2023-07-24 10:14:31,4,6,8029,12765
2023-07-24 10:14:39,4,7,8029,12765
2023-07-24 10:14:51,4,6,8029,12765
2023-07-24 10:15:11,5,6,8029,12765
2023-07-24 10:16:23,4,5,8029,12853
2023-07-24 10:17:13,3,5,8029,12853
2023-07-24 10:17:17,4,5,8029,12853
2023-07-24 10:17:19,3,5,8029,12853
2023-07-24 10:17:22,4,5,8029,12853
2023-07-24 10:17:27,3,5,8029,12853
2023-07-24 10:17:27,3,4,8029,12853
2023-07-24 10:17:56,3,5,8029,12853
2023-07-24 10:18:04,4,5,8029,12853
2023-07-24 10:18:05,3,5,8029,12853
2023-07-24 10:18:06,4,5,8029,12853
2023-07-24 10:18:08,3,5,8029,12853
2023-07-24 10:18:09,4,5,8029,12853
2023-07-24 10:18:19,3,5,8029,12853
2023-07-24 10:18:20,4,5,8029,12853
2023-07-24 10:18:25,3,5,8029,12853
2023-07-24 10:18:26,4,5,8029,12853
2023-07-24 10:18:36,3,5,8029,12853
2023-07-24 10:18:37,4,5,8029,12853
2023-07-24 10:18:41,3,5,8029,12853
2023-07-24 10:18:42,4,5,8029,12853
2023-07-24 10:18:45,3,5,8029,12853
2023-07-24 10:18:46,4,5,8029,12853
2023-07-24 10:18:48,3,5,8029,12853
2023-07-24 10:18:57,3,4,8029,12853
2023-07-24 10:19:37,3,5,7929,12953
2023-07-24 10:20:06,4,5,7929,12953
2023-07-24 10:20:24,3,5,7929,12953
2023-07-24 10:20:24,4,5,7929,12953
2023-07-24 10:20:30,4,5,7929,12958
2023-07-24 10:20:32,3,5,7929,12958
2023-07-24 10:20:32,4,5,7929,12958
2023-07-24 10:20:42,3,5,7929,12958
2023-07-24 10:20:42,4,5,7929,12958
2023-07-24 10:21:02,3,5,7929,12958
2023-07-24 10:21:02,4,5,7929,12958
2023-07-24 10:21:23,4,5,7929,13008
2023-07-24 10:21:46,3,5,7929,13008
2023-07-24 10:21:46,4,5,7929,13008
2023-07-24 10:21:46,4,5,8029,13108
2023-07-24 10:21:47,3,5,8129,13208
2023-07-24 10:21:55,3,4,8129,13208
2023-07-24 10:22:01,3,5,8129,13208
2023-07-24 10:22:01,3,4,8129,13208
2023-07-24 10:22:05,3,5,8129,13208
2023-07-24 10:22:05,3,4,8129,13208
2023-07-24 10:22:06,3,5,8129,13208
2023-07-24 10:22:06,4,5,8129,13208
2023-07-24 10:22:16,3,5,8179,13258
2023-07-24 10:22:29,4,5,8179,13258
2023-07-24 10:22:33,3,5,8179,13258
2023-07-24 10:22:33,4,5,8179,13258
2023-07-24 10:22:48,4,5,8189,13268
2023-07-24 10:23:07,4,5,7998,13668
2023-07-24 10:23:08,4,5,7798,13868
2023-07-24 10:23:20,4,6,7798,13868
2023-07-24 10:23:20,4,5,7798,13868
2023-07-24 10:23:25,4,6,7798,13868
2023-07-24 10:23:25,5,6,7798,13868
2023-07-24 10:23:32,4,6,7798,13868
2023-07-24 10:23:32,5,6,7798,13868
2023-07-24 10:23:35,4,6,7798,13868
2023-07-24 10:23:35,4,5,7798,13868
2023-07-24 10:23:40,3,5,7798,13868
2023-07-24 10:23:40,4,5,7798,13868
2023-07-24 10:23:48,3,5,7798,13868
2023-07-24 10:23:48,4,5,7798,13868
2023-07-24 10:23:49,3,5,7798,13868
2023-07-24 10:23:50,4,5,7798,13868
2023-07-24 10:23:55,3,5,7798,13868
2023-07-24 10:23:59,3,6,7798,13868
2023-07-24 10:24:00,4,6,7798,13868
2023-07-24 10:24:03,3,6,7798,13868
2023-07-24 10:24:03,3,5,7798,13868
2023-07-24 10:24:14,4,5,7798,13868
2023-07-24 10:24:17,3,5,7798,13868
2023-07-24 10:24:19,3,6,7798,13868
2023-07-24 10:24:19,4,6,7798,13868
2023-07-24 10:24:20,4,5,7798,13868
2023-07-24 10:24:25,3,5,7798,13868
2023-07-24 10:25:14,4,5,7798,13868
2023-07-24 10:25:20,3,5,7798,13868
2023-07-24 10:25:20,3,6,7798,13868
2023-07-24 10:25:20,4,6,7798,13868
2023-07-24 10:25:20,4,5,7798,13868
2023-07-24 10:25:27,3,5,7798,13868
2023-07-24 10:25:27,3,6,7798,13868
2023-07-24 10:25:27,4,6,7798,13868
2023-07-24 10:25:27,5,6,7798,13868
2023-07-24 10:25:49,3,6,7798,13868
2023-07-24 10:25:49,4,6,7798,13868
2023-07-24 10:25:49,5,6,7798,13868
2023-07-24 10:26:07,3,6,7798,13868
2023-07-24 10:26:07,4,6,7798,13868
2023-07-24 10:26:07,4,5,7798,13868
2023-07-24 10:26:11,4,6,7798,13868
2023-07-24 10:26:11,3,6,7798,13868
2023-07-24 10:26:11,4,6,7798,13868
2023-07-24 10:26:11,4,5,7798,13868
2023-07-24 10:26:23,4,6,7798,13868
2023-07-24 10:26:23,3,6,7798,13868
2023-07-24 10:26:23,4,6,7798,13868
2023-07-24 10:26:23,4,5,7798,13868
2023-07-24 10:26:28,3,5,7798,13868
2023-07-24 10:26:28,4,5,7798,13868
2023-07-24 10:26:35,3,5,7798,13868
2023-07-24 10:26:35,3,6,7798,13868
2023-07-24 10:26:35,4,6,7798,13868
2023-07-24 10:26:35,4,5,7798,13868
2023-07-24 10:26:56,4,6,7798,13868
2023-07-24 10:26:56,5,6,7798,13868
2023-07-24 10:27:02,4,6,7798,13868
2023-07-24 10:27:02,4,5,7798,13868
2023-07-24 10:27:15,4,6,7798,13868
2023-07-24 10:27:15,3,6,7798,13868
2023-07-24 10:27:15,4,6,7798,13868
2023-07-24 10:27:15,4,5,7798,13868
2023-07-24 10:27:47,3,5,7798,13868
2023-07-24 10:27:47,4,5,7798,13868
2023-07-24 10:28:02,3,5,7798,13868
2023-07-24 10:28:02,4,5,7798,13868
2023-07-24 10:28:14,3,4,7798,13968
2023-07-24 10:28:24,3,5,7798,13968
2023-07-24 10:28:24,3,4,7798,13968
2023-07-24 10:28:26,3,5,7798,13968
2023-07-24 10:28:26,3,4,7798,13968
2023-07-24 10:28:26,3,4,7798,14018
2023-07-24 10:29:03,2,4,8050,14270
2023-07-24 10:29:45,3,4,8050,14270
2023-07-24 10:29:57,2,4,8050,14270
2023-07-24 10:29:57,3,4,8050,14270
2023-07-24 10:30:00,2,4,8050,14270
2023-07-24 10:30:00,3,4,8050,14270
2023-07-24 10:30:01,3,4,8450,14670
2023-07-24 10:30:02,2,4,8450,14670
2023-07-24 10:30:02,3,4,8450,14670
2023-07-24 10:30:04,2,4,8450,14670
2023-07-24 10:30:04,3,4,8450,14670
2023-07-24 10:30:12,2,4,8450,14670
2023-07-24 10:30:12,3,4,8450,14670
2023-07-24 10:30:14,2,4,8450,14670
2023-07-24 10:30:18,3,4,8450,14670
2023-07-24 10:30:37,2,4,8450,14670
2023-07-24 10:31:37,3,4,8450,14670
2023-07-24 10:31:56,2,4,8450,14670
2023-07-24 10:32:01,3,4,8450,14670
2023-07-24 10:32:07,2,4,8450,14670
2023-07-24 10:32:07,3,4,8450,14670
2023-07-24 10:32:16,2,4,8450,14670
2023-07-24 10:32:49,3,4,8450,14670
2023-07-24 10:32:54,2,4,8450,14670
2023-07-24 10:32:54,3,4,8450,14670
2023-07-24 10:32:59,3,4,8600,14820
2023-07-24 10:33:01,2,4,8600,14820
2023-07-24 10:33:01,3,4,8600,14820
2023-07-24 10:33:08,3,4,8900,15120
2023-07-24 10:33:16,3,4,8900,15520
2023-07-24 10:33:16,3,4,9400,16020
2023-07-24 10:33:29,3,4,9400,16420
2023-07-24 10:33:30,3,4,9400,16820
2023-07-24 10:33:31,3,4,9900,17320
2023-07-24 10:33:32,3,4,9900,17720
2023-07-24 10:33:33,3,4,9900,18120
2023-07-24 10:33:34,3,4,9900,18520
2023-07-24 10:33:35,3,4,9900,18920
2023-07-24 10:33:37,3,4,10400,19420
2023-07-24 10:33:41,3,4,10630,19820
2023-07-24 10:33:42,3,4,11030,20220
2023-07-24 10:33:43,3,5,11030,20520
2023-07-24 10:33:47,4,5,11030,20520
2023-07-24 10:34:00,4,5,11030,20920
2023-07-24 10:34:00,3,5,11030,20920
2023-07-24 10:34:00,4,5,11030,20920
2023-07-24 10:34:05,3,5,11030,20920
2023-07-24 10:34:05,4,5,11030,20920
2023-07-24 10:34:15,3,5,11030,20920
2023-07-24 10:34:15,4,5,11030,20920
2023-07-24 10:34:17,3,5,11030,21320
2023-07-24 10:34:22,3,4,11030,21320
2023-07-24 10:34:23,3,5,11030,21320
2023-07-24 10:34:32,4,5,11030,21320
2023-07-24 10:34:48,3,5,11030,21320
2023-07-24 10:34:48,4,5,11030,21320
2023-07-24 10:34:52,4,5,11300,21720
2023-07-24 10:34:52,3,5,11300,21720
2023-07-24 10:34:52,3,4,11300,21720
2023-07-24 10:35:11,3,5,11300,21720
2023-07-24 10:35:11,4,5,11300,21720
2023-07-24 10:35:24,3,5,11300,21720
2023-07-24 10:35:24,3,4,11300,21720
2023-07-24 10:35:32,3,4,11500,22120
2023-07-24 10:35:52,2,4,11800,22420
2023-07-24 10:35:56,2,5,11800,22420
2023-07-24 10:35:56,3,5,11800,22420
2023-07-24 10:35:56,3,4,11800,22420
2023-07-24 10:36:00,3,5,11800,22420
2023-07-24 10:36:00,2,5,11800,22420
2023-07-24 10:36:00,3,5,11800,22420
2023-07-24 10:36:00,3,4,11800,22420
2023-07-24 10:36:01,3,4,12200,22820
2023-07-24 10:36:02,2,4,12300,22920
2023-07-24 10:36:02,2,5,12300,22920
2023-07-24 10:36:16,2,4,12300,22920
2023-07-24 10:36:26,2,5,12300,22920
2023-07-24 10:36:53,3,5,12300,22920
2023-07-24 10:36:55,2,5,12300,22920
2023-07-24 10:36:58,3,5,12300,22920
2023-07-24 10:37:05,2,5,12300,22920
2023-07-24 10:37:16,3,5,12300,22920
2023-07-24 10:37:16,3,4,12300,22920
2023-07-24 10:37:25,3,5,12300,22920
2023-07-24 10:37:25,3,4,12300,22920
2023-07-24 10:37:25,3,4,12150,23070
2023-07-24 10:37:29,3,5,12150,23070
2023-07-24 10:37:29,2,5,12150,23070
2023-07-24 10:37:29,3,5,12150,23070
2023-07-24 10:37:29,3,4,12150,23070
2023-07-24 10:37:44,3,5,12150,23070
2023-07-24 10:37:44,3,4,12150,23070
2023-07-24 10:37:47,3,4,11750,23470
2023-07-24 10:37:48,3,5,11650,23570
2023-07-24 10:38:02,3,4,11650,23570
2023-07-24 10:38:10,3,5,11650,23570
2023-07-24 10:38:10,3,4,11650,23570
2023-07-24 10:38:13,3,5,11650,23570
2023-07-24 10:38:13,3,4,11650,23570
2023-07-24 10:38:23,3,5,11650,23570
2023-07-24 10:38:23,3,4,11650,23570
2023-07-24 10:38:27,3,4,11250,23970
2023-07-24 10:38:27,3,5,11250,23970
2023-07-24 10:38:27,4,5,11250,23970
2023-07-24 10:38:31,4,5,11250,24370
2023-07-24 10:38:50,3,5,11250,24370
2023-07-24 10:38:50,3,4,11250,24370
2023-07-24 10:39:18,3,5,11250,24370
2023-07-24 10:39:18,4,5,11250,24370
2023-07-24 10:39:47,4,6,11250,24370
2023-07-24 10:39:47,4,6,11230,24520
2023-07-24 10:39:47,4,5,11230,24520
2023-07-24 10:39:50,4,6,11230,24520
2023-07-24 10:39:50,4,5,11230,24520
2023-07-24 10:39:52,4,5,11230,24920
2023-07-24 10:39:59,4,6,11230,24920
2023-07-24 10:40:00,4,6,11230,25070
2023-07-24 10:40:00,4,5,11230,25070
2023-07-24 10:40:01,3,5,11230,25070
2023-07-24 10:40:01,4,5,11230,25070
2023-07-24 10:40:06,3,5,11230,25070
2023-07-24 10:40:06,4,5,11230,25070
2023-07-24 10:40:08,3,5,11230,25220
2023-07-24 10:40:13,3,4,11230,25220
2023-07-24 10:40:30,3,5,11230,25220
2023-07-24 10:40:30,4,5,11230,25220
2023-07-24 10:40:31,3,5,11230,25570
2023-07-24 10:40:34,4,5,11230,25570
2023-07-24 10:40:35,3,5,11230,25670
2023-07-24 10:40:41,3,4,11230,25670
2023-07-24 10:40:43,3,5,11230,25670
2023-07-24 10:40:43,3,4,11230,25670
2023-07-24 10:40:46,3,5,11230,25670
2023-07-24 10:40:46,3,4,11230,25670
2023-07-24 10:40:59,3,5,11230,25670
2023-07-24 10:40:59,3,4,11230,25670
2023-07-24 10:42:00,3,5,11230,25670
2023-07-24 10:42:00,3,4,11230,25670
2023-07-24 10:42:14,3,4,11230,25720
2023-07-24 10:42:16,3,4,11550,26120
2023-07-24 10:42:17,2,4,11602,26172
2023-07-24 10:42:27,3,4,11602,26172
2023-07-24 10:42:28,3,4,12002,26572
2023-07-24 10:42:29,2,4,12102,26672
2023-07-24 10:42:31,2,5,12102,26672
2023-07-24 10:42:31,3,5,12102,26672
2023-07-24 10:42:31,3,4,12102,26672
2023-07-24 10:42:34,3,5,12102,26672
2023-07-24 10:42:34,3,4,12102,26672
2023-07-24 10:42:36,3,6,12102,26672
2023-07-24 10:42:36,4,6,12102,26672
2023-07-24 10:42:36,4,5,12102,26672
2023-07-24 10:42:36,4,5,12104,26674
2023-07-24 10:42:36,4,5,12106,26676
2023-07-24 10:42:37,4,5,12106,26678
2023-07-24 10:42:46,4,5,12506,27078
2023-07-24 10:42:49,3,5,12550,27122
2023-07-24 10:42:49,4,5,12550,27122
2023-07-24 10:42:53,3,5,12600,27172
2023-07-24 10:43:11,4,5,12600,27172
2023-07-24 10:43:12,3,5,12700,27272
2023-07-24 10:43:14,3,4,12700,27272
2023-07-24 10:43:19,3,5,12700,27272
2023-07-24 10:43:19,3,4,12700,27272
2023-07-24 10:43:19,3,5,12700,27272
2023-07-24 10:43:20,3,5,12652,27322
2023-07-24 10:43:20,3,4,12652,27322
2023-07-24 10:44:01,3,4,13052,27722
2023-07-24 10:44:01,3,4,13052,27724
2023-07-24 10:44:02,3,4,13452,28124
2023-07-24 10:44:03,2,4,13552,28224
2023-07-24 10:44:23,3,4,13552,28224
2023-07-24 10:44:25,2,4,13552,28224
2023-07-24 10:44:25,3,4,13552,28224
2023-07-24 10:45:33,3,4,13352,28426
2023-07-24 10:45:41,2,4,13352,28426
2023-07-24 10:46:23,2,3,13352,28426
2023-07-24 10:47:03,2,3,13352,28826
2023-07-24 10:47:03,2,3,13852,29326
2023-07-24 10:47:04,2,3,13852,29726
2023-07-24 10:47:04,2,3,14202,30076
2023-07-24 10:47:05,2,3,14202,30476
2023-07-24 10:47:06,2,3,14202,30876
2023-07-24 10:47:06,2,3,14552,31226
2023-07-24 10:47:07,2,3,14552,31626
2023-07-24 10:47:08,2,3,14834,32026
2023-07-24 10:47:09,2,3,15234,32426
2023-07-24 10:47:10,2,4,15234,32726
2023-07-24 10:48:34,3,4,15234,32726
2023-07-24 10:48:35,2,4,15234,32726
2023-07-24 10:48:35,3,4,15234,32726
2023-07-24 10:48:43,3,4,15234,32728
2023-07-24 10:48:45,3,4,15234,33128
2023-07-24 10:48:47,2,4,15234,33228
2023-07-24 10:49:48,3,4,15234,33228
2023-07-24 10:49:54,2,4,15234,33228
2023-07-24 10:49:54,3,4,15234,33228
2023-07-24 10:51:42,3,4,15234,33230
2023-07-24 10:51:58,3,4,15234,33630
2023-07-24 10:53:13,3,4,15234,33632
2023-07-24 10:53:33,3,4,15234,33634
2023-07-24 10:53:49,3,4,15234,33644
2023-07-24 10:54:57,2,3,15236,33646
2023-07-24 11:07:08,2,3,15586,33996
2023-07-24 11:07:09,2,3,15936,34346
2023-07-24 11:07:10,2,3,16286,34696
2023-07-24 11:07:11,2,3,16636,35046
2023-07-24 11:07:12,2,3,16986,35396
2023-07-24 11:07:13,2,3,17336,35746
2023-07-24 11:07:14,2,3,17686,36096
2023-07-24 11:07:14,2,3,18036,36446
2023-07-24 11:07:15,2,3,18386,36796
2023-07-24 11:07:17,2,3,18736,37146
2023-07-24 11:07:18,2,3,19086,37496
2023-07-24 11:07:19,2,4,19236,37646
2023-07-24 11:08:01,2,3,19236,37646
2023-07-24 11:08:02,2,4,19236,37646
2023-07-24 11:08:02,2,3,19236,37646
2023-07-24 11:08:03,2,4,19236,37646
2023-07-24 11:08:11,2,3,19236,37646
2023-07-24 11:08:14,2,4,19236,37646
2023-07-24 11:11:04,2,3,19236,37646
2023-07-24 11:11:05,2,4,19236,37646
2023-07-24 11:11:06,2,3,19236,37646
2023-07-24 11:12:41,2,3,19436,37846
2023-07-24 11:14:54,2,3,19636,38046
2023-07-24 11:15:00,2,3,19645,38055
2023-07-24 11:15:35,1,2,19749,38159
2023-07-24 11:33:02,1,3,19749,38159
2023-07-24 11:36:57,2,3,19749,38159
2023-07-24 11:37:26,2,4,19749,38159
2023-07-24 11:38:07,2,3,19749,38159
2023-07-24 11:50:16,1,2,19751,38161
2023-07-24 12:18:58,1,2,19753,38163
2023-07-24 12:18:58,1,2,19755,38165
2023-07-24 12:18:58,1,2,19759,38169
2023-07-24 12:49:01,1,2,19760,38170
2023-07-24 12:49:01,1,2,19761,38171
2023-07-24 12:49:01,1,2,19931,38341
2023-07-24 12:49:01,1,2,19968,38378
2023-07-24 12:49:02,1,2,20035,38445
2023-07-24 12:50:12,1,2,20070,38480
2023-07-24 13:29:12,1,2,20149,38559
2023-07-24 14:31:21,1,2,20245,38655
2023-07-24 14:34:09,1,2,20344,38754
2023-07-24 14:43:00,1,2,20439,38849
2023-07-24 15:03:54,1,2,20737,39147
2023-07-24 15:03:57,1,2,20837,39247
2023-07-24 15:08:13,1,2,20840,39250
2023-07-24 15:08:13,1,2,20843,39253
2023-07-24 15:08:13,1,2,20846,39256
2023-07-24 15:16:45,1,2,20847,39257
2023-07-24 15:17:12,1,2,20860,39270
2023-07-24 15:20:22,1,2,20985,39395
2023-07-24 15:22:24,1,2,20987,39397
2023-07-24 15:22:24,1,2,20988,39398
2023-07-24 15:24:06,1,2,20995,39405
2023-07-24 15:26:06,1,2,21001,39411
2023-07-24 15:26:33,1,2,21022,39432
2023-07-24 15:28:15,1,2,21026,39436
2023-07-24 15:28:15,1,2,21029,39439
2023-07-24 15:30:18,1,2,21042,39484
2023-07-24 15:30:19,1,2,21042,39492
2023-07-24 15:30:19,1,2,21042,39500
2023-07-24 15:37:53,1,2,21042,39545
2023-07-24 15:37:53,1,2,21042,39549
2023-07-24 15:37:56,1,2,21042,39557
2023-07-24 15:39:14,1,2,21042,39602
2023-07-24 15:39:45,1,2,21042,39606
2023-07-24 15:39:45,1,2,21042,39610
2023-07-24 15:39:45,1,2,21042,39650
2023-07-24 15:39:57,1,2,21092,39752
2023-07-24 15:40:22,1,2,21095,39755
2023-07-24 15:42:04,1,2,21143,39803
2023-07-24 15:44:21,1,2,21943,40603
2023-07-24 15:45:17,1,2,22693,41353
2023-07-24 15:48:20,1,2,23138,41798
2023-07-24 15:48:28,1,2,23143,41803
2023-07-24 15:49:30,1,2,23143,41858
2023-07-24 15:49:44,1,2,23324,42039
2023-07-24 15:49:59,0,2,23536,42251
2023-07-24 15:52:32,0,1,23536,42251
2023-07-24 15:52:32,0,2,23536,42251
2023-07-24 15:53:55,0,1,23536,42251
2023-07-24 15:53:55,0,2,23536,42251
2023-07-24 15:54:14,0,1,23536,42251
2023-07-24 15:54:14,0,2,23536,42251
2023-07-24 15:56:31,0,1,23536,42251
2023-07-24 15:56:31,0,2,23536,42251
2023-07-24 15:56:31,0,1,23536,42251
2023-07-24 15:56:32,0,2,23536,42251
2023-07-24 15:57:04,0,1,23536,42251
2023-07-24 15:57:04,0,2,23536,42251
2023-07-24 15:59:01,0,1,23536,42251
