datetime,bid,ask,open_interest,volume
2023-04-27 09:30:41,4,5,827,1285
2023-04-27 09:31:25,3,4,3349,3807
2023-04-27 09:31:46,3,4,3425,3883
2023-04-27 09:32:13,4,5,3411,3897
2023-04-27 09:32:14,4,5,3411,4028
2023-04-27 09:32:16,4,7,3411,4028
2023-04-27 09:32:17,4,6,3411,4028
2023-04-27 09:32:22,4,7,3411,4028
2023-04-27 09:32:33,4,6,3411,4028
2023-04-27 09:32:35,3,6,3417,4038
2023-04-27 09:32:36,4,6,3417,4038
2023-04-27 09:32:38,4,7,3417,4038
2023-04-27 09:32:40,4,7,3417,4075
2023-04-27 09:32:41,4,7,3417,4152
2023-04-27 09:32:53,4,6,3417,4152
2023-04-27 09:32:59,4,5,3417,4152
2023-04-27 09:33:21,4,5,3417,4279
2023-04-27 09:33:39,4,5,3417,4287
2023-04-27 09:33:40,4,5,3417,4295
2023-04-27 09:33:41,3,5,3421,4542
2023-04-27 09:33:41,3,4,3421,4542
2023-04-27 09:33:46,3,5,3535,4656
2023-04-27 09:33:47,3,6,3535,4656
2023-04-27 09:33:57,3,5,3535,4656
2023-04-27 09:34:12,3,4,3535,4656
2023-04-27 09:34:14,3,4,3645,4766
2023-04-27 09:34:25,4,5,3635,4782
2023-04-27 09:34:29,4,6,3635,4782
2023-04-27 09:34:34,4,6,3635,4829
2023-04-27 09:34:40,5,6,3635,4829
2023-04-27 09:34:40,4,5,3633,4831
2023-04-27 09:34:40,4,6,3633,4831
2023-04-27 09:34:41,4,6,3633,4857
2023-04-27 09:34:44,4,6,3633,4954
2023-04-27 09:34:44,4,6,3633,5155
2023-04-27 09:34:45,4,6,3633,5190
2023-04-27 09:34:46,3,6,3636,5275
2023-04-27 09:35:12,3,6,3762,5401
2023-04-27 09:35:16,3,5,3762,5401
2023-04-27 09:37:15,3,6,3762,5401
2023-04-27 09:37:16,4,6,3762,5401
2023-04-27 09:37:52,4,7,3762,5401
2023-04-27 09:38:07,5,7,3762,5401
2023-04-27 09:38:43,4,7,3762,5401
2023-04-27 09:38:52,5,7,3762,5401
2023-04-27 09:39:28,4,7,3762,5401
2023-04-27 09:39:29,4,6,3762,5401
2023-04-27 09:40:28,4,7,3762,5401
2023-04-27 09:41:34,4,6,3762,5401
2023-04-27 09:41:45,4,5,3762,5401
2023-04-27 09:42:30,5,6,3788,5430
2023-04-27 09:42:38,4,6,3788,5430
2023-04-27 09:42:38,3,6,3788,5430
2023-04-27 09:42:39,3,7,3788,5430
2023-04-27 09:42:49,4,7,3788,5430
2023-04-27 09:42:55,4,6,3788,5430
2023-04-27 09:43:36,4,5,3788,5430
2023-04-27 09:43:47,3,5,3790,5438
2023-04-27 09:44:01,3,4,3790,5438
2023-04-27 09:46:54,3,5,3790,5438
2023-04-27 09:47:36,3,4,3790,5438
2023-04-27 09:50:01,3,5,3790,5438
2023-04-27 09:50:41,3,6,3790,5438
2023-04-27 09:51:20,3,5,3790,5438
2023-04-27 09:52:53,3,6,3790,5438
2023-04-27 09:53:33,4,6,3790,5438
2023-04-27 09:53:33,4,7,3790,5438
2023-04-27 09:53:48,3,7,3790,5438
2023-04-27 09:53:48,4,7,3790,5438
2023-04-27 09:54:07,3,7,3790,5438
2023-04-27 09:54:38,3,6,3790,5438
2023-04-27 09:55:08,4,6,3790,5438
2023-04-27 09:55:27,3,6,3790,5438
2023-04-27 09:56:32,3,5,3790,5438
2023-04-27 09:57:00,3,6,3804,6138
2023-04-27 09:57:19,4,6,3804,6138
2023-04-27 09:57:19,4,6,3804,6438
2023-04-27 09:57:20,3,6,3806,6454
2023-04-27 09:57:37,3,5,3806,6454
2023-04-27 09:58:46,3,4,3806,6454
2023-04-27 09:59:59,3,4,3819,6467
2023-04-27 10:00:06,3,4,3831,6548
2023-04-27 10:00:12,3,4,3831,6635
2023-04-27 10:00:12,3,4,3831,6844
2023-04-27 10:00:13,3,4,3831,6875
2023-04-27 10:00:44,3,4,3831,6881
2023-04-27 10:00:44,3,4,3831,6884
2023-04-27 10:00:52,3,4,3831,7077
2023-04-27 10:01:21,3,4,3835,7083
2023-04-27 10:02:02,3,4,3841,7089
2023-04-27 10:02:28,3,4,3842,7090
2023-04-27 10:04:00,3,4,3848,7096
2023-04-27 10:05:13,3,4,4142,7396
2023-04-27 10:08:59,3,4,4442,7696
2023-04-27 10:09:23,3,5,4442,7696
2023-04-27 10:09:23,3,6,4442,7696
2023-04-27 10:09:23,4,6,4442,7696
2023-04-27 10:10:19,4,7,4442,7696
2023-04-27 10:13:53,5,7,4442,7696
2023-04-27 10:13:57,5,8,4442,7696
2023-04-27 10:13:57,6,8,4442,7696
2023-04-27 10:14:39,6,9,4442,7696
2023-04-27 10:14:49,7,9,4442,7696
2023-04-27 10:15:18,9,11,4446,7700
2023-04-27 10:15:22,7,11,4446,7700
2023-04-27 10:15:29,8,11,4446,7700
2023-04-27 10:15:31,8,10,4446,7700
2023-04-27 10:15:34,7,10,4446,7700
2023-04-27 10:15:44,8,10,4446,7700
2023-04-27 10:16:02,8,10,4746,8000
2023-04-27 10:16:03,8,10,5046,8300
2023-04-27 10:16:04,8,10,5346,8600
2023-04-27 10:16:05,8,10,5646,8900
2023-04-27 10:16:07,8,10,5858,9200
2023-04-27 10:16:12,7,10,5858,9200
2023-04-27 10:16:28,8,10,5858,9200
2023-04-27 10:16:52,8,11,5862,9332
2023-04-27 10:16:56,7,11,5862,9332
2023-04-27 10:16:57,7,13,5862,9332
2023-04-27 10:17:03,7,12,5862,9332
2023-04-27 10:17:07,8,12,5862,9332
2023-04-27 10:17:23,9,12,5862,9332
2023-04-27 10:17:42,9,11,5862,9332
2023-04-27 10:17:53,9,11,5848,9512
2023-04-27 10:17:54,10,11,5848,9512
2023-04-27 10:18:00,9,11,5848,9512
2023-04-27 10:19:00,9,10,5848,9512
2023-04-27 10:19:39,9,11,5848,9512
2023-04-27 10:19:39,10,11,5848,9512
2023-04-27 10:19:51,9,11,5848,9512
2023-04-27 10:20:14,9,10,5848,9512
2023-04-27 10:20:25,8,9,5848,9734
2023-04-27 10:21:06,7,9,5848,9734
2023-04-27 10:21:07,6,9,5848,9734
2023-04-27 10:21:31,6,9,5852,9744
2023-04-27 10:21:34,6,10,5852,9744
2023-04-27 10:21:43,7,10,5852,9744
2023-04-27 10:22:36,6,10,5854,9750
2023-04-27 10:22:51,6,9,5854,9750
2023-04-27 10:22:55,7,9,5854,9750
2023-04-27 10:28:06,8,9,5854,9750
2023-04-27 10:28:12,8,10,5854,9750
2023-04-27 10:28:12,8,11,5854,9750
2023-04-27 10:28:40,8,10,5854,9750
2023-04-27 10:28:47,7,10,5854,9750
2023-04-27 10:28:47,7,9,5854,9750
2023-04-27 10:29:28,8,9,5854,9750
2023-04-27 10:29:29,7,9,5854,9750
2023-04-27 10:29:31,7,11,5854,9750
2023-04-27 10:29:31,7,10,5854,9750
2023-04-27 10:30:06,7,9,5854,9750
2023-04-27 10:30:09,6,9,6080,9976
2023-04-27 10:30:11,5,9,6080,9976
2023-04-27 10:30:12,5,10,6080,9976
2023-04-27 10:30:24,5,9,6080,9976
2023-04-27 10:30:54,5,8,6080,9976
2023-04-27 10:31:16,6,8,6080,9976
2023-04-27 10:31:50,6,8,6104,10000
2023-04-27 10:31:53,6,8,6240,10136
2023-04-27 10:33:06,7,8,6240,10136
2023-04-27 10:33:23,6,8,6240,10136
2023-04-27 10:33:23,7,8,6240,10136
2023-04-27 10:33:23,8,9,6246,10148
2023-04-27 10:33:35,6,9,6247,10155
2023-04-27 10:33:39,8,9,6247,10155
2023-04-27 10:34:32,8,9,6284,10192
2023-04-27 10:34:33,8,9,6575,10492
2023-04-27 10:34:35,8,9,6655,10572
2023-04-27 10:34:36,8,9,6735,10652
2023-04-27 10:34:37,8,9,7035,10952
2023-04-27 10:34:37,8,9,7115,11032
2023-04-27 10:34:38,8,9,7195,11112
2023-04-27 10:34:40,8,9,7495,11412
2023-04-27 10:34:40,8,9,7575,11492
2023-04-27 10:34:41,8,9,7655,11572
2023-04-27 10:34:42,9,10,8294,12211
2023-04-27 10:34:45,9,11,8294,12211
2023-04-27 10:34:46,9,13,8294,12211
2023-04-27 10:35:11,10,13,8294,12211
2023-04-27 10:35:22,10,12,8294,12211
2023-04-27 10:35:25,8,12,8294,12211
2023-04-27 10:35:26,9,12,8294,12211
2023-04-27 10:35:36,10,12,8294,12211
2023-04-27 10:35:46,11,12,8294,12211
2023-04-27 10:35:58,10,12,8294,12211
2023-04-27 10:36:05,10,13,8323,12240
2023-04-27 10:36:10,9,13,8323,12240
2023-04-27 10:36:12,10,13,8323,12240
2023-04-27 10:36:16,11,13,8323,12240
2023-04-27 10:36:28,12,13,8323,12240
2023-04-27 10:36:31,11,13,8323,12246
2023-04-27 10:36:39,11,15,8323,12246
2023-04-27 10:36:39,12,15,8323,12246
2023-04-27 10:36:45,11,15,8323,12246
2023-04-27 10:36:45,10,15,8323,12246
2023-04-27 10:36:45,9,15,8323,12246
2023-04-27 10:36:48,11,15,8323,12246
2023-04-27 10:36:51,11,14,8323,12246
2023-04-27 10:36:52,11,15,8323,12246
2023-04-27 10:36:53,11,14,8323,12246
2023-04-27 10:36:54,11,15,8323,12246
2023-04-27 10:36:55,12,15,8323,12246
2023-04-27 10:36:56,12,14,8323,12246
2023-04-27 10:37:07,11,12,8323,12248
2023-04-27 10:37:19,11,12,8327,12253
2023-04-27 10:37:28,12,14,8335,12261
2023-04-27 10:37:28,11,14,8335,12261
2023-04-27 10:37:39,11,14,8338,12267
2023-04-27 10:37:40,11,14,8407,12336
2023-04-27 10:37:40,11,14,8476,12405
2023-04-27 10:37:44,12,14,8476,12405
2023-04-27 10:37:49,11,14,8476,12405
2023-04-27 10:38:00,11,15,8476,12405
2023-04-27 10:38:01,12,15,8476,12405
2023-04-27 10:38:21,12,15,7844,13037
2023-04-27 10:38:29,13,15,7844,13037
2023-04-27 10:38:41,13,17,7844,13037
2023-04-27 10:38:42,14,17,7844,13037
2023-04-27 10:38:47,14,16,7844,13037
2023-04-27 10:38:53,13,16,7844,13037
2023-04-27 10:39:13,12,13,7844,13039
2023-04-27 10:39:14,13,16,7848,13043
2023-04-27 10:39:14,12,16,7848,13043
2023-04-27 10:39:16,13,16,7848,13043
2023-04-27 10:39:19,12,13,7848,13045
2023-04-27 10:39:38,12,13,7852,13051
2023-04-27 10:39:38,12,13,7903,13102
2023-04-27 10:40:11,12,15,7911,13111
2023-04-27 10:40:16,12,14,7911,13111
2023-04-27 10:40:20,12,15,7911,13111
2023-04-27 10:40:31,13,15,7911,13111
2023-04-27 10:40:46,13,17,7911,13111
2023-04-27 10:40:46,14,17,7911,13111
2023-04-27 10:41:21,14,17,7911,13191
2023-04-27 10:41:25,15,17,7911,13191
2023-04-27 10:41:44,15,17,7771,13331
2023-04-27 10:42:33,15,16,7771,13331
2023-04-27 10:42:50,14,16,7771,13331
2023-04-27 10:42:50,13,16,7771,13331
2023-04-27 10:42:51,13,14,7771,13331
2023-04-27 10:42:56,14,16,7778,13338
2023-04-27 10:42:56,13,16,7778,13338
2023-04-27 10:43:07,13,17,7778,13338
2023-04-27 10:43:08,14,17,7778,13338
2023-04-27 10:43:49,14,16,7778,13338
2023-04-27 10:44:13,14,17,7778,13338
2023-04-27 10:44:51,15,17,7778,13338
2023-04-27 10:44:52,17,18,7782,13342
2023-04-27 10:44:52,15,18,7782,13342
2023-04-27 10:44:59,16,18,7782,13342
2023-04-27 10:45:00,15,16,7782,13344
2023-04-27 10:45:01,16,18,7787,13349
2023-04-27 10:45:01,15,18,7787,13349
2023-04-27 10:45:04,14,18,7787,13349
2023-04-27 10:45:04,15,17,7787,13349
2023-04-27 10:45:07,15,18,7787,13349
2023-04-27 10:45:14,15,17,7787,13349
2023-04-27 10:45:17,15,18,7787,13349
2023-04-27 10:46:00,16,18,7787,13349
2023-04-27 10:46:11,16,17,7787,13349
2023-04-27 10:46:12,16,18,7787,13349
2023-04-27 10:46:23,15,18,7787,13349
2023-04-27 10:46:39,16,18,7787,13349
2023-04-27 10:46:50,16,17,7787,13349
2023-04-27 10:46:53,15,17,7787,13353
2023-04-27 10:46:57,14,17,7787,13353
2023-04-27 10:47:11,14,16,7787,13353
2023-04-27 10:47:41,14,15,7787,13353
2023-04-27 10:48:31,14,16,7787,13353
2023-04-27 10:48:31,14,17,7787,13353
2023-04-27 10:48:50,15,17,7787,13353
2023-04-27 10:49:19,15,16,7787,13353
2023-04-27 10:49:31,14,16,7787,13353
2023-04-27 10:49:32,14,17,7787,13353
2023-04-27 10:49:33,14,16,7787,13353
2023-04-27 10:49:58,13,16,7787,13353
2023-04-27 10:50:11,13,17,7787,13353
2023-04-27 10:50:11,14,17,7787,13353
2023-04-27 10:50:22,15,17,7787,13353
2023-04-27 10:50:52,15,16,7787,13353
2023-04-27 10:50:57,13,16,7787,13357
2023-04-27 10:50:58,14,16,7787,13357
2023-04-27 10:51:03,13,16,7787,13357
2023-04-27 10:51:17,14,16,7787,13357
2023-04-27 10:51:17,14,15,7787,13357
2023-04-27 10:51:19,15,16,7793,13363
2023-04-27 10:51:19,14,16,7793,13363
2023-04-27 10:51:22,13,16,7793,13363
2023-04-27 10:51:34,14,16,7793,13363
2023-04-27 10:51:42,14,15,7793,13363
2023-04-27 10:53:41,13,15,7793,13363
2023-04-27 10:53:59,13,14,7793,13363
2023-04-27 10:54:12,11,14,7793,13363
2023-04-27 10:54:13,12,14,7793,13363
2023-04-27 10:54:33,13,14,7793,13363
2023-04-27 10:54:48,12,14,7793,13363
2023-04-27 10:55:02,13,14,7793,13363
2023-04-27 10:55:12,12,14,7793,13363
2023-04-27 10:55:13,12,13,7793,13363
2023-04-27 10:55:27,11,12,7787,13381
2023-04-27 10:55:44,9,11,7787,13464
2023-04-27 10:55:46,9,10,7787,13464
2023-04-27 10:55:51,9,11,7787,13464
2023-04-27 10:56:02,8,11,7787,13464
2023-04-27 10:56:03,8,10,7787,13464
2023-04-27 10:56:33,9,10,7787,13464
2023-04-27 10:56:34,9,10,7787,13544
2023-04-27 10:56:46,8,9,7791,13548
2023-04-27 10:57:04,7,9,7791,13548
2023-04-27 10:57:05,8,9,7791,13548
2023-04-27 10:57:05,8,9,7791,13550
2023-04-27 10:57:24,7,9,7791,13550
2023-04-27 10:57:24,6,9,7791,13550
2023-04-27 10:57:25,6,8,7791,13550
2023-04-27 10:57:35,7,8,7791,13550
2023-04-27 10:58:05,6,8,7791,13550
2023-04-27 10:58:24,7,8,7791,13550
2023-04-27 10:58:36,6,8,7791,13550
2023-04-27 10:58:36,7,8,7791,13550
2023-04-27 10:59:10,6,8,7791,13550
2023-04-27 10:59:10,7,8,7791,13550
2023-04-27 10:59:27,7,8,8084,13843
2023-04-27 10:59:31,7,9,8084,13843
2023-04-27 10:59:42,7,8,8084,13843
2023-04-27 11:00:19,7,8,8111,13870
2023-04-27 11:00:26,7,9,8111,13870
2023-04-27 11:00:40,6,9,8111,13870
2023-04-27 11:00:41,6,8,8111,13870
2023-04-27 11:00:50,6,8,8115,13874
2023-04-27 11:01:01,6,8,8135,13894
2023-04-27 11:01:31,7,8,8135,13894
2023-04-27 11:01:39,7,8,8139,13898
2023-04-27 11:01:52,7,9,8139,13898
2023-04-27 11:01:53,7,10,8139,13898
2023-04-27 11:02:03,8,10,8139,13898
2023-04-27 11:02:32,7,10,8139,13898
2023-04-27 11:02:34,8,10,8139,13898
2023-04-27 11:03:31,7,10,8139,13898
2023-04-27 11:03:32,7,9,8139,13898
2023-04-27 11:04:44,7,10,8139,13898
2023-04-27 11:05:04,7,9,8139,13898
2023-04-27 11:05:35,7,10,8139,13898
2023-04-27 11:05:58,8,10,8139,13898
2023-04-27 11:06:23,8,9,8139,13898
2023-04-27 11:06:39,7,9,8139,13898
2023-04-27 11:06:39,6,9,8139,13898
2023-04-27 11:06:47,7,9,8139,13898
2023-04-27 11:07:19,8,9,8139,13898
2023-04-27 11:07:35,8,10,8139,13898
2023-04-27 11:07:52,9,10,8139,13898
2023-04-27 11:08:21,9,11,8373,14453
2023-04-27 11:08:24,10,11,8373,14453
2023-04-27 11:08:46,9,10,8375,14456
2023-04-27 11:09:06,8,10,8375,14456
2023-04-27 11:09:06,7,10,8375,14456
2023-04-27 11:09:07,7,9,8375,14456
2023-04-27 11:09:25,7,8,8375,14456
2023-04-27 11:10:09,8,9,8375,14458
2023-04-27 11:10:16,8,10,8375,14458
2023-04-27 11:10:21,8,11,8375,14458
2023-04-27 11:10:37,9,11,8375,14458
2023-04-27 11:10:37,9,10,8375,14458
2023-04-27 11:11:05,9,11,8375,14458
2023-04-27 11:11:14,10,11,8375,14458
2023-04-27 11:11:18,10,12,8375,14458
2023-04-27 11:11:28,10,11,8375,14458
2023-04-27 11:11:34,9,11,8375,14458
2023-04-27 11:11:35,8,11,8375,14458
2023-04-27 11:11:36,8,10,8375,14458
2023-04-27 11:11:51,9,10,8375,14458
2023-04-27 11:12:07,9,12,8375,14458
2023-04-27 11:12:07,10,12,8375,14458
2023-04-27 11:12:07,10,11,8375,14458
2023-04-27 11:12:30,9,11,8375,14458
2023-04-27 11:12:42,10,11,8375,14458
2023-04-27 11:13:05,10,12,8375,14458
2023-04-27 11:13:17,10,11,8375,14458
2023-04-27 11:13:19,9,11,8375,14458
2023-04-27 11:13:19,9,12,8375,14458
2023-04-27 11:13:19,9,10,8375,14458
2023-04-27 11:13:33,10,12,8381,14464
2023-04-27 11:13:54,11,12,8381,14464
2023-04-27 11:14:29,11,13,8381,14464
2023-04-27 11:14:30,12,13,8381,14464
2023-04-27 11:15:04,12,14,8381,14464
2023-04-27 11:15:07,13,14,8381,14464
2023-04-27 11:16:02,13,15,8381,14464
2023-04-27 11:16:02,14,15,8381,14464
2023-04-27 11:17:12,13,14,8381,14466
2023-04-27 11:17:14,12,14,8381,14466
2023-04-27 11:17:16,13,14,8381,14466
2023-04-27 11:18:07,12,13,8381,14468
2023-04-27 11:18:39,12,14,8381,14468
2023-04-27 11:18:39,12,15,8381,14468
2023-04-27 11:18:40,13,15,8381,14468
2023-04-27 11:18:51,14,15,8381,14468
2023-04-27 11:19:04,13,14,8381,14470
2023-04-27 11:19:17,13,15,8381,14470
2023-04-27 11:19:17,13,14,8381,14470
2023-04-27 11:19:18,13,15,8381,14470
2023-04-27 11:19:22,13,14,8381,14470
2023-04-27 11:20:06,13,15,8381,14470
2023-04-27 11:20:26,14,15,8381,14470
2023-04-27 11:20:49,13,15,8381,14470
2023-04-27 11:20:49,13,14,8381,14470
2023-04-27 11:21:04,13,15,8381,14470
2023-04-27 11:21:05,14,15,8381,14470
2023-04-27 11:21:20,14,16,8381,14470
2023-04-27 11:21:26,15,16,8381,14470
2023-04-27 11:21:42,15,16,8481,14570
2023-04-27 11:21:57,16,17,8487,14576
2023-04-27 11:22:03,15,16,8782,14877
2023-04-27 11:22:06,14,16,8782,14877
2023-04-27 11:22:07,14,16,9115,15210
2023-04-27 11:22:13,15,16,9115,15210
2023-04-27 11:22:14,15,17,9342,15438
2023-04-27 11:22:23,15,18,9342,15438
2023-04-27 11:22:33,16,18,9342,15438
2023-04-27 11:23:00,15,18,9342,15438
2023-04-27 11:23:12,16,18,9342,15438
2023-04-27 11:23:15,17,18,9342,15438
2023-04-27 11:23:31,16,18,9342,15438
2023-04-27 11:23:31,18,21,9346,15442
2023-04-27 11:23:38,19,21,9346,15442
2023-04-27 11:23:45,16,21,9346,15442
2023-04-27 11:23:45,17,21,9346,15442
2023-04-27 11:23:47,19,21,9346,15442
2023-04-27 11:23:58,19,22,9346,15442
2023-04-27 11:23:58,20,22,9346,15442
2023-04-27 11:24:12,20,25,9346,15442
2023-04-27 11:24:13,21,25,9346,15442
2023-04-27 11:24:26,21,26,9346,15442
2023-04-27 11:24:26,22,26,9346,15442
2023-04-27 11:24:44,22,27,9346,15442
2023-04-27 11:24:44,23,27,9346,15442
2023-04-27 11:25:02,23,28,9346,15442
2023-04-27 11:25:08,24,28,9346,15442
2023-04-27 11:25:16,26,28,9346,15442
2023-04-27 11:25:20,26,28,9346,15443
2023-04-27 11:25:23,26,31,9346,15443
2023-04-27 11:25:23,27,31,9346,15443
2023-04-27 11:25:40,28,31,9346,15443
2023-04-27 11:25:49,28,34,9346,15443
2023-04-27 11:25:49,29,34,9346,15443
2023-04-27 11:25:54,29,33,9346,15443
2023-04-27 11:25:56,28,29,9344,15445
2023-04-27 11:26:00,26,29,9344,15445
2023-04-27 11:26:01,26,33,9344,15445
2023-04-27 11:26:02,26,29,9344,15445
2023-04-27 11:26:02,27,29,9344,15445
2023-04-27 11:26:14,27,33,9344,15445
2023-04-27 11:26:14,28,33,9344,15445
2023-04-27 11:26:29,29,33,9344,15445
2023-04-27 11:27:01,28,29,9342,15447
2023-04-27 11:27:03,26,29,9342,15447
2023-04-27 11:27:05,27,29,9342,15447
2023-04-27 11:27:14,27,33,9342,15447
2023-04-27 11:27:14,28,33,9342,15447
2023-04-27 11:27:27,26,33,9342,15447
2023-04-27 11:27:27,27,33,9342,15447
2023-04-27 11:28:24,28,33,9342,15447
2023-04-27 11:28:40,28,34,9342,15447
2023-04-27 11:28:41,29,34,9342,15447
2023-04-27 11:28:44,29,33,9342,15447
2023-04-27 11:28:56,28,33,9342,15447
2023-04-27 11:29:38,27,28,9340,15449
2023-04-27 11:29:44,27,32,9340,15449
2023-04-27 11:29:48,27,31,9340,15449
2023-04-27 11:29:48,26,31,9340,15449
2023-04-27 11:30:34,27,31,9340,15449
2023-04-27 11:30:45,26,31,9340,15449
2023-04-27 11:31:02,25,31,9340,15449
2023-04-27 11:31:11,25,30,9340,15449
2023-04-27 11:31:19,26,30,9340,15449
2023-04-27 11:31:46,27,30,9340,15449
2023-04-27 11:32:13,28,30,9340,15449
2023-04-27 11:32:34,28,29,9340,15449
2023-04-27 11:33:48,27,29,9340,15449
2023-04-27 11:33:59,26,27,9340,15451
2023-04-27 11:34:26,26,27,9342,15457
2023-04-27 11:34:26,27,29,9352,15469
2023-04-27 11:34:34,27,30,9352,15469
2023-04-27 11:34:34,28,30,9352,15469
2023-04-27 11:34:39,27,30,9352,15469
2023-04-27 11:34:39,26,30,9352,15469
2023-04-27 11:34:40,27,30,9352,15469
2023-04-27 11:34:50,28,30,9352,15469
2023-04-27 11:35:04,27,28,9352,15471
2023-04-27 11:35:12,26,28,9352,15471
2023-04-27 11:35:13,25,28,9352,15471
2023-04-27 11:35:25,26,28,9352,15471
2023-04-27 11:36:01,27,28,9352,15471
2023-04-27 11:36:14,26,28,9352,15471
2023-04-27 11:36:27,26,30,9352,15471
2023-04-27 11:36:56,26,28,9352,15471
2023-04-27 11:37:25,25,28,9352,15471
2023-04-27 11:37:35,25,27,9352,15471
2023-04-27 11:37:39,24,27,8854,15971
2023-04-27 11:37:46,25,27,8854,15971
2023-04-27 11:38:32,26,27,8854,15971
2023-04-27 11:38:50,25,26,8858,15975
2023-04-27 11:39:00,24,26,8858,15975
2023-04-27 11:39:07,23,26,8858,15975
2023-04-27 11:39:17,22,26,8858,15975
2023-04-27 11:39:19,23,26,8858,15975
2023-04-27 11:39:20,22,26,8858,16475
2023-04-27 11:39:22,23,26,8858,16475
2023-04-27 11:40:06,22,26,8858,16475
2023-04-27 11:40:20,22,25,8858,16475
2023-04-27 11:40:32,22,24,8858,16475
2023-04-27 11:40:51,23,24,8858,16475
2023-04-27 11:40:53,22,24,8858,16475
2023-04-27 11:40:55,22,26,8858,16475
2023-04-27 11:40:55,23,26,8858,16475
2023-04-27 11:40:56,22,26,8858,16475
2023-04-27 11:40:59,23,26,8858,16475
2023-04-27 11:40:59,22,26,8858,16475
2023-04-27 11:41:19,23,26,8858,16475
2023-04-27 11:42:00,22,26,8858,16475
2023-04-27 11:42:01,23,26,8858,16475
2023-04-27 11:42:07,22,26,8858,16475
2023-04-27 11:42:08,23,26,8858,16475
2023-04-27 11:42:19,24,26,8858,16475
2023-04-27 11:44:16,23,26,8858,16475
2023-04-27 11:45:05,23,25,8858,16475
2023-04-27 11:45:12,22,25,8858,16475
2023-04-27 11:45:12,22,24,8858,16475
2023-04-27 11:45:37,21,24,8858,16475
2023-04-27 11:46:44,22,24,8858,16475
2023-04-27 11:46:50,22,26,8858,16475
2023-04-27 11:47:10,23,26,8858,16475
2023-04-27 11:47:12,22,26,8858,16475
2023-04-27 11:47:13,23,26,8858,16475
2023-04-27 11:47:34,24,26,8858,16475
2023-04-27 11:48:17,24,26,8858,16479
2023-04-27 11:48:19,23,26,8858,16479
2023-04-27 11:48:20,22,26,8858,16479
2023-04-27 11:48:21,23,26,8858,16479
2023-04-27 11:48:26,23,27,8858,16479
2023-04-27 11:48:32,24,27,8858,16479
2023-04-27 11:48:38,24,26,8858,16479
2023-04-27 11:49:04,25,26,8858,16479
2023-04-27 11:49:08,24,26,8858,16479
2023-04-27 11:49:13,25,26,8858,16479
2023-04-27 11:49:16,25,26,8858,16483
2023-04-27 11:49:24,25,27,8858,16483
2023-04-27 11:49:53,26,27,8858,16483
2023-04-27 11:49:56,25,27,8858,16483
2023-04-27 11:50:00,26,27,8858,16483
2023-04-27 11:50:12,27,30,8856,16492
2023-04-27 11:50:18,27,29,8856,16492
2023-04-27 11:50:23,27,30,8856,16492
2023-04-27 11:50:35,28,30,8856,16492
2023-04-27 11:51:00,28,29,8856,16492
2023-04-27 11:51:06,27,29,8856,16492
2023-04-27 11:51:16,27,28,8856,16492
2023-04-27 11:51:18,26,28,8856,16492
2023-04-27 11:51:30,26,27,8856,16492
2023-04-27 11:51:41,25,27,8856,16492
2023-04-27 11:51:41,23,27,8856,16492
2023-04-27 11:51:41,24,27,8856,16492
2023-04-27 11:51:43,24,26,8856,16492
2023-04-27 11:51:59,24,25,8856,16492
2023-04-27 11:52:04,24,26,8856,16492
2023-04-27 11:52:08,24,25,8856,16492
2023-04-27 11:52:16,22,25,8856,16492
2023-04-27 11:52:17,23,25,8856,16492
2023-04-27 11:52:27,21,25,8856,16492
2023-04-27 11:52:28,22,25,8856,16492
2023-04-27 11:52:39,23,25,8856,16492
2023-04-27 11:52:55,23,26,8856,16492
2023-04-27 11:53:06,23,27,8856,16492
2023-04-27 11:53:06,23,26,8856,16492
2023-04-27 11:53:07,24,26,8856,16492
2023-04-27 11:53:09,24,27,8856,16492
2023-04-27 11:53:10,24,26,8856,16492
2023-04-27 11:53:13,24,27,8856,16492
2023-04-27 11:53:35,24,26,8856,16492
2023-04-27 11:53:51,24,27,8856,16492
2023-04-27 11:54:02,25,27,8856,16492
2023-04-27 11:54:04,25,28,8856,16492
2023-04-27 11:54:05,26,28,8856,16492
2023-04-27 11:54:54,24,28,8856,16492
2023-04-27 11:54:55,25,28,8856,16492
2023-04-27 11:55:19,25,27,8856,16492
2023-04-27 11:55:23,25,26,8856,16492
2023-04-27 11:55:24,25,27,8856,16492
2023-04-27 11:55:25,25,26,8856,16492
2023-04-27 11:55:46,24,26,8856,16492
2023-04-27 11:55:47,23,26,8856,16492
2023-04-27 11:55:50,23,25,8856,16492
2023-04-27 11:55:52,23,26,8856,16492
2023-04-27 11:55:53,23,25,8856,16492
2023-04-27 11:55:54,23,26,8856,16492
2023-04-27 11:56:30,23,27,8856,16492
2023-04-27 11:56:31,24,27,8856,16492
2023-04-27 11:56:37,24,25,8856,16492
2023-04-27 11:56:52,25,27,8856,16497
2023-04-27 11:56:59,25,28,8856,16497
2023-04-27 11:57:02,26,28,8856,16497
2023-04-27 11:57:13,26,29,8856,16497
2023-04-27 11:57:13,27,29,8856,16497
2023-04-27 11:57:43,27,28,8856,16497
2023-04-27 11:57:47,25,28,8856,16497
2023-04-27 11:58:13,25,29,8856,16497
2023-04-27 11:58:14,26,29,8856,16497
2023-04-27 11:58:41,26,28,8856,16497
2023-04-27 11:58:44,26,27,8856,16497
2023-04-27 11:58:49,26,28,8856,16497
2023-04-27 11:58:50,25,28,8856,16497
2023-04-27 11:58:50,25,27,8856,16497
2023-04-27 11:58:51,25,28,8856,16497
2023-04-27 11:58:52,25,27,8856,16497
2023-04-27 11:59:36,25,26,8856,16497
2023-04-27 12:00:00,24,26,8856,16497
2023-04-27 12:00:00,24,27,8856,16497
2023-04-27 12:00:14,24,28,8856,16497
2023-04-27 12:00:14,25,28,8856,16497
2023-04-27 12:00:32,25,29,8856,16497
2023-04-27 12:00:32,26,29,8856,16497
2023-04-27 12:00:41,26,28,8856,16497
2023-04-27 12:01:01,25,28,8856,16497
2023-04-27 12:01:17,26,28,8856,16497
2023-04-27 12:01:18,26,27,8856,16497
2023-04-27 12:01:19,26,28,8856,16497
2023-04-27 12:01:20,26,27,8856,16497
2023-04-27 12:01:30,26,28,8856,16497
2023-04-27 12:01:31,25,28,8856,16497
2023-04-27 12:01:52,26,28,8856,16497
2023-04-27 12:02:12,26,29,8856,16497
2023-04-27 12:02:29,26,28,8856,16497
2023-04-27 12:02:32,26,29,8856,16497
2023-04-27 12:02:40,27,29,8856,16497
2023-04-27 12:02:58,28,29,8856,16497
2023-04-27 12:04:11,29,31,8856,16502
2023-04-27 12:04:13,30,31,8856,16502
2023-04-27 12:04:18,29,31,8856,16502
2023-04-27 12:04:18,29,32,8856,16502
2023-04-27 12:04:28,30,32,8856,16502
2023-04-27 12:05:05,30,31,8856,16502
2023-04-27 12:05:06,29,30,8854,16504
2023-04-27 12:05:11,28,31,8854,16504
2023-04-27 12:05:11,27,31,8854,16504
2023-04-27 12:05:12,27,30,8854,16504
2023-04-27 12:05:15,28,30,8854,16504
2023-04-27 12:05:22,28,31,8854,16504
2023-04-27 12:05:22,29,31,8854,16504
2023-04-27 12:05:44,27,31,8854,16504
2023-04-27 12:05:44,28,31,8854,16504
2023-04-27 12:05:55,29,31,8854,16504
2023-04-27 12:07:04,29,32,8854,16504
2023-04-27 12:07:04,30,32,8854,16504
2023-04-27 12:07:37,30,33,9118,16768
2023-04-27 12:07:40,30,32,9118,16768
2023-04-27 12:07:42,29,32,9118,16768
2023-04-27 12:07:54,29,33,9118,16768
2023-04-27 12:07:56,30,33,9118,16768
2023-04-27 12:08:09,31,33,9118,16768
2023-04-27 12:08:28,31,32,9118,16768
2023-04-27 12:08:29,30,31,9112,16774
2023-04-27 12:08:33,29,31,9112,16774
2023-04-27 12:08:33,29,32,9112,16774
2023-04-27 12:08:33,29,31,9112,16774
2023-04-27 12:08:39,28,31,9112,16774
2023-04-27 12:08:39,28,32,9112,16774
2023-04-27 12:08:47,29,32,9112,16774
2023-04-27 12:08:48,29,33,9112,16774
2023-04-27 12:08:49,30,33,9112,16774
2023-04-27 12:08:53,30,32,9112,16774
2023-04-27 12:09:23,30,33,9112,16774
2023-04-27 12:09:48,31,33,9112,16774
2023-04-27 12:10:02,32,33,9112,16774
2023-04-27 12:10:03,32,35,9112,16774
2023-04-27 12:10:04,32,34,9112,16774
2023-04-27 12:10:13,33,34,9112,16774
2023-04-27 12:10:19,33,36,9112,16774
2023-04-27 12:10:20,34,36,9112,16774
2023-04-27 12:10:33,33,34,9110,16776
2023-04-27 12:10:49,33,36,9110,16776
2023-04-27 12:10:49,34,36,9110,16776
2023-04-27 12:10:50,33,34,9108,16778
2023-04-27 12:11:03,33,36,9108,16778
2023-04-27 12:11:03,34,36,9108,16778
2023-04-27 12:11:05,33,34,9106,16780
2023-04-27 12:11:09,33,36,9106,16780
2023-04-27 12:11:09,33,35,9106,16780
2023-04-27 12:11:10,33,34,9106,16780
2023-04-27 12:11:10,32,33,9105,16981
2023-04-27 12:11:13,31,33,9105,16981
2023-04-27 12:11:24,31,34,9105,16981
2023-04-27 12:11:24,32,34,9105,16981
2023-04-27 12:11:25,31,32,9103,16983
2023-04-27 12:11:31,30,32,9103,16983
2023-04-27 12:11:31,30,34,9103,16983
2023-04-27 12:11:31,30,32,9103,16983
2023-04-27 12:11:44,30,33,9103,16983
2023-04-27 12:11:44,31,33,9103,16983
2023-04-27 12:11:50,30,31,9102,16985
2023-04-27 12:11:57,31,33,9102,16985
2023-04-27 12:12:02,30,33,9102,16985
2023-04-27 12:12:22,30,32,9102,16985
2023-04-27 12:12:32,30,33,9102,16985
2023-04-27 12:12:35,31,33,9102,16985
2023-04-27 12:12:43,31,34,9102,16985
2023-04-27 12:13:03,32,34,9102,16985
2023-04-27 12:13:08,32,36,9102,16985
2023-04-27 12:13:09,32,35,9102,16985
2023-04-27 12:13:37,33,35,9102,16985
2023-04-27 12:15:10,34,35,9102,16985
2023-04-27 12:15:11,33,35,9102,16985
2023-04-27 12:15:18,34,35,9102,16985
2023-04-27 12:15:35,33,35,9102,16985
2023-04-27 12:15:35,34,35,9102,16985
2023-04-27 12:15:47,34,37,9102,16985
2023-04-27 12:15:47,34,36,9102,16985
2023-04-27 12:15:57,34,36,9102,16986
2023-04-27 12:16:20,35,36,9102,16986
2023-04-27 12:16:23,35,38,9102,16986
2023-04-27 12:16:24,35,37,9102,16986
2023-04-27 12:16:35,34,37,9102,16986
2023-04-27 12:16:39,35,37,9102,16986
2023-04-27 12:16:44,36,37,9102,16986
2023-04-27 12:17:08,37,38,9101,16993
2023-04-27 12:17:32,37,38,8801,17293
2023-04-27 12:17:37,37,38,8501,17593
2023-04-27 12:17:38,37,38,8201,17893
2023-04-27 12:17:40,36,37,8160,17936
2023-04-27 12:17:47,34,38,8160,17936
2023-04-27 12:17:48,34,40,8160,17936
2023-04-27 12:17:48,35,40,8160,17936
2023-04-27 12:17:50,35,39,8160,17936
2023-04-27 12:17:52,34,39,8310,18086
2023-04-27 12:17:53,35,39,8310,18086
2023-04-27 12:17:53,35,37,8310,18086
2023-04-27 12:17:56,35,36,8310,18086
2023-04-27 12:17:56,33,36,8310,18086
2023-04-27 12:17:57,34,36,8310,18086
2023-04-27 12:18:06,34,35,8310,18086
2023-04-27 12:18:10,34,36,8310,18086
2023-04-27 12:18:11,34,35,8310,18086
2023-04-27 12:18:29,33,35,8310,18086
2023-04-27 12:18:50,34,35,8310,18086
2023-04-27 12:18:56,34,37,8310,18086
2023-04-27 12:18:56,34,36,8310,18086
2023-04-27 12:19:22,35,36,8310,18086
2023-04-27 12:19:50,35,37,8310,18086
2023-04-27 12:20:00,35,36,8310,18086
2023-04-27 12:20:05,35,36,8310,18228
2023-04-27 12:20:10,33,36,8310,18228
2023-04-27 12:20:10,32,36,8310,18228
2023-04-27 12:20:11,32,37,8310,18228
2023-04-27 12:20:13,33,37,8310,18228
2023-04-27 12:20:29,33,36,8310,18228
2023-04-27 12:20:50,32,36,8310,18228
2023-04-27 12:20:58,33,36,8310,18228
2023-04-27 12:21:11,33,35,8310,18228
2023-04-27 12:21:23,32,33,8310,18232
2023-04-27 12:21:32,30,33,8310,18232
2023-04-27 12:21:32,30,35,8310,18232
2023-04-27 12:21:44,31,35,8310,18232
2023-04-27 12:21:44,31,34,8310,18232
2023-04-27 12:21:47,32,34,8310,18232
2023-04-27 12:21:55,32,35,8310,18232
2023-04-27 12:22:03,32,34,8310,18232
2023-04-27 12:22:10,30,34,8310,18232
2023-04-27 12:22:10,30,33,8310,18232
2023-04-27 12:22:18,30,32,8310,18232
2023-04-27 12:22:20,30,33,8310,18232
2023-04-27 12:23:08,30,35,8310,18232
2023-04-27 12:23:09,30,34,8310,18232
2023-04-27 12:23:18,31,34,8310,18232
2023-04-27 12:23:41,31,35,8310,18232
2023-04-27 12:23:50,32,35,8310,18232
2023-04-27 12:24:04,31,35,8310,18232
2023-04-27 12:24:09,32,35,8310,18232
2023-04-27 12:24:39,33,35,8310,18232
2023-04-27 12:24:54,31,35,8310,18232
2023-04-27 12:24:56,32,35,8310,18232
2023-04-27 12:25:05,32,36,8310,18232
2023-04-27 12:25:12,33,36,8310,18232
2023-04-27 12:25:29,32,36,8310,18232
2023-04-27 12:25:37,32,35,8310,18232
2023-04-27 12:25:44,33,35,8310,18232
2023-04-27 12:25:57,32,35,8310,18232
2023-04-27 12:25:57,33,35,8310,18232
2023-04-27 12:26:13,32,35,8310,18232
2023-04-27 12:26:13,33,35,8310,18232
2023-04-27 12:26:29,34,35,8310,18232
2023-04-27 12:26:42,33,35,8310,18232
2023-04-27 12:27:16,32,35,8310,18232
2023-04-27 12:27:19,33,35,8310,18232
2023-04-27 12:27:19,34,35,8310,18232
2023-04-27 12:27:32,35,36,8312,18252
2023-04-27 12:27:40,35,41,8622,18912
2023-04-27 12:27:40,35,39,8622,18912
2023-04-27 12:27:40,36,39,8622,18912
2023-04-27 12:27:41,36,37,8622,18912
2023-04-27 12:27:46,36,41,8622,18912
2023-04-27 12:27:46,36,40,8622,18912
2023-04-27 12:27:47,36,41,8622,18912
2023-04-27 12:27:47,36,40,8622,18912
2023-04-27 12:27:55,37,40,8622,18912
2023-04-27 12:28:02,36,37,8620,18914
2023-04-27 12:28:07,36,40,8620,18914
2023-04-27 12:28:07,36,39,8620,18914
2023-04-27 12:28:07,36,37,8620,18914
2023-04-27 12:28:10,37,40,8620,18918
2023-04-27 12:28:10,37,39,8620,18918
2023-04-27 12:28:16,36,37,8331,19207
2023-04-27 12:28:20,36,39,8331,19207
2023-04-27 12:28:21,36,37,8331,19207
2023-04-27 12:28:32,36,39,8331,19207
2023-04-27 12:28:32,36,40,8331,19207
2023-04-27 12:28:33,37,40,8331,19207
2023-04-27 12:28:34,36,37,8326,19212
2023-04-27 12:28:48,36,39,8326,19212
2023-04-27 12:28:48,37,39,8326,19212
2023-04-27 12:28:50,37,38,8326,19212
2023-04-27 12:28:54,36,38,8326,19214
2023-04-27 12:28:54,37,38,8326,19214
2023-04-27 12:28:54,36,37,8326,19224
2023-04-27 12:28:55,35,36,8314,19344
2023-04-27 12:28:57,34,36,8314,19344
2023-04-27 12:29:03,34,36,8314,19364
2023-04-27 12:29:12,34,38,8314,19364
2023-04-27 12:29:12,34,37,8314,19364
2023-04-27 12:29:23,35,37,8314,19364
2023-04-27 12:29:25,35,39,8314,19364
2023-04-27 12:29:25,35,38,8314,19364
2023-04-27 12:29:36,35,37,8314,19364
2023-04-27 12:29:40,34,35,8314,19368
2023-04-27 12:29:43,34,37,8314,19368
2023-04-27 12:29:49,34,36,8314,19368
2023-04-27 12:29:54,32,36,8314,19368
2023-04-27 12:29:54,32,37,8314,19368
2023-04-27 12:30:09,32,36,8314,19368
2023-04-27 12:30:10,33,36,8314,19368
2023-04-27 12:30:32,32,36,8314,19368
2023-04-27 12:30:59,32,35,8314,19368
2023-04-27 12:31:20,32,36,8314,19368
2023-04-27 12:31:25,32,35,8314,19368
2023-04-27 12:31:44,31,35,8314,19368
2023-04-27 12:31:44,31,36,8314,19368
2023-04-27 12:31:45,32,36,8314,19368
2023-04-27 12:32:13,33,36,8314,19368
2023-04-27 12:32:17,34,36,8314,19368
2023-04-27 12:32:26,34,37,8314,19368
2023-04-27 12:33:16,35,37,8314,19368
2023-04-27 12:33:34,34,37,8314,19368
2023-04-27 12:33:43,34,36,8314,19368
2023-04-27 12:33:50,35,36,8314,19368
2023-04-27 12:33:59,35,37,8314,19368
2023-04-27 12:34:22,34,37,8314,19368
2023-04-27 12:34:24,34,38,8314,19368
2023-04-27 12:34:30,34,37,8314,19368
2023-04-27 12:34:37,35,37,8314,19368
2023-04-27 12:34:57,35,38,8314,19368
2023-04-27 12:35:16,34,38,8314,19368
2023-04-27 12:35:17,34,37,8314,19368
2023-04-27 12:35:28,34,38,8314,19368
2023-04-27 12:35:28,34,37,8314,19368
2023-04-27 12:36:02,35,37,8314,19368
2023-04-27 12:36:13,34,37,8314,19368
2023-04-27 12:36:13,35,37,8314,19368
2023-04-27 12:36:13,35,38,8314,19368
2023-04-27 12:36:28,34,38,8314,19368
2023-04-27 12:36:29,35,38,8314,19368
2023-04-27 12:36:29,35,37,8314,19368
2023-04-27 12:36:42,35,38,8314,19368
2023-04-27 12:36:42,35,37,8314,19368
2023-04-27 12:36:53,35,38,8314,19368
2023-04-27 12:36:53,35,37,8314,19368
2023-04-27 12:36:56,35,38,8314,19368
2023-04-27 12:37:00,36,38,8314,19368
2023-04-27 12:37:21,35,38,8314,19368
2023-04-27 12:37:21,35,37,8314,19368
2023-04-27 12:37:29,35,38,8314,19368
2023-04-27 12:37:30,36,38,8314,19368
2023-04-27 12:37:45,35,38,8314,19368
2023-04-27 12:37:45,34,38,8314,19368
2023-04-27 12:37:46,34,37,8314,19368
2023-04-27 12:38:03,35,37,8314,19368
2023-04-27 12:38:09,35,38,8314,19368
2023-04-27 12:38:09,35,37,8314,19368
2023-04-27 12:38:16,35,38,8314,19368
2023-04-27 12:38:18,36,38,8314,19368
2023-04-27 12:38:18,36,37,8314,19368
2023-04-27 12:38:34,35,37,8314,19368
2023-04-27 12:38:35,34,37,8314,19368
2023-04-27 12:38:35,36,37,8314,19368
2023-04-27 12:38:59,35,37,8314,19368
2023-04-27 12:39:11,34,37,8314,19368
2023-04-27 12:39:22,34,38,8327,19393
2023-04-27 12:39:22,34,36,8327,19393
2023-04-27 12:39:22,34,38,8327,19393
2023-04-27 12:39:24,35,37,8327,19393
2023-04-27 12:39:24,35,38,8327,19393
2023-04-27 12:39:24,35,37,8327,19393
2023-04-27 12:39:40,36,37,8327,19393
2023-04-27 12:39:41,36,37,8327,19397
2023-04-27 12:39:44,35,37,8327,19397
2023-04-27 12:39:54,35,40,8363,19433
2023-04-27 12:39:54,35,39,8363,19433
2023-04-27 12:39:55,36,39,8363,19433
2023-04-27 12:39:55,36,40,8363,19433
2023-04-27 12:40:11,35,39,8363,19433
2023-04-27 12:40:17,35,40,8374,19444
2023-04-27 12:40:17,35,38,8374,19444
2023-04-27 12:40:17,35,40,8374,19444
2023-04-27 12:40:17,35,39,8374,19444
2023-04-27 12:40:22,36,39,8374,19444
2023-04-27 12:40:26,35,39,8374,19444
2023-04-27 12:40:27,35,38,8374,19444
2023-04-27 12:40:37,36,38,8374,19444
2023-04-27 12:40:49,36,40,8374,19444
2023-04-27 12:40:49,36,39,8374,19444
2023-04-27 12:40:56,36,38,8374,19444
2023-04-27 12:40:58,36,40,8374,19444
2023-04-27 12:40:59,36,39,8374,19444
2023-04-27 12:40:59,36,40,8374,19444
2023-04-27 12:40:59,36,40,8374,19444
2023-04-27 12:40:59,36,39,8374,19444
2023-04-27 12:41:14,35,39,8374,19444
2023-04-27 12:41:20,35,38,8374,19444
2023-04-27 12:41:20,35,37,8374,19444
2023-04-27 12:41:24,36,37,8374,19444
2023-04-27 12:41:35,35,36,8332,19488
2023-04-27 12:41:37,35,37,8332,19488
2023-04-27 12:41:40,35,39,8332,19488
2023-04-27 12:41:40,35,38,8332,19488
2023-04-27 12:41:46,34,38,8332,19488
2023-04-27 12:42:01,35,38,8332,19488
2023-04-27 12:42:19,34,38,8332,19488
2023-04-27 12:42:38,33,38,8332,19488
2023-04-27 12:42:39,32,38,8332,19488
2023-04-27 12:42:40,34,38,8332,19488
2023-04-27 12:42:49,33,38,8332,19488
2023-04-27 12:42:49,35,38,8332,19488
2023-04-27 12:43:06,36,38,8332,19488
2023-04-27 12:43:12,36,39,8332,19488
2023-04-27 12:43:12,36,38,8332,19488
2023-04-27 12:43:15,36,38,8342,19498
2023-04-27 12:43:15,36,38,8349,19505
2023-04-27 12:43:15,36,39,8349,19505
2023-04-27 12:43:15,36,38,8359,19515
2023-04-27 12:43:16,36,39,8359,19515
2023-04-27 12:43:16,36,38,8359,19515
2023-04-27 12:43:19,36,39,8359,19515
2023-04-27 12:43:19,36,38,8359,19515
2023-04-27 12:43:20,37,38,8359,19515
2023-04-27 12:43:20,37,39,8359,19515
2023-04-27 12:43:21,37,38,8359,19515
2023-04-27 12:43:41,37,39,8359,19515
2023-04-27 12:43:41,37,40,8359,19515
2023-04-27 12:43:51,38,40,8359,19515
2023-04-27 12:43:56,37,40,8359,19515
2023-04-27 12:44:08,39,40,8359,19515
2023-04-27 12:44:10,39,43,8359,19515
2023-04-27 12:44:10,39,42,8359,19515
2023-04-27 12:44:38,40,42,8359,19515
2023-04-27 12:44:43,40,42,8361,19517
2023-04-27 12:45:48,39,42,8361,19517
2023-04-27 12:45:48,40,42,8361,19517
2023-04-27 12:45:49,39,42,8361,19517
2023-04-27 12:45:56,40,42,8361,19517
2023-04-27 12:46:00,40,42,8465,19621
2023-04-27 12:46:00,40,41,8465,19621
2023-04-27 12:46:00,40,41,8479,19635
2023-04-27 12:46:00,40,42,8479,19635
2023-04-27 12:46:01,39,42,8565,19721
2023-04-27 12:46:02,40,42,8565,19721
2023-04-27 12:46:06,40,43,8565,19721
2023-04-27 12:46:12,41,43,8565,19721
2023-04-27 12:46:19,41,42,8565,19721
2023-04-27 12:46:28,42,43,8571,19733
2023-04-27 12:46:29,41,42,8571,19821
2023-04-27 12:46:33,41,43,8571,19821
2023-04-27 12:46:34,41,42,8571,19821
2023-04-27 12:46:39,41,43,8571,19821
2023-04-27 12:46:50,41,44,8571,19821
2023-04-27 12:46:50,41,43,8571,19821
2023-04-27 12:46:50,42,43,8571,19821
2023-04-27 12:46:51,41,42,8565,19829
2023-04-27 12:47:03,40,41,8565,20036
2023-04-27 12:47:09,39,41,8565,20036
2023-04-27 12:47:10,39,42,8565,20036
2023-04-27 12:47:10,39,44,8565,20036
2023-04-27 12:47:10,39,43,8565,20036
2023-04-27 12:47:15,39,44,8565,20036
2023-04-27 12:47:15,39,43,8565,20036
2023-04-27 12:47:19,39,44,8565,20036
2023-04-27 12:47:23,40,43,8565,20036
2023-04-27 12:47:29,39,43,8565,20036
2023-04-27 12:47:31,40,43,8565,20036
2023-04-27 12:47:46,40,42,8565,20036
2023-04-27 12:47:49,39,42,8565,20036
2023-04-27 12:48:10,38,42,8565,20036
2023-04-27 12:48:19,39,42,8565,20036
2023-04-27 12:49:05,39,41,8565,20036
2023-04-27 12:49:10,39,42,8565,20036
2023-04-27 12:49:12,39,41,8565,20036
2023-04-27 12:49:18,39,42,8565,20036
2023-04-27 12:49:20,39,41,8565,20036
2023-04-27 12:49:27,38,41,8565,20036
2023-04-27 12:49:37,38,40,8565,20036
2023-04-27 12:49:52,39,40,8565,20036
2023-04-27 12:50:01,39,41,8565,20036
2023-04-27 12:50:01,39,42,8565,20036
2023-04-27 12:50:01,39,41,8565,20036
2023-04-27 12:50:08,40,41,8565,20036
2023-04-27 12:50:09,40,42,8565,20036
2023-04-27 12:50:36,40,42,8570,20050
2023-04-27 12:50:50,40,43,8570,20050
2023-04-27 12:50:51,40,44,8570,20050
2023-04-27 12:50:51,40,43,8570,20050
2023-04-27 12:50:55,40,44,8570,20050
2023-04-27 12:51:09,40,43,8570,20050
2023-04-27 12:51:13,40,44,8570,20050
2023-04-27 12:51:13,40,42,8570,20050
2023-04-27 12:51:13,40,44,8570,20050
2023-04-27 12:51:13,40,43,8570,20050
2023-04-27 12:51:24,39,40,8565,20057
2023-04-27 12:51:29,39,42,8565,20057
2023-04-27 12:51:30,39,40,8565,20057
2023-04-27 12:51:35,39,43,8565,20057
2023-04-27 12:51:35,39,42,8565,20057
2023-04-27 12:51:40,39,43,8565,20057
2023-04-27 12:51:43,39,42,8565,20057
2023-04-27 12:51:45,38,42,8565,20057
2023-04-27 12:51:58,38,41,8565,20057
2023-04-27 12:52:15,39,41,8565,20057
2023-04-27 12:52:28,39,42,8565,20057
2023-04-27 12:52:28,38,41,8565,20057
2023-04-27 12:52:28,38,42,8565,20057
2023-04-27 12:52:28,39,42,8565,20057
2023-04-27 12:52:29,39,41,8565,20057
2023-04-27 12:52:38,38,41,8565,20057
2023-04-27 12:52:46,38,40,8565,20057
2023-04-27 12:53:00,39,40,8565,20057
2023-04-27 12:53:02,39,41,8565,20057
2023-04-27 12:53:03,39,42,8565,20057
2023-04-27 12:53:03,39,41,8565,20057
2023-04-27 12:53:08,39,42,8565,20057
2023-04-27 12:53:08,39,41,8565,20057
2023-04-27 12:53:13,39,42,8565,20057
2023-04-27 12:53:26,40,42,8565,20057
2023-04-27 12:53:28,39,42,8565,20057
2023-04-27 12:53:32,40,42,8565,20057
2023-04-27 12:53:49,40,42,8565,20357
2023-04-27 12:53:50,39,40,8565,20361
2023-04-27 12:54:07,39,42,8565,20361
2023-04-27 12:54:07,39,41,8565,20361
2023-04-27 12:54:39,39,40,8565,20361
2023-04-27 12:54:41,38,40,8565,20361
2023-04-27 12:54:52,38,39,8565,20361
2023-04-27 12:54:54,37,39,8565,20361
2023-04-27 12:55:04,36,39,8613,20409
2023-04-27 12:55:09,36,40,8613,20409
2023-04-27 12:55:09,36,39,8613,20409
2023-04-27 12:55:24,37,39,8613,20409
2023-04-27 12:55:25,37,38,8613,20409
2023-04-27 12:55:25,37,38,8621,20417
2023-04-27 12:55:31,38,39,8621,20423
2023-04-27 12:55:35,38,40,8621,20423
2023-04-27 12:55:35,38,39,8621,20423
2023-04-27 12:55:40,38,40,8621,20423
2023-04-27 12:56:02,39,40,8621,20423
2023-04-27 12:56:08,39,41,8621,20423
2023-04-27 12:56:08,39,40,8621,20423
2023-04-27 12:56:20,38,40,8621,20423
2023-04-27 12:56:20,39,40,8621,20423
2023-04-27 12:56:21,39,40,8629,20431
2023-04-27 12:56:36,39,42,8629,20431
2023-04-27 12:56:36,39,41,8629,20431
2023-04-27 12:56:38,39,41,8645,20447
2023-04-27 12:56:38,39,42,8645,20447
2023-04-27 12:56:38,39,41,8659,20461
2023-04-27 12:57:11,40,41,8659,20461
2023-04-27 12:57:22,40,41,8667,20469
2023-04-27 12:57:43,40,42,8667,20469
2023-04-27 12:57:43,40,41,8667,20469
2023-04-27 12:58:04,40,42,8667,20469
2023-04-27 12:58:16,41,42,8667,20469
2023-04-27 12:58:35,40,42,8771,20573
2023-04-27 12:58:35,40,41,8771,20573
2023-04-27 12:58:38,40,41,8799,20609
2023-04-27 12:58:42,40,42,8799,20609
2023-04-27 12:58:43,40,44,8799,20609
2023-04-27 12:58:43,40,43,8799,20609
2023-04-27 12:58:45,40,44,8799,20609
2023-04-27 12:58:46,41,44,8799,20609
2023-04-27 12:58:46,41,43,8799,20609
2023-04-27 12:58:52,42,43,8799,20609
2023-04-27 12:58:54,41,43,8799,20609
2023-04-27 12:58:56,42,43,8799,20609
2023-04-27 12:59:06,42,43,8809,20619
2023-04-27 12:59:06,42,43,8815,20625
2023-04-27 12:59:09,42,44,8815,20625
2023-04-27 12:59:15,42,45,8815,20625
2023-04-27 12:59:15,42,44,8815,20625
2023-04-27 12:59:16,42,45,8815,20625
2023-04-27 12:59:18,43,45,8815,20625
2023-04-27 12:59:18,43,44,8815,20625
2023-04-27 12:59:20,42,44,9015,20825
2023-04-27 12:59:20,42,43,9015,20825
2023-04-27 12:59:43,42,46,9044,21043
2023-04-27 12:59:43,42,44,9044,21043
2023-04-27 12:59:50,43,44,9044,21043
2023-04-27 13:00:10,43,46,9044,21043
2023-04-27 13:00:10,43,45,9044,21043
2023-04-27 13:00:11,44,45,9044,21043
2023-04-27 13:00:11,43,44,9039,21048
2023-04-27 13:00:27,42,44,9046,21065
2023-04-27 13:00:27,42,43,9046,21065
2023-04-27 13:00:34,44,45,9074,21100
2023-04-27 13:00:40,45,46,9080,21106
2023-04-27 13:00:40,45,46,9088,21114
2023-04-27 13:00:40,45,46,9096,21122
2023-04-27 13:00:57,45,46,9091,21422
2023-04-27 13:01:00,44,45,9091,21425
2023-04-27 13:01:11,44,45,9093,21427
2023-04-27 13:01:16,44,46,9093,21427
2023-04-27 13:01:16,44,45,9093,21427
2023-04-27 13:01:16,44,45,9093,21429
2023-04-27 13:01:17,44,46,9093,21429
2023-04-27 13:01:17,44,45,9093,21429
2023-04-27 13:01:30,42,45,9093,21429
2023-04-27 13:01:30,42,46,9093,21429
2023-04-27 13:01:31,42,45,9093,21429
2023-04-27 13:01:31,43,45,9093,21429
2023-04-27 13:01:37,43,44,9093,21429
2023-04-27 13:01:42,43,47,9093,21429
2023-04-27 13:01:42,43,46,9093,21429
2023-04-27 13:01:55,43,45,9093,21429
2023-04-27 13:01:56,40,43,9093,21435
2023-04-27 13:01:57,42,43,9093,21435
2023-04-27 13:01:59,40,42,9093,21731
2023-04-27 13:02:26,40,46,9093,21731
2023-04-27 13:02:26,40,44,9093,21731
2023-04-27 13:02:28,41,44,9093,21731
2023-04-27 13:02:38,41,46,9093,21731
2023-04-27 13:02:39,41,45,9093,21731
2023-04-27 13:03:12,41,44,9093,21731
2023-04-27 13:03:20,40,44,9195,21833
2023-04-27 13:03:20,40,43,9195,21833
2023-04-27 13:03:22,40,42,9195,21833
2023-04-27 13:03:26,40,43,9195,21833
2023-04-27 13:03:31,40,42,9195,21833
2023-04-27 13:03:37,38,42,9195,21833
2023-04-27 13:03:47,39,42,9195,21833
2023-04-27 13:03:53,39,43,9195,21833
2023-04-27 13:04:15,39,42,9195,21833
2023-04-27 13:04:16,38,42,9195,21833
2023-04-27 13:04:20,39,42,9195,21833
2023-04-27 13:04:29,40,42,9195,21833
2023-04-27 13:05:06,41,42,9195,21833
2023-04-27 13:05:40,40,42,9195,21833
2023-04-27 13:06:24,39,42,9195,21833
2023-04-27 13:06:24,38,42,9195,21833
2023-04-27 13:06:25,39,42,9195,21833
2023-04-27 13:06:48,38,42,9195,21833
2023-04-27 13:06:49,38,41,9195,21833
2023-04-27 13:07:15,38,42,9195,21833
2023-04-27 13:07:26,38,41,9195,21833
2023-04-27 13:07:49,37,41,9195,21833
2023-04-27 13:07:55,37,40,9195,21833
2023-04-27 13:07:58,37,41,9195,21833
2023-04-27 13:07:58,37,40,9195,21833
2023-04-27 13:08:04,36,40,9195,21833
2023-04-27 13:08:06,36,39,9195,21833
2023-04-27 13:08:11,37,39,9195,21833
2023-04-27 13:08:21,37,41,9195,21835
2023-04-27 13:08:25,36,41,9195,21835
2023-04-27 13:08:28,37,41,9195,21835
2023-04-27 13:08:33,37,40,9195,21835
2023-04-27 13:08:39,37,41,9195,21835
2023-04-27 13:08:39,37,40,9195,21835
2023-04-27 13:08:42,38,40,9195,21835
2023-04-27 13:08:48,38,42,9210,21858
2023-04-27 13:08:48,38,40,9210,21858
2023-04-27 13:08:48,38,42,9210,21858
2023-04-27 13:08:58,39,41,9210,21858
2023-04-27 13:08:59,39,40,9210,21858
2023-04-27 13:09:09,39,40,9212,21860
2023-04-27 13:09:27,39,41,9212,21860
2023-04-27 13:09:28,39,42,9212,21860
2023-04-27 13:09:28,39,41,9212,21860
2023-04-27 13:09:43,39,41,9212,21862
2023-04-27 13:09:43,39,41,9212,21862
2023-04-27 13:09:43,39,41,9212,21864
2023-04-27 13:09:43,40,41,9212,21864
2023-04-27 13:09:44,39,41,9218,21871
2023-04-27 13:09:44,38,39,9221,21874
2023-04-27 13:10:09,37,39,9221,21874
2023-04-27 13:10:10,36,39,9221,21874
2023-04-27 13:10:22,38,39,9221,21874
2023-04-27 13:10:57,40,41,9232,21889
2023-04-27 13:10:58,40,41,9232,21893
2023-04-27 13:11:03,40,44,9232,21893
2023-04-27 13:11:16,40,43,9232,21893
2023-04-27 13:11:42,40,44,9232,21893
2023-04-27 13:12:35,40,43,9232,21893
2023-04-27 13:12:45,41,43,9232,21893
2023-04-27 13:12:51,41,44,9232,21893
2023-04-27 13:13:07,41,43,9232,21893
2023-04-27 13:13:59,40,43,9232,21893
2023-04-27 13:14:10,41,43,9232,21893
2023-04-27 13:14:59,42,43,9232,21893
2023-04-27 13:15:12,41,43,9232,21893
2023-04-27 13:15:13,42,43,9232,21893
2023-04-27 13:16:07,44,46,9247,21909
2023-04-27 13:16:07,44,45,9247,21909
2023-04-27 13:16:08,44,45,9247,22209
2023-04-27 13:16:09,44,45,9247,22509
2023-04-27 13:16:10,44,45,9247,22809
2023-04-27 13:16:12,42,44,9240,22946
2023-04-27 13:16:17,42,45,9240,22946
2023-04-27 13:16:17,43,45,9240,22946
2023-04-27 13:16:19,43,46,9240,22946
2023-04-27 13:16:19,43,45,9240,22946
2023-04-27 13:16:20,44,45,9240,22946
2023-04-27 13:16:23,43,44,9234,22954
2023-04-27 13:16:35,43,46,9234,22954
2023-04-27 13:16:36,43,45,9234,22954
2023-04-27 13:17:03,44,45,9234,22954
2023-04-27 13:17:16,40,45,9234,22954
2023-04-27 13:17:19,42,45,9234,22954
2023-04-27 13:17:19,44,45,9234,22954
2023-04-27 13:17:33,40,45,9234,22954
2023-04-27 13:17:50,41,45,9234,22954
2023-04-27 13:17:50,44,45,9234,22954
2023-04-27 13:17:53,40,45,9234,22954
2023-04-27 13:17:53,42,45,9234,22954
2023-04-27 13:17:53,44,45,9234,22954
2023-04-27 13:17:56,44,46,9234,22954
2023-04-27 13:17:56,44,48,9234,22954
2023-04-27 13:17:56,44,47,9234,22954
2023-04-27 13:18:10,40,47,9234,22954
2023-04-27 13:18:23,45,47,9234,22954
2023-04-27 13:18:25,43,45,9234,23133
2023-04-27 13:18:31,43,47,9234,23133
2023-04-27 13:18:39,44,47,9234,23133
2023-04-27 13:18:51,44,47,9421,23433
2023-04-27 13:18:52,43,44,9425,23437
2023-04-27 13:18:56,42,44,9425,23437
2023-04-27 13:18:57,42,48,9425,23437
2023-04-27 13:18:57,42,47,9425,23437
2023-04-27 13:18:57,42,43,9425,23437
2023-04-27 13:19:02,42,48,9425,23437
2023-04-27 13:19:02,42,47,9425,23437
2023-04-27 13:19:23,38,47,9425,23437
2023-04-27 13:19:25,42,47,9425,23437
2023-04-27 13:19:37,42,46,9425,23437
2023-04-27 13:19:37,42,45,9425,23437
2023-04-27 13:20:04,41,42,9425,23441
2023-04-27 13:20:10,38,42,9425,23441
2023-04-27 13:20:13,42,47,9425,23778
2023-04-27 13:20:13,42,46,9425,23778
2023-04-27 13:20:26,40,46,9425,23778
2023-04-27 13:20:29,42,46,9425,23778
2023-04-27 13:21:13,40,46,9425,23778
2023-04-27 13:21:16,41,46,9425,23778
2023-04-27 13:21:16,43,46,9425,23778
2023-04-27 13:22:02,40,46,9425,23778
2023-04-27 13:22:02,40,48,9425,23778
2023-04-27 13:22:02,40,47,9425,23778
2023-04-27 13:22:04,43,47,9425,23778
2023-04-27 13:22:21,44,47,9425,23778
2023-04-27 13:23:07,45,47,9425,23778
2023-04-27 13:23:26,45,50,9425,23778
2023-04-27 13:23:26,45,49,9425,23778
2023-04-27 13:23:57,44,49,9425,23778
2023-04-27 13:24:11,43,49,9425,23778
2023-04-27 13:24:11,42,49,9425,23778
2023-04-27 13:24:12,43,49,9425,23778
2023-04-27 13:24:12,45,49,9425,23778
2023-04-27 13:24:39,44,49,9425,23778
2023-04-27 13:24:41,46,49,9425,23778
2023-04-27 13:24:52,46,52,9425,23778
2023-04-27 13:24:52,46,51,9425,23778
2023-04-27 13:24:59,47,51,9425,23778
2023-04-27 13:25:06,51,53,9431,23789
2023-04-27 13:25:06,51,52,9431,23789
2023-04-27 13:25:09,47,51,9460,23818
2023-04-27 13:25:12,47,50,9460,23818
2023-04-27 13:25:16,47,53,9460,23818
2023-04-27 13:25:17,47,52,9460,23818
2023-04-27 13:25:27,48,52,9460,23818
2023-04-27 13:25:46,49,52,9460,23818
2023-04-27 13:25:48,50,52,9460,23818
2023-04-27 13:26:06,50,53,9460,23818
2023-04-27 13:26:07,50,52,9460,23818
2023-04-27 13:26:18,50,54,9460,23818
2023-04-27 13:26:18,50,53,9460,23818
2023-04-27 13:26:18,50,51,9460,23818
2023-04-27 13:26:22,50,51,9460,23822
2023-04-27 13:26:25,49,51,9460,23822
2023-04-27 13:26:39,50,51,9460,23822
2023-04-27 13:26:50,49,51,9460,23822
2023-04-27 13:26:59,49,50,9460,23822
2023-04-27 13:27:03,48,50,9460,23822
2023-04-27 13:27:04,46,50,9460,23822
2023-04-27 13:27:04,47,50,9460,23822
2023-04-27 13:27:04,47,51,9460,23822
2023-04-27 13:27:05,47,50,9460,23822
2023-04-27 13:27:05,48,50,9460,23822
2023-04-27 13:27:16,48,51,9460,23822
2023-04-27 13:27:16,48,53,9460,23822
2023-04-27 13:27:16,48,52,9460,23822
2023-04-27 13:27:17,49,52,9460,23822
2023-04-27 13:27:30,48,52,9460,23822
2023-04-27 13:27:34,49,52,9460,23822
2023-04-27 13:27:42,49,51,9460,23822
2023-04-27 13:27:47,48,51,9460,23822
2023-04-27 13:27:48,49,51,9460,23822
2023-04-27 13:28:01,49,52,9460,23822
2023-04-27 13:28:02,49,53,9460,23822
2023-04-27 13:28:02,49,54,9460,23822
2023-04-27 13:28:02,49,53,9460,23822
2023-04-27 13:28:10,49,54,9460,23822
2023-04-27 13:28:10,49,53,9460,23822
2023-04-27 13:28:13,50,53,9460,23822
2023-04-27 13:28:25,50,52,9460,23822
2023-04-27 13:28:29,50,53,9460,23822
2023-04-27 13:28:29,50,52,9460,23822
2023-04-27 13:28:44,50,53,9460,23822
2023-04-27 13:28:44,50,52,9460,23822
2023-04-27 13:28:45,51,52,9460,23822
2023-04-27 13:28:51,51,54,9460,23822
2023-04-27 13:28:51,51,53,9460,23822
2023-04-27 13:28:51,51,54,9460,23822
2023-04-27 13:28:51,51,53,9460,23822
2023-04-27 13:29:34,51,54,9460,23822
2023-04-27 13:29:34,51,53,9460,23822
2023-04-27 13:29:52,51,53,9460,23824
2023-04-27 13:30:04,49,53,9460,23824
2023-04-27 13:30:04,50,53,9460,23824
2023-04-27 13:30:14,51,53,9460,23824
2023-04-27 13:30:24,51,52,9460,23824
2023-04-27 13:30:29,50,52,9460,23824
2023-04-27 13:30:46,50,53,9460,23824
2023-04-27 13:30:46,51,53,9460,23824
2023-04-27 13:31:09,51,54,9460,23824
2023-04-27 13:31:25,51,52,9460,23824
2023-04-27 13:31:32,50,52,9460,23824
2023-04-27 13:31:41,51,52,9460,23824
2023-04-27 13:32:04,51,54,9460,23824
2023-04-27 13:32:04,52,54,9460,23824
2023-04-27 13:32:18,51,54,9460,23824
2023-04-27 13:33:13,52,54,9460,23824
2023-04-27 13:33:44,53,54,9460,23824
2023-04-27 13:34:06,54,55,9486,23850
2023-04-27 13:34:20,56,60,9633,23997
2023-04-27 13:34:20,56,59,9633,23997
2023-04-27 13:34:20,56,60,9633,23997
2023-04-27 13:34:21,56,60,9933,24297
2023-04-27 13:34:23,56,59,9933,24297
2023-04-27 13:34:25,56,59,10233,24597
2023-04-27 13:34:26,56,59,10533,24897
2023-04-27 13:34:27,56,60,10533,24897
2023-04-27 13:34:27,56,59,10533,24897
2023-04-27 13:34:28,54,56,10660,25025
2023-04-27 13:34:30,51,56,10660,25025
2023-04-27 13:34:42,51,60,10660,25025
2023-04-27 13:34:42,51,59,10660,25025
2023-04-27 13:34:42,52,59,10660,25025
2023-04-27 13:34:44,52,60,10660,25025
2023-04-27 13:34:45,52,59,10660,25025
2023-04-27 13:34:47,55,59,10660,25025
2023-04-27 13:34:59,56,59,10660,25025
2023-04-27 13:35:00,55,59,10660,25027
2023-04-27 13:35:00,55,60,10660,25027
2023-04-27 13:35:15,55,60,10660,25027
2023-04-27 13:35:15,56,60,10660,25027
2023-04-27 13:35:59,57,60,10660,25027
2023-04-27 13:37:43,57,63,10660,25027
2023-04-27 13:37:52,57,62,10660,25027
2023-04-27 13:37:58,58,62,10660,25027
2023-04-27 13:38:09,58,61,10660,25027
2023-04-27 13:38:14,57,61,10660,25029
2023-04-27 13:38:32,56,61,10660,25029
2023-04-27 13:38:58,55,61,10660,25029
2023-04-27 13:38:58,51,61,10660,25029
2023-04-27 13:38:59,52,61,10660,25029
2023-04-27 13:39:04,55,61,10660,25029
2023-04-27 13:39:10,56,61,10660,25029
2023-04-27 13:39:35,57,61,10660,25029
2023-04-27 13:39:52,57,60,10660,25029
2023-04-27 13:40:09,57,61,10660,25029
2023-04-27 13:40:55,56,61,10660,25029
2023-04-27 13:41:10,57,61,10660,25029
2023-04-27 13:41:47,56,61,10660,25031
2023-04-27 13:41:47,56,61,10671,25042
2023-04-27 13:41:48,56,57,10671,25042
2023-04-27 13:41:52,51,57,10671,25042
2023-04-27 13:41:53,56,57,10671,25042
2023-04-27 13:41:58,55,57,10671,25042
2023-04-27 13:42:09,56,57,10671,25042
2023-04-27 13:42:49,56,57,10675,25048
2023-04-27 13:42:58,55,57,10675,25048
2023-04-27 13:42:58,56,57,10675,25048
2023-04-27 13:44:21,56,57,10681,25056
2023-04-27 13:44:49,57,60,10734,25109
2023-04-27 13:44:49,56,60,10734,25109
2023-04-27 13:44:51,60,61,10736,25111
2023-04-27 13:44:51,56,61,10736,25111
2023-04-27 13:44:52,61,62,10814,25189
2023-04-27 13:44:52,56,62,10814,25189
2023-04-27 13:45:03,57,62,10814,25189
2023-04-27 13:45:35,57,64,10814,25189
2023-04-27 13:45:35,58,64,10814,25189
2023-04-27 13:45:49,57,64,10814,25189
2023-04-27 13:45:50,56,64,10814,25189
2023-04-27 13:45:50,51,64,10814,25189
2023-04-27 13:45:51,51,65,10814,25189
2023-04-27 13:45:51,56,65,10814,25189
2023-04-27 13:45:51,59,65,10814,25189
2023-04-27 13:45:54,59,64,10814,25189
2023-04-27 13:46:07,60,64,10814,25189
2023-04-27 13:46:11,60,63,10814,25189
2023-04-27 13:48:28,61,63,10814,25189
2023-04-27 13:48:30,61,64,10814,25219
2023-04-27 13:48:33,60,64,10814,25219
2023-04-27 13:48:45,61,64,10814,25219
2023-04-27 13:48:49,63,64,10814,25219
2023-04-27 13:49:03,63,65,10814,25219
2023-04-27 13:49:03,63,68,10814,25219
2023-04-27 13:49:04,64,68,10814,25219
2023-04-27 13:49:06,64,67,10814,25219
2023-04-27 13:49:23,61,67,10814,25219
2023-04-27 13:49:26,61,66,10814,25219
2023-04-27 13:49:58,61,65,10814,25219
2023-04-27 13:50:09,59,65,10814,25219
2023-04-27 13:50:10,60,65,10814,25219
2023-04-27 13:50:20,60,64,10814,25219
2023-04-27 13:51:26,51,64,10814,25219
2023-04-27 13:51:26,55,64,10814,25219
2023-04-27 13:51:26,56,64,10814,25219
2023-04-27 13:51:26,60,64,10814,25219
2023-04-27 13:51:37,61,64,10814,25219
2023-04-27 13:52:30,62,64,10814,25219
2023-04-27 13:53:20,61,64,10814,25229
2023-04-27 13:53:26,62,64,10814,25229
2023-04-27 13:53:28,61,64,10821,25239
2023-04-27 13:53:32,60,64,10821,25239
2023-04-27 13:53:59,51,64,10821,25239
2023-04-27 13:54:01,61,64,10821,25239
2023-04-27 13:54:31,60,64,10821,25239
2023-04-27 13:55:36,59,64,10821,25239
2023-04-27 13:56:04,59,67,10838,25792
2023-04-27 13:56:09,59,66,10838,25792
2023-04-27 13:56:15,59,67,10838,25792
2023-04-27 13:56:17,59,65,10838,25792
2023-04-27 13:56:29,60,65,10838,25792
2023-04-27 13:58:06,61,65,10838,25792
2023-04-27 13:58:32,60,65,10838,25792
2023-04-27 13:58:32,59,65,10838,25792
2023-04-27 13:58:33,60,65,10838,25792
2023-04-27 13:58:44,61,65,10838,25792
2023-04-27 13:58:58,61,64,10838,25792
2023-04-27 13:59:16,62,64,10838,25792
2023-04-27 13:59:23,63,64,10838,25792
2023-04-27 13:59:23,62,63,10840,25808
2023-04-27 13:59:37,62,64,10840,25808
2023-04-27 14:00:12,61,64,10840,25808
2023-04-27 14:00:12,49,64,10840,25808
2023-04-27 14:00:19,57,64,10840,25808
2023-04-27 14:00:19,63,64,10840,25808
2023-04-27 14:00:22,61,63,10973,25941
2023-04-27 14:00:24,57,63,10973,25941
2023-04-27 14:00:24,49,63,10973,25941
2023-04-27 14:00:24,55,63,10973,25941
2023-04-27 14:00:24,60,63,10973,25941
2023-04-27 14:00:27,60,64,10973,25941
2023-04-27 14:00:28,60,62,10973,25941
2023-04-27 14:00:42,49,62,10973,25941
2023-04-27 14:00:42,49,64,10973,25941
2023-04-27 14:00:54,49,63,10973,25941
2023-04-27 14:01:34,49,62,10973,25941
2023-04-27 14:03:37,50,62,10973,25941
2023-04-27 14:04:47,50,63,10975,25945
2023-04-27 14:04:58,50,64,10986,25956
2023-04-27 14:05:11,51,64,10986,25956
2023-04-27 14:05:12,51,65,10997,25967
2023-04-27 14:05:16,50,65,10997,25967
2023-04-27 14:05:16,50,68,10997,25967
2023-04-27 14:05:28,50,71,10997,25967
2023-04-27 14:05:28,51,71,10997,25967
2023-04-27 14:06:25,70,71,10997,25967
2023-04-27 14:06:26,51,70,11022,25992
2023-04-27 14:07:47,55,70,11022,25992
2023-04-27 14:07:54,55,67,11022,25992
2023-04-27 14:08:06,56,67,11022,25992
2023-04-27 14:09:18,56,65,11022,25992
2023-04-27 14:09:39,59,65,11022,25992
2023-04-27 14:09:41,60,65,11022,25992
2023-04-27 14:10:41,61,65,11022,25992
2023-04-27 14:10:44,65,67,11028,25998
2023-04-27 14:11:11,65,66,11028,25998
2023-04-27 14:11:38,65,66,11028,26033
2023-04-27 14:12:47,65,67,11028,26033
2023-04-27 14:15:19,65,66,11028,26033
2023-04-27 14:16:21,63,66,11047,26058
2023-04-27 14:16:24,64,66,11047,26058
2023-04-27 14:16:29,63,66,11047,26058
2023-04-27 14:16:40,64,66,11047,26058
2023-04-27 14:16:56,65,66,11047,26058
2023-04-27 14:17:53,64,66,11047,26058
2023-04-27 14:17:53,63,66,11047,26058
2023-04-27 14:17:54,57,66,11047,26058
2023-04-27 14:17:54,58,66,11047,26058
2023-04-27 14:18:08,59,66,11047,26058
2023-04-27 14:18:16,64,66,11047,26058
2023-04-27 14:18:21,65,66,11047,26058
2023-04-27 14:19:16,65,73,10766,26358
2023-04-27 14:19:20,58,73,10766,26358
2023-04-27 14:19:21,59,73,10766,26358
2023-04-27 14:19:21,64,73,10766,26358
2023-04-27 14:19:21,66,73,10766,26358
2023-04-27 14:19:21,66,72,10766,26358
2023-04-27 14:19:28,70,72,10766,26358
2023-04-27 14:19:28,70,72,10772,26364
2023-04-27 14:19:28,70,72,10781,26373
2023-04-27 14:19:29,66,72,10879,26471
2023-04-27 14:19:37,67,72,10879,26471
2023-04-27 14:21:03,67,73,10879,26471
2023-04-27 14:21:31,68,73,10879,26471
2023-04-27 14:21:54,68,72,10879,26471
2023-04-27 14:21:58,67,72,10879,26471
2023-04-27 14:21:58,66,72,10879,26471
2023-04-27 14:22:22,66,71,10879,26471
2023-04-27 14:22:35,67,71,10879,26471
2023-04-27 14:23:03,66,71,10879,26471
2023-04-27 14:24:02,67,71,10879,26471
2023-04-27 14:24:35,68,71,10879,26471
2023-04-27 14:24:56,67,71,10879,26471
2023-04-27 14:24:56,66,71,10879,26471
2023-04-27 14:24:57,59,71,10879,26471
2023-04-27 14:24:57,60,71,10879,26471
2023-04-27 14:24:58,67,71,10879,26471
2023-04-27 14:25:09,68,71,10879,26471
2023-04-27 14:25:58,59,71,10879,26471
2023-04-27 14:25:59,60,71,10879,26471
2023-04-27 14:26:00,64,71,10879,26471
2023-04-27 14:26:00,66,71,10879,26471
2023-04-27 14:26:00,68,71,10879,26471
2023-04-27 14:26:10,69,71,10879,26471
2023-04-27 14:26:30,66,71,10879,26471
2023-04-27 14:26:42,67,71,10879,26471
2023-04-27 14:27:05,65,71,10879,26471
2023-04-27 14:27:05,66,71,10879,26471
2023-04-27 14:27:37,67,71,10879,26471
2023-04-27 14:28:01,66,71,10879,26471
2023-04-27 14:28:13,67,71,10879,26471
2023-04-27 14:28:33,68,71,10879,26471
2023-04-27 14:28:37,69,71,10879,26471
2023-04-27 14:29:06,70,71,10879,26471
2023-04-27 14:30:31,62,71,10879,26485
2023-04-27 14:30:33,69,71,10879,26485
2023-04-27 14:30:52,70,71,10879,26485
2023-04-27 14:32:01,71,72,10887,26493
2023-04-27 14:32:04,71,73,10887,26493
2023-04-27 14:32:05,71,78,10887,26493
2023-04-27 14:32:05,71,77,10887,26493
2023-04-27 14:32:16,72,77,10887,26493
2023-04-27 14:32:30,71,77,10887,26493
2023-04-27 14:32:30,70,77,10887,26493
2023-04-27 14:32:31,63,77,10887,26493
2023-04-27 14:32:31,64,77,10887,26493
2023-04-27 14:33:01,64,76,10887,26493
2023-04-27 14:33:01,64,75,10887,26493
2023-04-27 14:33:35,68,75,10887,26493
2023-04-27 14:33:35,70,75,10887,26493
2023-04-27 14:33:35,72,75,10887,26493
2023-04-27 14:33:37,70,75,10983,26589
2023-04-27 14:33:46,71,75,10983,26589
2023-04-27 14:33:59,70,75,10983,26595
2023-04-27 14:33:59,70,71,11028,26640
2023-04-27 14:34:00,70,71,11278,26890
2023-04-27 14:34:03,63,71,11278,26890
2023-04-27 14:34:03,70,71,11278,26890
2023-04-27 14:34:06,71,76,11286,26898
2023-04-27 14:34:06,71,75,11286,26898
2023-04-27 14:34:14,72,75,11286,26898
2023-04-27 14:34:20,71,75,11286,26898
2023-04-27 14:34:31,72,75,11286,26898
2023-04-27 14:35:06,71,75,11286,26898
2023-04-27 14:35:07,70,75,11286,26898
2023-04-27 14:35:07,63,75,11286,26898
2023-04-27 14:35:08,64,75,11286,26898
2023-04-27 14:35:09,68,75,11286,26898
2023-04-27 14:35:09,70,75,11286,26898
2023-04-27 14:35:09,72,75,11286,26898
2023-04-27 14:35:21,73,75,11286,26898
2023-04-27 14:36:13,75,76,11295,26907
2023-04-27 14:36:13,75,76,11400,27012
2023-04-27 14:36:13,75,76,11405,27017
2023-04-27 14:36:13,75,76,11423,27035
2023-04-27 14:36:13,75,76,11463,27075
2023-04-27 14:37:10,73,76,11463,27075
2023-04-27 14:37:11,62,76,11463,27075
2023-04-27 14:37:11,64,76,11463,27075
2023-04-27 14:37:16,71,76,11463,27075
2023-04-27 14:37:16,73,76,11463,27075
2023-04-27 14:37:25,74,76,11463,27075
2023-04-27 14:37:55,62,76,11463,27075
2023-04-27 14:37:55,63,76,11463,27075
2023-04-27 14:38:10,73,76,11463,27075
2023-04-27 14:38:11,76,80,11477,27089
2023-04-27 14:38:15,76,79,11477,27089
2023-04-27 14:38:24,76,79,11581,27193
2023-04-27 14:38:24,76,79,11597,27209
2023-04-27 14:38:24,76,79,11605,27217
2023-04-27 14:38:24,76,79,11621,27233
2023-04-27 14:38:24,76,79,11921,27533
2023-04-27 14:38:25,73,76,12028,27645
2023-04-27 14:38:25,71,76,12028,27645
2023-04-27 14:38:25,69,76,12028,27645
2023-04-27 14:38:26,71,76,12028,27645
2023-04-27 14:38:28,72,76,12028,27645
2023-04-27 14:38:33,71,76,12028,27645
2023-04-27 14:38:33,71,78,12028,27645
2023-04-27 14:38:44,72,78,12028,27645
2023-04-27 14:38:57,73,78,12028,27645
2023-04-27 14:39:26,72,78,12028,27645
2023-04-27 14:39:28,72,79,12028,27645
2023-04-27 14:39:44,73,79,12028,27645
2023-04-27 14:40:25,63,79,12028,27645
2023-04-27 14:40:25,64,79,12028,27645
2023-04-27 14:40:30,69,79,12028,27645
2023-04-27 14:40:30,73,79,12028,27645
2023-04-27 14:40:36,74,79,12028,27645
2023-04-27 14:41:08,75,79,12028,27645
2023-04-27 14:41:35,74,79,12028,27645
2023-04-27 14:42:30,63,79,12028,27645
2023-04-27 14:42:30,72,79,12028,27645
2023-04-27 14:42:30,74,79,12028,27645
2023-04-27 14:42:37,74,78,12028,27645
2023-04-27 14:42:38,74,77,12028,27645
2023-04-27 14:42:41,74,78,12028,27645
2023-04-27 14:42:41,75,78,12028,27645
2023-04-27 14:42:42,75,77,12028,27645
2023-04-27 14:42:57,75,78,12028,27645
2023-04-27 14:42:57,75,77,12028,27645
2023-04-27 14:42:59,75,78,12028,27645
2023-04-27 14:43:12,73,78,12028,27645
2023-04-27 14:43:24,73,79,12028,27645
2023-04-27 14:43:24,73,78,12028,27645
2023-04-27 14:43:24,74,78,12028,27645
2023-04-27 14:43:42,63,78,12003,27670
2023-04-27 14:43:43,70,78,12003,27670
2023-04-27 14:43:43,72,78,12003,27670
2023-04-27 14:43:43,74,78,12003,27670
2023-04-27 14:43:49,75,78,12003,27670
2023-04-27 14:43:53,74,78,12003,27670
2023-04-27 14:44:07,75,78,12003,27670
2023-04-27 14:44:21,75,79,12014,27681
2023-04-27 14:44:23,75,78,12014,27681
2023-04-27 14:44:24,74,78,12014,27681
2023-04-27 14:44:24,74,79,12014,27681
2023-04-27 14:44:25,74,78,12014,27681
2023-04-27 14:44:31,74,79,12016,27683
2023-04-27 14:44:36,75,79,12016,27683
2023-04-27 14:44:40,74,79,12016,27683
2023-04-27 14:44:41,74,80,12024,27691
2023-04-27 14:44:41,74,79,12024,27691
2023-04-27 14:44:54,75,79,12024,27691
2023-04-27 14:45:07,75,80,12024,27691
2023-04-27 14:45:15,76,80,12024,27691
2023-04-27 14:45:17,77,80,12024,27691
2023-04-27 14:45:42,77,79,12024,27691
2023-04-27 14:46:13,75,79,12024,27691
2023-04-27 14:46:35,75,80,12528,28195
2023-04-27 14:46:40,76,80,12528,28195
2023-04-27 14:46:44,75,80,12528,28195
2023-04-27 14:46:55,76,80,12528,28195
2023-04-27 14:47:25,76,79,12528,28195
2023-04-27 14:47:42,75,79,12528,28195
2023-04-27 14:48:04,74,79,12528,28195
2023-04-27 14:48:05,76,79,12528,28195
2023-04-27 14:48:17,77,79,12528,28195
2023-04-27 14:49:05,65,79,12528,28195
2023-04-27 14:49:05,66,79,12528,28195
2023-04-27 14:49:07,76,79,12528,28195
2023-04-27 14:49:18,76,80,12528,28195
2023-04-27 14:49:19,77,80,12528,28195
2023-04-27 14:49:30,73,80,12528,28195
2023-04-27 14:49:30,74,80,12528,28195
2023-04-27 14:49:31,77,80,12528,28195
2023-04-27 14:49:45,78,80,12528,28195
2023-04-27 14:50:00,77,80,12528,28195
2023-04-27 14:50:16,78,80,12528,28195
2023-04-27 14:50:17,79,80,12528,28195
2023-04-27 14:50:42,79,80,12535,28202
2023-04-27 14:53:59,80,83,12539,28256
2023-04-27 14:53:59,80,82,12539,28256
2023-04-27 14:54:14,80,83,12539,28256
2023-04-27 14:54:14,80,82,12539,28256
2023-04-27 14:54:15,81,82,12539,28256
2023-04-27 14:55:29,80,82,12539,28256
2023-04-27 14:55:30,79,82,12539,28256
2023-04-27 14:55:41,80,82,12539,28256
2023-04-27 14:56:07,79,82,12539,28262
2023-04-27 14:56:14,80,82,12539,28262
2023-04-27 14:56:14,79,82,12539,28268
2023-04-27 14:56:28,80,82,12539,28268
2023-04-27 14:59:39,79,82,12539,28268
2023-04-27 14:59:51,79,83,12539,28268
2023-04-27 14:59:52,79,85,12539,28268
2023-04-27 14:59:52,79,84,12539,28268
2023-04-27 14:59:52,80,84,12539,28268
2023-04-27 15:00:08,79,84,12539,28268
2023-04-27 15:00:39,80,84,12539,28268
2023-04-27 15:00:46,81,84,12539,28268
2023-04-27 15:00:47,80,81,12537,28270
2023-04-27 15:00:47,80,84,12537,28270
2023-04-27 15:00:47,80,83,12537,28270
2023-04-27 15:01:01,81,83,12537,28270
2023-04-27 15:01:13,80,83,12537,28270
2023-04-27 15:01:44,82,83,12537,28270
2023-04-27 15:01:59,80,83,12537,28270
2023-04-27 15:02:12,81,83,12537,28270
2023-04-27 15:02:15,80,83,12537,28270
2023-04-27 15:02:55,79,83,12537,28270
2023-04-27 15:02:57,81,83,12537,28270
2023-04-27 15:02:58,81,83,12543,28276
2023-04-27 15:02:58,81,83,12549,28282
2023-04-27 15:03:06,82,83,12549,28282
2023-04-27 15:03:26,79,82,12549,28284
2023-04-27 15:03:28,80,82,12549,28284
2023-04-27 15:03:36,81,82,12549,28284
2023-04-27 15:03:41,80,82,12549,28284
2023-04-27 15:04:23,80,82,12765,28500
2023-04-27 15:04:28,81,82,12765,28500
2023-04-27 15:04:56,80,82,12765,28500
2023-04-27 15:05:21,81,82,12765,28500
2023-04-27 15:05:52,80,82,12765,28500
2023-04-27 15:06:08,81,82,12765,28500
2023-04-27 15:06:21,79,82,12765,28502
2023-04-27 15:06:21,79,81,12765,28502
2023-04-27 15:06:21,79,81,12782,28524
2023-04-27 15:06:21,66,79,12787,28529
2023-04-27 15:06:21,79,81,12800,28542
2023-04-27 15:06:21,81,82,12802,28544
2023-04-27 15:06:21,81,82,12816,28558
2023-04-27 15:06:21,81,82,12829,28571
2023-04-27 15:06:22,81,82,12856,28598
2023-04-27 15:06:23,79,82,12889,28631
2023-04-27 15:06:23,81,82,12889,28631
2023-04-27 15:06:27,81,83,12889,28631
2023-04-27 15:06:34,81,83,12901,28643
2023-04-27 15:06:34,81,83,12913,28655
2023-04-27 15:06:41,81,82,12913,28655
2023-04-27 15:06:56,66,82,12913,28655
2023-04-27 15:07:15,66,81,12913,28655
2023-04-27 15:08:54,66,80,12913,28655
2023-04-27 15:08:55,71,80,12913,28655
2023-04-27 15:08:55,73,80,12913,28655
2023-04-27 15:09:15,73,79,12913,28655
2023-04-27 15:09:28,72,79,12913,28655
2023-04-27 15:09:45,75,79,12913,28655
2023-04-27 15:09:50,75,81,12913,28655
2023-04-27 15:10:03,75,82,12913,28655
2023-04-27 15:10:15,77,82,12913,28655
2023-04-27 15:10:27,77,84,12913,28655
2023-04-27 15:10:28,77,83,12913,28655
2023-04-27 15:10:46,78,83,12913,28655
2023-04-27 15:10:50,78,86,12913,28655
2023-04-27 15:10:51,78,85,12913,28655
2023-04-27 15:11:07,77,85,12913,28655
2023-04-27 15:11:07,75,85,12913,28655
2023-04-27 15:11:08,75,84,12913,28655
2023-04-27 15:11:10,77,84,12913,28655
2023-04-27 15:11:18,77,85,12913,28655
2023-04-27 15:11:19,77,87,12913,28655
2023-04-27 15:11:19,77,86,12913,28655
2023-04-27 15:12:41,75,86,12913,28655
2023-04-27 15:12:41,68,86,12913,28655
2023-04-27 15:12:42,76,86,12913,28655
2023-04-27 15:12:42,79,86,12913,28655
2023-04-27 15:12:58,79,88,12913,28655
2023-04-27 15:12:59,79,87,12913,28655
2023-04-27 15:13:12,80,87,12913,28655
2023-04-27 15:13:31,83,87,12913,28655
2023-04-27 15:13:50,80,87,12913,28655
2023-04-27 15:13:51,79,87,12913,28655
2023-04-27 15:14:14,80,87,12913,28655
2023-04-27 15:14:43,82,87,12913,28655
2023-04-27 15:14:45,82,90,12913,28655
2023-04-27 15:14:46,82,89,12913,28655
2023-04-27 15:15:21,80,89,12913,28655
2023-04-27 15:15:36,80,88,12913,28655
2023-04-27 15:15:43,80,87,12913,28655
2023-04-27 15:16:01,80,86,12913,28655
2023-04-27 15:16:19,79,86,12913,28655
2023-04-27 15:16:22,79,85,12913,28655
2023-04-27 15:16:32,79,84,12913,28655
2023-04-27 15:16:43,76,84,12913,28655
2023-04-27 15:17:03,84,86,12919,28670
2023-04-27 15:17:17,78,86,12919,28670
2023-04-27 15:17:17,79,86,12919,28670
2023-04-27 15:17:33,79,87,12919,28670
2023-04-27 15:17:33,79,88,12919,28670
2023-04-27 15:17:44,80,88,12919,28670
2023-04-27 15:17:48,80,87,12919,28670
2023-04-27 15:18:06,79,87,12919,28670
2023-04-27 15:18:06,69,87,12919,28670
2023-04-27 15:18:06,70,87,12919,28670
2023-04-27 15:18:08,79,87,12919,28670
2023-04-27 15:18:11,79,86,12919,28670
2023-04-27 15:18:12,79,87,12919,28670
2023-04-27 15:18:14,70,87,12919,28670
2023-04-27 15:18:14,75,87,12919,28670
2023-04-27 15:18:14,77,87,12919,28670
2023-04-27 15:18:21,77,86,12919,28670
2023-04-27 15:18:22,77,87,12919,28670
2023-04-27 15:18:39,79,87,12919,28670
2023-04-27 15:18:41,80,87,12919,28670
2023-04-27 15:18:46,80,86,12919,28670
2023-04-27 15:18:47,80,87,12919,28670
2023-04-27 15:18:53,80,86,12919,28670
2023-04-27 15:18:55,80,87,12919,28670
2023-04-27 15:18:55,77,87,12919,28670
2023-04-27 15:18:56,77,86,12919,28670
2023-04-27 15:19:07,77,87,12919,28670
2023-04-27 15:19:10,79,87,12919,28670
2023-04-27 15:19:21,80,87,12919,28670
2023-04-27 15:19:26,80,86,12919,28670
2023-04-27 15:19:32,77,86,12919,28670
2023-04-27 15:19:49,77,85,12919,28670
2023-04-27 15:19:59,78,85,12919,28670
2023-04-27 15:20:12,79,85,12919,28670
2023-04-27 15:21:23,79,86,12919,28670
2023-04-27 15:21:23,79,87,12919,28670
2023-04-27 15:21:24,79,88,12919,28670
2023-04-27 15:21:32,80,88,12919,28670
2023-04-27 15:21:34,81,88,12919,28670
2023-04-27 15:21:35,80,88,12921,28678
2023-04-27 15:21:39,80,86,12921,28678
2023-04-27 15:21:49,80,85,12921,28678
2023-04-27 15:21:58,79,85,12925,28682
2023-04-27 15:21:59,79,83,12925,28682
2023-04-27 15:22:02,79,82,12925,28682
2023-04-27 15:22:06,79,83,12925,28682
2023-04-27 15:22:12,78,83,12943,28700
2023-04-27 15:22:17,75,83,12943,28700
2023-04-27 15:22:18,75,82,12943,28700
2023-04-27 15:22:18,75,81,12943,28700
2023-04-27 15:22:19,75,82,12943,28700
2023-04-27 15:22:22,75,83,12943,28700
2023-04-27 15:22:36,75,82,12943,28700
2023-04-27 15:22:42,75,81,12943,28700
2023-04-27 15:22:50,74,81,12943,28700
2023-04-27 15:22:51,74,80,12943,28700
2023-04-27 15:23:08,74,82,12943,28714
2023-04-27 15:23:12,75,82,12943,28714
2023-04-27 15:23:12,77,82,12943,28714
2023-04-27 15:23:18,77,83,12943,28714
2023-04-27 15:23:27,77,82,12943,28714
2023-04-27 15:23:40,82,83,12949,28720
2023-04-27 15:23:40,82,83,12963,28734
2023-04-27 15:23:40,82,83,12965,28736
2023-04-27 15:23:40,82,83,12979,28750
2023-04-27 15:23:40,82,83,13021,28792
2023-04-27 15:23:40,77,82,13043,28814
2023-04-27 15:23:48,77,81,13043,28814
2023-04-27 15:23:53,76,81,13043,28814
2023-04-27 15:23:54,76,82,13043,28814
2023-04-27 15:23:55,78,82,13043,28814
2023-04-27 15:23:59,81,82,13043,28814
2023-04-27 15:23:59,81,82,13047,28818
2023-04-27 15:24:00,78,82,13093,28864
2023-04-27 15:24:03,79,82,13093,28864
2023-04-27 15:24:08,79,82,13143,28914
2023-04-27 15:24:26,76,82,13143,28914
2023-04-27 15:24:54,77,82,13143,28914
2023-04-27 15:25:04,76,82,13143,28914
2023-04-27 15:25:04,78,82,13143,28914
2023-04-27 15:25:04,80,82,13143,28914
2023-04-27 15:25:04,82,83,13183,28954
2023-04-27 15:25:07,80,83,13183,28954
2023-04-27 15:25:09,80,88,13183,28954
2023-04-27 15:25:10,81,88,13183,28954
2023-04-27 15:25:14,80,88,13183,28954
2023-04-27 15:25:31,81,88,13183,28954
2023-04-27 15:25:46,82,88,13183,28954
2023-04-27 15:26:28,82,89,13183,28954
2023-04-27 15:26:35,83,89,13183,28954
2023-04-27 15:26:43,83,91,13183,28954
2023-04-27 15:26:43,84,91,13183,28954
2023-04-27 15:26:51,84,90,13183,28954
2023-04-27 15:27:08,84,89,13183,28954
2023-04-27 15:27:38,85,89,13183,28954
2023-04-27 15:27:45,86,89,13183,28954
2023-04-27 15:28:32,85,89,13183,28954
2023-04-27 15:28:48,86,89,13183,28954
2023-04-27 15:29:00,74,89,13183,28954
2023-04-27 15:29:01,75,89,13183,28954
2023-04-27 15:29:02,82,89,13183,28954
2023-04-27 15:29:02,85,89,13183,28954
2023-04-27 15:29:07,75,89,13183,28954
2023-04-27 15:29:07,79,89,13183,28954
2023-04-27 15:29:07,82,89,13183,28954
2023-04-27 15:29:11,76,89,13183,28954
2023-04-27 15:29:11,84,89,13183,28954
2023-04-27 15:29:11,86,89,13183,28954
2023-04-27 15:29:12,87,89,13183,28954
2023-04-27 15:29:13,86,89,13183,28956
2023-04-27 15:29:13,86,87,13183,28956
2023-04-27 15:29:23,86,87,13233,29006
2023-04-27 15:29:41,83,87,13233,29006
2023-04-27 15:29:41,84,87,13233,29006
2023-04-27 15:29:53,87,88,13238,29011
2023-04-27 15:31:08,87,89,13250,29023
2023-04-27 15:31:12,87,91,13250,29023
2023-04-27 15:31:12,87,90,13250,29023
2023-04-27 15:31:21,88,90,13250,29023
2023-04-27 15:31:36,88,91,13250,29023
2023-04-27 15:31:42,88,90,13250,29023
2023-04-27 15:31:47,88,91,13250,29023
2023-04-27 15:33:27,88,92,13254,29039
2023-04-27 15:33:32,87,92,13254,29039
2023-04-27 15:33:41,88,92,13254,29039
2023-04-27 15:34:41,89,92,13254,29039
2023-04-27 15:35:32,89,94,13254,29039
2023-04-27 15:36:17,90,94,13254,29039
2023-04-27 15:36:46,90,94,13254,29139
2023-04-27 15:36:51,91,94,13254,29139
2023-04-27 15:37:08,91,93,13254,29139
2023-04-27 15:37:11,91,92,13254,29139
2023-04-27 15:37:11,90,92,13254,29145
2023-04-27 15:37:11,90,91,13254,29145
2023-04-27 15:37:11,89,91,13254,29145
2023-04-27 15:37:57,91,92,13280,29171
2023-04-27 15:37:58,89,92,13354,29245
2023-04-27 15:37:58,89,91,13354,29245
2023-04-27 15:38:12,89,90,13354,29245
2023-04-27 15:38:12,89,91,13354,29245
2023-04-27 15:38:26,91,92,13372,29263
2023-04-27 15:39:12,91,93,13372,29263
2023-04-27 15:39:12,91,94,13372,29263
2023-04-27 15:39:13,92,94,13372,29263
2023-04-27 15:39:23,91,94,13372,29265
2023-04-27 15:39:28,92,94,13372,29265
2023-04-27 15:39:40,93,94,13372,29265
2023-04-27 15:42:36,92,93,13370,29287
2023-04-27 15:42:36,92,94,13370,29287
2023-04-27 15:42:41,91,94,13370,29287
2023-04-27 15:42:49,92,94,13370,29287
2023-04-27 15:43:39,92,94,13370,29367
2023-04-27 15:43:59,92,94,13370,29538
2023-04-27 15:44:29,92,93,13370,29538
2023-04-27 15:44:46,91,93,13370,29538
2023-04-27 15:44:46,91,94,13370,29538
2023-04-27 15:45:29,91,95,13370,29538
2023-04-27 15:45:29,92,95,13370,29538
2023-04-27 15:46:27,92,94,13370,29538
2023-04-27 15:46:29,91,94,13370,29538
2023-04-27 15:46:44,91,95,13374,29542
2023-04-27 15:46:49,92,95,13374,29542
2023-04-27 15:46:54,91,95,13374,29542
2023-04-27 15:47:03,92,95,13374,29542
2023-04-27 15:47:14,93,95,13374,29542
2023-04-27 15:47:53,93,95,13378,29582
2023-04-27 15:47:56,93,95,13378,29637
2023-04-27 15:48:01,92,95,13378,29637
2023-04-27 15:48:09,92,94,13378,29637
2023-04-27 15:48:11,93,94,13378,29637
2023-04-27 15:48:15,93,94,13378,29667
2023-04-27 15:48:17,91,92,13359,29786
2023-04-27 15:49:03,89,90,13352,29810
2023-04-27 15:49:06,89,92,13352,29810
2023-04-27 15:49:23,92,94,13355,29820
2023-04-27 15:49:26,92,93,13355,29820
2023-04-27 15:49:30,92,94,13355,29820
2023-04-27 15:50:03,89,92,13352,29865
2023-04-27 15:50:09,89,90,13352,29865
2023-04-27 15:50:39,89,90,13352,29880
2023-04-27 15:50:51,89,90,13352,29980
2023-04-27 15:51:14,89,95,13354,29984
2023-04-27 15:51:15,89,94,13354,29984
2023-04-27 15:51:19,89,95,13354,29984
2023-04-27 15:51:21,89,95,13354,30084
2023-04-27 15:51:22,90,95,13354,30084
2023-04-27 15:51:29,91,95,13354,30084
2023-04-27 15:51:36,91,97,13358,30088
2023-04-27 15:51:36,92,97,13358,30088
2023-04-27 15:51:41,93,97,13358,30088
2023-04-27 15:51:55,94,97,13358,30088
2023-04-27 15:52:01,94,96,13358,30088
2023-04-27 15:52:03,94,97,13358,30088
2023-04-27 15:52:07,94,96,13358,30088
2023-04-27 15:52:09,93,96,13358,30088
2023-04-27 15:52:12,93,96,13358,30413
2023-04-27 15:52:15,93,97,13362,30417
2023-04-27 15:52:22,91,97,13362,30417
2023-04-27 15:52:23,92,97,13362,30417
2023-04-27 15:52:26,92,96,13362,30417
2023-04-27 15:52:27,91,96,13362,30417
2023-04-27 15:52:31,91,97,13362,30417
2023-04-27 15:52:37,89,97,13362,30417
2023-04-27 15:52:37,90,97,13362,30417
2023-04-27 15:52:41,90,96,13362,30417
2023-04-27 15:52:43,90,96,13362,30497
2023-04-27 15:52:43,91,96,13362,30497
2023-04-27 15:52:48,92,96,13362,30497
2023-04-27 15:52:54,92,95,13362,30497
2023-04-27 15:52:55,92,96,13362,30497
2023-04-27 15:52:58,93,96,13362,30497
2023-04-27 15:53:10,92,96,13362,30497
2023-04-27 15:53:40,93,96,13362,30497
2023-04-27 15:53:46,94,96,13362,30497
2023-04-27 15:53:48,95,96,13362,30497
2023-04-27 15:53:51,95,97,13362,30497
2023-04-27 15:53:52,96,97,13362,30497
2023-04-27 15:54:09,96,98,13366,30826
2023-04-27 15:54:13,97,98,13366,30826
2023-04-27 15:54:18,96,98,13366,30826
2023-04-27 15:54:27,97,98,13366,30826
2023-04-27 15:54:37,97,98,13366,30876
2023-04-27 15:55:10,97,100,13366,30876
2023-04-27 15:55:31,98,100,13366,30876
2023-04-27 15:55:45,99,100,13366,30876
2023-04-27 15:56:08,98,100,13466,30978
2023-04-27 15:56:19,99,100,13466,30978
2023-04-27 15:59:50,98,99,13464,31185
