datetime,bid,ask,open_interest,volume
2023-11-16 09:30:01,1,18,218,250
2023-11-16 09:30:01,1,99,218,250
2023-11-16 09:30:01,1,98,218,250
2023-11-16 09:31:00,1,16,218,250
2023-11-16 09:31:00,9,14,218,250
2023-11-16 09:31:03,11,13,218,250
2023-11-16 09:31:15,11,12,218,250
2023-11-16 09:31:15,11,12,400,500
2023-11-16 09:31:16,10,12,400,500
2023-11-16 09:31:18,9,12,400,500
2023-11-16 09:31:20,10,12,400,500
2023-11-16 09:31:39,11,12,400,500
2023-11-16 09:31:39,11,13,400,500
2023-11-16 09:31:42,10,13,400,500
2023-11-16 09:31:43,11,13,400,500
2023-11-16 09:31:48,10,13,400,500
2023-11-16 09:31:48,11,13,400,500
2023-11-16 09:31:53,11,14,400,500
2023-11-16 09:31:55,11,13,400,500
2023-11-16 09:32:02,11,14,400,500
2023-11-16 09:32:14,11,13,400,500
2023-11-16 09:32:16,11,14,400,500
2023-11-16 09:33:37,11,13,400,500
2023-11-16 09:33:39,10,13,400,500
2023-11-16 09:33:43,10,12,400,500
2023-11-16 09:33:44,10,13,400,500
2023-11-16 09:33:50,10,12,400,500
2023-11-16 09:34:10,10,11,400,500
2023-11-16 09:34:11,9,11,400,500
2023-11-16 09:34:14,9,12,400,500
2023-11-16 09:34:14,9,11,400,500
2023-11-16 09:34:16,9,12,400,500
2023-11-16 09:34:17,9,11,400,500
2023-11-16 09:34:31,8,11,400,500
2023-11-16 09:34:33,9,11,400,500
2023-11-16 09:34:56,9,10,400,500
2023-11-16 09:34:57,8,10,400,500
2023-11-16 09:35:01,9,10,400,500
2023-11-16 09:35:01,9,11,400,500
2023-11-16 09:35:07,9,12,400,500
2023-11-16 09:35:08,9,11,400,500
2023-11-16 09:35:09,9,12,400,500
2023-11-16 09:35:10,9,11,400,500
2023-11-16 09:35:12,9,12,400,500
2023-11-16 09:35:13,9,11,400,500
2023-11-16 09:35:14,9,12,400,500
2023-11-16 09:35:17,9,11,400,500
2023-11-16 09:35:18,10,11,400,500
2023-11-16 09:35:20,10,12,400,500
2023-11-16 09:35:20,10,11,400,500
2023-11-16 09:35:23,9,11,400,500
2023-11-16 09:35:28,10,11,400,500
2023-11-16 09:35:29,9,11,400,500
2023-11-16 09:35:30,10,11,400,500
2023-11-16 09:35:31,9,11,400,500
2023-11-16 09:35:35,10,11,400,500
2023-11-16 09:35:40,9,11,400,500
2023-11-16 09:35:44,10,11,400,500
2023-11-16 09:35:47,10,12,400,500
2023-11-16 09:35:49,10,11,400,500
2023-11-16 09:35:50,10,12,400,500
2023-11-16 09:35:53,10,11,400,500
2023-11-16 09:35:55,10,12,400,500
2023-11-16 09:35:57,10,11,400,500
2023-11-16 09:35:58,9,11,400,500
2023-11-16 09:35:59,10,11,400,500
2023-11-16 09:36:02,9,11,400,500
2023-11-16 09:36:03,10,11,400,500
2023-11-16 09:36:09,10,12,400,500
2023-11-16 09:36:10,10,11,400,500
2023-11-16 09:36:19,10,12,400,500
2023-11-16 09:36:19,10,11,400,500
2023-11-16 09:36:20,10,12,400,500
2023-11-16 09:36:21,10,11,400,500
2023-11-16 09:36:28,10,12,400,500
2023-11-16 09:36:46,11,12,400,500
2023-11-16 09:36:47,11,13,400,500
2023-11-16 09:36:50,11,12,400,500
2023-11-16 09:36:50,11,13,400,500
2023-11-16 09:37:13,12,13,400,500
2023-11-16 09:37:13,11,13,400,500
2023-11-16 09:37:18,11,14,400,500
2023-11-16 09:37:18,12,14,400,500
2023-11-16 09:37:19,12,13,400,500
2023-11-16 09:37:19,11,13,400,500
2023-11-16 09:37:28,12,13,400,500
2023-11-16 09:37:29,12,13,400,500
2023-11-16 09:37:32,11,13,400,500
2023-11-16 09:37:49,11,12,400,500
2023-11-16 09:37:50,11,13,400,500
2023-11-16 09:37:50,11,12,400,500
2023-11-16 09:37:51,11,13,400,500
2023-11-16 09:37:53,11,12,400,500
2023-11-16 09:38:12,10,12,400,500
2023-11-16 09:38:12,10,11,400,500
2023-11-16 09:38:13,9,11,400,500
2023-11-16 09:38:28,9,10,400,500
2023-11-16 09:38:30,8,10,400,500
2023-11-16 09:38:40,9,10,400,500
2023-11-16 09:38:42,8,10,400,500
2023-11-16 09:39:32,8,9,400,500
2023-11-16 09:39:32,8,10,400,500
2023-11-16 09:39:34,8,9,400,500
2023-11-16 09:39:36,8,10,400,500
2023-11-16 09:39:36,8,9,400,500
2023-11-16 09:39:37,8,10,400,500
2023-11-16 09:39:41,8,9,400,500
2023-11-16 09:39:42,8,10,400,500
2023-11-16 09:39:43,8,9,400,500
2023-11-16 09:39:44,8,10,400,500
2023-11-16 09:39:45,8,9,400,500
2023-11-16 09:39:47,8,10,400,500
2023-11-16 09:39:47,8,9,400,500
2023-11-16 09:39:48,8,10,400,500
2023-11-16 09:40:16,9,10,400,500
2023-11-16 09:40:17,8,10,400,500
2023-11-16 09:40:25,9,10,400,500
2023-11-16 09:40:30,9,11,400,500
2023-11-16 09:40:31,9,10,400,500
2023-11-16 09:40:32,9,11,400,500
2023-11-16 09:40:33,9,10,400,500
2023-11-16 09:40:37,9,11,400,500
2023-11-16 09:40:38,9,10,400,500
2023-11-16 09:40:40,9,11,400,500
2023-11-16 09:40:42,9,10,400,500
2023-11-16 09:40:45,9,11,400,500
2023-11-16 09:40:59,9,10,400,500
2023-11-16 09:41:01,9,11,400,500
2023-11-16 09:41:01,9,10,400,500
2023-11-16 09:41:02,9,11,400,500
2023-11-16 09:41:17,9,10,400,500
2023-11-16 09:41:25,9,11,400,500
2023-11-16 09:41:27,9,10,400,500
2023-11-16 09:41:30,9,11,400,500
2023-11-16 09:41:31,9,10,400,500
2023-11-16 09:41:32,9,11,400,500
2023-11-16 09:41:33,9,10,400,500
2023-11-16 09:41:33,9,11,400,500
2023-11-16 09:41:39,9,11,700,1000
2023-11-16 09:41:44,11,12,1167,1467
2023-11-16 09:41:44,11,12,1217,1517
2023-11-16 09:42:22,11,12,1367,1717
2023-11-16 09:42:25,11,12,1567,1917
2023-11-16 09:42:45,9,11,1650,2000
2023-11-16 09:42:45,9,10,1650,2000
2023-11-16 09:42:49,9,11,1650,2000
2023-11-16 09:42:55,10,11,1650,2000
2023-11-16 09:43:15,10,12,1650,2000
2023-11-16 09:43:15,10,11,1650,2000
2023-11-16 09:43:36,10,11,2350,2700
2023-11-16 09:43:43,10,12,2350,2700
2023-11-16 09:43:43,10,11,2350,2700
2023-11-16 09:43:47,10,12,2350,2700
2023-11-16 09:43:47,10,11,2350,2700
2023-11-16 09:44:16,10,11,2550,2900
2023-11-16 09:44:23,8,11,2550,2900
2023-11-16 09:44:23,8,10,2550,2900
2023-11-16 09:44:26,8,11,2550,2900
2023-11-16 09:44:26,8,10,2550,2900
2023-11-16 09:44:28,9,10,2550,2900
2023-11-16 09:44:34,9,10,2650,3000
2023-11-16 09:44:36,9,11,2650,3000
2023-11-16 09:44:40,9,10,2650,3000
2023-11-16 09:44:44,10,11,2767,3117
2023-11-16 09:45:06,10,11,2967,3317
2023-11-16 09:45:07,10,11,3027,3377
2023-11-16 09:45:08,8,11,3150,3500
2023-11-16 09:45:09,8,10,3150,3500
2023-11-16 09:45:20,8,9,3150,3500
2023-11-16 09:45:30,7,9,3150,3500
2023-11-16 09:45:39,7,8,3150,3500
2023-11-16 09:46:11,7,9,3150,3500
2023-11-16 09:46:11,7,8,3150,3500
2023-11-16 09:46:15,7,9,3150,3500
2023-11-16 09:46:16,7,8,3150,3500
2023-11-16 09:46:36,6,8,3150,3500
2023-11-16 09:47:56,6,7,3150,3500
2023-11-16 09:48:33,6,8,3150,3500
2023-11-16 09:48:50,6,7,3150,3500
2023-11-16 09:50:41,6,8,3150,3500
2023-11-16 09:51:20,6,7,3150,3500
2023-11-16 09:52:03,6,7,3150,3501
2023-11-16 09:52:10,6,7,3150,3502
2023-11-16 09:52:18,6,7,3150,3503
2023-11-16 09:52:25,6,7,3150,3504
2023-11-16 09:52:32,6,7,3150,3505
2023-11-16 09:52:40,6,7,3150,3506
2023-11-16 09:52:47,6,7,3150,3507
2023-11-16 09:52:54,6,7,3150,3508
2023-11-16 09:53:02,6,7,3150,3509
2023-11-16 09:53:09,6,7,3150,3510
2023-11-16 09:53:16,6,7,3150,3511
2023-11-16 09:53:24,6,7,3150,3512
2023-11-16 09:53:31,6,7,3150,3513
2023-11-16 09:53:38,6,7,3150,3514
2023-11-16 09:53:46,6,7,3150,3515
2023-11-16 09:53:53,6,7,3150,3516
2023-11-16 09:54:01,6,7,3150,3517
2023-11-16 09:54:04,6,7,3150,3577
2023-11-16 09:54:05,6,7,3150,3697
2023-11-16 09:54:08,6,7,3150,3698
2023-11-16 09:54:15,6,7,3150,3699
2023-11-16 09:54:17,5,7,3150,3699
2023-11-16 09:54:23,5,7,3150,3700
2023-11-16 09:54:24,5,6,3150,3700
2023-11-16 09:54:31,5,6,3150,3701
2023-11-16 09:55:16,5,6,3150,3761
2023-11-16 09:55:31,5,6,3150,3961
2023-11-16 09:55:31,5,6,3150,4021
2023-11-16 09:55:32,5,6,3150,4184
2023-11-16 09:55:34,5,6,3150,4304
2023-11-16 09:55:36,5,6,3150,4410
2023-11-16 09:55:47,4,6,3150,4410
2023-11-16 09:55:47,5,6,3150,4410
2023-11-16 09:55:47,5,6,3150,4532
2023-11-16 09:55:50,5,6,3150,4732
2023-11-16 09:55:50,4,6,3150,4863
2023-11-16 09:55:50,5,6,3150,4863
2023-11-16 09:56:01,5,6,3150,4927
2023-11-16 09:56:09,4,6,3150,4927
2023-11-16 09:56:10,5,6,3150,4927
2023-11-16 09:56:37,4,6,3150,4927
2023-11-16 09:56:37,5,6,3150,4927
2023-11-16 09:56:39,4,6,3150,4927
2023-11-16 09:56:39,5,6,3150,4927
2023-11-16 09:56:48,5,6,3150,5004
2023-11-16 09:56:50,5,6,3150,5107
2023-11-16 09:56:51,4,6,3150,5107
2023-11-16 09:56:51,5,6,3150,5107
2023-11-16 09:56:55,5,6,3150,5167
2023-11-16 09:57:05,4,6,3150,5167
2023-11-16 09:57:05,5,6,3150,5167
2023-11-16 09:57:19,4,6,3150,5167
2023-11-16 09:57:20,5,6,3150,5167
2023-11-16 09:57:22,4,6,3150,5167
2023-11-16 09:57:24,5,6,3150,5167
2023-11-16 09:58:01,4,6,3150,5167
2023-11-16 09:58:01,5,6,3150,5167
2023-11-16 09:58:02,4,6,3150,5167
2023-11-16 10:00:34,5,6,3150,5167
2023-11-16 10:00:36,4,6,3150,5167
2023-11-16 10:01:53,5,6,3150,5167
2023-11-16 10:01:59,4,6,3179,5292
2023-11-16 10:01:59,5,6,3179,5292
2023-11-16 10:02:00,4,6,3179,5292
2023-11-16 10:02:03,5,6,3179,5292
2023-11-16 10:02:30,4,6,3179,5292
2023-11-16 10:02:30,5,6,3179,5292
2023-11-16 10:02:47,4,6,3179,5292
2023-11-16 10:02:47,5,6,3179,5292
2023-11-16 10:03:06,4,6,3179,5292
2023-11-16 10:03:06,5,6,3179,5292
2023-11-16 10:03:16,4,6,3179,5292
2023-11-16 10:03:16,5,6,3179,5292
2023-11-16 10:03:45,4,6,3179,5292
2023-11-16 10:03:45,5,6,3179,5292
2023-11-16 10:04:05,4,6,3179,5292
2023-11-16 10:04:05,5,6,3179,5292
2023-11-16 10:04:16,5,7,3579,5692
2023-11-16 10:05:19,5,6,3579,5692
2023-11-16 10:05:21,5,7,3579,5692
2023-11-16 10:05:24,5,6,3579,5692
2023-11-16 10:05:36,5,7,3579,5692
2023-11-16 10:05:36,4,7,3579,5692
2023-11-16 10:05:36,4,6,3579,5692
2023-11-16 10:05:41,4,7,3579,5692
2023-11-16 10:05:41,4,6,3579,5692
2023-11-16 10:06:23,4,5,3579,5692
2023-11-16 10:06:26,4,5,3579,5752
2023-11-16 10:06:29,4,5,3579,5812
2023-11-16 10:06:40,3,5,3579,5892
2023-11-16 10:06:42,4,5,3579,5892
2023-11-16 10:06:42,3,5,3679,5992
2023-11-16 10:07:15,4,5,3679,5992
2023-11-16 10:07:16,3,5,3779,6092
2023-11-16 10:07:18,4,5,3779,6092
2023-11-16 10:07:19,3,5,3779,6092
2023-11-16 10:07:21,4,5,3779,6092
2023-11-16 10:07:21,4,5,3779,6273
2023-11-16 10:07:33,4,6,3779,6273
2023-11-16 10:07:34,4,5,3779,6273
2023-11-16 10:07:34,4,6,3779,6273
2023-11-16 10:07:57,5,6,3779,6273
2023-11-16 10:08:14,4,6,3779,6273
2023-11-16 10:08:14,5,6,3779,6273
2023-11-16 10:08:24,5,7,3779,6273
2023-11-16 10:08:30,6,7,3779,6273
2023-11-16 10:08:31,5,7,3779,6273
2023-11-16 10:09:41,4,7,3779,6273
2023-11-16 10:09:50,5,7,3779,6273
2023-11-16 10:09:55,4,7,3779,6273
2023-11-16 10:10:03,5,7,3779,6273
2023-11-16 10:10:05,4,7,3779,6273
2023-11-16 10:10:15,5,7,3779,6273
2023-11-16 10:10:17,4,7,3779,6273
2023-11-16 10:10:23,5,7,3779,6273
2023-11-16 10:10:27,4,7,3779,6273
2023-11-16 10:10:28,5,7,3779,6273
2023-11-16 10:10:31,4,7,3779,6273
2023-11-16 10:10:33,5,7,3779,6273
2023-11-16 10:11:10,6,7,3779,6273
2023-11-16 10:11:53,5,7,3779,6273
2023-11-16 10:14:44,6,7,3779,6273
2023-11-16 10:15:02,6,8,3779,6273
2023-11-16 10:15:28,6,7,3779,6273
2023-11-16 10:15:28,6,8,3779,6273
2023-11-16 10:15:31,6,7,3779,6273
2023-11-16 10:15:31,6,8,3779,6273
2023-11-16 10:17:23,7,8,3779,6273
2023-11-16 10:17:38,7,9,3779,6273
2023-11-16 10:17:49,8,9,3779,6273
2023-11-16 10:18:00,8,10,3779,6273
2023-11-16 10:18:05,8,9,3779,6273
2023-11-16 10:18:09,8,10,3779,6273
2023-11-16 10:18:14,8,9,3779,6273
2023-11-16 10:18:22,8,9,3779,6425
2023-11-16 10:18:24,8,10,3779,6425
2023-11-16 10:18:24,8,9,3779,6425
2023-11-16 10:18:30,8,10,3779,6425
2023-11-16 10:18:30,8,9,3779,6425
2023-11-16 10:18:38,7,9,3779,6425
2023-11-16 10:18:38,7,10,3779,6425
2023-11-16 10:18:38,7,9,3779,6425
2023-11-16 10:18:54,7,10,3779,6425
2023-11-16 10:18:55,7,9,3779,6425
2023-11-16 10:19:19,8,9,3779,6425
2023-11-16 10:19:20,7,9,3779,6425
2023-11-16 10:19:21,8,9,3779,6425
2023-11-16 10:19:22,7,9,3779,6425
2023-11-16 10:19:25,7,10,3779,6425
2023-11-16 10:19:25,7,9,3779,6425
2023-11-16 10:19:26,8,9,3779,6425
2023-11-16 10:19:30,8,10,3779,6425
2023-11-16 10:19:44,9,10,3779,6425
2023-11-16 10:20:08,8,10,3779,6425
2023-11-16 10:21:05,7,10,3779,6425
2023-11-16 10:21:17,7,9,3779,6425
2023-11-16 10:21:30,7,10,3779,6425
2023-11-16 10:21:30,7,9,3779,6425
2023-11-16 10:21:31,7,10,3779,6425
2023-11-16 10:21:32,7,9,3779,6425
2023-11-16 10:21:52,7,8,3779,6425
2023-11-16 10:21:52,7,9,3779,6425
2023-11-16 10:21:55,7,8,3779,6425
2023-11-16 10:21:57,6,8,3779,6425
2023-11-16 10:23:28,5,8,3779,6425
2023-11-16 10:23:56,5,7,3779,6425
2023-11-16 10:24:34,5,7,3779,6591
2023-11-16 10:24:40,5,7,3779,6711
2023-11-16 10:24:42,4,7,3779,6711
2023-11-16 10:24:57,4,6,3779,6711
2023-11-16 10:26:28,4,6,3779,6771
2023-11-16 10:26:38,4,5,3779,6771
2023-11-16 10:26:42,4,5,3779,6786
2023-11-16 10:26:43,4,5,3779,6801
2023-11-16 10:27:26,4,6,3779,6801
2023-11-16 10:31:16,4,5,3779,6801
2023-11-16 10:31:27,4,5,3779,6950
2023-11-16 10:31:30,4,5,3858,7190
2023-11-16 10:31:31,3,5,3858,7190
2023-11-16 10:31:35,3,5,3858,7250
2023-11-16 10:31:55,4,5,3858,7250
2023-11-16 10:31:55,3,5,3991,7383
2023-11-16 10:32:01,4,5,3991,7383
2023-11-16 10:32:02,4,5,4080,7472
2023-11-16 10:32:06,3,5,4080,7472
2023-11-16 10:32:36,4,5,4080,7472
2023-11-16 10:32:40,3,5,4180,7572
2023-11-16 10:32:50,4,5,4180,7572
2023-11-16 10:32:50,3,5,4280,7672
2023-11-16 10:32:51,4,5,4280,7672
2023-11-16 10:32:52,4,5,4300,7692
2023-11-16 10:32:54,3,5,4380,7772
2023-11-16 10:33:02,4,5,4380,7772
2023-11-16 10:33:27,4,6,4380,7772
2023-11-16 10:33:30,5,6,4380,7772
2023-11-16 10:33:41,4,6,4380,7772
2023-11-16 10:33:48,5,6,4380,7772
2023-11-16 10:33:54,4,6,4380,7772
2023-11-16 10:33:58,5,6,4380,7772
2023-11-16 10:34:21,5,7,4380,7772
2023-11-16 10:34:31,4,7,4380,7772
2023-11-16 10:34:35,5,7,4380,7772
2023-11-16 10:34:48,6,7,4380,7772
2023-11-16 10:35:06,6,8,4380,7772
2023-11-16 10:35:08,7,8,4380,7772
2023-11-16 10:35:16,7,9,4380,7772
2023-11-16 10:35:21,8,9,4380,7772
2023-11-16 10:35:49,8,10,4380,7772
2023-11-16 10:35:58,9,10,4380,7772
2023-11-16 10:36:01,9,11,4380,7772
2023-11-16 10:36:04,8,11,4380,7772
2023-11-16 10:36:12,8,10,4380,7772
2023-11-16 10:36:50,8,11,4380,7772
2023-11-16 10:37:26,8,10,4380,7772
2023-11-16 10:37:31,7,10,4380,7772
2023-11-16 10:37:39,7,9,4380,7772
2023-11-16 10:38:35,7,10,4380,7772
2023-11-16 10:39:00,7,11,4380,7772
2023-11-16 10:39:00,8,11,4380,7772
2023-11-16 10:39:01,8,10,4380,7772
2023-11-16 10:39:03,7,10,4380,7772
2023-11-16 10:39:03,8,10,4380,7772
2023-11-16 10:39:09,8,11,4380,7772
2023-11-16 10:39:18,8,10,4380,7772
2023-11-16 10:39:19,8,11,4380,7772
2023-11-16 10:39:20,8,10,4380,7772
2023-11-16 10:39:23,8,11,4380,7772
2023-11-16 10:39:33,8,10,4380,7772
2023-11-16 10:39:37,7,10,4380,7772
2023-11-16 10:39:59,7,9,4380,7772
2023-11-16 10:40:03,7,10,4380,7772
2023-11-16 10:40:23,8,10,4380,7772
2023-11-16 10:40:25,7,10,4380,7772
2023-11-16 10:40:37,7,9,4380,7772
2023-11-16 10:40:57,7,10,4380,7772
2023-11-16 10:41:22,8,10,4380,7772
2023-11-16 10:41:30,8,11,4380,7772
2023-11-16 10:41:40,9,11,4380,7772
2023-11-16 10:42:02,9,11,4448,8022
2023-11-16 10:42:02,10,11,4448,8022
2023-11-16 10:42:02,10,12,4448,8022
2023-11-16 10:42:03,10,13,4448,8022
2023-11-16 10:42:03,11,13,4448,8022
2023-11-16 10:42:31,11,12,4448,8022
2023-11-16 10:42:32,9,12,4448,8022
2023-11-16 10:42:33,10,12,4448,8022
2023-11-16 10:42:34,10,13,4448,8022
2023-11-16 10:42:34,10,12,4448,8022
2023-11-16 10:42:37,9,12,4448,8022
2023-11-16 10:42:46,9,11,4448,8022
2023-11-16 10:42:54,8,11,4448,8022
2023-11-16 10:43:13,8,10,4448,8022
2023-11-16 10:43:21,8,11,4448,8022
2023-11-16 10:43:33,8,10,4448,8022
2023-11-16 10:44:19,8,11,4448,8022
2023-11-16 10:44:19,9,11,4448,8022
2023-11-16 10:44:20,9,12,4448,8022
2023-11-16 10:44:21,10,12,4448,8022
2023-11-16 10:44:41,10,11,4448,8022
2023-11-16 10:44:46,10,12,4448,8022
2023-11-16 10:44:51,10,13,4448,8022
2023-11-16 10:44:51,10,12,4448,8022
2023-11-16 10:44:53,10,13,4448,8022
2023-11-16 10:45:35,10,12,4448,8022
2023-11-16 10:46:42,9,12,4448,8022
2023-11-16 10:46:43,8,12,4448,8022
2023-11-16 10:46:43,9,12,4448,8022
2023-11-16 10:46:47,9,11,4448,8022
2023-11-16 10:46:49,8,11,4448,8022
2023-11-16 10:46:56,8,10,4448,8022
2023-11-16 10:47:07,7,10,4448,8022
2023-11-16 10:47:09,7,9,4448,8022
2023-11-16 10:47:41,7,8,4448,8022
2023-11-16 10:47:44,6,8,4448,8022
2023-11-16 10:50:12,6,9,4848,8422
2023-11-16 10:50:13,7,9,4848,8422
2023-11-16 10:50:14,6,9,4848,8422
2023-11-16 10:50:20,6,9,5248,8822
2023-11-16 10:50:21,7,9,5248,8822
2023-11-16 10:50:26,7,10,5248,8822
2023-11-16 10:51:29,8,10,5248,8822
2023-11-16 10:51:33,7,10,5248,8822
2023-11-16 10:51:33,8,10,5248,8822
2023-11-16 10:51:42,8,10,5448,9022
2023-11-16 10:51:52,9,10,5448,9022
2023-11-16 10:51:52,9,10,5448,9222
2023-11-16 10:51:52,9,10,5448,9422
2023-11-16 10:51:52,9,11,5448,9422
2023-11-16 10:52:00,8,11,5448,9422
2023-11-16 10:52:00,9,11,5448,9422
2023-11-16 10:52:24,8,11,5448,9422
2023-11-16 10:52:25,9,11,5448,9422
2023-11-16 10:52:32,10,11,5448,9422
2023-11-16 10:52:34,9,11,5448,9422
2023-11-16 10:52:35,10,11,5448,9422
2023-11-16 10:52:36,9,11,5448,9422
2023-11-16 10:52:43,10,11,5448,9422
2023-11-16 10:52:46,9,11,5448,9422
2023-11-16 10:52:47,10,11,5448,9422
2023-11-16 10:52:48,10,12,5448,9422
2023-11-16 10:53:07,9,12,5448,9422
2023-11-16 10:53:12,10,12,5448,9422
2023-11-16 10:53:20,9,12,5448,9422
2023-11-16 10:53:39,10,12,5448,9422
2023-11-16 10:53:57,10,12,5548,9522
2023-11-16 10:54:55,10,13,5548,9522
2023-11-16 10:55:13,11,13,5548,9522
2023-11-16 10:56:07,12,13,5548,9522
2023-11-16 10:56:11,12,14,5548,9522
2023-11-16 10:56:11,12,13,5548,9522
2023-11-16 10:56:18,12,14,5548,9522
2023-11-16 10:56:27,12,13,5548,9522
2023-11-16 10:56:28,13,14,5548,9525
2023-11-16 10:56:34,13,15,5548,9525
2023-11-16 10:56:35,13,14,5548,9525
2023-11-16 10:56:46,12,14,5348,9725
2023-11-16 10:57:17,11,14,5348,9725
2023-11-16 10:57:19,11,13,5348,9725
2023-11-16 10:57:27,10,13,5348,9725
2023-11-16 10:57:37,10,12,5348,9725
2023-11-16 10:57:57,9,12,5348,9725
2023-11-16 10:58:00,9,11,5348,9725
2023-11-16 10:58:01,10,11,5348,9725
2023-11-16 10:58:39,10,12,5348,9725
2023-11-16 11:00:48,11,12,5348,9725
2023-11-16 11:00:48,11,13,5348,9725
2023-11-16 11:00:55,12,13,5348,9725
2023-11-16 11:00:57,11,13,5348,9725
2023-11-16 11:01:06,10,13,5348,9725
2023-11-16 11:01:14,11,13,5348,9725
2023-11-16 11:01:19,10,13,5348,9725
2023-11-16 11:01:46,11,13,5348,9725
2023-11-16 11:01:47,10,13,5348,9725
2023-11-16 11:01:51,11,13,5348,9725
2023-11-16 11:02:11,10,13,5348,9725
2023-11-16 11:02:12,11,13,5348,9725
2023-11-16 11:02:37,10,13,5348,9725
2023-11-16 11:02:43,11,13,5348,9725
2023-11-16 11:02:45,10,13,5348,9725
2023-11-16 11:02:51,11,13,5348,9725
2023-11-16 11:03:17,10,13,5348,9725
2023-11-16 11:03:28,10,12,5348,9725
2023-11-16 11:04:04,10,11,5348,9725
2023-11-16 11:04:28,9,11,5373,9750
2023-11-16 11:04:35,8,11,5373,9750
2023-11-16 11:04:38,8,10,5373,9750
2023-11-16 11:04:56,8,11,5373,9750
2023-11-16 11:05:05,9,11,5373,9750
2023-11-16 11:05:12,9,10,5373,9750
2023-11-16 11:05:14,9,11,5373,9750
2023-11-16 11:06:18,8,11,5373,9750
2023-11-16 11:06:22,8,10,5373,9750
2023-11-16 11:06:47,7,10,5373,9750
2023-11-16 11:07:19,8,10,5373,9750
2023-11-16 11:07:20,7,10,5373,9750
2023-11-16 11:07:25,8,10,5373,9750
2023-11-16 11:07:36,7,10,5373,9750
2023-11-16 11:07:47,8,10,5373,9750
2023-11-16 11:08:00,7,10,5373,9750
2023-11-16 11:08:16,8,10,5373,9750
2023-11-16 11:08:17,7,10,5373,9750
2023-11-16 11:08:26,8,10,5373,9750
2023-11-16 11:08:30,7,10,5373,9750
2023-11-16 11:08:34,7,9,5373,9750
2023-11-16 11:08:51,7,10,5373,9750
2023-11-16 11:09:00,8,10,5373,9750
2023-11-16 11:09:20,8,11,5373,9750
2023-11-16 11:09:20,8,10,5373,9750
2023-11-16 11:09:22,8,11,5373,9750
2023-11-16 11:09:24,9,11,5373,9750
2023-11-16 11:09:27,10,11,5373,9750
2023-11-16 11:09:27,10,11,5573,9950
2023-11-16 11:09:27,10,12,5573,9950
2023-11-16 11:09:28,10,11,5573,9950
2023-11-16 11:09:40,10,12,5573,9950
2023-11-16 11:09:41,11,12,5573,9950
2023-11-16 11:09:42,10,12,5573,9950
2023-11-16 11:09:43,11,12,5573,9950
2023-11-16 11:09:50,10,12,5573,9950
2023-11-16 11:09:52,10,11,5573,9950
2023-11-16 11:10:22,10,12,5373,10150
2023-11-16 11:10:25,10,13,5373,10150
2023-11-16 11:10:25,11,13,5373,10150
2023-11-16 11:10:25,11,14,5373,10150
2023-11-16 11:10:25,11,13,5373,10150
2023-11-16 11:10:31,11,14,5373,10150
2023-11-16 11:10:35,12,14,5373,10150
2023-11-16 11:10:35,12,13,5373,10150
2023-11-16 11:10:43,11,13,5373,10150
2023-11-16 11:11:01,10,13,5373,10150
2023-11-16 11:11:02,10,12,5373,10150
2023-11-16 11:11:08,9,12,5373,10150
2023-11-16 11:11:15,10,12,5373,10150
2023-11-16 11:11:21,9,12,5373,10150
2023-11-16 11:11:22,10,12,5373,10150
2023-11-16 11:11:37,10,13,5373,10150
2023-11-16 11:11:37,10,12,5373,10150
2023-11-16 11:11:42,9,12,5373,10150
2023-11-16 11:11:43,10,12,5373,10150
2023-11-16 11:11:56,11,12,5373,10150
2023-11-16 11:11:56,11,13,5373,10150
2023-11-16 11:12:04,10,13,5373,10150
2023-11-16 11:12:04,10,12,5373,10150
2023-11-16 11:12:07,11,12,5373,10150
2023-11-16 11:12:10,11,13,5373,10150
2023-11-16 11:12:12,10,13,5373,10150
2023-11-16 11:12:12,10,12,5373,10150
2023-11-16 11:12:21,11,12,5373,10150
2023-11-16 11:12:22,11,13,5373,10150
2023-11-16 11:12:23,11,14,5373,10150
2023-11-16 11:12:23,11,13,5373,10150
2023-11-16 11:12:35,11,14,5373,10150
2023-11-16 11:12:35,11,13,5373,10150
2023-11-16 11:12:38,12,13,5373,10150
2023-11-16 11:12:54,13,14,5219,10315
2023-11-16 11:12:55,14,15,5076,10458
2023-11-16 11:12:55,14,17,5076,10658
2023-11-16 11:12:55,14,15,5076,10852
2023-11-16 11:12:55,14,17,5076,10852
2023-11-16 11:12:56,13,17,5076,10852
2023-11-16 11:12:56,14,16,5076,10852
2023-11-16 11:12:56,15,16,5076,10852
2023-11-16 11:12:57,15,17,5076,10852
2023-11-16 11:12:57,14,17,4876,11052
2023-11-16 11:13:03,14,17,4756,11452
2023-11-16 11:13:03,14,16,4756,11452
2023-11-16 11:13:10,15,16,4756,11452
2023-11-16 11:13:10,15,16,4756,11452
2023-11-16 11:13:14,14,16,4756,11452
2023-11-16 11:13:15,15,16,4756,11452
2023-11-16 11:13:15,14,15,4756,11652
2023-11-16 11:13:20,14,15,4396,12012
2023-11-16 11:13:29,13,15,4396,12012
2023-11-16 11:13:30,13,14,4396,12012
2023-11-16 11:13:40,12,14,4396,12012
2023-11-16 11:13:40,12,13,4396,12012
2023-11-16 11:13:49,11,13,4396,12012
2023-11-16 11:13:49,12,13,4396,12012
2023-11-16 11:13:49,11,12,4396,12621
2023-11-16 11:14:00,10,12,4396,13221
2023-11-16 11:14:14,10,11,4396,13221
2023-11-16 11:14:15,9,11,4396,13221
2023-11-16 11:14:24,9,11,4396,13652
2023-11-16 11:14:31,9,10,4396,13652
2023-11-16 11:14:36,8,10,4396,13652
2023-11-16 11:14:38,8,9,4396,13652
2023-11-16 11:15:17,7,9,4396,13652
2023-11-16 11:15:43,7,10,4396,13652
2023-11-16 11:15:54,8,11,4396,13652
2023-11-16 11:15:55,9,11,4396,13652
2023-11-16 11:16:15,10,11,4396,13652
2023-11-16 11:16:17,10,12,4396,13852
2023-11-16 11:16:42,11,12,4396,13852
2023-11-16 11:16:53,12,13,4396,13852
2023-11-16 11:16:53,12,14,4396,13852
2023-11-16 11:17:10,13,14,4396,13852
2023-11-16 11:17:10,12,14,4396,13852
2023-11-16 11:17:14,13,14,4396,13852
2023-11-16 11:17:16,12,14,4396,13852
2023-11-16 11:17:19,13,14,4396,13852
2023-11-16 11:17:33,13,15,4396,13852
2023-11-16 11:17:33,13,16,4396,13852
2023-11-16 11:17:37,14,16,4396,13852
2023-11-16 11:17:49,14,17,4396,13852
2023-11-16 11:17:49,15,17,4396,13852
2023-11-16 11:17:50,14,17,4396,13852
2023-11-16 11:17:50,15,17,4396,13852
2023-11-16 11:17:51,15,16,4396,13852
2023-11-16 11:18:03,14,16,4396,13852
2023-11-16 11:18:03,14,15,4396,13852
2023-11-16 11:18:16,14,16,4396,13852
2023-11-16 11:18:16,14,16,4396,13852
2023-11-16 11:18:28,14,15,4396,13852
2023-11-16 11:18:48,12,15,4396,13852
2023-11-16 11:18:48,12,14,4396,13852
2023-11-16 11:18:49,12,15,4396,13852
2023-11-16 11:18:49,12,14,4396,13852
2023-11-16 11:18:49,12,13,4396,13852
2023-11-16 11:18:51,11,13,4396,13852
2023-11-16 11:19:02,11,14,4396,13852
2023-11-16 11:19:02,12,14,4396,13852
2023-11-16 11:19:02,12,15,4396,13852
2023-11-16 11:19:03,13,15,4396,13852
2023-11-16 11:19:03,13,16,4396,13852
2023-11-16 11:19:03,13,14,4396,13852
2023-11-16 11:19:03,13,16,4396,13852
2023-11-16 11:19:03,13,15,4396,13852
2023-11-16 11:19:04,13,16,4396,13852
2023-11-16 11:19:06,13,15,4396,13852
2023-11-16 11:19:40,13,15,4396,14102
2023-11-16 11:19:42,13,16,4396,14483
2023-11-16 11:19:44,13,17,4396,14483
2023-11-16 11:19:45,13,16,4396,14483
2023-11-16 11:20:09,13,15,4396,14483
2023-11-16 11:20:12,13,16,4396,14483
2023-11-16 11:20:26,13,15,4396,14483
2023-11-16 11:20:27,13,16,4396,14483
2023-11-16 11:20:28,13,15,4396,14483
2023-11-16 11:20:30,13,16,4396,14483
2023-11-16 11:20:42,13,15,4396,14483
2023-11-16 11:20:48,13,16,4396,14483
2023-11-16 11:20:51,13,15,4396,14483
2023-11-16 11:21:17,13,16,4396,14483
2023-11-16 11:21:18,13,15,4396,14483
2023-11-16 11:21:20,13,16,4396,14483
2023-11-16 11:21:22,13,15,4396,14483
2023-11-16 11:21:23,13,16,4396,14483
2023-11-16 11:21:24,13,15,4396,14483
2023-11-16 11:21:39,13,16,4396,14483
2023-11-16 11:21:40,13,15,4396,14483
2023-11-16 11:21:49,13,16,4396,14483
2023-11-16 11:22:00,13,15,4396,14483
2023-11-16 11:22:02,13,16,4396,14483
2023-11-16 11:22:03,13,15,4396,14483
2023-11-16 11:22:27,13,16,4396,14483
2023-11-16 11:22:42,14,16,4396,14483
2023-11-16 11:22:45,14,17,4396,14483
2023-11-16 11:22:47,14,16,4396,14483
2023-11-16 11:22:47,14,17,4396,14483
2023-11-16 11:23:22,15,17,4396,14483
2023-11-16 11:23:25,14,17,4396,14483
2023-11-16 11:23:26,15,17,4396,14483
2023-11-16 11:23:27,14,17,4396,14483
2023-11-16 11:23:29,15,17,4396,14483
2023-11-16 11:23:31,14,17,4396,14483
2023-11-16 11:23:34,15,17,4396,14483
2023-11-16 11:23:39,14,17,4396,14483
2023-11-16 11:24:20,14,16,4396,14483
2023-11-16 11:24:23,14,17,4396,14483
2023-11-16 11:24:45,15,17,4396,14483
2023-11-16 11:24:47,15,17,4396,14733
2023-11-16 11:24:49,15,18,4396,14883
2023-11-16 11:24:50,16,18,4396,14883
2023-11-16 11:25:02,16,17,4396,14883
2023-11-16 11:25:08,16,18,4396,14883
2023-11-16 11:25:09,16,17,4396,14883
2023-11-16 11:25:11,16,18,4396,14883
2023-11-16 11:25:12,16,17,4396,14883
2023-11-16 11:25:14,16,18,4396,14883
2023-11-16 11:25:16,16,17,4396,14883
2023-11-16 11:25:18,16,18,4396,14883
2023-11-16 11:25:19,16,17,4396,14883
2023-11-16 11:25:21,16,18,4396,14883
2023-11-16 11:25:22,16,17,4396,14883
2023-11-16 11:25:28,16,18,4396,14883
2023-11-16 11:25:29,16,17,4396,14883
2023-11-16 11:25:30,15,17,4396,14883
2023-11-16 11:25:32,15,18,4396,14883
2023-11-16 11:25:32,15,17,4396,14883
2023-11-16 11:25:38,15,18,4396,14883
2023-11-16 11:25:38,15,17,4396,14883
2023-11-16 11:25:40,15,18,4396,14883
2023-11-16 11:25:41,15,17,4396,14883
2023-11-16 11:26:01,15,18,4396,14883
2023-11-16 11:26:01,15,17,4396,14883
2023-11-16 11:26:35,15,18,4396,14883
2023-11-16 11:26:35,15,17,4396,14883
2023-11-16 11:26:46,15,18,4396,14883
2023-11-16 11:26:46,15,17,4396,14883
2023-11-16 11:27:19,15,18,4396,14883
2023-11-16 11:27:19,15,17,4396,14883
2023-11-16 11:27:32,15,16,4396,14883
2023-11-16 11:27:33,14,16,4396,14883
2023-11-16 11:27:46,14,17,4396,14883
2023-11-16 11:27:46,14,16,4396,14883
2023-11-16 11:27:47,14,17,4396,14883
2023-11-16 11:27:47,14,16,4396,14883
2023-11-16 11:27:57,14,17,4396,14883
2023-11-16 11:27:58,14,16,4396,14883
2023-11-16 11:28:17,15,16,4396,14883
2023-11-16 11:28:30,15,17,4396,14883
2023-11-16 11:28:32,15,18,4396,14883
2023-11-16 11:28:52,16,18,4396,14883
2023-11-16 11:29:00,16,17,4396,14883
2023-11-16 11:29:31,16,18,4396,15055
2023-11-16 11:29:31,16,17,4396,15055
2023-11-16 11:29:32,16,18,4396,15162
2023-11-16 11:29:32,16,17,4396,15162
2023-11-16 11:29:34,16,18,4396,15269
2023-11-16 11:29:34,16,17,4396,15269
2023-11-16 11:29:35,16,18,4396,15269
2023-11-16 11:29:37,17,18,4396,15269
2023-11-16 11:29:37,17,18,4396,15519
2023-11-16 11:29:37,17,20,4396,15519
2023-11-16 11:29:37,17,19,4396,15519
2023-11-16 11:29:38,17,18,4396,15519
2023-11-16 11:29:40,17,19,4396,15519
2023-11-16 11:29:42,17,18,4396,15519
2023-11-16 11:29:47,17,19,4396,15519
2023-11-16 11:29:48,17,18,4396,15519
2023-11-16 11:29:49,17,19,4396,15519
2023-11-16 11:29:49,17,18,4396,15519
2023-11-16 11:29:50,17,19,4396,15519
2023-11-16 11:29:51,17,20,4396,15519
2023-11-16 11:29:51,17,19,4396,15519
2023-11-16 11:29:53,17,18,4396,15519
2023-11-16 11:30:06,17,19,4396,15519
2023-11-16 11:30:06,17,18,4396,15519
2023-11-16 11:30:13,17,18,4396,15769
2023-11-16 11:30:13,17,19,4396,15769
2023-11-16 11:30:13,17,18,4396,15769
2023-11-16 11:30:15,17,19,4396,15769
2023-11-16 11:30:20,17,20,4396,15769
2023-11-16 11:30:25,17,19,4396,15769
2023-11-16 11:30:32,18,19,4396,15769
2023-11-16 11:30:32,18,20,4396,15871
2023-11-16 11:30:48,18,19,4396,15871
2023-11-16 11:30:48,18,20,4396,15871
2023-11-16 11:31:05,18,19,4396,15871
2023-11-16 11:31:10,17,20,4396,15871
2023-11-16 11:31:11,17,19,4396,15871
2023-11-16 11:31:23,17,18,4396,15871
2023-11-16 11:31:23,17,19,4413,16042
2023-11-16 11:31:28,17,18,4413,16042
2023-11-16 11:31:36,16,18,4413,16042
2023-11-16 11:31:42,15,18,4413,16042
2023-11-16 11:31:46,15,17,4413,16042
2023-11-16 11:32:00,14,17,4413,16042
2023-11-16 11:32:02,14,16,4413,16042
2023-11-16 11:32:08,14,15,4413,16042
2023-11-16 11:32:09,13,15,4413,16042
2023-11-16 11:32:20,13,16,4413,16042
2023-11-16 11:32:21,14,16,4413,16042
2023-11-16 11:32:21,14,15,4413,16042
2023-11-16 11:32:23,14,16,4413,16042
2023-11-16 11:32:29,14,17,4413,16042
2023-11-16 11:32:30,14,16,4413,16042
2023-11-16 11:32:31,14,17,4413,16042
2023-11-16 11:32:43,14,16,4413,16042
2023-11-16 11:32:45,15,16,4413,16042
2023-11-16 11:32:45,14,16,4413,16042
2023-11-16 11:32:46,15,16,4413,16042
2023-11-16 11:32:51,15,17,4528,16157
2023-11-16 11:32:52,15,16,4528,16157
2023-11-16 11:32:52,15,17,4528,16157
2023-11-16 11:32:58,15,16,4528,16157
2023-11-16 11:32:59,15,17,4528,16157
2023-11-16 11:32:59,14,17,4528,16157
2023-11-16 11:32:59,15,17,4528,16157
2023-11-16 11:33:05,15,18,4528,16157
2023-11-16 11:33:05,15,17,4528,16157
2023-11-16 11:33:14,15,18,4528,16157
2023-11-16 11:33:14,15,17,4528,16157
2023-11-16 11:33:22,15,16,4528,16157
2023-11-16 11:33:26,14,16,4528,16157
2023-11-16 11:33:26,14,17,4528,16157
2023-11-16 11:33:27,15,17,4528,16157
2023-11-16 11:33:27,15,16,4528,16157
2023-11-16 11:33:27,15,17,4659,16288
2023-11-16 11:33:35,16,17,4659,16288
2023-11-16 11:33:38,16,18,4659,16288
2023-11-16 11:33:50,16,19,4659,16288
2023-11-16 11:33:53,16,18,4659,16288
2023-11-16 11:33:54,16,19,4659,16288
2023-11-16 11:33:55,16,18,4659,16288
2023-11-16 11:34:13,15,18,4659,16288
2023-11-16 11:34:13,15,17,4659,16288
2023-11-16 11:34:14,14,17,4659,16288
2023-11-16 11:34:21,14,16,4659,16288
2023-11-16 11:34:25,14,17,4659,16288
2023-11-16 11:34:29,14,16,4659,16288
2023-11-16 11:34:30,14,17,4659,16288
2023-11-16 11:34:30,14,16,4659,16288
2023-11-16 11:34:31,15,16,4659,16288
2023-11-16 11:34:34,14,16,4659,16288
2023-11-16 11:34:35,15,16,4659,16288
2023-11-16 11:34:36,14,16,4659,16288
2023-11-16 11:35:13,14,17,4659,16288
2023-11-16 11:35:13,15,17,4659,16288
2023-11-16 11:35:14,15,16,4659,16288
2023-11-16 11:35:14,14,16,4659,16288
2023-11-16 11:35:18,15,16,4659,16288
2023-11-16 11:35:18,15,17,4659,16288
2023-11-16 11:35:25,15,18,4659,16288
2023-11-16 11:35:28,15,17,4659,16288
2023-11-16 11:35:38,15,18,4659,16288
2023-11-16 11:35:40,16,19,4659,16288
2023-11-16 11:35:48,16,20,4659,16288
2023-11-16 11:35:48,17,20,4659,16288
2023-11-16 11:36:00,18,20,4659,16288
2023-11-16 11:36:01,17,20,4659,16288
2023-11-16 11:36:02,18,20,4659,16288
2023-11-16 11:36:03,17,20,4659,16288
2023-11-16 11:36:04,18,20,4659,16288
2023-11-16 11:36:05,18,19,4659,16288
2023-11-16 11:36:06,17,19,4659,16288
2023-11-16 11:36:07,18,19,4659,16288
2023-11-16 11:36:10,18,20,4659,16288
2023-11-16 11:36:10,17,20,4659,16288
2023-11-16 11:36:12,17,19,4659,16288
2023-11-16 11:36:19,17,20,4659,16288
2023-11-16 11:36:19,17,19,4659,16288
2023-11-16 11:36:21,17,19,4674,16303
2023-11-16 11:36:21,18,19,4674,16303
2023-11-16 11:36:22,17,19,4674,16303
2023-11-16 11:36:22,18,20,4674,16303
2023-11-16 11:36:22,18,19,4674,16303
2023-11-16 11:36:23,18,20,4674,16303
2023-11-16 11:36:26,18,19,4674,16303
2023-11-16 11:36:30,17,19,4674,16303
2023-11-16 11:36:32,17,20,4674,16303
2023-11-16 11:36:33,18,20,4674,16303
2023-11-16 11:36:33,18,19,4674,16303
2023-11-16 11:36:34,18,20,4787,16416
2023-11-16 11:36:34,18,19,4787,16416
2023-11-16 11:36:35,18,20,4787,16416
2023-11-16 11:36:42,18,21,4787,16416
2023-11-16 11:36:42,18,20,4787,16416
2023-11-16 11:36:54,17,20,4787,16416
2023-11-16 11:36:54,17,19,4787,16416
2023-11-16 11:37:11,17,18,4787,16416
2023-11-16 11:37:17,17,19,4787,16416
2023-11-16 11:37:17,17,18,4787,16416
2023-11-16 11:37:17,17,19,4787,16416
2023-11-16 11:37:17,17,18,4787,16416
2023-11-16 11:37:31,16,18,4787,16416
2023-11-16 11:37:39,16,17,4787,16416
2023-11-16 11:37:47,16,18,4937,16566
2023-11-16 11:37:48,16,17,4937,16566
2023-11-16 11:37:48,16,18,4937,16566
2023-11-16 11:37:51,16,19,4937,16566
2023-11-16 11:37:54,17,19,4937,16566
2023-11-16 11:37:58,17,20,4937,16566
2023-11-16 11:38:02,18,20,4937,16566
2023-11-16 11:38:02,18,20,5117,16746
2023-11-16 11:38:02,18,21,5117,16746
2023-11-16 11:38:07,19,21,5117,16746
2023-11-16 11:38:33,20,21,5117,16746
2023-11-16 11:38:34,19,21,5117,16746
2023-11-16 11:38:39,20,21,5117,16746
2023-11-16 11:38:49,19,21,5117,16746
2023-11-16 11:38:50,20,21,5117,16746
2023-11-16 11:38:51,19,21,5117,16746
2023-11-16 11:38:59,18,21,5117,16746
2023-11-16 11:39:05,19,21,5117,16746
2023-11-16 11:39:05,18,21,5117,16746
2023-11-16 11:39:09,19,21,5117,16746
2023-11-16 11:39:09,19,20,5117,16746
2023-11-16 11:39:09,18,20,5117,16746
2023-11-16 11:39:10,19,20,5117,16746
2023-11-16 11:39:12,18,20,5117,16746
2023-11-16 11:39:21,17,20,5117,16746
2023-11-16 11:39:29,17,19,5117,16746
2023-11-16 11:39:30,17,20,5117,16746
2023-11-16 11:39:31,17,19,5117,16746
2023-11-16 11:39:46,16,19,5117,16746
2023-11-16 11:39:46,17,19,5117,16746
2023-11-16 11:39:47,17,18,5117,16746
2023-11-16 11:39:47,16,18,5117,16746
2023-11-16 11:39:51,16,19,5117,16746
2023-11-16 11:39:51,17,19,5117,16746
2023-11-16 11:40:01,17,18,5117,16746
2023-11-16 11:40:03,16,18,5117,16746
2023-11-16 11:40:12,15,18,5117,16746
2023-11-16 11:40:16,16,18,5117,16746
2023-11-16 11:40:17,15,18,5117,16746
2023-11-16 11:40:17,16,18,5117,16746
2023-11-16 11:40:21,15,18,5117,16746
2023-11-16 11:40:22,15,17,5117,16746
2023-11-16 11:40:26,16,18,5117,16746
2023-11-16 11:40:31,16,17,5117,16746
2023-11-16 11:40:32,15,17,5117,16746
2023-11-16 11:41:00,15,16,5117,16746
2023-11-16 11:41:01,15,17,5117,16746
2023-11-16 11:41:10,15,16,5117,16746
2023-11-16 11:41:15,14,16,5117,16746
2023-11-16 11:41:35,14,15,5117,16746
2023-11-16 11:41:43,13,15,5117,16746
2023-11-16 11:41:43,14,15,5117,16746
2023-11-16 11:41:46,13,15,5117,16746
2023-11-16 11:41:48,14,15,5117,16746
2023-11-16 11:41:59,13,15,5117,16746
2023-11-16 11:41:59,14,15,5117,16746
2023-11-16 11:42:14,14,16,5117,16946
2023-11-16 11:42:15,15,16,5117,16946
2023-11-16 11:42:15,14,16,5117,17089
2023-11-16 11:42:18,15,16,5117,17089
2023-11-16 11:42:18,15,16,5117,17126
2023-11-16 11:42:19,14,16,5117,17126
2023-11-16 11:42:24,15,16,5117,17126
2023-11-16 11:42:26,15,17,5117,17126
2023-11-16 11:42:26,14,17,5117,17126
2023-11-16 11:42:26,15,17,5117,17126
2023-11-16 11:42:31,14,17,5117,17126
2023-11-16 11:42:31,14,16,5117,17126
2023-11-16 11:42:31,15,16,5117,17126
2023-11-16 11:42:32,15,17,5117,17126
2023-11-16 11:42:44,15,18,5117,17126
2023-11-16 11:42:46,15,17,5117,17126
2023-11-16 11:42:52,16,17,5117,17126
2023-11-16 11:42:52,15,17,5117,17126
2023-11-16 11:42:56,16,17,5117,17126
2023-11-16 11:42:58,16,18,5117,17126
2023-11-16 11:43:06,16,19,5117,17126
2023-11-16 11:43:14,16,18,5117,17126
2023-11-16 11:43:14,16,19,5117,17126
2023-11-16 11:43:15,17,19,5117,17126
2023-11-16 11:43:21,17,18,5117,17126
2023-11-16 11:43:30,16,19,5117,17126
2023-11-16 11:43:31,17,19,5117,17126
2023-11-16 11:43:44,17,18,5117,17126
2023-11-16 11:43:46,16,18,5117,17126
2023-11-16 11:43:46,16,19,5117,17126
2023-11-16 11:43:46,16,18,5117,17126
2023-11-16 11:43:46,17,18,5117,17126
2023-11-16 11:43:49,17,19,5117,17126
2023-11-16 11:44:19,17,18,5117,17126
2023-11-16 11:44:20,17,19,5117,17126
2023-11-16 11:44:23,17,18,5117,17126
2023-11-16 11:44:24,17,19,5117,17126
2023-11-16 11:44:26,17,18,5117,17126
2023-11-16 11:44:27,16,18,5117,17126
2023-11-16 11:44:31,17,18,5117,17126
2023-11-16 11:44:34,17,19,5257,17266
2023-11-16 11:44:34,17,18,5257,17266
2023-11-16 11:44:35,17,19,5257,17266
2023-11-16 11:44:45,17,18,5257,17266
2023-11-16 11:44:45,16,18,5257,17266
2023-11-16 11:44:52,15,18,5257,17266
2023-11-16 11:45:02,15,17,5257,17266
2023-11-16 11:45:20,15,16,5257,17266
2023-11-16 11:45:20,14,16,5257,17266
2023-11-16 11:45:33,15,16,5257,17266
2023-11-16 11:45:35,14,16,5257,17266
2023-11-16 11:45:36,15,16,5257,17266
2023-11-16 11:45:41,14,16,5257,17266
2023-11-16 11:45:43,15,16,5257,17266
2023-11-16 11:45:44,14,16,5257,17266
2023-11-16 11:45:46,15,16,5257,17266
2023-11-16 11:45:48,14,16,5257,17266
2023-11-16 11:46:01,14,15,5257,17266
2023-11-16 11:46:04,13,15,5257,17266
2023-11-16 11:46:06,13,14,5257,17266
2023-11-16 11:46:10,12,14,5257,17266
2023-11-16 11:46:21,13,14,5257,17266
2023-11-16 11:46:33,13,15,5257,17466
2023-11-16 11:47:01,12,15,5257,17466
2023-11-16 11:47:01,13,15,5257,17466
2023-11-16 11:47:06,13,14,5257,17466
2023-11-16 11:47:07,13,15,5257,17466
2023-11-16 11:47:07,13,15,5207,17516
2023-11-16 11:47:21,12,15,5207,17516
2023-11-16 11:47:21,13,15,5207,17516
2023-11-16 11:47:27,13,14,5207,17516
2023-11-16 11:47:31,12,14,5207,17516
2023-11-16 11:47:31,12,15,5207,17516
2023-11-16 11:47:31,13,15,5207,17516
2023-11-16 11:47:32,13,14,5207,17516
2023-11-16 11:47:40,12,14,5207,17516
2023-11-16 11:47:43,12,13,5207,17516
2023-11-16 11:47:53,12,14,5207,17516
2023-11-16 11:48:25,12,13,5207,17516
2023-11-16 11:48:30,12,13,5207,17643
2023-11-16 11:48:31,11,13,5207,17643
2023-11-16 11:48:50,11,13,5358,17794
2023-11-16 11:48:51,11,12,5358,17794
2023-11-16 11:48:53,10,12,5358,17794
2023-11-16 11:49:07,11,12,5358,17794
2023-11-16 11:49:07,10,12,5358,17906
2023-11-16 11:49:07,11,12,5358,17906
2023-11-16 11:49:09,11,12,5358,17964
2023-11-16 11:49:13,11,12,5358,18072
2023-11-16 11:49:18,10,12,5358,18092
2023-11-16 11:49:18,11,12,5358,18092
2023-11-16 11:49:20,11,12,5372,18132
2023-11-16 11:49:26,10,12,5372,18132
2023-11-16 11:49:26,11,12,5372,18132
2023-11-16 11:49:39,11,13,5372,18132
2023-11-16 11:49:41,10,13,5372,18132
2023-11-16 11:49:41,11,13,5372,18132
2023-11-16 11:49:42,11,12,5372,18132
2023-11-16 11:49:52,10,12,5372,18132
2023-11-16 11:49:52,11,12,5372,18132
2023-11-16 11:49:55,10,12,5372,18132
2023-11-16 11:49:56,11,12,5372,18132
2023-11-16 11:49:57,10,12,5372,18132
2023-11-16 11:49:57,11,12,5372,18132
2023-11-16 11:49:58,10,12,5372,18132
2023-11-16 11:50:06,11,12,5372,18132
2023-11-16 11:50:07,10,12,5372,18132
2023-11-16 11:50:08,11,12,5372,18132
2023-11-16 11:50:09,10,12,5372,18132
2023-11-16 11:50:12,11,12,5372,18132
2023-11-16 11:50:13,10,12,5372,18132
2023-11-16 11:50:14,11,12,5372,18132
2023-11-16 11:50:25,11,13,5372,18132
2023-11-16 11:50:28,11,12,5372,18132
2023-11-16 11:50:29,11,13,5372,18132
2023-11-16 11:50:34,10,13,5372,18132
2023-11-16 11:50:34,11,13,5372,18132
2023-11-16 11:50:43,11,12,5372,18132
2023-11-16 11:50:44,11,12,5372,18332
2023-11-16 11:50:44,10,12,5372,18332
2023-11-16 11:50:53,9,12,5372,18332
2023-11-16 11:50:53,9,11,5372,18332
2023-11-16 11:51:02,9,10,5372,18332
2023-11-16 11:51:07,9,11,5372,18332
2023-11-16 11:51:12,9,10,5372,18332
2023-11-16 11:51:14,9,11,5372,18332
2023-11-16 11:51:14,9,10,5372,18332
2023-11-16 11:51:15,9,11,5372,18332
2023-11-16 11:51:28,9,10,5372,18332
2023-11-16 11:51:46,9,11,5372,18332
2023-11-16 11:51:52,9,10,5372,18332
2023-11-16 11:51:53,9,11,5372,18332
2023-11-16 11:53:06,10,11,5372,18332
2023-11-16 11:53:10,10,12,5372,18332
2023-11-16 11:53:29,11,12,5372,18332
2023-11-16 11:53:31,10,12,5372,18332
2023-11-16 11:53:33,10,12,5372,18367
2023-11-16 11:53:33,11,12,5372,18367
2023-11-16 11:53:34,10,12,5372,18367
2023-11-16 11:53:35,11,12,5372,18367
2023-11-16 11:53:54,11,13,5372,18367
2023-11-16 11:54:00,10,13,5372,18367
2023-11-16 11:54:00,11,13,5372,18367
2023-11-16 11:54:02,11,12,5372,18367
2023-11-16 11:54:07,10,12,5372,18367
2023-11-16 11:54:07,10,13,5372,18367
2023-11-16 11:54:08,10,12,5372,18367
2023-11-16 11:54:08,11,12,5372,18367
2023-11-16 11:54:09,10,12,5372,18367
2023-11-16 11:54:27,11,12,5372,18367
2023-11-16 11:54:32,10,12,5372,18367
2023-11-16 11:54:42,11,12,5372,18367
2023-11-16 11:54:42,11,13,5372,18367
2023-11-16 11:54:42,11,12,5372,18367
2023-11-16 11:54:44,11,13,5372,18367
2023-11-16 11:54:51,10,13,5372,18367
2023-11-16 11:54:53,11,13,5372,18367
2023-11-16 11:54:58,10,13,5372,18367
2023-11-16 11:54:59,11,13,5372,18367
2023-11-16 11:55:25,11,14,5372,18367
2023-11-16 11:55:25,11,13,5372,18367
2023-11-16 11:55:26,12,13,5372,18367
2023-11-16 11:55:27,11,13,5372,18367
2023-11-16 11:55:40,10,13,5372,18367
2023-11-16 11:55:40,11,13,5372,18367
2023-11-16 11:55:41,10,13,5372,18367
2023-11-16 11:55:49,11,13,5372,18367
2023-11-16 11:55:50,11,12,5372,18367
2023-11-16 11:55:55,11,13,5372,18367
2023-11-16 11:55:58,11,12,5372,18367
2023-11-16 11:56:00,11,13,5372,18367
2023-11-16 11:56:01,11,12,5372,18367
2023-11-16 11:56:07,11,13,5372,18367
2023-11-16 11:56:07,10,13,5372,18367
2023-11-16 11:56:07,10,12,5372,18367
2023-11-16 11:56:07,11,12,5372,18367
2023-11-16 11:56:18,10,12,5372,18367
2023-11-16 11:56:18,10,13,5372,18367
2023-11-16 11:56:18,10,12,5372,18367
2023-11-16 11:56:18,11,12,5372,18367
2023-11-16 11:56:19,11,13,5372,18367
2023-11-16 11:56:25,11,12,5372,18367
2023-11-16 11:56:25,10,12,5372,18367
2023-11-16 11:56:40,10,13,5372,18367
2023-11-16 11:56:40,11,13,5372,18367
2023-11-16 11:56:48,10,13,5372,18367
2023-11-16 11:56:49,10,12,5372,18367
2023-11-16 11:56:56,10,13,5372,18367
2023-11-16 11:56:56,10,12,5372,18367
2023-11-16 11:57:08,9,12,5372,18367
2023-11-16 11:57:08,10,12,5372,18367
2023-11-16 11:57:22,10,11,5372,18367
2023-11-16 11:57:28,9,11,5372,18367
2023-11-16 11:58:09,10,11,5372,18367
2023-11-16 11:58:17,9,11,5372,18367
2023-11-16 11:58:18,10,11,5372,18367
2023-11-16 11:58:27,10,12,5372,18367
2023-11-16 11:58:30,9,12,5372,18367
2023-11-16 11:58:30,10,12,5372,18367
2023-11-16 11:58:41,9,12,5372,18367
2023-11-16 11:58:41,10,12,5372,18367
2023-11-16 11:58:44,9,12,5372,18367
2023-11-16 11:58:44,10,12,5372,18367
2023-11-16 11:58:50,11,12,5372,18367
2023-11-16 11:59:02,10,12,5372,18367
2023-11-16 11:59:16,9,12,5372,18367
2023-11-16 11:59:16,10,12,5372,18367
2023-11-16 11:59:57,10,11,5372,18367
2023-11-16 12:00:01,9,11,5372,18367
2023-11-16 12:00:08,10,11,5372,18367
2023-11-16 12:00:44,9,11,5372,18367
2023-11-16 12:00:44,10,11,5372,18367
2023-11-16 12:00:59,9,11,5372,18367
2023-11-16 12:00:59,10,11,5372,18367
2023-11-16 12:01:00,10,12,5372,18367
2023-11-16 12:01:09,10,11,5372,18367
2023-11-16 12:01:11,9,11,5372,18367
2023-11-16 12:01:11,10,11,5372,18367
2023-11-16 12:01:34,9,11,5372,18367
2023-11-16 12:01:38,9,10,5372,18367
2023-11-16 12:01:39,8,10,5372,18367
2023-11-16 12:01:40,8,9,5372,18367
2023-11-16 12:01:41,7,9,5372,18367
2023-11-16 12:01:52,8,9,5372,18367
2023-11-16 12:01:52,7,9,5372,18367
2023-11-16 12:01:52,8,9,5372,18367
2023-11-16 12:01:53,7,9,5372,18367
2023-11-16 12:01:55,8,9,5372,18367
2023-11-16 12:02:01,7,9,5372,18367
2023-11-16 12:02:01,8,9,5372,18367
2023-11-16 12:02:07,8,10,5372,18367
2023-11-16 12:02:09,8,11,5372,18367
2023-11-16 12:02:14,9,11,5372,18367
2023-11-16 12:02:28,10,11,5372,18367
2023-11-16 12:02:34,9,11,5372,18367
2023-11-16 12:02:34,10,11,5372,18367
2023-11-16 12:02:44,9,11,5372,18367
2023-11-16 12:02:44,10,11,5372,18367
2023-11-16 12:02:53,9,11,5372,18367
2023-11-16 12:02:57,8,11,5372,18367
2023-11-16 12:02:57,9,11,5372,18367
2023-11-16 12:02:58,10,11,5372,18367
2023-11-16 12:03:03,9,11,5372,18367
2023-11-16 12:03:12,9,10,5372,18367
2023-11-16 12:03:14,8,10,5372,18367
2023-11-16 12:03:16,8,11,5372,18367
2023-11-16 12:03:16,9,11,5372,18367
2023-11-16 12:03:49,9,10,5372,18367
2023-11-16 12:03:49,8,10,5372,18367
2023-11-16 12:04:08,9,10,5372,18367
2023-11-16 12:04:16,8,10,5372,18367
2023-11-16 12:04:18,9,10,5372,18367
2023-11-16 12:04:18,8,10,5372,18367
2023-11-16 12:04:19,9,10,5372,18367
2023-11-16 12:04:20,8,10,5372,18367
2023-11-16 12:04:48,9,10,5372,18367
2023-11-16 12:04:52,9,11,5372,18367
2023-11-16 12:05:02,9,10,5372,18367
2023-11-16 12:05:04,9,11,5372,18367
2023-11-16 12:05:06,9,10,5372,18367
2023-11-16 12:05:11,8,10,5372,18367
2023-11-16 12:05:11,9,10,5372,18367
2023-11-16 12:05:12,9,11,5372,18367
2023-11-16 12:05:24,9,10,5372,18367
2023-11-16 12:05:28,8,10,5372,18367
2023-11-16 12:05:31,7,10,5372,18367
2023-11-16 12:05:31,8,10,5372,18367
2023-11-16 12:05:32,9,10,5372,18367
2023-11-16 12:05:34,8,10,5372,18367
2023-11-16 12:05:39,7,10,5372,18367
2023-11-16 12:05:39,8,10,5372,18367
2023-11-16 12:05:55,7,10,5372,18367
2023-11-16 12:05:55,8,10,5372,18367
2023-11-16 12:05:59,7,10,5372,18367
2023-11-16 12:06:16,7,8,5372,18367
2023-11-16 12:06:33,6,8,5372,18367
2023-11-16 12:07:06,7,8,5372,18367
2023-11-16 12:07:08,6,8,5372,18367
2023-11-16 12:07:11,7,8,5372,18367
2023-11-16 12:07:19,7,9,5561,18567
2023-11-16 12:07:23,6,9,5561,18567
2023-11-16 12:07:23,7,9,5561,18567
2023-11-16 12:07:27,6,9,5561,18567
2023-11-16 12:07:27,7,9,5561,18567
2023-11-16 12:07:30,7,8,5561,18567
2023-11-16 12:07:37,6,8,5561,18567
2023-11-16 12:07:37,7,8,5561,18567
2023-11-16 12:07:38,6,8,5561,18567
2023-11-16 12:07:49,6,8,5526,18602
2023-11-16 12:07:53,7,8,5526,18602
2023-11-16 12:07:55,7,9,5526,18602
2023-11-16 12:08:12,7,8,5526,18602
2023-11-16 12:08:16,6,8,5526,18602
2023-11-16 12:08:17,7,8,5526,18602
2023-11-16 12:08:23,7,9,5526,18602
2023-11-16 12:08:23,6,8,5526,18602
2023-11-16 12:08:25,6,9,5526,18602
2023-11-16 12:08:25,6,8,5526,18602
2023-11-16 12:08:29,7,8,5526,18602
2023-11-16 12:08:33,7,9,5526,18602
2023-11-16 12:08:35,6,9,5526,18602
2023-11-16 12:08:35,7,9,5526,18602
2023-11-16 12:08:35,7,8,5526,18602
2023-11-16 12:08:37,7,9,5526,18602
2023-11-16 12:08:47,6,9,5526,18602
2023-11-16 12:08:47,7,9,5526,18602
2023-11-16 12:08:47,7,8,5526,18602
2023-11-16 12:09:00,7,9,5526,18602
2023-11-16 12:09:03,7,8,5526,18602
2023-11-16 12:09:09,7,9,5526,18602
2023-11-16 12:09:10,7,8,5526,18602
2023-11-16 12:09:19,6,8,5526,18602
2023-11-16 12:09:19,6,9,5526,18602
2023-11-16 12:09:20,6,8,5526,18602
2023-11-16 12:09:52,7,8,5526,18602
2023-11-16 12:09:55,6,8,5526,18602
2023-11-16 12:10:40,7,8,5526,18602
2023-11-16 12:10:41,6,8,5526,18602
2023-11-16 12:11:19,6,7,5526,18602
2023-11-16 12:11:20,6,8,5526,18602
2023-11-16 12:11:25,6,7,5526,18602
2023-11-16 12:11:53,5,7,5526,18602
2023-11-16 12:12:12,6,7,5526,18602
2023-11-16 12:12:17,6,8,5526,18602
2023-11-16 12:12:40,6,7,5526,18602
2023-11-16 12:12:51,5,7,5526,18602
2023-11-16 12:13:25,5,7,5541,18617
2023-11-16 12:13:47,5,8,5541,18617
2023-11-16 12:13:48,5,7,5541,18617
2023-11-16 12:13:49,5,8,5541,18617
2023-11-16 12:13:53,5,7,5541,18617
2023-11-16 12:13:55,5,8,5541,18617
2023-11-16 12:13:57,6,8,5541,18617
2023-11-16 12:14:00,5,8,5541,18617
2023-11-16 12:14:01,6,8,5541,18617
2023-11-16 12:14:09,5,8,5541,18617
2023-11-16 12:14:09,6,8,5541,18617
2023-11-16 12:14:11,6,7,5541,18617
2023-11-16 12:14:15,5,7,5541,18617
2023-11-16 12:14:15,5,8,5541,18617
2023-11-16 12:14:15,5,7,5541,18617
2023-11-16 12:14:15,6,7,5541,18617
2023-11-16 12:14:18,5,7,5541,18617
2023-11-16 12:14:25,6,7,5541,18617
2023-11-16 12:14:30,5,7,5541,18617
2023-11-16 12:14:34,5,8,5541,18617
2023-11-16 12:14:34,5,7,5541,18617
2023-11-16 12:14:41,5,8,5541,18617
2023-11-16 12:14:41,5,7,5541,18617
2023-11-16 12:14:42,6,7,5541,18617
2023-11-16 12:14:43,5,7,5541,18617
2023-11-16 12:14:48,5,8,5541,18617
2023-11-16 12:14:48,5,7,5541,18617
2023-11-16 12:14:56,5,8,5541,18617
2023-11-16 12:14:56,5,7,5541,18617
2023-11-16 12:15:00,6,7,5541,18617
2023-11-16 12:15:17,6,8,5541,18617
2023-11-16 12:15:24,6,7,5541,18617
2023-11-16 12:15:53,6,7,5741,18817
2023-11-16 12:15:57,5,6,5841,18917
2023-11-16 12:16:12,5,7,5841,18917
2023-11-16 12:16:14,5,8,5841,18917
2023-11-16 12:16:15,5,7,5841,18917
2023-11-16 12:16:35,5,6,5841,18917
2023-11-16 12:16:46,5,7,5841,18917
2023-11-16 12:16:46,5,6,5841,18917
2023-11-16 12:16:52,5,7,5841,18917
2023-11-16 12:16:52,5,6,5841,18917
2023-11-16 12:17:07,5,7,5841,18917
2023-11-16 12:17:07,5,6,5841,18917
2023-11-16 12:17:40,5,7,5841,18917
2023-11-16 12:17:40,5,6,5841,18917
2023-11-16 12:17:44,5,7,5841,18917
2023-11-16 12:17:44,5,6,5841,18917
2023-11-16 12:17:46,5,7,5841,18917
2023-11-16 12:17:46,5,6,5841,18917
2023-11-16 12:18:24,5,7,5841,18917
2023-11-16 12:18:24,5,6,5841,18917
2023-11-16 12:18:30,5,7,5841,18917
2023-11-16 12:18:30,5,6,5841,18917
2023-11-16 12:18:37,4,6,5841,18917
2023-11-16 12:18:52,4,5,5841,18917
2023-11-16 12:18:58,4,6,5841,18917
2023-11-16 12:19:16,4,5,5841,18917
2023-11-16 12:19:26,4,6,5841,18917
2023-11-16 12:19:26,4,5,5841,18917
2023-11-16 12:19:29,4,5,5841,19036
2023-11-16 12:19:36,3,5,5841,19036
2023-11-16 12:19:48,4,5,5841,19036
2023-11-16 12:20:56,4,6,5841,19036
2023-11-16 12:21:27,5,6,5841,19036
2023-11-16 12:21:29,4,6,5841,19036
2023-11-16 12:21:29,5,6,5841,19036
2023-11-16 12:21:31,4,6,5841,19036
2023-11-16 12:21:31,5,6,5841,19036
2023-11-16 12:21:32,5,7,5841,19036
2023-11-16 12:21:45,5,6,5841,19036
2023-11-16 12:21:54,5,7,5841,19036
2023-11-16 12:21:55,5,6,5841,19036
2023-11-16 12:22:09,4,6,5841,19036
2023-11-16 12:23:15,4,5,5841,19036
2023-11-16 12:23:54,4,5,5977,19172
2023-11-16 12:25:13,4,6,5977,19172
2023-11-16 12:25:28,4,5,5977,19172
2023-11-16 12:25:44,4,6,5977,19172
2023-11-16 12:25:44,4,5,5977,19172
2023-11-16 12:26:05,4,6,5977,19172
2023-11-16 12:26:05,4,5,5977,19172
2023-11-16 12:26:07,4,6,5977,19172
2023-11-16 12:26:07,4,5,5977,19172
2023-11-16 12:26:11,4,6,5977,19172
2023-11-16 12:26:11,4,5,5977,19172
2023-11-16 12:26:11,4,5,6094,19289
2023-11-16 12:26:19,4,5,6294,19489
2023-11-16 12:26:21,4,5,6490,19685
2023-11-16 12:27:37,4,5,6690,19885
2023-11-16 12:27:46,4,5,6809,20004
2023-11-16 12:27:46,3,5,6809,20004
2023-11-16 12:28:08,3,4,6809,20004
2023-11-16 12:28:09,3,5,6809,20004
2023-11-16 12:28:09,3,4,6809,20004
2023-11-16 12:28:11,3,5,6809,20004
2023-11-16 12:28:17,3,4,6809,20004
2023-11-16 12:32:12,3,4,6809,20149
2023-11-16 12:32:13,3,5,6809,20149
2023-11-16 12:32:13,4,5,6809,20149
2023-11-16 12:32:51,4,6,6809,20149
2023-11-16 12:33:04,4,5,6809,20149
2023-11-16 12:33:04,3,5,6809,20149
2023-11-16 12:33:04,4,5,6809,20149
2023-11-16 12:33:06,4,6,6809,20149
2023-11-16 12:33:10,4,5,6809,20149
2023-11-16 12:33:21,3,5,6809,20149
2023-11-16 12:33:21,3,6,6809,20149
2023-11-16 12:33:21,4,6,6809,20149
2023-11-16 12:33:21,4,5,6809,20149
2023-11-16 12:33:24,3,5,6809,20149
2023-11-16 12:33:24,3,6,6809,20149
2023-11-16 12:33:24,4,6,6809,20149
2023-11-16 12:33:24,4,5,6809,20149
2023-11-16 12:33:26,3,5,6809,20149
2023-11-16 12:33:26,3,6,6809,20149
2023-11-16 12:33:26,4,6,6809,20149
2023-11-16 12:33:26,4,5,6809,20149
2023-11-16 12:33:32,3,5,6809,20149
2023-11-16 12:33:32,4,6,6809,20149
2023-11-16 12:33:42,3,5,6809,20149
2023-11-16 12:34:53,4,5,6809,20149
2023-11-16 12:35:04,3,5,6809,20149
2023-11-16 12:35:05,4,5,6809,20149
2023-11-16 12:35:13,3,5,6809,20149
2023-11-16 12:35:15,4,5,6809,20149
2023-11-16 12:35:21,3,5,6809,20149
2023-11-16 12:35:21,4,5,6809,20149
2023-11-16 12:36:14,3,5,6809,20149
2023-11-16 12:36:15,4,5,6809,20149
2023-11-16 12:36:36,3,5,6809,20149
2023-11-16 12:36:37,4,5,6809,20149
2023-11-16 12:36:49,3,5,6809,20149
2023-11-16 12:36:49,4,5,6809,20149
2023-11-16 12:37:24,3,5,6809,20149
2023-11-16 12:38:01,3,4,6809,20149
2023-11-16 12:39:03,3,4,6809,20261
2023-11-16 12:39:20,2,4,6841,20293
2023-11-16 12:39:39,2,3,6841,20293
2023-11-16 12:41:10,0,3,6841,20293
2023-11-16 12:44:47,1,3,6841,20293
2023-11-16 12:44:50,3,4,7737,21368
2023-11-16 12:44:51,3,4,8090,21721
2023-11-16 12:44:53,3,4,8254,21885
2023-11-16 12:44:53,3,4,8504,22135
2023-11-16 12:44:54,1,4,8662,22293
2023-11-16 12:44:54,1,3,8662,22293
2023-11-16 12:45:07,3,4,9359,22990
2023-11-16 12:45:07,3,4,10186,23817
2023-11-16 12:45:07,1,3,10662,24293
2023-11-16 12:45:07,1,4,10662,24293
2023-11-16 12:45:20,2,4,10662,24293
2023-11-16 12:45:29,2,3,10662,24293
2023-11-16 12:45:33,2,4,10662,24293
2023-11-16 12:45:33,2,3,10662,24293
2023-11-16 12:45:35,2,4,10662,24293
2023-11-16 12:45:35,2,3,10662,24293
2023-11-16 12:45:38,2,4,10662,24293
2023-11-16 12:46:23,2,3,10662,24293
2023-11-16 12:46:51,2,4,10662,24293
2023-11-16 12:46:52,2,3,10662,24293
2023-11-16 12:47:00,2,4,10662,24293
2023-11-16 12:47:23,2,3,10662,24293
2023-11-16 12:47:43,2,4,10662,24293
2023-11-16 12:47:44,2,3,10662,24293
2023-11-16 12:48:05,2,4,10662,24293
2023-11-16 12:48:05,2,3,10662,24293
2023-11-16 12:48:21,2,4,10662,24293
2023-11-16 12:48:21,2,3,10662,24293
2023-11-16 12:49:05,2,4,10662,24293
2023-11-16 12:49:21,2,3,10662,24293
2023-11-16 12:49:21,2,4,10662,24293
2023-11-16 12:50:01,2,3,10662,24293
2023-11-16 12:50:02,2,4,10662,24293
2023-11-16 12:51:39,3,4,10662,24293
2023-11-16 12:51:56,2,4,10662,24293
2023-11-16 12:51:56,3,4,10662,24293
2023-11-16 12:51:56,3,4,10662,24438
2023-11-16 12:51:57,2,4,10662,24438
2023-11-16 12:52:03,3,4,10662,24438
2023-11-16 12:52:03,3,4,10662,24533
2023-11-16 12:52:03,2,4,10662,24533
2023-11-16 12:52:06,3,4,10662,24533
2023-11-16 12:53:39,3,5,10662,24533
2023-11-16 12:53:39,4,5,10662,24533
2023-11-16 12:53:46,4,5,10662,24700
2023-11-16 12:53:48,4,5,10662,24891
2023-11-16 12:54:24,4,5,10662,25090
2023-11-16 12:54:26,4,5,10662,25150
2023-11-16 12:54:32,4,5,10662,25345
2023-11-16 12:54:55,3,5,10662,25509
2023-11-16 12:55:12,2,5,10662,25509
2023-11-16 12:55:12,2,4,10662,25509
2023-11-16 12:55:12,3,4,10662,25509
2023-11-16 12:55:12,3,5,10662,25509
2023-11-16 12:55:13,3,4,10662,25509
2023-11-16 12:55:21,3,5,10662,25509
2023-11-16 12:55:30,2,5,10662,25509
2023-11-16 12:55:30,3,5,10662,25509
2023-11-16 12:55:53,2,5,10662,25509
2023-11-16 12:55:53,3,5,10662,25509
2023-11-16 12:55:56,2,5,10662,25509
2023-11-16 12:55:56,3,5,10662,25509
2023-11-16 12:56:01,3,4,10662,25509
2023-11-16 12:56:01,2,4,10662,25509
2023-11-16 12:56:01,3,4,10662,25509
2023-11-16 12:58:21,2,3,10662,25609
2023-11-16 13:09:34,2,3,10467,25804
2023-11-16 13:09:35,2,3,10267,26004
2023-11-16 13:09:46,2,4,10267,26004
2023-11-16 13:09:47,3,4,10267,26004
2023-11-16 13:09:58,2,4,10267,26004
2023-11-16 13:09:58,3,4,10267,26004
2023-11-16 13:09:58,3,5,10467,26204
2023-11-16 13:09:59,4,5,10467,26204
2023-11-16 13:09:59,3,5,10467,26362
2023-11-16 13:09:59,4,5,10467,26362
2023-11-16 13:10:02,3,5,10467,26362
2023-11-16 13:10:05,2,5,10467,26362
2023-11-16 13:10:05,3,5,10467,26362
2023-11-16 13:10:33,4,5,10467,26362
2023-11-16 13:10:34,3,5,10467,26501
2023-11-16 13:10:34,4,5,10467,26501
2023-11-16 13:10:58,3,5,10467,26501
2023-11-16 13:11:11,4,5,10467,26501
2023-11-16 13:11:12,3,5,10467,26501
2023-11-16 13:11:23,4,5,10467,26501
2023-11-16 13:11:30,3,5,10467,26501
2023-11-16 13:11:31,4,5,10467,26501
2023-11-16 13:11:32,3,5,10467,26501
2023-11-16 13:11:33,4,5,10467,26501
2023-11-16 13:11:36,3,5,10467,26501
2023-11-16 13:11:37,4,5,10467,26501
2023-11-16 13:11:43,3,5,10467,26501
2023-11-16 13:11:44,4,5,10467,26501
2023-11-16 13:11:46,3,5,10467,26501
2023-11-16 13:11:47,4,5,10467,26501
2023-11-16 13:12:03,3,5,10467,26501
2023-11-16 13:12:03,4,5,10467,26501
2023-11-16 13:12:14,3,5,10467,26501
2023-11-16 13:12:14,4,5,10467,26501
2023-11-16 13:12:18,4,5,10467,26601
2023-11-16 13:12:49,3,5,10467,26601
2023-11-16 13:12:49,4,5,10467,26601
2023-11-16 13:13:26,3,5,10467,26601
2023-11-16 13:13:27,4,5,10467,26601
2023-11-16 13:14:17,4,6,10467,26601
2023-11-16 13:14:29,4,5,10467,26601
2023-11-16 13:14:36,3,5,10467,26601
2023-11-16 13:14:37,4,6,10467,26601
2023-11-16 13:14:37,4,5,10467,26601
2023-11-16 13:14:40,4,6,10467,26601
2023-11-16 13:14:40,3,6,10467,26601
2023-11-16 13:14:41,4,6,10467,26601
2023-11-16 13:14:41,4,5,10467,26601
2023-11-16 13:14:48,3,5,10467,26601
2023-11-16 13:15:09,3,4,10467,26601
2023-11-16 13:15:10,3,5,10467,26601
2023-11-16 13:15:12,3,4,10467,26601
2023-11-16 13:15:25,3,5,10467,26601
2023-11-16 13:15:36,3,4,10467,26601
2023-11-16 13:15:38,2,4,10467,26601
2023-11-16 13:15:42,2,5,10467,26601
2023-11-16 13:15:42,2,4,10467,26601
2023-11-16 13:16:23,2,3,10467,26601
2023-11-16 13:16:36,2,4,10467,26601
2023-11-16 13:16:36,2,3,10467,26601
2023-11-16 13:16:42,2,4,10467,26601
2023-11-16 13:16:42,2,3,10467,26601
2023-11-16 13:16:46,2,4,10467,26601
2023-11-16 13:16:46,2,3,10467,26601
2023-11-16 13:16:59,2,4,10467,26601
2023-11-16 13:16:59,2,3,10467,26601
2023-11-16 13:17:17,2,4,10467,26601
2023-11-16 13:17:18,2,3,10467,26601
2023-11-16 13:17:27,2,4,10467,26601
2023-11-16 13:17:27,2,3,10467,26601
2023-11-16 13:17:58,2,4,10667,26801
2023-11-16 13:19:06,3,4,10667,26801
2023-11-16 13:19:06,2,4,10751,26941
2023-11-16 13:19:11,3,4,10751,26941
2023-11-16 13:19:13,2,4,10751,26941
2023-11-16 13:19:13,3,4,10751,26941
2023-11-16 13:19:38,3,5,10751,26941
2023-11-16 13:19:47,3,4,10751,26941
2023-11-16 13:19:50,3,5,10751,26941
2023-11-16 13:19:50,3,4,10751,26941
2023-11-16 13:19:54,2,4,10751,26941
2023-11-16 13:20:04,3,4,10751,26941
2023-11-16 13:20:12,3,5,10751,26941
2023-11-16 13:21:46,4,5,10751,26941
2023-11-16 13:21:47,3,5,10751,26941
2023-11-16 13:22:10,4,5,10751,26941
2023-11-16 13:22:26,4,6,10751,26941
2023-11-16 13:22:37,4,5,10751,26941
2023-11-16 13:22:41,4,6,10751,26941
2023-11-16 13:22:41,4,5,10751,26941
2023-11-16 13:22:45,4,6,10751,26941
2023-11-16 13:22:45,4,5,10751,26941
2023-11-16 13:22:51,4,6,10751,26941
2023-11-16 13:22:51,4,5,10751,26941
2023-11-16 13:23:06,4,6,10751,26941
2023-11-16 13:23:15,4,5,10751,26941
2023-11-16 13:23:16,4,6,10751,26941
2023-11-16 13:23:17,4,5,10751,26941
2023-11-16 13:23:39,4,6,10751,26941
2023-11-16 13:23:41,4,5,10751,26941
2023-11-16 13:23:43,4,6,10751,26941
2023-11-16 13:23:44,4,5,10751,26941
2023-11-16 13:23:45,3,5,10751,26941
2023-11-16 13:23:58,3,4,10751,26941
2023-11-16 13:24:22,2,4,10751,26941
2023-11-16 13:24:25,2,5,10751,26941
2023-11-16 13:24:25,2,4,10751,26941
2023-11-16 13:24:31,2,5,10751,26941
2023-11-16 13:24:31,2,4,10751,26941
2023-11-16 13:24:52,3,4,10751,26941
2023-11-16 13:25:04,2,4,10751,26941
2023-11-16 13:25:10,2,5,10751,26941
2023-11-16 13:25:10,2,4,10751,26941
2023-11-16 13:25:18,2,3,10751,26941
2023-11-16 13:25:42,2,4,10751,26941
2023-11-16 13:25:42,2,3,10751,26941
2023-11-16 13:26:29,2,3,10804,26994
2023-11-16 13:26:41,2,4,10804,26994
2023-11-16 13:26:41,2,3,10804,26994
2023-11-16 13:26:50,2,4,10804,26994
2023-11-16 13:26:51,2,3,10804,26994
2023-11-16 13:27:10,2,4,10804,26994
2023-11-16 13:27:10,2,3,10804,26994
2023-11-16 13:27:16,2,4,10804,26994
2023-11-16 13:27:16,2,3,10804,26994
2023-11-16 13:27:18,2,4,10804,26994
2023-11-16 13:27:19,2,3,10804,26994
2023-11-16 13:27:35,2,4,10804,26994
2023-11-16 13:27:35,2,3,10804,26994
2023-11-16 13:28:09,2,4,10804,26994
2023-11-16 13:28:09,2,3,10804,26994
2023-11-16 13:28:11,2,4,10804,26994
2023-11-16 13:28:11,2,3,10804,26994
2023-11-16 13:28:49,2,4,10804,26994
2023-11-16 13:28:49,2,3,10804,26994
2023-11-16 13:29:04,2,4,10804,26994
2023-11-16 13:29:04,2,3,10804,26994
2023-11-16 13:29:16,2,4,10804,26994
2023-11-16 13:29:16,2,3,10804,26994
2023-11-16 13:29:21,2,4,10804,26994
2023-11-16 13:29:21,2,3,10804,26994
2023-11-16 13:29:24,2,4,10804,26994
2023-11-16 13:29:25,2,3,10804,26994
2023-11-16 13:29:28,2,4,10804,26994
2023-11-16 13:29:28,2,3,10804,26994
2023-11-16 13:29:50,2,4,10804,26994
2023-11-16 13:29:50,2,3,10804,26994
2023-11-16 13:30:20,2,4,10804,26994
2023-11-16 13:30:20,2,3,10804,26994
2023-11-16 13:30:42,2,4,10804,26994
2023-11-16 13:30:42,2,3,10804,26994
2023-11-16 13:31:28,2,4,10804,26994
2023-11-16 13:31:28,2,3,10804,26994
2023-11-16 13:31:47,2,4,10804,26994
2023-11-16 13:31:47,2,3,10804,26994
2023-11-16 13:32:03,2,4,10905,27179
2023-11-16 13:32:25,3,4,10905,27179
2023-11-16 13:32:31,2,4,10905,27379
2023-11-16 13:32:36,3,4,10905,27379
2023-11-16 13:32:54,2,4,10905,27379
2023-11-16 13:32:54,3,4,10905,27379
2023-11-16 13:32:59,3,5,11266,27740
2023-11-16 13:33:00,3,4,11266,27740
2023-11-16 13:33:01,3,4,11362,27836
2023-11-16 13:33:04,3,4,11362,27925
2023-11-16 13:33:14,3,5,11362,27925
2023-11-16 13:33:14,3,4,11362,27925
2023-11-16 13:33:44,3,5,11362,27925
2023-11-16 13:33:44,3,4,11362,27925
2023-11-16 13:33:45,3,5,11362,27925
2023-11-16 13:34:01,3,4,11362,27925
2023-11-16 13:34:02,3,4,11362,28055
2023-11-16 13:34:11,2,4,11362,28055
2023-11-16 13:34:14,3,4,11362,28055
2023-11-16 13:34:23,3,5,11362,28055
2023-11-16 13:34:34,3,4,11362,28055
2023-11-16 13:34:50,3,5,11362,28055
2023-11-16 13:34:50,3,4,11362,28055
2023-11-16 13:34:53,3,5,11481,28174
2023-11-16 13:34:54,3,4,11481,28174
2023-11-16 13:34:54,3,5,11481,28174
2023-11-16 13:35:09,3,4,11481,28174
2023-11-16 13:35:29,2,4,11481,28174
2023-11-16 13:35:48,2,5,11481,28174
2023-11-16 13:35:48,2,4,11481,28174
2023-11-16 13:35:54,2,5,11481,28174
2023-11-16 13:35:55,2,4,11481,28174
2023-11-16 13:36:01,2,5,11481,28174
2023-11-16 13:36:01,2,4,11481,28174
2023-11-16 13:36:12,2,5,11481,28174
2023-11-16 13:36:12,2,4,11481,28174
2023-11-16 13:36:30,2,3,11481,28174
2023-11-16 13:36:36,2,4,11481,28174
2023-11-16 13:36:36,2,3,11481,28174
2023-11-16 13:36:37,2,4,11481,28174
2023-11-16 13:36:37,2,3,11481,28174
2023-11-16 13:36:41,2,4,11481,28174
2023-11-16 13:36:41,2,3,11481,28174
2023-11-16 13:36:54,2,3,11541,28234
2023-11-16 13:36:57,2,3,11641,28334
2023-11-16 13:37:01,2,3,11701,28394
2023-11-16 13:37:05,2,4,11701,28394
2023-11-16 13:37:05,2,3,11701,28394
2023-11-16 13:37:10,2,3,11761,28454
2023-11-16 13:37:12,2,4,11761,28454
2023-11-16 13:37:12,2,3,11761,28454
2023-11-16 13:37:14,2,3,11874,28567
2023-11-16 13:37:16,2,4,11874,28567
2023-11-16 13:37:16,2,3,11874,28567
2023-11-16 13:37:17,2,3,11881,28574
2023-11-16 13:37:21,2,3,11941,28634
2023-11-16 13:37:33,2,3,11981,28674
2023-11-16 13:37:38,2,3,12041,28734
2023-11-16 13:37:56,2,4,12041,28734
2023-11-16 13:37:56,2,3,12041,28734
2023-11-16 13:37:58,1,3,12041,28734
2023-11-16 13:38:11,1,4,12041,28734
2023-11-16 13:38:11,1,3,12041,28734
2023-11-16 13:38:19,1,4,12041,28734
2023-11-16 13:38:19,1,3,12041,28734
2023-11-16 13:38:25,1,4,12041,28734
2023-11-16 13:38:25,1,3,12041,28734
2023-11-16 13:38:41,1,4,12041,28734
2023-11-16 13:38:41,1,3,12041,28734
2023-11-16 13:38:46,1,4,12041,28734
2023-11-16 13:38:46,1,3,12041,28734
2023-11-16 13:38:54,1,4,12041,28734
2023-11-16 13:38:54,1,3,12041,28734
2023-11-16 13:39:05,1,4,12041,28734
2023-11-16 13:39:05,1,3,12041,28734
2023-11-16 13:39:35,1,4,12041,28734
2023-11-16 13:39:35,1,3,12041,28734
2023-11-16 13:39:45,1,4,12041,28734
2023-11-16 13:39:45,1,3,12041,28734
2023-11-16 13:39:45,1,4,12041,28734
2023-11-16 13:40:06,2,4,12041,28734
2023-11-16 13:40:55,3,4,12041,28734
2023-11-16 13:40:59,2,4,12041,28734
2023-11-16 13:41:32,1,4,12041,28734
2023-11-16 13:41:39,2,4,12041,28734
2023-11-16 13:41:40,1,4,12041,28734
2023-11-16 13:41:46,1,3,12041,28734
2023-11-16 13:41:52,1,4,12041,28734
2023-11-16 13:42:01,1,3,12041,28734
2023-11-16 13:42:37,1,4,12041,28734
2023-11-16 13:42:49,2,4,12041,28734
2023-11-16 13:42:50,1,4,12041,28734
2023-11-16 13:42:53,2,4,12041,28734
2023-11-16 13:42:54,1,4,12041,28734
2023-11-16 13:43:09,2,4,12041,28734
2023-11-16 13:43:23,3,4,12041,28734
2023-11-16 13:43:39,2,4,12041,28734
2023-11-16 13:43:39,3,4,12041,28734
2023-11-16 13:43:48,2,4,12041,28734
2023-11-16 13:43:48,3,4,12041,28734
2023-11-16 13:43:52,2,4,12041,28984
2023-11-16 13:43:52,3,4,12041,28984
2023-11-16 13:43:53,2,4,12041,28984
2023-11-16 13:44:12,3,4,12041,28984
2023-11-16 13:44:27,2,4,12041,28984
2023-11-16 13:44:38,3,4,12041,28984
2023-11-16 13:44:59,2,4,12041,28984
2023-11-16 13:45:00,3,4,12041,28984
2023-11-16 13:45:16,2,4,12041,28984
2023-11-16 13:45:16,3,4,12041,28984
2023-11-16 13:45:17,3,5,12041,28984
2023-11-16 13:45:59,4,5,12041,28984
2023-11-16 13:46:00,3,5,12041,28984
2023-11-16 13:46:03,3,6,12879,29822
2023-11-16 13:46:04,3,5,12879,29822
2023-11-16 13:46:04,4,5,12879,29822
2023-11-16 13:46:11,4,6,12879,29822
2023-11-16 13:46:13,4,5,12879,29822
2023-11-16 13:46:20,4,6,12879,29822
2023-11-16 13:46:21,4,5,12879,29822
2023-11-16 13:46:22,4,6,12879,29822
2023-11-16 13:46:25,4,5,12879,29822
2023-11-16 13:46:43,3,5,12879,29822
2023-11-16 13:47:06,4,5,12879,29822
2023-11-16 13:47:06,4,6,12879,29822
2023-11-16 13:47:06,4,5,12879,29822
2023-11-16 13:47:09,3,5,12879,29822
2023-11-16 13:47:27,4,5,12879,29822
2023-11-16 13:47:43,3,5,12879,30022
2023-11-16 13:47:56,3,6,12879,30022
2023-11-16 13:47:56,3,5,12879,30022
2023-11-16 13:48:15,3,6,12879,30022
2023-11-16 13:48:15,3,5,12879,30022
2023-11-16 13:48:27,4,5,12879,30022
2023-11-16 13:48:36,4,6,12879,30022
2023-11-16 13:48:36,4,5,12879,30022
2023-11-16 13:48:42,4,6,12879,30022
2023-11-16 13:48:42,4,5,12879,30022
2023-11-16 13:48:47,4,6,12879,30022
2023-11-16 13:48:50,5,6,12879,30022
2023-11-16 13:48:50,5,7,12879,30022
2023-11-16 13:48:51,6,7,12879,30022
2023-11-16 13:48:51,6,8,12879,30022
2023-11-16 13:48:56,7,8,12879,30022
2023-11-16 13:48:57,6,8,12879,30022
2023-11-16 13:48:59,7,8,12879,30022
2023-11-16 13:49:01,6,8,12879,30022
2023-11-16 13:49:06,6,7,12879,30022
2023-11-16 13:49:10,6,8,12879,30022
2023-11-16 13:49:11,7,8,12879,30022
2023-11-16 13:49:13,6,8,12879,30022
2023-11-16 13:49:13,6,7,12879,30022
2023-11-16 13:49:13,6,7,12879,30222
2023-11-16 13:49:16,6,8,12879,30222
2023-11-16 13:49:16,6,7,12879,30222
2023-11-16 13:49:27,5,7,12879,30222
2023-11-16 13:49:34,6,7,12879,30222
2023-11-16 13:49:35,5,7,12879,30222
2023-11-16 13:49:40,6,7,12879,30222
2023-11-16 13:50:07,6,8,12879,30222
2023-11-16 13:50:07,6,7,12879,30222
2023-11-16 13:50:16,5,7,12879,30222
2023-11-16 13:50:39,4,7,12879,30222
2023-11-16 13:50:39,5,7,12879,30222
2023-11-16 13:50:43,5,6,12879,30222
2023-11-16 13:50:47,5,7,12879,30222
2023-11-16 13:50:47,5,6,12879,30222
2023-11-16 13:50:53,4,6,12879,30222
2023-11-16 13:50:53,4,7,12879,30222
2023-11-16 13:50:53,5,7,12879,30222
2023-11-16 13:50:53,5,6,12879,30222
2023-11-16 13:50:55,5,7,12879,30222
2023-11-16 13:50:55,5,6,12879,30222
2023-11-16 13:51:01,4,6,12879,30222
2023-11-16 13:51:12,5,6,12879,30222
2023-11-16 13:51:17,4,6,12879,30222
2023-11-16 13:51:26,5,6,12879,30222
2023-11-16 13:51:30,4,6,12879,30222
2023-11-16 13:51:30,4,7,12879,30222
2023-11-16 13:51:30,4,6,12879,30222
2023-11-16 13:51:30,5,6,12879,30222
2023-11-16 13:51:38,4,6,12879,30222
2023-11-16 13:51:38,4,7,12879,30222
2023-11-16 13:51:38,4,6,12879,30222
2023-11-16 13:51:38,5,6,12879,30222
2023-11-16 13:51:41,4,6,12879,30222
2023-11-16 13:52:00,4,5,12879,30222
2023-11-16 13:52:05,3,5,12879,30222
2023-11-16 13:52:05,3,5,12879,30222
2023-11-16 13:52:05,4,5,12879,30222
2023-11-16 13:52:10,3,5,12879,30222
2023-11-16 13:52:16,4,5,12879,30222
2023-11-16 13:52:25,3,5,12879,30222
2023-11-16 13:52:25,4,5,12879,30222
2023-11-16 13:52:26,3,5,12879,30222
2023-11-16 13:52:27,4,5,12879,30222
2023-11-16 13:52:29,3,5,12879,30222
2023-11-16 13:53:10,3,4,12879,30222
2023-11-16 13:53:11,3,5,12879,30222
2023-11-16 13:53:12,3,4,12879,30222
2023-11-16 13:53:15,3,5,12879,30222
2023-11-16 13:53:16,3,4,12879,30222
2023-11-16 13:53:20,3,5,12879,30222
2023-11-16 13:54:40,3,4,12879,30222
2023-11-16 13:54:41,3,5,12879,30222
2023-11-16 13:55:27,3,4,12879,30222
2023-11-16 13:55:31,3,5,12879,30222
2023-11-16 13:55:31,3,4,12879,30222
2023-11-16 13:55:32,3,5,12879,30222
2023-11-16 13:55:32,3,4,12879,30222
2023-11-16 13:55:33,3,5,12879,30222
2023-11-16 13:55:52,4,5,12879,30222
2023-11-16 13:55:52,3,5,12879,30222
2023-11-16 13:55:52,4,5,12879,30222
2023-11-16 13:55:53,3,5,12879,30222
2023-11-16 13:55:53,4,5,12879,30222
2023-11-16 13:55:54,3,5,12879,30222
2023-11-16 13:55:55,4,5,12879,30222
2023-11-16 13:55:58,3,5,12879,30222
2023-11-16 13:55:59,4,5,12879,30222
2023-11-16 13:56:14,4,6,13078,30421
2023-11-16 13:56:14,4,5,13078,30421
2023-11-16 13:56:18,4,6,13078,30421
2023-11-16 13:56:33,4,5,13078,30421
2023-11-16 13:56:43,3,5,13078,30421
2023-11-16 13:56:52,4,5,13078,30421
2023-11-16 13:57:02,3,5,13078,30421
2023-11-16 13:57:02,4,6,13078,30421
2023-11-16 13:57:02,4,5,13078,30421
2023-11-16 13:57:19,4,6,13078,30421
2023-11-16 13:57:19,3,5,13078,30421
2023-11-16 13:57:22,4,6,13078,30421
2023-11-16 13:58:18,4,6,13078,30621
2023-11-16 13:58:20,3,6,13078,30621
2023-11-16 13:58:20,4,6,13078,30621
2023-11-16 13:58:28,3,6,13078,30621
2023-11-16 13:58:29,4,6,13078,30621
2023-11-16 13:58:30,4,5,13078,30621
2023-11-16 13:58:42,3,5,13078,30621
2023-11-16 13:58:46,3,6,13078,30621
2023-11-16 13:58:46,3,5,13078,30621
2023-11-16 13:58:49,4,5,13078,30621
2023-11-16 13:58:52,3,5,13078,30621
2023-11-16 13:59:06,2,5,13078,30621
2023-11-16 13:59:06,3,5,13078,30621
2023-11-16 13:59:22,2,5,13078,30621
2023-11-16 13:59:22,3,5,13078,30621
2023-11-16 13:59:46,2,5,13078,30621
2023-11-16 13:59:46,3,5,13078,30621
2023-11-16 13:59:52,2,5,13078,30621
2023-11-16 13:59:53,3,5,13078,30621
2023-11-16 14:00:01,2,5,13078,30621
2023-11-16 14:00:01,3,5,13078,30621
2023-11-16 14:00:09,2,5,13078,30621
2023-11-16 14:00:09,3,5,13078,30621
2023-11-16 14:00:16,3,5,13078,30779
2023-11-16 14:00:16,3,4,13078,30779
2023-11-16 14:00:21,2,4,13078,30779
2023-11-16 14:00:21,2,5,13078,30779
2023-11-16 14:00:22,3,5,13078,30779
2023-11-16 14:00:22,3,4,13078,30779
2023-11-16 14:00:24,3,5,13078,30779
2023-11-16 14:00:49,3,4,13078,30779
2023-11-16 14:00:50,2,4,13078,30779
2023-11-16 14:01:02,3,4,13078,30779
2023-11-16 14:01:06,2,4,13078,30779
2023-11-16 14:01:07,3,4,13078,30779
2023-11-16 14:01:08,2,4,13078,30779
2023-11-16 14:01:08,3,4,13078,30779
2023-11-16 14:01:15,3,4,13078,30888
2023-11-16 14:01:21,2,4,13078,30888
2023-11-16 14:01:21,3,4,13078,30888
2023-11-16 14:01:25,2,4,13078,30888
2023-11-16 14:01:25,3,4,13078,30888
2023-11-16 14:01:50,2,4,13078,30888
2023-11-16 14:01:50,3,4,13078,30888
2023-11-16 14:01:54,3,5,13278,31088
2023-11-16 14:02:05,2,5,13278,31088
2023-11-16 14:02:05,3,5,13278,31088
2023-11-16 14:02:35,4,5,13278,31088
2023-11-16 14:02:40,3,5,13278,31088
2023-11-16 14:02:40,4,5,13278,31088
2023-11-16 14:02:48,3,5,13278,31088
2023-11-16 14:02:49,4,5,13278,31088
2023-11-16 14:02:49,4,6,13620,31430
2023-11-16 14:02:50,4,5,13620,31430
2023-11-16 14:02:54,3,5,13620,31430
2023-11-16 14:02:54,4,5,13620,31430
2023-11-16 14:02:57,3,5,13620,31430
2023-11-16 14:03:14,2,5,13620,31430
2023-11-16 14:03:15,3,5,13620,31430
2023-11-16 14:03:17,4,5,13620,31430
2023-11-16 14:03:22,3,5,13620,31430
2023-11-16 14:03:29,4,5,13620,31430
2023-11-16 14:03:31,3,5,13620,31430
2023-11-16 14:03:36,2,5,13620,31430
2023-11-16 14:03:36,3,5,13620,31430
2023-11-16 14:03:51,2,5,13620,31430
2023-11-16 14:03:51,3,5,13620,31430
2023-11-16 14:03:56,2,5,13620,31430
2023-11-16 14:03:56,3,5,13620,31430
2023-11-16 14:04:00,2,5,13620,31430
2023-11-16 14:04:00,3,5,13620,31430
2023-11-16 14:04:00,3,4,13620,31430
2023-11-16 14:04:07,3,4,13236,31935
2023-11-16 14:04:17,2,4,13236,31935
2023-11-16 14:04:19,1,4,13236,31935
2023-11-16 14:04:30,1,3,13236,31935
2023-11-16 14:05:03,2,3,13236,31935
2023-11-16 14:05:39,1,3,13236,31935
2023-11-16 14:07:43,2,3,13236,31935
2023-11-16 14:07:50,1,3,13236,31935
2023-11-16 14:09:31,1,4,13236,31935
2023-11-16 14:09:31,1,3,13236,31935
2023-11-16 14:09:55,1,4,13236,31935
2023-11-16 14:09:55,1,3,13236,31935
2023-11-16 14:10:26,1,4,13236,31935
2023-11-16 14:10:26,1,3,13236,31935
2023-11-16 14:10:31,1,4,13236,31935
2023-11-16 14:10:31,1,3,13236,31935
2023-11-16 14:10:58,1,4,13236,31935
2023-11-16 14:11:06,1,3,13236,31935
2023-11-16 14:11:08,1,4,13236,31935
2023-11-16 14:11:12,1,3,13236,31935
2023-11-16 14:11:22,1,4,13236,31935
2023-11-16 14:11:22,1,3,13236,31935
2023-11-16 14:11:30,1,4,13236,31935
2023-11-16 14:11:30,1,3,13236,31935
2023-11-16 14:11:32,1,4,13236,31935
2023-11-16 14:11:52,1,3,13236,31935
2023-11-16 14:12:01,1,4,13236,31935
2023-11-16 14:12:01,1,3,13236,31935
2023-11-16 14:12:11,1,4,13236,31935
2023-11-16 14:12:11,1,3,13236,31935
2023-11-16 14:12:19,1,4,13236,31935
2023-11-16 14:12:21,1,3,13236,31935
2023-11-16 14:13:32,0,3,13236,31935
2023-11-16 14:13:33,1,3,13236,31935
2023-11-16 14:16:23,0,3,13236,31935
2023-11-16 14:16:24,1,3,13236,31935
2023-11-16 14:16:28,0,3,13236,31935
2023-11-16 14:17:05,1,3,13236,31935
2023-11-16 14:18:08,0,3,13236,31935
2023-11-16 14:18:14,1,3,13236,31935
2023-11-16 14:18:33,0,3,13236,31935
2023-11-16 14:18:37,1,3,13236,31935
2023-11-16 14:18:46,0,3,13236,31935
2023-11-16 14:18:53,1,3,13236,31935
2023-11-16 14:18:56,0,3,13236,31935
2023-11-16 14:20:40,1,3,13236,31935
2023-11-16 14:21:55,1,2,13236,31935
2023-11-16 14:22:10,2,3,13236,31939
2023-11-16 14:23:52,1,3,13236,31956
2023-11-16 14:26:32,1,4,13236,31956
2023-11-16 14:26:32,1,3,13236,31956
2023-11-16 14:27:00,1,4,13236,31956
2023-11-16 14:27:00,1,3,13236,31956
2023-11-16 14:27:10,1,4,13236,31956
2023-11-16 14:27:10,1,3,13236,31956
2023-11-16 14:28:46,0,3,13236,31956
2023-11-16 14:28:49,1,3,13236,31956
2023-11-16 14:28:58,0,3,13236,31956
2023-11-16 14:29:01,1,3,13236,31956
2023-11-16 14:29:02,0,3,13236,31956
2023-11-16 14:29:05,1,3,13236,31956
2023-11-16 14:29:30,0,3,13236,31956
2023-11-16 14:29:31,1,3,13236,31956
2023-11-16 14:29:32,0,3,13236,31956
2023-11-16 14:29:34,1,3,13236,31956
2023-11-16 14:29:45,0,3,13236,31956
2023-11-16 14:30:02,1,3,13236,31956
2023-11-16 14:30:11,0,3,13236,31956
2023-11-16 14:31:34,1,3,13236,31956
2023-11-16 14:32:01,0,3,13236,31956
2023-11-16 14:36:26,0,2,13236,31956
2023-11-16 14:36:58,0,1,13236,31956
2023-11-16 14:40:40,0,1,13236,31957
2023-11-16 14:54:36,0,2,13240,32060
2023-11-16 15:39:21,0,1,13240,32060
2023-11-16 15:39:23,0,2,13240,32060
2023-11-16 15:41:09,0,1,13240,32060
