datetime,bid,ask,open_interest,volume
2023-11-16 09:30:01,28,39,396,398
2023-11-16 09:30:01,27,39,396,398
2023-11-16 09:30:01,1,39,396,398
2023-11-16 09:30:01,1,47,396,398
2023-11-16 09:30:41,2,47,396,398
2023-11-16 09:31:00,34,47,396,398
2023-11-16 09:31:00,35,38,396,398
2023-11-16 09:31:06,36,38,396,398
2023-11-16 09:31:15,36,39,396,398
2023-11-16 09:31:36,36,38,396,398
2023-11-16 09:31:37,36,39,396,398
2023-11-16 09:31:39,36,38,396,398
2023-11-16 09:31:39,35,38,396,398
2023-11-16 09:31:42,36,38,396,398
2023-11-16 09:31:43,35,38,396,398
2023-11-16 09:31:54,34,38,396,398
2023-11-16 09:31:54,34,37,396,398
2023-11-16 09:31:54,35,37,396,398
2023-11-16 09:31:58,35,38,396,398
2023-11-16 09:32:02,35,37,396,398
2023-11-16 09:32:04,34,37,396,398
2023-11-16 09:32:05,34,37,396,398
2023-11-16 09:32:08,35,37,396,398
2023-11-16 09:32:12,35,38,396,398
2023-11-16 09:32:17,35,37,396,398
2023-11-16 09:32:18,34,37,396,398
2023-11-16 09:32:32,34,38,516,798
2023-11-16 09:32:33,35,38,516,798
2023-11-16 09:32:35,34,38,516,798
2023-11-16 09:32:35,35,38,516,798
2023-11-16 09:32:37,34,38,516,798
2023-11-16 09:32:38,34,38,516,798
2023-11-16 09:32:41,35,38,516,798
2023-11-16 09:32:52,35,37,516,798
2023-11-16 09:32:57,34,37,516,798
2023-11-16 09:32:57,35,37,516,798
2023-11-16 09:33:10,34,37,516,798
2023-11-16 09:33:12,35,37,516,798
2023-11-16 09:33:14,34,37,516,798
2023-11-16 09:33:14,35,37,516,798
2023-11-16 09:33:18,34,37,516,798
2023-11-16 09:33:20,35,37,516,798
2023-11-16 09:33:21,34,37,516,798
2023-11-16 09:33:24,35,37,516,798
2023-11-16 09:33:25,34,37,516,798
2023-11-16 09:33:27,35,37,516,798
2023-11-16 09:33:28,34,37,516,798
2023-11-16 09:33:32,35,37,516,798
2023-11-16 09:33:36,35,38,516,798
2023-11-16 09:33:38,36,38,516,798
2023-11-16 09:33:50,37,38,516,798
2023-11-16 09:34:10,37,39,516,798
2023-11-16 09:34:10,38,39,516,798
2023-11-16 09:34:14,37,39,516,798
2023-11-16 09:34:14,38,39,516,798
2023-11-16 09:34:19,38,40,516,798
2023-11-16 09:34:26,39,40,516,798
2023-11-16 09:34:26,38,40,714,996
2023-11-16 09:34:27,39,40,714,996
2023-11-16 09:34:28,38,40,714,996
2023-11-16 09:34:28,39,40,714,996
2023-11-16 09:34:29,38,40,714,996
2023-11-16 09:34:33,39,40,714,996
2023-11-16 09:34:37,38,40,714,996
2023-11-16 09:34:43,39,40,714,996
2023-11-16 09:34:43,38,40,714,996
2023-11-16 09:34:46,39,40,714,996
2023-11-16 09:34:47,38,40,714,996
2023-11-16 09:34:53,39,40,714,996
2023-11-16 09:35:02,38,40,714,996
2023-11-16 09:35:09,38,39,714,996
2023-11-16 09:35:12,37,39,714,996
2023-11-16 09:35:24,37,38,714,996
2023-11-16 09:35:26,37,39,714,996
2023-11-16 09:35:34,37,40,714,996
2023-11-16 09:35:41,38,40,714,996
2023-11-16 09:35:44,37,40,714,996
2023-11-16 09:35:48,37,39,714,996
2023-11-16 09:35:58,38,39,714,996
2023-11-16 09:35:58,38,40,714,996
2023-11-16 09:35:59,38,39,714,996
2023-11-16 09:35:59,38,40,714,996
2023-11-16 09:36:09,37,40,714,996
2023-11-16 09:36:13,38,40,714,996
2023-11-16 09:36:19,38,39,714,996
2023-11-16 09:36:19,38,39,774,1056
2023-11-16 09:36:22,38,40,774,1056
2023-11-16 09:36:28,38,39,774,1056
2023-11-16 09:36:29,37,39,774,1056
2023-11-16 09:36:58,37,38,774,1056
2023-11-16 09:36:59,37,38,834,1116
2023-11-16 09:37:05,36,38,834,1116
2023-11-16 09:37:18,35,37,834,1116
2023-11-16 09:37:19,36,37,834,1116
2023-11-16 09:37:56,37,39,834,1176
2023-11-16 09:37:56,38,39,834,1176
2023-11-16 09:38:13,38,40,834,1176
2023-11-16 09:38:13,39,40,834,1176
2023-11-16 09:38:27,39,40,1389,1731
2023-11-16 09:38:28,39,41,1389,1731
2023-11-16 09:38:32,40,41,1389,1731
2023-11-16 09:38:48,39,41,1389,1731
2023-11-16 09:38:49,40,41,1389,1731
2023-11-16 09:38:49,39,41,1389,1731
2023-11-16 09:38:56,40,41,1389,1731
2023-11-16 09:39:13,40,41,1390,1732
2023-11-16 09:39:19,39,41,1390,1732
2023-11-16 09:39:22,40,41,1390,1732
2023-11-16 09:39:27,39,41,1390,1732
2023-11-16 09:39:31,40,41,1390,1732
2023-11-16 09:39:49,39,41,1390,1732
2023-11-16 09:39:55,40,41,1390,1732
2023-11-16 09:40:08,39,41,1390,1732
2023-11-16 09:40:25,39,40,1390,1732
2023-11-16 09:40:46,38,40,1390,1732
2023-11-16 09:40:52,38,39,1390,1732
2023-11-16 09:40:56,38,40,1390,1732
2023-11-16 09:41:01,38,41,1390,1732
2023-11-16 09:41:01,38,40,1390,1732
2023-11-16 09:41:02,38,41,1390,1732
2023-11-16 09:41:02,38,40,1390,1732
2023-11-16 09:41:05,38,41,1390,1732
2023-11-16 09:41:05,38,40,1390,1732
2023-11-16 09:41:39,38,39,1390,1732
2023-11-16 09:41:42,38,40,1390,1732
2023-11-16 09:41:46,38,39,1390,1732
2023-11-16 09:41:46,38,40,1390,1732
2023-11-16 09:41:54,38,39,1390,1732
2023-11-16 09:41:55,38,40,1390,1732
2023-11-16 09:41:56,38,39,1390,1732
2023-11-16 09:42:00,38,40,1390,1732
2023-11-16 09:42:05,38,39,1390,1732
2023-11-16 09:42:14,38,40,1390,1732
2023-11-16 09:42:14,38,39,1390,1732
2023-11-16 09:42:20,38,40,1390,1732
2023-11-16 09:42:22,39,40,1390,1732
2023-11-16 09:42:24,39,41,1390,1732
2023-11-16 09:42:30,38,41,1390,1732
2023-11-16 09:42:30,38,40,1390,1732
2023-11-16 09:42:45,39,40,1390,1732
2023-11-16 09:42:45,39,41,1390,1732
2023-11-16 09:42:54,38,41,1390,1732
2023-11-16 09:42:58,38,40,1390,1732
2023-11-16 09:42:59,39,40,1390,1732
2023-11-16 09:42:59,39,41,1390,1732
2023-11-16 09:43:02,38,41,1390,1732
2023-11-16 09:43:02,38,40,1390,1732
2023-11-16 09:43:08,39,40,1390,1732
2023-11-16 09:43:10,38,40,1390,1732
2023-11-16 09:43:13,39,40,1390,1732
2023-11-16 09:43:17,39,41,1390,1732
2023-11-16 09:43:17,39,40,1390,1732
2023-11-16 09:43:28,38,40,1390,1732
2023-11-16 09:43:35,39,40,1390,1732
2023-11-16 09:43:48,39,41,1390,1732
2023-11-16 09:43:51,39,40,1390,1732
2023-11-16 09:44:03,39,41,1390,1732
2023-11-16 09:44:05,39,40,1390,1732
2023-11-16 09:44:13,39,41,1390,1732
2023-11-16 09:44:37,39,41,1489,1831
2023-11-16 09:45:02,39,42,1489,1831
2023-11-16 09:45:03,40,42,1489,1831
2023-11-16 09:45:07,41,42,1489,1831
2023-11-16 09:45:07,41,42,1489,1891
2023-11-16 09:45:08,41,42,1489,2014
2023-11-16 09:45:19,41,43,1489,2014
2023-11-16 09:45:23,42,43,1489,2014
2023-11-16 09:45:30,42,44,1489,2014
2023-11-16 09:45:37,43,44,1489,2014
2023-11-16 09:46:16,42,44,1489,2014
2023-11-16 09:46:16,43,44,1489,2014
2023-11-16 09:46:26,43,45,1489,2014
2023-11-16 09:46:26,44,45,1489,2014
2023-11-16 09:46:38,44,45,1549,2074
2023-11-16 09:46:45,43,45,1549,2074
2023-11-16 09:46:45,44,45,1549,2074
2023-11-16 09:46:51,43,45,1549,2074
2023-11-16 09:48:55,44,45,1549,2074
2023-11-16 09:49:00,44,46,1549,2074
2023-11-16 09:51:30,44,47,2199,2724
2023-11-16 09:51:31,45,47,2199,2724
2023-11-16 09:51:37,45,46,2199,2724
2023-11-16 09:51:38,44,46,2199,2724
2023-11-16 09:52:00,44,47,2199,2724
2023-11-16 09:52:02,44,46,2199,2724
2023-11-16 09:53:15,45,46,2199,2724
2023-11-16 09:53:17,45,47,2349,2874
2023-11-16 09:54:29,46,47,2349,2874
2023-11-16 09:54:32,46,47,2349,2918
2023-11-16 09:55:50,47,48,2349,2931
2023-11-16 09:56:01,47,48,2349,2995
2023-11-16 09:56:02,46,48,2349,2995
2023-11-16 09:56:38,47,48,2349,2995
2023-11-16 09:56:48,46,48,2349,3072
2023-11-16 09:56:48,46,47,2349,3072
2023-11-16 09:56:49,46,47,2272,3149
2023-11-16 09:56:49,46,48,2272,3149
2023-11-16 09:56:49,46,47,2272,3149
2023-11-16 09:56:51,46,47,2195,3226
2023-11-16 09:56:51,46,48,2195,3226
2023-11-16 09:56:51,46,47,2195,3226
2023-11-16 09:57:05,46,48,2195,3226
2023-11-16 09:57:55,46,47,2195,3226
2023-11-16 09:58:01,46,48,2195,3226
2023-11-16 09:58:01,46,47,2195,3226
2023-11-16 09:58:06,46,48,2195,3226
2023-11-16 09:58:06,46,47,2195,3226
2023-11-16 09:58:19,46,47,1995,3426
2023-11-16 09:58:36,46,48,1995,3426
2023-11-16 09:59:15,47,48,1995,3426
2023-11-16 09:59:46,46,48,1995,3426
2023-11-16 09:59:53,47,48,1995,3426
2023-11-16 09:59:55,46,48,1995,3426
2023-11-16 09:59:59,47,48,1995,3426
2023-11-16 10:00:20,46,48,1995,3426
2023-11-16 10:02:52,46,47,1995,3426
2023-11-16 10:04:18,45,47,2095,3526
2023-11-16 10:04:53,45,47,2095,3626
2023-11-16 10:05:29,45,48,2295,3826
2023-11-16 10:05:30,46,48,2295,3826
2023-11-16 10:06:07,47,48,2295,3826
2023-11-16 10:06:40,47,48,2826,4381
2023-11-16 10:06:40,47,49,2826,4381
2023-11-16 10:06:40,47,48,2826,4381
2023-11-16 10:06:41,47,49,2826,4381
2023-11-16 10:06:42,47,48,2826,4381
2023-11-16 10:06:43,47,49,2826,4381
2023-11-16 10:06:44,47,48,2826,4381
2023-11-16 10:07:43,46,48,2826,4381
2023-11-16 10:07:43,46,47,2826,4381
2023-11-16 10:07:51,46,48,2826,4381
2023-11-16 10:07:51,46,47,2826,4381
2023-11-16 10:07:55,46,48,2826,4381
2023-11-16 10:08:29,46,47,2826,4381
2023-11-16 10:08:30,46,47,2826,4496
2023-11-16 10:08:30,45,47,2826,4496
2023-11-16 10:09:03,46,47,2826,4496
2023-11-16 10:09:41,46,48,2826,4496
2023-11-16 10:09:41,47,48,2826,4496
2023-11-16 10:09:45,46,48,2826,4496
2023-11-16 10:09:45,47,48,2826,4496
2023-11-16 10:09:59,46,48,2826,4496
2023-11-16 10:09:59,47,48,2826,4496
2023-11-16 10:10:25,46,48,2826,4496
2023-11-16 10:10:25,47,48,2826,4496
2023-11-16 10:10:31,46,48,2826,4496
2023-11-16 10:10:31,47,48,2826,4496
2023-11-16 10:10:36,45,48,2826,4496
2023-11-16 10:10:36,47,48,2826,4496
2023-11-16 10:10:36,45,48,2826,4496
2023-11-16 10:10:36,47,48,2826,4496
2023-11-16 10:10:44,47,48,2826,4696
2023-11-16 10:10:44,47,48,2885,4756
2023-11-16 10:10:44,45,48,2885,4800
2023-11-16 10:11:11,45,47,2885,4800
2023-11-16 10:11:14,44,47,2885,4800
2023-11-16 10:11:24,45,47,2885,4800
2023-11-16 10:11:26,44,47,2885,4800
2023-11-16 10:11:28,45,47,2885,4800
2023-11-16 10:11:36,44,47,2885,4800
2023-11-16 10:11:39,45,47,2885,4800
2023-11-16 10:12:57,46,47,2885,4800
2023-11-16 10:13:00,46,48,2885,4800
2023-11-16 10:13:14,45,48,2885,4800
2023-11-16 10:13:16,45,47,2885,4800
2023-11-16 10:14:53,44,47,2885,4800
2023-11-16 10:14:56,45,47,2885,4800
2023-11-16 10:14:59,44,47,2885,4800
2023-11-16 10:15:05,44,46,2885,4800
2023-11-16 10:15:13,44,47,2885,4800
2023-11-16 10:15:14,44,46,2885,4800
2023-11-16 10:15:17,44,47,2885,4800
2023-11-16 10:15:17,44,46,2885,4800
2023-11-16 10:15:31,44,47,2885,4800
2023-11-16 10:15:31,45,47,2885,4800
2023-11-16 10:15:34,44,47,2885,4800
2023-11-16 10:15:36,45,47,2885,4800
2023-11-16 10:15:39,44,47,2885,4800
2023-11-16 10:15:40,45,47,2885,4800
2023-11-16 10:15:44,44,47,2885,4800
2023-11-16 10:15:52,44,46,2885,4800
2023-11-16 10:17:26,44,45,2885,4800
2023-11-16 10:17:38,43,45,2885,4800
2023-11-16 10:17:49,43,44,2885,4800
2023-11-16 10:18:10,42,43,2890,4805
2023-11-16 10:18:21,42,44,2890,4805
2023-11-16 10:18:21,42,43,2890,4805
2023-11-16 10:18:22,42,43,2890,4957
2023-11-16 10:18:27,42,44,2890,4957
2023-11-16 10:18:36,43,44,2890,4957
2023-11-16 10:18:56,42,44,2982,5049
2023-11-16 10:18:57,42,45,3340,5407
2023-11-16 10:18:58,43,45,3340,5407
2023-11-16 10:18:59,42,45,3340,5407
2023-11-16 10:18:59,43,45,3340,5407
2023-11-16 10:19:00,42,45,3340,5407
2023-11-16 10:19:06,43,45,3340,5407
2023-11-16 10:19:07,42,45,3340,5407
2023-11-16 10:19:10,42,44,3340,5407
2023-11-16 10:19:13,42,45,3340,5407
2023-11-16 10:19:15,42,44,3340,5407
2023-11-16 10:19:31,42,43,3340,5407
2023-11-16 10:19:32,42,44,3340,5407
2023-11-16 10:19:32,41,44,3340,5455
2023-11-16 10:19:33,41,43,3340,5455
2023-11-16 10:19:45,41,42,3340,5455
2023-11-16 10:19:45,41,42,3340,5515
2023-11-16 10:20:05,41,43,3340,5515
2023-11-16 10:20:32,43,44,3340,5715
2023-11-16 10:20:33,41,44,3340,5815
2023-11-16 10:20:34,42,44,3340,5815
2023-11-16 10:20:54,41,44,3340,5815
2023-11-16 10:21:04,42,44,3340,5815
2023-11-16 10:21:10,43,44,3340,5815
2023-11-16 10:21:11,42,44,3340,5815
2023-11-16 10:21:12,43,44,3340,5815
2023-11-16 10:21:13,42,44,3340,5815
2023-11-16 10:21:18,43,44,3340,5815
2023-11-16 10:21:21,43,45,3340,5815
2023-11-16 10:21:55,44,45,3340,5815
2023-11-16 10:21:56,44,46,3340,5815
2023-11-16 10:21:57,45,46,3340,5815
2023-11-16 10:22:19,44,46,3340,5815
2023-11-16 10:22:27,45,46,3340,5815
2023-11-16 10:22:33,44,46,3340,5815
2023-11-16 10:23:13,45,46,3340,5815
2023-11-16 10:23:21,45,47,3340,5815
2023-11-16 10:23:30,46,47,3340,5815
2023-11-16 10:23:56,46,48,3340,5815
2023-11-16 10:24:34,47,48,3340,5815
2023-11-16 10:24:34,47,48,3340,5981
2023-11-16 10:24:35,46,48,3340,5981
2023-11-16 10:24:40,47,48,3340,5981
2023-11-16 10:24:44,47,49,3340,5981
2023-11-16 10:24:52,48,49,3340,5981
2023-11-16 10:24:52,48,49,3340,6041
2023-11-16 10:24:53,47,49,3340,6041
2023-11-16 10:24:57,47,50,3340,6041
2023-11-16 10:24:58,48,50,3340,6041
2023-11-16 10:26:42,49,50,3340,6041
2023-11-16 10:26:49,48,50,3340,6041
2023-11-16 10:26:53,49,50,3340,6041
2023-11-16 10:26:54,48,50,3340,6041
2023-11-16 10:27:26,47,50,3340,6041
2023-11-16 10:27:38,47,49,3340,6041
2023-11-16 10:27:51,47,48,3340,6041
2023-11-16 10:27:58,47,49,3340,6041
2023-11-16 10:28:31,47,48,3340,6041
2023-11-16 10:28:35,47,49,3340,6041
2023-11-16 10:28:35,47,48,3340,6041
2023-11-16 10:28:55,47,49,3340,6041
2023-11-16 10:29:13,48,49,3340,6041
2023-11-16 10:29:32,48,50,3340,6041
2023-11-16 10:29:41,49,50,3340,6041
2023-11-16 10:29:57,48,50,3340,6041
2023-11-16 10:30:17,49,50,3340,6041
2023-11-16 10:30:25,48,50,3340,6041
2023-11-16 10:30:42,49,50,3340,6041
2023-11-16 10:31:05,49,51,3731,6535
2023-11-16 10:31:05,49,50,3731,6535
2023-11-16 10:31:26,49,51,3731,6535
2023-11-16 10:31:26,49,50,3731,6535
2023-11-16 10:31:30,49,50,3731,6735
2023-11-16 10:31:31,49,50,3731,7135
2023-11-16 10:31:33,49,51,3909,7313
2023-11-16 10:31:34,50,51,3909,7313
2023-11-16 10:31:34,50,51,3909,7456
2023-11-16 10:31:42,49,51,3909,7456
2023-11-16 10:31:57,49,50,3909,7456
2023-11-16 10:32:40,49,50,3909,7556
2023-11-16 10:32:44,49,51,3909,7556
2023-11-16 10:32:44,49,50,3909,7556
2023-11-16 10:33:03,48,50,3909,7556
2023-11-16 10:33:03,48,49,3909,7556
2023-11-16 10:33:13,47,49,3909,7556
2023-11-16 10:33:25,47,48,3909,7556
2023-11-16 10:33:33,46,48,3909,7556
2023-11-16 10:33:41,46,49,3909,7556
2023-11-16 10:33:41,46,48,3909,7556
2023-11-16 10:33:48,46,49,3909,7556
2023-11-16 10:33:52,46,48,3909,7556
2023-11-16 10:33:54,46,49,3909,7556
2023-11-16 10:33:56,46,48,3909,7556
2023-11-16 10:33:59,47,48,3909,7556
2023-11-16 10:34:00,47,49,3909,7556
2023-11-16 10:34:00,47,48,3909,7556
2023-11-16 10:34:04,47,49,3909,7556
2023-11-16 10:34:04,47,48,3909,7556
2023-11-16 10:34:05,47,49,3909,7556
2023-11-16 10:34:05,47,48,3909,7556
2023-11-16 10:34:06,47,49,3909,7556
2023-11-16 10:34:18,47,48,3909,7556
2023-11-16 10:34:20,47,48,3909,7616
2023-11-16 10:34:20,46,48,3909,7616
2023-11-16 10:34:31,46,48,3817,7708
2023-11-16 10:34:35,46,47,3817,7708
2023-11-16 10:34:36,45,47,3817,7708
2023-11-16 10:34:48,44,47,3817,7708
2023-11-16 10:34:48,44,46,3817,7708
2023-11-16 10:34:57,44,45,3817,7708
2023-11-16 10:34:57,44,46,3817,7708
2023-11-16 10:34:58,44,45,3817,7708
2023-11-16 10:34:58,44,46,3817,7708
2023-11-16 10:34:59,44,45,3817,7708
2023-11-16 10:35:01,44,46,3817,7708
2023-11-16 10:35:05,44,45,3817,7708
2023-11-16 10:35:06,43,45,3817,7708
2023-11-16 10:35:08,43,44,3817,7708
2023-11-16 10:35:11,43,44,3817,7828
2023-11-16 10:35:12,42,44,3817,7828
2023-11-16 10:35:18,41,44,3817,7828
2023-11-16 10:35:18,41,43,3817,7828
2023-11-16 10:35:21,40,43,3817,7828
2023-11-16 10:35:33,41,43,3817,7828
2023-11-16 10:35:37,41,42,3817,7828
2023-11-16 10:35:38,41,43,3817,7828
2023-11-16 10:35:38,41,42,3817,7828
2023-11-16 10:35:39,41,43,3817,7828
2023-11-16 10:35:42,40,43,3817,7828
2023-11-16 10:35:42,41,43,3817,7828
2023-11-16 10:35:48,41,42,3817,7828
2023-11-16 10:35:49,41,42,3567,8078
2023-11-16 10:35:49,40,41,3567,8388
2023-11-16 10:35:49,39,41,3567,8388
2023-11-16 10:36:00,40,41,3567,8388
2023-11-16 10:36:00,40,41,3567,8508
2023-11-16 10:36:01,39,41,3379,8696
2023-11-16 10:36:12,40,41,3379,8696
2023-11-16 10:36:28,41,42,3379,8696
2023-11-16 10:36:30,40,42,3379,8696
2023-11-16 10:36:30,41,42,3379,8696
2023-11-16 10:37:11,41,42,3379,8786
2023-11-16 10:37:11,40,42,3379,8786
2023-11-16 10:37:30,40,43,3379,8786
2023-11-16 10:37:35,41,43,3379,8786
2023-11-16 10:37:49,41,44,3379,8786
2023-11-16 10:37:49,42,44,3379,8786
2023-11-16 10:38:28,41,44,3379,8786
2023-11-16 10:38:32,41,43,3379,8786
2023-11-16 10:38:34,40,43,3379,8786
2023-11-16 10:38:44,41,43,3379,8786
2023-11-16 10:38:52,40,43,3379,8786
2023-11-16 10:38:54,41,43,3379,8786
2023-11-16 10:38:55,40,43,3379,8786
2023-11-16 10:39:00,39,43,3379,8786
2023-11-16 10:39:00,39,42,3379,8786
2023-11-16 10:39:02,40,42,3379,8786
2023-11-16 10:39:05,40,43,3379,8786
2023-11-16 10:39:05,40,42,3379,8786
2023-11-16 10:39:07,39,42,3379,8786
2023-11-16 10:39:18,40,42,3379,8786
2023-11-16 10:39:24,39,42,3379,8786
2023-11-16 10:39:25,39,41,3379,8786
2023-11-16 10:39:25,39,42,3379,8786
2023-11-16 10:39:26,39,41,3379,8786
2023-11-16 10:39:30,39,42,3379,8786
2023-11-16 10:39:33,40,42,3379,8786
2023-11-16 10:39:35,40,43,3379,8786
2023-11-16 10:39:38,41,43,3379,8786
2023-11-16 10:39:59,41,44,3379,8786
2023-11-16 10:40:09,41,43,3379,8786
2023-11-16 10:40:14,41,44,3379,8786
2023-11-16 10:40:22,40,44,3379,8786
2023-11-16 10:40:22,40,43,3379,8786
2023-11-16 10:40:35,41,43,3379,8786
2023-11-16 10:40:36,42,43,3379,8786
2023-11-16 10:40:36,42,44,3379,8786
2023-11-16 10:40:57,42,43,3379,8786
2023-11-16 10:41:04,42,44,3379,8786
2023-11-16 10:41:05,42,43,3379,8786
2023-11-16 10:41:23,40,42,3384,8791
2023-11-16 10:41:25,40,43,3384,8791
2023-11-16 10:41:26,40,42,3384,8791
2023-11-16 10:41:27,40,43,3384,8791
2023-11-16 10:41:28,40,42,3384,8791
2023-11-16 10:41:30,39,42,3384,8791
2023-11-16 10:41:40,39,41,3384,8791
2023-11-16 10:41:55,38,41,3384,8791
2023-11-16 10:41:55,38,40,3384,8791
2023-11-16 10:42:02,37,40,3384,8791
2023-11-16 10:42:03,36,38,3384,8791
2023-11-16 10:42:04,36,37,3384,8791
2023-11-16 10:42:04,36,37,3384,8971
2023-11-16 10:42:05,35,37,3384,8971
2023-11-16 10:42:15,35,38,3384,8971
2023-11-16 10:42:18,36,38,3384,8971
2023-11-16 10:42:31,36,40,3384,8971
2023-11-16 10:42:31,37,40,3384,8971
2023-11-16 10:42:36,38,40,3384,8971
2023-11-16 10:42:37,38,40,3432,9019
2023-11-16 10:42:46,39,40,3432,9019
2023-11-16 10:42:47,39,41,3432,9019
2023-11-16 10:42:54,39,42,3432,9019
2023-11-16 10:42:58,39,42,3432,9019
2023-11-16 10:42:58,40,42,3432,9019
2023-11-16 10:43:07,39,42,3432,9019
2023-11-16 10:43:07,40,42,3432,9019
2023-11-16 10:43:08,39,42,3432,9019
2023-11-16 10:43:11,40,42,3432,9019
2023-11-16 10:43:18,39,42,3432,9019
2023-11-16 10:43:33,39,41,3432,9019
2023-11-16 10:43:33,40,41,3432,9019
2023-11-16 10:43:33,40,42,3432,9019
2023-11-16 10:43:34,40,41,3432,9019
2023-11-16 10:43:39,40,42,3432,9019
2023-11-16 10:44:11,40,43,3432,9019
2023-11-16 10:44:18,40,42,3432,9019
2023-11-16 10:44:18,39,42,3232,9219
2023-11-16 10:44:19,39,41,3232,9219
2023-11-16 10:44:19,38,40,3232,9219
2023-11-16 10:44:20,37,40,3232,9219
2023-11-16 10:44:22,36,40,3232,9219
2023-11-16 10:44:22,36,39,3232,9219
2023-11-16 10:44:25,36,40,3232,9219
2023-11-16 10:44:25,37,40,3232,9219
2023-11-16 10:44:27,37,40,3232,9219
2023-11-16 10:44:28,36,40,3232,9219
2023-11-16 10:44:28,36,39,3232,9219
2023-11-16 10:44:35,36,38,3232,9219
2023-11-16 10:44:35,37,38,3232,9219
2023-11-16 10:44:36,37,39,3232,9219
2023-11-16 10:44:46,37,38,3232,9219
2023-11-16 10:44:56,37,39,3232,9219
2023-11-16 10:44:58,37,38,3232,9219
2023-11-16 10:45:02,37,39,3232,9219
2023-11-16 10:45:03,37,38,3232,9219
2023-11-16 10:45:05,37,39,3232,9219
2023-11-16 10:45:07,37,38,3232,9219
2023-11-16 10:45:20,37,39,3232,9219
2023-11-16 10:45:21,37,38,3232,9219
2023-11-16 10:45:22,37,39,3232,9219
2023-11-16 10:45:27,37,38,3232,9219
2023-11-16 10:45:28,37,39,3232,9219
2023-11-16 10:45:31,37,38,3232,9219
2023-11-16 10:45:32,37,39,3232,9219
2023-11-16 10:45:33,37,38,3232,9219
2023-11-16 10:45:35,37,39,3232,9219
2023-11-16 10:45:49,37,39,3282,9269
2023-11-16 10:45:52,37,40,3282,9269
2023-11-16 10:45:54,37,39,3282,9269
2023-11-16 10:45:56,37,40,3282,9269
2023-11-16 10:45:57,37,39,3282,9269
2023-11-16 10:45:59,37,40,3282,9269
2023-11-16 10:46:00,37,39,3282,9269
2023-11-16 10:46:17,37,40,3282,9269
2023-11-16 10:46:22,37,39,3282,9269
2023-11-16 10:46:41,37,40,3282,9269
2023-11-16 10:46:42,38,40,3282,9269
2023-11-16 10:46:49,38,41,3282,9269
2023-11-16 10:46:56,39,42,3282,9269
2023-11-16 10:47:00,39,43,3682,9669
2023-11-16 10:47:01,40,43,3682,9669
2023-11-16 10:47:01,41,43,3682,9669
2023-11-16 10:47:10,42,43,3682,9669
2023-11-16 10:47:11,41,43,3682,9669
2023-11-16 10:47:14,42,43,3682,9669
2023-11-16 10:47:17,42,44,3882,9869
2023-11-16 10:47:32,43,44,3882,9869
2023-11-16 10:47:33,42,44,3882,9869
2023-11-16 10:47:36,43,44,3882,9869
2023-11-16 10:47:38,42,44,3882,9869
2023-11-16 10:47:39,43,44,3882,9869
2023-11-16 10:47:39,43,45,3882,9869
2023-11-16 10:47:43,44,45,3882,9869
2023-11-16 10:47:44,44,46,3882,9869
2023-11-16 10:47:56,43,46,3882,9869
2023-11-16 10:48:21,43,45,3882,9869
2023-11-16 10:48:31,43,46,3882,9869
2023-11-16 10:48:38,44,46,3882,9869
2023-11-16 10:48:54,43,46,3882,9869
2023-11-16 10:48:56,44,46,3882,9869
2023-11-16 10:49:23,43,46,3882,9869
2023-11-16 10:49:39,43,45,3882,9869
2023-11-16 10:49:42,43,44,3882,9869
2023-11-16 10:49:44,43,45,3882,9869
2023-11-16 10:49:44,43,44,3882,9869
2023-11-16 10:49:44,43,45,3882,9869
2023-11-16 10:49:44,43,44,3882,9869
2023-11-16 10:49:47,43,46,3882,9869
2023-11-16 10:49:47,43,44,3882,9869
2023-11-16 10:49:47,43,45,3882,9869
2023-11-16 10:49:47,43,44,3882,9869
2023-11-16 10:49:52,43,45,3882,9869
2023-11-16 10:49:58,43,46,3882,9869
2023-11-16 10:50:05,42,46,3882,9869
2023-11-16 10:50:05,42,45,3882,9869
2023-11-16 10:50:08,43,45,3882,9869
2023-11-16 10:50:13,42,45,3882,9869
2023-11-16 10:50:15,43,45,3882,9869
2023-11-16 10:50:17,43,46,3882,9869
2023-11-16 10:50:23,43,45,3882,9869
2023-11-16 10:50:27,42,45,3882,9869
2023-11-16 10:50:59,41,45,3882,9869
2023-11-16 10:51:00,41,44,3882,9869
2023-11-16 10:51:01,42,44,3882,9869
2023-11-16 10:51:01,42,45,3882,9869
2023-11-16 10:51:27,41,45,3882,9869
2023-11-16 10:51:28,41,44,3882,9869
2023-11-16 10:51:29,41,43,3882,9869
2023-11-16 10:51:52,41,42,3882,9869
2023-11-16 10:51:52,38,42,3882,9869
2023-11-16 10:51:52,38,40,3882,9869
2023-11-16 10:51:52,38,40,3882,9929
2023-11-16 10:52:11,38,39,3882,9929
2023-11-16 10:52:14,38,40,3882,9929
2023-11-16 10:52:24,39,40,3882,9929
2023-11-16 10:52:28,38,40,3882,9929
2023-11-16 10:52:36,39,40,3882,9929
2023-11-16 10:52:46,38,39,3883,9930
2023-11-16 10:52:48,37,39,3883,9930
2023-11-16 10:53:03,37,40,3883,9930
2023-11-16 10:53:20,38,40,3883,9930
2023-11-16 10:53:29,37,40,3883,9930
2023-11-16 10:53:29,38,40,3883,9930
2023-11-16 10:53:42,37,40,3883,9930
2023-11-16 10:53:56,38,40,3883,9930
2023-11-16 10:54:12,37,40,3883,9930
2023-11-16 10:54:12,37,39,3883,9930
2023-11-16 10:54:16,37,40,3883,9930
2023-11-16 10:54:16,37,39,3883,9930
2023-11-16 10:54:29,37,38,3883,9930
2023-11-16 10:54:30,37,39,3883,9930
2023-11-16 10:54:30,37,38,3883,9930
2023-11-16 10:54:32,37,39,3883,9930
2023-11-16 10:54:32,37,38,3883,9930
2023-11-16 10:54:34,37,39,3883,9930
2023-11-16 10:54:34,37,38,3883,9930
2023-11-16 10:54:55,36,38,3883,9930
2023-11-16 10:55:09,36,37,3883,9930
2023-11-16 10:55:24,35,37,3883,10130
2023-11-16 10:55:28,35,38,3883,10130
2023-11-16 10:55:40,36,38,3883,10130
2023-11-16 10:55:46,35,38,3883,10130
2023-11-16 10:55:49,36,38,3883,10130
2023-11-16 10:55:53,35,38,3883,10130
2023-11-16 10:56:00,35,37,3883,10130
2023-11-16 10:56:07,35,36,3883,10130
2023-11-16 10:56:26,34,36,3883,10130
2023-11-16 10:56:34,33,36,3883,10130
2023-11-16 10:56:44,33,35,3883,10130
2023-11-16 10:56:47,33,36,3883,10130
2023-11-16 10:56:51,34,36,3883,10130
2023-11-16 10:57:13,34,37,3883,10130
2023-11-16 10:57:17,35,37,3883,10130
2023-11-16 10:57:19,35,38,3883,10130
2023-11-16 10:57:21,36,38,3883,10130
2023-11-16 10:57:36,36,39,3883,10130
2023-11-16 10:57:36,37,39,3883,10130
2023-11-16 10:57:36,36,39,3883,10330
2023-11-16 10:57:37,37,39,3883,10330
2023-11-16 10:57:46,36,39,3883,10330
2023-11-16 10:57:57,38,39,3883,10330
2023-11-16 10:57:57,38,40,3883,10330
2023-11-16 10:58:11,39,40,3883,10330
2023-11-16 10:58:19,38,40,3883,10330
2023-11-16 10:58:32,38,40,3883,10630
2023-11-16 10:58:33,37,40,3883,10630
2023-11-16 10:58:45,37,39,3883,10630
2023-11-16 10:58:46,37,40,3883,10630
2023-11-16 10:58:51,37,39,3883,10630
2023-11-16 10:58:52,37,40,3883,10630
2023-11-16 10:58:54,37,39,3883,10630
2023-11-16 10:58:56,37,40,3883,10630
2023-11-16 10:58:58,37,39,3883,10630
2023-11-16 10:58:59,37,40,3883,10630
2023-11-16 10:59:00,36,40,3883,10630
2023-11-16 10:59:00,36,39,3883,10630
2023-11-16 10:59:07,37,39,3883,10630
2023-11-16 10:59:08,37,40,3883,10630
2023-11-16 10:59:15,37,39,3883,10630
2023-11-16 10:59:16,37,40,3883,10630
2023-11-16 10:59:22,37,39,3883,10630
2023-11-16 10:59:24,36,39,3883,10630
2023-11-16 11:00:10,37,39,3883,10630
2023-11-16 11:00:12,37,40,3883,10630
2023-11-16 11:00:16,37,39,3883,10630
2023-11-16 11:00:17,36,39,3883,10630
2023-11-16 11:00:32,36,38,3883,10630
2023-11-16 11:00:33,35,38,3883,10630
2023-11-16 11:00:48,34,38,3883,10630
2023-11-16 11:00:48,34,37,3883,10630
2023-11-16 11:00:53,33,37,3883,10630
2023-11-16 11:00:53,33,36,3883,10630
2023-11-16 11:00:57,34,36,3883,10630
2023-11-16 11:01:01,34,37,3883,10630
2023-11-16 11:01:05,35,37,3883,10630
2023-11-16 11:01:06,35,38,3883,10630
2023-11-16 11:01:52,34,38,3883,10630
2023-11-16 11:01:52,35,38,3883,10630
2023-11-16 11:01:54,35,37,3883,10630
2023-11-16 11:01:58,34,37,3883,10630
2023-11-16 11:02:06,34,38,3883,10630
2023-11-16 11:02:06,35,38,3883,10630
2023-11-16 11:02:07,34,38,3883,10630
2023-11-16 11:02:10,35,38,3883,10630
2023-11-16 11:02:16,34,38,3883,10630
2023-11-16 11:02:17,34,37,3883,10630
2023-11-16 11:02:21,35,37,3883,10630
2023-11-16 11:02:23,34,37,3883,10630
2023-11-16 11:02:32,34,38,3883,10630
2023-11-16 11:02:33,34,37,3883,10630
2023-11-16 11:02:34,34,38,3883,10630
2023-11-16 11:02:36,35,38,3883,10630
2023-11-16 11:02:51,34,38,3883,10630
2023-11-16 11:03:07,33,37,3883,10630
2023-11-16 11:03:08,34,36,3883,10630
2023-11-16 11:03:09,34,37,3883,10630
2023-11-16 11:03:13,35,37,3883,10630
2023-11-16 11:03:14,35,38,3883,10630
2023-11-16 11:03:15,35,37,3883,10630
2023-11-16 11:03:17,35,38,3883,10630
2023-11-16 11:03:20,36,38,3883,10630
2023-11-16 11:03:25,36,39,3883,10630
2023-11-16 11:03:35,36,40,3883,10630
2023-11-16 11:03:39,36,40,3883,10630
2023-11-16 11:03:40,36,39,3883,10630
2023-11-16 11:03:58,36,40,3883,10630
2023-11-16 11:03:58,37,40,3883,10630
2023-11-16 11:03:59,36,40,3883,10630
2023-11-16 11:03:59,36,39,3883,10630
2023-11-16 11:04:01,37,39,3883,10630
2023-11-16 11:04:01,37,40,3883,10630
2023-11-16 11:04:04,38,40,3883,10630
2023-11-16 11:04:12,37,40,3883,10630
2023-11-16 11:04:12,38,40,3883,10630
2023-11-16 11:04:36,39,40,3883,10630
2023-11-16 11:04:39,39,40,4133,10880
2023-11-16 11:04:40,40,42,4133,11030
2023-11-16 11:04:49,39,42,4133,11030
2023-11-16 11:04:55,39,41,4133,11030
2023-11-16 11:04:56,38,41,4133,11030
2023-11-16 11:05:05,38,40,4133,11030
2023-11-16 11:05:06,37,40,4133,11030
2023-11-16 11:05:24,36,40,4133,11030
2023-11-16 11:05:24,36,39,4133,11030
2023-11-16 11:05:36,37,39,4133,11030
2023-11-16 11:05:38,37,40,4133,11030
2023-11-16 11:05:47,37,39,4133,11030
2023-11-16 11:05:50,37,40,4133,11030
2023-11-16 11:06:10,37,39,4133,11030
2023-11-16 11:06:12,37,40,4133,11030
2023-11-16 11:06:18,38,40,4133,11030
2023-11-16 11:06:19,38,41,4133,11030
2023-11-16 11:06:23,39,41,4133,11030
2023-11-16 11:06:24,39,42,4133,11030
2023-11-16 11:06:47,40,42,4133,11030
2023-11-16 11:07:18,39,42,4133,11030
2023-11-16 11:07:35,39,42,4173,11070
2023-11-16 11:07:47,39,41,4173,11070
2023-11-16 11:07:50,39,42,4173,11070
2023-11-16 11:08:15,39,41,4173,11070
2023-11-16 11:08:18,39,42,4173,11070
2023-11-16 11:08:19,39,41,4173,11070
2023-11-16 11:08:20,39,42,4173,11070
2023-11-16 11:08:26,39,41,4173,11070
2023-11-16 11:08:29,39,42,4173,11070
2023-11-16 11:08:30,39,41,4173,11070
2023-11-16 11:08:32,39,42,4173,11070
2023-11-16 11:08:33,40,42,4173,11070
2023-11-16 11:08:33,40,42,4173,11110
2023-11-16 11:08:36,41,42,4173,11110
2023-11-16 11:08:37,41,43,4173,11110
2023-11-16 11:08:41,40,43,4173,11110
2023-11-16 11:08:58,40,42,4173,11110
2023-11-16 11:08:59,39,42,4173,11110
2023-11-16 11:09:02,38,42,4173,11110
2023-11-16 11:09:03,38,40,4173,11110
2023-11-16 11:09:04,38,41,4173,11110
2023-11-16 11:09:16,38,40,4173,11110
2023-11-16 11:09:17,37,40,4173,11110
2023-11-16 11:09:23,37,39,4173,11110
2023-11-16 11:09:23,37,40,4173,11110
2023-11-16 11:09:24,37,39,4173,11110
2023-11-16 11:09:26,37,40,4173,11110
2023-11-16 11:09:27,37,38,4173,11110
2023-11-16 11:09:27,36,38,4173,11110
2023-11-16 11:09:27,36,37,4173,11110
2023-11-16 11:09:40,35,36,4173,11110
2023-11-16 11:09:40,35,36,4173,11170
2023-11-16 11:09:41,34,36,4173,11170
2023-11-16 11:09:52,34,37,4173,11170
2023-11-16 11:10:02,35,37,4173,11170
2023-11-16 11:10:04,34,37,4173,11170
2023-11-16 11:10:23,34,36,4173,11170
2023-11-16 11:10:32,33,36,4173,11170
2023-11-16 11:10:33,33,35,4173,11170
2023-11-16 11:10:38,33,36,4173,11170
2023-11-16 11:10:58,34,36,4173,11170
2023-11-16 11:10:59,34,37,4173,11170
2023-11-16 11:11:04,35,37,4173,11170
2023-11-16 11:11:07,36,37,4173,11170
2023-11-16 11:11:15,35,37,4173,11170
2023-11-16 11:11:48,34,37,4173,11170
2023-11-16 11:11:56,34,36,4173,11170
2023-11-16 11:12:00,33,36,4173,11170
2023-11-16 11:12:03,34,36,4173,11170
2023-11-16 11:12:21,34,35,4173,11170
2023-11-16 11:12:22,33,35,4173,11170
2023-11-16 11:12:27,33,36,4173,11170
2023-11-16 11:12:28,33,35,4173,11170
2023-11-16 11:12:29,33,36,4173,11170
2023-11-16 11:12:31,33,35,4173,11170
2023-11-16 11:12:38,32,35,4173,11170
2023-11-16 11:12:38,32,34,4173,11170
2023-11-16 11:12:41,32,35,4173,11170
2023-11-16 11:12:51,32,34,4173,11170
2023-11-16 11:12:54,32,33,4173,11170
2023-11-16 11:12:54,31,33,3973,11370
2023-11-16 11:12:55,31,32,3973,11370
2023-11-16 11:12:55,30,32,3973,11370
2023-11-16 11:12:55,30,31,3973,11370
2023-11-16 11:12:58,29,31,3973,11445
2023-11-16 11:12:59,28,31,3973,11445
2023-11-16 11:13:05,28,30,3973,11445
2023-11-16 11:13:13,28,29,3973,11445
2023-11-16 11:13:22,27,29,4171,11645
2023-11-16 11:13:22,27,28,4171,11645
2023-11-16 11:13:24,28,29,4305,11779
2023-11-16 11:13:24,27,29,4371,11845
2023-11-16 11:13:26,28,29,4371,11845
2023-11-16 11:13:26,28,29,4621,12095
2023-11-16 11:13:26,28,30,4621,12095
2023-11-16 11:13:28,28,31,4621,12095
2023-11-16 11:13:29,29,31,4621,12095
2023-11-16 11:13:34,29,32,4815,12289
2023-11-16 11:13:35,30,32,4815,12289
2023-11-16 11:13:39,30,32,4815,12539
2023-11-16 11:13:40,30,34,4817,12689
2023-11-16 11:13:40,31,34,4817,12689
2023-11-16 11:13:41,32,34,4817,12689
2023-11-16 11:13:43,31,34,4817,12689
2023-11-16 11:13:49,32,34,4817,12689
2023-11-16 11:13:53,32,35,4817,12689
2023-11-16 11:13:54,33,35,4817,12689
2023-11-16 11:13:59,32,35,4817,12689
2023-11-16 11:14:01,33,35,4817,12689
2023-11-16 11:14:10,34,35,4817,12689
2023-11-16 11:14:10,34,35,4817,12749
2023-11-16 11:14:14,34,36,4817,12749
2023-11-16 11:14:15,34,37,4817,12749
2023-11-16 11:14:15,35,37,4817,12749
2023-11-16 11:14:19,36,37,4817,12749
2023-11-16 11:14:30,36,38,5017,12949
2023-11-16 11:14:33,37,38,5017,12949
2023-11-16 11:14:33,36,38,5017,12949
2023-11-16 11:14:34,37,38,5017,12949
2023-11-16 11:14:36,37,39,5017,12949
2023-11-16 11:14:38,37,40,5017,12949
2023-11-16 11:14:38,38,40,5017,12949
2023-11-16 11:14:47,39,40,5017,12949
2023-11-16 11:14:48,38,40,5017,12949
2023-11-16 11:14:52,39,40,5017,12949
2023-11-16 11:15:01,38,40,5017,12949
2023-11-16 11:15:16,39,40,5017,12949
2023-11-16 11:15:19,39,41,5017,12949
2023-11-16 11:15:26,39,41,5136,13068
2023-11-16 11:15:35,38,41,5136,13068
2023-11-16 11:15:38,38,40,5136,13068
2023-11-16 11:15:42,37,40,5136,13068
2023-11-16 11:15:42,37,39,5136,13068
2023-11-16 11:15:49,36,39,5136,13068
2023-11-16 11:15:50,37,39,5136,13068
2023-11-16 11:15:51,36,39,5136,13068
2023-11-16 11:15:53,36,38,5136,13068
2023-11-16 11:15:55,35,38,5136,13068
2023-11-16 11:15:55,35,37,5136,13068
2023-11-16 11:16:01,34,37,5136,13068
2023-11-16 11:16:07,34,36,5136,13068
2023-11-16 11:16:07,34,37,5136,13068
2023-11-16 11:16:07,34,36,5136,13068
2023-11-16 11:16:10,34,35,5136,13068
2023-11-16 11:16:11,34,35,5154,13207
2023-11-16 11:16:13,34,35,5311,13364
2023-11-16 11:16:14,33,35,5415,13468
2023-11-16 11:16:14,33,34,5415,13468
2023-11-16 11:16:16,33,35,5415,13468
2023-11-16 11:16:20,33,36,5415,13468
2023-11-16 11:16:23,34,36,5415,13468
2023-11-16 11:16:26,33,36,5415,13468
2023-11-16 11:16:30,33,35,5415,13468
2023-11-16 11:16:30,33,35,5475,13528
2023-11-16 11:16:43,32,35,5475,13528
2023-11-16 11:16:43,32,34,5475,13528
2023-11-16 11:16:53,32,33,5475,13528
2023-11-16 11:16:53,31,33,5275,13728
2023-11-16 11:16:54,31,32,5275,13728
2023-11-16 11:16:55,30,32,5275,13728
2023-11-16 11:17:01,30,33,5275,13728
2023-11-16 11:17:02,30,32,5275,13728
2023-11-16 11:17:07,30,33,5275,13728
2023-11-16 11:17:09,30,32,5275,13728
2023-11-16 11:17:23,30,31,5275,13728
2023-11-16 11:17:23,30,32,5275,13728
2023-11-16 11:17:24,30,31,5275,13728
2023-11-16 11:17:28,30,32,5275,13728
2023-11-16 11:17:30,30,31,5275,13728
2023-11-16 11:17:33,30,31,5275,13978
2023-11-16 11:17:33,30,31,5136,14117
2023-11-16 11:17:33,29,31,5136,14117
2023-11-16 11:17:33,28,31,5136,14117
2023-11-16 11:17:34,28,30,5136,14117
2023-11-16 11:17:49,27,30,5136,14117
2023-11-16 11:17:49,27,29,5136,14117
2023-11-16 11:17:52,28,29,5136,14117
2023-11-16 11:17:54,28,30,5136,14117
2023-11-16 11:17:58,28,31,5136,14117
2023-11-16 11:18:06,28,32,5136,14117
2023-11-16 11:18:06,28,31,5136,14117
2023-11-16 11:18:08,28,32,5136,14117
2023-11-16 11:18:09,28,32,5136,14117
2023-11-16 11:18:09,28,31,5136,14117
2023-11-16 11:18:14,29,31,5136,14117
2023-11-16 11:18:16,30,31,5136,14117
2023-11-16 11:18:16,30,31,5136,14218
2023-11-16 11:18:16,29,31,5136,14218
2023-11-16 11:18:20,29,30,5136,14218
2023-11-16 11:18:21,29,31,5136,14218
2023-11-16 11:18:21,30,31,5136,14218
2023-11-16 11:18:23,29,31,5136,14218
2023-11-16 11:18:25,30,31,5136,14218
2023-11-16 11:18:33,30,32,5136,14218
2023-11-16 11:18:47,31,32,5136,14218
2023-11-16 11:18:48,31,33,5136,14218
2023-11-16 11:18:49,31,34,5136,14218
2023-11-16 11:18:51,32,34,5136,14218
2023-11-16 11:19:02,31,34,5136,14218
2023-11-16 11:19:02,31,33,5136,14218
2023-11-16 11:19:02,31,32,5136,14218
2023-11-16 11:19:03,29,32,5136,14218
2023-11-16 11:19:03,28,32,5136,14218
2023-11-16 11:19:04,28,31,5136,14218
2023-11-16 11:19:05,28,32,5136,14218
2023-11-16 11:19:19,28,31,5136,14218
2023-11-16 11:19:19,28,30,5136,14218
2023-11-16 11:19:22,29,30,5136,14218
2023-11-16 11:19:24,28,30,5136,14218
2023-11-16 11:19:33,28,31,5136,14218
2023-11-16 11:19:34,29,31,5136,14218
2023-11-16 11:19:36,28,31,5136,14218
2023-11-16 11:19:36,29,31,5136,14218
2023-11-16 11:19:40,28,31,5136,14218
2023-11-16 11:19:40,29,31,5136,14218
2023-11-16 11:19:42,28,31,5136,14218
2023-11-16 11:19:43,29,31,5136,14218
2023-11-16 11:19:44,28,31,5136,14218
2023-11-16 11:19:45,29,31,5136,14218
2023-11-16 11:19:57,29,32,5136,14218
2023-11-16 11:19:57,29,32,5136,14327
2023-11-16 11:19:59,30,32,5136,14327
2023-11-16 11:20:00,29,32,5136,14327
2023-11-16 11:20:01,30,32,5136,14327
2023-11-16 11:20:06,29,32,5136,14327
2023-11-16 11:20:07,30,32,5136,14327
2023-11-16 11:20:20,29,32,5136,14327
2023-11-16 11:20:21,30,32,5136,14327
2023-11-16 11:20:24,29,32,5136,14327
2023-11-16 11:20:24,30,32,5136,14327
2023-11-16 11:20:27,29,32,5136,14327
2023-11-16 11:20:27,30,32,5136,14327
2023-11-16 11:20:28,31,32,5136,14327
2023-11-16 11:20:30,30,32,5136,14327
2023-11-16 11:20:50,30,31,5136,14327
2023-11-16 11:20:51,30,32,5136,14327
2023-11-16 11:20:53,31,32,5136,14327
2023-11-16 11:20:53,31,33,5136,14327
2023-11-16 11:20:54,30,33,5136,14327
2023-11-16 11:20:55,31,33,5136,14327
2023-11-16 11:20:56,30,33,5136,14327
2023-11-16 11:20:57,31,33,5136,14327
2023-11-16 11:20:59,30,33,5136,14327
2023-11-16 11:21:00,30,32,5136,14327
2023-11-16 11:21:03,30,33,5136,14327
2023-11-16 11:21:03,31,33,5136,14327
2023-11-16 11:21:04,31,32,5136,14327
2023-11-16 11:21:04,30,32,5136,14327
2023-11-16 11:21:07,31,32,5136,14327
2023-11-16 11:21:12,30,32,5136,14327
2023-11-16 11:21:27,31,32,5136,14327
2023-11-16 11:21:29,30,32,5136,14327
2023-11-16 11:21:31,31,32,5136,14327
2023-11-16 11:21:37,30,32,5136,14327
2023-11-16 11:21:40,31,32,5136,14327
2023-11-16 11:21:42,31,33,5136,14327
2023-11-16 11:21:43,31,32,5136,14327
2023-11-16 11:21:48,30,32,5136,14327
2023-11-16 11:21:52,29,32,5136,14327
2023-11-16 11:21:53,30,32,5136,14327
2023-11-16 11:22:04,31,32,5136,14327
2023-11-16 11:22:17,31,33,5136,14327
2023-11-16 11:22:20,31,32,5136,14327
2023-11-16 11:22:25,30,32,5136,14327
2023-11-16 11:22:28,30,31,5136,14327
2023-11-16 11:22:29,29,31,5136,14327
2023-11-16 11:22:32,28,31,5136,14327
2023-11-16 11:22:35,29,31,5136,14327
2023-11-16 11:22:42,28,31,5136,14327
2023-11-16 11:22:43,29,31,5136,14327
2023-11-16 11:22:46,28,31,5136,14327
2023-11-16 11:22:47,28,30,5136,14327
2023-11-16 11:22:47,29,30,5136,14327
2023-11-16 11:22:47,28,30,5136,14327
2023-11-16 11:22:47,27,30,5136,14327
2023-11-16 11:22:47,28,30,5136,14327
2023-11-16 11:22:51,27,30,5136,14327
2023-11-16 11:22:51,28,30,5136,14327
2023-11-16 11:22:52,27,30,5136,14327
2023-11-16 11:22:54,28,30,5136,14327
2023-11-16 11:23:05,27,30,5136,14327
2023-11-16 11:23:05,28,30,5136,14327
2023-11-16 11:23:08,29,30,5136,14327
2023-11-16 11:23:11,27,30,5136,14327
2023-11-16 11:23:11,28,30,5136,14327
2023-11-16 11:23:11,28,30,5136,14327
2023-11-16 11:23:11,29,30,5136,14327
2023-11-16 11:23:12,28,30,5136,14327
2023-11-16 11:23:22,28,29,5136,14327
2023-11-16 11:23:22,27,29,5136,14327
2023-11-16 11:23:25,28,29,5136,14327
2023-11-16 11:23:26,27,29,5136,14327
2023-11-16 11:23:27,28,29,5136,14327
2023-11-16 11:23:36,27,29,5136,14327
2023-11-16 11:23:36,28,29,5136,14327
2023-11-16 11:23:41,28,30,5136,14327
2023-11-16 11:23:44,28,29,5136,14327
2023-11-16 11:23:46,28,30,5136,14327
2023-11-16 11:23:47,28,29,5136,14327
2023-11-16 11:23:50,28,30,5136,14327
2023-11-16 11:23:58,29,30,5136,14327
2023-11-16 11:24:03,28,30,5136,14327
2023-11-16 11:24:05,29,30,5136,14327
2023-11-16 11:24:06,28,30,5136,14327
2023-11-16 11:24:06,27,30,5136,14327
2023-11-16 11:24:07,28,30,5136,14327
2023-11-16 11:24:08,29,30,5136,14327
2023-11-16 11:24:20,28,30,5136,14327
2023-11-16 11:24:20,29,30,5136,14327
2023-11-16 11:24:28,28,29,5058,14518
2023-11-16 11:24:29,28,30,5058,14518
2023-11-16 11:24:36,27,30,5058,14518
2023-11-16 11:24:44,27,29,5058,14518
2023-11-16 11:24:56,27,28,5058,14518
2023-11-16 11:24:57,26,28,5058,14518
2023-11-16 11:25:03,27,28,5058,14518
2023-11-16 11:25:03,27,29,5058,14518
2023-11-16 11:25:32,26,29,5058,14518
2023-11-16 11:25:32,27,29,5058,14518
2023-11-16 11:25:33,28,29,5058,14518
2023-11-16 11:25:37,27,29,5058,14518
2023-11-16 11:25:38,28,29,5058,14518
2023-11-16 11:25:40,27,29,5058,14518
2023-11-16 11:25:41,27,30,5058,14518
2023-11-16 11:25:41,28,30,5058,14518
2023-11-16 11:25:42,27,30,5058,14518
2023-11-16 11:25:43,28,30,5058,14518
2023-11-16 11:25:45,27,30,5058,14518
2023-11-16 11:25:46,28,30,5058,14518
2023-11-16 11:25:47,28,29,5058,14518
2023-11-16 11:25:47,27,29,5058,14518
2023-11-16 11:25:47,28,29,5058,14518
2023-11-16 11:25:48,27,29,5058,14518
2023-11-16 11:25:48,28,29,5058,14518
2023-11-16 11:25:49,27,29,5058,14518
2023-11-16 11:26:01,26,29,5058,14518
2023-11-16 11:26:01,27,29,5058,14518
2023-11-16 11:26:07,28,29,5058,14518
2023-11-16 11:26:09,28,30,5058,14518
2023-11-16 11:26:14,28,29,5058,14518
2023-11-16 11:26:14,27,29,5058,14518
2023-11-16 11:26:18,27,30,5058,14518
2023-11-16 11:26:18,28,30,5058,14518
2023-11-16 11:26:20,27,30,5058,14518
2023-11-16 11:26:20,28,30,5058,14518
2023-11-16 11:26:23,28,29,5058,14518
2023-11-16 11:26:23,27,29,5058,14518
2023-11-16 11:26:44,26,29,5058,14518
2023-11-16 11:26:46,27,29,5058,14518
2023-11-16 11:26:48,26,29,5058,14518
2023-11-16 11:26:48,26,28,5058,14518
2023-11-16 11:26:52,26,29,5058,14518
2023-11-16 11:26:53,26,28,5058,14518
2023-11-16 11:27:01,26,29,5058,14518
2023-11-16 11:27:01,27,29,5058,14518
2023-11-16 11:27:01,27,28,5058,14518
2023-11-16 11:27:02,26,28,5058,14518
2023-11-16 11:27:13,27,28,5058,14518
2023-11-16 11:27:13,27,29,5058,14518
2023-11-16 11:27:23,26,29,5058,14518
2023-11-16 11:27:31,27,29,5058,14518
2023-11-16 11:27:34,27,30,5058,14518
2023-11-16 11:27:41,28,30,5058,14518
2023-11-16 11:27:44,27,30,5058,14518
2023-11-16 11:27:48,27,29,5058,14518
2023-11-16 11:27:50,27,30,5058,14518
2023-11-16 11:27:51,27,29,5058,14518
2023-11-16 11:27:53,27,30,5058,14518
2023-11-16 11:27:56,27,29,5058,14518
2023-11-16 11:27:57,27,30,5058,14518
2023-11-16 11:28:01,27,29,5058,14518
2023-11-16 11:28:06,26,29,5058,14518
2023-11-16 11:28:06,26,28,5058,14518
2023-11-16 11:28:07,27,28,5058,14518
2023-11-16 11:28:07,27,29,5058,14518
2023-11-16 11:28:08,26,29,5058,14518
2023-11-16 11:28:08,26,28,5058,14518
2023-11-16 11:28:13,27,28,5058,14518
2023-11-16 11:28:13,27,29,5121,14694
2023-11-16 11:28:14,27,28,5121,14694
2023-11-16 11:28:15,27,29,5121,14694
2023-11-16 11:28:17,27,28,5121,14694
2023-11-16 11:28:17,26,28,5121,14694
2023-11-16 11:28:18,26,28,5371,14944
2023-11-16 11:28:18,26,29,5371,14944
2023-11-16 11:28:18,26,28,5371,14944
2023-11-16 11:28:24,27,28,5371,14944
2023-11-16 11:28:25,26,28,5371,14944
2023-11-16 11:28:30,26,29,5371,14944
2023-11-16 11:28:52,26,28,5371,14944
2023-11-16 11:28:57,25,28,5371,14944
2023-11-16 11:29:00,25,27,5371,14944
2023-11-16 11:29:00,25,26,5371,14944
2023-11-16 11:29:02,25,26,5621,15194
2023-11-16 11:29:03,25,27,5621,15194
2023-11-16 11:29:15,25,26,5621,15194
2023-11-16 11:29:16,25,27,5621,15194
2023-11-16 11:29:18,25,26,5621,15194
2023-11-16 11:29:20,25,27,5814,15387
2023-11-16 11:29:20,25,26,5814,15387
2023-11-16 11:29:22,25,27,6011,15584
2023-11-16 11:29:23,25,26,6011,15584
2023-11-16 11:29:23,25,27,6119,15692
2023-11-16 11:29:24,25,26,6119,15692
2023-11-16 11:29:29,25,27,6119,15692
2023-11-16 11:29:32,25,26,6119,15692
2023-11-16 11:29:42,25,27,6119,15692
2023-11-16 11:29:42,25,26,6119,15692
2023-11-16 11:30:06,25,27,6119,15692
2023-11-16 11:30:13,25,26,6119,15692
2023-11-16 11:30:20,24,26,6119,15692
2023-11-16 11:30:29,24,25,6119,15692
2023-11-16 11:30:34,23,25,6119,15692
2023-11-16 11:30:47,23,26,6119,15692
2023-11-16 11:30:48,23,25,6119,15692
2023-11-16 11:31:04,23,26,6119,15692
2023-11-16 11:31:05,24,26,6119,15692
2023-11-16 11:31:17,24,27,6119,15692
2023-11-16 11:31:21,25,27,6119,15692
2023-11-16 11:31:31,26,27,6119,15692
2023-11-16 11:31:34,26,28,6119,15692
2023-11-16 11:31:42,25,28,6119,15692
2023-11-16 11:31:43,25,29,6119,15692
2023-11-16 11:31:52,27,29,6119,15692
2023-11-16 11:31:58,28,29,6119,15692
2023-11-16 11:31:59,28,30,6119,15692
2023-11-16 11:32:00,29,30,6119,15692
2023-11-16 11:32:03,29,31,6119,15692
2023-11-16 11:32:27,27,31,6119,15692
2023-11-16 11:32:27,27,30,6119,15692
2023-11-16 11:32:31,27,29,6119,15692
2023-11-16 11:32:32,26,29,6119,15692
2023-11-16 11:32:43,27,29,6119,15692
2023-11-16 11:32:45,27,28,6119,15692
2023-11-16 11:32:49,26,28,6119,15692
2023-11-16 11:32:59,26,29,6119,15692
2023-11-16 11:32:59,26,28,6119,15692
2023-11-16 11:33:01,25,28,6119,15692
2023-11-16 11:33:01,25,27,6119,15692
2023-11-16 11:33:05,25,28,6119,15692
2023-11-16 11:33:05,25,27,6119,15692
2023-11-16 11:33:07,26,27,6119,15692
2023-11-16 11:33:07,26,28,6119,15692
2023-11-16 11:33:14,26,29,6119,15692
2023-11-16 11:33:14,26,28,6119,15692
2023-11-16 11:33:14,26,27,6119,15692
2023-11-16 11:33:14,26,28,6119,15692
2023-11-16 11:33:14,26,27,6119,15692
2023-11-16 11:33:15,26,28,6251,15824
2023-11-16 11:33:15,26,27,6251,15824
2023-11-16 11:33:19,26,28,6431,16004
2023-11-16 11:33:20,26,27,6431,16004
2023-11-16 11:33:22,26,28,6608,16181
2023-11-16 11:33:26,26,29,6608,16181
2023-11-16 11:33:27,26,28,6608,16181
2023-11-16 11:33:32,26,27,6608,16181
2023-11-16 11:33:33,25,27,6608,16181
2023-11-16 11:33:55,25,28,6608,16181
2023-11-16 11:33:57,25,27,6608,16181
2023-11-16 11:33:58,25,28,6608,16181
2023-11-16 11:33:59,26,28,6608,16181
2023-11-16 11:34:13,26,29,6608,16181
2023-11-16 11:34:14,27,29,6608,16181
2023-11-16 11:34:29,28,30,6608,16181
2023-11-16 11:34:30,27,30,6608,16181
2023-11-16 11:34:30,28,30,6608,16181
2023-11-16 11:34:33,27,30,6608,16181
2023-11-16 11:34:34,28,30,6608,16181
2023-11-16 11:34:35,27,30,6608,16181
2023-11-16 11:34:36,28,30,6608,16181
2023-11-16 11:34:40,27,30,6608,16181
2023-11-16 11:34:40,28,30,6608,16181
2023-11-16 11:34:41,29,30,6608,16181
2023-11-16 11:34:47,28,30,6608,16181
2023-11-16 11:34:47,27,30,6608,16181
2023-11-16 11:34:47,28,30,6608,16181
2023-11-16 11:34:47,29,30,6608,16181
2023-11-16 11:34:51,28,30,6608,16181
2023-11-16 11:34:51,27,30,6608,16181
2023-11-16 11:34:51,28,30,6608,16181
2023-11-16 11:34:51,29,30,6608,16181
2023-11-16 11:34:54,27,30,6608,16181
2023-11-16 11:34:54,29,30,6608,16181
2023-11-16 11:34:56,27,30,6608,16181
2023-11-16 11:34:56,28,30,6608,16181
2023-11-16 11:34:56,29,30,6608,16181
2023-11-16 11:34:56,28,30,6608,16181
2023-11-16 11:34:56,29,30,6608,16181
2023-11-16 11:35:05,27,30,6608,16181
2023-11-16 11:35:05,29,30,6608,16181
2023-11-16 11:35:12,29,30,6549,16381
2023-11-16 11:35:12,28,30,6549,16381
2023-11-16 11:35:12,26,30,6549,16381
2023-11-16 11:35:12,27,30,6549,16381
2023-11-16 11:35:16,28,30,6549,16381
2023-11-16 11:35:18,27,30,6549,16381
2023-11-16 11:35:19,27,29,6549,16381
2023-11-16 11:35:19,26,29,6549,16381
2023-11-16 11:35:36,27,29,6549,16381
2023-11-16 11:35:37,26,29,6549,16381
2023-11-16 11:35:37,26,28,6549,16381
2023-11-16 11:35:38,25,28,6549,16381
2023-11-16 11:35:40,24,28,6549,16381
2023-11-16 11:35:42,24,27,6549,16381
2023-11-16 11:35:48,24,26,6549,16381
2023-11-16 11:36:22,24,25,6549,16381
2023-11-16 11:36:27,24,26,6549,16381
2023-11-16 11:36:29,24,25,6549,16381
2023-11-16 11:36:30,24,26,6549,16381
2023-11-16 11:36:33,24,25,6549,16381
2023-11-16 11:36:36,23,25,6549,16381
2023-11-16 11:36:54,23,26,6549,16381
2023-11-16 11:37:00,24,26,6549,16381
2023-11-16 11:37:05,23,26,6549,16381
2023-11-16 11:37:06,24,26,6549,16381
2023-11-16 11:37:23,25,26,6549,16381
2023-11-16 11:37:23,25,27,6549,16381
2023-11-16 11:37:47,26,27,6549,16381
2023-11-16 11:37:47,26,28,6549,16381
2023-11-16 11:37:48,25,28,6549,16381
2023-11-16 11:37:49,24,27,6549,16381
2023-11-16 11:37:59,23,27,6549,16381
2023-11-16 11:38:00,24,27,6549,16381
2023-11-16 11:38:02,24,26,6549,16381
2023-11-16 11:38:02,24,25,6549,16381
2023-11-16 11:38:07,23,24,6549,16381
2023-11-16 11:38:19,23,24,6549,16381
2023-11-16 11:38:20,22,24,6549,16381
2023-11-16 11:38:29,23,24,6549,16381
2023-11-16 11:38:30,22,24,6549,16381
2023-11-16 11:38:31,23,24,6549,16381
2023-11-16 11:38:33,22,24,6549,16381
2023-11-16 11:39:00,22,25,6549,16381
2023-11-16 11:39:07,23,25,6549,16381
2023-11-16 11:39:13,23,26,6549,16381
2023-11-16 11:39:21,24,26,6549,16381
2023-11-16 11:39:22,24,27,6549,16381
2023-11-16 11:39:26,24,26,6549,16381
2023-11-16 11:39:26,23,26,6549,16381
2023-11-16 11:39:26,24,26,6549,16381
2023-11-16 11:39:32,24,27,6549,16381
2023-11-16 11:39:33,25,27,6549,16381
2023-11-16 11:39:43,25,28,6549,16381
2023-11-16 11:39:44,25,27,6549,16381
2023-11-16 11:39:46,24,27,6549,16381
2023-11-16 11:39:46,25,27,6549,16381
2023-11-16 11:39:47,25,28,6549,16381
2023-11-16 11:39:47,25,27,6549,16381
2023-11-16 11:39:47,25,28,6549,16381
2023-11-16 11:39:51,25,27,6549,16381
2023-11-16 11:39:52,25,28,6549,16381
2023-11-16 11:39:53,25,27,6549,16381
2023-11-16 11:40:01,25,28,6549,16381
2023-11-16 11:40:01,25,27,6549,16381
2023-11-16 11:40:06,25,28,6549,16381
2023-11-16 11:40:06,24,28,6549,16381
2023-11-16 11:40:06,25,28,6549,16381
2023-11-16 11:40:06,25,27,6549,16381
2023-11-16 11:40:07,25,28,6549,16381
2023-11-16 11:40:09,26,28,6549,16381
2023-11-16 11:40:11,25,28,6549,16381
2023-11-16 11:40:12,26,28,6549,16381
2023-11-16 11:40:27,26,28,6636,16468
2023-11-16 11:40:32,26,29,6636,16468
2023-11-16 11:40:32,27,29,6636,16468
2023-11-16 11:40:35,26,29,6636,16468
2023-11-16 11:40:35,27,29,6636,16468
2023-11-16 11:40:40,26,29,6636,16468
2023-11-16 11:40:45,27,29,6636,16468
2023-11-16 11:41:00,28,29,6636,16468
2023-11-16 11:41:01,27,29,6636,16468
2023-11-16 11:41:13,28,29,6636,16468
2023-11-16 11:41:19,27,29,6636,16468
2023-11-16 11:41:20,28,29,6636,16468
2023-11-16 11:41:31,27,29,6636,16468
2023-11-16 11:41:31,28,29,6636,16468
2023-11-16 11:41:35,28,30,6636,16468
2023-11-16 11:41:37,29,30,6636,16468
2023-11-16 11:41:40,28,30,6636,16468
2023-11-16 11:41:41,29,30,6636,16468
2023-11-16 11:42:00,28,30,6636,16468
2023-11-16 11:42:10,29,30,6636,16468
2023-11-16 11:42:14,28,30,6636,16468
2023-11-16 11:42:17,27,30,6636,16468
2023-11-16 11:42:18,28,30,6636,16468
2023-11-16 11:42:24,28,29,6636,16468
2023-11-16 11:42:25,27,29,6510,16594
2023-11-16 11:42:31,28,29,6510,16594
2023-11-16 11:42:34,27,29,6510,16594
2023-11-16 11:42:44,27,28,6510,16594
2023-11-16 11:42:44,26,28,6510,16594
2023-11-16 11:42:45,25,28,6510,16594
2023-11-16 11:42:45,26,28,6510,16594
2023-11-16 11:42:46,26,29,6510,16594
2023-11-16 11:42:47,26,28,6510,16594
2023-11-16 11:42:48,26,29,6510,16594
2023-11-16 11:42:49,26,28,6510,16594
2023-11-16 11:42:52,26,29,6510,16594
2023-11-16 11:42:54,25,29,6510,16594
2023-11-16 11:42:54,26,29,6510,16594
2023-11-16 11:42:55,26,28,6510,16594
2023-11-16 11:43:03,25,28,6510,16594
2023-11-16 11:43:04,25,27,6510,16594
2023-11-16 11:43:05,24,27,6510,16594
2023-11-16 11:43:12,25,27,6510,16594
2023-11-16 11:43:15,25,26,6510,16594
2023-11-16 11:43:15,23,26,6510,16594
2023-11-16 11:43:18,24,26,6510,16594
2023-11-16 11:43:19,24,27,6510,16594
2023-11-16 11:43:20,25,27,6510,16594
2023-11-16 11:43:31,24,27,6510,16594
2023-11-16 11:43:41,25,27,6510,16594
2023-11-16 11:43:46,24,27,6510,16594
2023-11-16 11:43:46,25,27,6510,16594
2023-11-16 11:43:47,25,26,6510,16594
2023-11-16 11:43:50,24,26,6510,16594
2023-11-16 11:44:00,23,26,6510,16594
2023-11-16 11:44:02,24,26,6510,16594
2023-11-16 11:44:03,23,26,6510,16594
2023-11-16 11:44:03,24,26,6510,16594
2023-11-16 11:44:26,25,26,6510,16594
2023-11-16 11:44:27,25,27,6510,16594
2023-11-16 11:44:32,24,27,6510,16594
2023-11-16 11:44:33,25,26,6510,16594
2023-11-16 11:44:33,25,27,6510,16594
2023-11-16 11:44:34,25,26,6510,16594
2023-11-16 11:44:34,24,26,6510,16594
2023-11-16 11:44:44,23,26,6510,16594
2023-11-16 11:44:44,23,26,6510,16594
2023-11-16 11:44:44,24,26,6510,16594
2023-11-16 11:44:45,25,26,6510,16594
2023-11-16 11:44:51,25,28,6510,16594
2023-11-16 11:44:55,24,28,6510,16594
2023-11-16 11:44:57,25,28,6510,16594
2023-11-16 11:44:58,24,28,6510,16594
2023-11-16 11:44:59,25,28,6510,16594
2023-11-16 11:45:01,26,28,6510,16594
2023-11-16 11:45:08,26,29,6510,16594
2023-11-16 11:45:15,27,29,6510,16594
2023-11-16 11:45:24,27,30,6510,16594
2023-11-16 11:45:26,28,30,6510,16594
2023-11-16 11:45:30,27,30,6510,16594
2023-11-16 11:45:35,28,30,6510,16594
2023-11-16 11:45:37,28,29,6510,16594
2023-11-16 11:45:41,28,30,6510,16594
2023-11-16 11:45:44,27,30,6510,16594
2023-11-16 11:45:44,28,30,6510,16594
2023-11-16 11:45:54,29,30,6510,16594
2023-11-16 11:45:55,28,30,6510,16594
2023-11-16 11:45:55,28,30,6510,16594
2023-11-16 11:45:55,29,30,6510,16594
2023-11-16 11:45:56,28,30,6510,16594
2023-11-16 11:45:59,29,30,6510,16594
2023-11-16 11:46:05,29,31,6510,16594
2023-11-16 11:46:16,29,32,6510,16594
2023-11-16 11:46:16,30,32,6510,16594
2023-11-16 11:46:24,29,32,6510,16594
2023-11-16 11:46:29,29,31,6510,16594
2023-11-16 11:46:30,29,32,6510,16594
2023-11-16 11:46:31,29,31,6510,16594
2023-11-16 11:46:34,28,31,6510,16594
2023-11-16 11:46:41,28,30,6510,16594
2023-11-16 11:46:50,29,30,6510,16594
2023-11-16 11:46:51,29,31,6510,16594
2023-11-16 11:46:52,28,31,6510,16594
2023-11-16 11:46:52,28,30,6510,16594
2023-11-16 11:46:57,29,30,6510,16594
2023-11-16 11:46:57,29,31,6510,16594
2023-11-16 11:47:01,28,31,6510,16594
2023-11-16 11:47:01,29,31,6510,16594
2023-11-16 11:47:06,29,32,6510,16594
2023-11-16 11:47:08,29,31,6510,16594
2023-11-16 11:47:10,28,31,6510,16594
2023-11-16 11:47:13,29,31,6510,16594
2023-11-16 11:47:15,28,31,6510,16594
2023-11-16 11:47:19,29,31,6510,16594
2023-11-16 11:47:21,28,31,6510,16594
2023-11-16 11:47:24,28,30,6510,16594
2023-11-16 11:47:24,28,31,6510,16594
2023-11-16 11:47:25,29,31,6510,16594
2023-11-16 11:47:25,28,31,6510,16594
2023-11-16 11:47:26,29,30,6510,16594
2023-11-16 11:47:27,29,31,6510,16594
2023-11-16 11:47:31,28,31,6510,16594
2023-11-16 11:47:31,29,31,6510,16594
2023-11-16 11:47:40,29,32,6510,16594
2023-11-16 11:47:43,30,32,6510,16594
2023-11-16 11:47:52,29,32,6510,16594
2023-11-16 11:48:00,29,31,6510,16594
2023-11-16 11:48:10,29,32,6510,16594
2023-11-16 11:48:11,30,31,6510,16594
2023-11-16 11:48:11,29,31,6510,16594
2023-11-16 11:48:17,30,31,6510,16594
2023-11-16 11:48:17,30,32,6510,16594
2023-11-16 11:48:20,29,32,6510,16594
2023-11-16 11:48:20,29,31,6510,16594
2023-11-16 11:48:22,29,32,6510,16594
2023-11-16 11:48:23,30,32,6510,16594
2023-11-16 11:48:23,30,31,6510,16594
2023-11-16 11:48:24,30,32,6510,16594
2023-11-16 11:48:25,30,31,6510,16594
2023-11-16 11:48:26,29,31,6510,16594
2023-11-16 11:48:26,29,32,6510,16594
2023-11-16 11:48:26,30,32,6510,16594
2023-11-16 11:48:26,30,31,6510,16594
2023-11-16 11:48:27,30,32,6510,16594
2023-11-16 11:48:28,30,31,6510,16594
2023-11-16 11:48:29,30,32,6510,16594
2023-11-16 11:48:38,30,33,6510,16594
2023-11-16 11:48:38,30,32,6510,16594
2023-11-16 11:48:42,31,32,6510,16594
2023-11-16 11:48:46,30,32,6510,16594
2023-11-16 11:48:50,31,32,6510,16594
2023-11-16 11:48:51,31,33,6510,16594
2023-11-16 11:48:57,32,33,6510,16594
2023-11-16 11:48:57,32,34,6510,16594
2023-11-16 11:48:57,32,33,6510,16594
2023-11-16 11:49:04,31,33,6510,16594
2023-11-16 11:49:06,31,32,6510,16594
2023-11-16 11:49:26,31,33,6510,16594
2023-11-16 11:49:26,31,32,6510,16594
2023-11-16 11:49:28,31,32,6525,16609
2023-11-16 11:49:39,30,32,6525,16609
2023-11-16 11:49:39,30,31,6525,16609
2023-11-16 11:49:41,30,32,6525,16609
2023-11-16 11:49:41,30,33,6525,16609
2023-11-16 11:49:41,30,32,6525,16609
2023-11-16 11:49:41,30,31,6525,16609
2023-11-16 11:49:43,30,32,6525,16609
2023-11-16 11:49:44,30,31,6525,16609
2023-11-16 11:49:50,30,32,6525,16609
2023-11-16 11:49:51,31,32,6525,16609
2023-11-16 11:50:23,30,32,6525,16609
2023-11-16 11:50:25,30,31,6525,16609
2023-11-16 11:50:28,30,32,6525,16609
2023-11-16 11:50:30,30,31,6525,16609
2023-11-16 11:50:34,29,31,6525,16609
2023-11-16 11:50:37,30,31,6525,16609
2023-11-16 11:50:43,30,32,6525,16609
2023-11-16 11:50:44,30,32,6525,16809
2023-11-16 11:50:44,31,32,6525,16809
2023-11-16 11:50:44,31,33,6525,16809
2023-11-16 11:50:44,31,34,6525,16809
2023-11-16 11:50:44,31,33,6525,16809
2023-11-16 11:50:44,31,34,6525,16809
2023-11-16 11:50:52,32,34,6525,16809
2023-11-16 11:50:53,32,35,6525,16809
2023-11-16 11:50:53,33,35,6525,16809
2023-11-16 11:51:02,33,36,6525,16809
2023-11-16 11:51:02,34,36,6525,16809
2023-11-16 11:51:18,33,36,6525,16809
2023-11-16 11:51:20,33,35,6525,16809
2023-11-16 11:51:22,33,36,6525,16809
2023-11-16 11:51:22,34,36,6525,16809
2023-11-16 11:51:23,33,36,6525,16809
2023-11-16 11:51:23,33,35,6525,16809
2023-11-16 11:51:26,34,35,6525,16809
2023-11-16 11:51:27,33,35,6525,16809
2023-11-16 11:51:28,33,36,6525,16809
2023-11-16 11:51:28,34,36,6525,16809
2023-11-16 11:51:45,34,35,6525,16809
2023-11-16 11:51:50,34,36,6525,16809
2023-11-16 11:51:51,34,35,6525,16809
2023-11-16 11:51:52,34,36,6525,16809
2023-11-16 11:51:53,34,35,6525,16809
2023-11-16 11:51:54,33,35,6525,16809
2023-11-16 11:52:06,32,35,6525,16809
2023-11-16 11:52:12,32,34,6525,16809
2023-11-16 11:52:12,32,35,6525,16809
2023-11-16 11:52:13,33,35,6525,16809
2023-11-16 11:52:13,33,34,6525,16809
2023-11-16 11:52:14,32,34,6525,16809
2023-11-16 11:52:14,32,35,6525,16809
2023-11-16 11:52:14,32,36,6525,16809
2023-11-16 11:52:14,32,35,6525,16809
2023-11-16 11:52:14,33,35,6525,16809
2023-11-16 11:52:23,33,36,6525,16809
2023-11-16 11:52:24,33,35,6525,16809
2023-11-16 11:52:25,33,36,6525,16809
2023-11-16 11:52:27,33,35,6525,16809
2023-11-16 11:52:28,33,36,6525,16809
2023-11-16 11:52:31,33,35,6525,16809
2023-11-16 11:52:32,32,35,6525,16809
2023-11-16 11:52:42,33,35,6525,16809
2023-11-16 11:52:45,33,36,6525,16809
2023-11-16 11:52:54,33,35,6525,16809
2023-11-16 11:52:54,33,36,6525,16809
2023-11-16 11:52:55,33,35,6525,16809
2023-11-16 11:52:57,32,35,6525,16809
2023-11-16 11:53:00,31,35,6525,16809
2023-11-16 11:53:01,32,35,6525,16809
2023-11-16 11:53:06,31,35,6525,16809
2023-11-16 11:53:09,31,34,6525,16809
2023-11-16 11:53:11,30,34,6525,16809
2023-11-16 11:53:13,31,34,6525,16809
2023-11-16 11:53:13,30,34,6525,16809
2023-11-16 11:53:14,30,33,6525,16809
2023-11-16 11:53:25,31,33,6525,16809
2023-11-16 11:53:26,30,33,6525,16809
2023-11-16 11:53:27,30,32,6525,16809
2023-11-16 11:53:41,31,32,6525,16809
2023-11-16 11:53:42,30,32,6525,16809
2023-11-16 11:53:47,31,32,6525,16809
2023-11-16 11:53:47,30,32,6525,16809
2023-11-16 11:53:47,31,32,6525,16809
2023-11-16 11:53:49,30,32,6525,16809
2023-11-16 11:53:56,29,32,6525,16809
2023-11-16 11:54:01,30,32,6525,16809
2023-11-16 11:54:07,30,33,6525,16809
2023-11-16 11:54:08,30,32,6525,16809
2023-11-16 11:54:09,30,33,6525,16809
2023-11-16 11:54:18,31,33,6525,16809
2023-11-16 11:54:21,30,33,6525,16809
2023-11-16 11:54:21,30,32,6525,16809
2023-11-16 11:54:22,30,33,6525,16809
2023-11-16 11:54:23,30,32,6525,16809
2023-11-16 11:54:24,30,33,6525,16809
2023-11-16 11:54:24,30,32,6525,16809
2023-11-16 11:54:36,31,32,6525,16809
2023-11-16 11:54:37,30,32,6525,16809
2023-11-16 11:54:43,29,32,6525,16809
2023-11-16 11:54:47,28,32,6525,16809
2023-11-16 11:54:48,29,32,6525,16809
2023-11-16 11:54:52,29,33,6525,16809
2023-11-16 11:54:53,29,32,6525,16809
2023-11-16 11:54:59,29,31,6525,16809
2023-11-16 11:55:03,28,31,6525,16809
2023-11-16 11:55:16,28,30,6525,16809
2023-11-16 11:55:25,28,31,6525,16809
2023-11-16 11:55:25,28,30,6525,16809
2023-11-16 11:55:34,29,30,6525,16809
2023-11-16 11:55:34,29,32,6525,16809
2023-11-16 11:55:34,29,31,6525,16809
2023-11-16 11:55:38,29,32,6525,16809
2023-11-16 11:55:50,29,31,6525,16809
2023-11-16 11:56:05,30,31,6525,16809
2023-11-16 11:56:07,29,31,6525,16809
2023-11-16 11:56:12,29,32,6525,16809
2023-11-16 11:56:12,29,31,6525,16809
2023-11-16 11:56:15,30,31,6525,16809
2023-11-16 11:56:18,29,31,6525,16809
2023-11-16 11:56:18,29,32,6525,16809
2023-11-16 11:56:18,29,31,6525,16809
2023-11-16 11:56:25,30,31,6525,16809
2023-11-16 11:56:25,30,33,6525,16809
2023-11-16 11:56:25,30,32,6525,16809
2023-11-16 11:56:26,30,33,6525,16809
2023-11-16 11:56:37,29,33,6525,16809
2023-11-16 11:56:40,29,32,6525,16809
2023-11-16 11:56:54,30,32,6525,16809
2023-11-16 11:56:56,29,32,6525,16809
2023-11-16 11:56:56,29,33,6525,16809
2023-11-16 11:56:56,30,33,6525,16809
2023-11-16 11:56:56,30,32,6525,16809
2023-11-16 11:57:07,30,33,6525,16809
2023-11-16 11:57:12,31,33,6525,16809
2023-11-16 11:57:13,30,33,6525,16809
2023-11-16 11:57:13,30,32,6525,16809
2023-11-16 11:57:19,30,33,6525,16809
2023-11-16 11:57:19,31,33,6525,16809
2023-11-16 11:57:27,31,35,6525,16809
2023-11-16 11:57:27,31,34,6525,16809
2023-11-16 11:57:28,32,34,6525,16809
2023-11-16 11:57:35,32,35,6525,16809
2023-11-16 11:57:41,33,35,6525,16809
2023-11-16 11:57:42,32,35,6525,16809
2023-11-16 11:57:43,33,35,6525,16809
2023-11-16 11:58:06,32,35,6525,16809
2023-11-16 11:58:06,33,35,6525,16809
2023-11-16 11:58:07,32,35,6525,16809
2023-11-16 11:58:10,32,34,6525,16809
2023-11-16 11:58:11,31,34,6525,16809
2023-11-16 11:58:20,32,34,6525,16809
2023-11-16 11:58:27,31,34,6525,16809
2023-11-16 11:58:27,31,33,6525,16809
2023-11-16 11:58:30,31,34,6525,16809
2023-11-16 11:58:30,31,34,6525,16809
2023-11-16 11:58:30,31,33,6525,16809
2023-11-16 11:58:37,30,33,6525,16809
2023-11-16 11:58:40,31,33,6525,16809
2023-11-16 11:58:41,30,33,6525,16809
2023-11-16 11:58:41,31,33,6525,16809
2023-11-16 11:58:43,30,33,6525,16809
2023-11-16 11:58:43,31,33,6525,16809
2023-11-16 11:58:44,30,33,6525,16809
2023-11-16 11:58:48,30,32,6525,16809
2023-11-16 11:59:05,30,33,6525,16809
2023-11-16 11:59:05,31,33,6525,16809
2023-11-16 11:59:08,30,33,6525,16809
2023-11-16 11:59:09,31,33,6525,16809
2023-11-16 11:59:10,30,33,6525,16809
2023-11-16 11:59:18,30,32,6525,16809
2023-11-16 11:59:26,30,33,6525,16809
2023-11-16 11:59:26,29,33,6525,16809
2023-11-16 11:59:26,30,33,6525,16809
2023-11-16 11:59:26,30,32,6525,16809
2023-11-16 11:59:35,29,32,6525,16809
2023-11-16 11:59:35,30,33,6525,16809
2023-11-16 11:59:35,30,32,6525,16809
2023-11-16 11:59:39,29,32,6525,16809
2023-11-16 11:59:39,30,32,6525,16809
2023-11-16 11:59:57,30,33,6525,16809
2023-11-16 11:59:58,31,34,6525,16809
2023-11-16 11:59:59,31,33,6525,16809
2023-11-16 12:00:00,31,34,6525,16809
2023-11-16 12:00:01,31,35,6525,16809
2023-11-16 12:00:02,31,34,6525,16809
2023-11-16 12:00:02,30,34,6525,16809
2023-11-16 12:00:05,31,34,6525,16809
2023-11-16 12:00:06,30,34,6525,16809
2023-11-16 12:00:13,31,34,6525,16809
2023-11-16 12:00:13,31,33,6525,16809
2023-11-16 12:00:22,31,34,6525,16809
2023-11-16 12:00:22,31,33,6525,16809
2023-11-16 12:00:23,32,33,6525,16809
2023-11-16 12:00:24,32,34,6525,16809
2023-11-16 12:00:26,32,33,6525,16809
2023-11-16 12:00:26,32,34,6525,16809
2023-11-16 12:00:27,32,33,6525,16809
2023-11-16 12:00:27,32,34,6525,16809
2023-11-16 12:00:29,31,34,6525,16809
2023-11-16 12:00:29,32,34,6525,16809
2023-11-16 12:00:31,31,34,6525,16809
2023-11-16 12:00:32,31,33,6525,16809
2023-11-16 12:00:36,30,33,6525,16809
2023-11-16 12:00:37,31,33,6525,16809
2023-11-16 12:00:37,31,34,6525,16809
2023-11-16 12:00:50,31,33,6525,16809
2023-11-16 12:00:51,30,33,6525,16809
2023-11-16 12:00:52,31,33,6525,16809
2023-11-16 12:00:59,30,33,6525,16809
2023-11-16 12:00:59,31,33,6525,16809
2023-11-16 12:01:11,31,34,6525,16809
2023-11-16 12:01:22,32,34,6525,16809
2023-11-16 12:01:23,31,34,6525,16809
2023-11-16 12:01:25,32,34,6525,16809
2023-11-16 12:01:27,32,33,6525,16809
2023-11-16 12:01:27,31,33,6525,16809
2023-11-16 12:01:32,31,34,6525,16809
2023-11-16 12:01:32,32,34,6525,16809
2023-11-16 12:01:35,32,35,6525,16809
2023-11-16 12:01:39,32,36,6525,16809
2023-11-16 12:01:39,34,36,6525,16809
2023-11-16 12:01:41,34,37,6525,16809
2023-11-16 12:01:41,35,37,6525,16809
2023-11-16 12:01:53,36,37,6525,16809
2023-11-16 12:02:01,35,37,6525,16846
2023-11-16 12:02:02,34,37,6525,16846
2023-11-16 12:02:03,34,36,6525,16846
2023-11-16 12:02:06,32,36,6497,17046
2023-11-16 12:02:07,32,34,6497,17046
2023-11-16 12:02:07,31,34,6497,17046
2023-11-16 12:02:14,30,34,6497,17046
2023-11-16 12:02:14,30,33,6497,17046
2023-11-16 12:02:23,32,33,6497,17046
2023-11-16 12:02:26,30,33,6497,17146
2023-11-16 12:02:27,30,32,6497,17146
2023-11-16 12:02:33,31,32,6497,17146
2023-11-16 12:02:34,31,33,6497,17146
2023-11-16 12:02:34,31,33,6497,17146
2023-11-16 12:02:36,31,33,6497,17146
2023-11-16 12:02:48,32,33,6497,17146
2023-11-16 12:02:52,32,34,6497,17146
2023-11-16 12:02:59,32,33,6497,17146
2023-11-16 12:03:03,32,34,6497,17146
2023-11-16 12:03:13,32,35,6497,17146
2023-11-16 12:03:13,32,36,6497,17146
2023-11-16 12:03:16,32,34,6497,17146
2023-11-16 12:03:18,32,33,6497,17146
2023-11-16 12:03:19,32,34,6497,17146
2023-11-16 12:03:29,31,34,6497,17346
2023-11-16 12:03:29,30,34,6497,17346
2023-11-16 12:03:29,30,33,6497,17346
2023-11-16 12:03:31,31,33,6497,17346
2023-11-16 12:03:35,31,34,6497,17346
2023-11-16 12:03:39,32,34,6497,17346
2023-11-16 12:03:40,31,34,6497,17346
2023-11-16 12:03:40,32,34,6497,17346
2023-11-16 12:03:45,31,34,6497,17346
2023-11-16 12:03:45,32,34,6497,17346
2023-11-16 12:03:52,32,35,6497,17346
2023-11-16 12:04:05,32,34,6497,17346
2023-11-16 12:04:09,31,34,6497,17346
2023-11-16 12:04:24,31,33,6497,17346
2023-11-16 12:04:24,32,33,6497,17346
2023-11-16 12:04:25,31,33,6497,17346
2023-11-16 12:04:25,32,33,6497,17346
2023-11-16 12:04:27,31,33,6497,17346
2023-11-16 12:04:28,32,33,6497,17346
2023-11-16 12:04:28,32,34,6497,17346
2023-11-16 12:04:30,32,33,6497,17346
2023-11-16 12:04:30,32,34,6497,17346
2023-11-16 12:04:42,32,35,6497,17346
2023-11-16 12:04:48,32,34,6497,17346
2023-11-16 12:04:54,31,34,6497,17346
2023-11-16 12:04:55,32,34,6497,17346
2023-11-16 12:04:56,31,34,6497,17346
2023-11-16 12:04:57,32,34,6497,17346
2023-11-16 12:05:11,32,35,6497,17346
2023-11-16 12:05:11,31,35,6497,17346
2023-11-16 12:05:11,32,35,6497,17346
2023-11-16 12:05:11,32,34,6497,17346
2023-11-16 12:05:16,31,34,6497,17346
2023-11-16 12:05:20,31,33,6497,17346
2023-11-16 12:05:21,31,34,6497,17346
2023-11-16 12:05:24,32,34,6497,17346
2023-11-16 12:05:24,32,35,6497,17346
2023-11-16 12:05:28,32,36,6497,17346
2023-11-16 12:05:29,32,35,6497,17346
2023-11-16 12:05:36,32,36,6497,17346
2023-11-16 12:05:40,33,36,6497,17346
2023-11-16 12:05:40,33,35,6497,17346
2023-11-16 12:05:55,33,36,6497,17346
2023-11-16 12:05:55,33,35,6497,17346
2023-11-16 12:05:58,34,35,6497,17346
2023-11-16 12:05:58,34,36,6497,17346
2023-11-16 12:06:00,34,37,6497,17346
2023-11-16 12:06:07,34,36,6497,17346
2023-11-16 12:06:10,34,37,6497,17346
2023-11-16 12:06:10,34,36,6497,17346
2023-11-16 12:06:11,35,36,6497,17346
2023-11-16 12:06:11,35,37,6497,17346
2023-11-16 12:06:14,35,38,6497,17346
2023-11-16 12:06:16,36,38,6497,17346
2023-11-16 12:06:25,36,39,6497,17346
2023-11-16 12:06:31,36,38,6497,17346
2023-11-16 12:06:33,36,39,6497,17346
2023-11-16 12:06:34,36,38,6497,17346
2023-11-16 12:06:36,37,38,6497,17346
2023-11-16 12:06:36,37,39,6497,17346
2023-11-16 12:06:39,38,39,6497,17346
2023-11-16 12:06:39,38,40,6497,17346
2023-11-16 12:06:42,37,40,6497,17346
2023-11-16 12:06:42,37,39,6497,17346
2023-11-16 12:06:44,37,40,6497,17346
2023-11-16 12:06:44,37,39,6497,17346
2023-11-16 12:06:45,36,39,6497,17346
2023-11-16 12:06:58,36,38,6497,17346
2023-11-16 12:07:05,35,38,6497,17346
2023-11-16 12:07:06,35,37,6497,17346
2023-11-16 12:07:07,35,38,6497,17346
2023-11-16 12:07:11,36,38,6497,17346
2023-11-16 12:07:13,35,38,6497,17346
2023-11-16 12:07:18,36,38,6497,17346
2023-11-16 12:07:21,35,38,6497,17346
2023-11-16 12:07:21,36,38,6497,17346
2023-11-16 12:07:30,36,39,6497,17346
2023-11-16 12:07:38,37,39,6497,17346
2023-11-16 12:07:39,37,40,6497,17346
2023-11-16 12:07:41,37,39,6497,17346
2023-11-16 12:07:41,36,39,6497,17346
2023-11-16 12:07:42,37,39,6497,17346
2023-11-16 12:07:42,36,39,6497,17346
2023-11-16 12:07:43,37,39,6497,17346
2023-11-16 12:07:45,36,39,6497,17346
2023-11-16 12:07:45,37,39,6497,17346
2023-11-16 12:07:45,36,39,6497,17346
2023-11-16 12:07:46,37,39,6497,17346
2023-11-16 12:07:49,37,38,6497,17346
2023-11-16 12:07:54,35,38,6497,17346
2023-11-16 12:07:55,34,38,6497,17346
2023-11-16 12:07:59,34,37,6497,17346
2023-11-16 12:08:11,34,38,6497,17346
2023-11-16 12:08:11,34,37,6497,17346
2023-11-16 12:08:12,35,37,6497,17346
2023-11-16 12:08:12,35,38,6497,17346
2023-11-16 12:08:12,35,37,6497,17346
2023-11-16 12:08:13,35,38,6497,17346
2023-11-16 12:08:17,35,39,6497,17346
2023-11-16 12:08:17,35,38,6497,17346
2023-11-16 12:08:25,35,39,6497,17346
2023-11-16 12:08:25,35,38,6497,17346
2023-11-16 12:08:27,35,37,6497,17346
2023-11-16 12:08:33,34,37,6497,17346
2023-11-16 12:08:45,34,36,6497,17346
2023-11-16 12:08:46,34,37,6497,17346
2023-11-16 12:08:47,34,38,6497,17346
2023-11-16 12:08:47,34,37,6497,17346
2023-11-16 12:08:47,35,37,6497,17346
2023-11-16 12:08:52,35,36,6497,17346
2023-11-16 12:08:53,35,37,6497,17346
2023-11-16 12:08:57,35,36,6497,17346
2023-11-16 12:08:59,34,36,6497,17346
2023-11-16 12:09:03,35,36,6497,17346
2023-11-16 12:09:04,35,37,6497,17346
2023-11-16 12:09:05,35,36,6497,17346
2023-11-16 12:09:06,35,37,6497,17346
2023-11-16 12:09:09,35,38,6497,17346
2023-11-16 12:09:10,35,37,6497,17346
2023-11-16 12:09:19,35,38,6497,17346
2023-11-16 12:09:19,35,39,6497,17346
2023-11-16 12:09:20,35,38,6497,17346
2023-11-16 12:09:22,36,38,6497,17346
2023-11-16 12:09:22,36,39,6497,17346
2023-11-16 12:09:33,36,38,6497,17346
2023-11-16 12:09:48,35,38,6497,17346
2023-11-16 12:09:48,35,37,6497,17346
2023-11-16 12:09:48,36,37,6497,17346
2023-11-16 12:09:49,35,37,6497,17346
2023-11-16 12:09:54,35,38,6657,17506
2023-11-16 12:09:55,35,37,6657,17506
2023-11-16 12:09:56,35,38,6657,17506
2023-11-16 12:09:56,36,38,6657,17506
2023-11-16 12:10:02,36,39,6657,17506
2023-11-16 12:10:06,36,38,6657,17506
2023-11-16 12:10:08,35,38,6657,17506
2023-11-16 12:10:11,36,38,6657,17506
2023-11-16 12:10:24,36,39,6657,17506
2023-11-16 12:10:26,36,38,6657,17506
2023-11-16 12:10:33,36,37,6657,17506
2023-11-16 12:10:34,35,37,6657,17506
2023-11-16 12:10:45,36,37,6657,17506
2023-11-16 12:10:45,36,38,6657,17506
2023-11-16 12:10:45,36,37,6657,17506
2023-11-16 12:10:46,36,38,6657,17506
2023-11-16 12:10:53,36,39,6657,17506
2023-11-16 12:10:57,36,40,6657,17506
2023-11-16 12:10:57,36,39,6657,17506
2023-11-16 12:11:03,37,39,6657,17506
2023-11-16 12:11:03,36,39,6657,17506
2023-11-16 12:11:05,36,40,6657,17506
2023-11-16 12:11:05,36,39,6657,17506
2023-11-16 12:11:05,36,38,6657,17506
2023-11-16 12:11:05,36,39,6657,17506
2023-11-16 12:11:06,36,38,6657,17506
2023-11-16 12:11:06,37,38,6657,17506
2023-11-16 12:11:09,37,39,6657,17506
2023-11-16 12:11:09,37,38,6657,17506
2023-11-16 12:11:11,37,39,6657,17506
2023-11-16 12:11:11,37,40,6657,17506
2023-11-16 12:11:11,36,40,6657,17506
2023-11-16 12:11:11,36,38,6657,17506
2023-11-16 12:11:11,37,38,6657,17506
2023-11-16 12:11:12,36,38,6657,17506
2023-11-16 12:11:15,36,40,6657,17506
2023-11-16 12:11:15,36,38,6657,17506
2023-11-16 12:11:16,37,38,6657,17506
2023-11-16 12:11:16,37,39,6657,17506
2023-11-16 12:11:16,37,39,6657,17506
2023-11-16 12:11:16,37,38,6657,17506
2023-11-16 12:11:18,37,39,6657,17506
2023-11-16 12:11:23,37,38,6657,17506
2023-11-16 12:11:24,37,39,6657,17506
2023-11-16 12:11:26,38,39,6657,17506
2023-11-16 12:11:26,38,40,6657,17506
2023-11-16 12:11:56,38,41,6657,17506
2023-11-16 12:11:57,38,40,6657,17506
2023-11-16 12:12:00,38,41,6657,17506
2023-11-16 12:12:00,39,41,6657,17506
2023-11-16 12:12:02,38,41,6657,17506
2023-11-16 12:12:02,38,40,6657,17506
2023-11-16 12:12:11,38,41,6657,17506
2023-11-16 12:12:11,37,41,6657,17506
2023-11-16 12:12:11,37,40,6657,17506
2023-11-16 12:12:18,36,40,6657,17506
2023-11-16 12:12:20,36,39,6657,17506
2023-11-16 12:12:26,35,39,6657,17506
2023-11-16 12:12:27,36,39,6657,17506
2023-11-16 12:12:28,36,38,6657,17506
2023-11-16 12:12:39,36,38,6907,17756
2023-11-16 12:12:39,37,38,6907,17756
2023-11-16 12:12:40,37,39,6907,17756
2023-11-16 12:12:50,37,40,6907,17756
2023-11-16 12:12:54,37,41,6907,17756
2023-11-16 12:12:55,38,41,6907,17756
2023-11-16 12:12:55,38,40,6907,17756
2023-11-16 12:12:56,38,41,6907,17756
2023-11-16 12:13:02,38,40,6907,17756
2023-11-16 12:13:03,38,41,6907,17756
2023-11-16 12:13:04,38,40,6907,17756
2023-11-16 12:13:06,38,41,6907,17756
2023-11-16 12:13:08,38,40,6907,17756
2023-11-16 12:13:11,39,40,6907,17756
2023-11-16 12:13:13,39,41,6907,17756
2023-11-16 12:13:32,38,41,6907,17756
2023-11-16 12:13:32,39,41,6907,17756
2023-11-16 12:13:33,39,42,7015,17864
2023-11-16 12:13:34,40,42,7015,17864
2023-11-16 12:13:34,40,42,7015,17864
2023-11-16 12:13:44,39,42,7015,18064
2023-11-16 12:13:45,39,41,7015,18064
2023-11-16 12:13:45,39,41,7015,18064
2023-11-16 12:13:45,38,41,7015,18064
2023-11-16 12:13:46,38,40,7015,18064
2023-11-16 12:13:46,37,40,7015,18064
2023-11-16 12:13:47,37,39,7015,18064
2023-11-16 12:13:47,36,39,7015,18064
2023-11-16 12:13:48,37,39,7015,18064
2023-11-16 12:13:50,36,39,7015,18064
2023-11-16 12:13:57,35,39,7015,18064
2023-11-16 12:14:02,36,39,7015,18064
2023-11-16 12:14:02,35,39,7015,18064
2023-11-16 12:14:03,35,38,7015,18064
2023-11-16 12:14:03,36,38,7015,18064
2023-11-16 12:14:04,35,38,7015,18064
2023-11-16 12:14:06,35,39,7015,18064
2023-11-16 12:14:11,36,39,7015,18064
2023-11-16 12:14:18,37,39,7015,18064
2023-11-16 12:14:24,36,40,7015,18064
2023-11-16 12:14:27,37,40,7015,18064
2023-11-16 12:14:32,38,40,7015,18064
2023-11-16 12:14:34,37,40,7015,18064
2023-11-16 12:14:34,38,40,7015,18064
2023-11-16 12:14:36,38,41,7015,18064
2023-11-16 12:14:39,38,40,7015,18064
2023-11-16 12:14:39,37,40,7015,18064
2023-11-16 12:14:41,36,40,7015,18064
2023-11-16 12:14:41,37,40,7015,18064
2023-11-16 12:14:42,37,39,7015,18064
2023-11-16 12:14:43,37,40,7015,18064
2023-11-16 12:14:50,39,40,7015,18064
2023-11-16 12:15:14,39,40,7015,18314
2023-11-16 12:15:15,39,40,7015,18514
2023-11-16 12:15:16,39,40,7015,18764
2023-11-16 12:15:17,35,39,7015,18814
2023-11-16 12:15:18,36,39,7015,18814
2023-11-16 12:15:30,36,38,7015,18814
2023-11-16 12:15:35,36,39,7015,18814
2023-11-16 12:15:36,37,40,7015,18814
2023-11-16 12:15:37,38,40,7015,18814
2023-11-16 12:15:37,38,41,7015,18814
2023-11-16 12:15:39,38,42,7015,18814
2023-11-16 12:15:48,39,42,7015,18814
2023-11-16 12:15:49,38,42,7015,18814
2023-11-16 12:15:50,39,42,7015,18814
2023-11-16 12:15:56,40,42,7015,18814
2023-11-16 12:15:57,40,43,7015,18814
2023-11-16 12:15:57,41,43,7015,18814
2023-11-16 12:16:04,40,43,7015,18814
2023-11-16 12:16:07,40,42,7015,18814
2023-11-16 12:16:08,40,43,7015,18814
2023-11-16 12:16:09,40,42,7015,18814
2023-11-16 12:16:11,39,42,7015,18814
2023-11-16 12:16:11,38,42,7015,18814
2023-11-16 12:16:12,38,41,7015,18814
2023-11-16 12:16:14,37,41,7015,18814
2023-11-16 12:16:21,38,41,7015,18814
2023-11-16 12:16:22,38,42,7015,18814
2023-11-16 12:16:25,39,42,7015,18814
2023-11-16 12:16:26,38,42,7015,18814
2023-11-16 12:16:26,38,41,7015,18814
2023-11-16 12:16:27,38,42,7015,18814
2023-11-16 12:16:27,38,41,7015,18814
2023-11-16 12:16:28,38,42,7015,18814
2023-11-16 12:16:35,39,42,7015,18814
2023-11-16 12:16:36,38,42,7015,18814
2023-11-16 12:16:36,39,42,7015,18814
2023-11-16 12:16:36,39,41,7015,18814
2023-11-16 12:16:39,38,41,7015,18814
2023-11-16 12:16:39,38,42,7015,18814
2023-11-16 12:16:39,39,42,7015,18814
2023-11-16 12:16:39,39,41,7015,18814
2023-11-16 12:16:43,39,42,7015,19064
2023-11-16 12:16:44,39,41,7015,19064
2023-11-16 12:16:44,39,42,7161,19210
2023-11-16 12:16:45,39,41,7161,19210
2023-11-16 12:16:45,39,42,7161,19210
2023-11-16 12:16:46,40,42,7161,19210
2023-11-16 12:16:52,40,43,7161,19210
2023-11-16 12:16:52,39,43,7161,19210
2023-11-16 12:16:52,40,43,7161,19210
2023-11-16 12:16:52,40,42,7161,19210
2023-11-16 12:16:56,40,43,7161,19210
2023-11-16 12:16:56,40,42,7161,19210
2023-11-16 12:17:00,39,42,7161,19210
2023-11-16 12:17:01,39,41,7161,19210
2023-11-16 12:17:02,40,41,7161,19210
2023-11-16 12:17:05,39,42,7161,19210
2023-11-16 12:17:05,39,41,7161,19210
2023-11-16 12:17:05,39,42,7161,19210
2023-11-16 12:17:07,38,42,7161,19210
2023-11-16 12:17:07,39,42,7161,19210
2023-11-16 12:17:07,39,41,7161,19210
2023-11-16 12:17:09,39,42,7161,19210
2023-11-16 12:17:14,40,42,7161,19210
2023-11-16 12:17:15,39,42,7161,19210
2023-11-16 12:17:16,40,42,7161,19210
2023-11-16 12:17:19,40,43,7161,19210
2023-11-16 12:17:27,40,42,7161,19210
2023-11-16 12:17:40,39,42,7161,19210
2023-11-16 12:17:40,40,43,7161,19210
2023-11-16 12:17:40,40,42,7161,19210
2023-11-16 12:17:44,40,43,7161,19210
2023-11-16 12:17:44,41,43,7161,19210
2023-11-16 12:17:46,40,43,7161,19210
2023-11-16 12:17:46,41,43,7161,19210
2023-11-16 12:17:47,40,43,7161,19210
2023-11-16 12:17:48,41,43,7161,19210
2023-11-16 12:18:04,40,43,7161,19210
2023-11-16 12:18:16,40,42,7161,19210
2023-11-16 12:18:24,40,43,7161,19210
2023-11-16 12:18:24,40,42,7161,19210
2023-11-16 12:18:25,41,42,7161,19210
2023-11-16 12:18:30,40,43,7161,19210
2023-11-16 12:18:30,41,43,7161,19210
2023-11-16 12:18:42,41,44,7161,19210
2023-11-16 12:18:48,42,44,7161,19210
2023-11-16 12:18:50,41,44,7161,19210
2023-11-16 12:18:50,42,44,7161,19210
2023-11-16 12:19:06,42,43,7161,19210
2023-11-16 12:19:07,41,43,7161,19210
2023-11-16 12:19:11,41,44,7161,19210
2023-11-16 12:19:13,42,44,7161,19210
2023-11-16 12:19:13,42,43,7161,19210
2023-11-16 12:19:15,42,44,7161,19210
2023-11-16 12:19:27,42,45,7161,19210
2023-11-16 12:19:27,44,45,7161,19210
2023-11-16 12:19:36,44,46,7161,19210
2023-11-16 12:19:39,45,46,7161,19210
2023-11-16 12:19:48,42,46,7161,19265
2023-11-16 12:19:49,42,45,7161,19265
2023-11-16 12:20:00,41,45,7161,19265
2023-11-16 12:20:03,41,44,7161,19265
2023-11-16 12:20:05,42,44,7161,19265
2023-11-16 12:20:26,42,43,7161,19265
2023-11-16 12:20:27,41,43,7161,19265
2023-11-16 12:20:34,40,43,7161,19265
2023-11-16 12:20:39,40,44,7161,19265
2023-11-16 12:20:39,40,43,7161,19265
2023-11-16 12:20:40,41,43,7161,19265
2023-11-16 12:20:40,41,44,7161,19265
2023-11-16 12:20:40,41,43,7161,19265
2023-11-16 12:20:41,41,44,7161,19265
2023-11-16 12:20:43,41,43,7161,19265
2023-11-16 12:20:44,41,44,7161,19265
2023-11-16 12:20:54,41,43,7161,19265
2023-11-16 12:20:55,41,44,7161,19265
2023-11-16 12:20:55,41,43,7161,19265
2023-11-16 12:20:56,40,43,7161,19265
2023-11-16 12:21:03,40,44,7161,19265
2023-11-16 12:21:04,40,43,7161,19265
2023-11-16 12:21:05,40,44,7161,19265
2023-11-16 12:21:06,41,44,7161,19265
2023-11-16 12:21:07,40,44,7161,19265
2023-11-16 12:21:09,41,44,7161,19265
2023-11-16 12:21:12,41,43,7161,19265
2023-11-16 12:21:12,40,43,7161,19265
2023-11-16 12:21:17,41,43,7161,19265
2023-11-16 12:21:19,41,42,7161,19265
2023-11-16 12:21:19,39,42,7161,19265
2023-11-16 12:21:26,39,41,7161,19265
2023-11-16 12:21:26,38,41,7161,19265
2023-11-16 12:21:31,37,41,7161,19265
2023-11-16 12:21:32,37,40,7161,19265
2023-11-16 12:21:44,38,40,7161,19265
2023-11-16 12:21:44,37,40,7161,19265
2023-11-16 12:21:44,38,40,7161,19265
2023-11-16 12:21:47,38,41,7161,19265
2023-11-16 12:21:52,37,41,7161,19265
2023-11-16 12:21:57,38,41,7161,19265
2023-11-16 12:21:59,38,40,7161,19265
2023-11-16 12:21:59,38,41,7161,19265
2023-11-16 12:22:00,38,40,7161,19265
2023-11-16 12:22:00,38,41,7161,19265
2023-11-16 12:22:01,38,40,7161,19265
2023-11-16 12:22:01,39,40,7161,19265
2023-11-16 12:22:02,38,40,7161,19265
2023-11-16 12:22:04,39,40,7161,19265
2023-11-16 12:22:07,39,42,7161,19265
2023-11-16 12:22:08,39,41,7161,19265
2023-11-16 12:22:09,39,42,7161,19265
2023-11-16 12:22:20,40,42,7161,19265
2023-11-16 12:22:22,40,43,7161,19265
2023-11-16 12:22:23,39,43,7161,19265
2023-11-16 12:22:23,40,43,7161,19265
2023-11-16 12:22:29,40,44,7161,19265
2023-11-16 12:22:29,40,43,7161,19265
2023-11-16 12:22:37,39,43,7161,19265
2023-11-16 12:22:39,40,43,7161,19265
2023-11-16 12:22:40,40,42,7161,19265
2023-11-16 12:22:47,40,43,7161,19265
2023-11-16 12:22:47,39,43,7161,19265
2023-11-16 12:22:47,40,43,7161,19265
2023-11-16 12:22:47,40,42,7161,19265
2023-11-16 12:22:50,39,42,7161,19265
2023-11-16 12:22:59,40,42,7161,19265
2023-11-16 12:22:59,40,43,7161,19265
2023-11-16 12:23:01,40,42,7161,19265
2023-11-16 12:23:03,39,42,7161,19265
2023-11-16 12:23:04,40,42,7161,19265
2023-11-16 12:23:06,40,43,7161,19265
2023-11-16 12:23:07,40,44,7161,19265
2023-11-16 12:23:08,40,43,7161,19265
2023-11-16 12:23:10,41,43,7161,19265
2023-11-16 12:23:10,41,44,7161,19265
2023-11-16 12:23:11,41,45,7161,19265
2023-11-16 12:23:12,41,44,7161,19265
2023-11-16 12:23:14,41,45,7161,19265
2023-11-16 12:23:15,42,45,7161,19265
2023-11-16 12:23:25,42,44,7161,19265
2023-11-16 12:23:31,43,44,7161,19265
2023-11-16 12:23:32,43,45,7161,19265
2023-11-16 12:23:32,43,46,7161,19265
2023-11-16 12:23:47,43,45,7161,19265
2023-11-16 12:23:50,44,45,7161,19265
2023-11-16 12:23:56,44,46,7161,19265
2023-11-16 12:24:01,43,46,7161,19265
2023-11-16 12:24:01,44,46,7161,19265
2023-11-16 12:24:03,44,45,7161,19265
2023-11-16 12:24:04,44,46,7161,19265
2023-11-16 12:24:06,44,45,7161,19265
2023-11-16 12:24:09,43,45,7161,19265
2023-11-16 12:24:27,42,45,7161,19265
2023-11-16 12:24:27,41,45,7161,19265
2023-11-16 12:24:27,41,44,7161,19265
2023-11-16 12:24:27,42,44,7161,19265
2023-11-16 12:24:33,41,44,7161,19265
2023-11-16 12:24:35,42,44,7161,19265
2023-11-16 12:24:49,42,45,7161,19265
2023-11-16 12:24:49,41,44,7161,19265
2023-11-16 12:24:49,42,44,7161,19265
2023-11-16 12:24:54,41,44,7161,19265
2023-11-16 12:24:54,41,45,7161,19265
2023-11-16 12:24:54,42,45,7161,19265
2023-11-16 12:24:54,42,44,7161,19265
2023-11-16 12:24:56,41,44,7161,19265
2023-11-16 12:24:56,41,45,7161,19265
2023-11-16 12:24:56,42,45,7161,19265
2023-11-16 12:24:56,42,44,7161,19265
2023-11-16 12:25:01,42,43,7161,19265
2023-11-16 12:25:01,41,43,7161,19265
2023-11-16 12:25:05,41,44,7161,19265
2023-11-16 12:25:05,41,43,7161,19265
2023-11-16 12:25:06,42,43,7161,19265
2023-11-16 12:25:07,41,43,7161,19265
2023-11-16 12:25:10,40,43,7161,19265
2023-11-16 12:25:16,39,43,7161,19265
2023-11-16 12:25:17,40,43,7161,19265
2023-11-16 12:25:17,39,43,7161,19265
2023-11-16 12:25:18,40,43,7161,19265
2023-11-16 12:25:20,40,44,7161,19265
2023-11-16 12:25:20,41,44,7161,19265
2023-11-16 12:25:28,41,45,7161,19265
2023-11-16 12:25:43,42,44,7161,19265
2023-11-16 12:25:43,42,45,7161,19265
2023-11-16 12:25:43,42,44,7161,19265
2023-11-16 12:25:43,43,44,7161,19265
2023-11-16 12:25:44,42,44,7161,19265
2023-11-16 12:25:45,43,44,7161,19265
2023-11-16 12:25:50,43,45,7161,19265
2023-11-16 12:25:51,43,44,7161,19265
2023-11-16 12:25:52,43,45,7161,19265
2023-11-16 12:25:58,43,46,7161,19265
2023-11-16 12:26:08,44,46,7161,19265
2023-11-16 12:26:08,43,46,7161,19265
2023-11-16 12:26:09,44,46,7161,19265
2023-11-16 12:26:11,43,46,7161,19265
2023-11-16 12:26:11,42,46,7161,19265
2023-11-16 12:26:11,43,46,7161,19265
2023-11-16 12:26:16,44,47,7161,19265
2023-11-16 12:26:18,45,47,7161,19265
2023-11-16 12:26:21,44,47,7161,19265
2023-11-16 12:26:37,45,47,7161,19265
2023-11-16 12:26:46,46,47,7161,19265
2023-11-16 12:26:47,45,47,7161,19265
2023-11-16 12:26:48,46,47,7161,19265
2023-11-16 12:26:51,46,48,7161,19265
2023-11-16 12:26:56,45,48,7161,19265
2023-11-16 12:26:56,46,48,7161,19265
2023-11-16 12:27:01,45,48,7161,19265
2023-11-16 12:27:04,45,47,7161,19265
2023-11-16 12:27:07,45,48,7161,19265
2023-11-16 12:27:07,45,47,7161,19265
2023-11-16 12:27:08,45,48,7161,19265
2023-11-16 12:27:08,46,48,7161,19265
2023-11-16 12:27:09,46,47,7161,19265
2023-11-16 12:27:09,45,47,7161,19265
2023-11-16 12:27:10,46,47,7161,19265
2023-11-16 12:27:11,46,48,7161,19265
2023-11-16 12:27:12,46,47,7161,19265
2023-11-16 12:27:13,45,47,7161,19265
2023-11-16 12:27:16,46,47,7161,19265
2023-11-16 12:27:19,45,47,7161,19265
2023-11-16 12:27:20,46,47,7161,19265
2023-11-16 12:27:22,45,47,7161,19265
2023-11-16 12:27:22,46,47,7161,19265
2023-11-16 12:27:23,45,47,7161,19265
2023-11-16 12:27:24,46,47,7161,19265
2023-11-16 12:27:25,45,47,7161,19265
2023-11-16 12:27:26,45,47,7161,19265
2023-11-16 12:27:26,46,47,7161,19265
2023-11-16 12:27:28,46,48,7161,19265
2023-11-16 12:27:28,46,47,7161,19265
2023-11-16 12:27:29,46,48,7161,19265
2023-11-16 12:27:33,46,47,7161,19265
2023-11-16 12:27:35,46,48,7161,19265
2023-11-16 12:27:45,45,48,7161,19265
2023-11-16 12:27:45,46,48,7161,19265
2023-11-16 12:27:52,47,48,7161,19265
2023-11-16 12:27:59,46,48,7161,19265
2023-11-16 12:28:00,47,48,7161,19265
2023-11-16 12:28:00,46,48,7161,19265
2023-11-16 12:28:04,47,48,7161,19265
2023-11-16 12:28:16,46,48,7161,19265
2023-11-16 12:28:16,45,48,7161,19265
2023-11-16 12:28:16,46,48,7161,19265
2023-11-16 12:28:16,47,48,7161,19265
2023-11-16 12:28:24,46,48,7161,19265
2023-11-16 12:28:25,45,48,7161,19265
2023-11-16 12:28:25,46,48,7161,19265
2023-11-16 12:28:39,47,48,7161,19265
2023-11-16 12:28:39,47,49,7161,19265
2023-11-16 12:28:39,47,48,7161,19265
2023-11-16 12:28:40,47,49,7161,19265
2023-11-16 12:28:41,47,48,7161,19265
2023-11-16 12:28:44,47,49,7161,19265
2023-11-16 12:28:47,47,48,7161,19265
2023-11-16 12:28:48,47,49,7161,19265
2023-11-16 12:28:52,47,48,7161,19265
2023-11-16 12:28:53,47,49,7161,19265
2023-11-16 12:28:53,47,48,7161,19265
2023-11-16 12:28:55,46,48,7161,19265
2023-11-16 12:28:58,45,48,7161,19265
2023-11-16 12:29:01,46,48,7161,19265
2023-11-16 12:29:02,45,48,7161,19265
2023-11-16 12:29:09,44,48,7161,19265
2023-11-16 12:29:11,44,47,7161,19265
2023-11-16 12:29:11,45,47,7161,19265
2023-11-16 12:29:11,45,48,7161,19265
2023-11-16 12:29:12,45,47,7161,19265
2023-11-16 12:29:15,44,47,7161,19265
2023-11-16 12:29:17,45,47,7161,19265
2023-11-16 12:29:18,45,48,7161,19265
2023-11-16 12:29:21,45,47,7161,19265
2023-11-16 12:29:32,46,47,7161,19265
2023-11-16 12:29:32,46,48,7161,19265
2023-11-16 12:29:33,46,47,7161,19265
2023-11-16 12:29:33,46,48,7161,19265
2023-11-16 12:29:34,46,47,7161,19265
2023-11-16 12:29:34,46,48,7161,19265
2023-11-16 12:29:46,46,47,7161,19265
2023-11-16 12:29:47,45,47,7161,19265
2023-11-16 12:29:51,45,48,7161,19265
2023-11-16 12:29:51,45,47,7161,19265
2023-11-16 12:29:51,46,47,7161,19265
2023-11-16 12:29:53,45,47,7161,19265
2023-11-16 12:29:57,44,47,7161,19265
2023-11-16 12:29:57,45,47,7161,19265
2023-11-16 12:30:01,44,47,7161,19265
2023-11-16 12:30:02,45,47,7161,19265
2023-11-16 12:30:07,44,47,7161,19265
2023-11-16 12:30:09,45,47,7161,19265
2023-11-16 12:30:16,44,47,7161,19265
2023-11-16 12:30:16,45,47,7161,19265
2023-11-16 12:30:17,45,46,7161,19265
2023-11-16 12:30:17,44,46,7161,19265
2023-11-16 12:30:23,43,46,7161,19265
2023-11-16 12:30:23,44,46,7161,19265
2023-11-16 12:30:23,44,47,7161,19265
2023-11-16 12:30:27,45,47,7161,19265
2023-11-16 12:30:37,44,47,7161,19265
2023-11-16 12:30:39,45,47,7161,19265
2023-11-16 12:30:39,45,47,7161,19290
2023-11-16 12:30:45,46,47,7161,19290
2023-11-16 12:30:45,46,48,7161,19290
2023-11-16 12:30:48,45,48,7161,19290
2023-11-16 12:30:53,46,48,7161,19290
2023-11-16 12:30:55,45,48,7161,19290
2023-11-16 12:30:57,45,47,7161,19290
2023-11-16 12:30:58,45,48,7161,19290
2023-11-16 12:30:58,46,48,7161,19290
2023-11-16 12:30:58,46,47,7161,19290
2023-11-16 12:31:02,45,47,7161,19290
2023-11-16 12:31:02,45,48,7161,19290
2023-11-16 12:31:03,46,48,7161,19290
2023-11-16 12:31:06,45,48,7161,19290
2023-11-16 12:31:06,46,48,7161,19290
2023-11-16 12:31:15,45,48,7161,19290
2023-11-16 12:31:17,46,48,7161,19290
2023-11-16 12:31:30,46,49,7161,19290
2023-11-16 12:31:33,47,49,7161,19290
2023-11-16 12:31:34,46,49,7161,19290
2023-11-16 12:31:35,46,48,7161,19290
2023-11-16 12:31:35,46,49,7161,19290
2023-11-16 12:31:37,47,49,7161,19290
2023-11-16 12:31:41,46,49,7161,19290
2023-11-16 12:31:42,47,49,7161,19290
2023-11-16 12:31:46,47,48,7161,19290
2023-11-16 12:31:50,46,48,7161,19290
2023-11-16 12:31:50,47,48,7161,19290
2023-11-16 12:31:51,46,48,7161,19290
2023-11-16 12:31:55,45,48,7161,19290
2023-11-16 12:31:55,45,49,7161,19290
2023-11-16 12:31:56,46,49,7161,19290
2023-11-16 12:31:56,46,48,7161,19290
2023-11-16 12:32:01,44,48,7161,19290
2023-11-16 12:32:01,45,48,7161,19290
2023-11-16 12:32:03,45,47,7161,19290
2023-11-16 12:32:03,43,47,7161,19290
2023-11-16 12:32:04,43,46,7161,19290
2023-11-16 12:32:12,42,46,7161,19290
2023-11-16 12:32:19,43,46,7161,19290
2023-11-16 12:32:25,44,46,7161,19290
2023-11-16 12:32:28,43,46,7161,19290
2023-11-16 12:32:29,43,45,7161,19290
2023-11-16 12:32:30,42,45,7161,19290
2023-11-16 12:32:31,43,45,7161,19290
2023-11-16 12:32:34,42,45,7161,19290
2023-11-16 12:32:43,43,45,7161,19290
2023-11-16 12:32:46,43,44,7161,19290
2023-11-16 12:32:47,43,45,7161,19290
2023-11-16 12:32:47,43,45,7161,19290
2023-11-16 12:32:48,42,44,7161,19290
2023-11-16 12:32:51,41,44,7161,19290
2023-11-16 12:32:52,41,43,7161,19290
2023-11-16 12:32:52,40,43,7161,19290
2023-11-16 12:33:03,40,44,7161,19290
2023-11-16 12:33:04,41,44,7161,19290
2023-11-16 12:33:06,41,43,7161,19290
2023-11-16 12:33:12,42,43,7161,19290
2023-11-16 12:33:14,41,44,7161,19290
2023-11-16 12:33:15,41,43,7161,19290
2023-11-16 12:33:17,40,43,7161,19290
2023-11-16 12:33:17,41,44,7161,19290
2023-11-16 12:33:17,41,43,7161,19290
2023-11-16 12:33:18,40,43,7161,19290
2023-11-16 12:33:21,41,43,7161,19290
2023-11-16 12:33:21,40,43,7161,19290
2023-11-16 12:33:26,40,44,7161,19290
2023-11-16 12:33:26,40,43,7161,19290
2023-11-16 12:33:28,41,43,7161,19290
2023-11-16 12:33:37,41,44,7161,19290
2023-11-16 12:33:40,41,45,7161,19290
2023-11-16 12:33:42,42,45,7161,19290
2023-11-16 12:33:42,42,46,7161,19290
2023-11-16 12:33:46,43,46,7161,19290
2023-11-16 12:33:48,42,46,7161,19290
2023-11-16 12:33:54,43,46,7161,19290
2023-11-16 12:33:57,43,45,7161,19290
2023-11-16 12:33:58,43,45,7161,19290
2023-11-16 12:33:58,44,45,7161,19290
2023-11-16 12:34:01,44,46,7161,19290
2023-11-16 12:34:01,44,47,7161,19290
2023-11-16 12:34:02,44,48,7161,19290
2023-11-16 12:34:18,44,47,7161,19290
2023-11-16 12:34:31,44,47,7161,19290
2023-11-16 12:34:32,44,46,7161,19290
2023-11-16 12:34:33,44,47,7161,19290
2023-11-16 12:34:35,44,46,7161,19290
2023-11-16 12:34:40,44,47,7161,19290
2023-11-16 12:34:47,44,46,7161,19290
2023-11-16 12:34:50,44,47,7161,19290
2023-11-16 12:34:50,43,47,7161,19290
2023-11-16 12:34:50,44,47,7161,19290
2023-11-16 12:34:50,44,46,7161,19290
2023-11-16 12:34:51,42,46,7161,19290
2023-11-16 12:34:51,43,46,7161,19290
2023-11-16 12:34:53,42,46,7161,19290
2023-11-16 12:35:00,43,46,7161,19290
2023-11-16 12:35:04,42,46,7161,19290
2023-11-16 12:35:05,43,46,7161,19290
2023-11-16 12:35:08,43,45,7161,19290
2023-11-16 12:35:10,44,45,7161,19290
2023-11-16 12:35:13,44,46,7161,19290
2023-11-16 12:35:15,43,46,7161,19290
2023-11-16 12:35:15,43,45,7161,19290
2023-11-16 12:35:16,44,45,7161,19290
2023-11-16 12:35:16,43,45,7161,19290
2023-11-16 12:35:19,42,45,7161,19290
2023-11-16 12:35:21,41,45,7161,19290
2023-11-16 12:35:21,42,45,7161,19290
2023-11-16 12:35:22,43,45,7161,19290
2023-11-16 12:35:52,42,45,7161,19290
2023-11-16 12:35:52,42,44,7161,19290
2023-11-16 12:35:58,42,45,7161,19290
2023-11-16 12:35:59,42,44,7161,19290
2023-11-16 12:36:14,42,45,7161,19290
2023-11-16 12:36:14,41,45,7161,19290
2023-11-16 12:36:15,41,44,7161,19290
2023-11-16 12:36:15,42,44,7161,19290
2023-11-16 12:36:20,43,44,7161,19290
2023-11-16 12:36:20,43,45,7161,19290
2023-11-16 12:36:21,42,45,7161,19290
2023-11-16 12:36:21,42,44,7161,19290
2023-11-16 12:36:36,41,44,7161,19290
2023-11-16 12:36:37,42,45,7161,19290
2023-11-16 12:36:37,42,44,7161,19290
2023-11-16 12:36:38,42,45,7161,19290
2023-11-16 12:36:38,43,45,7161,19290
2023-11-16 12:36:39,43,44,7161,19290
2023-11-16 12:36:39,42,44,7161,19290
2023-11-16 12:36:45,43,44,7161,19290
2023-11-16 12:36:47,42,44,7161,19290
2023-11-16 12:36:49,42,45,7161,19290
2023-11-16 12:36:49,41,45,7161,19290
2023-11-16 12:36:49,41,44,7161,19290
2023-11-16 12:36:49,42,44,7161,19290
2023-11-16 12:37:09,42,43,7161,19290
2023-11-16 12:37:11,41,43,7161,19290
2023-11-16 12:37:12,41,44,7161,19290
2023-11-16 12:37:12,42,44,7161,19290
2023-11-16 12:37:24,42,45,7161,19290
2023-11-16 12:37:36,43,45,7161,19290
2023-11-16 12:37:37,43,46,7161,19290
2023-11-16 12:37:39,43,47,7161,19290
2023-11-16 12:37:46,44,47,7161,19290
2023-11-16 12:37:50,44,48,7161,19290
2023-11-16 12:37:52,44,47,7161,19290
2023-11-16 12:37:54,45,47,7161,19290
2023-11-16 12:37:55,44,47,7161,19290
2023-11-16 12:37:55,44,48,7161,19290
2023-11-16 12:37:55,45,48,7161,19290
2023-11-16 12:37:55,45,47,7161,19290
2023-11-16 12:38:00,45,48,7161,19290
2023-11-16 12:38:01,46,48,7161,19290
2023-11-16 12:38:01,46,49,7161,19290
2023-11-16 12:38:16,47,49,7161,19290
2023-11-16 12:38:29,47,50,7161,19290
2023-11-16 12:38:29,48,50,7161,19290
2023-11-16 12:38:41,47,50,7161,19290
2023-11-16 12:38:42,48,50,7161,19290
2023-11-16 12:38:49,47,50,7161,19290
2023-11-16 12:39:01,48,50,7161,19290
2023-11-16 12:39:15,48,51,7161,19290
2023-11-16 12:39:17,49,51,7161,19290
2023-11-16 12:39:18,48,51,7161,19290
2023-11-16 12:39:18,48,50,7161,19290
2023-11-16 12:39:20,48,51,7161,19290
2023-11-16 12:39:20,49,51,7161,19290
2023-11-16 12:39:30,49,52,7161,19290
2023-11-16 12:39:39,50,52,7161,19290
2023-11-16 12:39:52,50,53,7161,19290
2023-11-16 12:39:52,51,53,7161,19290
2023-11-16 12:40:04,50,53,7161,19290
2023-11-16 12:40:04,51,53,7161,19290
2023-11-16 12:40:23,52,53,7161,19290
2023-11-16 12:40:25,52,54,7161,19290
2023-11-16 12:40:45,52,55,7161,19290
2023-11-16 12:40:46,53,55,7161,19290
2023-11-16 12:40:53,53,56,7161,19290
2023-11-16 12:40:53,54,56,7161,19290
2023-11-16 12:40:53,54,57,7161,19290
2023-11-16 12:41:04,55,57,7161,19290
2023-11-16 12:41:08,56,57,7161,19290
2023-11-16 12:41:11,56,58,7161,19290
2023-11-16 12:41:12,57,58,7161,19290
2023-11-16 12:41:25,56,58,7161,19290
2023-11-16 12:41:27,57,58,7161,19290
2023-11-16 12:41:30,56,58,7161,19290
2023-11-16 12:41:31,57,58,7161,19290
2023-11-16 12:41:35,57,59,7161,19290
2023-11-16 12:41:36,58,59,7161,19290
2023-11-16 12:41:36,58,60,7161,19290
2023-11-16 12:41:37,58,61,7161,19290
2023-11-16 12:41:45,58,61,7161,19290
2023-11-16 12:42:02,58,60,7161,19290
2023-11-16 12:42:04,57,60,7161,19290
2023-11-16 12:42:08,57,59,7161,19290
2023-11-16 12:42:10,57,60,7161,19290
2023-11-16 12:42:11,57,59,7161,19290
2023-11-16 12:42:12,57,60,7161,19290
2023-11-16 12:42:18,57,59,7161,19290
2023-11-16 12:42:18,57,60,7161,19290
2023-11-16 12:42:19,57,59,7161,19290
2023-11-16 12:42:31,58,59,7161,19290
2023-11-16 12:42:36,57,59,7161,19290
2023-11-16 12:42:41,58,59,7161,19290
2023-11-16 12:42:45,58,60,7161,19290
2023-11-16 12:42:46,57,60,7161,19290
2023-11-16 12:42:46,58,60,7161,19290
2023-11-16 12:42:47,58,59,7161,19290
2023-11-16 12:42:50,57,59,7161,19290
2023-11-16 12:42:51,58,59,7161,19290
2023-11-16 12:43:02,57,59,7161,19290
2023-11-16 12:43:04,57,60,7161,19290
2023-11-16 12:43:04,57,59,7161,19290
2023-11-16 12:43:04,58,59,7161,19290
2023-11-16 12:43:04,57,59,7161,19290
2023-11-16 12:43:06,58,59,7161,19290
2023-11-16 12:43:07,57,59,7161,19290
2023-11-16 12:43:08,58,59,7161,19290
2023-11-16 12:43:10,58,60,7161,19290
2023-11-16 12:43:11,58,59,7161,19290
2023-11-16 12:43:13,57,59,7161,19290
2023-11-16 12:43:13,58,59,7161,19290
2023-11-16 12:43:16,58,60,7161,19290
2023-11-16 12:43:20,57,60,7161,19290
2023-11-16 12:43:22,58,60,7161,19290
2023-11-16 12:43:27,57,60,7161,19290
2023-11-16 12:43:27,58,60,7161,19290
2023-11-16 12:43:31,58,61,7161,19290
2023-11-16 12:43:35,59,61,7161,19290
2023-11-16 12:43:40,58,61,7161,19290
2023-11-16 12:43:41,59,61,7161,19290
2023-11-16 12:43:44,58,61,7161,19290
2023-11-16 12:43:45,59,61,7161,19290
2023-11-16 12:43:51,59,60,7161,19290
2023-11-16 12:44:01,59,61,7161,19290
2023-11-16 12:44:01,59,60,7161,19290
2023-11-16 12:44:06,58,60,7161,19290
2023-11-16 12:44:12,57,60,7161,19290
2023-11-16 12:44:13,58,60,7161,19290
2023-11-16 12:44:19,57,60,7161,19290
2023-11-16 12:44:22,57,59,7161,19290
2023-11-16 12:44:24,57,60,7161,19290
2023-11-16 12:44:24,57,59,7161,19290
2023-11-16 12:44:26,57,60,7161,19290
2023-11-16 12:44:26,57,59,7161,19290
2023-11-16 12:44:40,56,59,7161,19290
2023-11-16 12:44:40,57,59,7161,19290
2023-11-16 12:44:46,56,59,7161,19290
2023-11-16 12:44:47,56,58,7161,19290
2023-11-16 12:44:51,56,57,7161,19290
2023-11-16 12:44:51,56,57,7161,19643
2023-11-16 12:44:51,56,58,7161,19643
2023-11-16 12:44:53,55,58,7161,19643
2023-11-16 12:44:53,55,58,7361,19893
2023-11-16 12:44:53,55,57,7361,19893
2023-11-16 12:44:54,54,57,7361,19893
2023-11-16 12:45:03,55,57,7361,19893
2023-11-16 12:45:04,54,57,7361,19893
2023-11-16 12:45:09,54,56,7361,19893
2023-11-16 12:45:09,54,57,7619,20448
2023-11-16 12:45:09,55,57,7619,20448
2023-11-16 12:45:10,55,56,7619,20448
2023-11-16 12:45:16,55,57,7619,20448
2023-11-16 12:45:25,55,58,7619,20448
2023-11-16 12:45:26,55,57,7619,20448
2023-11-16 12:45:26,55,58,7724,20553
2023-11-16 12:45:26,55,57,7724,20553
2023-11-16 12:45:27,55,58,7724,20553
2023-11-16 12:45:29,56,58,7724,20553
2023-11-16 12:45:35,56,59,7724,20553
2023-11-16 12:45:35,56,58,7724,20553
2023-11-16 12:45:37,55,58,7724,20553
2023-11-16 12:45:37,55,57,7724,20553
2023-11-16 12:45:43,54,57,7724,20553
2023-11-16 12:45:54,53,57,7724,20553
2023-11-16 12:45:59,53,55,7724,20553
2023-11-16 12:46:15,54,55,7724,20553
2023-11-16 12:46:16,53,55,7724,20553
2023-11-16 12:46:18,54,55,7724,20553
2023-11-16 12:46:20,53,55,7724,20553
2023-11-16 12:46:21,54,55,7724,20553
2023-11-16 12:46:22,54,56,7724,20553
2023-11-16 12:46:28,54,57,7724,20553
2023-11-16 12:46:31,54,56,7724,20553
2023-11-16 12:46:35,54,57,7724,20553
2023-11-16 12:46:35,54,56,7724,20553
2023-11-16 12:46:35,54,57,8126,20955
2023-11-16 12:46:35,54,56,8126,20955
2023-11-16 12:46:37,54,57,8126,20955
2023-11-16 12:46:38,54,56,8126,20955
2023-11-16 12:46:38,54,57,8126,20955
2023-11-16 12:46:38,55,57,8126,20955
2023-11-16 12:46:39,54,57,8126,20955
2023-11-16 12:46:40,55,56,8126,20955
2023-11-16 12:46:40,54,56,8126,20955
2023-11-16 12:46:43,55,56,8126,20955
2023-11-16 12:46:51,55,57,8126,20955
2023-11-16 12:46:51,54,57,8126,20955
2023-11-16 12:46:52,55,57,8126,20955
2023-11-16 12:46:52,55,56,8126,20955
2023-11-16 12:46:56,54,56,8126,20955
2023-11-16 12:46:59,55,56,8126,20955
2023-11-16 12:47:00,54,56,8126,20955
2023-11-16 12:47:03,53,56,8126,20955
2023-11-16 12:47:10,54,56,8126,20955
2023-11-16 12:47:23,54,57,8126,20955
2023-11-16 12:47:30,55,57,8126,20955
2023-11-16 12:47:53,55,58,8126,20955
2023-11-16 12:47:54,55,57,8126,20955
2023-11-16 12:48:00,56,57,8126,20955
2023-11-16 12:48:00,56,58,8126,20955
2023-11-16 12:48:00,55,58,8126,20955
2023-11-16 12:48:01,55,57,8126,20955
2023-11-16 12:48:05,56,57,8126,20955
2023-11-16 12:48:05,56,58,8126,20955
2023-11-16 12:48:05,56,59,8126,20955
2023-11-16 12:48:05,56,58,8126,20955
2023-11-16 12:48:05,56,59,8126,20955
2023-11-16 12:48:12,56,57,8126,20955
2023-11-16 12:48:14,55,57,8126,20955
2023-11-16 12:48:15,56,57,8126,20955
2023-11-16 12:48:15,55,57,8126,20955
2023-11-16 12:48:16,55,58,8126,20955
2023-11-16 12:48:16,55,57,8126,20955
2023-11-16 12:48:21,55,58,8126,20955
2023-11-16 12:48:21,55,57,8126,20955
2023-11-16 12:48:35,55,58,8599,21428
2023-11-16 12:48:35,55,57,8599,21428
2023-11-16 12:48:40,54,57,8599,21428
2023-11-16 12:48:50,55,57,8599,21428
2023-11-16 12:48:55,55,56,8599,21428
2023-11-16 12:48:57,55,57,8599,21428
2023-11-16 12:49:05,55,56,8599,21428
2023-11-16 12:49:09,54,56,8599,21428
2023-11-16 12:49:21,55,56,8599,21428
2023-11-16 12:49:21,54,56,8599,21428
2023-11-16 12:49:34,54,57,8599,21428
2023-11-16 12:49:34,53,57,8599,21428
2023-11-16 12:49:34,54,57,8599,21428
2023-11-16 12:49:34,54,56,8599,21428
2023-11-16 12:50:00,53,56,8599,21428
2023-11-16 12:50:00,53,56,8599,21428
2023-11-16 12:50:00,54,56,8599,21428
2023-11-16 12:50:05,53,56,8599,21428
2023-11-16 12:50:07,53,55,8599,21428
2023-11-16 12:50:13,52,55,8599,21428
2023-11-16 12:50:14,52,54,8599,21428
2023-11-16 12:50:29,52,55,8599,21428
2023-11-16 12:50:45,53,55,8599,21428
2023-11-16 12:50:46,52,55,8599,21428
2023-11-16 12:50:46,52,54,8599,21428
2023-11-16 12:50:53,52,55,8599,21428
2023-11-16 12:50:57,53,56,8599,21428
2023-11-16 12:51:03,53,55,8599,21428
2023-11-16 12:51:04,52,55,8599,21428
2023-11-16 12:51:09,53,55,8599,21428
2023-11-16 12:51:10,52,55,8599,21428
2023-11-16 12:51:12,53,55,8599,21428
2023-11-16 12:51:13,53,54,8599,21428
2023-11-16 12:51:13,52,54,8599,21428
2023-11-16 12:51:13,51,54,8599,21428
2023-11-16 12:51:15,51,53,8599,21428
2023-11-16 12:51:16,50,53,8599,21428
2023-11-16 12:51:16,50,52,8599,21428
2023-11-16 12:51:22,50,53,8599,21428
2023-11-16 12:51:29,50,54,8599,21428
2023-11-16 12:51:30,50,53,8599,21428
2023-11-16 12:51:32,50,54,8599,21428
2023-11-16 12:51:32,50,53,8599,21428
2023-11-16 12:51:35,50,54,8599,21428
2023-11-16 12:51:36,51,54,8599,21428
2023-11-16 12:51:38,50,54,8599,21428
