datetime,bid,ask,open_interest,volume
2023-03-06 09:31:03,30,44,1497,1587
2023-03-06 09:31:03,35,44,1497,1587
2023-03-06 09:31:03,35,41,1497,1587
2023-03-06 09:34:21,35,41,1506,1596
2023-03-06 09:34:21,36,41,1506,1596
2023-03-06 09:34:22,35,41,1506,1596
2023-03-06 09:34:22,37,41,1506,1596
2023-03-06 09:34:45,38,41,1506,1596
2023-03-06 09:35:07,38,44,1506,1596
2023-03-06 09:35:07,39,43,1506,1596
2023-03-06 09:35:11,38,43,1506,1596
2023-03-06 09:35:55,38,43,1515,1605
2023-03-06 09:36:50,38,41,1515,1605
2023-03-06 09:36:55,38,41,1524,1614
2023-03-06 09:37:06,39,41,1524,1614
2023-03-06 09:37:07,39,43,1524,1614
2023-03-06 09:37:10,39,42,1524,1614
2023-03-06 09:37:10,38,42,1524,1614
2023-03-06 09:37:33,38,39,1524,1614
2023-03-06 09:37:33,35,37,1524,1641
2023-03-06 09:37:42,35,42,1524,1641
2023-03-06 09:37:42,35,41,1524,1641
2023-03-06 09:37:42,35,39,1524,1641
2023-03-06 09:37:42,35,37,1524,1641
2023-03-06 09:37:55,35,37,1533,1650
2023-03-06 09:38:34,37,39,1618,1735
2023-03-06 09:38:35,37,39,1681,1798
2023-03-06 09:38:42,37,39,1745,1862
2023-03-06 09:38:55,37,39,1754,1871
2023-03-06 09:39:06,37,40,1754,1871
2023-03-06 09:39:06,37,40,1818,1935
2023-03-06 09:39:06,37,39,1818,1935
2023-03-06 09:39:12,37,38,1818,1935
2023-03-06 09:39:33,37,40,1818,1935
2023-03-06 09:39:33,37,38,1818,1935
2023-03-06 09:39:55,37,38,1827,1944
2023-03-06 09:40:13,37,40,1827,1944
2023-03-06 09:40:13,37,39,1827,1944
2023-03-06 09:40:35,37,40,1827,1944
2023-03-06 09:40:36,37,39,1827,1944
2023-03-06 09:40:51,37,40,1827,1944
2023-03-06 09:40:51,37,39,1827,1944
2023-03-06 09:40:55,37,39,1836,1953
2023-03-06 09:41:52,37,40,1836,1953
2023-03-06 09:41:52,37,39,1836,1953
2023-03-06 09:41:55,37,39,1845,1962
2023-03-06 09:42:14,37,40,1845,1962
2023-03-06 09:42:15,37,39,1845,1962
2023-03-06 09:42:22,36,39,1845,1962
2023-03-06 09:42:46,36,40,1845,1962
2023-03-06 09:42:46,36,39,1845,1962
2023-03-06 09:42:55,36,39,1854,1971
2023-03-06 09:42:56,35,39,1854,1971
2023-03-06 09:42:56,35,40,1854,1971
2023-03-06 09:42:57,36,40,1854,1971
2023-03-06 09:42:57,36,39,1854,1971
2023-03-06 09:43:22,35,39,1854,1971
2023-03-06 09:43:22,36,39,1854,1971
2023-03-06 09:43:33,37,39,1854,1971
2023-03-06 09:43:55,37,39,1863,1980
2023-03-06 09:44:07,37,40,1863,1980
2023-03-06 09:44:08,37,39,1863,1980
2023-03-06 09:44:46,37,40,1863,1980
2023-03-06 09:44:47,37,39,1863,1980
2023-03-06 09:44:56,37,39,1872,1989
2023-03-06 09:45:05,37,40,1872,1989
2023-03-06 09:45:05,37,39,1872,1989
2023-03-06 09:45:36,37,40,1872,1989
2023-03-06 09:45:37,37,39,1872,1989
2023-03-06 09:45:56,37,39,1881,1998
2023-03-06 09:45:56,37,40,1881,1998
2023-03-06 09:45:56,37,39,1881,1998
2023-03-06 09:46:28,37,41,1881,1998
2023-03-06 09:46:29,37,39,1881,1998
2023-03-06 09:46:31,39,41,1945,2062
2023-03-06 09:46:40,39,42,1945,2062
2023-03-06 09:46:41,39,42,1970,2087
2023-03-06 09:46:41,39,41,1970,2087
2023-03-06 09:46:56,39,41,1979,2096
2023-03-06 09:46:57,39,41,2105,2222
2023-03-06 09:47:18,36,39,2154,2271
2023-03-06 09:47:42,36,41,2154,2271
2023-03-06 09:47:42,36,42,2154,2271
2023-03-06 09:47:42,37,42,2154,2271
2023-03-06 09:47:42,37,40,2154,2271
2023-03-06 09:47:52,36,40,2154,2271
2023-03-06 09:47:52,36,42,2154,2271
2023-03-06 09:47:52,37,42,2154,2271
2023-03-06 09:47:52,37,40,2154,2271
2023-03-06 09:47:56,37,40,2163,2280
2023-03-06 09:48:07,36,40,2163,2280
2023-03-06 09:48:07,37,40,2163,2280
2023-03-06 09:48:35,37,42,2163,2280
2023-03-06 09:48:35,37,40,2163,2280
2023-03-06 09:48:49,36,40,2163,2280
2023-03-06 09:48:49,36,42,2163,2280
2023-03-06 09:48:49,37,42,2163,2280
2023-03-06 09:48:49,37,40,2163,2280
2023-03-06 09:48:56,38,40,2163,2280
2023-03-06 09:50:56,39,40,2163,2280
2023-03-06 09:51:15,39,41,2163,2280
2023-03-06 09:51:16,39,40,2163,2280
2023-03-06 09:51:38,39,41,2163,2280
2023-03-06 09:51:39,39,40,2163,2280
2023-03-06 09:51:50,39,41,2163,2280
2023-03-06 09:51:50,39,40,2163,2280
2023-03-06 09:51:56,39,40,2172,2289
2023-03-06 09:52:12,38,40,2172,2289
2023-03-06 09:52:29,36,40,2172,2289
2023-03-06 09:52:29,36,42,2172,2289
2023-03-06 09:52:29,38,42,2172,2289
2023-03-06 09:52:29,38,40,2172,2289
2023-03-06 09:52:51,38,42,2172,2289
2023-03-06 09:52:51,38,40,2172,2289
2023-03-06 09:52:55,39,40,2172,2289
2023-03-06 09:52:59,39,41,2172,2289
2023-03-06 09:52:59,39,40,2172,2289
2023-03-06 09:53:28,39,41,2172,2289
2023-03-06 09:53:28,37,39,2180,2297
2023-03-06 09:53:56,38,39,2180,2297
2023-03-06 09:54:32,38,40,2180,2297
2023-03-06 09:54:32,38,39,2180,2297
2023-03-06 09:56:29,38,40,2180,2297
2023-03-06 10:02:56,39,40,2180,2297
2023-03-06 10:03:13,39,41,2180,2297
2023-03-06 10:03:26,39,40,2180,2297
2023-03-06 10:03:56,39,41,2180,2297
2023-03-06 10:04:22,39,40,2180,2297
2023-03-06 10:04:24,38,40,2259,2376
2023-03-06 10:04:55,38,41,2259,2376
2023-03-06 10:04:56,38,40,2259,2376
2023-03-06 10:05:20,39,40,2259,2376
2023-03-06 10:05:25,38,40,2259,2376
2023-03-06 10:08:25,37,40,2259,2376
2023-03-06 10:08:25,38,40,2259,2376
2023-03-06 10:08:26,38,40,2259,2376
2023-03-06 10:08:36,38,41,2259,2376
2023-03-06 10:08:42,38,40,2259,2376
2023-03-06 10:08:44,38,39,2259,2376
2023-03-06 10:08:55,38,40,2259,2376
2023-03-06 10:08:58,38,39,2259,2376
2023-03-06 10:08:59,36,39,2259,2376
2023-03-06 10:08:59,38,39,2259,2376
2023-03-06 10:09:25,36,39,2259,2376
2023-03-06 10:09:25,38,39,2259,2376
2023-03-06 10:09:29,38,40,2259,2376
2023-03-06 10:09:30,38,39,2259,2376
2023-03-06 10:09:34,38,40,2259,2376
2023-03-06 10:09:45,37,40,2259,2376
2023-03-06 10:09:45,37,41,2259,2376
2023-03-06 10:09:45,37,40,2259,2376
2023-03-06 10:10:00,37,41,2259,2376
2023-03-06 10:10:01,39,41,2259,2376
2023-03-06 10:10:02,39,40,2259,2376
2023-03-06 10:10:05,39,41,2259,2376
2023-03-06 10:10:11,39,40,2259,2376
2023-03-06 10:10:29,37,40,2259,2376
2023-03-06 10:10:30,38,40,2259,2376
2023-03-06 10:10:44,37,40,2259,2376
2023-03-06 10:10:44,38,40,2259,2376
2023-03-06 10:11:06,37,40,2259,2376
2023-03-06 10:11:07,38,40,2259,2376
2023-03-06 10:11:12,38,39,2259,2376
2023-03-06 10:11:22,38,40,2259,2376
2023-03-06 10:11:30,36,40,2259,2376
2023-03-06 10:11:30,38,40,2259,2376
2023-03-06 10:11:44,36,40,2259,2376
2023-03-06 10:11:45,38,40,2259,2376
2023-03-06 10:12:06,37,40,2259,2376
2023-03-06 10:12:06,38,40,2259,2376
2023-03-06 10:12:09,38,41,2259,2376
2023-03-06 10:12:15,38,40,2259,2376
2023-03-06 10:12:19,38,41,2259,2376
2023-03-06 10:12:20,38,40,2259,2376
2023-03-06 10:12:21,37,40,2259,2376
2023-03-06 10:12:21,39,40,2259,2376
2023-03-06 10:12:24,39,41,2259,2376
2023-03-06 10:12:33,39,40,2259,2376
2023-03-06 10:12:37,37,40,2259,2376
2023-03-06 10:12:37,38,40,2259,2376
2023-03-06 10:12:59,37,40,2259,2376
2023-03-06 10:12:59,38,40,2259,2376
2023-03-06 10:13:00,38,41,2259,2376
2023-03-06 10:13:02,38,40,2259,2376
2023-03-06 10:13:03,38,41,2259,2376
2023-03-06 10:13:06,38,40,2259,2376
2023-03-06 10:13:22,38,41,2259,2376
2023-03-06 10:13:28,37,41,2259,2376
2023-03-06 10:13:28,38,41,2259,2376
2023-03-06 10:13:32,38,40,2259,2376
2023-03-06 10:13:34,38,41,2259,2376
2023-03-06 10:13:35,38,40,2259,2376
2023-03-06 10:13:38,38,39,2259,2376
2023-03-06 10:13:43,38,40,2259,2376
2023-03-06 10:13:50,36,40,2259,2376
2023-03-06 10:13:50,38,40,2259,2376
2023-03-06 10:13:51,38,41,2259,2376
2023-03-06 10:13:58,38,40,2259,2376
2023-03-06 10:14:00,37,40,2259,2376
2023-03-06 10:14:00,39,40,2259,2376
2023-03-06 10:14:09,39,40,2259,2377
2023-03-06 10:14:44,37,40,2259,2377
2023-03-06 10:14:44,38,40,2259,2377
2023-03-06 10:14:55,37,40,2259,2377
2023-03-06 10:14:55,38,40,2259,2377
2023-03-06 10:14:58,38,39,2259,2377
2023-03-06 10:15:05,38,40,2259,2377
2023-03-06 10:15:06,38,39,2259,2377
2023-03-06 10:15:16,38,39,2242,2394
2023-03-06 10:15:20,36,39,2242,2394
2023-03-06 10:15:20,38,39,2242,2394
2023-03-06 10:15:21,38,40,2242,2394
2023-03-06 10:15:21,38,39,2242,2394
2023-03-06 10:15:28,36,39,2242,2394
2023-03-06 10:15:28,35,39,2242,2394
2023-03-06 10:15:28,37,39,2242,2394
2023-03-06 10:15:45,35,39,2242,2394
2023-03-06 10:15:45,38,39,2242,2394
2023-03-06 10:15:56,38,39,2225,2411
2023-03-06 10:15:57,35,39,2225,2411
2023-03-06 10:15:57,37,39,2225,2411
2023-03-06 10:15:58,37,38,2225,2411
2023-03-06 10:16:00,37,39,2225,2411
2023-03-06 10:16:02,37,38,2225,2411
2023-03-06 10:16:09,37,39,2225,2411
2023-03-06 10:16:11,37,38,2225,2411
2023-03-06 10:16:12,37,39,2225,2411
2023-03-06 10:16:15,37,38,2225,2411
2023-03-06 10:16:20,37,39,2225,2411
2023-03-06 10:16:38,35,39,2225,2411
2023-03-06 10:16:38,37,39,2225,2411
2023-03-06 10:16:57,35,39,2225,2411
2023-03-06 10:16:57,37,39,2225,2411
2023-03-06 10:17:00,37,38,2225,2411
2023-03-06 10:17:12,35,38,2225,2411
2023-03-06 10:17:13,37,38,2225,2411
2023-03-06 10:17:19,37,38,2206,2430
2023-03-06 10:17:33,34,38,2206,2430
2023-03-06 10:17:33,36,38,2206,2430
2023-03-06 10:17:35,36,39,2206,2430
2023-03-06 10:17:41,36,38,2206,2430
2023-03-06 10:17:50,34,38,2206,2430
2023-03-06 10:17:51,36,38,2206,2430
2023-03-06 10:18:09,36,38,2106,2530
2023-03-06 10:18:12,34,36,2100,2536
2023-03-06 10:18:13,36,38,2079,2630
2023-03-06 10:18:16,34,36,2079,2642
2023-03-06 10:18:35,33,36,2079,2642
2023-03-06 10:18:35,34,36,2079,2642
2023-03-06 10:18:48,32,36,2079,2642
2023-03-06 10:18:48,33,36,2079,2642
2023-03-06 10:18:48,33,35,2079,2642
2023-03-06 10:19:03,33,34,2079,2642
2023-03-06 10:19:13,30,34,2079,2642
2023-03-06 10:19:13,32,34,2079,2642
2023-03-06 10:19:18,32,35,2079,2642
2023-03-06 10:19:30,33,35,2079,2642
2023-03-06 10:19:36,33,36,2079,2642
2023-03-06 10:19:37,33,34,2079,2642
2023-03-06 10:19:38,32,34,2079,2642
2023-03-06 10:19:48,32,36,2079,2642
2023-03-06 10:19:48,33,36,2079,2642
2023-03-06 10:19:49,33,35,2079,2642
2023-03-06 10:20:06,32,35,2079,2642
2023-03-06 10:20:06,32,36,2079,2642
2023-03-06 10:20:06,32,34,2079,2642
2023-03-06 10:20:43,31,34,2079,2642
2023-03-06 10:20:43,31,36,2079,2642
2023-03-06 10:20:43,32,36,2079,2642
2023-03-06 10:20:43,32,34,2079,2642
2023-03-06 10:21:08,32,36,2079,2642
2023-03-06 10:21:08,32,35,2079,2642
2023-03-06 10:21:24,32,36,2079,2642
2023-03-06 10:21:24,33,36,2079,2642
2023-03-06 10:21:24,33,35,2079,2642
2023-03-06 10:21:56,33,37,2079,2642
2023-03-06 10:21:56,33,35,2079,2642
2023-03-06 10:22:13,33,36,2079,2642
2023-03-06 10:22:41,33,38,2079,2642
2023-03-06 10:22:41,33,35,2079,2642
2023-03-06 10:22:43,34,35,2079,2642
2023-03-06 10:22:59,34,38,2079,2642
2023-03-06 10:23:00,34,36,2079,2642
2023-03-06 10:23:32,33,36,2079,2642
2023-03-06 10:23:32,33,35,2079,2642
2023-03-06 10:23:54,33,36,2079,2642
2023-03-06 10:24:04,33,34,2079,2642
2023-03-06 10:24:05,33,36,2079,2642
2023-03-06 10:24:17,33,34,2079,2642
2023-03-06 10:24:19,33,36,2079,2642
2023-03-06 10:24:20,33,34,2079,2642
2023-03-06 10:24:41,30,34,2079,2642
2023-03-06 10:24:41,29,34,2079,2642
2023-03-06 10:24:41,29,32,2079,2642
2023-03-06 10:24:41,31,32,2079,2642
2023-03-06 10:24:51,31,34,2079,2642
2023-03-06 10:24:53,31,32,2079,2642
2023-03-06 10:24:54,31,34,2079,2642
2023-03-06 10:24:55,31,32,2079,2642
2023-03-06 10:24:56,31,34,2079,2642
2023-03-06 10:25:00,29,34,2079,2642
2023-03-06 10:25:00,31,34,2079,2642
2023-03-06 10:25:00,31,33,2079,2642
2023-03-06 10:25:41,31,34,2079,2642
2023-03-06 10:25:41,32,34,2079,2642
2023-03-06 10:26:11,30,34,2079,2642
2023-03-06 10:26:11,32,34,2079,2642
2023-03-06 10:26:29,30,34,2079,2642
2023-03-06 10:26:29,31,34,2079,2642
2023-03-06 10:26:58,30,34,2079,2642
2023-03-06 10:26:58,31,34,2079,2642
2023-03-06 10:27:03,31,32,2079,2642
2023-03-06 10:27:04,31,34,2079,2642
2023-03-06 10:27:33,30,34,2079,2642
2023-03-06 10:27:33,31,34,2079,2642
2023-03-06 10:27:54,30,34,2079,2642
2023-03-06 10:27:54,32,34,2079,2642
2023-03-06 10:28:26,32,34,2062,2659
2023-03-06 10:28:38,30,34,2062,2659
2023-03-06 10:28:38,28,34,2062,2659
2023-03-06 10:28:38,31,34,2062,2659
2023-03-06 10:28:56,28,34,2062,2659
2023-03-06 10:28:56,30,34,2062,2659
2023-03-06 10:28:56,30,33,2062,2659
2023-03-06 10:29:13,30,35,2062,2659
2023-03-06 10:29:13,31,35,2062,2659
2023-03-06 10:29:13,31,33,2062,2659
2023-03-06 10:29:43,30,33,2062,2659
2023-03-06 10:29:43,30,35,2062,2659
2023-03-06 10:29:44,31,35,2062,2659
2023-03-06 10:29:44,31,33,2062,2659
2023-03-06 10:29:54,30,33,2062,2659
2023-03-06 10:29:54,30,36,2062,2659
2023-03-06 10:29:54,32,36,2062,2659
2023-03-06 10:29:54,32,34,2062,2659
2023-03-06 10:30:15,29,34,2062,2659
2023-03-06 10:30:15,29,35,2062,2659
2023-03-06 10:30:15,31,35,2062,2659
2023-03-06 10:30:15,31,34,2062,2659
2023-03-06 10:30:35,30,34,2062,2659
2023-03-06 10:30:35,30,36,2062,2659
2023-03-06 10:30:35,31,36,2062,2659
2023-03-06 10:30:35,31,35,2062,2659
2023-03-06 10:30:35,31,33,2062,2659
2023-03-06 10:30:53,29,33,2062,2659
2023-03-06 10:30:53,29,35,2062,2659
2023-03-06 10:30:53,31,35,2062,2659
2023-03-06 10:30:53,31,33,2062,2659
2023-03-06 10:31:16,29,33,2062,2659
2023-03-06 10:31:16,29,35,2062,2659
2023-03-06 10:31:16,31,35,2062,2659
2023-03-06 10:31:16,31,33,2062,2659
2023-03-06 10:31:27,29,33,2062,2659
2023-03-06 10:31:27,29,35,2062,2659
2023-03-06 10:31:28,31,35,2062,2659
2023-03-06 10:31:28,31,33,2062,2659
2023-03-06 10:31:48,28,33,2062,2659
2023-03-06 10:31:48,28,34,2062,2659
2023-03-06 10:31:48,30,34,2062,2659
2023-03-06 10:31:48,30,33,2062,2659
2023-03-06 10:32:11,28,33,2062,2659
2023-03-06 10:32:11,30,33,2062,2659
2023-03-06 10:32:13,30,32,2062,2659
2023-03-06 10:32:28,30,33,2062,2659
2023-03-06 10:32:29,28,33,2062,2659
2023-03-06 10:32:29,27,33,2062,2659
2023-03-06 10:32:29,27,34,2062,2659
2023-03-06 10:32:29,28,34,2062,2659
2023-03-06 10:32:29,28,32,2062,2659
2023-03-06 10:32:54,27,32,2062,2659
2023-03-06 10:32:54,27,33,2062,2659
2023-03-06 10:32:54,30,33,2062,2659
2023-03-06 10:32:54,30,32,2062,2659
2023-03-06 10:33:28,29,32,2062,2659
2023-03-06 10:33:28,29,35,2062,2659
2023-03-06 10:33:29,31,35,2062,2659
2023-03-06 10:33:29,31,33,2062,2659
2023-03-06 10:33:50,29,33,2062,2659
2023-03-06 10:33:50,29,35,2062,2659
2023-03-06 10:33:50,31,35,2062,2659
2023-03-06 10:33:50,31,33,2062,2659
2023-03-06 10:34:22,31,35,2062,2659
2023-03-06 10:34:22,31,34,2062,2659
2023-03-06 10:34:34,29,34,2062,2659
2023-03-06 10:34:35,29,35,2062,2659
2023-03-06 10:34:35,31,35,2062,2659
2023-03-06 10:34:35,31,34,2062,2659
2023-03-06 10:34:59,29,34,2062,2659
2023-03-06 10:34:59,29,35,2062,2659
2023-03-06 10:34:59,31,35,2062,2659
2023-03-06 10:34:59,31,33,2062,2659
2023-03-06 10:35:16,30,33,2062,2659
2023-03-06 10:35:16,30,36,2062,2659
2023-03-06 10:35:16,31,36,2062,2659
2023-03-06 10:35:16,31,34,2062,2659
2023-03-06 10:35:54,29,34,2062,2659
2023-03-06 10:35:54,29,36,2062,2659
2023-03-06 10:35:54,31,36,2062,2659
2023-03-06 10:35:54,31,34,2062,2659
2023-03-06 10:36:01,29,34,2062,2659
2023-03-06 10:36:01,29,36,2062,2659
2023-03-06 10:36:01,31,36,2062,2659
2023-03-06 10:36:01,31,34,2062,2659
2023-03-06 10:36:24,31,34,2054,2667
2023-03-06 10:36:26,32,34,2054,2667
2023-03-06 10:36:37,32,38,2054,2667
2023-03-06 10:36:37,33,38,2054,2667
2023-03-06 10:36:37,33,35,2054,2667
2023-03-06 10:36:56,31,35,2054,2667
2023-03-06 10:36:56,31,37,2054,2667
2023-03-06 10:36:56,33,37,2054,2667
2023-03-06 10:36:56,33,35,2054,2667
2023-03-06 10:37:29,30,35,2054,2667
2023-03-06 10:37:29,30,36,2054,2667
2023-03-06 10:37:29,32,36,2054,2667
2023-03-06 10:37:29,32,34,2054,2667
2023-03-06 10:37:30,32,34,2046,2675
2023-03-06 10:37:46,30,34,2046,2675
2023-03-06 10:37:46,30,35,2046,2675
2023-03-06 10:37:46,32,35,2046,2675
2023-03-06 10:37:46,32,34,2046,2675
2023-03-06 10:38:10,32,33,2046,2675
2023-03-06 10:38:14,28,33,2046,2675
2023-03-06 10:38:14,31,33,2046,2675
2023-03-06 10:38:30,27,33,2046,2675
2023-03-06 10:38:30,28,33,2046,2675
2023-03-06 10:38:30,30,33,2046,2675
2023-03-06 10:38:31,30,33,2038,2683
2023-03-06 10:39:09,28,33,2038,2683
2023-03-06 10:39:09,30,33,2038,2683
2023-03-06 10:39:09,30,32,2038,2683
2023-03-06 10:39:30,28,32,2038,2683
2023-03-06 10:39:30,28,34,2038,2683
2023-03-06 10:39:30,30,34,2038,2683
2023-03-06 10:39:30,30,32,2038,2683
2023-03-06 10:39:34,30,32,2030,2691
2023-03-06 10:39:52,28,32,2030,2691
2023-03-06 10:39:52,28,35,2030,2691
2023-03-06 10:39:52,31,35,2030,2691
2023-03-06 10:39:52,31,33,2030,2691
2023-03-06 10:40:05,28,33,2030,2691
2023-03-06 10:40:05,28,34,2030,2691
2023-03-06 10:40:06,31,34,2030,2691
2023-03-06 10:40:06,31,33,2030,2691
2023-03-06 10:40:28,31,32,2030,2691
2023-03-06 10:40:32,31,32,2022,2699
2023-03-06 10:40:40,26,32,2022,2699
2023-03-06 10:40:41,30,32,2022,2699
2023-03-06 10:41:09,26,32,2022,2699
2023-03-06 10:41:09,28,32,2022,2699
2023-03-06 10:41:09,28,31,2022,2699
2023-03-06 10:41:32,28,31,2014,2707
2023-03-06 10:41:49,25,31,2014,2707
2023-03-06 10:41:49,30,31,2014,2707
2023-03-06 10:41:50,30,32,2014,2707
2023-03-06 10:41:56,30,31,2014,2707
2023-03-06 10:42:01,25,31,2014,2707
2023-03-06 10:42:01,27,31,2014,2707
2023-03-06 10:42:01,28,31,2014,2707
2023-03-06 10:42:02,28,30,2014,2707
2023-03-06 10:42:31,27,30,2014,2707
2023-03-06 10:42:31,25,30,2014,2707
2023-03-06 10:42:31,26,30,2014,2707
2023-03-06 10:42:31,28,30,2014,2707
2023-03-06 10:42:32,28,30,2006,2715
2023-03-06 10:42:44,26,30,2006,2715
2023-03-06 10:42:44,28,30,2006,2715
2023-03-06 10:43:12,28,29,2006,2715
2023-03-06 10:43:32,28,29,1998,2723
2023-03-06 10:43:39,26,29,1998,2723
2023-03-06 10:43:39,23,29,1998,2723
2023-03-06 10:43:39,23,28,1998,2723
2023-03-06 10:43:39,23,28,1998,2723
2023-03-06 10:43:39,25,28,1998,2723
2023-03-06 10:43:39,27,28,1998,2723
2023-03-06 10:43:44,27,29,1998,2723
2023-03-06 10:43:44,25,27,1824,2897
2023-03-06 10:43:52,25,26,1824,2897
2023-03-06 10:43:59,23,26,1824,3332
2023-03-06 10:44:07,23,25,1824,3332
2023-03-06 10:44:08,21,25,1824,3332
2023-03-06 10:44:20,21,26,1824,3332
2023-03-06 10:44:22,21,25,1824,3332
2023-03-06 10:44:25,21,23,1824,3332
2023-03-06 10:44:26,19,23,1824,3332
2023-03-06 10:44:32,19,23,1816,3340
2023-03-06 10:45:32,19,23,1816,3348
2023-03-06 10:45:43,21,23,1816,3348
2023-03-06 10:45:55,19,23,1816,3348
2023-03-06 10:45:55,21,23,1816,3348
2023-03-06 10:46:26,19,23,1816,3348
2023-03-06 10:46:26,21,23,1816,3348
2023-03-06 10:46:32,21,23,1808,3356
2023-03-06 10:46:47,19,23,1808,3356
2023-03-06 10:46:48,21,23,1808,3356
2023-03-06 10:46:56,19,23,1808,3356
2023-03-06 10:46:56,21,23,1808,3356
2023-03-06 10:47:32,21,23,1800,3364
2023-03-06 10:47:58,19,23,1800,3364
2023-03-06 10:47:58,21,23,1800,3364
2023-03-06 10:48:00,21,23,1723,3464
2023-03-06 10:48:04,21,23,1723,3564
2023-03-06 10:48:07,21,24,1723,3564
2023-03-06 10:48:30,20,24,1723,3564
2023-03-06 10:48:30,21,24,1723,3564
2023-03-06 10:48:32,21,24,1715,3572
2023-03-06 10:48:40,23,24,1715,3572
2023-03-06 10:48:43,23,24,1815,3672
2023-03-06 10:48:44,22,24,1815,3672
2023-03-06 10:48:47,22,24,1915,3772
2023-03-06 10:48:48,23,24,1915,3772
2023-03-06 10:48:51,23,24,2015,3872
2023-03-06 10:48:51,23,26,2015,3872
2023-03-06 10:48:51,23,24,2015,3872
2023-03-06 10:48:54,23,24,2115,3972
2023-03-06 10:48:58,24,26,2230,4087
2023-03-06 10:49:06,24,27,2230,4087
2023-03-06 10:49:06,24,25,2230,4087
2023-03-06 10:49:15,24,27,2230,4087
2023-03-06 10:49:15,24,26,2230,4087
2023-03-06 10:49:32,24,26,2230,4095
2023-03-06 10:49:37,24,27,2230,4095
2023-03-06 10:49:37,25,27,2230,4095
2023-03-06 10:49:54,24,27,2230,4095
2023-03-06 10:49:54,25,27,2230,4095
2023-03-06 10:50:01,25,26,2230,4095
2023-03-06 10:50:17,23,26,2230,4095
2023-03-06 10:50:17,25,26,2230,4095
2023-03-06 10:50:32,25,26,2222,4103
2023-03-06 10:50:40,23,26,2222,4103
2023-03-06 10:50:40,25,26,2222,4103
2023-03-06 10:50:47,23,26,2222,4103
2023-03-06 10:50:47,25,26,2222,4103
2023-03-06 10:51:09,23,26,2222,4103
2023-03-06 10:51:09,25,26,2222,4103
2023-03-06 10:51:17,25,27,2222,4103
2023-03-06 10:51:32,24,27,2222,4103
2023-03-06 10:51:32,24,28,2222,4103
2023-03-06 10:51:32,25,28,2222,4103
2023-03-06 10:51:33,25,28,2214,4111
2023-03-06 10:51:40,25,27,2214,4111
2023-03-06 10:51:54,25,28,2214,4111
2023-03-06 10:52:05,24,28,2214,4111
2023-03-06 10:52:05,26,28,2214,4111
2023-03-06 10:52:33,26,28,2206,4119
2023-03-06 10:52:52,24,28,2206,4119
2023-03-06 10:52:52,26,28,2206,4119
2023-03-06 10:53:50,27,28,2206,4119
2023-03-06 10:54:14,26,28,2206,4119
2023-03-06 10:54:33,26,27,2206,4119
2023-03-06 10:54:53,25,27,2206,4119
2023-03-06 10:54:53,26,27,2206,4119
2023-03-06 10:55:09,25,26,2039,4286
2023-03-06 10:55:32,25,26,2030,4295
2023-03-06 10:55:58,23,26,2030,4295
2023-03-06 10:55:58,24,26,2030,4295
2023-03-06 10:56:12,25,26,2030,4295
2023-03-06 10:56:23,24,26,2030,4295
2023-03-06 10:56:24,25,26,2030,4295
2023-03-06 10:56:26,24,26,2030,4295
2023-03-06 10:56:26,24,28,2030,4295
2023-03-06 10:56:26,24,26,2030,4295
2023-03-06 10:56:32,24,26,2038,4303
2023-03-06 10:56:41,25,26,2038,4303
2023-03-06 10:56:48,25,28,2038,4303
2023-03-06 10:57:11,24,28,2038,4303
2023-03-06 10:57:11,26,28,2038,4303
2023-03-06 10:57:17,26,27,2038,4303
2023-03-06 10:57:29,24,27,2038,4303
2023-03-06 10:57:29,23,27,2038,4303
2023-03-06 10:57:29,25,27,2038,4303
2023-03-06 10:57:32,25,26,2038,4303
2023-03-06 10:57:48,24,26,2038,4303
2023-03-06 10:57:48,25,26,2038,4303
2023-03-06 10:58:12,24,26,2038,4303
2023-03-06 10:58:15,23,26,2046,4549
2023-03-06 10:58:24,23,25,2046,4549
2023-03-06 10:58:25,22,25,2046,4549
2023-03-06 10:58:32,22,24,2046,4549
2023-03-06 10:58:33,23,24,2046,4549
2023-03-06 10:58:36,24,26,2038,4557
2023-03-06 10:58:50,24,28,2038,4557
2023-03-06 10:58:50,24,27,2038,4557
2023-03-06 10:58:51,25,27,2038,4557
2023-03-06 10:59:08,25,28,2038,4557
2023-03-06 10:59:08,25,27,2038,4557
2023-03-06 10:59:32,25,26,2038,4557
2023-03-06 10:59:38,24,26,2038,4557
2023-03-06 10:59:38,25,26,2038,4557
2023-03-06 10:59:54,24,26,2038,4557
2023-03-06 11:00:24,25,26,2038,4557
2023-03-06 11:00:42,25,27,2038,4557
2023-03-06 11:01:32,25,26,2038,4557
2023-03-06 11:03:04,24,26,2038,4557
2023-03-06 11:03:33,25,26,2038,4557
2023-03-06 11:04:15,24,26,2038,4557
2023-03-06 11:04:15,25,26,2038,4557
2023-03-06 11:04:32,25,26,2030,4565
2023-03-06 11:04:47,22,26,2030,4565
2023-03-06 11:04:47,23,26,2030,4565
2023-03-06 11:05:01,22,26,2030,4565
2023-03-06 11:05:01,24,26,2030,4565
2023-03-06 11:05:28,22,26,2030,4565
2023-03-06 11:05:28,24,26,2030,4565
2023-03-06 11:05:32,24,25,2030,4565
2023-03-06 11:05:49,23,25,2030,4565
2023-03-06 11:06:15,23,24,2030,4565
2023-03-06 11:06:33,23,25,2030,4565
2023-03-06 11:06:33,23,24,2030,4565
2023-03-06 11:06:35,23,25,2030,4565
2023-03-06 11:06:36,23,24,2030,4565
2023-03-06 11:07:04,22,24,2030,4565
2023-03-06 11:07:05,22,23,2030,4565
2023-03-06 11:07:05,22,24,2030,4565
2023-03-06 11:07:06,22,23,2030,4565
2023-03-06 11:07:08,22,24,2030,4565
2023-03-06 11:07:09,21,24,2030,4565
2023-03-06 11:07:09,22,24,2030,4565
2023-03-06 11:07:15,22,23,2030,4565
2023-03-06 11:07:22,22,24,2030,4565
2023-03-06 11:07:26,21,24,2030,4565
2023-03-06 11:07:26,22,24,2030,4565
2023-03-06 11:07:35,22,24,2024,4573
2023-03-06 11:07:37,22,23,2024,4573
2023-03-06 11:07:39,21,23,2024,4573
2023-03-06 11:07:39,22,23,2024,4573
2023-03-06 11:07:46,22,24,2024,4573
2023-03-06 11:07:55,20,24,2024,4573
2023-03-06 11:07:55,22,24,2024,4573
2023-03-06 11:07:56,22,23,2024,4573
2023-03-06 11:08:18,20,22,1927,4670
2023-03-06 11:08:30,21,22,1927,4670
2023-03-06 11:08:40,21,22,1894,4703
2023-03-06 11:08:48,20,22,1894,4703
2023-03-06 11:08:48,21,22,1894,4703
2023-03-06 11:09:10,20,22,1894,4703
2023-03-06 11:09:29,21,22,1894,4703
2023-03-06 11:09:44,21,23,1894,4703
2023-03-06 11:10:30,21,22,1894,4703
2023-03-06 11:10:42,20,22,1894,4703
2023-03-06 11:10:48,19,22,1894,4703
2023-03-06 11:10:48,20,22,1894,4703
2023-03-06 11:10:58,19,22,1894,4703
2023-03-06 11:10:58,19,21,1894,4703
2023-03-06 11:11:32,19,20,1894,4703
2023-03-06 11:12:10,18,20,1894,4703
2023-03-06 11:12:10,19,20,1894,4703
2023-03-06 11:12:31,18,20,1894,4703
2023-03-06 11:12:32,20,23,1894,4711
2023-03-06 11:12:32,20,22,1894,4711
2023-03-06 11:12:32,20,21,1894,4711
2023-03-06 11:12:56,19,21,1894,4711
2023-03-06 11:12:56,20,21,1894,4711
2023-03-06 11:13:06,21,22,1902,4719
2023-03-06 11:13:10,21,25,1902,4719
2023-03-06 11:13:10,21,23,1902,4719
2023-03-06 11:13:14,20,23,1902,4719
2023-03-06 11:13:32,22,23,1902,4719
2023-03-06 11:13:36,22,24,1902,4719
2023-03-06 11:13:54,22,23,1902,4719
2023-03-06 11:14:17,22,24,1902,4719
2023-03-06 11:14:29,22,23,1902,4719
2023-03-06 11:14:42,21,23,1902,4719
2023-03-06 11:14:57,21,22,1902,4719
2023-03-06 11:15:35,20,21,1902,4727
2023-03-06 11:17:44,19,21,1902,4727
2023-03-06 11:18:32,19,20,1902,4727
2023-03-06 11:18:49,18,19,1902,4819
2023-03-06 11:18:50,18,20,1902,4819
2023-03-06 11:18:57,18,19,1902,4819
2023-03-06 11:19:01,18,20,1902,4819
2023-03-06 11:19:08,18,19,1902,4819
2023-03-06 11:19:12,18,20,1902,4819
2023-03-06 11:19:22,18,19,1902,4819
2023-03-06 11:20:00,17,19,1902,4819
2023-03-06 11:20:14,17,19,1907,4824
2023-03-06 11:20:26,18,19,1907,4824
2023-03-06 11:20:32,18,19,1907,4833
2023-03-06 11:20:36,19,21,1907,4923
2023-03-06 11:20:42,20,21,1907,4923
2023-03-06 11:20:43,19,21,1907,4923
2023-03-06 11:20:44,20,21,1907,4923
2023-03-06 11:20:46,19,21,1907,4923
2023-03-06 11:20:58,20,21,1907,4923
2023-03-06 11:20:59,19,21,1907,4923
2023-03-06 11:21:01,20,21,1907,4923
2023-03-06 11:21:32,20,21,1907,4932
2023-03-06 11:21:35,20,21,1907,4934
2023-03-06 11:21:38,20,22,1907,4940
2023-03-06 11:21:56,19,22,1907,4940
2023-03-06 11:21:56,19,24,1907,4940
2023-03-06 11:21:56,21,24,1907,4940
2023-03-06 11:21:56,21,23,1907,4940
2023-03-06 11:22:07,21,24,1907,4940
2023-03-06 11:22:07,21,23,1907,4940
2023-03-06 11:22:32,21,22,1907,4940
2023-03-06 11:22:35,20,22,1907,4940
2023-03-06 11:22:35,21,22,1907,4940
2023-03-06 11:22:45,20,22,1907,4940
2023-03-06 11:22:46,21,22,1907,4940
2023-03-06 11:23:06,20,22,1907,4940
2023-03-06 11:23:06,22,24,1907,4949
2023-03-06 11:23:32,22,24,1907,4958
2023-03-06 11:23:35,21,24,1907,4958
2023-03-06 11:23:35,21,27,1907,4958
2023-03-06 11:23:35,23,27,1907,4958
2023-03-06 11:23:35,23,25,1907,4958
2023-03-06 11:23:52,22,25,1907,4958
2023-03-06 11:23:52,22,27,1907,4958
2023-03-06 11:23:52,23,27,1907,4958
2023-03-06 11:23:52,23,26,1907,4958
2023-03-06 11:24:09,22,26,1907,4958
2023-03-06 11:24:09,22,27,1907,4958
2023-03-06 11:24:10,24,27,1907,4958
2023-03-06 11:24:10,24,26,1907,4958
2023-03-06 11:24:32,25,26,1907,4958
2023-03-06 11:24:54,25,27,1907,4958
2023-03-06 11:25:14,25,26,1907,4958
2023-03-06 11:25:15,24,26,1915,4967
2023-03-06 11:25:32,24,25,1915,4967
2023-03-06 11:25:33,23,25,1915,4967
2023-03-06 11:26:32,24,25,1915,4967
2023-03-06 11:26:44,24,26,1915,4967
2023-03-06 11:27:00,25,26,1915,4967
2023-03-06 11:27:24,26,30,1907,4976
2023-03-06 11:27:24,26,28,1907,4976
2023-03-06 11:27:27,27,28,1907,4976
2023-03-06 11:27:35,28,29,2087,5156
2023-03-06 11:28:48,28,30,2087,5156
2023-03-06 11:28:48,28,29,2087,5156
2023-03-06 11:29:10,28,30,2087,5156
2023-03-06 11:29:10,28,29,2087,5156
2023-03-06 11:29:30,28,30,2087,5156
2023-03-06 11:29:32,29,30,2087,5156
2023-03-06 11:29:43,29,31,2087,5156
2023-03-06 11:29:43,29,30,2087,5156
2023-03-06 11:30:02,28,29,2095,5165
2023-03-06 11:30:05,27,29,2095,5165
2023-03-06 11:31:15,28,29,2095,5165
2023-03-06 11:31:29,28,30,2112,5190
2023-03-06 11:31:32,29,30,2112,5190
2023-03-06 11:31:34,29,31,2112,5190
2023-03-06 11:31:35,29,30,2112,5190
2023-03-06 11:32:10,29,31,2112,5190
2023-03-06 11:32:10,29,30,2112,5190
2023-03-06 11:32:32,29,30,2120,5199
2023-03-06 11:32:36,29,31,2120,5199
2023-03-06 11:32:37,29,30,2120,5199
2023-03-06 11:32:48,28,30,2120,5199
2023-03-06 11:33:09,27,30,2120,5199
2023-03-06 11:33:09,28,30,2120,5199
2023-03-06 11:33:30,27,30,2120,5199
2023-03-06 11:33:30,27,29,2120,5199
2023-03-06 11:33:32,28,29,2120,5199
2023-03-06 11:33:50,28,30,2120,5199
2023-03-06 11:33:50,28,29,2120,5199
2023-03-06 11:34:08,28,30,2120,5199
2023-03-06 11:34:08,28,29,2120,5199
2023-03-06 11:34:52,27,28,2120,5199
2023-03-06 11:35:27,26,27,2120,5208
2023-03-06 11:35:28,24,27,2120,5208
2023-03-06 11:35:28,25,27,2120,5208
2023-03-06 11:35:32,25,26,2120,5208
2023-03-06 11:35:46,24,26,2120,5208
2023-03-06 11:35:47,25,26,2120,5208
2023-03-06 11:36:09,24,26,2120,5208
2023-03-06 11:36:10,25,26,2120,5208
2023-03-06 11:36:34,24,26,2120,5208
2023-03-06 11:36:34,25,26,2120,5208
2023-03-06 11:36:41,24,26,2120,5208
2023-03-06 11:36:42,25,26,2120,5208
2023-03-06 11:36:42,26,29,2111,5217
2023-03-06 11:36:42,26,28,2111,5217
2023-03-06 11:37:07,26,27,2111,5217
2023-03-06 11:37:27,24,27,2111,5217
2023-03-06 11:37:27,25,27,2111,5217
2023-03-06 11:37:40,25,26,2111,5217
2023-03-06 11:37:48,23,25,1970,5367
2023-03-06 11:38:06,22,25,1970,5367
2023-03-06 11:38:06,24,25,1970,5367
2023-03-06 11:38:27,22,25,1970,5367
2023-03-06 11:38:27,23,25,1970,5367
2023-03-06 11:38:32,23,24,1970,5367
2023-03-06 11:38:48,22,24,1970,5367
2023-03-06 11:38:48,23,24,1970,5367
2023-03-06 11:39:06,22,24,1970,5367
2023-03-06 11:39:07,24,25,1961,5376
2023-03-06 11:39:26,22,25,1961,5376
2023-03-06 11:39:26,23,25,1961,5376
2023-03-06 11:39:34,24,25,1961,5376
2023-03-06 11:40:24,24,26,1961,5376
2023-03-06 11:40:32,25,26,1961,5376
2023-03-06 11:40:44,25,27,1961,5376
2023-03-06 11:41:32,26,27,1961,5376
2023-03-06 11:41:48,26,28,1961,5376
2023-03-06 11:42:32,27,28,1961,5376
2023-03-06 11:43:00,26,27,1961,5385
2023-03-06 11:43:06,24,27,1961,5385
2023-03-06 11:43:06,26,27,1961,5385
2023-03-06 11:43:27,24,27,1961,5385
2023-03-06 11:43:27,25,27,1961,5385
2023-03-06 11:43:59,26,27,1961,5385
2023-03-06 11:44:06,26,27,1949,5397
2023-03-06 11:44:17,25,27,1949,5397
2023-03-06 11:44:32,25,26,1949,5397
2023-03-06 11:45:08,25,27,1949,5406
2023-03-06 11:45:08,24,27,1949,5406
2023-03-06 11:45:08,24,29,1949,5406
2023-03-06 11:45:08,25,29,1949,5406
2023-03-06 11:45:08,25,27,1949,5406
2023-03-06 11:45:32,26,27,1949,5406
2023-03-06 11:45:40,26,28,1949,5406
2023-03-06 11:45:52,26,27,1949,5406
2023-03-06 11:46:11,26,28,1949,5406
2023-03-06 11:46:11,26,27,1949,5406
2023-03-06 11:46:35,26,28,1949,5406
2023-03-06 11:46:35,26,27,1949,5406
2023-03-06 11:46:46,26,28,1949,5406
2023-03-06 11:47:42,26,30,1949,5406
2023-03-06 11:47:42,27,30,1949,5406
2023-03-06 11:47:42,27,29,1949,5406
2023-03-06 11:48:00,27,30,1949,5406
2023-03-06 11:48:00,27,29,1949,5406
2023-03-06 11:48:27,29,30,1949,5542
2023-03-06 11:48:36,29,30,1996,5590
2023-03-06 11:48:39,29,31,1988,5599
2023-03-06 11:48:45,29,33,1988,6093
2023-03-06 11:48:49,29,32,1988,6093
2023-03-06 11:48:51,29,33,1988,6093
2023-03-06 11:48:52,29,31,1988,6093
2023-03-06 11:49:13,29,31,1988,6137
2023-03-06 11:49:15,29,33,1988,6137
2023-03-06 11:49:16,30,33,1988,6137
2023-03-06 11:49:16,30,32,1988,6137
2023-03-06 11:49:30,29,32,1988,6137
2023-03-06 11:49:30,30,32,1988,6137
2023-03-06 11:49:32,30,32,1988,6146
2023-03-06 11:49:45,28,32,1988,6146
2023-03-06 11:49:45,30,32,1988,6146
2023-03-06 11:50:01,29,32,1988,6146
2023-03-06 11:50:01,29,33,1988,6146
2023-03-06 11:50:01,29,31,1988,6146
2023-03-06 11:50:27,30,31,1988,6146
2023-03-06 11:50:32,30,31,1996,6155
2023-03-06 11:50:33,31,33,2124,6283
2023-03-06 11:50:35,31,32,2124,6283
2023-03-06 11:50:41,30,32,2124,6283
2023-03-06 11:50:41,31,32,2124,6283
2023-03-06 11:50:50,31,33,2124,6283
2023-03-06 11:51:04,31,33,2138,6305
2023-03-06 11:51:17,31,35,2138,6305
2023-03-06 11:51:17,31,33,2138,6305
2023-03-06 11:51:32,31,33,2146,6314
2023-03-06 11:51:51,31,34,2146,6314
2023-03-06 11:51:51,31,33,2146,6314
2023-03-06 11:52:13,30,33,2146,6314
2023-03-06 11:52:14,31,33,2146,6314
2023-03-06 11:52:30,30,33,2146,6314
2023-03-06 11:52:30,30,32,2146,6314
2023-03-06 11:52:47,30,31,2146,6314
2023-03-06 11:52:52,30,32,2146,6314
2023-03-06 11:52:54,30,31,2146,6314
2023-03-06 11:53:03,30,31,2099,6361
2023-03-06 11:53:17,28,30,2108,6370
2023-03-06 11:53:18,28,31,2108,6370
2023-03-06 11:53:20,27,31,2108,6370
2023-03-06 11:53:20,28,31,2108,6370
2023-03-06 11:53:20,28,30,2108,6370
2023-03-06 11:53:20,28,31,2108,6370
2023-03-06 11:53:25,28,30,2108,6370
2023-03-06 11:53:32,28,30,2099,6379
2023-03-06 11:53:41,27,30,2099,6379
2023-03-06 11:53:41,27,29,2099,6379
2023-03-06 11:53:59,27,28,2099,6379
2023-03-06 11:54:07,26,28,2099,6379
2023-03-06 11:54:14,26,27,2099,6379
2023-03-06 11:54:18,26,27,1980,6507
2023-03-06 11:54:21,24,27,1980,6558
2023-03-06 11:54:23,26,27,1980,6558
2023-03-06 11:54:32,23,27,1980,6558
2023-03-06 11:54:32,23,25,1980,6558
2023-03-06 11:54:33,25,27,1971,6567
2023-03-06 11:54:37,25,26,1971,6567
2023-03-06 11:54:47,23,26,1971,6567
2023-03-06 11:54:47,25,26,1971,6567
2023-03-06 11:54:59,23,26,1971,6655
2023-03-06 11:55:08,23,25,1971,6655
2023-03-06 11:55:28,23,26,1971,6655
2023-03-06 11:55:29,23,25,1971,6655
2023-03-06 11:55:33,23,24,1971,6655
2023-03-06 11:56:57,23,25,1971,6655
2023-03-06 11:57:33,23,25,1963,6664
2023-03-06 11:57:46,22,25,1963,6664
2023-03-06 11:58:15,22,28,1963,6664
2023-03-06 11:58:15,22,24,1963,6664
2023-03-06 11:58:16,23,24,1963,6664
2023-03-06 11:58:19,24,26,2056,6757
2023-03-06 11:58:21,24,28,2056,6757
2023-03-06 11:58:21,24,25,2056,6757
2023-03-06 11:58:25,24,25,2156,6857
2023-03-06 11:58:26,23,25,2156,6857
2023-03-06 11:58:27,24,25,2156,6857
2023-03-06 11:58:28,24,25,2256,6957
2023-03-06 11:58:29,23,25,2256,6957
2023-03-06 11:58:32,23,25,2264,6966
2023-03-06 11:58:34,23,27,2264,6966
2023-03-06 11:58:34,23,28,2264,6966
2023-03-06 11:58:35,24,28,2264,6966
2023-03-06 11:58:35,24,26,2264,6966
2023-03-06 11:58:49,23,26,2264,6966
2023-03-06 11:58:49,23,28,2264,6966
2023-03-06 11:58:49,25,28,2264,6966
2023-03-06 11:59:06,23,28,2264,6966
2023-03-06 11:59:06,25,28,2264,6966
2023-03-06 11:59:06,25,27,2264,6966
2023-03-06 11:59:32,25,27,2256,6975
2023-03-06 11:59:32,22,27,2256,6975
2023-03-06 11:59:33,24,27,2256,6975
2023-03-06 11:59:33,24,26,2256,6975
2023-03-06 11:59:47,22,26,2256,6975
2023-03-06 11:59:47,24,26,2256,6975
2023-03-06 12:00:03,22,26,2256,6975
2023-03-06 12:00:03,22,27,2256,6975
2023-03-06 12:00:03,24,27,2256,6975
2023-03-06 12:00:03,24,26,2256,6975
2023-03-06 12:01:29,26,28,2256,6984
2023-03-06 12:01:41,26,27,2256,6984
2023-03-06 12:01:55,25,26,2256,6993
2023-03-06 12:02:07,23,26,2256,6993
2023-03-06 12:02:07,22,26,2256,6993
2023-03-06 12:02:08,24,26,2256,6993
2023-03-06 12:02:11,24,25,2256,6993
2023-03-06 12:02:24,24,26,2256,6993
2023-03-06 12:02:32,24,25,2256,6993
2023-03-06 12:02:40,23,25,2256,6993
2023-03-06 12:02:59,24,25,2256,6993
2023-03-06 12:03:17,24,26,2256,7002
2023-03-06 12:03:30,23,26,2256,7002
2023-03-06 12:03:31,23,28,2256,7002
2023-03-06 12:03:31,25,28,2256,7002
2023-03-06 12:03:31,25,27,2256,7002
2023-03-06 12:04:05,25,26,2256,7002
2023-03-06 12:04:14,25,27,2256,7002
2023-03-06 12:04:40,25,26,2256,7002
2023-03-06 12:04:50,25,27,2256,7002
2023-03-06 12:05:32,25,27,2256,7011
2023-03-06 12:06:00,24,27,2256,7011
2023-03-06 12:06:00,24,28,2256,7011
2023-03-06 12:06:00,26,28,2256,7011
2023-03-06 12:06:19,26,28,2256,7139
2023-03-06 12:06:27,23,28,2256,7139
2023-03-06 12:06:28,25,28,2256,7139
2023-03-06 12:06:33,25,27,2256,7139
2023-03-06 12:06:54,26,27,2256,7139
2023-03-06 12:07:08,26,28,2393,7276
2023-03-06 12:07:29,25,28,2393,7276
2023-03-06 12:07:29,26,28,2393,7276
2023-03-06 12:07:33,26,28,2393,7285
2023-03-06 12:07:51,24,28,2393,7285
2023-03-06 12:07:51,26,28,2393,7285
2023-03-06 12:08:16,26,28,2393,7424
2023-03-06 12:08:28,26,30,2538,7569
2023-03-06 12:08:31,25,30,2538,7569
2023-03-06 12:08:31,26,30,2538,7569
2023-03-06 12:08:31,26,29,2538,7569
2023-03-06 12:08:32,28,29,2538,7569
2023-03-06 12:08:46,28,30,2538,7569
2023-03-06 12:08:46,28,29,2538,7569
2023-03-06 12:09:07,28,30,2538,7569
2023-03-06 12:09:27,28,29,2538,7569
2023-03-06 12:09:45,27,29,2538,7569
2023-03-06 12:09:48,27,28,2538,7569
2023-03-06 12:10:03,26,27,2546,7578
2023-03-06 12:10:14,26,27,2546,7673
2023-03-06 12:10:18,24,26,2546,7766
2023-03-06 12:10:19,24,27,2546,7766
2023-03-06 12:10:29,24,26,2546,7766
2023-03-06 12:10:33,24,25,2546,7766
2023-03-06 12:10:43,23,25,2546,7766
2023-03-06 12:10:43,24,25,2546,7766
2023-03-06 12:11:03,25,27,2538,7775
2023-03-06 12:11:04,24,27,2538,7775
2023-03-06 12:11:04,24,26,2538,7775
2023-03-06 12:11:13,25,26,2538,7775
2023-03-06 12:11:17,24,26,2538,7775
2023-03-06 12:11:26,24,28,2538,7775
2023-03-06 12:11:26,25,28,2538,7775
2023-03-06 12:11:26,25,27,2538,7775
2023-03-06 12:12:12,25,26,2538,7775
2023-03-06 12:12:14,25,27,2538,7775
2023-03-06 12:12:17,25,26,2538,7775
2023-03-06 12:12:24,25,27,2538,7775
2023-03-06 12:12:32,25,26,2538,7775
2023-03-06 12:12:50,24,26,2538,7775
2023-03-06 12:13:32,25,26,2538,7775
2023-03-06 12:13:43,25,27,2538,7775
2023-03-06 12:13:43,25,26,2538,7775
2023-03-06 12:13:57,25,27,2538,7775
2023-03-06 12:13:57,25,26,2538,7775
2023-03-06 12:14:30,23,25,2546,7784
2023-03-06 12:15:08,23,24,2546,7784
2023-03-06 12:15:09,23,25,2546,7784
2023-03-06 12:15:27,23,24,2546,7784
2023-03-06 12:15:44,22,24,2546,7784
2023-03-06 12:15:55,23,24,2546,7784
2023-03-06 12:16:05,22,24,2546,7784
2023-03-06 12:16:30,23,24,2546,7784
2023-03-06 12:16:31,23,25,2538,7793
2023-03-06 12:16:31,24,25,2538,7793
2023-03-06 12:16:32,23,25,2538,7793
2023-03-06 12:16:33,24,25,2538,7793
2023-03-06 12:16:34,24,26,2538,7793
2023-03-06 12:16:34,24,25,2538,7793
2023-03-06 12:16:46,24,26,2538,7793
2023-03-06 12:17:27,24,25,2538,7793
2023-03-06 12:17:44,23,25,2538,7793
2023-03-06 12:17:46,23,24,2538,7793
2023-03-06 12:19:28,22,23,2546,7802
2023-03-06 12:19:29,20,23,2546,7802
2023-03-06 12:19:29,22,23,2546,7802
2023-03-06 12:19:31,20,22,2546,7948
2023-03-06 12:19:35,21,22,2546,7948
2023-03-06 12:19:43,20,22,2546,7948
2023-03-06 12:19:43,21,22,2546,7948
2023-03-06 12:20:23,22,23,2538,7957
2023-03-06 12:20:24,21,23,2538,7957
2023-03-06 12:20:37,21,23,2538,8084
2023-03-06 12:21:02,22,23,2538,8084
2023-03-06 12:21:12,23,24,2538,8093
2023-03-06 12:21:30,23,26,2538,8093
2023-03-06 12:21:30,23,25,2538,8093
2023-03-06 12:21:33,23,25,2538,8102
2023-03-06 12:21:34,24,25,2538,8102
2023-03-06 12:21:53,24,27,2538,8102
2023-03-06 12:21:53,24,26,2538,8102
2023-03-06 12:21:55,25,26,2538,8102
2023-03-06 12:22:02,24,26,2538,8102
2023-03-06 12:22:09,25,26,2538,8102
2023-03-06 12:22:15,25,28,2711,8275
2023-03-06 12:22:16,26,28,2711,8275
2023-03-06 12:22:28,26,27,2711,8275
2023-03-06 12:22:32,26,27,2719,8284
2023-03-06 12:22:42,25,27,2719,8284
2023-03-06 12:22:50,24,27,2719,8284
2023-03-06 12:22:50,24,28,2719,8284
2023-03-06 12:22:50,26,28,2719,8284
2023-03-06 12:22:53,26,27,2719,8284
2023-03-06 12:22:58,26,28,2719,8284
2023-03-06 12:23:00,26,27,2719,8284
2023-03-06 12:23:09,24,27,2719,8284
2023-03-06 12:23:25,25,27,2719,8284
2023-03-06 12:24:08,26,27,2719,8284
2023-03-06 12:24:35,26,28,2720,8293
2023-03-06 12:24:36,26,29,2720,8293
2023-03-06 12:24:36,26,28,2720,8293
2023-03-06 12:24:46,27,28,2720,8293
2023-03-06 12:24:54,27,29,2720,8293
2023-03-06 12:24:54,27,28,2720,8293
2023-03-06 12:25:08,27,29,2720,8293
2023-03-06 12:25:09,28,29,2720,8293
2023-03-06 12:25:13,28,31,3065,8638
2023-03-06 12:25:14,27,31,3065,8638
2023-03-06 12:25:14,29,31,3065,8638
2023-03-06 12:25:18,27,31,3065,8638
2023-03-06 12:25:18,28,31,3065,8638
2023-03-06 12:25:18,30,31,3065,8638
2023-03-06 12:25:23,30,33,3546,9119
2023-03-06 12:25:27,30,32,3546,9119
2023-03-06 12:25:27,30,32,3546,9298
2023-03-06 12:25:32,31,32,3546,9298
2023-03-06 12:25:33,30,31,3546,9307
2023-03-06 12:25:34,30,32,3546,9307
2023-03-06 12:25:35,30,31,3546,9307
2023-03-06 12:25:35,28,31,3546,9307
2023-03-06 12:25:36,29,31,3546,9307
2023-03-06 12:25:40,29,31,3546,9512
2023-03-06 12:25:41,28,31,3546,9512
2023-03-06 12:25:44,28,33,3610,9576
2023-03-06 12:25:45,29,33,3610,9576
2023-03-06 12:25:46,28,33,3610,9576
2023-03-06 12:25:50,31,33,3610,9576
2023-03-06 12:26:02,28,33,3610,9576
2023-03-06 12:26:03,31,33,3610,9576
2023-03-06 12:26:03,33,34,3610,9585
2023-03-06 12:26:06,31,33,3575,9629
2023-03-06 12:26:10,31,34,3575,9629
2023-03-06 12:26:11,29,34,3575,9629
2023-03-06 12:26:11,32,34,3575,9629
2023-03-06 12:26:15,32,33,3575,9629
2023-03-06 12:26:26,32,33,3575,9805
2023-03-06 12:26:26,30,33,3575,9805
2023-03-06 12:26:27,32,33,3575,9805
2023-03-06 12:26:27,32,33,3575,9895
2023-03-06 12:26:30,32,34,3575,9895
2023-03-06 12:26:33,32,33,3575,9895
2023-03-06 12:26:42,31,33,3575,9895
2023-03-06 12:26:42,31,33,3575,10031
2023-03-06 12:26:45,31,34,3575,10031
2023-03-06 12:27:02,32,34,3575,10031
2023-03-06 12:27:11,32,33,3575,10031
2023-03-06 12:27:24,31,32,3480,10126
2023-03-06 12:27:29,31,33,3480,10126
2023-03-06 12:27:49,30,31,3480,10135
2023-03-06 12:28:06,28,31,3480,10135
2023-03-06 12:28:06,30,31,3480,10135
2023-03-06 12:28:31,29,31,3480,10135
2023-03-06 12:28:31,30,31,3480,10135
2023-03-06 12:28:37,30,32,3480,10135
2023-03-06 12:29:28,30,31,3480,10135
2023-03-06 12:29:42,29,31,3480,10135
2023-03-06 12:29:54,29,30,3480,10135
2023-03-06 12:30:04,29,31,3480,10135
2023-03-06 12:30:04,29,30,3480,10135
2023-03-06 12:30:09,29,30,3480,10223
2023-03-06 12:30:16,30,31,3480,10231
2023-03-06 12:30:17,29,31,3480,10231
2023-03-06 12:30:17,30,31,3480,10231
2023-03-06 12:30:18,29,31,3480,10231
2023-03-06 12:30:23,30,31,3480,10231
2023-03-06 12:30:32,30,31,3480,10240
2023-03-06 12:30:37,30,31,3480,10335
2023-03-06 12:30:37,31,33,3480,10341
2023-03-06 12:30:46,32,33,3480,10341
2023-03-06 12:30:51,32,34,3480,10341
2023-03-06 12:30:51,31,32,3480,10472
2023-03-06 12:31:08,31,34,3480,10472
2023-03-06 12:31:08,31,33,3480,10472
2023-03-06 12:31:16,32,33,3480,10472
2023-03-06 12:31:29,32,34,3480,10472
2023-03-06 12:31:31,33,34,3480,10472
2023-03-06 12:31:33,33,34,3480,10481
2023-03-06 12:31:39,34,35,3489,10490
2023-03-06 12:31:46,34,37,3709,10710
2023-03-06 12:31:55,34,36,3709,10710
2023-03-06 12:31:55,33,36,3709,10710
2023-03-06 12:32:01,33,35,3709,10710
2023-03-06 12:32:02,33,34,3709,10710
2023-03-06 12:32:07,33,34,3700,10719
2023-03-06 12:32:13,30,34,3700,10719
2023-03-06 12:32:13,31,34,3700,10719
2023-03-06 12:32:13,33,34,3700,10719
2023-03-06 12:32:15,33,35,3700,10719
2023-03-06 12:32:26,33,35,3700,10837
2023-03-06 12:32:26,33,34,3700,10837
2023-03-06 12:32:32,33,34,3600,10937
2023-03-06 12:32:33,31,34,3600,10937
2023-03-06 12:32:33,29,34,3600,10937
2023-03-06 12:32:33,32,34,3600,10937
2023-03-06 12:32:34,32,33,3600,10937
2023-03-06 12:32:57,31,33,3600,10937
2023-03-06 12:33:23,32,33,3600,10937
2023-03-06 12:33:44,32,34,3600,10937
2023-03-06 12:34:33,32,34,3600,10945
2023-03-06 12:34:45,32,36,3600,10945
2023-03-06 12:34:45,32,35,3600,10945
2023-03-06 12:34:46,33,35,3600,10945
2023-03-06 12:35:00,33,37,3600,10945
2023-03-06 12:35:00,33,35,3600,10945
2023-03-06 12:35:06,33,37,3794,11139
2023-03-06 12:35:20,33,36,3794,11139
2023-03-06 12:35:26,33,37,3794,11139
2023-03-06 12:35:27,33,35,3794,11139
2023-03-06 12:35:32,34,35,3794,11139
2023-03-06 12:35:32,34,35,3801,11147
2023-03-06 12:35:41,34,37,3801,11147
2023-03-06 12:35:41,34,36,3801,11147
2023-03-06 12:35:47,35,36,3801,11147
2023-03-06 12:35:57,34,36,3801,11147
2023-03-06 12:35:57,35,36,3801,11147
2023-03-06 12:35:59,34,36,3801,11147
2023-03-06 12:36:00,35,36,3801,11147
2023-03-06 12:36:07,35,38,3801,11147
2023-03-06 12:36:07,35,37,3801,11147
2023-03-06 12:36:13,35,38,3893,11239
2023-03-06 12:36:30,35,37,3893,11239
2023-03-06 12:37:11,35,36,3893,11239
2023-03-06 12:37:30,35,37,3893,11239
2023-03-06 12:37:30,35,36,3893,11239
2023-03-06 12:37:34,34,35,3893,11247
2023-03-06 12:37:48,34,36,3893,11247
2023-03-06 12:37:48,33,36,3893,11247
2023-03-06 12:37:48,33,35,3893,11247
2023-03-06 12:38:31,33,37,3893,11247
2023-03-06 12:38:31,33,35,3893,11247
2023-03-06 12:38:33,33,34,3893,11247
2023-03-06 12:38:50,33,36,3885,11255
2023-03-06 12:38:52,34,36,3885,11255
2023-03-06 12:38:56,35,36,3885,11255
2023-03-06 12:38:58,35,38,3885,11255
2023-03-06 12:38:58,35,39,3885,11255
2023-03-06 12:38:58,35,36,3885,11255
2023-03-06 12:39:24,35,38,3885,11255
2023-03-06 12:39:24,35,39,3885,11255
2023-03-06 12:39:25,35,37,3885,11255
2023-03-06 12:39:27,36,37,3885,11255
2023-03-06 12:39:31,36,39,3929,11299
2023-03-06 12:39:33,38,39,3929,11299
2023-03-06 12:39:41,38,40,3929,11299
2023-03-06 12:39:41,38,40,4062,11432
2023-03-06 12:39:52,38,39,4062,11432
2023-03-06 12:40:11,37,39,4062,11432
2023-03-06 12:40:11,36,39,4062,11432
2023-03-06 12:40:11,36,40,4062,11432
2023-03-06 12:40:11,36,39,4062,11432
2023-03-06 12:40:32,36,37,4062,11432
2023-03-06 12:41:18,37,38,4062,11440
2023-03-06 12:41:24,38,40,4107,11485
2023-03-06 12:41:26,37,40,4107,11485
2023-03-06 12:41:27,38,40,4107,11485
2023-03-06 12:41:30,38,40,4155,11533
2023-03-06 12:41:48,38,39,4155,11533
2023-03-06 12:41:52,39,40,4200,11578
2023-03-06 12:42:04,39,41,4201,11586
2023-03-06 12:42:05,40,41,4201,11586
2023-03-06 12:42:08,40,43,4201,11586
2023-03-06 12:42:08,40,43,4292,11677
2023-03-06 12:42:15,39,43,4292,11677
2023-03-06 12:42:19,39,41,4292,11677
2023-03-06 12:42:28,39,43,4292,11677
2023-03-06 12:42:28,39,41,4292,11677
2023-03-06 12:42:32,40,41,4292,11677
2023-03-06 12:42:32,40,41,4299,11685
2023-03-06 12:42:32,39,41,4299,11685
2023-03-06 12:42:46,39,43,4299,11685
2023-03-06 12:42:46,39,41,4299,11685
2023-03-06 12:42:46,40,41,4299,11685
2023-03-06 12:42:49,40,41,4302,11688
2023-03-06 12:43:05,40,43,4302,11688
2023-03-06 12:43:28,41,43,4302,11688
2023-03-06 12:43:32,41,42,4302,11688
2023-03-06 12:43:37,42,43,4303,11696
2023-03-06 12:43:54,42,44,4303,11696
2023-03-06 12:43:54,42,43,4303,11696
2023-03-06 12:44:14,42,45,4303,11696
2023-03-06 12:44:14,42,44,4303,11696
2023-03-06 12:44:22,43,44,4303,11696
2023-03-06 12:44:29,43,45,4303,11696
2023-03-06 12:44:29,43,44,4303,11696
2023-03-06 12:44:32,43,44,4310,11704
2023-03-06 12:44:43,43,44,4474,11868
2023-03-06 12:45:03,43,45,4474,11868
2023-03-06 12:45:04,43,44,4474,11868
2023-03-06 12:45:18,43,45,4474,11868
2023-03-06 12:45:26,43,45,4476,11871
2023-03-06 12:45:32,43,45,4484,11879
2023-03-06 12:45:37,43,45,4484,12030
2023-03-06 12:45:37,44,45,4484,12030
2023-03-06 12:45:38,44,47,4484,12030
2023-03-06 12:45:38,44,45,4484,12030
2023-03-06 12:45:53,44,45,4484,12179
2023-03-06 12:45:53,45,47,4570,12265
2023-03-06 12:45:57,45,49,4570,12265
2023-03-06 12:45:57,45,47,4570,12265
2023-03-06 12:45:57,46,47,4570,12265
2023-03-06 12:46:07,47,49,4793,12488
2023-03-06 12:46:08,47,49,4794,12489
2023-03-06 12:46:09,46,47,4863,12558
2023-03-06 12:46:12,48,49,4883,12578
2023-03-06 12:46:32,48,49,4891,12586
2023-03-06 12:46:34,49,51,4883,12594
2023-03-06 12:46:35,49,50,4883,12594
2023-03-06 12:46:35,49,51,4883,12594
2023-03-06 12:46:49,48,51,4883,12594
2023-03-06 12:46:49,50,51,4883,12594
2023-03-06 12:47:01,50,51,4883,12705
2023-03-06 12:47:11,48,51,4883,12705
2023-03-06 12:47:11,50,51,4883,12705
2023-03-06 12:47:12,50,52,4883,12705
2023-03-06 12:47:15,50,53,4883,12705
2023-03-06 12:47:29,52,53,4883,12705
2023-03-06 12:47:33,52,53,4891,12713
2023-03-06 12:47:36,52,54,4891,12713
2023-03-06 12:47:36,52,53,4891,12713
2023-03-06 12:47:50,52,55,4891,12713
2023-03-06 12:47:50,52,53,4891,12713
2023-03-06 12:48:07,51,53,4891,12713
2023-03-06 12:48:13,52,53,4891,12713
2023-03-06 12:48:28,51,53,4891,12713
2023-03-06 12:48:32,51,53,4899,12721
2023-03-06 12:48:38,51,55,4899,12721
2023-03-06 12:48:38,51,54,4899,12721
2023-03-06 12:48:53,50,54,4899,12721
2023-03-06 12:48:53,51,54,4899,12721
2023-03-06 12:48:53,51,53,4899,12721
2023-03-06 12:49:03,52,53,4899,12721
2023-03-06 12:49:11,52,55,4899,12721
2023-03-06 12:49:11,52,53,4899,12721
2023-03-06 12:49:28,52,55,4899,12721
2023-03-06 12:49:28,52,54,4899,12721
2023-03-06 12:49:32,52,54,4907,12729
2023-03-06 12:49:44,52,55,4907,12729
2023-03-06 12:49:44,52,54,4907,12729
2023-03-06 12:49:47,52,54,4907,12730
2023-03-06 12:50:04,52,55,4907,12730
2023-03-06 12:50:05,52,54,4907,12730
2023-03-06 12:50:12,54,55,5000,12823
2023-03-06 12:50:13,54,56,5000,12823
2023-03-06 12:50:34,55,56,5000,12823
2023-03-06 12:50:35,54,55,5008,12831
2023-03-06 12:50:49,54,56,5008,12831
2023-03-06 12:50:50,54,55,5008,12831
2023-03-06 12:51:29,54,56,5008,12831
2023-03-06 12:51:29,54,55,5008,12831
2023-03-06 12:51:38,54,56,5008,12831
2023-03-06 12:51:38,54,55,5008,12831
2023-03-06 12:52:55,53,54,5008,12839
2023-03-06 12:53:01,51,54,4960,12887
2023-03-06 12:53:07,52,54,4960,12887
2023-03-06 12:53:15,51,54,4960,12887
2023-03-06 12:53:15,52,54,4960,12887
2023-03-06 12:53:18,53,54,4960,12887
2023-03-06 12:53:35,52,53,5008,12935
2023-03-06 12:54:04,52,53,5016,12943
2023-03-06 12:54:04,52,53,5024,12951
2023-03-06 12:54:05,51,53,5024,12959
2023-03-06 12:54:09,50,53,5024,12959
2023-03-06 12:54:09,50,54,5024,12959
2023-03-06 12:54:09,50,52,5024,12959
2023-03-06 12:54:32,51,52,5024,12959
2023-03-06 12:55:04,51,53,5024,12959
2023-03-06 12:55:28,50,53,5024,12967
2023-03-06 12:55:32,51,53,5024,12967
2023-03-06 12:55:38,52,53,5024,12967
2023-03-06 12:56:48,52,54,5024,12967
2023-03-06 12:57:15,51,54,4980,13020
2023-03-06 12:57:31,52,54,4980,13020
2023-03-06 12:57:33,52,53,4980,13020
2023-03-06 12:58:01,51,53,4980,13020
2023-03-06 12:58:01,52,53,4980,13020
2023-03-06 12:58:26,51,53,4980,13020
2023-03-06 12:58:26,52,53,4980,13020
2023-03-06 12:58:32,52,53,4972,13028
2023-03-06 12:58:42,51,54,4932,13068
2023-03-06 12:59:09,50,54,4932,13068
2023-03-06 12:59:10,51,54,4932,13068
2023-03-06 12:59:32,50,54,4932,13068
2023-03-06 12:59:32,50,52,4932,13068
2023-03-06 13:00:08,51,52,4932,13068
2023-03-06 13:00:44,51,53,4932,13068
2023-03-06 13:01:12,52,53,4932,13068
2023-03-06 13:01:43,52,54,4932,13068
2023-03-06 13:02:14,52,53,4932,13068
2023-03-06 13:02:31,52,54,4932,13068
2023-03-06 13:02:31,52,54,4932,13112
2023-03-06 13:02:32,52,54,4924,13120
2023-03-06 13:02:38,52,53,4924,13120
2023-03-06 13:02:47,50,53,4924,13120
2023-03-06 13:02:55,50,54,4924,13120
2023-03-06 13:02:55,50,52,4924,13120
2023-03-06 13:03:11,50,54,4924,13120
2023-03-06 13:03:11,50,53,4924,13120
2023-03-06 13:03:11,50,51,4924,13120
2023-03-06 13:03:30,50,54,4924,13120
2023-03-06 13:03:30,50,52,4924,13120
2023-03-06 13:03:33,51,52,4924,13120
2023-03-06 13:04:10,51,53,4924,13120
2023-03-06 13:04:10,51,52,4924,13120
2023-03-06 13:04:37,51,53,4924,13120
2023-03-06 13:04:38,51,52,4924,13120
2023-03-06 13:04:55,51,53,4924,13120
2023-03-06 13:04:55,51,52,4924,13120
2023-03-06 13:05:12,51,53,4924,13120
2023-03-06 13:05:13,51,52,4924,13120
2023-03-06 13:05:43,50,52,4924,13120
2023-03-06 13:05:46,50,51,4924,13120
2023-03-06 13:06:09,50,52,4924,13120
2023-03-06 13:06:10,50,51,4924,13120
2023-03-06 13:06:21,50,52,4924,13164
2023-03-06 13:06:33,50,52,4932,13172
2023-03-06 13:06:55,50,54,4932,13172
2023-03-06 13:06:55,50,52,4932,13172
2023-03-06 13:06:56,49,52,4932,13172
2023-03-06 13:07:33,50,52,4932,13172
2023-03-06 13:08:01,51,52,4932,13172
2023-03-06 13:08:44,51,53,4932,13172
2023-03-06 13:09:23,52,53,4932,13172
2023-03-06 13:09:30,52,54,4924,13180
2023-03-06 13:09:32,52,54,4931,13188
2023-03-06 13:09:53,52,56,4931,13188
2023-03-06 13:09:53,52,57,4931,13188
2023-03-06 13:09:54,53,57,4931,13188
2023-03-06 13:09:54,53,56,4931,13188
2023-03-06 13:09:58,53,55,4931,13188
2023-03-06 13:10:03,53,56,4931,13188
2023-03-06 13:10:07,52,56,4931,13188
2023-03-06 13:10:07,52,57,4931,13188
2023-03-06 13:10:07,53,57,4931,13188
2023-03-06 13:10:07,53,55,4931,13188
2023-03-06 13:10:17,52,55,4931,13188
2023-03-06 13:10:17,52,57,4931,13188
2023-03-06 13:10:17,55,57,4931,13188
2023-03-06 13:10:34,53,55,4939,13196
2023-03-06 13:10:48,53,57,4939,13196
2023-03-06 13:10:49,55,57,4939,13196
2023-03-06 13:11:07,53,57,4939,13196
2023-03-06 13:11:07,55,57,4939,13196
2023-03-06 13:11:16,53,57,4939,13196
2023-03-06 13:11:16,55,57,4939,13196
2023-03-06 13:11:33,55,56,4939,13196
2023-03-06 13:11:35,55,58,5267,13540
2023-03-06 13:11:37,54,58,5267,13540
2023-03-06 13:11:37,55,58,5267,13540
2023-03-06 13:11:51,54,58,5267,13540
2023-03-06 13:11:51,54,61,5267,13540
2023-03-06 13:11:51,54,60,5267,13540
2023-03-06 13:11:51,55,60,5267,13540
2023-03-06 13:11:51,55,57,5267,13540
2023-03-06 13:11:55,55,57,5269,13542
2023-03-06 13:12:14,54,57,5269,13542
2023-03-06 13:12:14,54,59,5269,13542
2023-03-06 13:12:14,55,59,5269,13542
2023-03-06 13:12:14,55,57,5269,13542
2023-03-06 13:12:32,56,57,5269,13542
2023-03-06 13:12:41,56,58,5269,13542
2023-03-06 13:12:48,55,58,5269,13550
2023-03-06 13:12:51,54,58,5269,13550
2023-03-06 13:12:51,55,58,5269,13550
2023-03-06 13:12:51,55,57,5269,13550
2023-03-06 13:12:51,54,55,5137,13682
2023-03-06 13:13:00,53,55,5009,13810
2023-03-06 13:13:06,55,57,4913,13906
2023-03-06 13:13:27,53,57,4913,13906
2023-03-06 13:13:27,54,57,4913,13906
2023-03-06 13:13:27,54,56,4913,13906
2023-03-06 13:13:33,55,56,4913,13906
2023-03-06 13:13:42,55,57,4913,13906
2023-03-06 13:13:42,55,56,4913,13906
2023-03-06 13:13:55,53,56,4913,13914
2023-03-06 13:14:08,53,57,4913,13914
2023-03-06 13:14:08,53,55,4913,13914
2023-03-06 13:14:26,53,57,4913,13914
2023-03-06 13:14:26,54,57,4913,13914
2023-03-06 13:14:26,54,56,4913,13914
2023-03-06 13:14:58,53,56,4913,13922
2023-03-06 13:15:32,53,54,4913,13922
2023-03-06 13:16:00,52,54,4913,13922
2023-03-06 13:16:00,54,57,4905,13930
2023-03-06 13:16:00,54,56,4905,13930
2023-03-06 13:16:05,54,57,4905,13930
2023-03-06 13:16:05,54,56,4905,13930
2023-03-06 13:16:33,55,56,4905,13930
2023-03-06 13:16:45,55,57,4905,13930
2023-03-06 13:16:46,55,56,4905,13930
2023-03-06 13:17:00,55,57,4905,13930
2023-03-06 13:17:32,55,56,4905,13930
2023-03-06 13:17:39,54,56,4905,13938
2023-03-06 13:17:43,53,54,4694,14157
2023-03-06 13:17:43,52,54,4694,14157
2023-03-06 13:17:50,51,54,4278,14573
2023-03-06 13:17:50,50,54,4278,14573
2023-03-06 13:17:59,50,56,4278,14573
2023-03-06 13:18:02,53,56,4278,14573
2023-03-06 13:18:02,53,55,4278,14573
2023-03-06 13:18:10,53,54,4278,14573
2023-03-06 13:18:31,50,54,4278,14573
2023-03-06 13:18:31,50,51,4278,14573
2023-03-06 13:18:42,50,52,4278,14573
2023-03-06 13:18:43,50,51,4278,14573
2023-03-06 13:18:53,50,52,4278,14573
2023-03-06 13:18:53,50,51,4278,14573
2023-03-06 13:19:20,50,52,4278,14573
2023-03-06 13:19:21,50,51,4278,14573
2023-03-06 13:19:28,50,52,4278,14573
2023-03-06 13:19:32,50,51,4278,14573
2023-03-06 13:20:38,51,55,4262,14589
2023-03-06 13:20:39,50,55,4262,14589
2023-03-06 13:21:32,50,52,4262,14589
2023-03-06 13:22:44,48,53,4262,14589
2023-03-06 13:23:10,48,52,4262,14589
2023-03-06 13:23:32,50,52,4262,14589
2023-03-06 13:23:41,50,51,4262,14589
2023-03-06 13:23:44,48,50,4270,14597
2023-03-06 13:23:58,46,50,4270,14597
2023-03-06 13:23:58,46,51,4270,14597
2023-03-06 13:23:58,48,51,4270,14597
2023-03-06 13:23:58,48,50,4270,14597
2023-03-06 13:24:15,47,50,4270,14597
2023-03-06 13:24:15,47,51,4270,14597
2023-03-06 13:24:15,47,50,4270,14597
2023-03-06 13:24:20,47,51,4270,14597
2023-03-06 13:24:21,48,51,4270,14597
2023-03-06 13:24:32,47,51,4270,14597
2023-03-06 13:24:32,47,52,4270,14597
2023-03-06 13:24:32,48,52,4270,14597
2023-03-06 13:24:32,48,51,4270,14597
2023-03-06 13:24:33,48,50,4270,14597
2023-03-06 13:24:39,49,50,4270,14597
2023-03-06 13:24:56,48,50,4270,14597
2023-03-06 13:24:56,49,50,4270,14597
2023-03-06 13:25:06,49,51,4270,14605
2023-03-06 13:25:28,49,53,4270,14605
2023-03-06 13:25:28,49,55,4270,14605
2023-03-06 13:25:28,49,54,4270,14605
2023-03-06 13:25:28,49,52,4270,14605
2023-03-06 13:25:32,49,52,4278,14613
2023-03-06 13:25:35,49,54,4278,14613
2023-03-06 13:25:35,50,54,4278,14613
2023-03-06 13:25:35,50,53,4278,14613
2023-03-06 13:25:42,49,53,4278,14613
2023-03-06 13:25:42,49,54,4278,14613
2023-03-06 13:25:43,50,54,4278,14613
2023-03-06 13:25:43,52,54,4278,14613
2023-03-06 13:26:09,53,54,4278,14613
2023-03-06 13:26:25,52,54,4278,14613
2023-03-06 13:26:26,53,54,4278,14613
2023-03-06 13:26:42,53,55,4278,14613
2023-03-06 13:26:47,52,55,4278,14613
2023-03-06 13:26:47,52,56,4278,14613
2023-03-06 13:26:47,54,56,4278,14613
2023-03-06 13:26:57,52,56,4278,14613
2023-03-06 13:26:57,53,56,4278,14613
2023-03-06 13:27:27,52,56,4278,14613
2023-03-06 13:27:27,54,56,4278,14613
2023-03-06 13:27:53,54,55,4278,14613
2023-03-06 13:28:11,53,54,4286,14621
2023-03-06 13:28:13,53,55,4286,14621
2023-03-06 13:28:20,51,53,4286,14738
2023-03-06 13:28:27,49,55,4286,14738
2023-03-06 13:28:27,48,55,4286,14738
2023-03-06 13:28:28,52,55,4286,14738
2023-03-06 13:28:28,52,54,4286,14738
2023-03-06 13:28:33,52,54,4278,14746
2023-03-06 13:28:37,50,54,4250,14774
2023-03-06 13:28:45,48,54,4250,14774
2023-03-06 13:28:45,48,55,4250,14774
2023-03-06 13:28:46,49,55,4250,14774
2023-03-06 13:28:46,49,53,4250,14774
2023-03-06 13:28:46,49,51,4250,14774
2023-03-06 13:28:56,48,51,4250,14774
2023-03-06 13:28:56,48,53,4250,14774
2023-03-06 13:28:56,48,55,4250,14774
2023-03-06 13:28:56,49,55,4250,14774
2023-03-06 13:28:56,49,54,4250,14774
2023-03-06 13:28:56,49,52,4250,14774
2023-03-06 13:29:04,50,52,4250,14774
2023-03-06 13:29:23,50,54,4250,14774
2023-03-06 13:29:23,50,55,4250,14774
2023-03-06 13:29:23,50,52,4250,14774
2023-03-06 13:29:32,50,54,4250,14774
2023-03-06 13:29:32,50,52,4250,14774
2023-03-06 13:29:57,51,52,4250,14774
2023-03-06 13:30:28,51,53,4242,14782
2023-03-06 13:30:34,51,53,4250,14790
2023-03-06 13:30:53,51,55,4250,14790
2023-03-06 13:30:53,51,54,4250,14790
2023-03-06 13:31:18,52,54,4250,14790
2023-03-06 13:31:25,52,55,4250,14790
2023-03-06 13:31:25,52,54,4250,14790
2023-03-06 13:31:32,53,54,4250,14790
2023-03-06 13:31:53,53,55,4250,14790
2023-03-06 13:31:53,53,54,4250,14790
2023-03-06 13:32:05,53,55,4250,14790
2023-03-06 13:32:05,53,54,4250,14790
2023-03-06 13:32:24,53,55,4250,14790
2023-03-06 13:32:33,53,54,4250,14790
2023-03-06 13:32:42,52,54,4250,14790
2023-03-06 13:33:42,53,55,4250,14790
2023-03-06 13:33:43,53,56,4250,14790
2023-03-06 13:33:43,53,55,4250,14790
2023-03-06 13:33:49,52,55,4250,14790
2023-03-06 13:33:58,52,56,4250,14790
2023-03-06 13:33:58,52,55,4250,14790
2023-03-06 13:34:27,52,56,4250,14790
2023-03-06 13:34:27,53,56,4250,14790
2023-03-06 13:34:27,53,55,4250,14790
2023-03-06 13:34:33,53,55,4258,14798
2023-03-06 13:34:42,53,56,4258,14798
2023-03-06 13:34:42,53,57,4258,14798
2023-03-06 13:34:42,53,56,4258,14798
2023-03-06 13:34:56,53,57,4258,14798
2023-03-06 13:34:57,53,56,4258,14798
2023-03-06 13:35:02,53,57,4258,14798
2023-03-06 13:35:02,54,57,4258,14798
2023-03-06 13:35:33,54,56,4258,14798
2023-03-06 13:36:11,54,57,4250,14806
2023-03-06 13:36:20,54,59,4250,14806
2023-03-06 13:36:20,54,62,4250,14806
2023-03-06 13:36:20,56,62,4250,14806
2023-03-06 13:36:20,56,60,4250,14806
2023-03-06 13:36:20,56,58,4250,14806
2023-03-06 13:36:33,56,57,4250,14806
2023-03-06 13:36:39,57,58,4242,14814
2023-03-06 13:36:40,56,58,4242,14814
2023-03-06 13:36:46,56,60,4242,14814
2023-03-06 13:36:46,56,58,4242,14814
2023-03-06 13:36:56,56,62,4242,14814
2023-03-06 13:36:56,57,62,4242,14814
2023-03-06 13:36:56,57,60,4242,14814
2023-03-06 13:37:25,56,60,4242,14814
2023-03-06 13:37:25,56,61,4242,14814
2023-03-06 13:37:26,57,61,4242,14814
2023-03-06 13:37:31,56,61,4242,14814
2023-03-06 13:37:32,57,61,4242,14814
2023-03-06 13:37:33,60,61,4242,14814
2023-03-06 13:37:56,57,61,4250,14822
2023-03-06 13:37:59,56,61,4250,14822
2023-03-06 13:38:00,57,61,4250,14822
2023-03-06 13:38:31,56,61,4250,14822
2023-03-06 13:38:31,57,61,4250,14822
2023-03-06 13:38:33,59,61,4250,14822
2023-03-06 13:38:37,59,60,4250,14822
2023-03-06 13:39:09,59,61,4250,14822
2023-03-06 13:40:32,60,61,4250,14822
2023-03-06 13:41:06,57,60,4258,14830
2023-03-06 13:41:34,58,60,4258,14830
2023-03-06 13:43:48,57,60,4258,14838
2023-03-06 13:43:49,56,60,4258,14838
2023-03-06 13:43:49,57,60,4258,14838
2023-03-06 13:44:04,56,60,4258,14838
2023-03-06 13:44:04,57,60,4258,14838
2023-03-06 13:44:33,57,59,4258,14838
2023-03-06 13:45:11,59,60,4250,14846
2023-03-06 13:45:17,57,60,4250,14846
2023-03-06 13:45:25,57,61,4250,14846
2023-03-06 13:45:31,59,61,4250,14846
2023-03-06 13:46:35,60,61,4250,14846
2023-03-06 13:48:01,60,62,4250,14846
2023-03-06 13:48:30,61,62,4250,14846
2023-03-06 13:48:46,60,62,4250,14846
2023-03-06 13:48:46,61,62,4250,14846
2023-03-06 13:49:28,60,62,4250,14846
2023-03-06 13:49:28,61,62,4250,14846
2023-03-06 13:50:07,60,62,4250,14846
2023-03-06 13:50:07,61,62,4250,14846
2023-03-06 13:51:21,60,62,4250,14846
2023-03-06 13:51:21,61,62,4250,14846
2023-03-06 13:52:08,60,62,4250,14846
2023-03-06 13:52:08,61,62,4250,14846
2023-03-06 13:52:46,61,63,4250,14846
2023-03-06 13:53:45,62,63,4250,14846
2023-03-06 13:54:28,61,63,4250,14846
2023-03-06 13:54:28,62,63,4250,14846
2023-03-06 13:55:22,61,63,4250,14846
2023-03-06 13:55:22,62,63,4250,14846
2023-03-06 13:56:25,61,63,4250,14846
2023-03-06 13:56:26,62,63,4250,14846
2023-03-06 13:56:27,62,64,4242,14925
2023-03-06 13:56:33,62,64,4234,14933
2023-03-06 13:56:54,60,64,4234,14933
2023-03-06 13:56:54,62,64,4234,14933
2023-03-06 13:57:26,60,64,4234,14933
2023-03-06 13:57:26,62,64,4234,14933
2023-03-06 13:57:32,63,64,4234,14933
2023-03-06 13:58:08,63,65,4234,14933
2023-03-06 13:58:08,63,64,4234,14933
2023-03-06 13:58:20,63,65,4234,14933
2023-03-06 13:58:22,63,65,4377,15084
2023-03-06 13:59:34,64,65,4377,15084
2023-03-06 14:00:34,64,65,4369,15092
2023-03-06 14:00:47,61,65,4369,15092
2023-03-06 14:00:47,61,66,4369,15092
2023-03-06 14:00:48,62,66,4369,15092
2023-03-06 14:00:48,62,64,4369,15092
2023-03-06 14:01:28,61,64,4369,15092
2023-03-06 14:01:28,61,66,4369,15092
2023-03-06 14:01:28,62,66,4369,15092
2023-03-06 14:01:28,62,65,4369,15092
2023-03-06 14:01:32,62,65,4361,15100
2023-03-06 14:02:04,62,66,4361,15100
2023-03-06 14:02:04,62,65,4361,15100
2023-03-06 14:02:06,63,65,4361,15100
2023-03-06 14:02:30,63,66,4361,15100
2023-03-06 14:02:31,63,65,4361,15100
2023-03-06 14:02:34,63,65,4361,15109
2023-03-06 14:02:51,63,66,4361,15109
2023-03-06 14:02:51,63,64,4361,15109
2023-03-06 14:03:12,63,66,4361,15109
2023-03-06 14:03:12,63,65,4361,15109
2023-03-06 14:03:33,63,65,4361,15118
2023-03-06 14:03:39,63,66,4361,15118
2023-03-06 14:03:40,63,65,4361,15118
2023-03-06 14:03:40,63,64,4361,15118
2023-03-06 14:03:47,63,64,4370,15127
2023-03-06 14:03:47,63,65,4370,15127
2023-03-06 14:03:58,63,65,4370,15132
2023-03-06 14:04:00,63,67,4370,15132
2023-03-06 14:04:01,63,65,4370,15132
2023-03-06 14:04:34,63,65,4370,15141
2023-03-06 14:04:44,63,67,4370,15141
2023-03-06 14:04:44,63,65,4370,15141
2023-03-06 14:05:00,63,67,4370,15141
2023-03-06 14:05:00,63,65,4370,15141
2023-03-06 14:05:14,63,67,4370,15141
2023-03-06 14:05:14,64,67,4370,15141
2023-03-06 14:05:14,64,66,4370,15141
2023-03-06 14:05:29,63,66,4370,15141
2023-03-06 14:05:29,63,67,4370,15141
2023-03-06 14:05:29,64,67,4370,15141
2023-03-06 14:05:34,64,67,4361,15150
2023-03-06 14:05:38,64,66,4361,15150
2023-03-06 14:05:52,63,66,4361,15150
2023-03-06 14:05:52,63,67,4361,15150
2023-03-06 14:05:52,64,67,4361,15150
2023-03-06 14:06:10,63,67,4361,15150
2023-03-06 14:06:11,64,67,4361,15150
2023-03-06 14:06:11,64,66,4361,15150
2023-03-06 14:06:21,65,66,4361,15150
2023-03-06 14:06:31,65,67,4361,15150
2023-03-06 14:06:34,65,67,4361,15159
2023-03-06 14:06:59,65,67,4411,15209
2023-03-06 14:07:11,64,67,4411,15300
2023-03-06 14:07:30,64,68,4411,15300
2023-03-06 14:07:30,64,67,4411,15300
2023-03-06 14:07:31,64,66,4411,15300
2023-03-06 14:07:31,64,67,4411,15300
2023-03-06 14:07:34,64,67,4402,15309
2023-03-06 14:07:35,64,66,4402,15309
2023-03-06 14:07:46,63,66,4402,15309
2023-03-06 14:07:46,64,66,4402,15309
2023-03-06 14:08:17,65,66,4402,15309
2023-03-06 14:08:34,65,66,4410,15318
2023-03-06 14:09:33,65,66,4419,15327
2023-03-06 14:10:33,65,66,4428,15336
2023-03-06 14:11:00,65,67,4428,15336
2023-03-06 14:11:34,65,67,4437,15345
2023-03-06 14:12:11,65,67,4437,15444
2023-03-06 14:12:12,64,67,4437,15444
2023-03-06 14:12:27,65,67,4437,15444
2023-03-06 14:12:34,65,67,4437,15452
2023-03-06 14:12:38,65,69,4437,15452
2023-03-06 14:12:38,65,66,4437,15452
2023-03-06 14:13:07,65,69,4437,15452
2023-03-06 14:13:07,65,67,4437,15452
2023-03-06 14:13:16,64,67,4317,15572
2023-03-06 14:13:19,64,69,4317,15572
2023-03-06 14:13:19,64,67,4317,15572
2023-03-06 14:13:22,65,67,4317,15572
2023-03-06 14:13:33,65,67,4325,15580
2023-03-06 14:13:36,65,69,4325,15580
2023-03-06 14:13:36,65,68,4325,15580
2023-03-06 14:13:36,65,67,4325,15580
2023-03-06 14:13:46,65,69,4325,15580
2023-03-06 14:13:46,65,68,4325,15580
2023-03-06 14:13:46,65,67,4325,15580
2023-03-06 14:14:00,65,69,4325,15580
2023-03-06 14:14:00,65,67,4325,15580
2023-03-06 14:14:34,65,67,4325,15588
2023-03-06 14:14:34,64,67,4325,15588
2023-03-06 14:14:34,65,67,4325,15588
2023-03-06 14:14:39,64,67,4325,15588
2023-03-06 14:14:39,64,69,4325,15588
2023-03-06 14:14:39,65,69,4325,15588
2023-03-06 14:14:39,65,67,4325,15588
2023-03-06 14:15:26,65,69,4325,15588
2023-03-06 14:15:26,65,68,4325,15588
2023-03-06 14:15:33,65,68,4333,15596
2023-03-06 14:15:47,66,68,4333,15596
2023-03-06 14:15:51,66,70,4333,15596
2023-03-06 14:15:51,66,68,4333,15596
2023-03-06 14:15:59,66,70,4333,15596
2023-03-06 14:15:59,66,71,4333,15596
2023-03-06 14:15:59,66,68,4333,15596
2023-03-06 14:16:12,65,68,4333,15596
2023-03-06 14:16:12,65,70,4333,15596
2023-03-06 14:16:12,65,68,4333,15596
2023-03-06 14:16:16,65,68,4383,15646
2023-03-06 14:16:20,66,68,4383,15646
2023-03-06 14:16:22,66,68,4427,15690
2023-03-06 14:16:23,66,70,4427,15690
2023-03-06 14:16:23,66,68,4427,15690
2023-03-06 14:16:29,66,70,4427,15690
2023-03-06 14:16:30,66,68,4427,15690
2023-03-06 14:16:34,66,68,4427,15698
2023-03-06 14:16:47,66,70,4427,15698
2023-03-06 14:16:47,66,68,4427,15698
2023-03-06 14:17:10,64,68,4427,15698
2023-03-06 14:17:10,64,69,4427,15698
2023-03-06 14:17:10,66,69,4427,15698
2023-03-06 14:17:10,66,68,4427,15698
2023-03-06 14:17:29,64,68,4427,15698
2023-03-06 14:17:29,64,69,4427,15698
2023-03-06 14:17:30,66,69,4427,15698
2023-03-06 14:17:30,66,68,4427,15698
2023-03-06 14:17:35,66,68,4427,15706
2023-03-06 14:17:35,64,68,4427,15706
2023-03-06 14:17:35,64,69,4427,15706
2023-03-06 14:17:35,66,69,4427,15706
2023-03-06 14:17:35,66,68,4427,15706
2023-03-06 14:17:46,64,68,4427,15706
2023-03-06 14:17:46,64,69,4427,15706
2023-03-06 14:17:49,64,70,4427,15706
2023-03-06 14:17:49,66,70,4427,15706
2023-03-06 14:18:33,66,70,4427,15714
2023-03-06 14:19:29,64,70,4427,15714
2023-03-06 14:19:33,64,70,4427,15722
2023-03-06 14:19:34,64,69,4427,15722
2023-03-06 14:20:31,66,69,4427,15722
2023-03-06 14:20:32,66,68,4427,15722
2023-03-06 14:20:33,66,68,4427,15730
2023-03-06 14:20:42,66,70,4427,15730
2023-03-06 14:20:42,66,69,4427,15730
2023-03-06 14:21:05,66,70,4427,15730
2023-03-06 14:21:05,66,69,4427,15730
2023-03-06 14:21:19,65,69,4427,15730
2023-03-06 14:21:19,65,70,4427,15730
2023-03-06 14:21:19,66,70,4427,15730
2023-03-06 14:21:19,66,68,4427,15730
2023-03-06 14:21:27,65,68,4427,15811
2023-03-06 14:21:28,65,70,4427,15811
2023-03-06 14:21:29,66,70,4427,15811
2023-03-06 14:21:29,66,68,4427,15811
2023-03-06 14:21:33,66,68,4427,15819
2023-03-06 14:21:40,65,68,4427,15819
2023-03-06 14:21:40,65,70,4427,15819
2023-03-06 14:21:40,65,67,4427,15819
2023-03-06 14:21:49,65,69,4427,15819
2023-03-06 14:21:49,65,67,4427,15819
2023-03-06 14:21:54,65,70,4427,15819
2023-03-06 14:21:55,66,70,4427,15819
2023-03-06 14:21:55,66,68,4427,15819
2023-03-06 14:22:03,65,68,4427,15819
2023-03-06 14:22:03,65,70,4427,15819
2023-03-06 14:22:03,65,69,4427,15819
2023-03-06 14:22:03,65,68,4427,15819
2023-03-06 14:22:04,67,68,4427,15819
2023-03-06 14:22:13,65,68,4427,15819
2023-03-06 14:22:21,65,68,4477,15869
2023-03-06 14:22:27,65,70,4477,15869
2023-03-06 14:22:27,65,68,4477,15869
2023-03-06 14:22:33,65,68,4477,15877
2023-03-06 14:22:34,66,68,4477,15877
2023-03-06 14:22:47,66,70,4477,15877
2023-03-06 14:22:47,66,69,4477,15877
2023-03-06 14:22:47,66,68,4477,15877
2023-03-06 14:23:21,66,70,4477,15877
2023-03-06 14:23:21,66,69,4477,15877
2023-03-06 14:23:33,66,69,4477,15885
2023-03-06 14:23:40,66,70,4477,15885
2023-03-06 14:23:40,66,69,4477,15885
2023-03-06 14:23:59,66,70,4477,15885
2023-03-06 14:23:59,67,70,4477,15885
2023-03-06 14:23:59,67,69,4477,15885
2023-03-06 14:24:30,66,69,4477,15885
2023-03-06 14:24:30,67,69,4477,15885
2023-03-06 14:24:33,67,69,4477,15893
2023-03-06 14:24:44,67,70,4477,15893
2023-03-06 14:24:44,67,69,4477,15893
2023-03-06 14:25:01,66,69,4477,15893
2023-03-06 14:25:01,66,70,4477,15893
2023-03-06 14:25:01,67,70,4477,15893
2023-03-06 14:25:01,67,69,4477,15893
2023-03-06 14:25:16,66,69,4477,15893
2023-03-06 14:25:16,67,69,4477,15893
2023-03-06 14:25:28,66,69,4477,15893
2023-03-06 14:25:28,66,70,4477,15893
2023-03-06 14:25:28,67,70,4477,15893
2023-03-06 14:25:28,67,69,4477,15893
2023-03-06 14:25:34,67,69,4477,15901
2023-03-06 14:25:43,66,69,4477,15901
2023-03-06 14:25:43,66,70,4477,15901
2023-03-06 14:25:43,67,70,4477,15901
2023-03-06 14:25:43,67,69,4477,15901
2023-03-06 14:25:57,66,69,4477,15901
2023-03-06 14:25:58,66,70,4477,15901
2023-03-06 14:25:58,67,70,4477,15901
2023-03-06 14:25:58,67,69,4477,15901
2023-03-06 14:26:13,65,69,4477,15901
2023-03-06 14:26:13,65,70,4477,15901
2023-03-06 14:26:13,66,70,4477,15901
2023-03-06 14:26:14,66,69,4477,15901
2023-03-06 14:26:17,66,68,4477,15901
2023-03-06 14:26:27,65,68,4477,15901
2023-03-06 14:26:27,65,70,4477,15901
2023-03-06 14:26:27,65,69,4477,15901
2023-03-06 14:26:27,65,67,4477,15901
2023-03-06 14:26:34,65,67,4477,15909
2023-03-06 14:26:39,65,70,4477,15909
2023-03-06 14:26:39,65,68,4477,15909
2023-03-06 14:26:49,65,70,4477,15909
2023-03-06 14:26:49,65,69,4477,15909
2023-03-06 14:26:49,65,67,4477,15909
2023-03-06 14:27:05,65,69,4477,15909
2023-03-06 14:27:05,65,68,4477,15909
2023-03-06 14:27:30,64,68,4477,15909
2023-03-06 14:27:30,64,69,4477,15909
2023-03-06 14:27:30,65,69,4477,15909
2023-03-06 14:27:30,65,67,4477,15909
2023-03-06 14:27:36,65,67,4477,15917
2023-03-06 14:27:41,64,67,4477,15917
2023-03-06 14:27:41,64,69,4477,15917
2023-03-06 14:27:41,65,69,4477,15917
2023-03-06 14:27:41,65,67,4477,15917
2023-03-06 14:27:49,64,67,4477,15917
2023-03-06 14:27:49,64,69,4477,15917
2023-03-06 14:27:49,64,67,4477,15917
2023-03-06 14:28:00,66,67,4477,15917
2023-03-06 14:28:00,66,69,4477,15917
2023-03-06 14:28:00,66,67,4477,15917
2023-03-06 14:28:24,66,70,4477,15917
2023-03-06 14:28:24,66,68,4477,15917
2023-03-06 14:28:33,66,70,4477,15917
2023-03-06 14:28:33,66,68,4477,15917
2023-03-06 14:28:33,66,67,4477,15917
2023-03-06 14:28:38,67,68,4477,15925
2023-03-06 14:28:49,67,69,4477,15925
2023-03-06 14:29:00,66,69,4477,15925
2023-03-06 14:29:00,66,70,4477,15925
2023-03-06 14:29:00,66,69,4477,15925
2023-03-06 14:29:27,66,75,4477,15925
2023-03-06 14:29:27,67,75,4477,15925
2023-03-06 14:29:27,67,73,4477,15925
2023-03-06 14:29:27,67,72,4477,15925
2023-03-06 14:29:27,67,69,4477,15925
2023-03-06 14:29:33,68,69,4477,15925
2023-03-06 14:29:34,68,69,4477,15933
2023-03-06 14:29:50,68,72,4477,15933
2023-03-06 14:29:50,68,70,4477,15933
2023-03-06 14:30:08,67,70,4477,15933
2023-03-06 14:30:27,66,70,4477,15933
2023-03-06 14:30:27,66,72,4477,15933
2023-03-06 14:30:27,68,72,4477,15933
2023-03-06 14:30:27,68,70,4477,15933
2023-03-06 14:30:36,68,69,4477,15933
2023-03-06 14:30:55,69,72,4477,15941
2023-03-06 14:31:04,68,72,4477,15941
2023-03-06 14:31:33,69,72,4477,15941
2023-03-06 14:31:33,69,70,4477,15941
2023-03-06 14:32:28,69,72,4477,15949
2023-03-06 14:32:33,69,71,4477,15949
2023-03-06 14:33:29,70,71,4477,15949
2023-03-06 14:33:53,70,72,4477,15949
2023-03-06 14:34:01,71,72,4477,15949
2023-03-06 14:34:10,70,72,4477,15949
2023-03-06 14:34:22,69,72,4477,16030
2023-03-06 14:34:25,70,72,4477,16030
2023-03-06 14:35:34,70,71,4477,16030
2023-03-06 14:35:43,69,71,4477,16030
2023-03-06 14:36:30,70,71,4477,16030
2023-03-06 14:36:40,69,71,4477,16030
2023-03-06 14:36:58,70,71,4477,16030
2023-03-06 14:37:13,69,71,4477,16030
2023-03-06 14:37:13,70,71,4477,16030
2023-03-06 14:37:28,69,71,4477,16030
2023-03-06 14:37:28,70,71,4477,16030
2023-03-06 14:37:41,69,71,4477,16030
2023-03-06 14:38:34,70,71,4477,16030
2023-03-06 14:38:43,70,72,4477,16030
2023-03-06 14:40:00,71,72,4477,16030
2023-03-06 14:40:11,70,71,4477,16042
2023-03-06 14:40:23,69,70,4477,16126
2023-03-06 14:40:33,69,70,4477,16134
2023-03-06 14:40:35,69,72,4477,16134
2023-03-06 14:40:52,70,72,4477,16134
2023-03-06 14:41:05,71,72,4477,16134
2023-03-06 14:41:25,70,72,4477,16134
2023-03-06 14:41:26,71,72,4477,16134
2023-03-06 14:41:33,71,72,4477,16142
2023-03-06 14:42:06,70,72,4477,16142
2023-03-06 14:42:06,71,72,4477,16142
2023-03-06 14:42:18,70,71,4477,16193
2023-03-06 14:42:18,69,71,4477,16193
2023-03-06 14:42:27,70,71,4477,16193
2023-03-06 14:42:30,70,72,4477,16193
2023-03-06 14:43:00,71,72,4477,16193
2023-03-06 14:43:21,70,72,4477,16193
2023-03-06 14:43:22,71,72,4477,16193
2023-03-06 14:43:33,70,72,4477,16193
2023-03-06 14:43:33,72,75,4475,16203
2023-03-06 14:43:33,72,74,4475,16203
2023-03-06 14:43:34,72,73,4475,16203
2023-03-06 14:44:07,72,74,4475,16211
2023-03-06 14:44:25,72,76,4475,16211
2023-03-06 14:44:25,72,75,4475,16211
2023-03-06 14:44:35,73,75,4475,16211
2023-03-06 14:45:42,72,73,4475,16374
2023-03-06 14:45:45,71,73,4475,16374
2023-03-06 14:45:58,69,75,4475,16374
2023-03-06 14:45:58,62,75,4475,16374
2023-03-06 14:45:58,72,75,4475,16374
2023-03-06 14:46:08,72,74,4475,16374
2023-03-06 14:46:28,70,74,4475,16374
2023-03-06 14:46:28,72,74,4475,16374
2023-03-06 14:46:59,71,72,4475,16430
2023-03-06 14:47:01,71,72,4475,16478
2023-03-06 14:47:04,70,72,4475,16478
2023-03-06 14:47:07,51,72,4475,16478
2023-03-06 14:47:07,71,72,4475,16478
2023-03-06 14:47:14,69,73,4475,16478
2023-03-06 14:47:14,71,73,4475,16478
2023-03-06 14:47:28,69,73,4475,16478
2023-03-06 14:47:28,71,73,4475,16478
2023-03-06 14:47:34,71,72,4475,16478
2023-03-06 14:47:35,70,72,4475,16478
2023-03-06 14:48:18,69,70,4475,16486
2023-03-06 14:48:32,69,72,4475,16486
2023-03-06 14:48:32,68,72,4475,16486
2023-03-06 14:48:33,70,72,4475,16486
2023-03-06 14:48:42,70,71,4475,16486
2023-03-06 14:48:43,68,71,4475,16494
2023-03-06 14:48:45,66,71,4475,16494
2023-03-06 14:48:45,68,71,4475,16494
2023-03-06 14:48:45,68,70,4475,16494
2023-03-06 14:48:58,66,68,4475,16522
2023-03-06 14:49:04,64,68,4475,16522
2023-03-06 14:49:04,66,68,4475,16522
2023-03-06 14:49:07,67,68,4475,16522
2023-03-06 14:49:16,67,70,4475,16522
2023-03-06 14:49:16,67,68,4475,16522
2023-03-06 14:49:18,67,70,4475,16574
2023-03-06 14:49:27,67,72,4475,16574
2023-03-06 14:49:28,67,69,4475,16574
2023-03-06 14:49:34,67,69,4475,16582
2023-03-06 14:49:34,67,72,4475,16582
2023-03-06 14:49:34,67,71,4475,16582
2023-03-06 14:49:34,68,71,4475,16582
2023-03-06 14:49:43,68,70,4475,16582
2023-03-06 14:49:54,66,70,4475,16582
2023-03-06 14:49:54,68,70,4475,16582
2023-03-06 14:50:05,68,69,4475,16582
2023-03-06 14:50:16,67,68,4475,16634
2023-03-06 14:50:17,65,68,4475,16634
2023-03-06 14:50:17,66,68,4475,16634
2023-03-06 14:50:34,67,69,4475,16634
2023-03-06 14:51:03,67,68,4475,16634
2023-03-06 14:51:08,67,69,4475,16634
2023-03-06 14:51:19,66,67,4475,16642
2023-03-06 14:51:20,66,68,4475,16642
2023-03-06 14:51:29,64,68,4475,16642
2023-03-06 14:51:29,63,68,4475,16642
2023-03-06 14:51:29,64,68,4475,16642
2023-03-06 14:51:29,64,67,4475,16642
2023-03-06 14:51:34,66,67,4475,16642
2023-03-06 14:51:49,66,68,4475,16642
2023-03-06 14:52:02,66,67,4475,16642
2023-03-06 14:52:28,66,68,4475,16642
2023-03-06 14:52:45,66,67,4475,16642
2023-03-06 14:53:00,66,68,4475,16642
2023-03-06 14:53:33,67,68,4475,16642
2023-03-06 14:53:59,67,69,4475,16642
2023-03-06 14:53:59,67,68,4475,16642
2023-03-06 14:54:06,67,69,4475,16642
2023-03-06 14:54:06,68,69,4475,16642
2023-03-06 14:54:28,67,69,4475,16642
2023-03-06 14:54:34,68,69,4475,16642
2023-03-06 14:54:42,68,70,4475,16642
2023-03-06 14:55:00,69,70,4475,16642
2023-03-06 14:55:12,69,72,4475,16650
2023-03-06 14:55:15,68,69,4475,16818
2023-03-06 14:55:27,68,72,4756,17124
2023-03-06 14:55:28,68,73,4756,17124
2023-03-06 14:55:28,68,76,4756,17124
2023-03-06 14:55:29,72,76,4756,17124
2023-03-06 14:55:33,72,73,4756,17124
2023-03-06 14:55:43,71,73,4756,17124
2023-03-06 14:55:44,73,76,4756,17132
2023-03-06 14:55:44,73,75,4756,17132
2023-03-06 14:55:44,71,73,4749,17139
2023-03-06 14:55:46,71,75,4749,17139
2023-03-06 14:55:53,71,76,4749,17139
2023-03-06 14:55:53,72,76,4749,17139
2023-03-06 14:55:53,72,75,4749,17139
2023-03-06 14:56:08,71,75,4749,17139
2023-03-06 14:56:08,71,76,4749,17139
2023-03-06 14:56:08,73,76,4749,17139
2023-03-06 14:56:08,73,75,4749,17139
2023-03-06 14:56:08,71,73,4719,17169
2023-03-06 14:56:19,72,73,4719,17169
2023-03-06 14:56:31,71,73,4719,17169
2023-03-06 14:56:31,71,73,4668,17220
2023-03-06 14:56:35,72,73,4668,17220
2023-03-06 14:56:45,73,74,4621,17267
2023-03-06 14:56:45,71,72,4621,17279
2023-03-06 14:56:52,68,72,4621,17279
2023-03-06 14:56:52,70,72,4621,17279
2023-03-06 14:56:52,70,72,4621,17330
2023-03-06 14:56:57,68,72,4621,17330
2023-03-06 14:56:57,69,74,4621,17330
2023-03-06 14:56:57,71,74,4621,17330
2023-03-06 14:56:57,73,74,4621,17330
2023-03-06 14:56:58,71,73,4570,17381
2023-03-06 14:57:01,71,74,4570,17381
2023-03-06 14:57:04,68,74,4570,17381
2023-03-06 14:57:04,72,74,4570,17381
2023-03-06 14:57:06,70,74,4519,17432
2023-03-06 14:57:11,68,74,4519,17432
2023-03-06 14:57:11,71,74,4519,17432
2023-03-06 14:57:19,71,72,4519,17432
2023-03-06 14:57:20,69,72,4475,17492
2023-03-06 14:57:21,71,72,4475,17492
2023-03-06 14:57:29,69,71,4475,17499
2023-03-06 14:57:29,67,71,4475,17499
2023-03-06 14:57:29,69,71,4475,17499
2023-03-06 14:57:43,69,70,4475,17499
2023-03-06 14:57:51,69,71,4475,17499
2023-03-06 14:57:51,69,70,4475,17499
2023-03-06 14:57:56,69,71,4475,17499
2023-03-06 14:57:57,67,69,4475,17507
2023-03-06 14:58:13,65,67,4475,17522
2023-03-06 14:58:24,65,67,4475,17537
2023-03-06 14:58:25,66,67,4475,17537
2023-03-06 14:58:26,67,69,4475,17537
2023-03-06 14:58:34,66,69,4475,17537
2023-03-06 14:58:34,68,69,4475,17537
2023-03-06 14:58:37,66,68,4475,17545
2023-03-06 14:58:42,66,70,4475,17545
2023-03-06 14:58:42,66,69,4475,17545
2023-03-06 14:58:49,65,69,4475,17545
2023-03-06 14:58:49,65,70,4475,17545
2023-03-06 14:58:49,67,70,4475,17545
2023-03-06 14:58:49,67,69,4475,17545
2023-03-06 14:58:57,65,69,4475,17545
2023-03-06 14:58:57,65,70,4475,17545
2023-03-06 14:58:57,65,67,4475,17545
2023-03-06 14:58:57,66,67,4475,17545
2023-03-06 14:59:00,69,70,5192,18262
2023-03-06 14:59:04,69,70,5299,18369
2023-03-06 14:59:09,69,70,5348,18418
2023-03-06 14:59:09,69,70,5489,18559
2023-03-06 14:59:21,69,70,5569,18639
2023-03-06 14:59:26,69,70,5723,18793
2023-03-06 14:59:27,69,70,5747,18817
2023-03-06 14:59:32,69,70,5787,18857
2023-03-06 14:59:34,69,70,5795,18865
2023-03-06 14:59:42,69,70,5818,18888
2023-03-06 14:59:42,67,69,6175,19245
2023-03-06 14:59:42,69,70,6175,19304
2023-03-06 14:59:45,67,70,6175,19304
2023-03-06 14:59:48,68,70,6175,19304
2023-03-06 14:59:50,68,72,6175,19304
2023-03-06 14:59:50,68,69,6175,19304
2023-03-06 14:59:51,68,72,6175,19327
2023-03-06 14:59:56,68,70,6175,19327
2023-03-06 15:00:00,69,70,6175,19327
2023-03-06 15:00:03,69,72,6175,19365
2023-03-06 15:00:24,69,70,6175,19365
2023-03-06 15:00:26,68,69,6184,19374
2023-03-06 15:00:31,67,69,6184,19374
2023-03-06 15:00:31,67,69,6184,19404
2023-03-06 15:00:33,67,69,6184,19412
2023-03-06 15:00:38,68,69,6184,19412
2023-03-06 15:00:39,68,70,6184,19412
2023-03-06 15:00:39,68,71,6184,19412
2023-03-06 15:00:49,68,70,6184,19412
2023-03-06 15:00:57,68,71,6184,19435
2023-03-06 15:01:00,70,71,6184,19435
2023-03-06 15:01:10,71,74,6184,19443
2023-03-06 15:01:10,71,73,6184,19443
2023-03-06 15:01:10,70,73,6428,19693
2023-03-06 15:01:12,71,73,6428,19693
2023-03-06 15:01:17,70,73,6428,19693
2023-03-06 15:01:25,70,74,6428,19693
2023-03-06 15:01:25,70,73,6428,19693
2023-03-06 15:01:34,70,72,6428,19693
2023-03-06 15:01:42,72,76,6428,19701
2023-03-06 15:01:42,72,74,6428,19701
2023-03-06 15:01:52,74,76,6570,19843
2023-03-06 15:01:53,74,75,6570,19843
2023-03-06 15:01:54,74,75,6995,20268
2023-03-06 15:01:59,74,75,6995,20808
2023-03-06 15:02:04,74,75,7173,20986
2023-03-06 15:02:06,73,75,7173,20986
2023-03-06 15:02:16,70,75,7173,20986
2023-03-06 15:02:16,72,75,7173,20986
2023-03-06 15:02:16,72,74,7173,20986
2023-03-06 15:02:17,73,74,7173,20986
2023-03-06 15:02:28,73,74,7187,21000
2023-03-06 15:02:30,73,74,7187,21100
2023-03-06 15:02:33,70,73,7187,21486
2023-03-06 15:02:34,70,72,7187,21486
2023-03-06 15:02:35,71,72,7187,21486
2023-03-06 15:02:39,70,71,7187,21507
2023-03-06 15:02:51,70,72,7187,21507
2023-03-06 15:02:51,69,70,7187,21515
2023-03-06 15:02:59,69,72,7187,21521
2023-03-06 15:02:59,71,72,7187,21521
2023-03-06 15:03:07,71,74,7187,21599
2023-03-06 15:03:07,71,73,7187,21599
2023-03-06 15:03:12,69,73,7187,21599
2023-03-06 15:03:16,70,73,7187,21599
2023-03-06 15:03:16,70,72,7187,21599
2023-03-06 15:03:23,69,70,7187,21613
2023-03-06 15:03:33,69,70,7187,21621
2023-03-06 15:03:38,69,72,7187,21621
2023-03-06 15:03:38,69,70,7187,21621
2023-03-06 15:03:46,71,72,7202,21636
2023-03-06 15:03:51,68,72,7202,21636
2023-03-06 15:03:51,69,72,7202,21636
2023-03-06 15:03:55,69,70,7202,21636
2023-03-06 15:04:01,68,70,7202,21636
2023-03-06 15:04:06,69,70,7202,21636
2023-03-06 15:04:07,70,72,7217,21651
2023-03-06 15:04:08,69,70,7510,21944
2023-03-06 15:04:29,69,72,7510,21944
2023-03-06 15:04:29,69,71,7510,21944
2023-03-06 15:04:29,69,72,7510,21944
2023-03-06 15:04:33,69,71,7510,21944
2023-03-06 15:04:48,69,70,7510,21944
2023-03-06 15:04:52,67,69,7510,21953
2023-03-06 15:05:14,69,71,7546,21989
2023-03-06 15:05:18,69,70,7546,21989
2023-03-06 15:05:24,69,71,7546,21989
2023-03-06 15:05:25,67,69,7573,22016
2023-03-06 15:05:36,68,69,7573,22016
2023-03-06 15:05:37,67,68,7573,22025
2023-03-06 15:05:51,67,68,7573,22230
2023-03-06 15:05:56,67,69,7573,22230
2023-03-06 15:05:56,67,70,7573,22230
2023-03-06 15:06:00,69,70,7573,22230
2023-03-06 15:06:19,69,70,7687,22344
2023-03-06 15:06:25,69,70,8410,23067
2023-03-06 15:06:34,69,70,8424,23081
2023-03-06 15:06:34,69,70,8433,23090
2023-03-06 15:06:39,67,70,8433,23090
2023-03-06 15:06:41,66,70,8433,23090
2023-03-06 15:06:41,66,68,8433,23090
2023-03-06 15:06:51,67,68,8433,23090
2023-03-06 15:06:57,67,70,8433,23090
2023-03-06 15:06:57,67,70,8446,23103
2023-03-06 15:06:57,67,68,8446,23103
2023-03-06 15:07:02,67,70,8446,23172
2023-03-06 15:07:02,67,69,8446,23172
2023-03-06 15:07:04,67,69,8487,23213
2023-03-06 15:07:04,67,68,8487,23213
2023-03-06 15:07:06,67,69,8487,23213
2023-03-06 15:07:07,68,69,8487,23213
2023-03-06 15:07:10,67,69,9198,23924
2023-03-06 15:07:12,67,72,9198,23924
2023-03-06 15:07:12,67,71,9198,23924
2023-03-06 15:07:12,67,69,9198,23924
2023-03-06 15:07:17,68,69,9198,23924
2023-03-06 15:07:18,68,72,9198,23924
2023-03-06 15:07:18,68,69,9198,23924
2023-03-06 15:07:18,68,69,9218,23944
2023-03-06 15:07:19,68,69,9218,23957
2023-03-06 15:07:19,68,72,9218,23978
2023-03-06 15:07:19,68,71,9218,23978
2023-03-06 15:07:19,70,71,9218,23978
2023-03-06 15:07:24,70,72,9218,23978
2023-03-06 15:07:25,70,72,9243,24003
2023-03-06 15:07:34,70,74,9243,24003
2023-03-06 15:07:34,70,73,9243,24003
2023-03-06 15:07:34,70,72,9243,24003
2023-03-06 15:07:34,71,72,9243,24003
2023-03-06 15:07:41,71,73,9243,24009
2023-03-06 15:07:46,72,73,9243,24009
2023-03-06 15:07:55,74,76,9243,24018
2023-03-06 15:07:57,72,74,9227,24034
2023-03-06 15:08:00,72,74,9215,24046
2023-03-06 15:08:02,72,73,9215,24046
2023-03-06 15:08:05,72,74,9215,24046
2023-03-06 15:08:06,71,74,9215,24046
2023-03-06 15:08:06,72,74,9215,24046
2023-03-06 15:08:07,73,74,9215,24046
2023-03-06 15:08:28,73,74,9311,24142
2023-03-06 15:08:35,73,74,9320,24151
2023-03-06 15:08:35,73,74,9329,24160
2023-03-06 15:08:39,72,74,9329,24160
2023-03-06 15:08:48,71,74,9329,24160
2023-03-06 15:08:53,71,73,9329,24160
2023-03-06 15:09:06,73,74,9329,24199
2023-03-06 15:09:07,72,74,9329,24199
2023-03-06 15:09:07,72,75,9329,24199
2023-03-06 15:09:12,72,73,9329,24199
2023-03-06 15:09:16,73,75,9329,24225
2023-03-06 15:09:18,72,75,9329,24225
2023-03-06 15:09:22,72,76,9329,24225
2023-03-06 15:09:23,72,74,9329,24225
2023-03-06 15:09:29,72,76,9329,24264
2023-03-06 15:09:30,73,76,9329,24264
2023-03-06 15:09:30,73,75,9329,24264
2023-03-06 15:09:33,74,75,9329,24264
2023-03-06 15:09:38,74,76,9329,24264
2023-03-06 15:09:52,76,78,9329,24273
2023-03-06 15:10:15,77,78,9329,24273
2023-03-06 15:10:18,78,80,9353,24297
2023-03-06 15:10:25,78,81,9353,24297
2023-03-06 15:10:25,78,80,9353,24297
2023-03-06 15:10:34,78,79,9353,24297
2023-03-06 15:10:39,79,80,9361,24305
2023-03-06 15:10:40,79,82,9361,24305
2023-03-06 15:10:41,79,81,9361,24305
2023-03-06 15:10:53,78,81,9361,24305
2023-03-06 15:10:53,78,81,9483,24427
2023-03-06 15:10:56,80,81,9483,24427
2023-03-06 15:10:57,80,81,9611,24555
2023-03-06 15:11:32,80,81,9619,24563
2023-03-06 15:11:32,80,81,9627,24571
2023-03-06 15:11:32,80,81,9627,24571
2023-03-06 15:11:33,80,81,9643,24587
2023-03-06 15:11:33,80,82,9643,24587
2023-03-06 15:11:34,80,81,9643,24587
2023-03-06 15:12:01,79,81,9690,24634
2023-03-06 15:12:14,79,80,9690,24634
2023-03-06 15:12:20,76,79,9682,24642
2023-03-06 15:12:24,76,80,9682,24642
2023-03-06 15:12:25,76,81,9682,24642
2023-03-06 15:12:29,77,81,9682,24642
2023-03-06 15:12:33,78,81,9682,24642
2023-03-06 15:12:34,78,80,9682,24642
2023-03-06 15:12:44,79,80,9682,24642
2023-03-06 15:13:28,78,80,9682,24642
2023-03-06 15:13:43,78,79,9682,24642
2023-03-06 15:13:50,78,80,9682,24642
2023-03-06 15:13:50,78,79,9682,24642
2023-03-06 15:13:56,78,80,9682,24642
2023-03-06 15:13:56,77,78,9682,24650
2023-03-06 15:14:01,76,78,9682,24650
2023-03-06 15:14:02,75,78,9682,24650
2023-03-06 15:14:02,76,78,9682,24650
2023-03-06 15:14:04,76,78,9665,24667
2023-03-06 15:14:04,76,77,9665,24667
2023-03-06 15:14:05,74,75,9526,24806
2023-03-06 15:14:06,72,74,9467,24865
2023-03-06 15:14:11,72,73,9467,24865
2023-03-06 15:14:12,69,73,9467,24865
2023-03-06 15:14:12,69,73,9437,24895
2023-03-06 15:14:12,69,73,9377,24955
2023-03-06 15:14:12,71,73,9377,24955
2023-03-06 15:14:12,71,72,9377,24955
2023-03-06 15:14:13,71,73,9377,24955
2023-03-06 15:14:14,71,72,9377,24955
2023-03-06 15:14:15,69,71,9317,25015
2023-03-06 15:14:15,68,71,9317,25015
2023-03-06 15:14:18,68,71,9257,25075
2023-03-06 15:14:18,70,71,9257,25075
2023-03-06 15:14:19,67,70,9197,25135
2023-03-06 15:14:20,68,70,9197,25135
2023-03-06 15:14:20,68,72,9197,25135
2023-03-06 15:14:20,68,71,9197,25135
2023-03-06 15:14:24,68,71,9207,25145
2023-03-06 15:14:24,68,70,9207,25145
2023-03-06 15:14:25,69,70,9207,25145
2023-03-06 15:14:29,68,70,9207,25145
2023-03-06 15:14:30,67,70,9207,25145
2023-03-06 15:14:30,67,68,9207,25145
2023-03-06 15:14:32,67,70,9207,25145
2023-03-06 15:14:33,67,68,9207,25145
2023-03-06 15:14:33,67,68,9217,25155
2023-03-06 15:14:33,67,68,9217,25163
2023-03-06 15:14:37,67,70,9217,25163
2023-03-06 15:14:38,67,70,9227,25173
2023-03-06 15:14:38,67,69,9227,25173
2023-03-06 15:14:40,68,69,9227,25173
2023-03-06 15:14:44,68,71,9227,25173
2023-03-06 15:14:44,68,71,9262,25208
2023-03-06 15:14:44,68,71,9297,25243
2023-03-06 15:14:44,68,71,9307,25253
2023-03-06 15:14:44,68,70,9307,25253
2023-03-06 15:14:45,68,71,9307,25253
2023-03-06 15:14:50,68,71,9342,25288
2023-03-06 15:14:50,68,71,9352,25298
2023-03-06 15:14:50,68,70,9352,25298
2023-03-06 15:14:55,68,71,9352,25298
2023-03-06 15:14:55,67,68,9354,25300
2023-03-06 15:14:55,67,68,9389,25335
2023-03-06 15:14:55,69,71,9422,25368
2023-03-06 15:15:00,69,72,9422,25368
2023-03-06 15:15:02,71,72,9422,25368
2023-03-06 15:15:03,71,72,9457,25403
2023-03-06 15:15:03,71,72,9467,25413
2023-03-06 15:15:20,68,72,9467,25413
2023-03-06 15:15:20,68,71,9467,25413
2023-03-06 15:15:22,68,72,9467,25413
2023-03-06 15:15:30,68,71,9467,25413
2023-03-06 15:15:33,70,71,9467,25413
2023-03-06 15:15:33,70,72,9467,25413
2023-03-06 15:15:33,67,70,9459,25421
2023-03-06 15:15:43,66,70,9459,25421
2023-03-06 15:15:43,66,69,9459,25421
2023-03-06 15:15:43,66,67,9459,25421
2023-03-06 15:15:46,68,69,9475,25437
2023-03-06 15:15:47,67,69,9475,25437
2023-03-06 15:15:50,67,70,9475,25437
2023-03-06 15:15:51,67,68,9475,25437
2023-03-06 15:15:56,67,70,9475,25437
2023-03-06 15:15:56,67,70,9486,25448
2023-03-06 15:15:56,67,69,9486,25448
2023-03-06 15:16:00,68,69,9486,25448
2023-03-06 15:16:01,69,72,9541,25503
2023-03-06 15:16:03,69,70,9541,25503
2023-03-06 15:16:03,69,70,9574,25536
2023-03-06 15:16:05,68,70,9574,25536
2023-03-06 15:16:06,67,70,9582,25544
2023-03-06 15:16:10,68,70,9582,25544
2023-03-06 15:16:17,68,71,9582,25544
2023-03-06 15:16:17,68,70,9582,25544
2023-03-06 15:16:19,69,70,9582,25544
2023-03-06 15:16:22,69,72,9582,25544
2023-03-06 15:16:22,68,72,9582,25544
2023-03-06 15:16:22,68,70,9582,25544
2023-03-06 15:16:22,67,68,9590,25552
2023-03-06 15:16:24,66,68,9590,25552
2023-03-06 15:16:29,66,68,9590,25552
2023-03-06 15:16:31,65,68,9590,25552
2023-03-06 15:16:33,65,68,9590,25561
2023-03-06 15:16:38,66,68,9590,25561
2023-03-06 15:16:43,67,68,9590,25561
2023-03-06 15:16:43,67,70,9590,25561
2023-03-06 15:16:43,67,68,9590,25561
2023-03-06 15:16:43,65,66,9606,25577
2023-03-06 15:16:44,66,68,9606,25582
2023-03-06 15:16:50,65,68,9606,25582
2023-03-06 15:16:50,65,70,9606,25582
2023-03-06 15:16:50,65,67,9606,25582
2023-03-06 15:16:53,64,67,9606,25582
2023-03-06 15:16:57,64,69,9606,25582
2023-03-06 15:16:57,65,69,9606,25582
2023-03-06 15:16:57,65,67,9606,25582
2023-03-06 15:17:09,63,67,9606,25582
2023-03-06 15:17:09,65,67,9606,25582
2023-03-06 15:17:16,63,65,9602,25586
2023-03-06 15:17:21,63,66,9602,25586
2023-03-06 15:17:25,63,65,9602,25586
2023-03-06 15:17:25,59,65,9602,25586
2023-03-06 15:17:26,61,65,9602,25586
2023-03-06 15:17:31,59,65,9602,25586
2023-03-06 15:17:31,59,64,9602,25586
2023-03-06 15:17:32,59,63,9602,25586
2023-03-06 15:17:34,59,63,9602,25595
2023-03-06 15:17:44,59,61,9602,25595
2023-03-06 15:17:45,61,63,9602,25615
2023-03-06 15:17:46,59,63,9602,25615
2023-03-06 15:17:51,59,65,9602,25615
2023-03-06 15:17:51,59,66,9602,25615
2023-03-06 15:17:52,59,62,9602,25615
2023-03-06 15:17:58,59,64,9602,25639
2023-03-06 15:17:58,61,64,9602,25639
2023-03-06 15:18:02,59,64,9602,25639
2023-03-06 15:18:04,59,63,9602,25639
2023-03-06 15:18:21,59,61,9602,25639
2023-03-06 15:18:22,61,63,9602,25651
2023-03-06 15:18:23,60,63,9602,25651
2023-03-06 15:18:27,60,65,9602,25651
2023-03-06 15:18:28,60,64,9602,25651
2023-03-06 15:18:28,60,62,9602,25651
2023-03-06 15:18:32,62,64,9602,25672
2023-03-06 15:18:32,62,63,9602,25672
2023-03-06 15:18:33,60,63,9602,25681
2023-03-06 15:18:34,60,64,9602,25681
2023-03-06 15:18:37,60,65,9602,25681
2023-03-06 15:18:37,60,63,9602,25681
2023-03-06 15:18:45,60,65,9602,25706
2023-03-06 15:18:45,60,64,9602,25706
2023-03-06 15:18:46,61,64,9602,25706
2023-03-06 15:18:46,61,63,9602,25706
2023-03-06 15:18:49,62,63,9602,25706
2023-03-06 15:18:53,62,67,9602,25706
2023-03-06 15:18:53,63,67,9602,25706
2023-03-06 15:18:53,63,65,9602,25706
2023-03-06 15:19:01,65,67,9602,25710
2023-03-06 15:19:02,63,67,9602,25710
2023-03-06 15:19:05,63,66,9602,25710
2023-03-06 15:19:06,65,66,9602,25710
2023-03-06 15:19:06,66,67,9602,25731
2023-03-06 15:19:08,65,67,9602,25731
2023-03-06 15:19:12,65,69,9602,25765
2023-03-06 15:19:17,65,71,9602,25765
2023-03-06 15:19:18,65,68,9602,25765
2023-03-06 15:19:24,67,68,9602,25765
2023-03-06 15:19:28,65,67,9602,25777
2023-03-06 15:19:31,65,68,9602,25777
2023-03-06 15:19:32,65,69,9602,25777
2023-03-06 15:19:32,65,68,9602,25777
2023-03-06 15:19:33,67,68,9602,25777
2023-03-06 15:19:36,67,69,9602,25777
2023-03-06 15:19:52,68,69,9602,25777
2023-03-06 15:19:59,69,72,9602,25786
2023-03-06 15:20:02,69,71,9602,25786
2023-03-06 15:20:02,67,69,9602,25797
2023-03-06 15:20:06,67,71,9602,25797
2023-03-06 15:20:07,68,70,9602,25797
2023-03-06 15:20:09,67,68,9602,25817
2023-03-06 15:20:15,67,70,9602,25817
2023-03-06 15:20:15,67,69,9602,25817
2023-03-06 15:20:17,67,70,9602,25817
2023-03-06 15:20:19,66,68,9602,25826
2023-03-06 15:20:23,66,70,9602,25826
2023-03-06 15:20:28,65,70,9602,25826
2023-03-06 15:20:28,65,72,9602,25826
2023-03-06 15:20:28,65,69,9602,25826
2023-03-06 15:20:34,65,69,9602,25835
2023-03-06 15:20:34,65,71,9602,25835
2023-03-06 15:20:34,66,71,9602,25835
2023-03-06 15:20:34,66,70,9602,25835
2023-03-06 15:20:43,63,70,9602,25835
2023-03-06 15:20:43,67,70,9602,25835
2023-03-06 15:20:45,67,69,9602,25835
2023-03-06 15:20:57,65,69,9602,25835
2023-03-06 15:20:57,63,69,9602,25835
2023-03-06 15:20:57,65,69,9602,25835
2023-03-06 15:21:02,65,68,9602,25835
2023-03-06 15:21:02,63,65,9602,25846
2023-03-06 15:21:03,63,68,9602,25846
2023-03-06 15:21:04,63,66,9602,25846
2023-03-06 15:21:05,65,66,9602,25846
2023-03-06 15:21:07,63,65,9602,25861
2023-03-06 15:21:10,61,65,9602,25861
2023-03-06 15:21:10,60,65,9602,25861
2023-03-06 15:21:10,62,65,9602,25861
2023-03-06 15:21:16,60,65,9602,25861
2023-03-06 15:21:16,61,65,9602,25861
2023-03-06 15:21:18,61,64,9602,25861
2023-03-06 15:21:24,59,64,9602,25861
2023-03-06 15:21:24,61,64,9602,25861
2023-03-06 15:21:25,61,65,9602,25861
2023-03-06 15:21:33,64,65,9602,25861
2023-03-06 15:21:33,61,64,9602,25870
2023-03-06 15:21:36,61,65,9602,25870
2023-03-06 15:21:37,61,63,9602,25870
2023-03-06 15:21:42,61,65,9602,25870
2023-03-06 15:21:44,59,65,9602,25870
2023-03-06 15:21:44,61,65,9602,25870
2023-03-06 15:21:44,61,63,9602,25870
2023-03-06 15:21:46,63,65,9602,25885
2023-03-06 15:21:49,61,65,9602,25885
2023-03-06 15:21:50,60,65,9602,25885
2023-03-06 15:21:50,60,66,9602,25885
2023-03-06 15:21:50,61,66,9602,25885
2023-03-06 15:21:50,61,64,9602,25885
2023-03-06 15:21:52,61,66,9602,25907
2023-03-06 15:21:52,61,65,9602,25907
2023-03-06 15:21:52,61,66,9602,25907
2023-03-06 15:21:57,60,66,9602,25907
2023-03-06 15:21:58,62,66,9602,25907
2023-03-06 15:21:58,62,65,9602,25907
2023-03-06 15:22:09,62,64,9602,25907
2023-03-06 15:22:09,62,65,9602,25907
2023-03-06 15:22:12,62,64,9602,25907
2023-03-06 15:22:12,60,64,9602,25925
2023-03-06 15:22:18,58,64,9602,25925
2023-03-06 15:22:19,59,64,9602,25925
2023-03-06 15:22:19,61,64,9602,25925
2023-03-06 15:22:23,61,66,9602,25939
2023-03-06 15:22:24,63,66,9602,25939
2023-03-06 15:22:26,63,65,9602,25939
2023-03-06 15:22:31,65,66,9602,25978
2023-03-06 15:22:32,64,66,9602,25978
2023-03-06 15:22:32,64,66,9602,25993
2023-03-06 15:22:33,64,66,9602,26002
2023-03-06 15:22:43,64,67,9602,26002
2023-03-06 15:22:44,66,67,9602,26002
2023-03-06 15:22:47,64,67,9602,26002
2023-03-06 15:22:51,65,68,9602,26014
2023-03-06 15:22:55,64,68,9602,26014
2023-03-06 15:22:56,67,73,9602,26023
2023-03-06 15:22:56,67,75,9602,26023
2023-03-06 15:22:56,68,75,9602,26023
2023-03-06 15:22:56,68,73,9602,26023
2023-03-06 15:22:56,68,72,9602,26023
2023-03-06 15:23:24,64,66,9544,26081
2023-03-06 15:23:24,58,64,9395,26230
2023-03-06 15:23:24,58,64,9346,26358
2023-03-06 15:23:25,58,64,9346,26458
2023-03-06 15:23:25,58,65,9346,26458
2023-03-06 15:23:25,59,63,9346,26458
2023-03-06 15:23:27,59,63,9310,26494
2023-03-06 15:23:27,59,63,9274,26530
2023-03-06 15:23:32,59,66,9393,26682
2023-03-06 15:23:32,59,64,9393,26682
2023-03-06 15:23:32,59,66,9393,26682
2023-03-06 15:23:32,59,65,9393,26682
2023-03-06 15:23:33,59,66,9393,26682
2023-03-06 15:23:33,59,65,9393,26682
2023-03-06 15:23:33,61,65,9393,26682
2023-03-06 15:23:33,62,65,9393,26682
2023-03-06 15:23:33,59,61,9314,26810
2023-03-06 15:23:34,59,64,9314,26810
2023-03-06 15:23:35,61,64,9314,26810
2023-03-06 15:23:35,63,64,9314,26810
2023-03-06 15:23:37,61,63,9278,26846
2023-03-06 15:23:42,61,64,9278,26846
2023-03-06 15:23:46,61,63,9278,26846
2023-03-06 15:23:46,61,64,9278,26846
2023-03-06 15:23:52,63,64,9278,26846
2023-03-06 15:24:01,61,64,9278,26846
2023-03-06 15:24:03,63,64,9278,26846
2023-03-06 15:24:03,63,64,9392,26960
2023-03-06 15:24:04,63,64,9595,27163
2023-03-06 15:24:06,61,63,9818,27386
2023-03-06 15:24:09,61,64,9818,27386
2023-03-06 15:24:21,59,64,9818,27386
2023-03-06 15:24:22,59,63,9818,27386
2023-03-06 15:24:23,60,63,9818,27386
2023-03-06 15:24:33,60,63,9818,27395
2023-03-06 15:24:34,59,63,9818,27395
2023-03-06 15:24:39,59,64,9818,27395
2023-03-06 15:24:39,59,62,9818,27395
2023-03-06 15:24:52,61,62,9818,27395
2023-03-06 15:24:54,59,62,9818,27395
2023-03-06 15:24:56,58,62,9818,27395
2023-03-06 15:24:56,58,64,9818,27395
2023-03-06 15:24:56,58,65,9818,27395
2023-03-06 15:24:56,58,61,9818,27395
2023-03-06 15:24:56,58,59,9818,27395
2023-03-06 15:25:21,59,61,9818,27409
2023-03-06 15:25:23,58,61,9818,27409
2023-03-06 15:25:28,58,63,9818,27409
2023-03-06 15:25:28,58,62,9818,27409
2023-03-06 15:25:28,58,60,9818,27409
2023-03-06 15:25:28,57,58,9828,27419
2023-03-06 15:25:33,57,60,9828,27428
2023-03-06 15:25:38,57,61,9828,27428
2023-03-06 15:25:38,57,59,9828,27428
2023-03-06 15:25:49,57,58,9828,27428
2023-03-06 15:25:54,57,59,9828,27428
2023-03-06 15:25:56,57,60,9828,27428
2023-03-06 15:25:56,57,59,9828,27428
2023-03-06 15:25:56,57,59,9842,27442
2023-03-06 15:26:03,54,59,9842,27442
2023-03-06 15:26:03,55,59,9842,27442
2023-03-06 15:26:03,55,58,9842,27442
2023-03-06 15:26:14,56,58,9842,27442
2023-03-06 15:26:19,56,60,9842,27442
2023-03-06 15:26:19,56,61,9842,27442
2023-03-06 15:26:19,56,59,9842,27442
2023-03-06 15:26:23,56,59,9842,27444
2023-03-06 15:26:26,56,58,9842,27444
2023-03-06 15:26:33,56,58,9842,27453
2023-03-06 15:26:34,56,60,9842,27453
2023-03-06 15:26:34,56,60,9842,27453
2023-03-06 15:26:34,56,57,9842,27453
2023-03-06 15:26:34,56,60,9842,27453
2023-03-06 15:26:35,57,60,9842,27453
2023-03-06 15:26:37,54,60,9842,27453
2023-03-06 15:26:37,54,61,9842,27453
2023-03-06 15:26:37,54,60,9842,27453
2023-03-06 15:26:37,54,59,9842,27453
2023-03-06 15:26:40,56,59,9842,27453
2023-03-06 15:26:41,59,61,9842,27488
2023-03-06 15:26:41,59,60,9842,27488
2023-03-06 15:26:42,58,60,9842,27488
2023-03-06 15:26:42,58,61,9842,27488
2023-03-06 15:26:52,58,61,9842,27489
2023-03-06 15:26:53,56,61,9842,27489
2023-03-06 15:26:54,54,61,9842,27489
2023-03-06 15:26:56,54,60,9842,27489
2023-03-06 15:26:58,54,61,9842,27489
2023-03-06 15:27:01,56,61,9842,27489
2023-03-06 15:27:06,56,59,9842,27489
2023-03-06 15:27:07,54,59,9842,27489
2023-03-06 15:27:34,58,59,9842,27489
2023-03-06 15:27:40,55,59,9842,27498
2023-03-06 15:28:01,57,59,9842,27498
2023-03-06 15:28:02,59,60,9818,27522
2023-03-06 15:28:05,57,60,9818,27522
2023-03-06 15:28:05,55,60,9818,27522
2023-03-06 15:28:09,58,60,9818,27522
2023-03-06 15:28:09,58,59,9818,27522
2023-03-06 15:28:10,58,59,9729,27622
2023-03-06 15:28:12,53,59,9757,27650
2023-03-06 15:28:13,53,58,9757,27650
2023-03-06 15:28:26,54,58,9757,27650
2023-03-06 15:28:26,54,57,9757,27650
2023-03-06 15:28:33,56,57,9757,27650
2023-03-06 15:28:34,54,56,9748,27659
2023-03-06 15:28:35,54,57,9748,27659
2023-03-06 15:28:36,52,57,9748,27676
2023-03-06 15:28:41,52,56,9748,27676
2023-03-06 15:28:42,53,56,9748,27676
2023-03-06 15:28:47,52,56,9748,27676
2023-03-06 15:28:47,52,58,9748,27676
2023-03-06 15:28:47,53,58,9748,27676
2023-03-06 15:28:47,53,57,9748,27676
2023-03-06 15:28:47,53,55,9748,27676
2023-03-06 15:28:52,51,55,9748,27676
2023-03-06 15:28:52,51,57,9748,27676
2023-03-06 15:28:52,52,57,9748,27676
2023-03-06 15:28:52,54,57,9748,27676
2023-03-06 15:28:52,54,56,9748,27676
