datetime,bid,ask,open_interest,volume
2023-03-06 09:31:03,20,30,1308,1458
2023-03-06 09:31:03,23,30,1308,1458
2023-03-06 09:31:03,23,29,1308,1458
2023-03-06 09:31:08,20,29,1308,1458
2023-03-06 09:31:08,20,27,1308,1458
2023-03-06 09:31:09,20,29,1308,1458
2023-03-06 09:31:10,22,27,1308,1458
2023-03-06 09:31:10,20,27,1308,1458
2023-03-06 09:31:21,22,27,1308,1458
2023-03-06 09:31:23,22,27,1308,1458
2023-03-06 09:31:23,20,27,1308,1458
2023-03-06 09:31:28,20,29,1308,1458
2023-03-06 09:31:28,22,29,1308,1458
2023-03-06 09:31:32,20,29,1308,1458
2023-03-06 09:31:32,20,27,1308,1458
2023-03-06 09:31:41,22,27,1308,1458
2023-03-06 09:31:42,22,29,1308,1458
2023-03-06 09:31:42,22,27,1308,1458
2023-03-06 09:32:31,20,29,1308,1458
2023-03-06 09:32:31,22,29,1308,1458
2023-03-06 09:32:33,22,27,1308,1458
2023-03-06 09:32:36,22,27,1308,1458
2023-03-06 09:32:39,22,27,1308,1458
2023-03-06 09:32:41,22,27,1308,1458
2023-03-06 09:32:41,22,29,1308,1458
2023-03-06 09:33:21,24,29,1308,1458
2023-03-06 09:33:23,24,31,1308,1458
2023-03-06 09:33:33,26,31,1308,1458
2023-03-06 09:33:33,26,32,1308,1458
2023-03-06 09:33:48,26,33,1308,1458
2023-03-06 09:34:20,32,33,1308,1458
2023-03-06 09:34:25,26,32,1308,1467
2023-03-06 09:34:26,24,32,1308,1467
2023-03-06 09:34:26,24,31,1308,1467
2023-03-06 09:35:04,24,29,1308,1467
2023-03-06 09:35:06,20,29,1308,1467
2023-03-06 09:35:06,22,29,1308,1467
2023-03-06 09:35:11,22,27,1308,1467
2023-03-06 09:35:11,20,27,1308,1467
2023-03-06 09:35:45,22,27,1308,1467
2023-03-06 09:35:45,22,29,1308,1467
2023-03-06 09:35:54,22,23,1308,1467
2023-03-06 09:36:11,21,23,1308,1467
2023-03-06 09:36:12,24,28,1308,1476
2023-03-06 09:36:23,24,29,1308,1476
2023-03-06 09:36:23,24,27,1308,1476
2023-03-06 09:36:55,24,25,1308,1476
2023-03-06 09:37:27,23,25,1308,1476
2023-03-06 09:37:33,24,25,1308,1476
2023-03-06 09:37:42,23,25,1308,1476
2023-03-06 09:37:51,23,24,1308,1476
2023-03-06 09:37:55,23,24,1308,1485
2023-03-06 09:38:03,20,24,1308,1485
2023-03-06 09:38:04,22,24,1308,1485
2023-03-06 09:38:11,22,23,1308,1485
2023-03-06 09:38:22,22,24,1308,1485
2023-03-06 09:38:35,20,24,1308,1485
2023-03-06 09:38:35,21,24,1308,1485
2023-03-06 09:38:35,21,23,1308,1485
2023-03-06 09:38:41,20,23,1308,1485
2023-03-06 09:38:41,20,24,1308,1485
2023-03-06 09:38:42,22,24,1308,1485
2023-03-06 09:38:54,22,23,1308,1485
2023-03-06 09:39:07,23,26,1308,1494
2023-03-06 09:39:07,23,25,1308,1494
2023-03-06 09:39:33,22,25,1308,1494
2023-03-06 09:39:33,22,26,1308,1494
2023-03-06 09:39:33,23,26,1308,1494
2023-03-06 09:39:51,22,26,1308,1494
2023-03-06 09:39:51,23,26,1308,1494
2023-03-06 09:39:54,25,26,1308,1494
2023-03-06 09:40:35,25,27,1308,1494
2023-03-06 09:40:36,24,25,1309,1504
2023-03-06 09:40:51,24,27,1309,1504
2023-03-06 09:40:51,24,26,1309,1504
2023-03-06 09:40:54,24,26,1309,1513
2023-03-06 09:41:11,24,28,1309,1513
2023-03-06 09:41:11,24,27,1309,1513
2023-03-06 09:41:28,24,26,1309,1513
2023-03-06 09:41:52,24,28,1309,1513
2023-03-06 09:41:52,24,27,1309,1513
2023-03-06 09:41:54,26,27,1309,1513
2023-03-06 09:42:14,26,28,1309,1513
2023-03-06 09:42:14,26,27,1309,1513
2023-03-06 09:42:46,26,28,1309,1513
2023-03-06 09:42:46,26,27,1309,1513
2023-03-06 09:42:54,26,27,1318,1522
2023-03-06 09:42:56,26,28,1318,1522
2023-03-06 09:43:22,26,29,1318,1522
2023-03-06 09:43:22,26,28,1318,1522
2023-03-06 09:43:33,25,28,1318,1522
2023-03-06 09:43:36,26,28,1318,1522
2023-03-06 09:43:40,26,29,1318,1522
2023-03-06 09:43:40,26,28,1318,1522
2023-03-06 09:43:53,25,28,1318,1522
2023-03-06 09:43:55,25,27,1318,1522
2023-03-06 09:44:01,26,27,1318,1522
2023-03-06 09:44:06,25,27,1318,1522
2023-03-06 09:44:09,26,27,1318,1522
2023-03-06 09:44:52,25,27,1318,1522
2023-03-06 09:44:53,26,27,1318,1522
2023-03-06 09:44:56,26,27,1327,1531
2023-03-06 09:44:59,25,27,1327,1531
2023-03-06 09:45:01,26,27,1327,1531
2023-03-06 09:45:05,26,29,1327,1531
2023-03-06 09:45:05,26,28,1327,1531
2023-03-06 09:45:36,25,28,1327,1531
2023-03-06 09:45:36,24,28,1327,1531
2023-03-06 09:45:36,24,29,1327,1531
2023-03-06 09:45:37,26,29,1327,1531
2023-03-06 09:45:45,26,28,1327,1531
2023-03-06 09:45:55,26,28,1318,1540
2023-03-06 09:45:56,24,28,1318,1540
2023-03-06 09:45:56,25,28,1318,1540
2023-03-06 09:46:01,25,27,1318,1540
2023-03-06 09:46:04,25,26,1318,1540
2023-03-06 09:46:14,25,26,1309,1549
2023-03-06 09:46:15,25,26,1209,1649
2023-03-06 09:46:28,23,26,1209,1649
2023-03-06 09:46:28,24,26,1209,1649
2023-03-06 09:46:40,23,26,1209,1649
2023-03-06 09:46:40,23,24,1209,1649
2023-03-06 09:46:56,23,24,1200,1658
2023-03-06 09:46:57,23,26,1200,1658
2023-03-06 09:46:57,23,25,1200,1658
2023-03-06 09:46:57,21,23,1209,1667
2023-03-06 09:47:06,20,23,1209,1667
2023-03-06 09:47:42,19,23,1209,1667
2023-03-06 09:47:42,19,25,1209,1667
2023-03-06 09:47:42,19,22,1209,1667
2023-03-06 09:47:52,19,24,1209,1667
2023-03-06 09:47:52,20,24,1209,1667
2023-03-06 09:47:52,20,22,1209,1667
2023-03-06 09:47:55,20,22,1200,1676
2023-03-06 09:48:07,18,22,1200,1676
2023-03-06 09:48:07,18,23,1200,1676
2023-03-06 09:48:07,19,23,1200,1676
2023-03-06 09:48:07,19,22,1200,1676
2023-03-06 09:48:35,18,22,1200,1676
2023-03-06 09:48:35,18,23,1200,1676
2023-03-06 09:48:35,19,23,1200,1676
2023-03-06 09:48:35,19,21,1200,1676
2023-03-06 09:48:49,18,21,1200,1676
2023-03-06 09:48:49,18,23,1200,1676
2023-03-06 09:48:49,18,22,1200,1676
2023-03-06 09:48:49,18,20,1200,1676
2023-03-06 09:48:55,18,20,1209,1685
2023-03-06 09:48:55,19,20,1209,1685
2023-03-06 09:49:07,19,23,1209,1685
2023-03-06 09:49:07,19,21,1209,1685
2023-03-06 09:49:19,18,21,1209,1685
2023-03-06 09:49:21,19,21,1209,1685
2023-03-06 09:49:22,18,21,1209,1685
2023-03-06 09:49:34,18,22,1209,1685
2023-03-06 09:49:34,19,22,1209,1685
2023-03-06 09:49:34,19,21,1209,1685
2023-03-06 09:49:47,18,21,1209,1685
2023-03-06 09:49:47,18,22,1209,1685
2023-03-06 09:49:47,18,21,1209,1685
2023-03-06 09:49:56,18,21,1218,1694
2023-03-06 09:50:02,19,21,1218,1694
2023-03-06 09:50:05,18,21,1218,1694
2023-03-06 09:50:10,19,21,1218,1694
2023-03-06 09:50:14,18,21,1218,1694
2023-03-06 09:50:30,18,22,1218,1694
2023-03-06 09:50:30,19,22,1218,1694
2023-03-06 09:50:30,19,21,1218,1694
2023-03-06 09:50:43,21,22,1400,1876
2023-03-06 09:50:51,21,22,1475,1951
2023-03-06 09:50:55,21,22,1484,1960
2023-03-06 09:51:06,21,22,1635,2111
2023-03-06 09:51:11,21,23,1635,2111
2023-03-06 09:51:15,21,24,1635,2111
2023-03-06 09:51:16,21,22,1635,2111
2023-03-06 09:51:38,21,24,1635,2111
2023-03-06 09:51:40,22,24,1635,2111
2023-03-06 09:51:50,22,26,1635,2111
2023-03-06 09:51:50,22,24,1635,2111
2023-03-06 09:51:55,23,24,1635,2111
2023-03-06 09:52:06,23,25,1635,2111
2023-03-06 09:52:31,23,24,1635,2111
2023-03-06 09:52:40,24,25,1635,2129
2023-03-06 09:52:51,24,25,1799,2293
2023-03-06 09:52:52,23,25,1799,2293
2023-03-06 09:52:55,24,25,1799,2293
2023-03-06 09:52:59,23,24,1799,2301
2023-03-06 09:53:07,22,24,1799,2301
2023-03-06 09:53:07,22,26,1799,2301
2023-03-06 09:53:07,22,24,1799,2301
2023-03-06 09:53:13,23,24,1799,2301
2023-03-06 09:53:16,22,24,1799,2301
2023-03-06 09:53:21,23,24,1799,2301
2023-03-06 09:53:28,23,26,1799,2301
2023-03-06 09:53:28,24,26,1799,2301
2023-03-06 09:53:49,23,26,1799,2301
2023-03-06 09:53:49,25,26,1799,2301
2023-03-06 09:54:07,25,27,1799,2301
2023-03-06 09:55:26,23,27,1799,2301
2023-03-06 09:55:26,23,29,1799,2301
2023-03-06 09:55:26,25,29,1799,2301
2023-03-06 09:55:26,25,28,1799,2301
2023-03-06 09:55:43,25,29,1799,2301
2023-03-06 09:55:43,25,27,1799,2301
2023-03-06 09:55:55,25,27,1799,2309
2023-03-06 09:55:55,25,29,1799,2309
2023-03-06 09:55:56,25,28,1799,2309
2023-03-06 09:56:29,25,29,1799,2309
2023-03-06 09:56:29,25,27,1799,2309
2023-03-06 09:56:42,25,29,1799,2309
2023-03-06 09:56:42,25,27,1799,2309
2023-03-06 09:56:55,25,27,1799,2317
2023-03-06 09:57:02,25,29,1799,2317
2023-03-06 09:57:02,25,28,1799,2317
2023-03-06 09:57:11,26,28,1799,2317
2023-03-06 09:57:20,26,29,1799,2317
2023-03-06 09:57:20,25,29,1799,2317
2023-03-06 09:57:21,26,29,1799,2317
2023-03-06 09:57:21,26,28,1799,2317
2023-03-06 09:57:46,24,28,1799,2317
2023-03-06 09:57:46,24,29,1799,2317
2023-03-06 09:57:46,24,27,1799,2317
2023-03-06 09:57:56,23,27,1799,2317
2023-03-06 09:57:56,23,29,1799,2317
2023-03-06 09:57:57,25,29,1799,2317
2023-03-06 09:57:57,25,27,1799,2317
2023-03-06 09:57:57,25,27,1799,2325
2023-03-06 09:58:28,23,27,1799,2325
2023-03-06 09:58:28,23,28,1799,2325
2023-03-06 09:58:28,23,26,1799,2325
2023-03-06 09:58:37,23,28,1799,2325
2023-03-06 09:58:37,24,28,1799,2325
2023-03-06 09:58:37,24,26,1799,2325
2023-03-06 09:58:55,25,26,1799,2325
2023-03-06 09:59:29,25,27,1799,2325
2023-03-06 09:59:55,26,27,1799,2325
2023-03-06 10:00:33,25,26,1791,2333
2023-03-06 10:00:34,23,26,1791,2333
2023-03-06 10:00:35,25,26,1791,2333
2023-03-06 10:00:44,23,28,1791,2333
2023-03-06 10:00:45,24,28,1791,2333
2023-03-06 10:00:45,24,26,1791,2333
2023-03-06 10:00:54,23,26,1791,2333
2023-03-06 10:00:54,23,28,1791,2333
2023-03-06 10:00:54,24,28,1791,2333
2023-03-06 10:00:54,24,27,1791,2333
2023-03-06 10:00:55,24,25,1791,2333
2023-03-06 10:01:29,23,25,1791,2333
2023-03-06 10:01:39,24,25,1791,2333
2023-03-06 10:01:56,24,25,1791,2341
2023-03-06 10:01:57,23,25,1791,2341
2023-03-06 10:02:26,22,25,1791,2341
2023-03-06 10:02:26,22,27,1791,2341
2023-03-06 10:02:26,23,27,1791,2341
2023-03-06 10:02:26,23,25,1791,2341
2023-03-06 10:02:38,22,25,1791,2341
2023-03-06 10:02:38,22,27,1791,2341
2023-03-06 10:02:38,23,27,1791,2341
2023-03-06 10:02:38,23,26,1791,2341
2023-03-06 10:02:55,22,26,1791,2341
2023-03-06 10:02:55,22,27,1791,2341
2023-03-06 10:02:56,23,27,1791,2341
2023-03-06 10:02:56,23,25,1791,2341
2023-03-06 10:02:56,23,24,1791,2341
2023-03-06 10:03:05,24,25,1799,2349
2023-03-06 10:03:17,23,25,1799,2349
2023-03-06 10:03:25,24,25,1799,2349
2023-03-06 10:03:26,24,27,1799,2349
2023-03-06 10:03:26,24,28,1799,2349
2023-03-06 10:03:26,25,28,1799,2349
2023-03-06 10:03:27,25,27,1799,2349
2023-03-06 10:03:43,23,27,1799,2349
2023-03-06 10:03:44,25,27,1799,2349
2023-03-06 10:03:55,25,26,1799,2349
2023-03-06 10:03:56,24,26,1799,2349
2023-03-06 10:04:22,25,26,1799,2349
2023-03-06 10:04:45,26,28,1799,2357
2023-03-06 10:04:50,25,28,1799,2357
2023-03-06 10:04:55,25,27,1799,2357
2023-03-06 10:04:56,26,27,1799,2357
2023-03-06 10:05:42,26,28,1799,2357
2023-03-06 10:05:55,26,27,1799,2357
2023-03-06 10:06:08,25,27,1799,2357
2023-03-06 10:06:23,25,26,1799,2357
2023-03-06 10:06:26,25,27,1799,2357
2023-03-06 10:06:55,26,27,1799,2357
2023-03-06 10:07:15,26,28,1799,2357
2023-03-06 10:07:43,27,28,1799,2357
2023-03-06 10:07:55,28,29,1807,2365
2023-03-06 10:07:58,28,30,1807,2365
2023-03-06 10:08:11,29,30,1807,2365
2023-03-06 10:08:19,28,30,1807,2365
2023-03-06 10:08:32,29,30,1807,2365
2023-03-06 10:08:35,28,30,1807,2365
2023-03-06 10:08:37,29,30,1807,2365
2023-03-06 10:08:43,30,31,1808,2367
2023-03-06 10:08:59,30,34,1808,2367
2023-03-06 10:08:59,30,32,1808,2367
2023-03-06 10:09:04,31,32,1808,2367
2023-03-06 10:09:25,31,34,1808,2367
2023-03-06 10:09:25,31,32,1808,2367
2023-03-06 10:09:31,32,34,1847,2406
2023-03-06 10:09:34,31,34,1847,2406
2023-03-06 10:09:45,28,34,1847,2406
2023-03-06 10:09:45,29,33,1847,2406
2023-03-06 10:09:45,31,33,1847,2406
2023-03-06 10:10:00,29,33,1847,2406
2023-03-06 10:10:01,29,31,1847,2406
2023-03-06 10:10:01,30,31,1847,2406
2023-03-06 10:10:13,30,31,1962,2521
2023-03-06 10:10:30,30,33,1962,2521
2023-03-06 10:10:30,30,35,1962,2521
2023-03-06 10:10:30,30,32,1962,2521
2023-03-06 10:10:44,30,34,1962,2521
2023-03-06 10:10:44,31,34,1962,2521
2023-03-06 10:10:44,31,33,1962,2521
2023-03-06 10:11:06,30,33,1962,2521
2023-03-06 10:11:06,30,34,1962,2521
2023-03-06 10:11:06,30,32,1962,2521
2023-03-06 10:11:29,30,34,1962,2521
2023-03-06 10:11:30,31,34,1962,2521
2023-03-06 10:11:30,31,33,1962,2521
2023-03-06 10:11:44,30,33,1962,2521
2023-03-06 10:11:44,30,34,1962,2521
2023-03-06 10:11:45,30,33,1962,2521
2023-03-06 10:12:06,30,34,1962,2521
2023-03-06 10:12:06,30,32,1962,2521
2023-03-06 10:12:37,30,34,1962,2521
2023-03-06 10:12:37,30,32,1962,2521
2023-03-06 10:12:43,32,34,2002,2561
2023-03-06 10:12:51,30,34,2002,2561
2023-03-06 10:12:52,31,34,2002,2561
2023-03-06 10:12:59,31,35,2002,2561
2023-03-06 10:12:59,31,33,2002,2561
2023-03-06 10:13:17,32,33,2002,2561
2023-03-06 10:13:28,32,35,2002,2561
2023-03-06 10:13:28,32,36,2002,2561
2023-03-06 10:13:28,32,34,2002,2561
2023-03-06 10:13:50,32,35,2002,2561
2023-03-06 10:13:50,32,34,2002,2561
2023-03-06 10:14:00,32,35,2002,2561
2023-03-06 10:14:00,32,34,2002,2561
2023-03-06 10:14:20,32,35,2002,2561
2023-03-06 10:14:21,32,34,2002,2561
2023-03-06 10:14:42,33,34,2002,2561
2023-03-06 10:14:43,32,34,2002,2561
2023-03-06 10:14:44,32,36,2002,2561
2023-03-06 10:14:44,33,36,2002,2561
2023-03-06 10:14:44,33,34,2002,2561
2023-03-06 10:14:45,32,34,2002,2561
2023-03-06 10:14:46,33,34,2002,2561
2023-03-06 10:14:47,32,34,2002,2561
2023-03-06 10:14:49,33,34,2002,2561
2023-03-06 10:14:55,33,36,2002,2561
2023-03-06 10:14:56,33,35,2002,2561
2023-03-06 10:15:06,34,35,2002,2561
2023-03-06 10:15:28,34,38,2002,2561
2023-03-06 10:15:28,34,36,2002,2561
2023-03-06 10:15:29,33,36,2002,2561
2023-03-06 10:15:44,34,36,2002,2561
2023-03-06 10:15:45,34,38,2002,2561
2023-03-06 10:15:45,34,35,2002,2561
2023-03-06 10:15:57,34,37,2002,2561
2023-03-06 10:15:57,34,35,2002,2561
2023-03-06 10:16:09,33,35,2002,2561
2023-03-06 10:16:10,34,35,2002,2561
2023-03-06 10:16:38,34,38,2002,2561
2023-03-06 10:16:38,34,36,2002,2561
2023-03-06 10:16:43,33,36,2002,2561
2023-03-06 10:16:46,34,36,2002,2561
2023-03-06 10:16:47,33,36,2002,2561
2023-03-06 10:16:50,34,36,2002,2561
2023-03-06 10:17:00,35,36,2002,2561
2023-03-06 10:17:12,35,38,2002,2561
2023-03-06 10:17:13,35,37,2002,2561
2023-03-06 10:17:13,35,37,2085,2644
2023-03-06 10:17:18,36,37,2085,2644
2023-03-06 10:17:21,35,37,2085,2644
2023-03-06 10:17:24,36,37,2085,2644
2023-03-06 10:17:33,36,39,2085,2644
2023-03-06 10:17:33,36,37,2085,2644
2023-03-06 10:17:35,38,39,2298,2857
2023-03-06 10:17:38,35,38,2298,2889
2023-03-06 10:17:41,34,38,2298,2889
2023-03-06 10:17:50,34,39,2298,2889
2023-03-06 10:17:50,34,40,2298,2889
2023-03-06 10:17:50,35,40,2298,2889
2023-03-06 10:17:51,35,38,2298,2889
2023-03-06 10:18:01,36,38,2298,2889
2023-03-06 10:18:07,37,38,2298,2889
2023-03-06 10:18:30,38,40,2475,3066
2023-03-06 10:18:35,38,41,2475,3066
2023-03-06 10:18:35,38,40,2475,3066
2023-03-06 10:18:48,38,41,2475,3066
2023-03-06 10:18:48,38,40,2475,3066
2023-03-06 10:19:03,39,40,2475,3066
2023-03-06 10:19:13,39,43,2475,3066
2023-03-06 10:19:13,39,40,2475,3066
2023-03-06 10:19:29,38,40,2475,3066
2023-03-06 10:19:37,38,42,2475,3066
2023-03-06 10:19:37,39,42,2475,3066
2023-03-06 10:19:40,39,42,2375,3166
2023-03-06 10:19:43,39,41,2375,3166
2023-03-06 10:19:44,38,39,2310,3231
2023-03-06 10:19:49,38,42,2310,3231
2023-03-06 10:19:49,38,41,2310,3231
2023-03-06 10:20:06,38,42,2310,3231
2023-03-06 10:20:06,39,42,2310,3231
2023-03-06 10:20:06,39,41,2310,3231
2023-03-06 10:20:43,39,43,2310,3231
2023-03-06 10:20:43,39,41,2310,3231
2023-03-06 10:21:08,39,42,2310,3231
2023-03-06 10:21:08,39,41,2310,3231
2023-03-06 10:21:27,39,41,2310,3331
2023-03-06 10:21:31,39,41,2310,3431
2023-03-06 10:21:33,38,41,2310,3431
2023-03-06 10:21:56,38,40,2310,3431
2023-03-06 10:22:41,38,41,2310,3431
2023-03-06 10:22:41,38,40,2310,3431
2023-03-06 10:22:52,38,39,2310,3431
2023-03-06 10:22:56,38,40,2310,3431
2023-03-06 10:22:59,36,40,2310,3431
2023-03-06 10:23:00,37,40,2310,3431
2023-03-06 10:23:12,38,40,2310,3431
2023-03-06 10:23:32,38,41,2310,3431
2023-03-06 10:23:54,38,42,2310,3431
2023-03-06 10:23:54,38,41,2310,3431
2023-03-06 10:24:05,39,41,2310,3431
2023-03-06 10:24:35,40,41,2310,3431
2023-03-06 10:24:38,40,41,2338,3459
2023-03-06 10:24:41,40,44,2338,3459
2023-03-06 10:24:42,40,43,2338,3459
2023-03-06 10:25:00,40,44,2338,3459
2023-03-06 10:25:00,40,43,2338,3459
2023-03-06 10:25:49,40,42,2338,3459
2023-03-06 10:25:51,40,43,2338,3459
2023-03-06 10:26:11,40,44,2338,3459
2023-03-06 10:26:11,40,43,2338,3459
2023-03-06 10:26:29,40,44,2338,3459
2023-03-06 10:26:29,40,43,2338,3459
2023-03-06 10:26:58,40,44,2338,3459
2023-03-06 10:28:56,41,44,2338,3459
2023-03-06 10:29:13,40,44,2338,3459
2023-03-06 10:29:13,41,44,2338,3459
2023-03-06 10:29:43,40,44,2338,3459
2023-03-06 10:29:43,40,43,2338,3459
2023-03-06 10:29:54,40,44,2338,3459
2023-03-06 10:29:54,40,43,2338,3459
2023-03-06 10:30:15,40,44,2338,3459
2023-03-06 10:30:15,40,43,2338,3459
2023-03-06 10:30:35,40,44,2338,3459
2023-03-06 10:31:28,41,44,2338,3459
2023-03-06 10:31:35,42,44,2338,3459
2023-03-06 10:31:48,42,45,2338,3459
2023-03-06 10:31:48,42,44,2338,3459
2023-03-06 10:32:11,42,45,2338,3459
2023-03-06 10:32:11,42,44,2338,3459
2023-03-06 10:32:29,42,45,2338,3459
2023-03-06 10:32:29,42,44,2338,3459
2023-03-06 10:33:28,42,45,2338,3459
2023-03-06 10:33:29,42,44,2338,3459
2023-03-06 10:33:50,42,45,2338,3459
2023-03-06 10:33:50,42,44,2338,3459
2023-03-06 10:33:58,42,44,2338,3559
2023-03-06 10:34:02,41,44,2338,3559
2023-03-06 10:34:35,40,44,2338,3559
2023-03-06 10:34:59,41,44,2338,3559
2023-03-06 10:35:34,40,44,2338,3559
2023-03-06 10:35:34,40,45,2338,3559
2023-03-06 10:35:34,41,45,2338,3559
2023-03-06 10:35:34,41,44,2338,3559
2023-03-06 10:36:01,40,44,2338,3559
2023-03-06 10:36:01,41,44,2338,3559
2023-03-06 10:36:04,41,43,2338,3559
2023-03-06 10:36:24,41,43,2330,3567
2023-03-06 10:36:25,41,42,2330,3567
2023-03-06 10:36:28,41,42,2230,3667
2023-03-06 10:36:31,41,43,2230,3667
2023-03-06 10:36:31,39,41,2157,3740
2023-03-06 10:36:37,39,43,2157,3740
2023-03-06 10:36:37,40,43,2157,3740
2023-03-06 10:36:55,40,44,2157,3740
2023-03-06 10:36:56,40,43,2157,3740
2023-03-06 10:37:18,41,43,2157,3740
2023-03-06 10:37:29,41,44,2157,3740
2023-03-06 10:37:29,41,45,2157,3740
2023-03-06 10:37:29,41,44,2157,3740
2023-03-06 10:37:29,41,44,2157,3748
2023-03-06 10:37:33,42,44,2157,3748
2023-03-06 10:37:46,42,45,2157,3748
2023-03-06 10:37:46,42,44,2157,3748
2023-03-06 10:38:14,42,45,2157,3748
2023-03-06 10:38:14,42,44,2157,3748
2023-03-06 10:38:30,42,45,2157,3748
2023-03-06 10:38:30,42,44,2157,3748
2023-03-06 10:38:31,42,44,2157,3756
2023-03-06 10:38:33,43,44,2157,3756
2023-03-06 10:39:09,43,46,2157,3756
2023-03-06 10:39:09,43,44,2157,3756
2023-03-06 10:39:28,42,43,2157,3764
2023-03-06 10:39:33,42,44,2157,3772
2023-03-06 10:39:52,42,45,2157,3772
2023-03-06 10:39:52,42,44,2157,3772
2023-03-06 10:40:31,42,44,2162,3780
2023-03-06 10:40:40,42,46,2162,3780
2023-03-06 10:40:41,42,44,2162,3780
2023-03-06 10:41:09,42,46,2162,3780
2023-03-06 10:41:09,42,44,2162,3780
2023-03-06 10:41:32,42,44,2170,3788
2023-03-06 10:41:49,42,46,2170,3788
2023-03-06 10:41:50,42,44,2170,3788
2023-03-06 10:41:58,42,44,2205,3823
2023-03-06 10:42:01,32,44,2205,3823
2023-03-06 10:42:01,32,47,2205,3823
2023-03-06 10:42:01,38,47,2205,3823
2023-03-06 10:42:01,40,47,2205,3823
2023-03-06 10:42:01,42,47,2205,3823
2023-03-06 10:42:01,42,45,2205,3823
2023-03-06 10:42:12,40,45,2205,3823
2023-03-06 10:42:12,38,45,2205,3823
2023-03-06 10:42:12,32,45,2205,3823
2023-03-06 10:42:12,32,47,2205,3823
2023-03-06 10:42:12,39,47,2205,3823
2023-03-06 10:42:12,43,47,2205,3823
2023-03-06 10:42:12,43,45,2205,3823
2023-03-06 10:42:31,41,45,2205,3823
2023-03-06 10:42:31,41,47,2205,3823
2023-03-06 10:42:31,43,47,2205,3823
2023-03-06 10:42:31,43,45,2205,3823
2023-03-06 10:42:31,43,45,2213,3831
2023-03-06 10:42:44,41,45,2213,3831
2023-03-06 10:42:44,41,47,2213,3831
2023-03-06 10:42:44,43,47,2213,3831
2023-03-06 10:42:44,43,45,2213,3831
2023-03-06 10:43:31,43,45,2221,3839
2023-03-06 10:43:39,32,45,2221,3839
2023-03-06 10:43:39,32,48,2221,3839
2023-03-06 10:43:39,41,48,2221,3839
2023-03-06 10:43:39,43,48,2221,3839
2023-03-06 10:43:39,43,46,2221,3839
2023-03-06 10:44:08,39,46,2221,3839
2023-03-06 10:44:08,33,46,2221,3839
2023-03-06 10:44:08,33,49,2221,3839
2023-03-06 10:44:32,48,49,2221,3839
2023-03-06 10:44:32,33,48,2221,3847
2023-03-06 10:44:38,33,49,2221,3847
2023-03-06 10:45:15,33,50,2221,3847
2023-03-06 10:45:20,33,49,2221,3847
2023-03-06 10:45:32,47,49,2221,3847
2023-03-06 10:45:34,33,47,2221,3855
2023-03-06 10:45:43,42,49,2221,3855
2023-03-06 10:45:43,44,49,2221,3855
2023-03-06 10:45:43,44,47,2221,3855
2023-03-06 10:46:32,46,47,2221,3855
2023-03-06 10:46:34,44,46,2221,3863
2023-03-06 10:46:47,42,47,2221,3863
2023-03-06 10:46:48,40,47,2221,3863
2023-03-06 10:46:48,33,47,2221,3863
2023-03-06 10:46:48,43,47,2221,3863
2023-03-06 10:46:48,45,47,2221,3863
2023-03-06 10:46:56,45,48,2221,3863
2023-03-06 10:46:56,45,47,2221,3863
2023-03-06 10:49:37,45,46,2221,3863
2023-03-06 10:50:17,45,47,2221,3863
2023-03-06 10:50:18,45,46,2221,3863
2023-03-06 10:50:40,45,47,2221,3863
2023-03-06 10:50:40,45,46,2221,3863
2023-03-06 10:52:38,45,47,2221,3863
2023-03-06 10:55:31,46,47,2221,3863
2023-03-06 10:55:32,45,46,2221,3872
2023-03-06 10:55:58,43,47,2221,3872
2023-03-06 10:55:58,43,48,2221,3872
2023-03-06 10:55:58,45,48,2221,3872
2023-03-06 10:56:32,45,46,2221,3872
2023-03-06 10:56:48,44,46,2221,3872
2023-03-06 10:56:48,45,46,2221,3872
2023-03-06 10:57:11,44,46,2221,3872
2023-03-06 10:57:11,45,46,2221,3872
2023-03-06 10:57:29,44,46,2221,3872
2023-03-06 10:57:29,46,50,2213,3880
2023-03-06 10:57:29,46,48,2213,3880
2023-03-06 10:57:31,44,46,2193,3951
2023-03-06 10:57:31,45,46,2193,3951
2023-03-06 10:57:48,45,47,2193,3951
2023-03-06 10:57:48,46,47,2193,3951
2023-03-06 10:57:51,45,46,2193,3990
2023-03-06 10:58:12,46,47,2193,3990
2023-03-06 10:58:50,46,48,2193,3990
2023-03-06 11:01:21,46,47,2193,3990
2023-03-06 11:01:39,46,48,2193,3990
2023-03-06 11:01:40,46,47,2193,3990
2023-03-06 11:03:04,46,48,2193,3990
2023-03-06 11:03:05,46,47,2193,3990
2023-03-06 11:04:47,46,48,2193,3990
2023-03-06 11:04:47,46,47,2193,3990
2023-03-06 11:05:49,46,48,2193,3990
2023-03-06 11:05:49,46,47,2193,3990
2023-03-06 11:06:32,46,47,2201,3998
2023-03-06 11:07:09,43,47,2201,3998
2023-03-06 11:07:09,45,47,2201,3998
2023-03-06 11:07:26,45,49,2201,3998
2023-03-06 11:07:27,45,47,2201,3998
2023-03-06 11:07:34,46,47,2201,3998
2023-03-06 11:09:10,46,48,2201,3998
2023-03-06 11:11:27,45,48,2209,4087
2023-03-06 11:11:32,46,48,2209,4087
2023-03-06 11:12:11,46,47,2209,4087
2023-03-06 11:12:43,45,47,2209,4087
2023-03-06 11:13:36,47,51,2193,4103
2023-03-06 11:13:36,47,49,2193,4103
2023-03-06 11:13:53,45,49,2193,4103
2023-03-06 11:13:53,45,51,2193,4103
2023-03-06 11:13:54,47,51,2193,4103
2023-03-06 11:13:54,47,50,2193,4103
2023-03-06 11:14:32,47,49,2193,4103
2023-03-06 11:14:54,49,50,2185,4111
2023-03-06 11:14:56,47,49,2185,4128
2023-03-06 11:15:09,47,50,2185,4128
2023-03-06 11:15:32,48,50,2185,4128
2023-03-06 11:19:32,48,49,2185,4128
2023-03-06 11:20:00,47,49,2185,4128
2023-03-06 11:20:01,48,49,2185,4128
2023-03-06 11:20:41,48,50,2185,4128
2023-03-06 11:21:01,49,50,2185,4128
2023-03-06 11:21:30,48,50,2185,4128
2023-03-06 11:21:30,49,50,2185,4128
2023-03-06 11:22:07,48,50,2185,4128
2023-03-06 11:22:07,49,50,2185,4128
2023-03-06 11:22:45,48,50,2185,4128
2023-03-06 11:22:46,49,50,2185,4128
2023-03-06 11:23:35,48,50,2185,4128
2023-03-06 11:23:35,49,50,2185,4128
2023-03-06 11:23:52,48,50,2185,4128
2023-03-06 11:23:52,49,50,2185,4128
2023-03-06 11:25:47,49,51,2185,4128
2023-03-06 11:26:32,49,50,2185,4128
2023-03-06 11:26:59,48,50,2185,4128
2023-03-06 11:28:31,48,49,2185,4128
2023-03-06 11:29:30,47,49,2185,4128
2023-03-06 11:30:05,48,49,2185,4128
2023-03-06 11:30:52,48,50,2185,4217
2023-03-06 11:31:32,48,49,2185,4217
2023-03-06 11:32:10,47,49,2185,4217
2023-03-06 11:32:10,48,49,2185,4217
2023-03-06 11:32:36,47,49,2185,4217
2023-03-06 11:32:37,48,49,2185,4217
2023-03-06 11:33:30,47,49,2185,4217
2023-03-06 11:33:30,48,49,2185,4217
2023-03-06 11:33:38,48,51,2185,4235
2023-03-06 11:34:22,48,53,2185,4235
2023-03-06 11:34:22,48,54,2185,4235
2023-03-06 11:34:23,48,51,2185,4235
2023-03-06 11:34:32,50,51,2185,4235
2023-03-06 11:35:07,50,52,2185,4235
2023-03-06 11:35:08,50,51,2185,4235
2023-03-06 11:35:28,50,52,2185,4235
2023-03-06 11:35:28,50,51,2185,4235
2023-03-06 11:35:32,50,51,2194,4244
2023-03-06 11:35:46,47,51,2194,4244
2023-03-06 11:35:46,47,53,2194,4244
2023-03-06 11:35:47,49,53,2194,4244
2023-03-06 11:35:47,49,51,2194,4244
2023-03-06 11:36:10,47,51,2194,4244
2023-03-06 11:36:10,47,53,2194,4244
2023-03-06 11:36:10,49,53,2194,4244
2023-03-06 11:36:10,49,51,2194,4244
2023-03-06 11:36:32,50,51,2194,4244
2023-03-06 11:36:34,50,52,2194,4244
2023-03-06 11:36:34,50,51,2194,4244
2023-03-06 11:36:42,50,52,2194,4244
2023-03-06 11:36:42,50,51,2194,4244
2023-03-06 11:37:00,50,52,2194,4244
2023-03-06 11:37:00,50,51,2194,4244
2023-03-06 11:37:27,50,52,2194,4244
2023-03-06 11:46:11,51,52,2194,4244
2023-03-06 11:46:35,50,52,2194,4244
2023-03-06 11:47:32,50,51,2194,4244
2023-03-06 11:48:35,49,51,2194,4380
2023-03-06 11:48:36,50,51,2194,4380
2023-03-06 11:48:42,49,50,2194,4477
2023-03-06 11:48:49,49,57,3354,6267
2023-03-06 11:48:49,49,54,3354,6267
2023-03-06 11:48:49,50,54,3354,6267
2023-03-06 11:48:49,53,54,3354,6267
2023-03-06 11:48:51,50,53,3435,6348
2023-03-06 11:48:52,50,51,3435,6348
2023-03-06 11:48:55,50,51,3535,6448
2023-03-06 11:48:59,50,51,3635,6548
2023-03-06 11:49:03,50,51,3735,6648
2023-03-06 11:49:06,50,51,3835,6748
2023-03-06 11:49:10,50,51,3935,6848
2023-03-06 11:49:14,49,50,3975,6888
2023-03-06 11:49:21,48,51,3984,6897
2023-03-06 11:49:30,46,51,3984,6897
2023-03-06 11:49:30,46,53,3984,6897
2023-03-06 11:49:30,46,54,3984,6897
2023-03-06 11:49:30,49,54,3984,6897
2023-03-06 11:49:30,51,54,3984,6897
2023-03-06 11:49:32,51,54,3975,6906
2023-03-06 11:49:45,49,54,3975,6906
2023-03-06 11:49:45,51,54,3975,6906
2023-03-06 11:50:01,49,54,3975,6906
2023-03-06 11:50:01,52,54,3975,6906
2023-03-06 11:50:32,52,54,3966,6915
2023-03-06 11:50:35,50,54,3966,6915
2023-03-06 11:50:35,49,54,3966,6915
2023-03-06 11:50:35,51,54,3966,6915
2023-03-06 11:50:50,49,54,3966,6915
2023-03-06 11:50:50,51,54,3966,6915
2023-03-06 11:50:50,51,53,3966,6915
2023-03-06 11:50:52,51,53,3966,6937
2023-03-06 11:51:17,49,53,3966,6937
2023-03-06 11:51:17,49,54,3966,6937
2023-03-06 11:51:17,50,54,3966,6937
2023-03-06 11:51:17,50,53,3966,6937
2023-03-06 11:51:32,50,51,3966,6937
2023-03-06 11:51:51,49,51,3966,6937
2023-03-06 11:51:51,50,51,3966,6937
2023-03-06 11:52:13,49,51,3966,6937
2023-03-06 11:52:14,50,51,3966,6937
2023-03-06 11:52:30,49,51,3966,6937
2023-03-06 11:52:30,51,54,3957,6946
2023-03-06 11:52:31,51,53,3957,6946
2023-03-06 11:52:33,51,52,3957,6946
2023-03-06 11:52:46,50,52,3957,6946
2023-03-06 11:52:47,51,52,3957,6946
2023-03-06 11:53:14,50,52,3957,6946
2023-03-06 11:53:14,51,52,3957,6946
2023-03-06 11:53:41,50,52,3957,6946
2023-03-06 11:53:41,52,55,3948,6955
2023-03-06 11:54:07,50,55,3948,6955
2023-03-06 11:54:07,52,55,3948,6955
2023-03-06 11:54:32,52,55,3957,6964
2023-03-06 11:54:32,40,55,3957,6964
2023-03-06 11:54:33,48,55,3957,6964
2023-03-06 11:54:33,53,55,3957,6964
2023-03-06 11:55:28,51,55,3957,6964
2023-03-06 11:55:28,40,55,3957,6964
2023-03-06 11:55:28,40,57,3957,6964
2023-03-06 11:55:29,52,57,3957,6964
2023-03-06 11:55:29,52,55,3957,6964
2023-03-06 11:55:32,54,55,3957,6964
2023-03-06 11:55:58,54,56,3957,6964
2023-03-06 11:55:58,54,55,3957,6964
2023-03-06 11:56:05,54,56,3957,6964
2023-03-06 11:56:06,54,55,3957,6964
2023-03-06 11:56:57,54,56,3957,6964
2023-03-06 11:56:57,54,55,3957,6964
2023-03-06 11:57:32,54,55,3966,6973
2023-03-06 11:57:35,54,56,3966,6973
2023-03-06 11:57:35,54,55,3966,6973
2023-03-06 11:57:56,52,55,3966,6973
2023-03-06 11:58:15,52,57,3966,6973
2023-03-06 11:58:15,52,55,3966,6973
2023-03-06 11:58:21,50,55,3966,6973
2023-03-06 11:58:21,40,55,3966,6973
2023-03-06 11:58:21,40,57,3966,6973
2023-03-06 11:58:21,49,57,3966,6973
2023-03-06 11:58:21,51,57,3966,6973
2023-03-06 11:58:21,53,57,3966,6973
2023-03-06 11:58:21,53,55,3966,6973
2023-03-06 11:58:35,53,54,3966,6973
2023-03-06 11:58:49,53,55,3966,6973
2023-03-06 11:58:49,53,54,3966,6973
2023-03-06 11:59:06,53,55,3966,6973
2023-03-06 11:59:06,53,54,3966,6973
2023-03-06 11:59:32,53,54,3975,6982
2023-03-06 11:59:32,53,55,3975,6982
2023-03-06 12:01:29,53,54,3975,6982
2023-03-06 12:01:47,52,54,3975,6982
2023-03-06 12:02:32,53,54,3975,6982
2023-03-06 12:02:41,53,55,3975,6982
2023-03-06 12:05:53,53,54,3975,6982
2023-03-06 12:08:31,52,54,3975,6982
2023-03-06 12:09:32,53,54,3975,6982
2023-03-06 12:09:58,53,55,3975,6982
2023-03-06 12:10:30,54,55,3975,6982
2023-03-06 12:15:43,54,56,3975,6982
2023-03-06 12:17:33,55,56,3975,6982
2023-03-06 12:20:25,55,57,3975,6982
2023-03-06 12:21:32,55,56,3975,6982
2023-03-06 12:21:53,54,56,3975,6982
2023-03-06 12:25:20,52,56,3984,7087
2023-03-06 12:25:27,50,56,3984,7087
2023-03-06 12:25:27,53,56,3984,7087
2023-03-06 12:25:32,53,54,3984,7087
2023-03-06 12:25:35,52,54,3984,7087
2023-03-06 12:25:35,53,54,3984,7087
2023-03-06 12:25:50,52,54,3984,7087
2023-03-06 12:25:50,52,53,3984,7087
2023-03-06 12:26:02,52,54,3984,7087
2023-03-06 12:26:03,50,52,3993,7096
2023-03-06 12:26:22,51,52,3993,7096
2023-03-06 12:26:26,51,54,3993,7096
2023-03-06 12:26:27,51,52,3993,7096
2023-03-06 12:26:42,51,53,3993,7096
2023-03-06 12:26:42,51,52,3993,7096
2023-03-06 12:27:02,51,53,3993,7096
2023-03-06 12:27:36,52,53,3993,7096
2023-03-06 12:28:06,51,53,3993,7096
2023-03-06 12:28:06,52,53,3993,7096
2023-03-06 12:28:50,52,58,4997,8109
2023-03-06 12:28:50,52,57,4997,8109
2023-03-06 12:28:50,53,57,4997,8109
2023-03-06 12:28:56,52,57,4997,8109
2023-03-06 12:28:56,52,56,4997,8109
2023-03-06 12:28:56,52,54,4997,8109
2023-03-06 12:28:57,54,56,4997,8206
2023-03-06 12:29:07,52,56,4997,8206
2023-03-06 12:29:07,52,54,4997,8206
2023-03-06 12:29:08,52,54,4997,8334
2023-03-06 12:29:08,54,56,4997,8352
2023-03-06 12:29:16,52,56,4997,8352
2023-03-06 12:29:16,52,59,4997,8352
2023-03-06 12:29:16,52,55,4997,8352
2023-03-06 12:29:27,52,59,4997,8352
2023-03-06 12:29:28,52,58,4997,8352
2023-03-06 12:29:28,53,58,4997,8352
2023-03-06 12:29:28,53,56,4997,8352
2023-03-06 12:29:32,53,55,4997,8352
2023-03-06 12:29:54,54,55,4997,8352
2023-03-06 12:30:04,53,55,4997,8352
2023-03-06 12:30:04,54,55,4997,8352
2023-03-06 12:30:32,54,55,4988,8361
2023-03-06 12:30:35,53,55,4988,8361
2023-03-06 12:30:46,53,56,4988,8361
2023-03-06 12:30:51,52,56,4988,8361
2023-03-06 12:30:51,53,56,4988,8361
2023-03-06 12:30:51,53,55,4988,8361
2023-03-06 12:31:08,52,55,4988,8361
2023-03-06 12:31:08,52,56,4988,8361
2023-03-06 12:31:09,52,54,4988,8361
2023-03-06 12:31:29,52,55,4988,8361
2023-03-06 12:31:29,52,53,4988,8361
2023-03-06 12:31:32,52,53,4979,8370
2023-03-06 12:31:42,51,53,4979,8370
2023-03-06 12:31:56,50,53,4979,8370
2023-03-06 12:31:56,50,54,4979,8370
2023-03-06 12:31:56,50,53,4979,8370
2023-03-06 12:32:02,51,53,4979,8370
2023-03-06 12:32:33,51,55,4979,8370
2023-03-06 12:32:33,51,56,4979,8370
2023-03-06 12:32:33,54,56,4979,8370
2023-03-06 12:32:33,51,53,4988,8379
2023-03-06 12:32:43,52,53,4988,8379
2023-03-06 12:32:57,52,55,4988,8379
2023-03-06 12:32:57,52,53,4988,8379
2023-03-06 12:33:24,51,53,4988,8379
2023-03-06 12:33:33,52,53,4988,8379
2023-03-06 12:33:40,52,54,4988,8379
2023-03-06 12:33:40,52,53,4988,8379
2023-03-06 12:33:52,52,54,4988,8379
2023-03-06 12:33:52,52,53,4988,8379
2023-03-06 12:34:44,51,53,4988,8379
2023-03-06 12:34:45,51,52,4988,8379
2023-03-06 12:35:00,51,53,4988,8379
2023-03-06 12:35:00,51,52,4988,8379
2023-03-06 12:35:20,51,53,4988,8379
2023-03-06 12:35:20,51,52,4988,8379
2023-03-06 12:35:26,51,53,4988,8379
2023-03-06 12:35:26,51,52,4988,8379
2023-03-06 12:35:41,50,51,4996,8387
2023-03-06 12:36:07,50,52,4996,8387
2023-03-06 12:36:07,50,51,4996,8387
2023-03-06 12:36:30,50,52,4996,8387
2023-03-06 12:36:30,50,52,4996,8433
2023-03-06 12:36:33,50,51,4996,8433
2023-03-06 12:37:48,50,52,4996,8433
2023-03-06 12:37:48,50,51,4996,8433
2023-03-06 12:38:08,50,52,4996,8433
2023-03-06 12:38:08,50,51,4996,8433
2023-03-06 12:38:08,50,52,4996,8480
2023-03-06 12:38:31,50,51,4996,8480
2023-03-06 12:38:32,50,51,5004,8488
2023-03-06 12:38:48,50,53,5004,8488
2023-03-06 12:38:48,50,51,5004,8488
2023-03-06 12:38:52,49,51,5004,8488
2023-03-06 12:38:58,47,51,5004,8488
2023-03-06 12:38:58,40,51,5004,8488
2023-03-06 12:38:58,40,53,5004,8488
2023-03-06 12:38:58,45,53,5004,8488
2023-03-06 12:38:58,49,53,5004,8488
2023-03-06 12:38:58,49,51,5004,8488
2023-03-06 12:39:24,48,51,5004,8488
2023-03-06 12:39:24,48,52,5004,8488
2023-03-06 12:39:24,48,50,5004,8488
2023-03-06 12:39:32,48,50,4996,8496
2023-03-06 12:39:41,47,50,4996,8496
2023-03-06 12:39:41,47,51,4996,8496
2023-03-06 12:39:41,47,48,4996,8496
2023-03-06 12:39:47,47,50,4996,8496
2023-03-06 12:39:52,47,51,4996,8496
2023-03-06 12:39:52,47,49,4996,8496
2023-03-06 12:40:11,47,51,4996,8496
2023-03-06 12:40:11,47,49,4996,8496
2023-03-06 12:40:32,47,49,5004,8504
2023-03-06 12:40:33,47,51,5004,8504
2023-03-06 12:40:33,47,49,5004,8504
2023-03-06 12:40:54,47,51,5004,8504
2023-03-06 12:40:54,47,50,5004,8504
2023-03-06 12:41:12,47,51,5004,8504
2023-03-06 12:41:12,47,49,5004,8504
2023-03-06 12:41:32,47,49,4996,8512
2023-03-06 12:41:48,47,51,4996,8512
2023-03-06 12:41:49,47,49,4996,8512
2023-03-06 12:41:53,46,49,4996,8512
2023-03-06 12:42:08,45,49,4996,8512
2023-03-06 12:42:08,46,49,4996,8512
2023-03-06 12:42:08,46,48,4996,8512
2023-03-06 12:42:19,45,48,4996,8512
2023-03-06 12:42:19,45,49,4996,8512
2023-03-06 12:42:19,45,47,4996,8512
2023-03-06 12:43:05,45,46,4996,8512
2023-03-06 12:43:34,45,47,4996,8512
2023-03-06 12:43:54,45,46,4996,8512
2023-03-06 12:44:14,45,47,4996,8512
2023-03-06 12:44:14,45,46,4996,8512
2023-03-06 12:44:24,44,45,4996,8520
2023-03-06 12:44:29,43,45,4996,8520
2023-03-06 12:44:32,43,44,4996,8520
2023-03-06 12:45:02,42,43,4762,8756
2023-03-06 12:45:32,42,43,4754,8764
2023-03-06 12:45:36,40,41,4574,8952
2023-03-06 12:45:38,40,41,4527,8999
2023-03-06 12:45:55,40,41,4466,9060
2023-03-06 12:45:57,38,41,4466,9060
2023-03-06 12:45:57,39,41,4466,9060
2023-03-06 12:46:05,39,41,4466,9208
2023-03-06 12:46:07,39,40,4466,9208
2023-03-06 12:46:09,38,40,4466,9208
2023-03-06 12:46:17,38,39,4466,9208
2023-03-06 12:46:32,38,39,4458,9216
2023-03-06 12:46:34,35,36,4466,9224
2023-03-06 12:46:49,35,38,4466,9224
2023-03-06 12:46:49,35,36,4466,9224
2023-03-06 12:46:49,35,36,4466,9304
2023-03-06 12:46:51,32,36,4466,9304
2023-03-06 12:47:11,32,34,4466,9304
2023-03-06 12:47:12,32,34,4466,9404
2023-03-06 12:47:12,34,36,4466,9424
2023-03-06 12:47:14,32,36,4466,9424
2023-03-06 12:47:28,32,35,4466,9424
2023-03-06 12:47:31,32,34,4466,9424
2023-03-06 12:47:32,32,35,4466,9424
2023-03-06 12:47:33,32,35,4458,9432
2023-03-06 12:47:36,30,35,4458,9432
2023-03-06 12:47:36,31,35,4458,9432
2023-03-06 12:47:36,31,33,4458,9432
2023-03-06 12:47:50,30,33,4458,9432
2023-03-06 12:47:50,30,34,4458,9432
2023-03-06 12:47:50,31,34,4458,9432
2023-03-06 12:47:50,31,33,4458,9432
2023-03-06 12:48:06,30,33,4458,9432
2023-03-06 12:48:06,30,34,4458,9432
2023-03-06 12:48:06,30,33,4458,9432
2023-03-06 12:48:32,30,33,4450,9440
2023-03-06 12:48:32,31,33,4450,9440
2023-03-06 12:48:38,31,34,4450,9440
2023-03-06 12:48:38,31,33,4450,9440
2023-03-06 12:48:53,31,35,4450,9440
2023-03-06 12:48:53,31,33,4450,9440
2023-03-06 12:49:28,31,32,4450,9440
2023-03-06 12:49:32,31,32,4442,9448
2023-03-06 12:49:37,30,32,4442,9448
2023-03-06 12:49:44,29,32,4442,9448
2023-03-06 12:49:44,30,32,4442,9448
2023-03-06 12:50:04,28,32,4442,9448
2023-03-06 12:50:09,28,31,4442,9448
2023-03-06 12:50:12,28,30,4442,9448
2023-03-06 12:50:33,28,30,4434,9456
2023-03-06 12:50:34,27,30,4434,9456
2023-03-06 12:50:35,28,30,4434,9456
2023-03-06 12:50:49,27,30,4434,9456
2023-03-06 12:50:50,28,30,4434,9456
2023-03-06 12:50:56,27,30,4434,9456
2023-03-06 12:51:15,28,30,4434,9456
2023-03-06 12:51:32,28,30,4426,9464
2023-03-06 12:51:38,28,31,4426,9464
2023-03-06 12:51:55,28,30,4426,9464
2023-03-06 12:52:32,28,30,4422,9472
2023-03-06 12:52:37,26,30,4422,9472
2023-03-06 12:52:37,26,32,4422,9472
2023-03-06 12:52:37,28,32,4422,9472
2023-03-06 12:52:37,28,30,4422,9472
2023-03-06 12:52:39,28,30,4422,9572
2023-03-06 12:52:43,30,32,4422,9661
2023-03-06 12:52:48,28,32,4422,9661
2023-03-06 12:52:51,26,32,4422,9661
2023-03-06 12:52:51,28,32,4422,9661
2023-03-06 12:52:51,28,30,4422,9661
2023-03-06 12:52:51,30,32,4422,9709
2023-03-06 12:52:55,30,32,4422,9950
2023-03-06 12:52:58,28,34,4655,10183
2023-03-06 12:52:58,28,33,4655,10183
2023-03-06 12:53:01,28,34,4655,10183
2023-03-06 12:53:05,31,34,4655,10183
2023-03-06 12:53:07,31,35,4655,10183
2023-03-06 12:53:07,31,35,4692,10228
2023-03-06 12:53:07,31,33,4692,10228
2023-03-06 12:53:15,28,33,4692,10228
2023-03-06 12:53:15,27,33,4692,10228
2023-03-06 12:53:15,27,34,4692,10228
2023-03-06 12:53:15,28,34,4692,10228
2023-03-06 12:53:15,28,32,4692,10228
2023-03-06 12:53:32,31,32,4692,10228
2023-03-06 12:53:37,31,33,4692,10228
2023-03-06 12:54:09,31,33,4608,10320
2023-03-06 12:54:12,31,35,4608,10320
2023-03-06 12:54:17,32,35,4608,10320
2023-03-06 12:54:18,32,34,4608,10320
2023-03-06 12:54:24,32,35,4608,10320
2023-03-06 12:54:27,32,34,4608,10320
2023-03-06 12:54:38,33,34,4608,10320
2023-03-06 12:54:45,32,34,4608,10320
2023-03-06 12:54:45,33,34,4608,10320
2023-03-06 12:55:04,32,34,4608,10320
2023-03-06 12:55:23,32,33,4608,10320
2023-03-06 12:56:03,31,33,4608,10320
2023-03-06 12:56:11,31,32,4608,10320
2023-03-06 12:56:25,28,31,4311,10617
2023-03-06 12:56:32,29,31,4311,10617
2023-03-06 12:56:37,31,32,4152,10784
2023-03-06 12:56:47,31,33,4152,10784
2023-03-06 12:56:48,29,33,4152,10784
2023-03-06 12:56:48,29,34,4152,10784
2023-03-06 12:56:49,29,32,4152,10784
2023-03-06 12:56:54,30,32,4152,10784
2023-03-06 12:56:56,29,32,4152,10784
2023-03-06 12:56:58,30,32,4152,10784
2023-03-06 12:57:04,30,34,4152,10784
2023-03-06 12:57:05,31,34,4152,10784
2023-03-06 12:57:05,31,33,4152,10784
2023-03-06 12:57:31,29,33,4152,10784
2023-03-06 12:57:31,30,33,4152,10784
2023-03-06 12:57:31,30,32,4152,10784
2023-03-06 12:57:32,31,32,4152,10784
2023-03-06 12:57:44,31,33,4152,10784
2023-03-06 12:57:44,31,32,4152,10784
2023-03-06 12:58:01,31,33,4152,10784
2023-03-06 12:58:03,32,33,4152,10784
2023-03-06 12:58:32,32,33,4152,10792
2023-03-06 12:58:35,33,35,4344,10984
2023-03-06 12:58:48,33,35,4392,11032
2023-03-06 12:59:10,33,34,4392,11032
2023-03-06 12:59:19,33,34,4416,11087
2023-03-06 12:59:32,33,35,4416,11087
2023-03-06 13:00:10,33,35,4504,11212
2023-03-06 13:00:10,33,34,4504,11212
2023-03-06 13:00:32,33,34,4512,11220
2023-03-06 13:00:33,33,35,4512,11220
2023-03-06 13:00:37,33,34,4512,11220
2023-03-06 13:00:51,33,34,4667,11375
2023-03-06 13:00:52,33,35,4667,11375
2023-03-06 13:00:52,33,34,4667,11375
2023-03-06 13:01:10,33,34,5039,11747
2023-03-06 13:01:11,33,34,5160,11868
2023-03-06 13:01:22,33,34,5204,11912
2023-03-06 13:01:32,33,34,5212,11920
2023-03-06 13:01:41,33,34,5435,12143
2023-03-06 13:02:01,32,33,5540,12248
2023-03-06 13:02:14,32,34,5540,12248
2023-03-06 13:02:14,32,33,5540,12248
2023-03-06 13:02:19,33,34,5540,12381
2023-03-06 13:02:32,33,34,5540,12389
2023-03-06 13:02:33,33,35,5540,12389
2023-03-06 13:02:33,34,35,5540,12389
2023-03-06 13:02:55,34,37,5540,12389
2023-03-06 13:02:55,34,36,5540,12389
2023-03-06 13:03:11,32,36,5540,12389
2023-03-06 13:03:11,34,36,5540,12389
2023-03-06 13:03:19,34,35,5540,12389
2023-03-06 13:03:27,34,36,5540,12389
2023-03-06 13:03:30,33,36,5540,12389
2023-03-06 13:03:32,33,35,5540,12389
2023-03-06 13:04:10,34,35,5540,12389
2023-03-06 13:04:11,33,34,5540,12479
2023-03-06 13:04:12,33,35,5540,12479
2023-03-06 13:04:55,34,35,5540,12479
2023-03-06 13:05:12,33,35,5540,12479
2023-03-06 13:05:16,35,36,5540,12574
2023-03-06 13:05:18,33,36,5540,12574
2023-03-06 13:05:18,34,37,5540,12574
2023-03-06 13:05:20,35,37,5540,12574
2023-03-06 13:05:24,34,37,5540,12574
2023-03-06 13:05:25,35,37,5540,12574
2023-03-06 13:05:32,36,37,5540,12574
2023-03-06 13:05:35,36,38,5540,12574
2023-03-06 13:05:35,35,36,5540,12582
2023-03-06 13:05:43,34,36,5540,12582
2023-03-06 13:05:46,34,38,5540,12582
2023-03-06 13:05:46,35,38,5540,12582
2023-03-06 13:05:46,35,37,5540,12582
2023-03-06 13:05:49,36,37,5540,12582
2023-03-06 13:05:54,35,37,5540,12582
2023-03-06 13:06:09,34,37,5540,12582
2023-03-06 13:06:17,34,36,5540,12582
2023-03-06 13:06:27,33,36,5540,12582
2023-03-06 13:06:27,34,36,5540,12582
2023-03-06 13:06:29,34,35,5540,12582
2023-03-06 13:06:30,34,36,5540,12582
2023-03-06 13:06:33,34,35,5540,12582
2023-03-06 13:06:41,33,35,5540,12582
2023-03-06 13:06:48,34,35,5540,12582
2023-03-06 13:07:02,35,37,5540,12590
2023-03-06 13:07:31,34,37,5540,12590
2023-03-06 13:07:32,35,37,5540,12590
2023-03-06 13:07:45,35,36,5540,12590
2023-03-06 13:08:35,34,35,5540,12598
2023-03-06 13:08:39,34,35,5540,12605
2023-03-06 13:08:53,32,33,5540,12749
2023-03-06 13:09:27,32,33,5543,12809
2023-03-06 13:09:29,29,33,5543,12809
2023-03-06 13:09:29,31,33,5543,12809
2023-03-06 13:09:30,31,32,5543,12809
2023-03-06 13:09:31,28,32,5543,12896
2023-03-06 13:09:32,28,32,5543,12904
2023-03-06 13:09:32,28,31,5543,12904
2023-03-06 13:09:35,28,30,5543,12904
2023-03-06 13:09:40,28,30,5543,12947
2023-03-06 13:09:41,28,31,5543,12947
2023-03-06 13:09:49,28,32,5543,12947
2023-03-06 13:09:54,28,31,5543,12947
2023-03-06 13:09:54,28,29,5543,12947
2023-03-06 13:09:58,30,31,5543,12982
2023-03-06 13:10:03,23,31,4323,14772
2023-03-06 13:10:04,23,26,4323,14772
2023-03-06 13:10:04,26,29,4293,14802
2023-03-06 13:10:05,23,29,4293,14802
2023-03-06 13:10:07,25,29,4293,14802
2023-03-06 13:10:07,28,29,4293,14802
2023-03-06 13:10:11,28,29,4145,14950
2023-03-06 13:10:17,26,29,4145,14950
2023-03-06 13:10:18,26,28,4145,14950
2023-03-06 13:10:18,26,29,3919,15283
2023-03-06 13:10:20,26,28,3919,15283
2023-03-06 13:10:21,26,27,3919,15283
2023-03-06 13:10:28,23,27,3194,16296
2023-03-06 13:10:31,24,27,3194,16296
2023-03-06 13:10:32,26,27,3194,16296
2023-03-06 13:10:32,26,28,3194,16296
2023-03-06 13:10:34,28,29,3194,16304
2023-03-06 13:10:48,26,29,3194,16304
2023-03-06 13:10:49,26,28,3194,16304
2023-03-06 13:10:59,26,28,3194,16404
2023-03-06 13:11:03,26,28,3194,16504
2023-03-06 13:11:25,26,27,3194,16504
2023-03-06 13:11:40,27,28,3279,16592
2023-03-06 13:11:45,26,28,3279,16592
2023-03-06 13:12:10,26,27,3279,16592
2023-03-06 13:12:26,26,28,3279,16592
2023-03-06 13:12:52,28,29,3375,16688
2023-03-06 13:12:53,28,30,3375,16688
2023-03-06 13:12:59,27,30,3375,16688
2023-03-06 13:13:06,27,31,3375,16688
2023-03-06 13:13:06,27,29,3375,16688
2023-03-06 13:13:07,27,29,3486,16799
2023-03-06 13:13:09,27,29,3586,16899
2023-03-06 13:13:12,29,31,3639,16952
2023-03-06 13:13:13,29,31,3639,17063
2023-03-06 13:13:19,27,31,3639,17063
2023-03-06 13:13:26,27,29,3639,17063
2023-03-06 13:13:27,26,29,3639,17063
2023-03-06 13:13:28,28,29,3639,17063
2023-03-06 13:13:37,26,28,3504,17198
2023-03-06 13:13:42,26,28,3421,17281
2023-03-06 13:13:43,26,30,3421,17281
2023-03-06 13:13:51,27,30,3421,17281
2023-03-06 13:13:52,30,31,3604,17589
2023-03-06 13:13:58,27,31,3604,17589
2023-03-06 13:14:02,26,31,3604,17589
2023-03-06 13:14:08,28,31,3604,17589
2023-03-06 13:14:10,28,30,3604,17589
2023-03-06 13:14:22,28,31,3604,17589
2023-03-06 13:14:26,25,31,3604,17589
2023-03-06 13:14:26,26,31,3604,17589
2023-03-06 13:14:26,27,31,3604,17589
2023-03-06 13:14:26,27,30,3604,17589
2023-03-06 13:14:31,29,30,3604,17589
2023-03-06 13:14:46,29,31,3604,17589
2023-03-06 13:14:46,29,30,3604,17589
2023-03-06 13:14:54,29,31,3604,17589
2023-03-06 13:14:55,30,31,3604,17589
2023-03-06 13:15:05,29,31,3604,17589
2023-03-06 13:15:25,29,30,3604,17589
2023-03-06 13:15:32,29,30,3604,17597
2023-03-06 13:15:34,29,31,3604,17597
2023-03-06 13:15:42,28,31,3604,17597
2023-03-06 13:15:42,27,31,3604,17597
2023-03-06 13:15:42,28,31,3604,17597
2023-03-06 13:16:00,27,31,3604,17597
2023-03-06 13:16:00,27,32,3604,17597
2023-03-06 13:16:00,28,32,3604,17597
2023-03-06 13:16:00,28,30,3604,17597
2023-03-06 13:16:33,28,30,3604,17605
2023-03-06 13:16:45,28,29,3604,17605
2023-03-06 13:16:45,26,29,3604,17605
2023-03-06 13:16:45,27,29,3604,17605
2023-03-06 13:17:00,26,29,3604,17605
2023-03-06 13:17:22,26,30,3604,17605
2023-03-06 13:17:22,27,30,3604,17605
2023-03-06 13:17:22,27,29,3604,17605
2023-03-06 13:17:32,27,29,3604,17613
2023-03-06 13:17:32,28,29,3604,17613
2023-03-06 13:17:37,28,31,3724,17733
2023-03-06 13:17:42,28,30,3724,17733
2023-03-06 13:17:48,28,31,3799,17858
2023-03-06 13:17:49,29,31,3799,17858
2023-03-06 13:17:53,29,32,3807,17866
2023-03-06 13:17:56,29,34,4223,18282
2023-03-06 13:18:00,29,33,4223,18282
2023-03-06 13:18:02,30,33,4223,18282
2023-03-06 13:18:02,30,32,4223,18282
2023-03-06 13:18:11,29,32,4223,18282
2023-03-06 13:18:11,29,34,4223,18282
2023-03-06 13:18:11,31,34,4223,18282
2023-03-06 13:18:27,31,33,4223,18282
2023-03-06 13:18:31,29,33,4223,18282
2023-03-06 13:18:31,30,33,4223,18282
2023-03-06 13:18:31,32,33,4223,18282
2023-03-06 13:18:31,34,35,4148,18410
2023-03-06 13:18:31,32,34,4148,18439
2023-03-06 13:18:32,33,35,4148,18439
2023-03-06 13:18:43,34,35,4148,18439
2023-03-06 13:18:53,33,35,4148,18439
2023-03-06 13:18:53,33,35,4148,18481
2023-03-06 13:19:05,34,35,4148,18481
2023-03-06 13:19:13,34,35,4048,18581
2023-03-06 13:19:20,33,35,4048,18581
2023-03-06 13:19:21,34,35,4048,18581
2023-03-06 13:19:28,33,35,4048,18581
2023-03-06 13:20:10,32,36,4048,18581
2023-03-06 13:20:32,35,36,4048,18581
2023-03-06 13:20:38,32,35,4040,18589
2023-03-06 13:20:41,31,35,4040,18589
2023-03-06 13:20:43,29,35,4040,18589
2023-03-06 13:20:43,29,34,4040,18589
2023-03-06 13:20:48,29,33,4040,18589
2023-03-06 13:21:09,30,33,4040,18589
2023-03-06 13:21:11,30,34,4040,18589
2023-03-06 13:21:14,30,36,4040,18589
2023-03-06 13:21:26,31,36,4040,18589
2023-03-06 13:21:32,34,36,4040,18589
2023-03-06 13:22:27,34,38,4048,18597
2023-03-06 13:22:32,37,38,4048,18597
2023-03-06 13:22:46,35,37,4040,18605
2023-03-06 13:22:52,35,38,4040,18605
2023-03-06 13:23:11,33,38,4040,18605
2023-03-06 13:23:13,34,38,4040,18605
2023-03-06 13:23:14,33,38,4040,18605
2023-03-06 13:23:17,34,38,4040,18605
2023-03-06 13:23:28,34,39,4040,18605
2023-03-06 13:23:28,35,39,4040,18605
2023-03-06 13:23:32,35,37,4040,18605
2023-03-06 13:23:42,35,40,4048,18613
2023-03-06 13:23:43,36,40,4048,18613
2023-03-06 13:23:43,36,39,4048,18613
2023-03-06 13:23:58,36,41,4048,18613
2023-03-06 13:23:58,37,41,4048,18613
2023-03-06 13:23:58,37,39,4048,18613
2023-03-06 13:24:02,37,41,4089,18654
2023-03-06 13:24:05,37,39,4089,18654
2023-03-06 13:24:15,36,39,4089,18654
2023-03-06 13:24:15,36,41,4089,18654
2023-03-06 13:24:15,37,41,4089,18654
2023-03-06 13:24:15,37,40,4089,18654
2023-03-06 13:24:20,35,40,4089,18654
2023-03-06 13:24:21,35,41,4089,18654
2023-03-06 13:24:21,36,41,4089,18654
2023-03-06 13:24:21,36,39,4089,18654
2023-03-06 13:24:32,37,39,4089,18654
2023-03-06 13:24:32,37,40,4089,18654
2023-03-06 13:24:32,37,39,4089,18654
2023-03-06 13:24:50,36,37,4081,18662
2023-03-06 13:24:56,34,37,4081,18662
2023-03-06 13:24:56,36,37,4081,18662
2023-03-06 13:25:07,34,36,4041,18702
2023-03-06 13:25:11,35,36,4041,18702
2023-03-06 13:25:18,35,37,4041,18702
2023-03-06 13:25:23,35,37,4041,18827
2023-03-06 13:25:24,35,36,4041,18827
2023-03-06 13:25:27,34,35,4041,18905
2023-03-06 13:25:28,34,35,4041,19028
2023-03-06 13:25:29,33,34,4152,19139
2023-03-06 13:25:32,33,35,4152,19139
2023-03-06 13:25:32,33,34,4152,19139
2023-03-06 13:25:35,32,34,4152,19139
2023-03-06 13:25:35,34,35,4152,19147
2023-03-06 13:25:39,34,35,4052,19247
2023-03-06 13:25:43,32,35,4052,19247
2023-03-06 13:25:43,32,34,4052,19247
2023-03-06 13:25:54,32,33,4052,19247
2023-03-06 13:26:01,29,31,4052,19471
2023-03-06 13:26:01,28,31,4052,19471
2023-03-06 13:26:06,28,34,4052,19471
2023-03-06 13:26:06,28,33,4052,19471
2023-03-06 13:26:06,29,33,4052,19471
2023-03-06 13:26:09,30,33,4052,19471
2023-03-06 13:26:26,30,32,4052,19471
2023-03-06 13:26:33,30,32,4052,19479
2023-03-06 13:26:37,29,32,4052,19479
2023-03-06 13:26:37,30,32,4052,19479
2023-03-06 13:26:47,30,33,4052,19479
2023-03-06 13:26:47,30,31,4052,19479
2023-03-06 13:26:57,30,33,4052,19479
2023-03-06 13:26:57,30,32,4052,19479
2023-03-06 13:27:27,29,32,4052,19479
2023-03-06 13:27:27,29,33,4052,19479
2023-03-06 13:27:28,29,31,4052,19479
2023-03-06 13:27:31,30,31,4052,19479
2023-03-06 13:27:44,30,32,4052,19519
2023-03-06 13:27:45,31,32,4052,19519
2023-03-06 13:27:59,30,32,4052,19519
2023-03-06 13:27:59,32,33,4052,19527
2023-03-06 13:28:02,30,33,4052,19527
2023-03-06 13:28:08,33,36,4052,19723
2023-03-06 13:28:08,33,34,4052,19723
2023-03-06 13:28:12,33,34,4052,19829
2023-03-06 13:28:13,34,36,4052,19919
2023-03-06 13:28:18,35,36,4052,19919
2023-03-06 13:28:19,35,38,4052,19919
2023-03-06 13:28:20,34,35,4052,20050
2023-03-06 13:28:21,34,37,4052,20154
2023-03-06 13:28:27,34,40,4052,20154
2023-03-06 13:28:28,34,39,4052,20154
2023-03-06 13:28:28,34,37,4052,20154
2023-03-06 13:28:28,34,35,4052,20154
2023-03-06 13:28:32,34,35,4052,20162
2023-03-06 13:28:35,34,37,4052,20162
2023-03-06 13:28:35,34,35,4052,20162
2023-03-06 13:28:41,34,37,4124,20234
2023-03-06 13:28:45,34,39,4124,20234
2023-03-06 13:28:46,36,39,4124,20234
2023-03-06 13:28:46,36,38,4124,20234
2023-03-06 13:28:56,34,38,4124,20234
2023-03-06 13:28:56,34,39,4124,20234
2023-03-06 13:28:56,36,39,4124,20234
2023-03-06 13:28:56,36,38,4124,20234
2023-03-06 13:29:05,36,37,4124,20234
2023-03-06 13:29:06,34,36,4124,20270
2023-03-06 13:29:07,34,37,4124,20270
2023-03-06 13:29:11,32,37,4124,20270
2023-03-06 13:29:11,31,37,4124,20270
2023-03-06 13:29:11,35,37,4124,20270
2023-03-06 13:29:23,33,37,4124,20270
2023-03-06 13:29:23,31,37,4124,20270
2023-03-06 13:29:23,31,36,4124,20270
2023-03-06 13:29:23,35,36,4124,20270
2023-03-06 13:29:27,35,37,4124,20270
2023-03-06 13:29:29,35,37,4024,20370
2023-03-06 13:29:32,33,37,4024,20370
2023-03-06 13:29:32,34,37,4024,20370
2023-03-06 13:29:32,35,37,4024,20370
2023-03-06 13:29:45,35,36,4024,20370
2023-03-06 13:29:45,35,36,3982,20470
2023-03-06 13:29:51,33,36,3982,20470
2023-03-06 13:29:51,33,37,3982,20470
2023-03-06 13:29:51,35,37,3982,20470
2023-03-06 13:29:52,35,36,3982,20470
2023-03-06 13:29:52,33,35,3982,20508
2023-03-06 13:29:57,33,37,3982,20508
2023-03-06 13:29:58,33,36,3982,20508
2023-03-06 13:29:59,32,36,3982,20508
2023-03-06 13:29:59,34,36,3982,20508
2023-03-06 13:30:13,34,37,3982,20508
2023-03-06 13:30:23,34,36,3982,20508
2023-03-06 13:30:28,34,35,3982,20508
2023-03-06 13:30:34,32,35,3982,20702
2023-03-06 13:30:34,32,35,3982,20710
2023-03-06 13:30:41,32,34,3982,20710
2023-03-06 13:30:53,30,34,3982,20710
2023-03-06 13:30:53,32,34,3982,20710
2023-03-06 13:31:17,32,35,3982,20710
2023-03-06 13:31:25,32,37,3982,20710
2023-03-06 13:31:25,32,36,3982,20710
2023-03-06 13:31:25,32,34,3982,20710
2023-03-06 13:31:32,32,33,3982,20710
2023-03-06 13:31:33,33,34,3982,20718
2023-03-06 13:31:44,32,34,3982,20718
2023-03-06 13:31:47,33,34,3982,20718
2023-03-06 13:31:49,32,34,3982,20718
2023-03-06 13:31:53,31,34,3982,20718
2023-03-06 13:31:53,31,35,3982,20718
2023-03-06 13:31:53,33,35,3982,20718
2023-03-06 13:32:05,31,35,3982,20718
2023-03-06 13:32:05,32,35,3982,20718
2023-03-06 13:32:17,32,34,3982,20718
2023-03-06 13:32:24,31,34,3982,20718
2023-03-06 13:32:33,31,34,3982,20726
2023-03-06 13:32:34,32,34,3982,20726
2023-03-06 13:32:43,32,35,3982,20726
2023-03-06 13:32:51,32,34,3982,20726
2023-03-06 13:32:57,30,34,3982,20726
2023-03-06 13:32:58,32,34,3982,20726
2023-03-06 13:32:58,32,33,3982,20726
2023-03-06 13:33:18,32,34,3982,20726
2023-03-06 13:33:32,32,34,3982,20734
2023-03-06 13:33:41,31,34,3982,20734
2023-03-06 13:33:43,30,34,3982,20734
2023-03-06 13:33:43,32,34,3982,20734
2023-03-06 13:33:58,33,34,3982,20734
2023-03-06 13:33:58,33,35,3982,20734
2023-03-06 13:33:58,33,34,3982,20734
2023-03-06 13:34:06,32,34,3982,20734
2023-03-06 13:34:20,32,33,3982,20734
2023-03-06 13:34:27,30,33,3982,20734
2023-03-06 13:34:27,31,33,3982,20734
2023-03-06 13:34:29,31,32,3982,20734
2023-03-06 13:34:32,31,33,3982,20734
2023-03-06 13:34:32,31,32,3982,20734
2023-03-06 13:34:42,30,32,3982,20734
2023-03-06 13:34:54,29,32,3745,20971
2023-03-06 13:34:57,30,32,3745,20971
2023-03-06 13:35:02,29,32,3745,20971
2023-03-06 13:35:02,29,31,3745,20971
2023-03-06 13:36:08,29,30,3745,20971
2023-03-06 13:36:09,27,28,3745,21131
2023-03-06 13:36:20,26,28,3745,21131
2023-03-06 13:36:32,26,28,3745,21139
2023-03-06 13:36:37,24,25,3745,21267
2023-03-06 13:36:39,24,25,3745,21412
2023-03-06 13:36:39,23,25,3745,21648
2023-03-06 13:36:40,23,26,3745,21648
2023-03-06 13:36:44,23,27,3745,21648
2023-03-06 13:36:46,21,27,3745,21648
2023-03-06 13:36:46,24,27,3745,21648
2023-03-06 13:36:46,26,27,3745,21648
2023-03-06 13:36:48,24,27,3745,21680
2023-03-06 13:36:49,24,26,3745,21680
2023-03-06 13:36:50,24,26,3745,21712
2023-03-06 13:36:56,23,27,3745,21712
2023-03-06 13:36:56,20,27,3745,21712
2023-03-06 13:36:56,22,27,3745,21712
2023-03-06 13:36:56,22,24,3745,21712
2023-03-06 13:37:01,24,26,3745,21743
2023-03-06 13:37:05,21,26,3745,21743
2023-03-06 13:37:05,21,27,3745,21743
2023-03-06 13:37:05,22,27,3745,21743
2023-03-06 13:37:05,22,25,3745,21743
2023-03-06 13:37:06,22,25,3745,21833
2023-03-06 13:37:12,21,25,3745,21833
2023-03-06 13:37:12,23,25,3745,21833
2023-03-06 13:37:25,21,25,3745,21833
2023-03-06 13:37:25,20,25,3745,21833
2023-03-06 13:37:25,20,26,3745,21833
2023-03-06 13:37:26,20,25,3745,21833
2023-03-06 13:37:26,20,22,3745,21833
2023-03-06 13:37:26,22,24,3745,21864
2023-03-06 13:37:31,20,24,3745,21864
2023-03-06 13:37:31,20,25,3745,21864
2023-03-06 13:37:32,20,23,3745,21864
2023-03-06 13:37:32,20,23,3745,21872
2023-03-06 13:37:33,20,22,3745,21872
2023-03-06 13:37:35,20,23,3745,21872
2023-03-06 13:37:51,22,23,3745,21872
2023-03-06 13:37:56,22,23,3745,21960
2023-03-06 13:37:59,22,24,3745,21960
2023-03-06 13:38:00,22,24,3745,21998
2023-03-06 13:38:02,20,24,3745,21998
2023-03-06 13:38:03,20,22,3745,21998
2023-03-06 13:38:08,19,22,3745,21998
2023-03-06 13:38:08,21,22,3745,21998
2023-03-06 13:38:15,21,22,3745,22006
2023-03-06 13:38:18,21,23,3745,22006
2023-03-06 13:38:25,19,23,3715,22036
2023-03-06 13:38:31,19,21,3715,22036
2023-03-06 13:38:32,19,21,3715,22044
2023-03-06 13:38:37,19,23,3715,22044
2023-03-06 13:38:37,19,21,3715,22044
2023-03-06 13:38:49,19,21,3715,22194
2023-03-06 13:38:55,19,22,3715,22194
2023-03-06 13:39:14,20,22,3715,22194
2023-03-06 13:39:15,20,24,3715,22194
2023-03-06 13:39:30,21,24,3715,22194
2023-03-06 13:39:33,21,22,3715,22194
2023-03-06 13:39:36,21,24,3723,22202
2023-03-06 13:39:42,21,22,3723,22202
2023-03-06 13:39:45,21,24,3753,22232
2023-03-06 13:40:07,21,22,3753,22232
2023-03-06 13:40:18,21,24,3881,22360
2023-03-06 13:40:25,20,21,3936,22415
2023-03-06 13:40:32,20,23,3936,22415
2023-03-06 13:40:32,20,21,3936,22415
2023-03-06 13:40:46,19,21,3936,22415
2023-03-06 13:40:46,19,23,3936,22415
2023-03-06 13:40:46,19,24,3936,22415
2023-03-06 13:40:46,21,24,3936,22415
2023-03-06 13:40:46,21,22,3936,22415
2023-03-06 13:40:54,21,22,3980,22459
2023-03-06 13:41:09,21,24,4052,22531
2023-03-06 13:41:17,21,23,4052,22531
2023-03-06 13:41:35,21,22,4052,22531
2023-03-06 13:41:38,21,23,4052,22568
2023-03-06 13:41:40,22,23,4052,22568
2023-03-06 13:41:45,21,23,4052,22568
2023-03-06 13:41:45,23,28,4052,22576
2023-03-06 13:41:45,23,27,4052,22576
2023-03-06 13:41:46,23,24,4052,22576
2023-03-06 13:42:08,23,26,4052,22576
2023-03-06 13:42:32,24,26,4052,22576
2023-03-06 13:43:45,25,26,4052,22576
2023-03-06 13:43:52,26,27,4060,22584
2023-03-06 13:43:55,25,27,4060,22584
2023-03-06 13:44:04,25,28,4060,22584
2023-03-06 13:44:04,25,27,4060,22584
2023-03-06 13:44:32,25,27,4060,22592
2023-03-06 13:44:36,25,28,4060,22592
2023-03-06 13:44:36,25,27,4060,22592
2023-03-06 13:44:47,25,26,4060,22592
2023-03-06 13:44:54,25,27,4060,22592
2023-03-06 13:44:54,23,27,4060,22592
2023-03-06 13:44:55,25,27,4060,22592
2023-03-06 13:45:01,25,26,4060,22592
2023-03-06 13:45:11,23,26,4060,22592
2023-03-06 13:45:11,21,26,4060,22592
2023-03-06 13:45:11,23,26,4060,22592
2023-03-06 13:45:19,23,24,4060,22592
2023-03-06 13:45:31,21,24,4060,22592
2023-03-06 13:45:32,22,24,4060,22592
2023-03-06 13:45:32,22,24,4060,22600
2023-03-06 13:45:41,21,24,3863,22797
2023-03-06 13:45:48,21,23,3863,22797
2023-03-06 13:46:05,21,24,3863,22797
2023-03-06 13:46:06,21,22,3863,22797
2023-03-06 13:46:17,21,24,3863,22797
2023-03-06 13:46:20,20,24,3660,23072
2023-03-06 13:46:21,20,22,3660,23072
2023-03-06 13:46:33,20,21,3660,23072
2023-03-06 13:46:38,20,22,3660,23072
2023-03-06 13:46:38,20,21,3660,23072
2023-03-06 13:47:05,20,22,3660,23072
2023-03-06 13:47:30,20,21,3660,23072
2023-03-06 13:47:34,20,21,3660,23080
2023-03-06 13:47:51,20,22,3660,23080
2023-03-06 13:47:51,19,20,3660,23088
2023-03-06 13:47:57,20,22,3660,23183
2023-03-06 13:48:04,19,22,3660,23183
2023-03-06 13:48:04,19,20,3660,23183
2023-03-06 13:48:10,19,22,3660,23183
2023-03-06 13:48:11,19,21,3660,23183
2023-03-06 13:48:12,18,21,3660,23183
2023-03-06 13:48:30,18,22,3660,23183
2023-03-06 13:48:30,18,20,3660,23183
2023-03-06 13:48:55,19,20,3660,23183
2023-03-06 13:49:08,18,20,3660,23183
2023-03-06 13:49:32,18,19,3660,23183
2023-03-06 13:49:50,17,19,3660,23183
2023-03-06 13:50:07,18,19,3660,23183
2023-03-06 13:50:21,19,20,3660,23191
2023-03-06 13:50:24,18,20,3660,23191
2023-03-06 13:50:28,17,20,3660,23191
2023-03-06 13:50:28,17,23,3660,23191
2023-03-06 13:50:28,18,23,3660,23191
2023-03-06 13:50:28,18,21,3660,23191
2023-03-06 13:50:32,18,20,3660,23191
2023-03-06 13:51:09,18,20,3660,23313
2023-03-06 13:51:09,18,19,3660,23313
2023-03-06 13:51:21,15,19,3660,23313
2023-03-06 13:51:21,16,19,3660,23313
2023-03-06 13:51:32,16,17,3660,23313
2023-03-06 13:51:46,15,17,3660,23313
2023-03-06 13:51:47,16,17,3660,23313
2023-03-06 13:51:55,17,18,3660,23321
2023-03-06 13:51:58,16,18,3660,23321
2023-03-06 13:52:06,17,18,3660,23321
2023-03-06 13:52:08,17,20,3660,23321
2023-03-06 13:52:08,17,18,3660,23321
2023-03-06 13:52:32,17,20,3660,23321
2023-03-06 13:52:32,17,21,3660,23321
2023-03-06 13:52:32,17,18,3660,23321
2023-03-06 13:52:46,17,19,3660,23329
2023-03-06 13:52:48,17,21,3660,23329
2023-03-06 13:52:48,17,19,3660,23329
2023-03-06 13:53:03,18,19,3660,23329
2023-03-06 13:53:03,18,21,3660,23329
2023-03-06 13:53:04,18,20,3660,23329
2023-03-06 13:53:31,18,21,3660,23329
2023-03-06 13:53:31,18,20,3660,23329
2023-03-06 13:53:32,19,20,3660,23329
2023-03-06 13:53:45,19,21,3660,23329
2023-03-06 13:53:45,19,20,3660,23329
2023-03-06 13:54:05,19,21,3660,23329
2023-03-06 13:54:05,19,20,3660,23329
2023-03-06 13:54:28,17,19,3660,23337
2023-03-06 13:54:31,18,19,3660,23337
2023-03-06 13:54:48,18,20,3660,23337
2023-03-06 13:54:48,18,19,3660,23337
2023-03-06 13:55:03,18,20,3660,23337
2023-03-06 13:55:03,18,19,3660,23337
2023-03-06 13:55:22,18,20,3660,23337
2023-03-06 13:55:22,16,18,3660,23345
2023-03-06 13:55:32,17,18,3660,23345
2023-03-06 13:55:32,17,19,3660,23345
2023-03-06 13:55:59,17,18,3660,23345
2023-03-06 13:56:16,16,18,3660,23353
2023-03-06 13:56:25,12,18,3660,23353
2023-03-06 13:56:25,12,19,3660,23353
2023-03-06 13:56:26,13,19,3660,23353
2023-03-06 13:56:26,13,15,3660,23353
2023-03-06 13:56:31,14,15,3660,23353
2023-03-06 13:56:32,14,15,3660,23361
2023-03-06 13:56:47,14,15,3660,23422
2023-03-06 13:56:54,14,18,3660,23422
2023-03-06 13:56:54,14,17,3660,23422
2023-03-06 13:56:57,14,17,3642,23440
2023-03-06 13:57:26,15,17,3642,23440
2023-03-06 13:57:32,15,16,3642,23440
2023-03-06 13:57:40,14,16,3642,23440
2023-03-06 13:58:06,16,17,3642,23448
2023-03-06 13:58:08,15,17,3642,23448
2023-03-06 13:58:08,15,19,3642,23448
2023-03-06 13:58:08,15,18,3642,23448
2023-03-06 13:58:08,15,16,3642,23448
2023-03-06 13:58:13,16,18,3642,23545
2023-03-06 13:58:20,16,19,3642,23545
2023-03-06 13:58:20,16,17,3642,23545
2023-03-06 13:58:32,16,17,3642,23553
2023-03-06 13:58:39,16,18,3642,23553
2023-03-06 13:58:39,17,18,3642,23553
2023-03-06 13:58:40,16,17,3642,23580
2023-03-06 13:58:47,16,18,3642,23580
2023-03-06 13:58:47,16,17,3642,23580
2023-03-06 13:59:08,16,18,3642,23580
2023-03-06 13:59:08,16,17,3642,23580
2023-03-06 13:59:48,15,18,3711,23649
2023-03-06 14:00:02,15,16,3711,23649
2023-03-06 14:00:10,15,17,3711,23649
2023-03-06 14:00:19,16,17,3711,23649
2023-03-06 14:00:25,15,17,3742,23680
2023-03-06 14:00:34,15,17,3742,23688
2023-03-06 14:00:43,14,17,3742,23688
2023-03-06 14:00:47,13,17,3742,23688
2023-03-06 14:00:48,13,16,3742,23688
2023-03-06 14:01:04,13,17,3742,23688
2023-03-06 14:01:04,13,15,3742,23688
2023-03-06 14:01:17,14,15,3742,23688
2023-03-06 14:01:24,14,17,3742,23779
2023-03-06 14:01:28,14,18,3742,23779
2023-03-06 14:01:28,14,16,3742,23779
2023-03-06 14:01:32,14,16,3742,23787
2023-03-06 14:01:43,14,18,3742,23787
2023-03-06 14:01:43,15,18,3742,23787
2023-03-06 14:01:43,15,17,3742,23787
2023-03-06 14:02:04,14,17,3742,23787
2023-03-06 14:02:04,16,17,3742,23787
2023-03-06 14:02:10,14,17,3742,23847
2023-03-06 14:02:20,14,16,3742,23847
2023-03-06 14:02:30,13,16,3742,23847
2023-03-06 14:02:31,14,16,3742,23847
2023-03-06 14:02:33,14,16,3742,23856
2023-03-06 14:02:51,13,16,3742,23856
2023-03-06 14:02:51,13,15,3742,23856
2023-03-06 14:03:07,13,17,3859,23973
2023-03-06 14:03:12,13,18,3859,23973
2023-03-06 14:03:12,13,15,3859,23973
2023-03-06 14:03:12,15,16,3859,24031
2023-03-06 14:03:18,13,16,3859,24031
2023-03-06 14:03:18,13,18,3859,24031
2023-03-06 14:03:18,14,18,3859,24031
2023-03-06 14:03:18,14,16,3859,24031
2023-03-06 14:03:33,14,16,3859,24040
2023-03-06 14:03:39,12,16,3859,24040
2023-03-06 14:03:39,12,17,3859,24040
2023-03-06 14:03:40,13,17,3859,24040
2023-03-06 14:03:40,14,17,3859,24040
2023-03-06 14:03:40,15,17,3859,24040
2023-03-06 14:03:40,15,16,3859,24040
2023-03-06 14:03:47,15,16,3859,24049
2023-03-06 14:03:47,15,16,3859,24177
2023-03-06 14:03:47,15,17,3859,24177
2023-03-06 14:03:47,15,16,3859,24177
2023-03-06 14:04:00,14,16,3859,24177
2023-03-06 14:04:00,12,16,3859,24177
2023-03-06 14:04:01,13,16,3859,24177
2023-03-06 14:04:01,13,15,3859,24177
2023-03-06 14:04:06,13,15,3869,24187
2023-03-06 14:04:15,12,15,3869,24187
2023-03-06 14:04:15,12,18,3869,24187
2023-03-06 14:04:15,13,18,3869,24187
2023-03-06 14:04:15,13,16,3869,24187
2023-03-06 14:04:25,14,16,3869,24187
2023-03-06 14:04:33,14,16,3869,24196
2023-03-06 14:04:34,14,16,3874,24201
2023-03-06 14:04:44,14,18,3874,24201
2023-03-06 14:04:44,14,16,3874,24201
2023-03-06 14:04:55,14,16,3874,24272
2023-03-06 14:04:55,15,16,3874,24272
2023-03-06 14:05:00,15,20,3874,24272
2023-03-06 14:05:00,15,19,3874,24272
2023-03-06 14:05:00,15,17,3874,24272
2023-03-06 14:05:14,15,19,3874,24272
2023-03-06 14:05:14,15,20,3874,24272
2023-03-06 14:05:14,15,17,3874,24272
2023-03-06 14:05:19,15,19,4086,24484
2023-03-06 14:05:29,17,19,4086,24484
2023-03-06 14:05:33,17,19,4094,24493
2023-03-06 14:05:48,17,18,4094,24493
2023-03-06 14:05:52,15,18,4094,24493
2023-03-06 14:05:52,14,18,4094,24493
2023-03-06 14:05:52,16,18,4094,24493
2023-03-06 14:05:59,14,18,4094,24493
2023-03-06 14:05:59,16,18,4094,24493
2023-03-06 14:06:11,14,18,4094,24493
2023-03-06 14:06:11,15,18,4094,24493
2023-03-06 14:06:31,14,18,4094,24493
2023-03-06 14:06:31,14,19,4094,24493
2023-03-06 14:06:31,15,19,4094,24493
2023-03-06 14:06:31,16,19,4094,24493
2023-03-06 14:06:31,16,18,4094,24493
2023-03-06 14:06:33,16,18,4103,24502
2023-03-06 14:06:49,16,19,4103,24502
2023-03-06 14:06:49,16,18,4103,24502
2023-03-06 14:06:59,16,19,4103,24502
2023-03-06 14:06:59,17,19,4103,24502
2023-03-06 14:07:11,17,18,4103,24502
2023-03-06 14:07:16,17,19,4103,24502
2023-03-06 14:07:30,15,19,4103,24502
2023-03-06 14:07:30,17,19,4103,24502
2023-03-06 14:07:34,17,19,4112,24511
2023-03-06 14:07:40,17,18,4112,24511
2023-03-06 14:07:46,15,18,4112,24511
2023-03-06 14:07:46,16,18,4112,24511
2023-03-06 14:07:58,15,18,4112,24511
2023-03-06 14:08:25,14,18,4112,24511
2023-03-06 14:08:25,16,18,4112,24511
2023-03-06 14:08:33,14,18,4112,24511
2023-03-06 14:08:33,15,18,4112,24511
2023-03-06 14:08:33,16,18,4112,24511
2023-03-06 14:08:33,16,18,4121,24520
2023-03-06 14:08:33,16,17,4121,24520
2023-03-06 14:08:36,16,18,4121,24520
2023-03-06 14:08:41,15,18,4121,24520
2023-03-06 14:08:58,15,20,4121,24520
2023-03-06 14:08:58,15,19,4121,24520
2023-03-06 14:08:58,15,20,4121,24520
2023-03-06 14:08:58,17,20,4121,24520
2023-03-06 14:08:58,17,19,4121,24520
2023-03-06 14:09:28,16,19,4121,24520
2023-03-06 14:09:28,17,19,4121,24520
2023-03-06 14:09:33,17,19,4130,24529
2023-03-06 14:09:42,16,19,4130,24529
2023-03-06 14:09:43,17,19,4130,24529
2023-03-06 14:09:58,16,19,4130,24529
2023-03-06 14:09:58,17,19,4130,24529
2023-03-06 14:10:23,15,19,4013,24646
2023-03-06 14:10:30,14,19,4013,24646
2023-03-06 14:10:30,16,19,4013,24646
2023-03-06 14:10:30,16,18,4013,24646
2023-03-06 14:10:33,17,18,4013,24646
2023-03-06 14:10:38,17,19,4013,24646
2023-03-06 14:10:38,17,18,4013,24646
2023-03-06 14:10:55,15,17,4022,24655
2023-03-06 14:11:06,15,19,4022,24655
2023-03-06 14:11:06,15,17,4022,24655
2023-03-06 14:11:19,16,17,4022,24655
2023-03-06 14:11:26,16,19,4157,24790
2023-03-06 14:11:33,17,19,4157,24790
2023-03-06 14:11:33,17,19,4166,24799
2023-03-06 14:11:54,17,21,4261,24894
2023-03-06 14:11:54,18,21,4261,24894
2023-03-06 14:11:56,18,20,4261,24894
2023-03-06 14:12:04,20,21,4261,24914
2023-03-06 14:12:05,18,21,4261,24914
2023-03-06 14:12:20,18,21,4261,24914
2023-03-06 14:12:20,19,21,4261,24914
2023-03-06 14:12:24,19,23,4281,24943
2023-03-06 14:12:29,19,21,4281,24943
2023-03-06 14:12:38,21,24,4273,24951
2023-03-06 14:12:38,21,23,4273,24951
2023-03-06 14:12:51,19,21,4273,24987
2023-03-06 14:12:57,19,23,4273,24987
2023-03-06 14:12:57,19,22,4273,24987
2023-03-06 14:13:02,21,22,4273,24987
2023-03-06 14:13:07,19,22,4273,24987
2023-03-06 14:13:07,21,22,4273,24987
2023-03-06 14:13:17,19,22,4273,25009
2023-03-06 14:13:19,21,22,4273,25009
2023-03-06 14:13:29,19,22,4273,25031
2023-03-06 14:13:33,20,22,4273,25031
2023-03-06 14:14:29,21,22,4273,25031
2023-03-06 14:14:34,20,22,4273,25031
2023-03-06 14:15:26,20,21,4273,25031
2023-03-06 14:15:32,19,20,4281,25039
2023-03-06 14:15:33,19,21,4281,25039
2023-03-06 14:15:43,17,21,4173,25155
2023-03-06 14:15:48,17,19,4173,25155
2023-03-06 14:15:49,17,19,4173,25318
2023-03-06 14:15:49,17,18,4173,25318
2023-03-06 14:15:51,17,18,4173,25361
2023-03-06 14:15:52,13,18,3894,25640
2023-03-06 14:15:57,13,19,3894,25640
2023-03-06 14:15:59,14,19,3894,25640
2023-03-06 14:15:59,16,19,3894,25640
2023-03-06 14:15:59,16,18,3894,25640
2023-03-06 14:16:12,14,18,3894,25640
2023-03-06 14:16:12,14,19,3894,25640
2023-03-06 14:16:12,16,19,3894,25640
2023-03-06 14:16:12,16,18,3894,25640
2023-03-06 14:16:23,14,18,3894,25640
2023-03-06 14:16:23,14,19,3894,25640
2023-03-06 14:16:23,15,19,3894,25640
2023-03-06 14:16:23,15,18,3894,25640
2023-03-06 14:16:29,13,18,3894,25640
2023-03-06 14:16:29,13,19,3894,25640
2023-03-06 14:16:30,14,19,3894,25640
2023-03-06 14:16:30,14,18,3894,25640
2023-03-06 14:16:30,14,16,3894,25640
2023-03-06 14:16:47,14,15,3894,25640
2023-03-06 14:17:09,14,16,3894,25640
2023-03-06 14:17:10,12,14,3902,25648
2023-03-06 14:17:15,11,14,3902,25648
2023-03-06 14:17:15,11,16,3902,25648
2023-03-06 14:17:15,12,16,3902,25648
2023-03-06 14:17:15,12,14,3902,25648
2023-03-06 14:17:19,12,14,3902,25716
2023-03-06 14:17:20,13,14,3902,25716
2023-03-06 14:17:25,12,14,3902,25716
2023-03-06 14:17:29,11,14,3902,25716
2023-03-06 14:17:29,11,15,3902,25716
2023-03-06 14:17:30,11,14,3902,25716
2023-03-06 14:17:30,11,13,3902,25716
2023-03-06 14:17:30,13,14,3902,25800
2023-03-06 14:17:43,11,13,3902,25808
2023-03-06 14:17:48,11,13,3738,25972
2023-03-06 14:17:48,12,13,3738,25972
2023-03-06 14:18:06,11,13,3738,25972
2023-03-06 14:18:33,12,13,3738,25972
2023-03-06 14:18:37,12,14,3707,26300
2023-03-06 14:19:29,12,13,3707,26300
2023-03-06 14:20:32,11,13,3707,26300
2023-03-06 14:20:32,12,13,3707,26300
2023-03-06 14:20:36,12,13,3699,26404
2023-03-06 14:20:42,12,14,3699,26404
2023-03-06 14:21:19,11,14,3496,26615
2023-03-06 14:21:22,11,12,3496,26615
2023-03-06 14:21:28,8,12,3496,26615
2023-03-06 14:21:29,10,12,3496,26615
2023-03-06 14:21:33,11,12,3496,26615
2023-03-06 14:21:46,11,13,3496,26615
2023-03-06 14:21:49,11,12,3496,26615
2023-03-06 14:21:54,11,13,3496,26615
2023-03-06 14:21:55,11,12,3496,26615
2023-03-06 14:22:03,11,13,3496,26615
2023-03-06 14:22:03,11,12,3496,26615
2023-03-06 14:22:15,10,12,3504,26623
2023-03-06 14:22:15,10,11,3504,26623
2023-03-06 14:22:26,10,12,3504,26623
2023-03-06 14:22:27,9,12,3504,26623
2023-03-06 14:22:27,8,12,3504,26623
2023-03-06 14:22:27,10,12,3504,26623
2023-03-06 14:22:32,11,12,3504,26623
2023-03-06 14:22:47,11,13,3504,26623
2023-03-06 14:22:47,11,12,3504,26623
2023-03-06 14:23:21,11,13,3504,26623
2023-03-06 14:23:21,11,12,3504,26623
2023-03-06 14:23:23,10,12,3504,26631
2023-03-06 14:23:40,11,12,3504,26631
2023-03-06 14:23:59,10,12,3504,26631
2023-03-06 14:23:59,11,12,3504,26631
2023-03-06 14:24:20,11,13,3504,26639
2023-03-06 14:24:30,10,13,3504,26639
2023-03-06 14:24:30,10,14,3504,26639
2023-03-06 14:24:30,11,14,3504,26639
2023-03-06 14:24:30,11,13,3504,26639
2023-03-06 14:24:33,11,12,3504,26639
2023-03-06 14:24:44,10,12,3504,26639
2023-03-06 14:24:44,11,12,3504,26639
2023-03-06 14:25:01,10,12,3504,26639
2023-03-06 14:25:01,11,12,3504,26639
2023-03-06 14:25:03,10,11,3423,26720
2023-03-06 14:25:33,10,11,3423,26728
2023-03-06 14:25:58,9,11,3423,26728
2023-03-06 14:25:58,8,11,3423,26728
2023-03-06 14:25:58,9,11,3423,26728
2023-03-06 14:26:09,9,10,3423,26728
2023-03-06 14:26:23,8,10,3231,26920
2023-03-06 14:26:25,8,11,3231,26920
2023-03-06 14:26:27,7,11,3231,26920
2023-03-06 14:26:27,7,13,3231,26920
2023-03-06 14:26:27,8,13,3231,26920
2023-03-06 14:26:27,8,10,3231,26920
2023-03-06 14:26:39,8,9,3231,26920
2023-03-06 14:26:49,8,10,3231,26920
2023-03-06 14:26:53,9,10,3231,26920
2023-03-06 14:27:30,9,10,3269,26993
2023-03-06 14:27:33,8,10,3269,27048
2023-03-06 14:27:35,8,9,3269,27048
2023-03-06 14:27:41,8,10,3269,27048
2023-03-06 14:27:49,7,10,3269,27048
2023-03-06 14:27:49,7,9,3269,27048
2023-03-06 14:28:00,7,10,3269,27048
2023-03-06 14:28:00,7,9,3269,27048
2023-03-06 14:28:22,8,9,3269,27048
2023-03-06 14:28:23,8,10,3305,27084
2023-03-06 14:28:24,8,11,3305,27084
2023-03-06 14:28:33,9,11,3305,27084
2023-03-06 14:28:40,9,10,3305,27084
2023-03-06 14:29:01,9,11,3305,27084
2023-03-06 14:29:08,9,10,3305,27084
2023-03-06 14:29:27,9,11,3305,27084
2023-03-06 14:30:20,9,11,3307,27086
2023-03-06 14:30:27,10,11,3307,27086
2023-03-06 14:30:46,9,12,3307,27086
2023-03-06 14:30:46,10,12,3307,27086
2023-03-06 14:30:46,11,12,3307,27086
2023-03-06 14:30:46,11,12,3260,27133
2023-03-06 14:30:50,11,13,3260,27133
2023-03-06 14:30:55,10,13,3260,27133
2023-03-06 14:31:04,11,13,3260,27133
2023-03-06 14:31:11,11,12,3260,27133
2023-03-06 14:31:25,11,13,3260,27133
2023-03-06 14:31:33,11,12,3260,27133
2023-03-06 14:31:33,10,12,3260,27133
2023-03-06 14:31:47,11,12,3260,27133
2023-03-06 14:31:47,11,12,3218,27175
2023-03-06 14:32:02,10,12,3218,27175
2023-03-06 14:32:26,10,13,3255,27220
2023-03-06 14:32:28,10,12,3255,27220
2023-03-06 14:32:36,11,12,3255,27220
2023-03-06 14:32:43,10,12,3255,27220
2023-03-06 14:32:58,11,12,3255,27220
2023-03-06 14:33:10,11,13,3379,27356
2023-03-06 14:33:15,10,13,3379,27356
2023-03-06 14:33:15,11,13,3379,27356
2023-03-06 14:33:29,10,13,3379,27356
2023-03-06 14:33:29,10,14,3379,27356
2023-03-06 14:33:30,11,14,3379,27356
2023-03-06 14:33:30,11,13,3379,27356
2023-03-06 14:33:33,11,13,3387,27364
2023-03-06 14:33:33,13,14,3507,27484
2023-03-06 14:33:38,11,14,3507,27484
2023-03-06 14:34:01,11,13,3507,27484
2023-03-06 14:34:09,11,13,3304,27687
2023-03-06 14:34:10,10,13,3304,27687
2023-03-06 14:34:10,10,14,3304,27687
2023-03-06 14:34:10,11,14,3304,27687
2023-03-06 14:34:10,11,13,3304,27687
2023-03-06 14:34:24,10,11,3140,27851
2023-03-06 14:34:25,9,11,3140,27851
2023-03-06 14:34:59,9,10,3140,27851
2023-03-06 14:35:08,8,10,3152,27987
2023-03-06 14:35:23,7,10,3152,27987
2023-03-06 14:35:23,8,10,3152,27987
2023-03-06 14:35:29,7,10,3152,27987
2023-03-06 14:35:30,8,10,3152,27987
2023-03-06 14:35:33,8,10,3144,27995
2023-03-06 14:35:43,7,10,3144,27995
2023-03-06 14:35:43,7,9,3144,27995
2023-03-06 14:36:01,7,10,3144,27995
2023-03-06 14:36:02,7,9,3144,27995
2023-03-06 14:36:29,7,10,3144,27995
2023-03-06 14:36:30,8,10,3144,27995
2023-03-06 14:36:40,8,9,3144,27995
2023-03-06 14:36:54,7,9,3152,28003
2023-03-06 14:36:58,7,10,3152,28003
2023-03-06 14:36:58,7,9,3152,28003
2023-03-06 14:37:20,7,9,3154,28005
2023-03-06 14:37:25,7,10,3280,28131
2023-03-06 14:37:28,7,9,3280,28131
2023-03-06 14:37:34,7,8,3280,28131
2023-03-06 14:37:56,6,8,3280,28131
2023-03-06 14:38:42,7,8,3280,28131
2023-03-06 14:38:55,6,8,3280,28131
2023-03-06 14:39:29,7,8,3280,28131
2023-03-06 14:39:43,7,9,3280,28131
2023-03-06 14:40:00,7,10,3280,28131
2023-03-06 14:40:01,7,9,3280,28131
2023-03-06 14:40:38,7,8,3280,28131
2023-03-06 14:40:52,8,9,3396,28247
2023-03-06 14:40:54,7,9,3396,28247
2023-03-06 14:40:54,7,8,3396,28247
2023-03-06 14:41:05,7,9,3396,28247
2023-03-06 14:41:29,7,8,3396,28247
2023-03-06 14:41:41,7,9,3396,28247
2023-03-06 14:42:27,7,8,3396,28247
2023-03-06 14:42:46,7,9,3465,28316
2023-03-06 14:42:47,7,8,3465,28316
2023-03-06 14:43:00,7,9,3465,28316
2023-03-06 14:43:11,8,9,3465,28316
2023-03-06 14:43:27,8,10,3533,28392
2023-03-06 14:43:33,8,11,3533,28392
2023-03-06 14:43:33,9,11,3533,28392
2023-03-06 14:43:33,9,10,3533,28392
2023-03-06 14:43:39,9,11,3552,28411
2023-03-06 14:43:49,9,10,3552,28411
2023-03-06 14:44:00,9,11,3552,28411
2023-03-06 14:44:34,10,11,3552,28411
2023-03-06 14:44:41,10,12,3656,28645
2023-03-06 14:44:55,10,13,3751,28748
2023-03-06 14:44:58,10,11,3751,28748
2023-03-06 14:45:11,10,13,3751,28748
2023-03-06 14:45:11,10,12,3751,28748
2023-03-06 14:45:30,10,13,3751,28748
2023-03-06 14:45:30,10,12,3751,28748
2023-03-06 14:45:33,11,12,3751,28748
2023-03-06 14:45:45,8,12,3759,28756
2023-03-06 14:45:45,9,12,3759,28756
2023-03-06 14:45:45,9,11,3759,28756
2023-03-06 14:46:06,8,11,3759,28756
2023-03-06 14:46:06,7,11,3759,28756
2023-03-06 14:46:06,8,11,3759,28756
2023-03-06 14:46:06,8,10,3759,28756
2023-03-06 14:46:28,7,10,3759,28756
2023-03-06 14:46:28,7,11,3759,28756
2023-03-06 14:46:28,8,11,3759,28756
2023-03-06 14:46:33,9,11,3759,28756
2023-03-06 14:46:46,9,10,3759,28756
2023-03-06 14:46:54,8,10,3767,28764
2023-03-06 14:47:01,7,10,3767,28764
2023-03-06 14:47:01,8,10,3767,28764
2023-03-06 14:47:05,7,10,3767,28792
2023-03-06 14:47:07,8,10,3767,28792
2023-03-06 14:47:14,7,10,3767,28792
2023-03-06 14:47:14,8,10,3767,28792
2023-03-06 14:47:28,6,10,3767,28792
2023-03-06 14:47:28,5,10,3767,28792
2023-03-06 14:47:28,6,10,3767,28792
2023-03-06 14:47:28,6,9,3767,28792
2023-03-06 14:47:28,6,8,3767,28792
2023-03-06 14:47:34,6,7,3767,28792
2023-03-06 14:47:35,5,7,3767,28792
2023-03-06 14:47:35,6,7,3767,28792
2023-03-06 14:47:45,5,7,3767,28792
2023-03-06 14:47:45,6,7,3767,28792
2023-03-06 14:48:32,5,7,3767,28792
2023-03-06 14:48:33,5,6,3767,28792
2023-03-06 14:48:45,4,6,3767,28792
2023-03-06 14:48:45,5,6,3767,28792
2023-03-06 14:48:48,4,5,3711,28848
2023-03-06 14:49:26,4,5,3719,28883
2023-03-06 14:49:29,4,6,3719,28883
2023-03-06 14:50:33,4,6,3719,28891
2023-03-06 14:50:36,4,5,3719,28891
2023-03-06 14:50:44,3,6,3719,28891
2023-03-06 14:50:44,3,5,3719,28891
2023-03-06 14:51:03,3,6,3719,28891
2023-03-06 14:51:03,3,5,3719,28891
2023-03-06 14:51:34,3,5,3719,28899
2023-03-06 14:51:49,3,4,3719,28899
2023-03-06 14:52:02,3,5,3719,28899
2023-03-06 14:52:33,3,4,3719,28899
2023-03-06 14:54:44,3,5,3719,28899
2023-03-06 14:55:13,4,5,3719,28899
2023-03-06 14:55:15,5,6,3712,28923
2023-03-06 14:55:16,4,6,3712,28923
2023-03-06 14:55:29,4,7,3712,28923
2023-03-06 14:55:29,5,7,3712,28923
2023-03-06 14:55:33,5,7,3720,28931
2023-03-06 14:55:33,5,8,3720,28931
2023-03-06 14:55:34,6,8,3720,28931
2023-03-06 14:55:43,4,8,3720,28931
2023-03-06 14:55:44,5,8,3720,28931
2023-03-06 14:55:44,5,7,3720,28931
2023-03-06 14:55:53,5,8,3720,28931
2023-03-06 14:55:53,6,8,3720,28931
2023-03-06 14:56:08,5,8,3720,28931
2023-03-06 14:56:08,5,7,3720,28931
2023-03-06 14:56:19,5,8,3720,28931
2023-03-06 14:56:19,6,8,3720,28931
2023-03-06 14:56:31,5,8,3720,28931
2023-03-06 14:56:31,5,7,3720,28931
2023-03-06 14:56:34,6,7,3720,28931
2023-03-06 14:57:05,5,6,3727,28939
2023-03-06 14:57:20,4,7,3727,28939
2023-03-06 14:57:21,4,6,3727,28939
2023-03-06 14:57:24,4,5,3727,28939
2023-03-06 14:57:34,4,5,3719,28947
2023-03-06 14:57:43,3,5,3719,28947
2023-03-06 14:58:30,4,5,3719,28947
2023-03-06 14:58:34,4,5,3711,28955
2023-03-06 14:58:42,3,5,3711,28955
2023-03-06 14:59:09,3,4,3711,28955
2023-03-06 14:59:15,3,5,3711,28955
2023-03-06 14:59:15,3,4,3711,28955
2023-03-06 14:59:21,3,5,3711,28955
2023-03-06 14:59:21,3,4,3711,28955
2023-03-06 14:59:34,3,4,3711,28963
2023-03-06 14:59:56,3,6,3711,28963
2023-03-06 15:00:31,3,4,3711,28963
2023-03-06 15:00:38,3,5,3711,28963
2023-03-06 15:00:38,3,4,3711,28963
2023-03-06 15:01:04,3,5,3711,28963
2023-03-06 15:01:33,4,5,3711,28963
2023-03-06 15:02:05,3,4,3719,28971
2023-03-06 15:02:33,3,4,3719,28979
2023-03-06 15:02:57,3,5,3719,28979
2023-03-06 15:03:33,3,4,3719,28979
2023-03-06 15:03:35,2,4,3719,28979
2023-03-06 15:04:33,2,3,3719,28979
2023-03-06 15:07:18,2,3,3732,28999
2023-03-06 15:07:43,2,4,3732,28999
2023-03-06 15:08:35,2,3,3732,28999
2023-03-06 15:08:35,2,3,3741,29008
2023-03-06 15:09:33,2,5,3741,29017
2023-03-06 15:09:33,2,6,3741,29017
2023-03-06 15:09:33,3,6,3741,29017
2023-03-06 15:09:34,3,5,3741,29017
2023-03-06 15:10:26,4,5,3741,29017
2023-03-06 15:10:41,4,7,3741,29026
2023-03-06 15:10:53,4,7,3863,29148
2023-03-06 15:10:54,4,6,3863,29148
2023-03-06 15:11:25,4,7,3863,29148
2023-03-06 15:11:25,4,6,3863,29148
2023-03-06 15:11:31,6,7,3871,29156
2023-03-06 15:11:32,6,7,3879,29164
2023-03-06 15:11:33,6,7,3895,29180
2023-03-06 15:11:33,6,7,3895,29188
2023-03-06 15:11:40,4,7,3895,29188
2023-03-06 15:12:02,3,7,3895,29188
2023-03-06 15:12:02,3,6,3895,29188
2023-03-06 15:12:33,5,6,3895,29188
2023-03-06 15:13:24,3,6,3895,29196
2023-03-06 15:13:24,4,6,3895,29196
2023-03-06 15:13:26,3,6,3895,29196
2023-03-06 15:13:27,3,5,3895,29196
2023-03-06 15:13:33,3,5,3903,29204
2023-03-06 15:13:43,3,6,3903,29204
2023-03-06 15:13:43,3,5,3903,29204
2023-03-06 15:13:56,2,5,3903,29204
2023-03-06 15:14:04,2,3,3903,29204
2023-03-06 15:14:12,2,3,3963,29264
2023-03-06 15:14:18,1,2,4014,29315
2023-03-06 15:14:24,1,3,4014,29315
2023-03-06 15:14:44,1,2,4014,29315
2023-03-06 15:14:55,1,3,4014,29315
2023-03-06 15:18:33,1,3,4023,29324
2023-03-06 15:23:27,1,3,4023,29370
2023-03-06 15:24:04,1,3,4190,29573
2023-03-06 15:26:33,1,3,4190,29582
2023-03-06 15:28:12,1,3,4190,29610
2023-03-06 15:28:12,1,2,4190,29610
2023-03-06 15:28:13,1,3,4190,29610
2023-03-06 15:29:58,1,3,4190,29621
2023-03-06 15:31:54,1,2,4190,29621
2023-03-06 15:31:54,1,3,4190,29621
2023-03-06 15:32:01,1,3,4190,29647
2023-03-06 15:33:11,1,3,4190,29675
2023-03-06 15:33:21,1,2,4190,29675
2023-03-06 15:33:21,1,2,4190,29688
2023-03-06 15:33:21,1,3,4190,29688
2023-03-06 15:34:05,1,2,4190,29688
2023-03-06 15:34:05,1,3,4190,29688
2023-03-06 15:38:00,0,3,4190,29886
2023-03-06 15:39:12,0,2,4190,29886
2023-03-06 15:39:13,0,3,4190,29886
2023-03-06 15:39:14,0,2,4190,29886
2023-03-06 15:39:16,0,3,4190,29886
2023-03-06 15:39:33,0,2,4190,29886
2023-03-06 15:39:36,0,3,4190,29886
2023-03-06 15:39:45,0,2,4190,29886
2023-03-06 15:39:47,0,3,4190,29886
2023-03-06 15:40:38,0,2,4190,29886
2023-03-06 15:40:38,0,3,4190,29886
2023-03-06 15:42:43,0,2,4190,29886
2023-03-06 15:42:47,0,3,4190,29886
2023-03-06 15:43:28,0,2,4190,29886
2023-03-06 15:43:30,0,3,4190,29886
2023-03-06 15:43:54,0,1,4190,29886
2023-03-06 15:44:21,1,3,4194,29890
2023-03-06 15:44:26,0,3,4194,29890
2023-03-06 15:45:05,0,3,4194,29901
2023-03-06 15:48:13,0,2,4194,29901
2023-03-06 15:48:14,0,3,4194,29901
2023-03-06 15:48:18,0,2,4194,29901
2023-03-06 15:48:23,0,3,4194,29901
2023-03-06 15:49:03,0,2,4194,29901
2023-03-06 15:49:03,0,3,4194,29901
2023-03-06 15:50:00,0,2,4194,29901
2023-03-06 15:50:01,0,3,4194,29901
2023-03-06 15:50:11,0,1,4194,29901
