datetime,bid,ask,open_interest,volume
2023-03-06 09:31:03,18,27,1282,2123
2023-03-06 09:31:03,21,27,1282,2123
2023-03-06 09:31:34,21,30,1282,2123
2023-03-06 09:31:34,23,30,1282,2123
2023-03-06 09:31:35,23,28,1282,2123
2023-03-06 09:31:51,21,30,1282,2123
2023-03-06 09:31:51,23,30,1282,2123
2023-03-06 09:31:52,23,28,1282,2123
2023-03-06 09:32:01,21,30,1282,2123
2023-03-06 09:32:10,21,30,1282,2123
2023-03-06 09:32:10,21,28,1282,2123
2023-03-06 09:32:12,23,28,1282,2123
2023-03-06 09:32:29,21,30,1282,2123
2023-03-06 09:32:29,21,28,1282,2123
2023-03-06 09:33:01,21,26,1282,2123
2023-03-06 09:33:22,19,26,1282,2123
2023-03-06 09:33:24,17,26,1282,2123
2023-03-06 09:33:25,19,24,1282,2123
2023-03-06 09:33:25,19,26,1282,2123
2023-03-06 09:33:27,17,26,1282,2123
2023-03-06 09:34:17,17,22,1282,2123
2023-03-06 09:34:21,17,22,1291,2132
2023-03-06 09:34:22,17,21,1291,2132
2023-03-06 09:34:42,17,24,1291,2132
2023-03-06 09:34:42,19,26,1291,2132
2023-03-06 09:35:06,17,23,1291,2132
2023-03-06 09:35:06,21,23,1291,2132
2023-03-06 09:35:06,21,25,1291,2132
2023-03-06 09:35:13,23,25,1291,2132
2023-03-06 09:35:13,23,29,1291,2132
2023-03-06 09:35:13,23,27,1291,2132
2023-03-06 09:35:24,21,27,1291,2132
2023-03-06 09:35:24,21,26,1291,2132
2023-03-06 09:35:29,21,27,1291,2132
2023-03-06 09:35:29,23,27,1291,2132
2023-03-06 09:35:39,21,27,1291,2132
2023-03-06 09:35:39,21,26,1291,2132
2023-03-06 09:35:51,21,25,1291,2132
2023-03-06 09:35:55,21,23,1291,2132
2023-03-06 09:36:56,21,22,1291,2132
2023-03-06 09:37:05,20,22,1291,2132
2023-03-06 09:37:25,21,22,1291,2132
2023-03-06 09:37:29,21,26,1300,2141
2023-03-06 09:37:33,21,24,1300,2141
2023-03-06 09:37:42,21,26,1300,2141
2023-03-06 09:37:42,23,26,1300,2141
2023-03-06 09:37:42,23,25,1300,2141
2023-03-06 09:37:56,23,25,1300,2150
2023-03-06 09:38:03,23,26,1300,2150
2023-03-06 09:38:35,21,26,1300,2150
2023-03-06 09:38:35,22,26,1300,2150
2023-03-06 09:38:35,24,26,1300,2150
2023-03-06 09:38:41,21,26,1300,2150
2023-03-06 09:38:41,23,26,1300,2150
2023-03-06 09:38:41,23,25,1300,2150
2023-03-06 09:39:19,23,24,1300,2150
2023-03-06 09:39:33,23,25,1300,2150
2023-03-06 09:39:33,23,24,1300,2150
2023-03-06 09:40:13,21,24,1300,2150
2023-03-06 09:40:13,21,25,1300,2150
2023-03-06 09:40:13,21,23,1300,2150
2023-03-06 09:40:35,21,24,1300,2150
2023-03-06 09:40:36,22,24,1300,2150
2023-03-06 09:40:40,22,23,1300,2150
2023-03-06 09:40:51,20,23,1300,2150
2023-03-06 09:40:51,21,23,1300,2150
2023-03-06 09:40:56,21,23,1300,2159
2023-03-06 09:41:11,20,23,1300,2159
2023-03-06 09:41:11,20,22,1300,2159
2023-03-06 09:41:28,20,23,1300,2159
2023-03-06 09:41:52,20,22,1300,2159
2023-03-06 09:41:55,20,22,1300,2168
2023-03-06 09:42:14,19,22,1300,2168
2023-03-06 09:42:14,20,22,1300,2168
2023-03-06 09:42:21,20,21,1300,2168
2023-03-06 09:42:46,18,21,1300,2168
2023-03-06 09:42:46,18,22,1300,2168
2023-03-06 09:42:46,20,22,1300,2168
2023-03-06 09:42:55,20,22,1300,2177
2023-03-06 09:42:56,18,22,1300,2177
2023-03-06 09:42:56,19,22,1300,2177
2023-03-06 09:42:57,19,21,1300,2177
2023-03-06 09:43:22,18,21,1300,2177
2023-03-06 09:43:22,19,21,1300,2177
2023-03-06 09:43:40,18,21,1300,2177
2023-03-06 09:43:40,19,21,1300,2177
2023-03-06 09:43:55,20,21,1300,2177
2023-03-06 09:44:08,20,22,1300,2177
2023-03-06 09:44:08,20,21,1300,2177
2023-03-06 09:44:46,20,22,1300,2177
2023-03-06 09:44:57,20,22,1300,2186
2023-03-06 09:45:02,20,21,1300,2186
2023-03-06 09:45:05,18,21,1300,2186
2023-03-06 09:45:05,19,21,1300,2186
2023-03-06 09:45:09,19,20,1300,2186
2023-03-06 09:45:26,19,21,1300,2186
2023-03-06 09:45:37,18,21,1300,2186
2023-03-06 09:45:37,18,22,1300,2186
2023-03-06 09:45:37,18,20,1300,2186
2023-03-06 09:45:42,19,20,1300,2186
2023-03-06 09:45:54,19,20,1372,2258
2023-03-06 09:45:56,20,22,1372,2314
2023-03-06 09:45:56,20,23,1372,2314
2023-03-06 09:45:56,22,23,1372,2314
2023-03-06 09:45:56,20,21,1372,2323
2023-03-06 09:46:00,19,21,1372,2323
2023-03-06 09:46:02,21,23,1427,2378
2023-03-06 09:46:09,21,23,1428,2478
2023-03-06 09:46:20,23,24,1650,2700
2023-03-06 09:46:29,23,24,1714,2764
2023-03-06 09:46:35,23,24,1814,2864
2023-03-06 09:46:49,24,25,1823,2873
2023-03-06 09:46:56,23,25,1823,2882
2023-03-06 09:46:57,23,27,1823,2882
2023-03-06 09:46:57,25,27,1823,2882
2023-03-06 09:47:18,23,27,1823,2882
2023-03-06 09:47:18,25,27,1823,2882
2023-03-06 09:47:42,23,27,1823,2882
2023-03-06 09:47:42,26,27,1823,2882
2023-03-06 09:47:49,26,28,1823,2882
2023-03-06 09:47:52,23,28,1823,2882
2023-03-06 09:47:52,25,28,1823,2882
2023-03-06 09:47:52,25,27,1823,2882
2023-03-06 09:47:56,25,27,1823,2891
2023-03-06 09:48:07,25,29,1823,2891
2023-03-06 09:48:07,26,29,1823,2891
2023-03-06 09:48:07,26,28,1823,2891
2023-03-06 09:48:28,27,28,1823,2891
2023-03-06 09:48:29,26,28,1823,2891
2023-03-06 09:48:35,25,28,1823,2891
2023-03-06 09:48:35,25,30,1823,2891
2023-03-06 09:48:35,26,30,1823,2891
2023-03-06 09:48:35,26,29,1823,2891
2023-03-06 09:48:49,25,29,1823,2891
2023-03-06 09:48:49,27,29,1823,2891
2023-03-06 09:48:56,27,29,1814,2900
2023-03-06 09:49:02,27,30,1814,2900
2023-03-06 09:49:02,27,28,1814,2900
2023-03-06 09:49:07,25,28,1814,2900
2023-03-06 09:49:07,27,28,1814,2900
2023-03-06 09:49:32,27,29,1814,2900
2023-03-06 09:49:34,25,29,1814,2900
2023-03-06 09:49:34,25,30,1814,2900
2023-03-06 09:49:34,26,30,1814,2900
2023-03-06 09:49:34,26,28,1814,2900
2023-03-06 09:49:47,25,28,1814,2900
2023-03-06 09:49:47,25,30,1814,2900
2023-03-06 09:49:47,27,30,1814,2900
2023-03-06 09:49:47,27,29,1814,2900
2023-03-06 09:49:56,27,29,1814,2909
2023-03-06 09:50:03,27,28,1814,2909
2023-03-06 09:50:23,27,29,1814,2909
2023-03-06 09:50:30,25,29,1814,2909
2023-03-06 09:50:30,25,30,1814,2909
2023-03-06 09:50:30,26,30,1814,2909
2023-03-06 09:50:30,26,29,1814,2909
2023-03-06 09:50:35,26,28,1814,2909
2023-03-06 09:50:51,25,28,1814,2909
2023-03-06 09:50:51,26,28,1814,2909
2023-03-06 09:50:56,27,28,1814,2909
2023-03-06 09:51:12,26,27,1805,2918
2023-03-06 09:51:16,24,26,1578,3145
2023-03-06 09:51:39,23,26,1578,3145
2023-03-06 09:51:39,24,26,1578,3145
2023-03-06 09:51:50,23,26,1578,3145
2023-03-06 09:51:50,23,25,1578,3145
2023-03-06 09:51:56,23,25,1578,3154
2023-03-06 09:52:06,22,25,1578,3154
2023-03-06 09:52:06,22,26,1578,3154
2023-03-06 09:52:06,23,26,1578,3154
2023-03-06 09:52:06,23,25,1578,3154
2023-03-06 09:52:51,22,25,1578,3154
2023-03-06 09:52:51,22,26,1578,3154
2023-03-06 09:52:51,24,26,1578,3154
2023-03-06 09:52:56,24,26,1578,3162
2023-03-06 09:52:59,22,26,1578,3162
2023-03-06 09:52:59,23,26,1578,3162
2023-03-06 09:53:03,23,25,1578,3162
2023-03-06 09:53:23,23,24,1578,3162
2023-03-06 09:53:28,22,24,1578,3162
2023-03-06 09:53:49,22,23,1578,3162
2023-03-06 09:54:07,21,23,1578,3162
2023-03-06 09:54:07,20,23,1578,3162
2023-03-06 09:54:08,21,23,1578,3162
2023-03-06 09:54:31,20,23,1578,3162
2023-03-06 09:54:32,21,23,1578,3162
2023-03-06 09:54:36,21,22,1578,3162
2023-03-06 09:54:38,21,23,1578,3162
2023-03-06 09:54:45,20,23,1578,3162
2023-03-06 09:54:56,20,21,1578,3162
2023-03-06 09:55:01,21,23,1578,3170
2023-03-06 09:55:26,20,23,1578,3170
2023-03-06 09:55:43,19,23,1578,3170
2023-03-06 09:55:43,21,23,1578,3170
2023-03-06 09:55:55,19,23,1578,3170
2023-03-06 09:55:55,20,23,1578,3170
2023-03-06 09:55:56,20,21,1578,3170
2023-03-06 09:56:29,21,23,1578,3178
2023-03-06 09:56:34,21,22,1578,3178
2023-03-06 09:56:42,19,22,1578,3178
2023-03-06 09:56:42,21,22,1578,3178
2023-03-06 09:56:45,21,23,1578,3178
2023-03-06 09:56:56,21,22,1578,3178
2023-03-06 09:57:02,20,22,1578,3178
2023-03-06 09:57:46,21,22,1578,3178
2023-03-06 09:57:56,20,22,1578,3178
2023-03-06 09:57:57,21,22,1578,3178
2023-03-06 09:58:12,21,23,1578,3178
2023-03-06 09:58:24,22,23,1578,3178
2023-03-06 09:58:25,21,23,1578,3178
2023-03-06 09:58:27,21,24,1578,3178
2023-03-06 09:58:28,22,24,1578,3178
2023-03-06 09:58:37,21,24,1578,3178
2023-03-06 09:58:37,22,24,1578,3178
2023-03-06 09:58:56,22,23,1578,3178
2023-03-06 09:59:08,21,23,1578,3178
2023-03-06 09:59:08,22,23,1578,3178
2023-03-06 09:59:28,21,23,1578,3178
2023-03-06 09:59:54,21,22,1578,3178
2023-03-06 09:59:59,20,21,1533,3223
2023-03-06 10:00:06,20,22,1533,3223
2023-03-06 10:00:24,21,22,1533,3223
2023-03-06 10:00:33,22,23,1541,3231
2023-03-06 10:00:34,22,25,1541,3231
2023-03-06 10:00:35,22,23,1541,3231
2023-03-06 10:00:41,21,23,1541,3231
2023-03-06 10:00:44,21,24,1541,3231
2023-03-06 10:00:45,22,24,1541,3231
2023-03-06 10:00:54,21,24,1541,3231
2023-03-06 10:00:56,22,24,1541,3231
2023-03-06 10:01:56,22,24,1541,3239
2023-03-06 10:01:57,23,24,1541,3239
2023-03-06 10:02:14,23,25,1541,3239
2023-03-06 10:02:26,21,25,1541,3239
2023-03-06 10:02:26,23,25,1541,3239
2023-03-06 10:02:38,22,25,1541,3239
2023-03-06 10:02:38,22,26,1541,3239
2023-03-06 10:02:38,22,25,1541,3239
2023-03-06 10:02:56,21,25,1541,3239
2023-03-06 10:02:56,23,25,1541,3239
2023-03-06 10:03:02,23,24,1541,3239
2023-03-06 10:03:07,21,23,1448,3332
2023-03-06 10:03:12,20,23,1448,3332
2023-03-06 10:03:13,22,23,1448,3332
2023-03-06 10:03:26,20,23,1448,3332
2023-03-06 10:03:26,21,23,1448,3332
2023-03-06 10:03:43,20,23,1448,3332
2023-03-06 10:03:47,21,23,1448,3332
2023-03-06 10:03:52,20,23,1448,3332
2023-03-06 10:03:56,21,23,1448,3332
2023-03-06 10:04:36,21,22,1448,3332
2023-03-06 10:04:38,21,23,1448,3332
2023-03-06 10:04:45,21,22,1448,3332
2023-03-06 10:04:55,21,23,1448,3332
2023-03-06 10:05:27,19,23,1448,3332
2023-03-06 10:05:27,20,23,1448,3332
2023-03-06 10:05:29,20,22,1448,3332
2023-03-06 10:05:32,20,23,1448,3332
2023-03-06 10:05:42,19,23,1448,3332
2023-03-06 10:05:42,20,23,1448,3332
2023-03-06 10:05:42,20,22,1448,3332
2023-03-06 10:05:56,21,22,1448,3332
2023-03-06 10:05:56,21,24,1448,3332
2023-03-06 10:05:56,21,23,1448,3332
2023-03-06 10:06:50,21,22,1448,3332
2023-03-06 10:07:17,20,22,1448,3332
2023-03-06 10:07:32,20,21,1448,3332
2023-03-06 10:07:33,20,22,1448,3332
2023-03-06 10:07:35,20,21,1448,3332
2023-03-06 10:07:43,19,20,1440,3340
2023-03-06 10:07:57,17,20,1440,3340
2023-03-06 10:07:58,18,20,1440,3340
2023-03-06 10:08:01,18,19,1440,3340
2023-03-06 10:08:23,18,20,1440,3340
2023-03-06 10:08:24,18,19,1440,3340
2023-03-06 10:08:25,16,19,1440,3340
2023-03-06 10:08:25,17,19,1440,3340
2023-03-06 10:08:41,17,18,1440,3340
2023-03-06 10:08:44,17,18,1400,3380
2023-03-06 10:08:46,15,18,1400,3380
2023-03-06 10:08:46,17,18,1400,3380
2023-03-06 10:08:49,17,19,1400,3380
2023-03-06 10:08:59,14,19,1400,3380
2023-03-06 10:08:59,16,19,1400,3380
2023-03-06 10:08:59,16,18,1400,3380
2023-03-06 10:09:25,14,18,1400,3380
2023-03-06 10:09:25,16,18,1400,3380
2023-03-06 10:09:45,14,18,1400,3380
2023-03-06 10:09:45,14,19,1400,3380
2023-03-06 10:09:45,15,19,1400,3380
2023-03-06 10:09:45,15,17,1400,3380
2023-03-06 10:10:00,14,17,1400,3380
2023-03-06 10:10:00,14,19,1400,3380
2023-03-06 10:10:00,14,20,1400,3380
2023-03-06 10:10:00,15,20,1400,3380
2023-03-06 10:10:00,17,20,1400,3380
2023-03-06 10:10:00,17,19,1400,3380
2023-03-06 10:10:18,17,18,1400,3380
2023-03-06 10:10:30,14,18,1400,3380
2023-03-06 10:10:30,16,18,1400,3380
2023-03-06 10:10:44,14,18,1400,3380
2023-03-06 10:10:44,14,19,1400,3380
2023-03-06 10:10:44,15,19,1400,3380
2023-03-06 10:10:44,15,17,1400,3380
2023-03-06 10:11:06,14,17,1400,3380
2023-03-06 10:11:06,13,17,1400,3380
2023-03-06 10:11:06,13,19,1400,3380
2023-03-06 10:11:07,16,19,1400,3380
2023-03-06 10:11:07,16,18,1400,3380
2023-03-06 10:11:29,14,18,1400,3380
2023-03-06 10:11:29,13,18,1400,3380
2023-03-06 10:11:29,13,19,1400,3380
2023-03-06 10:11:30,15,19,1400,3380
2023-03-06 10:11:30,15,17,1400,3380
2023-03-06 10:11:44,14,17,1400,3380
2023-03-06 10:11:44,14,19,1400,3380
2023-03-06 10:11:44,16,19,1400,3380
2023-03-06 10:11:44,16,18,1400,3380
2023-03-06 10:12:05,13,18,935,4385
2023-03-06 10:12:06,13,19,935,4385
2023-03-06 10:12:06,16,19,935,4385
2023-03-06 10:12:06,16,18,935,4385
2023-03-06 10:12:06,16,17,935,4385
2023-03-06 10:12:21,11,17,935,4385
2023-03-06 10:12:21,13,17,935,4385
2023-03-06 10:12:21,15,17,935,4385
2023-03-06 10:12:37,14,17,935,4385
2023-03-06 10:12:37,16,17,935,4385
2023-03-06 10:12:40,14,16,773,4547
2023-03-06 10:12:59,13,16,773,4547
2023-03-06 10:12:59,12,16,773,4547
2023-03-06 10:12:59,14,16,773,4547
2023-03-06 10:13:27,14,15,773,4547
2023-03-06 10:13:28,12,15,773,4547
2023-03-06 10:13:28,11,15,773,4547
2023-03-06 10:13:28,13,15,773,4547
2023-03-06 10:13:28,14,15,773,4547
2023-03-06 10:13:34,14,16,773,4547
2023-03-06 10:13:35,14,15,773,4547
2023-03-06 10:13:39,14,16,773,4547
2023-03-06 10:13:50,13,16,773,4547
2023-03-06 10:14:00,14,16,773,4547
2023-03-06 10:14:20,13,16,773,4547
2023-03-06 10:14:21,14,16,773,4547
2023-03-06 10:14:39,14,15,773,4547
2023-03-06 10:14:44,13,15,773,4547
2023-03-06 10:14:44,12,15,773,4547
2023-03-06 10:14:44,13,15,773,4547
2023-03-06 10:14:55,12,15,773,4547
2023-03-06 10:14:55,13,15,773,4547
2023-03-06 10:15:05,13,14,773,4547
2023-03-06 10:15:28,11,14,773,4547
2023-03-06 10:15:28,12,14,773,4547
2023-03-06 10:15:45,11,14,773,4547
2023-03-06 10:15:45,13,14,773,4547
2023-03-06 10:15:57,12,14,773,4547
2023-03-06 10:15:57,11,14,773,4547
2023-03-06 10:15:57,12,14,773,4547
2023-03-06 10:16:38,11,14,773,4547
2023-03-06 10:16:38,12,14,773,4547
2023-03-06 10:16:57,11,14,773,4547
2023-03-06 10:16:57,12,14,773,4547
2023-03-06 10:17:01,12,13,773,4547
2023-03-06 10:17:12,11,13,773,4547
2023-03-06 10:17:13,12,13,773,4547
2023-03-06 10:17:25,12,13,395,4925
2023-03-06 10:17:33,10,13,395,4925
2023-03-06 10:17:33,9,13,395,4925
2023-03-06 10:17:33,11,13,395,4925
2023-03-06 10:17:50,9,13,395,4925
2023-03-06 10:17:51,10,13,395,4925
2023-03-06 10:17:51,10,12,395,4925
2023-03-06 10:18:07,10,11,395,4925
2023-03-06 10:18:20,10,11,395,4927
2023-03-06 10:18:35,8,11,395,4927
2023-03-06 10:18:35,9,11,395,4927
2023-03-06 10:19:13,8,11,395,4927
2023-03-06 10:19:13,8,10,395,4927
2023-03-06 10:19:36,5,10,395,4927
2023-03-06 10:19:36,5,11,395,4927
2023-03-06 10:19:37,7,11,395,4927
2023-03-06 10:19:37,8,11,395,4927
2023-03-06 10:19:37,8,10,395,4927
2023-03-06 10:19:48,7,10,395,4927
2023-03-06 10:19:48,5,10,395,4927
2023-03-06 10:19:48,5,11,395,4927
2023-03-06 10:19:48,8,11,395,4927
2023-03-06 10:19:48,9,11,395,4927
2023-03-06 10:20:06,8,11,395,4927
2023-03-06 10:20:06,8,10,395,4927
2023-03-06 10:20:43,6,10,395,4927
2023-03-06 10:20:43,5,10,395,4927
2023-03-06 10:20:43,5,11,395,4927
2023-03-06 10:20:43,7,11,395,4927
2023-03-06 10:20:43,8,11,395,4927
2023-03-06 10:20:43,8,10,395,4927
2023-03-06 10:21:08,7,10,395,4927
2023-03-06 10:21:08,5,10,395,4927
2023-03-06 10:21:08,5,11,395,4927
2023-03-06 10:21:08,6,11,395,4927
2023-03-06 10:21:08,8,11,395,4927
2023-03-06 10:21:08,8,10,395,4927
2023-03-06 10:21:24,8,11,395,4927
2023-03-06 10:21:24,8,10,395,4927
2023-03-06 10:21:56,8,11,522,5054
2023-03-06 10:21:56,9,11,522,5054
2023-03-06 10:22:13,8,11,522,5054
2023-03-06 10:22:13,9,11,522,5054
2023-03-06 10:22:41,8,11,522,5054
2023-03-06 10:22:41,9,11,522,5054
2023-03-06 10:22:59,7,11,522,5054
2023-03-06 10:22:59,6,11,522,5054
2023-03-06 10:22:59,6,12,522,5054
2023-03-06 10:22:59,6,13,522,5054
2023-03-06 10:23:00,8,13,522,5054
2023-03-06 10:23:00,9,13,522,5054
2023-03-06 10:23:00,9,11,522,5054
2023-03-06 10:23:32,8,11,522,5054
2023-03-06 10:23:54,9,11,522,5054
2023-03-06 10:24:12,8,11,522,5054
2023-03-06 10:24:35,8,9,522,5054
2023-03-06 10:24:41,6,9,522,5054
2023-03-06 10:24:41,4,9,522,5054
2023-03-06 10:24:41,7,9,522,5054
2023-03-06 10:25:00,6,9,522,5054
2023-03-06 10:25:00,7,9,522,5054
2023-03-06 10:25:41,4,9,522,5054
2023-03-06 10:25:41,5,9,522,5054
2023-03-06 10:25:41,6,9,522,5054
2023-03-06 10:25:41,7,9,522,5054
2023-03-06 10:26:11,8,9,522,5054
2023-03-06 10:26:29,7,9,522,5054
2023-03-06 10:26:40,7,9,522,5128
2023-03-06 10:27:33,4,9,522,5128
2023-03-06 10:27:33,5,9,522,5128
2023-03-06 10:27:33,6,9,522,5128
2023-03-06 10:27:33,7,9,522,5128
2023-03-06 10:27:54,6,9,522,5128
2023-03-06 10:27:54,7,9,522,5128
2023-03-06 10:28:15,6,9,522,5128
2023-03-06 10:28:15,7,9,522,5128
2023-03-06 10:28:38,6,9,522,5128
2023-03-06 10:28:38,7,9,522,5128
2023-03-06 10:28:56,6,9,522,5128
2023-03-06 10:28:56,5,9,522,5128
2023-03-06 10:28:56,3,9,522,5128
2023-03-06 10:28:56,4,9,522,5128
2023-03-06 10:28:56,6,9,522,5128
2023-03-06 10:28:56,6,8,522,5128
2023-03-06 10:29:13,6,9,522,5128
2023-03-06 10:29:13,6,8,522,5128
2023-03-06 10:29:43,6,9,522,5128
2023-03-06 10:29:44,7,9,522,5128
2023-03-06 10:29:53,5,9,522,5128
2023-03-06 10:29:54,3,9,522,5128
2023-03-06 10:29:54,6,9,522,5128
2023-03-06 10:29:54,7,9,522,5128
2023-03-06 10:30:35,6,9,522,5128
2023-03-06 10:30:35,7,9,522,5128
2023-03-06 10:30:53,6,9,522,5128
2023-03-06 10:30:53,7,9,522,5128
2023-03-06 10:31:15,6,9,522,5128
2023-03-06 10:31:16,7,9,522,5128
2023-03-06 10:31:20,7,9,522,5130
2023-03-06 10:31:27,5,9,522,5130
2023-03-06 10:31:27,3,9,522,5130
2023-03-06 10:31:27,6,9,522,5130
2023-03-06 10:31:27,7,9,522,5130
2023-03-06 10:31:48,6,9,522,5130
2023-03-06 10:31:48,6,8,522,5130
2023-03-06 10:32:11,6,9,522,5130
2023-03-06 10:32:11,6,8,522,5130
2023-03-06 10:32:29,5,8,522,5130
2023-03-06 10:32:29,3,8,522,5130
2023-03-06 10:32:29,3,9,522,5130
2023-03-06 10:32:29,4,9,522,5130
2023-03-06 10:32:29,6,9,522,5130
2023-03-06 10:32:29,6,8,522,5130
2023-03-06 10:32:54,5,8,522,5130
2023-03-06 10:32:54,5,9,522,5130
2023-03-06 10:32:54,6,9,522,5130
2023-03-06 10:32:54,6,8,522,5130
2023-03-06 10:33:28,5,8,522,5130
2023-03-06 10:33:28,5,9,522,5130
2023-03-06 10:33:29,6,9,522,5130
2023-03-06 10:33:50,7,9,522,5130
2023-03-06 10:34:22,6,9,522,5130
2023-03-06 10:34:22,7,9,522,5130
2023-03-06 10:34:35,6,9,522,5130
2023-03-06 10:34:35,3,9,522,5130
2023-03-06 10:34:35,5,9,522,5130
2023-03-06 10:34:35,7,9,522,5130
2023-03-06 10:34:59,6,9,522,5130
2023-03-06 10:34:59,7,9,522,5130
2023-03-06 10:35:16,6,9,522,5130
2023-03-06 10:35:16,7,9,522,5130
2023-03-06 10:35:34,6,9,522,5130
2023-03-06 10:35:34,6,8,522,5130
2023-03-06 10:35:54,6,9,522,5130
2023-03-06 10:36:01,6,8,522,5130
2023-03-06 10:36:25,6,7,522,5130
2023-03-06 10:36:27,7,8,530,5138
2023-03-06 10:36:37,6,8,530,5138
2023-03-06 10:36:37,5,8,530,5138
2023-03-06 10:36:37,5,9,530,5138
2023-03-06 10:36:37,7,9,530,5138
2023-03-06 10:37:29,5,9,530,5138
2023-03-06 10:37:29,6,9,530,5138
2023-03-06 10:37:29,7,9,530,5138
2023-03-06 10:37:30,7,8,530,5138
2023-03-06 10:37:46,6,8,530,5138
2023-03-06 10:38:32,6,7,530,5138
2023-03-06 10:39:09,5,7,530,5138
2023-03-06 10:39:30,6,7,530,5138
2023-03-06 10:39:52,5,7,530,5138
2023-03-06 10:39:52,6,7,530,5138
2023-03-06 10:40:05,5,7,530,5138
2023-03-06 10:40:06,6,7,530,5138
2023-03-06 10:40:40,5,7,530,5138
2023-03-06 10:41:33,5,6,530,5138
2023-03-06 10:41:49,4,6,530,5138
2023-03-06 10:41:49,5,6,530,5138
2023-03-06 10:42:01,4,6,530,5138
2023-03-06 10:42:01,5,6,530,5138
2023-03-06 10:42:31,4,6,530,5138
2023-03-06 10:44:25,4,5,530,5138
2023-03-06 10:44:50,2,5,530,5138
2023-03-06 10:45:32,3,5,530,5138
2023-03-06 10:46:33,3,4,530,5138
2023-03-06 10:46:47,2,4,530,5138
2023-03-06 10:46:48,3,4,530,5138
2023-03-06 10:46:56,2,4,530,5138
2023-03-06 10:46:56,3,4,530,5138
2023-03-06 10:47:26,2,4,530,5138
2023-03-06 10:47:26,3,4,530,5138
2023-03-06 10:47:41,2,4,530,5138
2023-03-06 10:47:42,3,4,530,5138
2023-03-06 10:49:04,3,5,530,5138
2023-03-06 10:49:47,3,5,630,5238
2023-03-06 10:52:05,4,5,630,5238
2023-03-06 10:52:38,3,5,630,5238
2023-03-06 10:52:38,4,5,630,5238
2023-03-06 10:52:52,3,5,630,5238
2023-03-06 10:53:35,4,5,630,5238
2023-03-06 10:53:50,3,5,630,5238
2023-03-06 10:53:50,4,5,630,5238
2023-03-06 10:54:14,3,5,630,5238
2023-03-06 10:56:33,3,5,963,5571
2023-03-06 10:57:11,4,5,963,5571
2023-03-06 10:57:29,3,5,963,5571
2023-03-06 11:01:21,4,5,963,5571
2023-03-06 11:01:22,4,6,1078,5686
2023-03-06 11:01:33,4,5,1078,5686
2023-03-06 11:02:08,3,5,1078,5686
2023-03-06 11:02:08,4,5,1078,5686
2023-03-06 11:02:26,3,5,1078,5686
2023-03-06 11:02:26,4,5,1078,5686
2023-03-06 11:02:48,4,6,1078,5686
2023-03-06 11:04:33,4,5,1078,5686
2023-03-06 11:04:47,3,5,1078,5686
2023-03-06 11:08:30,3,4,1078,5686
2023-03-06 11:08:48,3,5,1078,5686
2023-03-06 11:08:48,3,4,1078,5686
2023-03-06 11:09:10,3,5,1078,5686
2023-03-06 11:09:10,3,4,1078,5686
2023-03-06 11:09:29,3,5,1078,5686
2023-03-06 11:09:58,3,4,1078,5686
2023-03-06 11:10:29,3,5,1078,5686
2023-03-06 11:10:30,3,4,1078,5686
2023-03-06 11:10:48,3,5,1078,5686
2023-03-06 11:10:48,3,4,1078,5686
2023-03-06 11:11:35,3,5,1078,5686
2023-03-06 11:12:56,3,4,1078,5686
2023-03-06 11:13:10,3,5,1078,5686
2023-03-06 11:13:10,3,4,1078,5686
2023-03-06 11:13:35,3,5,1078,5686
2023-03-06 11:13:36,3,4,1078,5686
2023-03-06 11:14:42,3,5,1078,5686
2023-03-06 11:14:43,3,4,1078,5686
2023-03-06 11:15:07,2,3,1078,5694
2023-03-06 11:19:41,1,3,1078,5694
2023-03-06 11:20:24,1,3,1128,5744
2023-03-06 11:20:32,2,3,1128,5744
2023-03-06 11:24:33,2,3,1128,5753
2023-03-06 11:24:37,2,4,1161,5786
2023-03-06 11:24:54,2,5,1161,5786
2023-03-06 11:25:32,2,3,1161,5786
2023-03-06 11:26:42,2,4,1161,5786
2023-03-06 11:27:00,3,4,1161,5786
2023-03-06 11:27:24,2,4,1161,5786
2023-03-06 11:27:24,3,4,1161,5786
2023-03-06 11:27:42,2,4,1161,5786
2023-03-06 11:27:42,3,4,1161,5786
2023-03-06 11:28:02,4,6,1161,5795
2023-03-06 11:28:12,3,6,1161,5795
2023-03-06 11:28:12,4,6,1161,5795
2023-03-06 11:28:31,3,6,1161,5795
2023-03-06 11:28:32,3,5,1161,5795
2023-03-06 11:35:28,3,4,1161,5795
2023-03-06 11:35:43,2,4,1161,5795
2023-03-06 11:36:33,3,4,1161,5795
2023-03-06 11:36:42,3,5,1161,5795
2023-03-06 11:37:27,3,4,1161,5795
2023-03-06 11:37:43,2,4,1161,5795
2023-03-06 11:41:32,3,4,1161,5795
2023-03-06 11:41:42,3,5,1161,5795
2023-03-06 11:43:27,3,4,1161,5795
2023-03-06 11:43:59,3,5,1161,5795
2023-03-06 11:43:59,3,4,1161,5795
2023-03-06 11:44:42,2,4,1161,5795
2023-03-06 11:44:46,2,3,1161,5795
2023-03-06 11:45:33,2,3,1161,5804
2023-03-06 11:45:52,1,3,1161,5804
2023-03-06 11:45:52,2,3,1161,5804
2023-03-06 11:47:30,3,4,1161,5895
2023-03-06 11:47:42,2,4,1161,5895
2023-03-06 11:47:42,3,4,1161,5895
2023-03-06 11:48:00,2,4,1161,5895
2023-03-06 11:48:00,3,4,1161,5895
2023-03-06 11:48:36,2,4,1161,5895
2023-03-06 11:48:36,3,4,1161,5895
2023-03-06 11:48:37,3,5,1179,5913
2023-03-06 11:48:52,2,5,1179,5913
2023-03-06 11:48:52,2,7,1179,5913
2023-03-06 11:48:52,3,7,1179,5913
2023-03-06 11:48:52,3,6,1179,5913
2023-03-06 11:48:52,3,5,1179,5913
2023-03-06 11:49:04,3,5,1279,6013
2023-03-06 11:49:15,3,6,1279,6013
2023-03-06 11:49:30,3,5,1279,6013
2023-03-06 11:49:33,4,5,1279,6013
2023-03-06 11:49:45,4,6,1279,6013
2023-03-06 11:49:45,4,5,1279,6013
2023-03-06 11:51:17,4,6,1279,6013
2023-03-06 11:51:17,4,5,1279,6013
2023-03-06 11:51:33,4,6,1279,6013
2023-03-06 11:51:34,4,5,1279,6013
2023-03-06 11:52:13,4,6,1279,6013
2023-03-06 11:52:14,4,5,1279,6013
2023-03-06 11:52:30,4,6,1279,6013
2023-03-06 11:52:30,4,5,1279,6013
2023-03-06 11:53:14,4,6,1279,6013
2023-03-06 11:53:14,4,5,1279,6013
2023-03-06 11:53:41,3,4,1279,6022
2023-03-06 11:53:45,2,4,1270,6031
2023-03-06 11:53:52,2,3,1270,6031
2023-03-06 11:54:07,1,3,1270,6031
2023-03-06 11:54:09,0,3,1270,6031
2023-03-06 11:54:12,1,3,1270,6031
2023-03-06 11:54:16,0,3,1270,6031
2023-03-06 11:54:22,1,3,1270,6031
2023-03-06 11:54:25,0,3,1270,6031
2023-03-06 11:54:28,1,3,1270,6031
2023-03-06 11:54:30,0,3,1270,6031
2023-03-06 11:54:33,1,3,1270,6031
2023-03-06 12:05:52,4,7,1279,6131
2023-03-06 12:06:21,4,6,1279,6131
2023-03-06 12:06:34,4,6,1288,6140
2023-03-06 12:07:33,4,5,1288,6140
2023-03-06 12:09:55,3,5,1288,6140
2023-03-06 12:11:10,3,5,1303,6155
2023-03-06 12:19:33,3,4,1303,6155
2023-03-06 12:21:43,3,5,1303,6155
2023-03-06 12:25:46,3,6,1303,6164
2023-03-06 12:26:33,4,6,1303,6164
2023-03-06 12:26:36,3,4,1303,6172
2023-03-06 12:31:29,3,4,1408,6283
2023-03-06 12:31:29,3,5,1408,6283
2023-03-06 12:31:30,3,4,1408,6283
2023-03-06 12:31:33,3,4,1408,6292
2023-03-06 12:31:37,3,5,1536,6420
2023-03-06 12:32:13,3,6,1536,6420
2023-03-06 12:32:13,3,5,1536,6420
2023-03-06 12:32:33,3,4,1536,6420
2023-03-06 12:33:44,3,5,1536,6420
2023-03-06 12:35:53,4,5,1536,6420
2023-03-06 12:36:18,4,6,1686,6694
2023-03-06 12:36:30,4,5,1686,6694
2023-03-06 12:37:48,4,6,1686,6694
2023-03-06 12:37:48,4,5,1686,6694
2023-03-06 12:39:42,4,6,1686,6694
2023-03-06 12:39:42,5,6,1686,6694
2023-03-06 12:41:48,5,7,1686,6694
2023-03-06 12:41:48,5,6,1686,6694
2023-03-06 12:42:08,5,7,1686,6694
2023-03-06 12:42:08,5,6,1686,6694
2023-03-06 12:42:16,5,7,2098,7106
2023-03-06 12:42:28,5,6,2098,7106
2023-03-06 12:42:45,5,7,2098,7106
2023-03-06 12:42:46,5,6,2098,7106
2023-03-06 12:43:05,5,7,2098,7106
2023-03-06 12:44:21,6,7,2098,7106
2023-03-06 12:44:46,6,8,2426,7434
2023-03-06 12:45:57,7,8,2426,7434
2023-03-06 12:45:59,8,9,2434,7442
2023-03-06 12:46:19,8,10,2791,7799
2023-03-06 12:46:33,8,10,2791,7807
2023-03-06 12:46:34,8,11,2791,7807
2023-03-06 12:46:34,8,12,2791,7807
2023-03-06 12:46:34,8,11,2791,7807
2023-03-06 12:46:49,8,12,2791,7807
2023-03-06 12:46:49,9,12,2791,7807
2023-03-06 12:46:49,9,11,2791,7807
2023-03-06 12:47:11,9,12,2791,7807
2023-03-06 12:47:11,9,11,2791,7807
2023-03-06 12:47:28,10,11,2791,7807
2023-03-06 12:47:33,10,11,2791,7815
2023-03-06 12:47:36,10,12,2791,7815
2023-03-06 12:47:50,10,13,2791,7815
2023-03-06 12:47:50,10,12,2791,7815
2023-03-06 12:48:05,10,13,2791,7815
2023-03-06 12:48:06,10,12,2791,7815
2023-03-06 12:49:09,11,12,2791,7815
2023-03-06 12:50:11,12,13,2795,7823
2023-03-06 12:50:16,11,13,2795,7823
2023-03-06 12:50:17,11,13,2859,7887
2023-03-06 12:50:34,11,13,2859,7895
2023-03-06 12:50:34,11,14,2859,7895
2023-03-06 12:50:34,11,15,2859,7895
2023-03-06 12:50:35,12,15,2859,7895
2023-03-06 12:50:35,12,14,2859,7895
2023-03-06 12:50:49,11,14,2859,7895
2023-03-06 12:50:50,12,14,2859,7895
2023-03-06 12:50:56,11,14,2859,7895
2023-03-06 12:50:56,11,15,2859,7895
2023-03-06 12:50:56,12,15,2859,7895
2023-03-06 12:50:56,12,14,2859,7895
2023-03-06 12:51:29,11,14,2859,7895
2023-03-06 12:51:29,11,15,2859,7895
2023-03-06 12:51:29,12,15,2859,7895
2023-03-06 12:51:29,12,14,2859,7895
2023-03-06 12:51:33,12,13,2859,7895
2023-03-06 12:51:38,11,13,2859,7895
2023-03-06 12:51:55,12,13,2859,7895
2023-03-06 12:52:09,12,14,2867,7903
2023-03-06 12:52:41,11,14,2867,8100
2023-03-06 12:52:51,12,14,2867,8100
2023-03-06 12:53:03,11,14,2819,8148
2023-03-06 12:53:04,11,12,2819,8148
2023-03-06 12:53:06,10,12,2819,8148
2023-03-06 12:53:07,11,12,2819,8148
2023-03-06 12:53:13,11,13,2819,8148
2023-03-06 12:53:15,10,13,2819,8148
2023-03-06 12:53:15,11,13,2819,8148
2023-03-06 12:53:33,11,12,2819,8148
2023-03-06 12:53:35,10,12,2819,8148
2023-03-06 12:53:41,11,12,2819,8148
2023-03-06 12:53:53,10,12,2819,8148
2023-03-06 12:54:33,10,11,2819,8148
2023-03-06 12:56:03,10,12,2819,8148
2023-03-06 12:56:33,11,12,2819,8148
2023-03-06 12:56:48,11,13,2819,8148
2023-03-06 12:57:04,11,12,2819,8148
2023-03-06 12:57:44,10,12,2819,8148
2023-03-06 12:58:33,10,11,2819,8148
2023-03-06 12:59:06,9,11,2771,8196
2023-03-06 12:59:24,10,11,2771,8196
2023-03-06 13:00:14,10,11,2865,8290
2023-03-06 13:00:21,10,12,2865,8290
2023-03-06 13:00:21,10,11,2865,8290
2023-03-06 13:00:33,9,11,2865,8290
2023-03-06 13:00:33,10,11,2865,8290
2023-03-06 13:00:36,10,12,2865,8290
2023-03-06 13:01:11,11,12,2865,8290
2023-03-06 13:01:18,11,13,3177,8602
2023-03-06 13:01:22,11,14,3177,8602
2023-03-06 13:01:22,11,13,3177,8602
2023-03-06 13:02:31,11,12,3177,8602
2023-03-06 13:02:33,11,12,3169,8610
2023-03-06 13:02:35,10,12,3169,8610
2023-03-06 13:02:55,10,11,3169,8610
2023-03-06 13:03:11,10,12,3169,8610
2023-03-06 13:03:11,10,11,3169,8610
2023-03-06 13:03:30,10,12,3169,8610
2023-03-06 13:04:10,10,11,3169,8610
2023-03-06 13:04:27,10,12,3259,8700
2023-03-06 13:04:33,10,11,3259,8700
2023-03-06 13:04:55,9,11,3259,8700
2023-03-06 13:05:13,10,11,3259,8700
2023-03-06 13:05:33,10,11,3259,8708
2023-03-06 13:05:35,9,11,3259,8708
2023-03-06 13:05:46,8,11,3259,8708
2023-03-06 13:05:46,8,12,3259,8708
2023-03-06 13:05:47,9,12,3259,8708
2023-03-06 13:05:47,9,11,3259,8708
2023-03-06 13:06:09,9,12,3259,8708
2023-03-06 13:06:10,9,11,3259,8708
2023-03-06 13:06:27,9,12,3259,8708
2023-03-06 13:06:33,10,12,3259,8708
2023-03-06 13:06:55,10,11,3259,8708
2023-03-06 13:08:44,10,12,3259,8708
2023-03-06 13:09:29,11,12,3259,8708
2023-03-06 13:09:31,11,13,3267,8716
2023-03-06 13:09:32,12,13,3267,8716
2023-03-06 13:09:32,12,13,3267,8724
2023-03-06 13:09:40,12,14,3267,8724
2023-03-06 13:09:40,12,13,3267,8724
2023-03-06 13:09:49,11,13,3267,8724
2023-03-06 13:09:50,11,14,3574,9031
2023-03-06 13:09:51,11,14,3590,9047
2023-03-06 13:09:53,10,14,3590,9047
2023-03-06 13:09:53,10,16,3590,9047
2023-03-06 13:09:54,11,16,3590,9047
2023-03-06 13:09:54,12,16,3590,9047
2023-03-06 13:09:54,13,16,3590,9047
2023-03-06 13:09:54,13,15,3590,9047
2023-03-06 13:09:59,13,14,3590,9047
2023-03-06 13:10:07,12,14,3590,9047
2023-03-06 13:10:07,11,14,3590,9047
2023-03-06 13:10:07,12,14,3590,9047
2023-03-06 13:10:17,11,14,3590,9047
2023-03-06 13:10:17,12,14,3590,9047
2023-03-06 13:10:33,13,14,3590,9047
2023-03-06 13:10:34,12,14,3582,9055
2023-03-06 13:10:34,11,14,3582,9055
2023-03-06 13:10:34,11,15,3582,9055
2023-03-06 13:10:35,12,15,3582,9055
2023-03-06 13:10:35,12,14,3582,9055
2023-03-06 13:10:48,11,14,3582,9055
2023-03-06 13:10:48,10,14,3582,9055
2023-03-06 13:10:48,10,15,3582,9055
2023-03-06 13:10:49,12,15,3582,9055
2023-03-06 13:10:49,13,15,3582,9055
2023-03-06 13:10:52,13,14,3582,9055
2023-03-06 13:11:07,12,14,3582,9055
2023-03-06 13:11:07,11,14,3582,9055
2023-03-06 13:11:07,12,14,3582,9055
2023-03-06 13:11:33,13,14,3582,9055
2023-03-06 13:12:51,12,14,3582,9055
2023-03-06 13:12:52,12,13,3582,9055
2023-03-06 13:13:24,12,14,3582,9055
2023-03-06 13:13:27,12,13,3582,9055
2023-03-06 13:13:42,12,14,3582,9055
2023-03-06 13:14:33,12,13,3582,9055
2023-03-06 13:14:46,11,13,3582,9055
2023-03-06 13:14:46,12,13,3582,9055
2023-03-06 13:14:54,11,13,3582,9055
2023-03-06 13:15:25,12,13,3582,9055
2023-03-06 13:15:42,11,13,3582,9055
2023-03-06 13:16:00,12,13,3582,9055
2023-03-06 13:16:26,11,13,3582,9055
2023-03-06 13:16:27,12,13,3582,9055
2023-03-06 13:16:45,12,14,3582,9055
2023-03-06 13:16:54,12,15,3632,9105
2023-03-06 13:17:00,13,15,3632,9105
2023-03-06 13:17:10,13,14,3632,9105
2023-03-06 13:17:22,12,14,3632,9105
2023-03-06 13:17:37,12,13,3632,9105
2023-03-06 13:17:47,11,13,3632,9238
2023-03-06 13:18:01,10,13,3632,9238
2023-03-06 13:18:02,11,13,3632,9238
2023-03-06 13:18:10,11,12,3632,9238
2023-03-06 13:18:11,9,12,3632,9238
2023-03-06 13:18:11,9,11,3632,9238
2023-03-06 13:18:31,9,12,3632,9238
2023-03-06 13:18:31,9,13,3632,9238
2023-03-06 13:18:31,10,13,3632,9238
2023-03-06 13:18:31,10,12,3632,9238
2023-03-06 13:18:33,10,11,3632,9238
2023-03-06 13:18:42,9,11,3632,9238
2023-03-06 13:18:43,10,11,3632,9238
2023-03-06 13:18:53,9,11,3632,9238
2023-03-06 13:18:53,10,11,3632,9238
2023-03-06 13:19:20,9,11,3632,9238
2023-03-06 13:19:21,10,11,3632,9238
2023-03-06 13:19:28,9,11,3632,9238
2023-03-06 13:19:33,9,10,3632,9238
2023-03-06 13:20:06,8,10,3632,9238
2023-03-06 13:20:34,9,10,3632,9238
2023-03-06 13:20:48,10,12,3640,9246
2023-03-06 13:20:56,9,13,3640,9246
2023-03-06 13:21:33,9,11,3640,9246
2023-03-06 13:22:12,9,10,3640,9246
2023-03-06 13:22:40,8,9,3640,9254
2023-03-06 13:22:51,8,10,3640,9254
2023-03-06 13:22:59,8,9,3640,9254
2023-03-06 13:23:06,8,10,3640,9254
2023-03-06 13:23:13,8,9,3640,9254
2023-03-06 13:23:24,8,10,3640,9254
2023-03-06 13:23:42,8,9,3640,9254
2023-03-06 13:23:43,8,9,3640,9255
2023-03-06 13:23:51,8,9,3640,9297
2023-03-06 13:23:58,7,9,3640,9297
2023-03-06 13:23:58,8,9,3640,9297
2023-03-06 13:24:08,8,10,3640,9297
2023-03-06 13:24:15,7,10,3476,9461
2023-03-06 13:24:21,8,10,3476,9461
2023-03-06 13:24:29,8,10,3365,9572
2023-03-06 13:24:32,7,10,3365,9572
2023-03-06 13:24:32,8,10,3365,9572
2023-03-06 13:24:33,8,10,3365,9580
2023-03-06 13:24:39,7,10,3365,9580
2023-03-06 13:24:39,8,10,3365,9580
2023-03-06 13:24:56,7,10,3365,9580
2023-03-06 13:24:56,8,10,3365,9580
2023-03-06 13:25:27,8,11,3365,9580
2023-03-06 13:25:33,9,11,3365,9580
2023-03-06 13:25:43,10,11,3365,9580
2023-03-06 13:26:06,10,12,3373,9588
2023-03-06 13:26:09,10,13,3373,9588
2023-03-06 13:26:09,10,12,3373,9588
2023-03-06 13:26:25,10,13,3373,9588
2023-03-06 13:26:25,10,14,3373,9588
2023-03-06 13:26:25,11,14,3373,9588
2023-03-06 13:26:25,11,13,3373,9588
2023-03-06 13:26:57,11,12,3373,9588
2023-03-06 13:27:27,11,13,3373,9588
2023-03-06 13:27:38,11,12,3373,9588
2023-03-06 13:27:44,10,11,3325,9636
2023-03-06 13:27:52,8,11,3325,9636
2023-03-06 13:27:53,9,11,3325,9636
2023-03-06 13:27:53,10,11,3325,9636
2023-03-06 13:28:08,8,11,3325,9636
2023-03-06 13:28:08,9,11,3325,9636
2023-03-06 13:28:15,9,10,3325,9636
2023-03-06 13:28:19,8,10,3325,9636
2023-03-06 13:28:27,7,10,3325,9636
2023-03-06 13:28:28,8,10,3325,9636
2023-03-06 13:28:33,8,10,3325,9644
2023-03-06 13:28:45,7,10,3325,9644
2023-03-06 13:28:46,8,10,3325,9644
2023-03-06 13:28:56,7,10,3325,9644
2023-03-06 13:28:56,8,10,3325,9644
2023-03-06 13:29:23,9,10,3325,9644
2023-03-06 13:29:32,8,10,3325,9644
2023-03-06 13:29:32,9,10,3325,9644
2023-03-06 13:29:39,8,10,3325,9644
2023-03-06 13:29:51,9,10,3325,9644
2023-03-06 13:29:59,8,10,3325,9644
2023-03-06 13:29:59,9,10,3325,9644
2023-03-06 13:30:25,8,10,3325,9644
2023-03-06 13:30:33,9,10,3325,9644
2023-03-06 13:30:35,9,10,3317,9652
2023-03-06 13:30:44,9,11,3317,9652
2023-03-06 13:30:53,9,12,3317,9652
2023-03-06 13:31:04,10,12,3317,9652
2023-03-06 13:31:10,9,12,3317,9652
2023-03-06 13:31:33,9,11,3317,9652
2023-03-06 13:32:24,10,11,3317,9652
2023-03-06 13:32:34,10,11,3317,9660
2023-03-06 13:32:43,9,12,3317,9660
2023-03-06 13:32:43,8,12,3317,9660
2023-03-06 13:32:43,9,12,3317,9660
2023-03-06 13:32:44,9,11,3317,9660
2023-03-06 13:32:57,8,11,3317,9660
2023-03-06 13:32:57,8,12,3317,9660
2023-03-06 13:32:57,9,12,3317,9660
2023-03-06 13:32:57,9,11,3317,9660
2023-03-06 13:33:28,10,11,3317,9660
2023-03-06 13:34:26,10,12,3317,9660
2023-03-06 13:36:10,12,13,3364,9707
2023-03-06 13:36:15,10,13,3364,9707
2023-03-06 13:36:15,11,13,3364,9707
2023-03-06 13:36:20,11,14,3364,9707
2023-03-06 13:36:20,11,15,3364,9707
2023-03-06 13:36:20,12,15,3364,9707
2023-03-06 13:36:20,12,14,3364,9707
2023-03-06 13:36:33,12,13,3364,9707
2023-03-06 13:36:38,13,14,3364,9715
2023-03-06 13:36:39,12,14,3364,9715
2023-03-06 13:36:39,14,15,3364,9779
2023-03-06 13:36:40,12,15,3364,9779
2023-03-06 13:36:40,15,17,3364,10100
2023-03-06 13:36:46,12,15,3364,10247
2023-03-06 13:36:46,12,14,3364,10247
2023-03-06 13:36:48,12,15,3396,10279
2023-03-06 13:36:50,12,18,3396,10279
2023-03-06 13:36:50,13,18,3396,10279
2023-03-06 13:36:50,13,16,3396,10279
2023-03-06 13:36:50,13,15,3396,10279
2023-03-06 13:36:56,12,15,3396,10279
2023-03-06 13:36:56,12,18,3396,10279
2023-03-06 13:36:56,14,18,3396,10279
2023-03-06 13:36:56,14,16,3396,10279
2023-03-06 13:37:12,13,16,3396,10279
2023-03-06 13:37:12,13,17,3396,10279
2023-03-06 13:37:12,14,17,3396,10279
2023-03-06 13:37:12,14,16,3396,10279
2023-03-06 13:37:25,13,16,3396,10279
2023-03-06 13:37:25,13,17,3396,10279
2023-03-06 13:37:26,16,17,3396,10279
2023-03-06 13:37:31,16,18,3396,10279
2023-03-06 13:37:31,13,18,3396,10279
2023-03-06 13:37:31,15,18,3396,10279
2023-03-06 13:37:31,16,18,3396,10279
2023-03-06 13:37:33,17,18,3396,10279
2023-03-06 13:37:34,16,17,3388,10287
2023-03-06 13:37:46,16,18,3388,10287
2023-03-06 13:37:46,13,18,3388,10287
2023-03-06 13:37:46,16,18,3388,10287
2023-03-06 13:37:50,16,18,3388,10337
2023-03-06 13:37:52,16,17,3388,10337
2023-03-06 13:37:56,16,18,3388,10337
2023-03-06 13:37:59,15,18,3388,10337
2023-03-06 13:38:00,16,18,3388,10337
2023-03-06 13:38:08,15,18,3388,10337
2023-03-06 13:38:08,15,19,3388,10337
2023-03-06 13:38:08,16,19,3388,10337
2023-03-06 13:38:08,16,18,3388,10337
2023-03-06 13:38:19,17,18,3388,10337
2023-03-06 13:38:28,17,19,3388,10569
2023-03-06 13:38:29,16,19,3388,10569
2023-03-06 13:38:31,18,19,3388,10569
2023-03-06 13:38:33,18,19,3380,10577
2023-03-06 13:38:36,16,19,3346,10611
2023-03-06 13:38:55,15,19,3346,10611
2023-03-06 13:38:55,17,19,3346,10611
2023-03-06 13:39:09,15,19,3346,10611
2023-03-06 13:39:15,15,18,3346,10611
2023-03-06 13:39:30,14,18,3346,10611
2023-03-06 13:39:33,16,17,3346,10611
2023-03-06 13:39:44,16,18,3346,10611
2023-03-06 13:40:25,17,18,3346,10611
2023-03-06 13:40:32,16,18,3346,10611
2023-03-06 13:40:32,17,18,3346,10611
2023-03-06 13:40:42,17,19,3346,10611
2023-03-06 13:40:44,17,18,3346,10611
2023-03-06 13:41:24,16,17,3338,10619
2023-03-06 13:41:26,16,18,3338,10619
2023-03-06 13:41:29,16,17,3227,10730
2023-03-06 13:41:30,16,18,3227,10730
2023-03-06 13:41:34,16,17,3227,10730
2023-03-06 13:41:34,16,17,3227,10738
2023-03-06 13:41:35,14,17,3227,10738
2023-03-06 13:41:35,16,17,3227,10738
2023-03-06 13:41:41,14,17,2967,10998
2023-03-06 13:41:41,14,16,2967,10998
2023-03-06 13:41:42,14,15,2967,10998
2023-03-06 13:41:45,15,16,2839,11126
2023-03-06 13:41:46,14,15,2839,11176
2023-03-06 13:42:45,13,15,2839,11176
2023-03-06 13:42:45,13,14,2839,11176
2023-03-06 13:43:24,13,14,2915,11252
2023-03-06 13:43:31,13,15,2915,11252
2023-03-06 13:43:44,12,15,2915,11295
2023-03-06 13:43:44,12,14,2915,11295
2023-03-06 13:44:33,12,13,2915,11295
2023-03-06 13:45:05,12,14,2923,11303
2023-03-06 13:45:11,12,15,2923,11303
2023-03-06 13:45:11,13,15,2923,11303
2023-03-06 13:45:19,14,15,2923,11303
2023-03-06 13:45:31,14,17,2923,11303
2023-03-06 13:45:31,15,17,2923,11303
2023-03-06 13:45:31,15,16,2923,11303
2023-03-06 13:45:45,15,17,3231,11611
2023-03-06 13:46:05,15,16,3231,11611
2023-03-06 13:46:16,15,17,3231,11678
2023-03-06 13:46:22,16,17,3231,11678
2023-03-06 13:46:24,16,18,3231,11686
2023-03-06 13:46:29,16,18,3231,11752
2023-03-06 13:47:33,17,18,3231,11752
2023-03-06 13:48:58,16,17,3231,11760
2023-03-06 13:49:05,16,18,3231,11760
2023-03-06 13:49:08,15,18,3231,11760
2023-03-06 13:49:08,16,18,3231,11760
2023-03-06 13:49:32,16,19,3231,11760
2023-03-06 13:49:33,17,19,3231,11760
2023-03-06 13:50:16,17,18,3231,11760
2023-03-06 13:50:21,16,17,3231,11768
2023-03-06 13:50:24,16,18,3231,11768
2023-03-06 13:50:28,15,18,3231,11768
2023-03-06 13:50:28,16,18,3231,11768
2023-03-06 13:51:03,17,18,3231,11768
2023-03-06 13:51:15,17,20,3307,11844
2023-03-06 13:51:33,19,20,3307,11844
2023-03-06 13:51:58,18,19,3307,11852
2023-03-06 13:52:08,16,19,3307,11852
2023-03-06 13:52:08,18,19,3307,11852
2023-03-06 13:52:31,16,19,3307,11852
2023-03-06 13:52:32,17,19,3307,11852
2023-03-06 13:52:32,18,19,3307,11852
2023-03-06 13:52:45,17,18,3307,11860
2023-03-06 13:52:48,15,18,3307,11860
2023-03-06 13:52:48,17,18,3307,11860
2023-03-06 13:52:54,15,17,3307,11995
2023-03-06 13:52:56,15,18,3307,11995
2023-03-06 13:52:57,15,17,3307,11995
2023-03-06 13:53:04,16,17,3307,11995
2023-03-06 13:53:23,16,18,3307,11995
2023-03-06 13:53:31,15,18,3307,11995
2023-03-06 13:53:33,15,16,3307,11995
2023-03-06 13:53:45,16,18,3307,12003
2023-03-06 13:53:51,16,17,3307,12003
2023-03-06 13:54:01,16,18,3307,12003
2023-03-06 13:54:04,16,17,3307,12003
2023-03-06 13:54:05,15,17,3307,12003
2023-03-06 13:54:05,16,17,3307,12003
2023-03-06 13:54:13,16,18,3307,12003
2023-03-06 13:54:28,15,18,3307,12003
2023-03-06 13:54:28,15,19,3307,12003
2023-03-06 13:54:28,16,19,3307,12003
2023-03-06 13:54:28,16,18,3307,12003
2023-03-06 13:55:18,17,18,3307,12003
2023-03-06 13:55:47,16,18,3307,12003
2023-03-06 13:55:47,17,18,3307,12003
2023-03-06 13:56:14,18,19,3307,12011
2023-03-06 13:56:15,20,21,3307,12174
2023-03-06 13:56:25,20,22,3307,12174
2023-03-06 13:56:25,20,24,3307,12174
2023-03-06 13:56:26,20,23,3307,12174
2023-03-06 13:56:32,20,22,3307,12174
2023-03-06 13:56:33,20,22,3307,12182
2023-03-06 13:56:39,20,23,3677,12552
2023-03-06 13:56:47,20,22,3677,12552
2023-03-06 13:56:54,18,22,3677,12552
2023-03-06 13:56:54,19,22,3677,12552
2023-03-06 13:56:54,19,21,3677,12552
2023-03-06 13:57:07,18,21,3677,12552
2023-03-06 13:57:07,18,22,3677,12552
2023-03-06 13:57:07,19,22,3677,12552
2023-03-06 13:57:07,19,21,3677,12552
2023-03-06 13:57:26,18,21,3677,12552
2023-03-06 13:57:26,18,20,3677,12552
2023-03-06 13:57:40,19,20,3677,12552
2023-03-06 13:58:06,18,20,3612,12617
2023-03-06 13:58:08,19,20,3612,12617
2023-03-06 13:58:12,19,20,3529,12700
2023-03-06 13:58:20,18,20,3529,12700
2023-03-06 13:58:20,19,20,3529,12700
2023-03-06 13:58:26,18,20,3465,12764
2023-03-06 13:58:33,18,20,3473,12772
2023-03-06 13:58:39,18,19,3473,12772
2023-03-06 13:58:40,18,19,3561,12860
2023-03-06 13:58:45,18,21,3666,12965
2023-03-06 13:58:47,18,22,3666,12965
2023-03-06 13:58:47,18,21,3666,12965
2023-03-06 13:58:48,18,20,3666,12965
2023-03-06 13:59:34,17,20,3666,12965
2023-03-06 13:59:34,18,20,3666,12965
2023-03-06 13:59:34,18,20,3666,12965
2023-03-06 13:59:51,19,20,3666,12965
2023-03-06 14:00:10,18,20,3666,12965
2023-03-06 14:00:18,19,20,3666,12965
2023-03-06 14:00:25,19,21,3674,12973
2023-03-06 14:00:35,19,21,3674,12981
2023-03-06 14:00:39,20,21,3674,12981
2023-03-06 14:00:47,20,23,3674,12981
2023-03-06 14:00:47,20,24,3674,12981
2023-03-06 14:00:47,20,22,3674,12981
2023-03-06 14:01:04,20,24,3674,12981
2023-03-06 14:01:04,20,22,3674,12981
2023-03-06 14:01:18,20,21,3674,12981
2023-03-06 14:01:28,17,21,3674,12981
2023-03-06 14:01:28,19,21,3674,12981
2023-03-06 14:01:32,19,21,3666,12989
2023-03-06 14:01:43,17,21,3666,12989
2023-03-06 14:01:43,18,21,3666,12989
2023-03-06 14:01:43,18,20,3666,12989
2023-03-06 14:02:04,17,20,3666,12989
2023-03-06 14:02:04,17,21,3666,12989
2023-03-06 14:02:04,17,19,3666,12989
2023-03-06 14:02:12,18,19,3666,12989
2023-03-06 14:02:14,18,21,3696,13019
2023-03-06 14:02:21,19,21,3696,13019
2023-03-06 14:02:28,18,21,3696,13019
2023-03-06 14:02:30,20,22,3696,13019
2023-03-06 14:02:30,20,23,3696,13019
2023-03-06 14:02:31,20,21,3696,13019
2023-03-06 14:02:34,20,21,3696,13028
2023-03-06 14:02:51,20,23,3696,13028
2023-03-06 14:02:51,20,22,3696,13028
2023-03-06 14:03:12,18,22,3696,13028
2023-03-06 14:03:12,18,23,3696,13028
2023-03-06 14:03:12,20,23,3696,13028
2023-03-06 14:03:12,20,22,3696,13028
2023-03-06 14:03:12,18,20,3696,13115
2023-03-06 14:03:18,17,20,3696,13115
2023-03-06 14:03:18,19,20,3696,13115
2023-03-06 14:03:26,19,22,3696,13115
2023-03-06 14:03:34,19,22,3696,13124
2023-03-06 14:03:34,19,21,3696,13124
2023-03-06 14:03:40,19,23,3696,13124
2023-03-06 14:03:40,19,22,3696,13124
2023-03-06 14:03:40,19,22,3696,13151
2023-03-06 14:03:40,19,21,3696,13151
2023-03-06 14:03:40,19,20,3696,13151
2023-03-06 14:03:46,20,21,3705,13160
2023-03-06 14:03:47,19,20,3705,13160
2023-03-06 14:03:47,19,21,3705,13160
2023-03-06 14:04:00,19,22,3705,13160
2023-03-06 14:04:00,19,23,3705,13160
2023-03-06 14:04:00,20,23,3705,13160
2023-03-06 14:04:00,20,22,3705,13160
2023-03-06 14:04:15,19,22,3705,13160
2023-03-06 14:04:15,19,23,3705,13160
2023-03-06 14:04:15,19,22,3705,13160
2023-03-06 14:04:27,19,21,3705,13160
2023-03-06 14:04:34,19,21,3706,13169
2023-03-06 14:04:49,19,21,3706,13189
2023-03-06 14:04:55,19,21,3706,13207
2023-03-06 14:04:58,17,21,3592,13321
2023-03-06 14:05:00,16,21,3592,13321
2023-03-06 14:05:00,18,21,3592,13321
2023-03-06 14:05:00,18,20,3592,13321
2023-03-06 14:05:05,16,20,3504,13409
2023-03-06 14:05:14,16,21,3504,13409
2023-03-06 14:05:14,17,21,3504,13409
2023-03-06 14:05:14,17,19,3504,13409
2023-03-06 14:05:15,17,18,3504,13409
2023-03-06 14:05:21,15,18,3363,13550
2023-03-06 14:05:23,15,19,3363,13550
2023-03-06 14:05:29,15,21,3363,13550
2023-03-06 14:05:29,15,20,3363,13550
2023-03-06 14:05:29,15,17,3363,13550
2023-03-06 14:05:34,15,17,3372,13559
2023-03-06 14:05:38,16,17,3372,13559
2023-03-06 14:05:52,16,19,3372,13559
2023-03-06 14:05:52,16,18,3372,13559
2023-03-06 14:05:52,16,17,3372,13559
2023-03-06 14:05:57,16,19,3372,13624
2023-03-06 14:05:59,16,20,3372,13624
2023-03-06 14:05:59,16,19,3372,13624
2023-03-06 14:05:59,16,18,3372,13624
2023-03-06 14:06:10,16,20,3372,13624
2023-03-06 14:06:11,16,19,3372,13624
2023-03-06 14:06:11,16,18,3372,13624
2023-03-06 14:06:12,17,18,3372,13624
2023-03-06 14:06:16,16,18,3372,13624
2023-03-06 14:06:31,16,20,3372,13624
2023-03-06 14:06:31,16,21,3372,13624
2023-03-06 14:06:31,16,19,3372,13624
2023-03-06 14:06:31,16,18,3372,13624
2023-03-06 14:06:34,16,18,3381,13633
2023-03-06 14:06:49,15,18,3381,13633
2023-03-06 14:06:49,15,19,3381,13633
2023-03-06 14:06:49,15,17,3381,13633
2023-03-06 14:06:59,15,19,3381,13633
2023-03-06 14:06:59,15,18,3381,13633
2023-03-06 14:06:59,15,16,3381,13633
2023-03-06 14:07:30,15,18,3381,13633
2023-03-06 14:07:30,15,19,3381,13633
2023-03-06 14:07:30,15,18,3381,13633
2023-03-06 14:07:30,15,17,3381,13633
2023-03-06 14:07:30,16,17,3381,13633
2023-03-06 14:07:31,15,17,3381,13633
2023-03-06 14:07:34,15,17,3390,13642
2023-03-06 14:07:38,16,17,3390,13642
2023-03-06 14:07:46,16,19,3390,13642
2023-03-06 14:07:46,16,17,3390,13642
2023-03-06 14:07:58,16,20,3390,13642
2023-03-06 14:07:58,16,18,3390,13642
2023-03-06 14:08:25,15,18,3390,13642
2023-03-06 14:08:25,15,19,3390,13642
2023-03-06 14:08:25,15,17,3390,13642
2023-03-06 14:08:27,15,19,3461,13713
2023-03-06 14:08:27,15,18,3461,13713
2023-03-06 14:08:31,16,18,3461,13713
2023-03-06 14:08:34,16,18,3470,13722
2023-03-06 14:08:41,16,20,3470,13722
2023-03-06 14:08:41,16,18,3470,13722
2023-03-06 14:08:58,15,18,3470,13722
2023-03-06 14:08:58,15,17,3470,13722
2023-03-06 14:09:01,14,17,3470,13722
2023-03-06 14:09:06,14,16,3470,13722
2023-03-06 14:09:33,14,16,3470,13731
2023-03-06 14:10:15,14,16,3448,13753
2023-03-06 14:10:19,14,18,3537,13922
2023-03-06 14:10:24,15,18,3537,13922
2023-03-06 14:10:30,15,19,3537,13922
2023-03-06 14:10:30,15,17,3537,13922
2023-03-06 14:10:32,16,17,3537,13922
2023-03-06 14:10:34,16,17,3546,13931
2023-03-06 14:10:54,16,20,3546,13931
2023-03-06 14:10:55,16,18,3546,13931
2023-03-06 14:11:06,14,18,3546,13931
2023-03-06 14:11:06,15,18,3546,13931
2023-03-06 14:11:06,16,18,3546,13931
2023-03-06 14:11:28,16,18,3461,14016
2023-03-06 14:11:32,13,18,3461,14016
2023-03-06 14:11:33,14,18,3461,14016
2023-03-06 14:11:33,14,16,3461,14016
2023-03-06 14:11:34,14,16,3470,14025
2023-03-06 14:11:40,13,16,3470,14025
2023-03-06 14:11:40,14,16,3470,14025
2023-03-06 14:11:46,13,16,3429,14066
2023-03-06 14:11:55,13,15,3429,14066
2023-03-06 14:12:11,12,15,3429,14066
2023-03-06 14:12:11,11,15,3429,14066
2023-03-06 14:12:11,12,15,3429,14066
2023-03-06 14:12:11,12,14,3429,14066
2023-03-06 14:12:19,11,14,3284,14211
2023-03-06 14:12:20,11,15,3284,14211
2023-03-06 14:12:20,12,15,3284,14211
2023-03-06 14:12:20,12,14,3284,14211
2023-03-06 14:12:30,11,14,3160,14335
2023-03-06 14:12:35,11,14,3168,14343
2023-03-06 14:12:38,11,15,3168,14343
2023-03-06 14:12:38,11,14,3168,14343
2023-03-06 14:12:38,11,13,3168,14343
2023-03-06 14:13:02,11,14,3168,14343
2023-03-06 14:13:02,11,13,3168,14343
2023-03-06 14:13:07,11,14,3168,14343
2023-03-06 14:13:07,11,13,3168,14343
2023-03-06 14:13:18,12,13,3168,14343
2023-03-06 14:13:34,12,13,3176,14351
2023-03-06 14:13:36,12,14,3176,14351
2023-03-06 14:13:36,12,13,3176,14351
2023-03-06 14:13:46,12,14,3176,14351
2023-03-06 14:13:46,12,13,3176,14351
2023-03-06 14:14:00,12,14,3176,14351
2023-03-06 14:14:00,12,13,3176,14351
2023-03-06 14:14:29,12,13,3221,14396
2023-03-06 14:15:25,12,14,3221,14396
2023-03-06 14:15:26,12,13,3221,14396
2023-03-06 14:15:34,12,13,3229,14404
2023-03-06 14:15:43,11,13,3229,14404
2023-03-06 14:15:45,11,14,3264,14439
2023-03-06 14:15:47,13,14,3264,14439
2023-03-06 14:15:49,13,15,3487,14662
2023-03-06 14:15:51,13,14,3487,14662
2023-03-06 14:15:51,14,15,3487,14857
2023-03-06 14:15:57,14,17,3712,15090
2023-03-06 14:15:59,14,16,3712,15090
2023-03-06 14:16:12,14,17,3712,15090
2023-03-06 14:16:12,15,17,3712,15090
2023-03-06 14:16:19,16,17,3712,15090
2023-03-06 14:16:23,16,18,3712,15090
2023-03-06 14:16:23,16,17,3712,15090
2023-03-06 14:16:25,15,17,3712,15090
2023-03-06 14:16:29,14,17,3712,15090
2023-03-06 14:16:30,14,18,3712,15090
2023-03-06 14:16:30,15,18,3712,15090
2023-03-06 14:16:30,16,18,3712,15090
2023-03-06 14:16:34,17,18,3712,15090
2023-03-06 14:16:47,17,19,3712,15090
2023-03-06 14:16:52,17,20,3788,15174
2023-03-06 14:17:05,17,21,3983,15369
2023-03-06 14:17:06,17,20,3983,15369
2023-03-06 14:17:10,17,23,3983,15369
2023-03-06 14:17:10,18,23,3983,15369
2023-03-06 14:17:10,18,22,3983,15369
2023-03-06 14:17:10,18,20,3983,15369
2023-03-06 14:17:14,18,22,4067,15453
2023-03-06 14:17:14,18,21,4067,15453
2023-03-06 14:17:15,18,20,4067,15453
2023-03-06 14:17:29,17,20,4067,15453
2023-03-06 14:17:29,17,21,4067,15453
2023-03-06 14:17:30,19,21,4067,15453
2023-03-06 14:17:35,19,20,4067,15453
2023-03-06 14:17:35,18,20,4067,15453
2023-03-06 14:17:35,19,20,4067,15453
2023-03-06 14:17:46,18,20,4067,15453
2023-03-06 14:17:48,18,19,4067,15453
2023-03-06 14:18:06,18,20,4067,15453
2023-03-06 14:19:34,19,20,4067,15453
2023-03-06 14:19:42,17,20,4067,15461
2023-03-06 14:19:54,17,21,4067,15461
2023-03-06 14:20:32,17,20,4067,15461
2023-03-06 14:20:32,19,20,4067,15461
2023-03-06 14:20:34,19,20,4059,15469
2023-03-06 14:20:35,17,19,4005,15523
2023-03-06 14:20:37,17,20,4005,15523
2023-03-06 14:21:05,17,19,4005,15523
2023-03-06 14:21:14,18,19,4005,15523
2023-03-06 14:21:14,18,21,4066,15584
2023-03-06 14:21:15,19,21,4066,15584
2023-03-06 14:21:19,19,22,4066,15584
2023-03-06 14:21:19,19,20,4066,15584
2023-03-06 14:21:22,19,22,4228,15746
2023-03-06 14:21:28,19,24,4228,15746
2023-03-06 14:21:29,19,22,4228,15746
2023-03-06 14:21:33,20,22,4228,15746
2023-03-06 14:21:49,21,22,4228,15746
2023-03-06 14:21:50,20,21,4137,15837
2023-03-06 14:21:52,20,22,4137,15837
2023-03-06 14:22:00,20,21,4137,15837
2023-03-06 14:22:11,20,22,4137,15837
2023-03-06 14:22:27,21,22,4137,15837
2023-03-06 14:22:33,21,22,4129,15845
2023-03-06 14:22:47,19,22,4129,15845
2023-03-06 14:22:47,18,22,4129,15845
2023-03-06 14:22:47,19,22,4129,15845
2023-03-06 14:23:33,20,22,4129,15845
2023-03-06 14:23:40,20,21,4129,15845
2023-03-06 14:23:47,19,21,4129,15853
2023-03-06 14:23:58,19,20,4129,15853
2023-03-06 14:23:59,17,20,4129,15853
2023-03-06 14:23:59,18,20,4129,15853
2023-03-06 14:24:30,16,20,4129,15853
2023-03-06 14:24:30,16,21,4129,15853
2023-03-06 14:24:30,18,21,4129,15853
2023-03-06 14:24:30,18,20,4129,15853
2023-03-06 14:24:34,18,19,4129,15853
2023-03-06 14:24:44,17,19,4129,15853
2023-03-06 14:24:44,18,19,4129,15853
2023-03-06 14:24:56,18,20,4129,15861
2023-03-06 14:25:01,18,22,4129,15861
2023-03-06 14:25:01,18,20,4129,15861
2023-03-06 14:25:06,18,22,4169,15901
2023-03-06 14:25:08,18,20,4169,15901
2023-03-06 14:25:16,18,22,4169,15901
2023-03-06 14:25:16,18,21,4169,15901
2023-03-06 14:25:28,18,22,4169,15901
2023-03-06 14:25:28,19,22,4169,15901
2023-03-06 14:25:28,19,21,4169,15901
2023-03-06 14:25:32,19,20,4169,15901
2023-03-06 14:25:41,19,21,4169,15901
2023-03-06 14:25:43,20,21,4169,15901
2023-03-06 14:25:48,20,23,4288,16028
2023-03-06 14:25:50,19,23,4288,16028
2023-03-06 14:25:58,20,23,4288,16028
2023-03-06 14:25:58,20,22,4288,16028
2023-03-06 14:26:04,21,22,4288,16028
2023-03-06 14:26:07,21,23,4345,16085
2023-03-06 14:26:17,23,25,4479,16219
2023-03-06 14:26:20,21,23,4607,16347
2023-03-06 14:26:27,21,25,4607,16347
2023-03-06 14:26:27,23,25,4607,16347
2023-03-06 14:26:34,23,25,4599,16355
2023-03-06 14:26:35,21,25,4553,16401
2023-03-06 14:26:36,21,24,4553,16401
2023-03-06 14:26:39,23,24,4553,16401
2023-03-06 14:26:40,23,24,4469,16485
2023-03-06 14:26:49,21,24,4469,16485
2023-03-06 14:26:49,23,24,4469,16485
2023-03-06 14:26:53,21,23,4459,16502
2023-03-06 14:27:00,21,24,4459,16502
2023-03-06 14:27:02,21,25,4459,16502
2023-03-06 14:27:05,21,26,4459,16502
2023-03-06 14:27:05,22,26,4459,16502
2023-03-06 14:27:05,22,24,4459,16502
2023-03-06 14:27:29,23,24,4459,16502
2023-03-06 14:27:30,23,28,4459,16502
2023-03-06 14:27:30,23,27,4459,16502
2023-03-06 14:27:30,24,27,4459,16502
2023-03-06 14:27:30,24,26,4459,16502
2023-03-06 14:27:47,24,28,4550,16601
2023-03-06 14:27:49,24,27,4550,16601
2023-03-06 14:28:00,24,28,4550,16601
2023-03-06 14:28:01,24,26,4550,16601
2023-03-06 14:28:11,23,26,4558,16609
2023-03-06 14:28:20,21,26,4558,16718
2023-03-06 14:28:24,19,26,4558,16718
2023-03-06 14:28:24,21,26,4558,16718
2023-03-06 14:28:24,21,24,4558,16718
2023-03-06 14:28:31,19,24,4412,16864
2023-03-06 14:28:34,21,24,4412,16864
2023-03-06 14:28:34,21,23,4412,16864
2023-03-06 14:29:03,22,23,4412,16864
2023-03-06 14:29:13,21,23,4288,16992
2023-03-06 14:29:38,21,22,4288,16992
2023-03-06 14:29:44,20,22,4288,17000
2023-03-06 14:29:50,19,22,4288,17000
2023-03-06 14:29:50,19,21,4288,17000
2023-03-06 14:29:57,19,22,4288,17000
2023-03-06 14:29:57,19,21,4288,17000
2023-03-06 14:30:27,17,21,4288,17000
2023-03-06 14:30:27,17,22,4288,17000
2023-03-06 14:30:27,18,22,4288,17000
2023-03-06 14:30:27,18,20,4288,17000
2023-03-06 14:30:46,18,19,4288,17000
2023-03-06 14:30:50,15,19,4215,17081
2023-03-06 14:30:55,15,20,4215,17081
2023-03-06 14:30:55,16,20,4215,17081
2023-03-06 14:30:55,16,19,4215,17081
2023-03-06 14:31:04,16,20,4215,17081
2023-03-06 14:31:04,16,19,4215,17081
2023-03-06 14:31:33,16,20,4215,17081
2023-03-06 14:31:33,17,20,4215,17081
2023-03-06 14:31:33,17,19,4215,17081
2023-03-06 14:32:07,16,19,4123,17181
2023-03-06 14:32:19,16,18,4123,17181
2023-03-06 14:32:32,17,18,4123,17181
2023-03-06 14:33:12,16,18,4123,17181
2023-03-06 14:33:29,15,18,4051,17261
2023-03-06 14:33:29,15,17,4051,17261
2023-03-06 14:33:41,14,17,3997,17323
2023-03-06 14:33:53,14,16,3997,17323
2023-03-06 14:33:54,15,16,3997,17323
2023-03-06 14:34:03,15,17,4106,17432
2023-03-06 14:34:06,15,18,4270,17604
2023-03-06 14:34:10,15,21,4270,17604
2023-03-06 14:34:10,15,19,4270,17604
2023-03-06 14:34:10,15,17,4270,17604
2023-03-06 14:34:11,17,19,4379,17713
2023-03-06 14:34:12,15,19,4379,17713
2023-03-06 14:34:25,15,21,4379,17713
2023-03-06 14:34:25,17,21,4379,17713
2023-03-06 14:34:25,17,19,4379,17713
2023-03-06 14:34:35,18,19,4379,17713
2023-03-06 14:34:46,17,19,4379,17713
2023-03-06 14:34:46,18,19,4379,17713
2023-03-06 14:34:58,18,20,4379,17721
2023-03-06 14:34:59,17,20,4379,17721
2023-03-06 14:34:59,17,21,4379,17721
2023-03-06 14:34:59,19,21,4379,17721
2023-03-06 14:35:15,19,22,4426,17896
2023-03-06 14:35:34,20,22,4426,17896
2023-03-06 14:36:29,19,20,4434,17904
2023-03-06 14:36:33,19,22,4442,17912
2023-03-06 14:36:35,19,21,4442,17912
2023-03-06 14:36:40,20,21,4442,17912
2023-03-06 14:36:43,20,22,4442,17920
2023-03-06 14:37:10,19,20,4409,17953
2023-03-06 14:37:11,19,22,4409,17953
2023-03-06 14:37:12,19,21,4409,17953
2023-03-06 14:37:21,19,22,4409,17953
2023-03-06 14:37:28,19,24,4409,17953
2023-03-06 14:37:28,19,23,4409,17953
2023-03-06 14:37:28,19,20,4409,17953
2023-03-06 14:37:28,20,22,4421,17965
2023-03-06 14:37:30,22,23,4547,18091
2023-03-06 14:37:34,19,23,4547,18091
2023-03-06 14:37:34,20,23,4547,18091
2023-03-06 14:37:34,20,22,4547,18091
2023-03-06 14:37:57,20,23,4547,18099
2023-03-06 14:38:27,20,24,4547,18099
2023-03-06 14:38:27,21,24,4547,18099
2023-03-06 14:38:27,21,23,4547,18099
2023-03-06 14:38:34,21,22,4547,18099
2023-03-06 14:38:42,20,22,4547,18099
2023-03-06 14:39:09,20,21,4547,18099
2023-03-06 14:39:11,20,22,4547,18099
2023-03-06 14:39:35,20,21,4547,18099
2023-03-06 14:39:43,19,21,4547,18099
2023-03-06 14:40:09,20,21,4547,18099
2023-03-06 14:40:27,19,21,4547,18099
2023-03-06 14:40:34,20,21,4547,18099
2023-03-06 14:40:38,20,21,4513,18133
2023-03-06 14:40:52,19,20,4513,18141
2023-03-06 14:40:53,16,20,4513,18141
2023-03-06 14:40:54,17,21,4513,18141
2023-03-06 14:40:54,19,21,4513,18141
2023-03-06 14:40:56,19,20,4513,18141
2023-03-06 14:40:57,17,19,4474,18198
2023-03-06 14:41:04,16,20,4474,18198
2023-03-06 14:41:05,17,20,4474,18198
2023-03-06 14:41:05,18,20,4474,18198
2023-03-06 14:41:25,17,20,4474,18198
2023-03-06 14:41:33,19,20,4474,18198
2023-03-06 14:41:45,19,21,4474,18198
2023-03-06 14:42:06,19,20,4474,18198
2023-03-06 14:42:10,19,21,4497,18239
2023-03-06 14:42:57,19,20,4497,18239
2023-03-06 14:43:07,18,19,4497,18247
2023-03-06 14:43:10,18,20,4497,18247
2023-03-06 14:43:15,16,20,4482,18296
2023-03-06 14:43:21,15,20,4482,18296
2023-03-06 14:43:21,17,20,4482,18296
2023-03-06 14:43:32,15,20,4394,18384
2023-03-06 14:43:33,14,20,4394,18384
2023-03-06 14:43:33,16,20,4394,18384
2023-03-06 14:43:33,16,18,4394,18384
2023-03-06 14:44:13,15,18,4394,18392
2023-03-06 14:44:25,15,17,4394,18392
2023-03-06 14:44:35,15,16,4394,18392
2023-03-06 14:44:44,14,16,4364,18422
2023-03-06 14:44:47,13,16,4236,18652
2023-03-06 14:44:49,14,16,4236,18652
2023-03-06 14:44:58,13,16,4236,18652
2023-03-06 14:44:58,14,16,4236,18652
2023-03-06 14:45:10,13,16,4236,18652
2023-03-06 14:45:11,14,16,4236,18652
2023-03-06 14:45:45,14,18,4285,18709
2023-03-06 14:45:45,15,18,4285,18709
2023-03-06 14:45:45,15,19,4285,18709
2023-03-06 14:45:45,15,17,4285,18709
2023-03-06 14:45:58,15,19,4285,18709
2023-03-06 14:45:58,15,17,4285,18709
2023-03-06 14:46:06,15,19,4285,18709
2023-03-06 14:46:06,15,18,4285,18709
2023-03-06 14:46:28,15,19,4285,18709
2023-03-06 14:46:28,15,17,4285,18709
2023-03-06 14:46:34,16,17,4285,18709
2023-03-06 14:46:46,16,18,4285,18709
2023-03-06 14:47:04,16,20,4313,18745
2023-03-06 14:47:05,17,20,4313,18745
2023-03-06 14:47:07,17,21,4313,18745
2023-03-06 14:47:07,17,19,4313,18745
2023-03-06 14:47:14,17,22,4313,18745
2023-03-06 14:47:14,17,20,4313,18745
2023-03-06 14:47:18,17,22,4389,18821
2023-03-06 14:47:20,19,22,4389,18821
2023-03-06 14:47:26,19,24,4581,19141
2023-03-06 14:47:27,19,22,4581,19141
2023-03-06 14:47:28,19,24,4581,19141
2023-03-06 14:47:28,19,21,4581,19141
2023-03-06 14:47:34,20,21,4581,19141
2023-03-06 14:47:35,20,22,4581,19141
2023-03-06 14:47:35,22,24,4573,19149
2023-03-06 14:47:45,20,24,4573,19149
2023-03-06 14:47:45,22,24,4573,19149
2023-03-06 14:47:57,20,24,4573,19149
2023-03-06 14:47:57,21,24,4573,19149
2023-03-06 14:48:32,21,25,4573,19149
2023-03-06 14:48:32,22,25,4573,19149
2023-03-06 14:48:34,22,24,4573,19149
2023-03-06 14:48:41,22,25,4573,19157
2023-03-06 14:48:45,22,27,4573,19157
2023-03-06 14:48:45,23,27,4573,19157
2023-03-06 14:48:45,23,25,4573,19157
2023-03-06 14:48:55,23,28,4573,19157
2023-03-06 14:48:55,23,26,4573,19157
2023-03-06 14:49:02,23,28,4629,19213
2023-03-06 14:49:02,24,28,4629,19213
2023-03-06 14:49:03,25,28,4629,19213
2023-03-06 14:49:04,26,28,4629,19213
2023-03-06 14:49:16,24,28,4629,19213
2023-03-06 14:49:16,23,28,4629,19213
2023-03-06 14:49:16,27,28,4629,19213
2023-03-06 14:49:17,25,27,4603,19239
2023-03-06 14:49:27,23,28,4516,19326
2023-03-06 14:49:27,25,28,4516,19326
2023-03-06 14:49:29,25,27,4516,19326
2023-03-06 14:49:34,23,27,4516,19326
2023-03-06 14:49:34,24,27,4516,19326
2023-03-06 14:49:34,24,26,4516,19326
2023-03-06 14:49:34,24,25,4516,19326
2023-03-06 14:49:40,23,25,4482,19360
2023-03-06 14:50:01,24,25,4482,19360
2023-03-06 14:50:05,25,26,4474,19368
2023-03-06 14:50:10,25,28,4526,19420
2023-03-06 14:50:17,24,28,4526,19420
2023-03-06 14:50:17,26,28,4526,19420
2023-03-06 14:50:27,26,27,4526,19420
2023-03-06 14:50:34,26,28,4526,19420
2023-03-06 14:50:52,26,28,4527,19421
2023-03-06 14:50:53,26,27,4527,19421
2023-03-06 14:51:03,26,27,4509,19439
2023-03-06 14:51:03,26,28,4509,19439
2023-03-06 14:51:19,27,28,4509,19439
2023-03-06 14:51:29,28,31,4501,19447
2023-03-06 14:51:34,28,30,4501,19447
2023-03-06 14:51:50,28,29,4501,19447
2023-03-06 14:52:02,28,30,4501,19447
2023-03-06 14:52:44,28,29,4501,19447
2023-03-06 14:52:46,27,28,4494,19509
2023-03-06 14:52:48,26,29,4494,19509
2023-03-06 14:53:00,25,29,4494,19509
2023-03-06 14:53:00,27,29,4494,19509
2023-03-06 14:53:13,27,29,4494,19513
2023-03-06 14:53:29,26,30,4494,19513
2023-03-06 14:53:29,28,30,4494,19513
2023-03-06 14:53:34,28,29,4494,19513
2023-03-06 14:53:39,27,28,4494,19539
2023-03-06 14:53:40,27,29,4494,19539
2023-03-06 14:53:49,28,29,4494,19539
2023-03-06 14:53:50,27,28,4494,19582
2023-03-06 14:53:59,27,29,4494,19582
2023-03-06 14:54:06,26,27,4503,19591
2023-03-06 14:54:18,26,29,4518,19606
2023-03-06 14:54:32,26,28,4518,19606
2023-03-06 14:54:35,26,27,4518,19606
2023-03-06 14:54:44,25,26,4518,19638
2023-03-06 14:54:52,25,27,4518,19638
2023-03-06 14:54:55,23,27,4526,19694
2023-03-06 14:55:00,20,27,4526,19694
2023-03-06 14:55:00,23,27,4526,19694
2023-03-06 14:55:00,23,26,4526,19694
2023-03-06 14:55:12,23,25,4526,19694
2023-03-06 14:55:13,21,25,4478,19742
2023-03-06 14:55:16,21,26,4478,19742
2023-03-06 14:55:19,20,23,4478,19742
2023-03-06 14:55:19,22,23,4478,19742
2023-03-06 14:55:28,22,25,4478,19742
2023-03-06 14:55:28,20,21,4478,19799
2023-03-06 14:55:29,19,21,4478,19799
2023-03-06 14:55:29,16,21,4478,19799
2023-03-06 14:55:29,17,21,4478,19799
2023-03-06 14:55:29,19,21,4478,19799
2023-03-06 14:55:33,19,23,4478,19799
2023-03-06 14:55:33,19,21,4478,19799
2023-03-06 14:55:48,17,18,4425,19860
2023-03-06 14:55:49,17,18,4337,19948
2023-03-06 14:56:02,17,20,4297,19988
2023-03-06 14:56:08,17,21,4297,19988
2023-03-06 14:56:08,18,21,4297,19988
2023-03-06 14:56:08,18,20,4297,19988
2023-03-06 14:56:12,19,20,4297,19988
2023-03-06 14:56:13,18,20,4297,19988
2023-03-06 14:56:31,17,20,4297,19988
2023-03-06 14:56:36,17,19,4297,19988
2023-03-06 14:56:42,18,19,4297,19988
2023-03-06 14:56:50,19,20,4289,19996
2023-03-06 14:56:51,18,20,4289,19996
2023-03-06 14:56:57,20,22,4268,20158
2023-03-06 14:57:00,19,22,4268,20158
2023-03-06 14:57:04,21,23,4268,20158
2023-03-06 14:57:04,19,21,4268,20215
2023-03-06 14:57:11,19,23,4268,20215
2023-03-06 14:57:11,19,22,4268,20215
2023-03-06 14:57:19,20,22,4268,20215
2023-03-06 14:57:20,20,24,4337,20284
2023-03-06 14:57:20,20,26,4337,20284
2023-03-06 14:57:21,21,26,4337,20284
2023-03-06 14:57:21,21,24,4337,20284
2023-03-06 14:57:27,22,24,4337,20284
2023-03-06 14:57:29,22,26,4337,20284
2023-03-06 14:57:29,22,25,4337,20284
2023-03-06 14:57:35,23,25,4337,20284
2023-03-06 14:57:43,25,26,4329,20292
2023-03-06 14:57:43,23,25,4291,20330
2023-03-06 14:57:45,23,26,4291,20330
2023-03-06 14:57:51,24,26,4291,20330
2023-03-06 14:57:55,24,27,4291,20330
2023-03-06 14:57:56,23,27,4291,20330
2023-03-06 14:57:56,26,27,4291,20330
2023-03-06 14:58:03,26,28,4291,20330
2023-03-06 14:58:17,24,28,4291,20330
2023-03-06 14:58:17,26,28,4291,20330
2023-03-06 14:58:21,24,28,4253,20368
2023-03-06 14:58:24,26,28,4253,20368
2023-03-06 14:58:29,24,28,4253,20368
2023-03-06 14:58:29,25,28,4253,20368
2023-03-06 14:58:34,26,28,4253,20368
2023-03-06 14:58:42,27,28,4253,20368
2023-03-06 14:58:45,26,27,4229,20392
2023-03-06 14:58:49,26,28,4229,20392
2023-03-06 14:58:57,27,28,4229,20392
2023-03-06 14:59:04,26,28,4229,20392
2023-03-06 14:59:04,27,28,4229,20392
2023-03-06 14:59:14,26,28,4229,20392
2023-03-06 14:59:21,28,30,4221,20400
2023-03-06 14:59:21,28,29,4221,20400
2023-03-06 14:59:27,27,29,4221,20400
2023-03-06 14:59:27,28,29,4221,20400
2023-03-06 14:59:32,27,29,4221,20400
2023-03-06 14:59:41,28,29,4221,20400
2023-03-06 14:59:44,27,28,4182,20439
2023-03-06 14:59:50,27,29,4182,20439
2023-03-06 14:59:50,25,27,4170,20502
2023-03-06 14:59:53,25,29,4170,20502
2023-03-06 14:59:56,24,29,4170,20502
2023-03-06 14:59:56,26,29,4170,20502
2023-03-06 15:00:01,26,27,4170,20502
2023-03-06 15:00:07,26,29,4170,20502
2023-03-06 15:00:08,24,29,4170,20502
2023-03-06 15:00:08,23,29,4170,20502
2023-03-06 15:00:08,25,29,4170,20502
2023-03-06 15:00:08,25,28,4170,20502
2023-03-06 15:00:24,25,29,4208,20540
2023-03-06 15:00:26,26,29,4208,20540
2023-03-06 15:00:31,26,27,4208,20540
2023-03-06 15:00:31,27,29,4208,20578
2023-03-06 15:00:33,26,29,4208,20578
2023-03-06 15:00:34,26,28,4208,20578
2023-03-06 15:00:57,24,28,4216,20632
2023-03-06 15:01:04,23,28,4216,20632
2023-03-06 15:01:04,23,27,4216,20632
2023-03-06 15:01:10,23,25,4216,20632
2023-03-06 15:01:18,23,27,4216,20632
2023-03-06 15:01:18,23,25,4216,20632
2023-03-06 15:01:25,22,25,4216,20632
2023-03-06 15:01:25,22,27,4216,20632
2023-03-06 15:01:25,23,27,4216,20632
2023-03-06 15:01:25,23,25,4216,20632
2023-03-06 15:01:41,21,23,4224,20640
2023-03-06 15:01:52,22,23,4224,20640
2023-03-06 15:02:00,22,25,4224,20640
2023-03-06 15:02:00,22,23,4224,20640
2023-03-06 15:02:02,22,25,4224,20670
2023-03-06 15:02:02,22,24,4224,20670
2023-03-06 15:02:08,23,24,4224,20670
2023-03-06 15:02:09,23,25,4248,20723
2023-03-06 15:02:16,25,27,4301,20784
2023-03-06 15:02:17,23,26,4301,20784
2023-03-06 15:02:18,23,27,4301,20784
2023-03-06 15:02:18,23,26,4301,20784
2023-03-06 15:02:22,24,26,4301,20784
2023-03-06 15:02:29,25,26,4301,20784
2023-03-06 15:02:35,25,27,4301,20784
2023-03-06 15:02:35,25,27,4301,20805
2023-03-06 15:02:36,26,27,4301,20805
2023-03-06 15:02:42,25,27,4301,20805
2023-03-06 15:02:49,26,27,4301,20805
2023-03-06 15:03:19,27,29,4301,20813
2023-03-06 15:03:20,26,28,4301,20813
2023-03-06 15:03:23,26,29,4301,20813
2023-03-06 15:03:26,27,29,4301,20813
2023-03-06 15:03:34,27,29,4293,20821
2023-03-06 15:03:38,26,29,4293,20821
2023-03-06 15:03:44,26,28,4293,20821
2023-03-06 15:03:50,26,29,4293,20821
2023-03-06 15:03:50,26,28,4293,20821
2023-03-06 15:03:51,26,29,4293,20821
2023-03-06 15:03:53,27,29,4293,20821
2023-03-06 15:04:00,29,31,4331,20859
2023-03-06 15:04:00,29,30,4331,20859
2023-03-06 15:04:01,29,31,4331,20859
2023-03-06 15:04:04,27,31,4331,20859
2023-03-06 15:04:05,27,33,4461,21082
2023-03-06 15:04:06,27,32,4461,21082
2023-03-06 15:04:07,27,33,4461,21082
2023-03-06 15:04:12,27,30,4461,21082
2023-03-06 15:04:19,28,30,4461,21082
2023-03-06 15:04:29,26,30,4461,21082
2023-03-06 15:04:29,26,33,4461,21082
2023-03-06 15:04:29,26,31,4461,21082
2023-03-06 15:04:29,26,29,4461,21082
2023-03-06 15:04:33,27,29,4461,21082
2023-03-06 15:04:36,28,29,4461,21082
2023-03-06 15:04:40,27,29,4461,21082
2023-03-06 15:04:45,27,31,4507,21137
2023-03-06 15:04:45,27,30,4507,21137
2023-03-06 15:04:55,27,33,4507,21137
2023-03-06 15:04:55,28,33,4507,21137
2023-03-06 15:04:55,28,31,4507,21137
2023-03-06 15:05:09,29,31,4507,21137
2023-03-06 15:05:12,28,31,4507,21137
2023-03-06 15:05:14,28,30,4507,21137
2023-03-06 15:05:24,27,30,4507,21137
2023-03-06 15:05:25,28,30,4507,21137
2023-03-06 15:05:25,28,31,4507,21137
2023-03-06 15:05:29,27,31,4507,21137
2023-03-06 15:05:29,27,33,4507,21137
2023-03-06 15:05:29,28,33,4507,21137
2023-03-06 15:05:29,28,32,4507,21137
2023-03-06 15:05:36,28,30,4507,21137
2023-03-06 15:06:21,28,33,4507,21146
2023-03-06 15:06:21,28,32,4507,21146
2023-03-06 15:06:22,28,30,4507,21146
2023-03-06 15:06:26,28,32,4535,21174
2023-03-06 15:06:26,28,31,4535,21174
2023-03-06 15:06:28,28,30,4535,21174
2023-03-06 15:06:33,28,32,4535,21174
2023-03-06 15:06:34,28,30,4535,21174
2023-03-06 15:06:34,30,32,4542,21181
2023-03-06 15:06:35,30,31,4542,21181
2023-03-06 15:06:39,30,32,4542,21181
2023-03-06 15:07:04,31,32,4542,21181
2023-03-06 15:07:06,30,32,4542,21215
2023-03-06 15:07:08,30,31,4542,21215
2023-03-06 15:07:08,30,32,4542,21215
2023-03-06 15:07:17,30,31,4542,21215
2023-03-06 15:07:18,30,31,4542,21235
2023-03-06 15:07:19,28,31,4544,21237
2023-03-06 15:07:19,28,30,4544,21237
2023-03-06 15:07:20,28,29,4544,21237
2023-03-06 15:07:24,27,28,4544,21306
2023-03-06 15:07:25,24,28,4544,21306
2023-03-06 15:07:25,27,28,4544,21306
2023-03-06 15:07:34,25,28,4544,21306
2023-03-06 15:07:34,26,28,4544,21306
2023-03-06 15:07:35,25,28,4544,21318
2023-03-06 15:07:35,26,28,4544,21318
2023-03-06 15:07:40,26,27,4544,21318
2023-03-06 15:07:40,25,27,4553,21343
2023-03-06 15:07:46,24,27,4553,21343
2023-03-06 15:07:47,24,26,4553,21343
2023-03-06 15:07:47,22,26,4553,21343
2023-03-06 15:07:47,23,26,4553,21343
2023-03-06 15:07:51,24,26,4553,21343
2023-03-06 15:07:54,24,27,4553,21343
2023-03-06 15:07:54,23,27,4553,21387
2023-03-06 15:07:54,23,25,4553,21387
2023-03-06 15:07:57,23,25,4553,21396
2023-03-06 15:07:59,23,26,4553,21450
2023-03-06 15:08:00,23,24,4553,21450
2023-03-06 15:08:05,23,26,4568,21494
2023-03-06 15:08:06,23,28,4568,21494
2023-03-06 15:08:06,23,27,4568,21494
2023-03-06 15:08:06,23,25,4568,21494
2023-03-06 15:08:09,21,25,4568,21494
2023-03-06 15:08:12,21,27,4568,21494
2023-03-06 15:08:12,21,28,4568,21494
2023-03-06 15:08:12,23,28,4568,21494
2023-03-06 15:08:12,23,26,4568,21494
2023-03-06 15:08:25,22,26,4568,21494
2023-03-06 15:08:25,22,25,4568,21494
2023-03-06 15:08:30,23,25,4568,21494
2023-03-06 15:08:32,23,27,4606,21532
2023-03-06 15:08:32,23,26,4606,21532
2023-03-06 15:08:35,23,26,4615,21541
2023-03-06 15:08:39,23,27,4615,21541
2023-03-06 15:08:45,24,27,4615,21541
2023-03-06 15:08:48,24,28,4615,21541
2023-03-06 15:08:48,25,28,4615,21541
2023-03-06 15:08:49,25,27,4615,21541
2023-03-06 15:09:06,23,25,4602,21554
2023-03-06 15:09:07,23,26,4602,21554
2023-03-06 15:09:07,23,27,4602,21554
2023-03-06 15:09:12,22,27,4602,21554
2023-03-06 15:09:12,24,27,4602,21554
2023-03-06 15:09:13,24,25,4602,21554
2023-03-06 15:09:29,22,25,4562,21606
2023-03-06 15:09:30,20,25,4562,21606
2023-03-06 15:09:30,21,25,4562,21606
2023-03-06 15:09:30,21,24,4562,21606
2023-03-06 15:09:34,22,24,4562,21606
2023-03-06 15:09:35,21,22,4571,21615
2023-03-06 15:09:38,19,24,4571,21615
2023-03-06 15:09:38,20,24,4571,21615
2023-03-06 15:09:38,20,23,4571,21615
2023-03-06 15:09:43,20,22,4571,21615
2023-03-06 15:09:45,18,22,4571,21615
2023-03-06 15:09:45,20,22,4571,21615
2023-03-06 15:09:52,18,22,4571,21615
2023-03-06 15:09:59,18,21,4571,21615
2023-03-06 15:10:19,18,20,4571,21615
2023-03-06 15:10:25,16,20,4571,21615
2023-03-06 15:10:25,16,19,4571,21615
2023-03-06 15:10:35,16,18,4571,21615
2023-03-06 15:10:53,16,18,4672,21737
2023-03-06 15:10:56,16,17,4672,21737
2023-03-06 15:11:32,14,17,4680,21745
2023-03-06 15:11:32,14,15,4680,21745
2023-03-06 15:11:33,14,16,4680,21745
2023-03-06 15:11:34,14,16,4688,21753
2023-03-06 15:11:41,14,15,4688,21753
2023-03-06 15:12:00,15,16,4690,21755
2023-03-06 15:12:01,14,16,4690,21755
2023-03-06 15:12:02,13,14,4818,21883
2023-03-06 15:12:07,13,14,4967,22032
2023-03-06 15:12:08,13,14,4967,22572
2023-03-06 15:12:09,13,16,4967,22572
2023-03-06 15:12:16,14,16,4967,22572
2023-03-06 15:12:24,13,16,4967,22572
2023-03-06 15:12:34,13,16,4975,22580
2023-03-06 15:12:48,10,16,4975,22580
2023-03-06 15:13:03,12,16,4975,22580
2023-03-06 15:13:19,12,16,4977,22582
2023-03-06 15:13:22,12,15,4977,22582
2023-03-06 15:13:27,13,15,4977,22582
2023-03-06 15:13:27,13,15,4977,22636
2023-03-06 15:13:27,14,15,4977,22636
2023-03-06 15:13:33,14,16,4977,22636
2023-03-06 15:13:43,16,17,4969,22652
2023-03-06 15:13:43,16,20,4969,22652
2023-03-06 15:13:45,16,20,4969,22652
2023-03-06 15:13:47,16,19,4969,22652
2023-03-06 15:13:50,16,18,4969,22652
2023-03-06 15:13:56,14,18,4969,22652
2023-03-06 15:13:56,14,20,4969,22652
2023-03-06 15:13:56,14,21,4969,22652
2023-03-06 15:13:56,15,21,4969,22652
2023-03-06 15:13:56,16,21,4969,22652
2023-03-06 15:13:56,16,20,4969,22652
2023-03-06 15:14:02,15,20,4969,22652
2023-03-06 15:14:02,15,21,4969,22652
2023-03-06 15:14:02,17,21,4969,22652
2023-03-06 15:14:02,17,20,4969,22652
2023-03-06 15:14:03,18,20,4969,22652
2023-03-06 15:14:04,18,23,5137,22948
2023-03-06 15:14:04,18,25,5137,22948
2023-03-06 15:14:04,20,25,5137,22948
2023-03-06 15:14:05,20,24,5137,22948
2023-03-06 15:14:05,20,25,5137,22948
2023-03-06 15:14:05,23,25,5137,22948
2023-03-06 15:14:06,23,27,5137,22948
2023-03-06 15:14:06,23,26,5137,22948
2023-03-06 15:14:06,23,27,5137,22948
2023-03-06 15:14:11,23,29,5137,22948
2023-03-06 15:14:11,25,29,5137,22948
2023-03-06 15:14:11,25,28,5137,22948
2023-03-06 15:14:12,25,29,5137,22948
2023-03-06 15:14:12,25,29,5179,22990
2023-03-06 15:14:12,25,26,5179,22990
2023-03-06 15:14:15,27,28,5239,23050
2023-03-06 15:14:18,27,31,5239,23050
2023-03-06 15:14:18,27,31,5269,23080
2023-03-06 15:14:18,27,29,5269,23080
2023-03-06 15:14:18,27,29,5329,23140
2023-03-06 15:14:18,28,29,5329,23140
2023-03-06 15:14:19,27,29,5329,23140
2023-03-06 15:14:24,27,30,5329,23140
2023-03-06 15:14:24,28,30,5329,23140
2023-03-06 15:14:24,28,31,5329,23140
2023-03-06 15:14:25,28,29,5329,23140
2023-03-06 15:14:27,28,31,5329,23628
2023-03-06 15:14:30,28,32,5329,23628
2023-03-06 15:14:32,28,34,5329,23628
2023-03-06 15:14:33,28,33,5329,23628
2023-03-06 15:14:33,28,31,5329,23628
2023-03-06 15:14:34,28,30,5329,23628
2023-03-06 15:14:44,31,32,5321,23636
2023-03-06 15:14:44,31,32,5321,23671
2023-03-06 15:14:44,28,31,5294,23698
2023-03-06 15:14:45,28,32,5294,23698
2023-03-06 15:14:50,28,32,5294,23708
2023-03-06 15:14:50,30,32,5294,23708
2023-03-06 15:14:54,28,32,5259,23743
2023-03-06 15:14:54,28,31,5259,23743
2023-03-06 15:14:55,28,31,5224,23778
2023-03-06 15:14:55,28,31,5207,23795
2023-03-06 15:15:00,28,30,5207,23795
2023-03-06 15:15:01,28,31,5207,23795
2023-03-06 15:15:02,28,29,5207,23795
2023-03-06 15:15:06,27,29,5193,23817
2023-03-06 15:15:08,26,29,5193,23817
2023-03-06 15:15:08,27,29,5193,23817
2023-03-06 15:15:14,27,29,5193,23819
2023-03-06 15:15:15,25,29,5193,23819
2023-03-06 15:15:15,26,29,5193,23819
2023-03-06 15:15:15,26,29,5193,23819
2023-03-06 15:15:20,27,29,5193,23819
2023-03-06 15:15:20,28,29,5193,23819
2023-03-06 15:15:24,27,29,5193,23819
2023-03-06 15:15:25,28,29,5193,23819
2023-03-06 15:15:27,28,31,5193,23819
2023-03-06 15:15:30,29,31,5193,23819
2023-03-06 15:15:30,29,32,5193,23819
2023-03-06 15:15:33,30,32,5193,23819
2023-03-06 15:15:34,30,31,5193,23819
2023-03-06 15:15:34,30,32,5193,23819
2023-03-06 15:15:34,30,32,5185,23827
2023-03-06 15:15:43,30,33,5185,23827
2023-03-06 15:15:43,31,33,5185,23827
2023-03-06 15:15:46,31,32,5185,23827
2023-03-06 15:15:49,31,33,5185,23827
2023-03-06 15:15:50,30,33,5185,23827
2023-03-06 15:16:00,28,33,5185,23827
2023-03-06 15:16:00,28,32,5185,23827
2023-03-06 15:16:01,28,31,5185,23827
2023-03-06 15:16:03,28,32,5185,23827
2023-03-06 15:16:03,28,31,5185,23827
2023-03-06 15:16:03,30,31,5185,23827
2023-03-06 15:16:05,30,33,5185,23827
2023-03-06 15:16:10,30,33,5185,23843
2023-03-06 15:16:10,30,32,5185,23843
2023-03-06 15:16:14,29,32,5185,23843
2023-03-06 15:16:15,28,32,5185,23843
2023-03-06 15:16:17,28,31,5185,23843
2023-03-06 15:16:22,30,31,5185,23843
2023-03-06 15:16:22,30,32,5185,23843
2023-03-06 15:16:23,30,33,5185,23843
2023-03-06 15:16:27,31,33,5185,23843
2023-03-06 15:16:28,30,33,5185,23843
2023-03-06 15:16:29,31,33,5185,23843
2023-03-06 15:16:30,31,34,5185,23843
2023-03-06 15:16:31,32,34,5185,23843
2023-03-06 15:16:34,32,34,5176,23852
2023-03-06 15:16:43,30,34,5176,23852
2023-03-06 15:16:43,30,33,5176,23852
2023-03-06 15:16:43,29,33,5176,23852
2023-03-06 15:16:43,31,33,5176,23852
2023-03-06 15:16:49,29,33,5176,23852
2023-03-06 15:16:50,30,33,5176,23852
2023-03-06 15:16:50,30,34,5176,23852
2023-03-06 15:16:57,30,33,5176,23852
2023-03-06 15:16:59,31,33,5176,23852
2023-03-06 15:17:01,32,33,5176,23852
2023-03-06 15:17:03,33,35,5176,23865
2023-03-06 15:17:09,33,34,5176,23865
2023-03-06 15:17:14,33,34,5176,23866
2023-03-06 15:17:25,33,36,5201,23891
2023-03-06 15:17:25,34,36,5201,23891
2023-03-06 15:17:25,34,38,5201,23891
2023-03-06 15:17:26,34,39,5201,23891
2023-03-06 15:17:26,35,39,5201,23891
2023-03-06 15:17:26,35,38,5201,23891
2023-03-06 15:17:31,35,39,5201,23891
2023-03-06 15:17:31,36,39,5201,23891
2023-03-06 15:17:35,36,39,5192,23900
2023-03-06 15:17:36,34,39,5192,23900
2023-03-06 15:17:37,36,39,5192,23900
2023-03-06 15:17:44,34,39,5192,23900
2023-03-06 15:17:44,38,39,5192,23900
2023-03-06 15:17:44,36,38,5180,23912
2023-03-06 15:17:50,36,39,5180,23912
2023-03-06 15:17:58,34,39,5180,23912
2023-03-06 15:17:58,34,37,5180,23912
2023-03-06 15:17:58,35,37,5180,23912
2023-03-06 15:18:11,36,37,5180,23912
2023-03-06 15:18:12,35,37,5180,23912
2023-03-06 15:18:16,36,37,5180,23912
2023-03-06 15:18:18,35,37,5180,23912
2023-03-06 15:18:21,36,37,5180,23912
2023-03-06 15:18:21,36,39,5180,24040
2023-03-06 15:18:27,34,39,5180,24040
2023-03-06 15:18:28,37,39,5180,24040
2023-03-06 15:18:31,37,38,5180,24040
2023-03-06 15:18:33,37,38,5180,24049
2023-03-06 15:18:34,35,38,5171,24058
2023-03-06 15:18:37,34,38,5171,24058
2023-03-06 15:18:37,36,38,5171,24058
2023-03-06 15:18:45,36,37,5171,24058
2023-03-06 15:18:46,33,37,5171,24058
2023-03-06 15:18:46,35,37,5171,24058
2023-03-06 15:18:49,33,37,5168,24075
2023-03-06 15:18:49,33,35,5168,24075
2023-03-06 15:18:50,33,36,5168,24075
2023-03-06 15:18:53,33,35,5168,24075
2023-03-06 15:19:01,31,35,5177,24101
2023-03-06 15:19:01,31,34,5177,24101
2023-03-06 15:19:03,31,33,5177,24101
2023-03-06 15:19:05,28,33,5177,24101
2023-03-06 15:19:05,32,33,5177,24101
2023-03-06 15:19:07,30,33,5177,24122
2023-03-06 15:19:07,30,32,5177,24122
2023-03-06 15:19:11,30,31,5177,24122
2023-03-06 15:19:12,30,32,5177,24122
2023-03-06 15:19:16,30,33,5177,24122
2023-03-06 15:19:17,28,33,5177,24122
2023-03-06 15:19:24,27,33,5177,24122
2023-03-06 15:19:24,28,33,5177,24122
2023-03-06 15:19:28,32,33,5177,24122
2023-03-06 15:19:34,32,33,5177,24138
2023-03-06 15:19:36,31,33,5177,24138
2023-03-06 15:19:40,31,32,5177,24138
2023-03-06 15:19:40,28,31,5186,24147
2023-03-06 15:19:46,28,32,5186,24147
2023-03-06 15:19:47,28,30,5186,24147
2023-03-06 15:19:55,28,33,5186,24147
2023-03-06 15:19:59,28,31,5186,24147
2023-03-06 15:19:59,28,29,5186,24147
2023-03-06 15:20:02,28,31,5186,24159
2023-03-06 15:20:02,26,31,5144,24287
2023-03-06 15:20:05,28,31,5144,24287
2023-03-06 15:20:06,28,33,5144,24287
2023-03-06 15:20:07,28,30,5144,24287
2023-03-06 15:20:09,28,32,5168,24311
2023-03-06 15:20:17,27,32,5168,24311
2023-03-06 15:20:17,30,32,5168,24311
2023-03-06 15:20:19,32,33,5208,24351
2023-03-06 15:20:21,30,33,5208,24351
2023-03-06 15:20:22,30,31,5208,24351
2023-03-06 15:20:24,28,31,5208,24351
2023-03-06 15:20:25,30,31,5208,24351
2023-03-06 15:20:28,30,33,5208,24351
2023-03-06 15:20:28,31,33,5208,24351
2023-03-06 15:20:30,28,33,5139,24420
2023-03-06 15:20:34,30,33,5139,24420
2023-03-06 15:20:35,30,33,5130,24429
2023-03-06 15:20:42,28,33,5130,24429
2023-03-06 15:20:43,28,34,5130,24429
2023-03-06 15:20:43,28,33,5130,24429
2023-03-06 15:20:48,31,33,5130,24429
2023-03-06 15:20:56,28,33,5130,24429
2023-03-06 15:20:57,28,34,5130,24429
2023-03-06 15:20:57,31,34,5130,24429
2023-03-06 15:20:57,31,33,5130,24429
2023-03-06 15:20:57,31,34,5130,24429
2023-03-06 15:21:01,31,34,5130,24431
2023-03-06 15:21:03,32,34,5130,24431
2023-03-06 15:21:03,34,36,5152,24453
2023-03-06 15:21:05,34,36,5174,24475
2023-03-06 15:21:05,34,35,5174,24475
2023-03-06 15:21:07,34,36,5174,24475
2023-03-06 15:21:10,34,37,5174,24475
2023-03-06 15:21:10,34,35,5174,24475
2023-03-06 15:21:13,35,37,5185,24486
2023-03-06 15:21:14,34,37,5185,24486
2023-03-06 15:21:16,34,38,5185,24486
2023-03-06 15:21:16,34,36,5185,24486
2023-03-06 15:21:18,37,38,5203,24504
2023-03-06 15:21:24,37,39,5203,24504
2023-03-06 15:21:24,37,38,5203,24504
2023-03-06 15:21:25,35,38,5203,24504
2023-03-06 15:21:33,35,37,5203,24504
2023-03-06 15:21:34,35,38,5203,24504
2023-03-06 15:21:34,35,36,5203,24504
2023-03-06 15:21:36,35,38,5203,24513
2023-03-06 15:21:44,34,38,5203,24513
2023-03-06 15:21:44,34,39,5203,24513
2023-03-06 15:21:44,36,39,5203,24513
2023-03-06 15:21:44,36,38,5203,24513
2023-03-06 15:21:46,34,38,5192,24524
2023-03-06 15:21:46,34,37,5192,24524
2023-03-06 15:21:47,34,38,5192,24524
2023-03-06 15:21:49,34,37,5192,24524
2023-03-06 15:21:50,35,37,5192,24524
2023-03-06 15:21:52,35,37,5192,24599
2023-03-06 15:21:52,34,37,5174,24617
2023-03-06 15:22:02,35,37,5174,24617
2023-03-06 15:22:08,36,38,5174,24617
2023-03-06 15:22:09,35,38,5174,24617
2023-03-06 15:22:11,36,38,5174,24617
2023-03-06 15:22:18,36,39,5174,24617
2023-03-06 15:22:19,35,39,5174,24617
2023-03-06 15:22:20,34,39,5174,24617
2023-03-06 15:22:20,34,38,5174,24617
2023-03-06 15:22:21,34,37,5174,24617
2023-03-06 15:22:24,34,35,5174,24617
2023-03-06 15:22:25,33,35,5174,24626
2023-03-06 15:22:26,31,35,5174,24626
2023-03-06 15:22:26,32,35,5174,24626
2023-03-06 15:22:26,34,35,5174,24626
2023-03-06 15:22:30,32,35,5135,24665
2023-03-06 15:22:32,31,35,5135,24665
2023-03-06 15:22:32,31,35,5135,24688
2023-03-06 15:22:32,33,35,5135,24688
2023-03-06 15:22:34,33,34,5135,24688
2023-03-06 15:22:39,32,34,5135,24688
2023-03-06 15:22:42,32,33,5135,24688
2023-03-06 15:22:48,30,31,5144,24697
2023-03-06 15:22:54,28,31,5107,24734
2023-03-06 15:22:56,26,31,5107,24734
2023-03-06 15:22:56,28,31,5107,24734
2023-03-06 15:22:56,28,30,5107,24734
2023-03-06 15:23:03,27,30,5107,24734
2023-03-06 15:23:03,27,31,5107,24734
2023-03-06 15:23:03,27,29,5107,24734
2023-03-06 15:23:07,28,29,5107,24734
2023-03-06 15:23:10,27,29,5107,24734
2023-03-06 15:23:11,28,29,5107,24734
2023-03-06 15:23:12,27,29,5107,24734
2023-03-06 15:23:24,27,31,5123,24920
2023-03-06 15:23:24,27,31,5287,25093
2023-03-06 15:23:24,27,33,5287,25093
2023-03-06 15:23:24,27,41,5287,25093
2023-03-06 15:23:24,26,41,5287,25093
2023-03-06 15:23:24,29,41,5287,25093
2023-03-06 15:23:25,26,40,5287,25093
2023-03-06 15:23:25,33,40,5287,25093
2023-03-06 15:23:27,36,40,5301,25107
2023-03-06 15:23:27,36,40,5337,25143
2023-03-06 15:23:27,36,40,5373,25179
2023-03-06 15:23:30,36,39,5373,25179
2023-03-06 15:23:30,36,39,5260,25292
2023-03-06 15:23:34,36,39,5260,25301
2023-03-06 15:23:34,36,41,5260,25526
2023-03-06 15:23:35,36,37,5260,25526
2023-03-06 15:23:35,36,37,5296,25562
2023-03-06 15:23:35,37,41,5296,25598
2023-03-06 15:23:36,36,40,5296,25598
2023-03-06 15:23:36,36,39,5296,25598
2023-03-06 15:23:36,36,38,5296,25598
2023-03-06 15:23:37,36,39,5296,25598
2023-03-06 15:23:38,35,39,5296,25598
2023-03-06 15:23:38,35,38,5296,25598
2023-03-06 15:23:39,34,38,5296,25598
2023-03-06 15:23:42,35,37,5296,25598
2023-03-06 15:23:45,35,38,5296,25598
2023-03-06 15:23:45,37,38,5296,25598
2023-03-06 15:23:51,35,38,5296,25598
2023-03-06 15:23:51,35,37,5296,25598
2023-03-06 15:23:51,37,38,5251,25643
2023-03-06 15:23:56,35,37,5251,25648
2023-03-06 15:24:01,35,38,5251,25648
2023-03-06 15:24:03,35,37,5251,25648
2023-03-06 15:24:04,35,37,5410,25851
2023-03-06 15:24:06,35,38,5410,25851
2023-03-06 15:24:07,36,38,5410,25851
2023-03-06 15:24:21,36,39,5410,25851
2023-03-06 15:24:34,36,39,5401,25860
2023-03-06 15:24:37,36,40,5401,25860
2023-03-06 15:24:39,35,40,5401,25860
2023-03-06 15:24:39,37,40,5401,25860
2023-03-06 15:24:50,37,41,5419,25878
2023-03-06 15:24:52,37,39,5419,25878
2023-03-06 15:24:53,37,41,5419,25878
2023-03-06 15:24:56,35,40,5419,25878
2023-03-06 15:24:56,36,40,5419,25878
2023-03-06 15:24:56,38,40,5419,25878
2023-03-06 15:24:56,38,40,5419,25888
2023-03-06 15:25:01,38,41,5419,25888
2023-03-06 15:25:10,39,41,5419,25888
2023-03-06 15:25:10,39,42,5419,25888
2023-03-06 15:25:19,38,42,5419,25888
2023-03-06 15:25:20,38,41,5419,25888
2023-03-06 15:25:21,38,40,5419,25888
2023-03-06 15:25:23,38,41,5419,25888
2023-03-06 15:25:28,39,41,5419,25888
2023-03-06 15:25:28,39,41,5419,25902
2023-03-06 15:25:32,39,42,5419,25902
2023-03-06 15:25:33,40,42,5419,25902
2023-03-06 15:25:34,40,42,5410,25911
2023-03-06 15:25:46,41,42,5410,25911
2023-03-06 15:25:49,42,44,5410,26039
2023-03-06 15:25:49,42,43,5410,26039
2023-03-06 15:25:54,41,43,5410,26039
2023-03-06 15:25:56,42,43,5410,26039
2023-03-06 15:26:03,42,44,5410,26039
2023-03-06 15:26:03,41,44,5410,26039
2023-03-06 15:26:09,41,43,5410,26039
2023-03-06 15:26:18,41,43,5390,26059
2023-03-06 15:26:19,40,43,5390,26059
2023-03-06 15:26:25,41,43,5390,26059
2023-03-06 15:26:25,41,43,5390,26059
2023-03-06 15:26:26,43,44,5404,26073
2023-03-06 15:26:29,43,44,5583,26283
2023-03-06 15:26:33,43,44,5592,26292
2023-03-06 15:26:34,43,44,5592,26301
2023-03-06 15:26:34,40,43,5628,26337
2023-03-06 15:26:40,40,42,5628,26337
2023-03-06 15:26:41,40,41,5628,26337
2023-03-06 15:26:42,40,41,5628,26338
2023-03-06 15:26:42,38,40,5647,26392
2023-03-06 15:26:44,37,40,5647,26392
2023-03-06 15:26:44,36,40,5647,26392
2023-03-06 15:26:44,36,39,5647,26392
2023-03-06 15:26:47,37,39,5647,26392
2023-03-06 15:26:47,37,40,5647,26392
2023-03-06 15:26:48,38,40,5647,26392
2023-03-06 15:26:51,38,40,5647,26543
2023-03-06 15:26:51,39,40,5647,26543
2023-03-06 15:26:52,39,42,5647,26543
2023-03-06 15:26:56,39,43,5647,26543
2023-03-06 15:26:58,39,43,5647,26543
2023-03-06 15:27:01,38,43,5647,26543
2023-03-06 15:27:02,39,42,5647,26543
2023-03-06 15:27:07,38,42,5647,26543
2023-03-06 15:27:07,40,42,5647,26543
2023-03-06 15:27:15,40,44,5827,26723
2023-03-06 15:27:18,41,44,5827,26723
2023-03-06 15:27:20,40,44,5827,26723
2023-03-06 15:27:23,41,44,5827,26723
2023-03-06 15:27:23,40,44,5827,26723
2023-03-06 15:27:25,40,43,5827,26723
2023-03-06 15:27:33,40,44,5827,26723
2023-03-06 15:27:34,40,43,5827,26723
2023-03-06 15:27:34,40,41,5827,26723
2023-03-06 15:27:37,40,44,5827,26732
2023-03-06 15:27:37,40,43,5827,26732
2023-03-06 15:27:40,40,44,5827,26732
2023-03-06 15:27:41,40,43,5827,26732
2023-03-06 15:27:45,40,44,5827,26732
2023-03-06 15:27:45,40,43,5827,26732
2023-03-06 15:27:47,41,43,5827,26732
2023-03-06 15:27:49,40,43,5827,26732
2023-03-06 15:28:01,40,41,5827,26732
2023-03-06 15:28:02,39,41,5827,26732
2023-03-06 15:28:04,39,42,5827,26732
2023-03-06 15:28:06,39,43,5827,26732
2023-03-06 15:28:08,40,43,5827,26732
2023-03-06 15:28:09,39,43,5827,26732
2023-03-06 15:28:09,41,43,5827,26732
2023-03-06 15:28:09,41,42,5827,26732
2023-03-06 15:28:12,40,42,5827,26732
2023-03-06 15:28:12,42,45,5827,26760
2023-03-06 15:28:12,42,44,5827,26760
2023-03-06 15:28:13,42,45,5827,26760
2023-03-06 15:28:14,42,46,5827,26760
2023-03-06 15:28:27,42,45,5827,26760
2023-03-06 15:28:34,42,44,5827,26760
2023-03-06 15:28:35,43,44,5827,26760
2023-03-06 15:28:36,43,45,5818,26769
2023-03-06 15:28:40,43,46,5831,26782
2023-03-06 15:28:40,43,47,5831,26782
2023-03-06 15:28:40,44,47,5831,26782
2023-03-06 15:28:42,44,45,5831,26782
2023-03-06 15:28:46,42,45,5831,26782
2023-03-06 15:28:47,42,46,5831,26782
2023-03-06 15:28:47,43,46,5831,26782
2023-03-06 15:28:47,45,46,5831,26782
2023-03-06 15:28:52,45,48,5831,26782
2023-03-06 15:28:52,44,45,5841,26792
2023-03-06 15:29:02,44,47,5844,26795
2023-03-06 15:29:03,44,48,5844,26795
2023-03-06 15:29:03,44,46,5844,26795
2023-03-06 15:29:08,44,48,5844,26870
2023-03-06 15:29:09,45,48,5844,26870
2023-03-06 15:29:10,46,48,5844,26870
2023-03-06 15:29:13,46,50,5844,26870
2023-03-06 15:29:13,46,49,5844,26870
2023-03-06 15:29:14,46,47,5844,26870
2023-03-06 15:29:19,45,47,5844,26870
2023-03-06 15:29:19,47,49,5844,26880
2023-03-06 15:29:23,47,50,5844,26880
2023-03-06 15:29:24,47,49,5844,26880
2023-03-06 15:29:24,45,49,5844,26880
2023-03-06 15:29:25,45,48,5844,26880
2023-03-06 15:29:26,44,48,5844,26880
2023-03-06 15:29:26,44,47,5844,26880
2023-03-06 15:29:31,45,47,5844,26880
2023-03-06 15:29:34,45,47,5844,26889
2023-03-06 15:29:45,45,46,5844,26889
2023-03-06 15:29:46,44,45,5855,26900
2023-03-06 15:29:50,44,46,5855,26900
2023-03-06 15:29:52,44,48,5855,26900
2023-03-06 15:29:52,44,47,5855,26900
2023-03-06 15:29:52,45,47,5855,26900
2023-03-06 15:29:52,45,48,5855,26900
2023-03-06 15:29:52,46,48,5855,26900
2023-03-06 15:29:53,45,48,5855,26900
2023-03-06 15:29:53,46,48,5855,26900
2023-03-06 15:29:56,45,48,5855,26900
2023-03-06 15:29:56,47,48,5855,26900
2023-03-06 15:29:58,47,50,5855,26900
2023-03-06 15:29:58,47,50,5855,26928
2023-03-06 15:29:58,47,49,5855,26928
2023-03-06 15:29:58,47,49,5855,26939
2023-03-06 15:29:58,47,48,5855,26939
2023-03-06 15:30:00,47,49,5855,26939
2023-03-06 15:30:00,48,49,5855,26939
2023-03-06 15:30:01,47,49,5855,26939
2023-03-06 15:30:03,45,49,5855,26939
2023-03-06 15:30:06,45,48,5855,26939
2023-03-06 15:30:08,45,49,5855,26939
2023-03-06 15:30:10,46,49,5855,26939
2023-03-06 15:30:11,45,49,5855,26939
2023-03-06 15:30:11,47,49,5855,26939
2023-03-06 15:30:14,48,49,5855,26939
2023-03-06 15:30:17,49,51,5855,26967
2023-03-06 15:30:19,48,51,5855,26967
2023-03-06 15:30:19,47,51,5855,26967
2023-03-06 15:30:21,47,50,5855,26967
2023-03-06 15:30:22,46,50,5855,26967
2023-03-06 15:30:25,47,50,5855,26967
2023-03-06 15:30:26,47,49,5855,26967
2023-03-06 15:30:26,46,49,5855,26967
2023-03-06 15:30:29,47,49,5855,26967
2023-03-06 15:30:34,47,48,5855,26967
2023-03-06 15:30:38,48,50,5851,26976
2023-03-06 15:30:42,48,51,5851,26976
2023-03-06 15:30:55,50,51,5851,26976
2023-03-06 15:30:56,48,51,5851,26976
2023-03-06 15:30:56,51,53,5851,27001
2023-03-06 15:30:56,51,52,5851,27001
2023-03-06 15:30:58,51,53,5851,27001
2023-03-06 15:30:58,51,54,5851,27001
2023-03-06 15:30:58,51,52,5851,27001
2023-03-06 15:31:16,51,52,5851,27170
2023-03-06 15:31:16,49,51,5851,27182
2023-03-06 15:31:19,47,51,5851,27182
2023-03-06 15:31:19,49,51,5851,27182
2023-03-06 15:31:22,47,51,5851,27207
2023-03-06 15:31:22,47,48,5851,27207
2023-03-06 15:31:23,46,47,5826,27252
2023-03-06 15:31:24,46,47,5826,27272
2023-03-06 15:31:25,44,46,5830,27281
2023-03-06 15:31:26,44,46,5830,27289
2023-03-06 15:31:26,45,46,5830,27289
2023-03-06 15:31:30,45,49,5830,27289
2023-03-06 15:31:30,45,48,5830,27289
2023-03-06 15:31:34,46,48,5830,27289
2023-03-06 15:31:41,48,49,5826,27308
2023-03-06 15:31:46,46,49,5826,27308
2023-03-06 15:31:51,46,47,5826,27308
2023-03-06 15:31:53,45,46,5821,27317
2023-03-06 15:31:56,44,45,5841,27350
2023-03-06 15:31:57,42,43,5861,27396
2023-03-06 15:31:57,41,43,5861,27396
2023-03-06 15:31:57,39,43,5861,27396
2023-03-06 15:31:58,42,43,5861,27396
2023-03-06 15:31:58,42,43,5861,27422
2023-03-06 15:32:01,39,40,5861,27448
2023-03-06 15:32:01,36,40,5861,27474
2023-03-06 15:32:03,39,40,5861,27474
2023-03-06 15:32:04,37,38,5861,27500
2023-03-06 15:32:05,37,40,5861,27500
2023-03-06 15:32:06,34,37,5861,27526
2023-03-06 15:32:12,34,37,5861,27694
2023-03-06 15:32:15,35,37,5861,27694
2023-03-06 15:32:15,35,39,5861,27694
2023-03-06 15:32:17,36,39,5861,27694
2023-03-06 15:32:29,35,39,5861,27694
2023-03-06 15:32:29,35,38,5861,27694
2023-03-06 15:32:30,35,36,5861,27694
2023-03-06 15:32:34,35,36,5870,27703
2023-03-06 15:32:38,35,37,5870,27703
2023-03-06 15:32:39,35,36,5870,27703
2023-03-06 15:32:41,35,37,5870,27703
2023-03-06 15:32:44,35,37,5883,27716
2023-03-06 15:32:45,35,36,5883,27716
2023-03-06 15:32:47,33,35,5890,27723
2023-03-06 15:32:47,32,35,5890,27723
2023-03-06 15:32:48,32,34,5890,27723
2023-03-06 15:32:51,30,32,5890,27734
2023-03-06 15:32:51,29,32,5890,27734
2023-03-06 15:32:51,31,32,5890,27734
2023-03-06 15:32:51,31,32,5890,27745
2023-03-06 15:32:56,31,32,5880,27755
2023-03-06 15:32:57,31,35,5880,27755
2023-03-06 15:33:02,31,33,5880,27755
2023-03-06 15:33:03,30,33,5880,27755
2023-03-06 15:33:05,30,34,5880,27755
2023-03-06 15:33:05,30,33,5880,27755
2023-03-06 15:33:05,32,33,5880,27755
2023-03-06 15:33:07,32,34,5880,27755
2023-03-06 15:33:12,32,33,5880,27755
2023-03-06 15:33:13,33,34,5880,27768
2023-03-06 15:33:14,32,34,5880,27768
2023-03-06 15:33:14,32,35,5880,27768
2023-03-06 15:33:15,33,35,5880,27768
2023-03-06 15:33:18,33,36,5880,27768
2023-03-06 15:33:18,33,34,5880,27768
2023-03-06 15:33:19,33,36,5880,27779
2023-03-06 15:33:19,33,35,5880,27779
2023-03-06 15:33:20,35,36,5893,27792
2023-03-06 15:33:31,32,36,5893,27792
2023-03-06 15:33:32,33,36,5893,27792
2023-03-06 15:33:35,33,36,5902,27801
2023-03-06 15:33:35,34,36,5902,27801
2023-03-06 15:33:37,34,38,5902,27814
2023-03-06 15:33:37,34,37,5902,27814
2023-03-06 15:33:37,34,38,5902,27814
2023-03-06 15:33:37,35,38,5902,27814
2023-03-06 15:33:38,34,38,5902,27814
2023-03-06 15:33:41,35,38,5902,27814
2023-03-06 15:33:42,35,36,5902,27814
2023-03-06 15:33:43,36,38,5927,27839
2023-03-06 15:33:43,36,37,5927,27839
2023-03-06 15:33:45,35,38,5927,27839
2023-03-06 15:33:46,37,38,5927,27839
2023-03-06 15:33:48,38,40,5949,27861
2023-03-06 15:33:51,38,40,5959,27871
2023-03-06 15:33:58,39,40,5959,27871
2023-03-06 15:34:00,38,40,5959,27871
2023-03-06 15:34:04,40,41,5983,27904
2023-03-06 15:34:05,38,41,5983,27904
2023-03-06 15:34:07,39,41,5983,27904
2023-03-06 15:34:07,39,43,5983,27904
2023-03-06 15:34:08,39,41,5983,27904
2023-03-06 15:34:13,39,43,6007,27928
2023-03-06 15:34:13,39,41,6007,27928
2023-03-06 15:34:18,39,43,6007,27928
2023-03-06 15:34:31,40,43,6007,27928
2023-03-06 15:34:34,42,43,6007,27928
2023-03-06 15:34:36,39,42,6007,27937
2023-03-06 15:34:38,39,43,6007,27937
2023-03-06 15:34:38,39,42,6007,27937
2023-03-06 15:34:39,39,43,6007,27937
2023-03-06 15:34:42,38,43,6007,27937
2023-03-06 15:34:42,39,43,6007,27937
2023-03-06 15:34:49,40,43,6007,27937
2023-03-06 15:34:52,41,43,6007,27937
2023-03-06 15:35:01,40,43,6007,27937
2023-03-06 15:35:06,41,43,6007,27937
2023-03-06 15:35:06,41,44,6007,27937
2023-03-06 15:35:09,40,44,6007,27937
2023-03-06 15:35:14,40,44,6007,27937
2023-03-06 15:35:16,41,44,6007,27937
2023-03-06 15:35:18,43,44,6007,27937
2023-03-06 15:35:20,43,45,6020,27959
2023-03-06 15:35:23,43,47,6044,27983
2023-03-06 15:35:23,43,46,6044,27983
2023-03-06 15:35:24,43,47,6044,27983
2023-03-06 15:35:24,44,47,6044,27983
2023-03-06 15:35:26,46,47,6044,27983
2023-03-06 15:35:28,43,46,6044,28007
2023-03-06 15:35:28,43,45,6044,28007
2023-03-06 15:35:33,43,44,6044,28007
2023-03-06 15:35:33,40,44,6044,28007
2023-03-06 15:35:34,41,44,6044,28007
2023-03-06 15:35:34,43,44,6044,28007
2023-03-06 15:35:36,40,44,5853,28207
2023-03-06 15:35:38,41,44,5853,28207
2023-03-06 15:35:42,43,44,5853,28207
2023-03-06 15:35:42,43,45,5853,28207
2023-03-06 15:35:42,44,45,5853,28207
2023-03-06 15:35:44,43,45,5853,28207
2023-03-06 15:35:44,44,45,5853,28207
2023-03-06 15:35:52,43,45,5853,28207
2023-03-06 15:35:58,44,45,5853,28207
2023-03-06 15:36:07,43,45,5853,28207
2023-03-06 15:36:11,44,45,5853,28207
2023-03-06 15:36:13,45,47,5844,28216
2023-03-06 15:36:13,46,48,5844,28216
2023-03-06 15:36:15,48,50,5844,28227
2023-03-06 15:36:16,46,50,5844,28227
2023-03-06 15:36:16,49,50,5844,28227
2023-03-06 15:36:18,49,52,5844,28227
2023-03-06 15:36:18,49,51,5844,28227
2023-03-06 15:36:18,49,51,5844,28250
2023-03-06 15:36:22,49,50,5844,28250
2023-03-06 15:36:22,46,50,5844,28250
2023-03-06 15:36:24,47,50,5844,28250
2023-03-06 15:36:27,47,51,5844,28250
2023-03-06 15:36:28,48,51,5844,28250
2023-03-06 15:36:31,47,51,5844,28250
2023-03-06 15:36:32,51,52,5846,28252
2023-03-06 15:36:34,49,52,5846,28252
2023-03-06 15:36:34,49,52,5837,28261
2023-03-06 15:36:36,49,53,5837,28261
2023-03-06 15:36:40,49,53,5837,28261
2023-03-06 15:36:43,50,53,5625,28473
2023-03-06 15:36:44,49,53,5625,28473
2023-03-06 15:36:47,48,53,5625,28473
2023-03-06 15:36:48,48,51,5625,28473
2023-03-06 15:36:52,47,51,5625,28473
2023-03-06 15:36:54,47,50,5625,28473
2023-03-06 15:36:55,47,49,5625,28473
2023-03-06 15:37:00,45,49,5604,28519
2023-03-06 15:37:04,45,51,5604,28519
2023-03-06 15:37:05,45,50,5604,28519
2023-03-06 15:37:05,45,51,5604,28519
2023-03-06 15:37:05,47,51,5604,28519
2023-03-06 15:37:09,47,49,5604,28519
2023-03-06 15:37:20,45,46,5732,28647
2023-03-06 15:37:26,44,45,5732,28656
2023-03-06 15:37:26,42,45,5732,28656
2023-03-06 15:37:26,41,45,5732,28656
2023-03-06 15:37:26,37,45,5732,28656
2023-03-06 15:37:26,39,43,5732,28677
2023-03-06 15:37:26,39,43,5732,28698
2023-03-06 15:37:31,39,41,5732,28698
2023-03-06 15:37:31,36,41,5732,28698
2023-03-06 15:37:33,38,41,5732,28698
2023-03-06 15:37:33,40,41,5732,28698
2023-03-06 15:37:33,38,40,5711,28719
2023-03-06 15:37:34,38,41,5720,28728
2023-03-06 15:37:49,39,41,5720,28728
2023-03-06 15:37:53,41,43,5592,28856
2023-03-06 15:37:56,42,43,5592,28856
2023-03-06 15:38:03,42,44,5592,28865
2023-03-06 15:38:11,42,45,5601,28874
2023-03-06 15:38:11,43,45,5601,28874
2023-03-06 15:38:11,45,46,6090,29363
2023-03-06 15:38:14,45,50,6090,29363
2023-03-06 15:38:15,45,49,6090,29363
2023-03-06 15:38:15,45,47,6090,29363
2023-03-06 15:38:16,43,47,6090,29363
2023-03-06 15:38:23,44,47,6090,29363
2023-03-06 15:38:24,46,47,6090,29363
2023-03-06 15:38:25,46,49,6108,29381
2023-03-06 15:38:28,48,49,6108,29381
2023-03-06 15:38:29,46,49,6108,29381
2023-03-06 15:38:29,49,53,6108,29399
2023-03-06 15:38:29,49,55,6108,29399
2023-03-06 15:38:30,49,53,6108,29399
2023-03-06 15:38:30,49,53,6108,29417
2023-03-06 15:38:31,49,51,6108,29417
2023-03-06 15:38:32,50,51,6108,29417
2023-03-06 15:38:34,50,51,6099,29426
2023-03-06 15:38:36,50,53,6099,29426
2023-03-06 15:38:36,50,51,6099,29426
2023-03-06 15:38:39,47,51,6099,29426
2023-03-06 15:38:39,48,51,6099,29426
2023-03-06 15:38:40,47,51,6099,29426
2023-03-06 15:38:40,49,51,6099,29426
2023-03-06 15:38:42,49,52,6099,29426
2023-03-06 15:38:44,49,53,6099,29426
2023-03-06 15:38:45,49,52,6099,29426
2023-03-06 15:38:47,49,53,6099,29426
2023-03-06 15:38:52,49,52,6099,29426
2023-03-06 15:38:56,49,51,6099,29426
2023-03-06 15:38:57,47,51,6099,29426
2023-03-06 15:38:57,47,50,6099,29426
2023-03-06 15:38:58,47,49,6099,29426
2023-03-06 15:38:59,47,48,6099,29426
2023-03-06 15:39:03,46,47,6099,29444
2023-03-06 15:39:06,46,48,6099,29444
2023-03-06 15:39:08,46,49,6099,29444
2023-03-06 15:39:11,48,49,6099,29444
2023-03-06 15:39:12,48,49,6099,29471
2023-03-06 15:39:13,48,50,6099,29471
2023-03-06 15:39:15,45,46,6099,29503
2023-03-06 15:39:18,43,46,6099,29503
2023-03-06 15:39:19,44,46,6099,29503
2023-03-06 15:39:19,44,45,6099,29503
2023-03-06 15:39:19,44,46,6099,29503
2023-03-06 15:39:20,44,47,6099,29503
2023-03-06 15:39:25,43,47,6099,29503
2023-03-06 15:39:25,43,44,6099,29503
2023-03-06 15:39:26,43,47,6099,29503
2023-03-06 15:39:30,45,47,6099,29503
2023-03-06 15:39:33,45,46,6099,29503
2023-03-06 15:39:34,45,46,6090,29512
2023-03-06 15:39:36,43,46,6090,29512
2023-03-06 15:39:37,43,46,6090,29512
2023-03-06 15:39:38,43,45,6090,29512
2023-03-06 15:39:40,43,44,6090,29512
2023-03-06 15:39:41,41,43,6090,29521
2023-03-06 15:39:42,41,44,6090,29521
2023-03-06 15:39:42,42,44,6090,29521
2023-03-06 15:39:45,42,43,6090,29521
2023-03-06 15:39:46,39,40,6056,29555
2023-03-06 15:39:50,39,43,6056,29555
2023-03-06 15:39:52,39,44,6056,29555
2023-03-06 15:39:52,41,44,6056,29555
2023-03-06 15:39:52,41,43,6056,29555
2023-03-06 15:39:52,41,44,6056,29555
2023-03-06 15:39:56,39,44,6056,29555
2023-03-06 15:39:56,41,44,6056,29555
2023-03-06 15:39:58,39,44,6056,29555
2023-03-06 15:40:01,41,44,6056,29555
2023-03-06 15:40:04,39,44,6056,29555
2023-03-06 15:40:05,41,44,6056,29555
2023-03-06 15:40:13,43,44,6056,29555
2023-03-06 15:40:15,41,44,6056,29555
2023-03-06 15:40:16,41,44,6042,29569
2023-03-06 15:40:18,41,43,6042,29569
2023-03-06 15:40:22,40,43,6042,29569
2023-03-06 15:40:26,41,43,6042,29569
2023-03-06 15:40:28,43,46,6052,29579
2023-03-06 15:40:29,43,47,6052,29579
2023-03-06 15:40:29,43,46,6052,29579
2023-03-06 15:40:33,43,47,6052,29579
2023-03-06 15:40:34,44,47,6052,29579
2023-03-06 15:40:34,44,46,6052,29579
2023-03-06 15:40:37,46,47,6052,29588
2023-03-06 15:40:38,44,47,6052,29588
2023-03-06 15:40:51,45,47,6052,29588
2023-03-06 15:40:53,45,49,6070,29606
2023-03-06 15:40:53,44,49,6070,29606
2023-03-06 15:40:53,46,49,6070,29606
2023-03-06 15:40:54,44,49,6070,29606
2023-03-06 15:40:56,44,47,6070,29606
2023-03-06 15:40:58,45,47,6070,29606
2023-03-06 15:41:02,45,49,6070,29606
2023-03-06 15:41:02,45,47,6070,29606
2023-03-06 15:41:02,44,47,6070,29606
2023-03-06 15:41:02,44,45,6070,29606
2023-03-06 15:41:03,44,47,6070,29606
2023-03-06 15:41:05,44,46,6070,29606
2023-03-06 15:41:07,43,44,6070,29615
2023-03-06 15:41:11,41,44,6070,29615
2023-03-06 15:41:11,39,44,6070,29615
2023-03-06 15:41:11,40,44,6070,29615
