datetime,bid,ask,open_interest,volume
2023-12-12 09:30:01,19,100,11,11
2023-12-12 09:30:01,19,99,11,11
2023-12-12 09:30:17,17,99,16,16
2023-12-12 09:30:35,17,24,16,16
2023-12-12 09:30:35,17,22,16,16
2023-12-12 09:30:45,17,38,16,16
2023-12-12 09:30:46,17,25,16,16
2023-12-12 09:30:46,17,23,16,16
2023-12-12 09:31:00,17,20,16,16
2023-12-12 09:31:01,17,20,16,16
2023-12-12 09:31:01,17,19,16,16
2023-12-12 09:31:11,17,20,16,16
2023-12-12 09:31:12,17,19,16,16
2023-12-12 09:31:13,17,20,16,16
2023-12-12 09:31:14,17,19,16,16
2023-12-12 09:31:15,17,20,16,16
2023-12-12 09:31:15,17,19,16,16
2023-12-12 09:31:16,17,20,16,16
2023-12-12 09:31:20,18,20,16,16
2023-12-12 09:31:31,17,20,16,16
2023-12-12 09:31:31,17,19,16,16
2023-12-12 09:31:43,17,18,16,16
2023-12-12 09:31:47,15,17,21,21
2023-12-12 09:31:48,15,18,21,21
2023-12-12 09:31:55,15,17,21,21
2023-12-12 09:31:59,15,18,21,21
2023-12-12 09:32:02,15,17,21,21
2023-12-12 09:32:03,15,18,21,21
2023-12-12 09:32:04,15,17,21,21
2023-12-12 09:32:07,15,18,21,21
2023-12-12 09:32:08,15,17,21,21
2023-12-12 09:32:26,15,16,21,21
2023-12-12 09:32:28,15,16,141,141
2023-12-12 09:32:36,15,17,141,141
2023-12-12 09:32:50,15,18,141,141
2023-12-12 09:32:54,15,17,141,141
2023-12-12 09:32:58,15,18,141,141
2023-12-12 09:33:01,15,17,141,141
2023-12-12 09:33:12,15,18,141,141
2023-12-12 09:33:14,16,18,141,141
2023-12-12 09:33:20,17,18,141,141
2023-12-12 09:33:21,17,19,141,141
2023-12-12 09:33:36,17,18,141,141
2023-12-12 09:33:39,17,19,141,141
2023-12-12 09:33:41,17,18,141,141
2023-12-12 09:33:42,16,18,141,141
2023-12-12 09:33:42,16,17,141,141
2023-12-12 09:33:46,15,17,141,141
2023-12-12 09:34:00,16,17,141,141
2023-12-12 09:34:24,15,17,141,141
2023-12-12 09:34:42,15,17,316,321
2023-12-12 09:34:43,15,16,316,321
2023-12-12 09:34:44,14,16,316,321
2023-12-12 09:34:50,14,15,316,321
2023-12-12 09:34:50,14,15,376,381
2023-12-12 09:34:55,13,15,376,381
2023-12-12 09:34:59,13,16,376,381
2023-12-12 09:35:02,13,15,376,381
2023-12-12 09:35:03,13,16,376,381
2023-12-12 09:35:03,14,16,376,381
2023-12-12 09:35:09,13,16,376,381
2023-12-12 09:35:14,13,16,378,383
2023-12-12 09:35:18,14,16,378,383
2023-12-12 09:35:22,13,16,378,383
2023-12-12 09:35:22,13,16,380,385
2023-12-12 09:35:23,14,16,380,385
2023-12-12 09:35:24,13,16,380,385
2023-12-12 09:35:27,13,15,380,385
2023-12-12 09:35:31,13,16,380,385
2023-12-12 09:35:31,13,15,380,385
2023-12-12 09:35:41,13,16,380,385
2023-12-12 09:35:41,13,15,380,385
2023-12-12 09:35:43,13,16,380,385
2023-12-12 09:35:44,13,15,380,385
2023-12-12 09:35:47,13,16,380,385
2023-12-12 09:35:51,13,15,380,385
2023-12-12 09:35:55,14,15,380,385
2023-12-12 09:36:05,13,14,380,485
2023-12-12 09:36:11,13,15,380,485
2023-12-12 09:36:39,13,14,380,485
2023-12-12 09:36:42,13,15,380,485
2023-12-12 09:36:46,13,16,380,485
2023-12-12 09:36:51,13,15,380,485
2023-12-12 09:36:52,13,16,380,485
2023-12-12 09:36:58,14,16,380,485
2023-12-12 09:37:04,15,16,380,485
2023-12-12 09:37:04,15,16,560,665
2023-12-12 09:37:11,14,16,560,665
2023-12-12 09:37:14,14,15,560,665
2023-12-12 09:37:16,13,15,560,665
2023-12-12 09:37:40,14,15,560,665
2023-12-12 09:37:41,14,16,560,665
2023-12-12 09:37:44,14,15,560,665
2023-12-12 09:37:57,14,16,560,665
2023-12-12 09:37:58,14,15,560,665
2023-12-12 09:38:04,14,16,560,665
2023-12-12 09:38:09,14,15,560,665
2023-12-12 09:38:23,14,16,560,665
2023-12-12 09:38:30,15,16,560,665
2023-12-12 09:38:58,14,16,560,665
2023-12-12 09:38:58,14,15,560,665
2023-12-12 09:38:59,14,15,560,815
2023-12-12 09:39:01,13,15,560,815
2023-12-12 09:39:04,13,14,560,815
2023-12-12 09:39:16,13,15,554,845
2023-12-12 09:39:25,13,16,554,845
2023-12-12 09:39:26,13,15,554,845
2023-12-12 09:39:28,13,16,554,845
2023-12-12 09:39:31,14,16,554,845
2023-12-12 09:39:32,13,16,554,845
2023-12-12 09:39:35,13,15,554,845
2023-12-12 09:40:08,14,15,554,845
2023-12-12 09:40:08,14,16,554,845
2023-12-12 09:40:11,13,16,554,845
2023-12-12 09:40:14,14,16,554,845
2023-12-12 09:40:17,14,17,554,845
2023-12-12 09:40:17,14,16,554,845
2023-12-12 09:40:19,14,17,554,845
2023-12-12 09:40:21,15,17,554,845
2023-12-12 09:40:26,14,17,554,845
2023-12-12 09:40:30,15,17,554,845
2023-12-12 09:40:45,15,17,677,968
2023-12-12 09:40:46,15,17,731,1022
2023-12-12 09:40:58,14,17,731,1022
2023-12-12 09:41:01,15,17,731,1022
2023-12-12 09:41:02,14,17,731,1022
2023-12-12 09:41:04,15,17,731,1022
2023-12-12 09:41:05,14,17,731,1022
2023-12-12 09:41:08,14,16,731,1022
2023-12-12 09:41:18,13,16,731,1022
2023-12-12 09:41:19,14,16,731,1022
2023-12-12 09:41:22,13,16,731,1022
2023-12-12 09:41:33,14,16,731,1022
2023-12-12 09:41:34,13,16,731,1022
2023-12-12 09:41:37,14,16,731,1022
2023-12-12 09:41:39,13,16,731,1022
2023-12-12 09:41:42,13,15,731,1022
2023-12-12 09:41:49,14,15,731,1022
2023-12-12 09:41:49,14,16,731,1022
2023-12-12 09:41:50,14,15,731,1022
2023-12-12 09:41:51,13,15,731,1022
2023-12-12 09:42:08,13,14,731,1022
2023-12-12 09:42:10,13,15,731,1022
2023-12-12 09:42:10,13,14,731,1022
2023-12-12 09:42:11,13,15,731,1022
2023-12-12 09:42:12,13,14,731,1022
2023-12-12 09:42:14,13,15,731,1022
2023-12-12 09:42:16,13,15,931,1222
2023-12-12 09:42:17,13,14,931,1222
2023-12-12 09:42:27,13,14,936,1227
2023-12-12 09:42:29,13,14,1027,1318
2023-12-12 09:42:33,13,14,1087,1378
2023-12-12 09:42:36,12,14,1087,1378
2023-12-12 09:42:48,12,13,1087,1378
2023-12-12 09:43:13,12,13,1087,1578
2023-12-12 09:43:14,11,12,1087,1633
2023-12-12 09:43:26,10,12,1087,1633
2023-12-12 09:43:34,11,12,1087,1633
2023-12-12 09:43:35,11,12,1089,1635
2023-12-12 09:43:36,10,12,1089,1635
2023-12-12 09:43:43,10,12,1091,1637
2023-12-12 09:43:51,10,12,1093,1639
2023-12-12 09:43:55,11,12,1093,1639
2023-12-12 09:43:55,11,13,1093,1639
2023-12-12 09:43:57,10,13,1093,1639
2023-12-12 09:44:01,11,13,1093,1639
2023-12-12 09:44:07,10,13,1093,1639
2023-12-12 09:44:12,10,12,1093,1639
2023-12-12 09:44:15,10,13,1093,1639
2023-12-12 09:44:20,11,13,1093,1639
2023-12-12 09:44:26,11,12,1093,1639
2023-12-12 09:44:27,11,13,1093,1639
2023-12-12 09:44:30,11,12,1093,1639
2023-12-12 09:44:33,11,13,1093,1639
2023-12-12 09:44:54,11,12,1093,1639
2023-12-12 09:45:01,11,13,1093,1639
2023-12-12 09:45:02,10,13,1093,1639
2023-12-12 09:45:06,11,13,1093,1639
2023-12-12 09:45:07,10,13,1093,1639
2023-12-12 09:45:08,11,13,1093,1639
2023-12-12 09:45:10,10,13,1093,1639
2023-12-12 09:45:10,11,13,1093,1639
2023-12-12 09:45:25,11,12,1093,1639
2023-12-12 09:45:27,10,12,1093,1639
2023-12-12 09:45:27,10,13,1093,1639
2023-12-12 09:45:32,11,13,1093,1639
2023-12-12 09:45:41,11,12,1093,1639
2023-12-12 09:45:47,11,13,1093,1639
2023-12-12 09:45:50,11,14,1093,1639
2023-12-12 09:45:50,12,14,1093,1639
2023-12-12 09:45:50,12,13,1093,1639
2023-12-12 09:45:50,11,13,1288,1834
2023-12-12 09:45:50,11,14,1288,1834
2023-12-12 09:45:51,12,14,1288,1834
2023-12-12 09:45:51,11,14,1483,2029
2023-12-12 09:45:54,12,14,1483,2029
2023-12-12 09:46:05,12,14,1483,2279
2023-12-12 09:46:27,12,13,1483,2279
2023-12-12 09:46:30,12,13,1538,2334
2023-12-12 09:46:47,12,13,1694,2490
2023-12-12 09:47:14,12,14,1694,2490
2023-12-12 09:47:14,12,13,1694,2490
2023-12-12 09:47:40,12,14,1694,2490
2023-12-12 09:47:40,12,13,1694,2490
2023-12-12 09:47:42,12,14,1694,2490
2023-12-12 09:47:47,12,15,1694,2490
2023-12-12 09:47:47,13,15,1694,2490
2023-12-12 09:47:59,13,14,1694,2490
2023-12-12 09:48:00,13,15,1694,2490
2023-12-12 09:48:00,13,14,1694,2490
2023-12-12 09:48:29,13,15,1694,2490
2023-12-12 09:48:47,13,14,1694,2490
2023-12-12 09:48:47,13,15,1694,2490
2023-12-12 09:48:48,13,14,1694,2490
2023-12-12 09:48:51,13,15,1694,2490
2023-12-12 09:49:02,13,14,1694,2490
2023-12-12 09:49:04,13,15,1694,2490
2023-12-12 09:49:15,14,15,1694,2490
2023-12-12 09:49:26,14,16,1694,2490
2023-12-12 09:49:27,15,16,1694,2490
2023-12-12 09:49:40,15,17,1694,2490
2023-12-12 09:50:05,15,16,1694,2490
2023-12-12 09:50:08,15,17,1694,2490
2023-12-12 09:50:34,15,16,1694,2490
2023-12-12 09:50:35,15,17,1694,2490
2023-12-12 09:50:35,15,16,1694,2490
2023-12-12 09:50:53,15,17,1694,2490
2023-12-12 09:51:07,16,17,1694,2490
2023-12-12 09:51:14,16,18,1754,2550
2023-12-12 09:51:16,16,18,1754,2950
2023-12-12 09:51:17,17,18,1754,2950
2023-12-12 09:51:19,17,19,1754,2950
2023-12-12 09:51:29,17,18,1754,2950
2023-12-12 09:51:35,16,18,1754,2950
2023-12-12 09:51:36,16,19,1754,2950
2023-12-12 09:51:46,16,18,1754,2950
2023-12-12 09:51:50,17,18,1754,2950
2023-12-12 09:51:50,16,18,1954,3150
2023-12-12 09:51:51,17,18,1954,3150
2023-12-12 09:51:53,17,19,1954,3150
2023-12-12 09:52:07,17,18,1954,3150
2023-12-12 09:52:09,16,18,1954,3150
2023-12-12 09:52:23,15,18,1954,3150
2023-12-12 09:52:27,15,17,1954,3150
2023-12-12 09:52:31,15,18,1954,3150
2023-12-12 09:52:41,15,17,1954,3150
2023-12-12 09:52:46,15,18,1954,3150
2023-12-12 09:52:48,15,17,1954,3150
2023-12-12 09:52:51,15,18,1954,3150
2023-12-12 09:52:52,15,17,1954,3150
2023-12-12 09:52:52,15,16,1954,3150
2023-12-12 09:52:53,15,17,1954,3150
2023-12-12 09:52:53,15,16,1954,3150
2023-12-12 09:52:56,15,17,2147,3345
2023-12-12 09:52:56,15,16,2147,3345
2023-12-12 09:53:22,15,17,2147,3345
2023-12-12 09:53:24,15,16,2147,3345
2023-12-12 09:53:37,15,17,2147,3345
2023-12-12 09:53:41,15,16,2147,3345
2023-12-12 09:53:51,15,17,2147,3345
2023-12-12 09:53:59,15,16,2147,3345
2023-12-12 09:54:12,14,16,2147,3345
2023-12-12 09:54:20,14,15,2147,3345
2023-12-12 09:54:20,14,16,2147,3345
2023-12-12 09:54:21,14,15,2147,3345
2023-12-12 09:54:40,13,15,2147,3345
2023-12-12 09:54:40,13,14,2147,3345
2023-12-12 09:54:50,13,15,2147,3345
2023-12-12 09:54:50,13,14,2147,3345
2023-12-12 09:55:01,13,15,2147,3345
2023-12-12 09:55:05,14,15,2147,3345
2023-12-12 09:55:06,14,16,2147,3345
2023-12-12 09:55:09,14,17,2147,3345
2023-12-12 09:55:14,15,17,2147,3345
2023-12-12 09:55:18,15,18,2147,3345
2023-12-12 09:55:22,15,17,2147,3345
2023-12-12 09:55:24,15,18,2147,3345
2023-12-12 09:55:24,15,17,2147,3345
2023-12-12 09:55:25,15,16,2147,3345
2023-12-12 09:55:37,15,18,2304,3502
2023-12-12 09:55:37,15,17,2304,3502
2023-12-12 09:55:37,15,16,2304,3502
2023-12-12 09:55:38,15,18,2304,3502
2023-12-12 09:55:38,15,16,2304,3502
2023-12-12 09:55:40,15,18,2304,3502
2023-12-12 09:55:40,15,17,2304,3502
2023-12-12 09:55:40,15,16,2304,3502
2023-12-12 09:55:40,15,17,2304,3502
2023-12-12 09:55:40,15,16,2304,3502
2023-12-12 09:55:45,15,17,2304,3502
2023-12-12 09:55:46,15,18,2304,3502
2023-12-12 09:55:50,16,18,2304,3502
2023-12-12 09:56:27,17,18,2304,3502
2023-12-12 09:56:29,17,19,2304,3702
2023-12-12 09:56:31,18,19,2304,3702
2023-12-12 09:56:40,17,19,2304,3702
2023-12-12 09:56:44,18,19,2304,3702
2023-12-12 09:56:48,18,19,2364,3762
2023-12-12 09:56:50,18,20,2364,3762
2023-12-12 09:57:14,19,20,2364,3762
2023-12-12 09:57:29,19,20,2386,3784
2023-12-12 09:57:31,19,20,2540,3938
2023-12-12 09:57:32,18,20,2540,3938
2023-12-12 09:57:36,19,20,2540,3938
2023-12-12 09:57:36,19,20,2662,4060
2023-12-12 09:57:37,19,20,2766,4164
2023-12-12 09:57:38,18,20,2766,4164
2023-12-12 09:57:55,18,20,2939,4337
2023-12-12 09:58:11,18,21,2939,4537
2023-12-12 09:58:12,19,21,2939,4537
2023-12-12 09:58:59,19,22,2939,4737
2023-12-12 09:59:00,20,22,2939,4737
2023-12-12 09:59:00,20,22,3138,4936
2023-12-12 09:59:01,19,22,3138,4936
2023-12-12 09:59:09,20,22,3138,4936
2023-12-12 09:59:09,20,22,3138,5100
2023-12-12 09:59:09,19,22,3138,5100
2023-12-12 09:59:16,20,22,3138,5100
2023-12-12 09:59:16,20,22,3293,5255
2023-12-12 09:59:27,20,23,3293,5455
2023-12-12 09:59:28,21,23,3293,5455
2023-12-12 09:59:41,21,23,3388,5550
2023-12-12 10:00:24,20,23,3388,5550
2023-12-12 10:00:47,20,22,3388,5550
2023-12-12 10:00:49,19,22,3388,5550
2023-12-12 10:00:50,19,21,3388,5550
2023-12-12 10:00:52,19,22,3388,5550
2023-12-12 10:00:56,20,22,3388,5550
2023-12-12 10:00:57,19,22,3388,5550
2023-12-12 10:00:58,20,22,3388,5550
2023-12-12 10:01:01,19,22,3388,5550
2023-12-12 10:01:03,19,21,3388,5550
2023-12-12 10:01:04,19,22,3388,5550
2023-12-12 10:01:07,20,22,3388,5550
2023-12-12 10:01:10,20,23,3388,5550
2023-12-12 10:01:12,21,23,3388,5550
2023-12-12 10:01:19,21,23,3388,5950
2023-12-12 10:01:20,22,23,3388,5950
2023-12-12 10:01:20,22,24,3473,6150
2023-12-12 10:01:27,22,23,3473,6150
2023-12-12 10:01:31,21,23,3473,6150
2023-12-12 10:01:50,21,24,3473,6150
2023-12-12 10:01:50,22,24,3473,6150
2023-12-12 10:01:55,23,24,3473,6150
2023-12-12 10:01:55,22,24,3588,6350
2023-12-12 10:01:56,23,24,3588,6350
2023-12-12 10:01:56,23,25,3873,6750
2023-12-12 10:01:57,24,25,3873,6750
2023-12-12 10:01:59,23,25,3873,6750
2023-12-12 10:02:05,23,24,3873,6750
2023-12-12 10:02:20,23,24,3873,6788
2023-12-12 10:02:21,22,24,3873,6788
2023-12-12 10:02:39,22,23,3873,6788
2023-12-12 10:02:43,21,23,3873,6788
2023-12-12 10:02:49,21,22,3873,6788
2023-12-12 10:02:58,20,22,3873,6788
2023-12-12 10:03:12,20,21,3873,6788
2023-12-12 10:03:16,20,22,3873,6788
2023-12-12 10:03:32,21,22,3873,6788
2023-12-12 10:03:32,21,23,3873,6788
2023-12-12 10:03:32,21,23,3873,6834
2023-12-12 10:03:33,21,23,3873,6956
2023-12-12 10:03:34,20,23,3873,6956
2023-12-12 10:03:36,20,22,3873,6956
2023-12-12 10:03:43,20,23,3873,6956
2023-12-12 10:03:44,21,23,3873,6956
2023-12-12 10:03:45,21,23,3873,7034
2023-12-12 10:03:47,20,23,3873,7034
2023-12-12 10:03:49,21,23,3873,7034
2023-12-12 10:03:49,21,23,3986,7148
2023-12-12 10:03:50,20,23,3986,7148
2023-12-12 10:03:51,20,22,3986,7148
2023-12-12 10:03:54,21,22,3986,7148
2023-12-12 10:03:55,21,23,3986,7148
2023-12-12 10:04:16,21,24,3986,7148
2023-12-12 10:04:16,22,24,3986,7148
2023-12-12 10:04:41,22,24,4386,7548
2023-12-12 10:04:41,23,24,4386,7548
2023-12-12 10:04:41,23,25,4386,7548
2023-12-12 10:04:43,23,25,4386,7671
2023-12-12 10:04:48,23,24,4386,7671
2023-12-12 10:04:49,23,25,4386,7671
2023-12-12 10:04:49,23,24,4386,7671
2023-12-12 10:04:50,23,24,4386,7772
2023-12-12 10:05:02,22,24,4386,7772
2023-12-12 10:05:02,22,23,4386,7772
2023-12-12 10:05:35,22,24,4458,7844
2023-12-12 10:05:44,23,24,4458,7844
2023-12-12 10:05:46,23,25,4458,7844
2023-12-12 10:05:46,23,24,4458,7844
2023-12-12 10:05:46,23,25,4458,7844
2023-12-12 10:06:24,23,24,4458,7844
2023-12-12 10:06:30,23,25,4458,7844
2023-12-12 10:06:34,24,25,4458,7844
2023-12-12 10:06:52,24,25,4458,7973
2023-12-12 10:06:55,24,26,4545,8173
2023-12-12 10:06:55,25,26,4545,8173
2023-12-12 10:06:56,24,26,4545,8220
2023-12-12 10:07:18,25,26,4545,8220
2023-12-12 10:07:28,24,26,4545,8220
2023-12-12 10:07:31,25,26,4545,8220
2023-12-12 10:07:38,24,26,4545,8220
2023-12-12 10:08:15,23,26,4545,8220
2023-12-12 10:08:15,23,25,4545,8220
2023-12-12 10:08:21,23,26,4545,8220
2023-12-12 10:08:21,24,26,4545,8220
2023-12-12 10:08:22,23,26,4545,8220
2023-12-12 10:08:26,23,25,4545,8220
2023-12-12 10:08:42,23,26,4545,8220
2023-12-12 10:08:43,23,25,4545,8220
2023-12-12 10:08:44,24,25,4545,8220
2023-12-12 10:08:44,24,26,4545,8220
2023-12-12 10:08:45,23,26,4545,8220
2023-12-12 10:08:46,24,26,4545,8220
2023-12-12 10:08:58,23,26,4545,8220
2023-12-12 10:09:00,23,25,4545,8220
2023-12-12 10:09:05,23,26,4545,8220
2023-12-12 10:09:05,24,26,4545,8220
2023-12-12 10:09:06,23,26,4545,8220
2023-12-12 10:09:10,24,26,4545,8220
2023-12-12 10:09:12,24,26,4640,8402
2023-12-12 10:09:33,25,26,4640,8402
2023-12-12 10:09:34,24,26,4640,8402
2023-12-12 10:09:35,25,26,4640,8402
2023-12-12 10:09:41,24,26,4640,8402
2023-12-12 10:10:00,23,26,4640,8402
2023-12-12 10:10:01,23,25,4640,8402
2023-12-12 10:10:33,22,25,4640,8402
2023-12-12 10:10:33,22,24,4640,8402
2023-12-12 10:11:24,22,25,4640,8402
2023-12-12 10:11:33,23,25,4640,8402
2023-12-12 10:11:52,22,25,4640,8402
2023-12-12 10:11:58,23,25,4640,8402
2023-12-12 10:12:06,22,25,4640,8402
2023-12-12 10:12:08,22,24,4640,8402
2023-12-12 10:12:28,22,23,4640,8402
2023-12-12 10:12:33,22,24,4640,8402
2023-12-12 10:12:43,22,23,4640,8402
2023-12-12 10:12:45,22,24,4640,8402
2023-12-12 10:12:46,22,23,4640,8402
2023-12-12 10:12:47,21,23,4645,8407
2023-12-12 10:13:44,21,22,4645,8407
2023-12-12 10:14:03,21,23,4645,8407
2023-12-12 10:14:23,21,22,4645,8407
2023-12-12 10:14:27,21,23,4645,8407
2023-12-12 10:14:59,21,22,4645,8407
2023-12-12 10:15:09,21,23,4645,8407
2023-12-12 10:15:34,21,24,4645,8407
2023-12-12 10:15:34,22,24,4645,8407
2023-12-12 10:15:55,21,24,4645,8407
2023-12-12 10:15:58,22,24,4645,8407
2023-12-12 10:16:05,22,25,4645,8407
2023-12-12 10:16:06,23,25,4645,8407
2023-12-12 10:16:07,23,26,4645,8407
2023-12-12 10:16:07,24,26,4645,8407
2023-12-12 10:16:46,24,25,4645,8407
2023-12-12 10:16:58,24,25,5045,8807
2023-12-12 10:16:59,24,26,5045,8807
2023-12-12 10:17:20,25,26,5045,8807
2023-12-12 10:17:20,25,26,5045,8912
2023-12-12 10:17:53,25,27,5045,8912
2023-12-12 10:17:53,26,27,5045,8912
2023-12-12 10:17:58,25,27,5045,8912
2023-12-12 10:18:05,26,27,5045,8912
2023-12-12 10:18:10,26,28,5045,8912
2023-12-12 10:18:10,27,28,5045,8912
2023-12-12 10:18:23,27,29,5150,9112
2023-12-12 10:18:50,27,28,5150,9112
2023-12-12 10:18:52,27,28,5155,9122
2023-12-12 10:18:59,27,29,5155,9122
2023-12-12 10:19:05,27,28,5155,9122
2023-12-12 10:19:05,26,28,4865,9412
2023-12-12 10:19:36,26,29,4865,9412
2023-12-12 10:19:36,27,29,4865,9412
2023-12-12 10:19:42,26,29,4865,9412
2023-12-12 10:19:42,26,28,4865,9412
2023-12-12 10:20:06,26,29,4865,9412
2023-12-12 10:20:11,27,29,4865,9412
2023-12-12 10:22:08,27,28,4865,9412
2023-12-12 10:22:27,27,29,4865,9412
2023-12-12 10:22:51,27,28,4865,9412
2023-12-12 10:23:02,26,28,4865,9417
2023-12-12 10:23:04,25,28,4865,9417
2023-12-12 10:23:04,25,27,4865,9417
2023-12-12 10:23:08,25,26,4865,9417
2023-12-12 10:23:56,24,25,4865,9417
2023-12-12 10:23:58,23,25,4760,9817
2023-12-12 10:24:09,23,26,4760,9817
2023-12-12 10:24:11,24,26,4760,9817
2023-12-12 10:24:26,25,26,4760,9817
2023-12-12 10:24:35,25,27,4760,10017
2023-12-12 10:24:55,27,28,5260,10517
2023-12-12 10:25:07,26,28,5260,10517
2023-12-12 10:25:08,27,28,5260,10517
2023-12-12 10:25:14,27,29,5260,10517
2023-12-12 10:25:17,26,29,5260,10517
2023-12-12 10:25:17,27,29,5260,10517
2023-12-12 10:25:17,28,29,5260,10517
2023-12-12 10:25:37,27,29,5260,10517
2023-12-12 10:25:40,28,29,5260,10517
2023-12-12 10:25:41,28,29,5365,10717
2023-12-12 10:25:42,28,29,5565,10917
2023-12-12 10:25:43,28,29,5565,11317
2023-12-12 10:25:44,28,29,5625,11377
2023-12-12 10:25:44,26,29,5625,11517
2023-12-12 10:25:44,26,28,5625,11517
2023-12-12 10:25:55,27,28,5625,11517
2023-12-12 10:25:56,26,28,5625,11517
2023-12-12 10:25:58,26,28,5225,11917
2023-12-12 10:25:59,25,28,5225,11917
2023-12-12 10:25:59,25,27,5225,11917
2023-12-12 10:26:05,26,27,5225,11917
2023-12-12 10:26:09,25,27,5225,11917
2023-12-12 10:26:17,25,27,5625,12317
2023-12-12 10:26:17,25,26,5625,12717
2023-12-12 10:26:18,25,26,5825,12917
2023-12-12 10:26:19,25,26,5825,13317
2023-12-12 10:26:56,25,27,5825,13317
2023-12-12 10:27:27,25,26,5825,13317
2023-12-12 10:27:57,25,27,5825,13317
2023-12-12 10:28:01,25,26,5825,13317
2023-12-12 10:28:05,24,26,5830,13322
2023-12-12 10:28:20,25,26,5830,13322
2023-12-12 10:28:20,25,26,5830,13367
2023-12-12 10:28:30,24,26,5830,13367
2023-12-12 10:29:19,24,25,5830,13367
2023-12-12 10:30:05,24,26,5830,13367
2023-12-12 10:30:05,25,26,5830,13367
2023-12-12 10:30:15,25,27,5830,13367
2023-12-12 10:30:23,24,27,5830,13367
2023-12-12 10:30:23,26,27,5830,13367
2023-12-12 10:30:30,26,28,5830,13367
2023-12-12 10:30:38,26,27,5830,13367
2023-12-12 10:30:50,24,27,5830,13367
2023-12-12 10:30:50,25,27,5830,13367
2023-12-12 10:31:25,25,26,5830,13367
2023-12-12 10:31:27,24,26,5830,13367
2023-12-12 10:31:56,24,25,5830,13367
2023-12-12 10:33:27,23,24,5835,13372
2023-12-12 10:33:34,22,24,5835,13372
2023-12-12 10:33:53,23,24,5835,13372
2023-12-12 10:33:55,23,25,5835,13372
2023-12-12 10:34:00,24,25,5835,13372
2023-12-12 10:34:03,23,25,5835,13372
2023-12-12 10:34:03,23,25,5835,13372
2023-12-12 10:34:05,23,24,5835,13372
2023-12-12 10:34:08,22,24,5835,13372
2023-12-12 10:34:14,22,24,6035,13572
2023-12-12 10:34:24,21,24,6035,13572
2023-12-12 10:34:24,21,23,6035,13572
2023-12-12 10:34:31,21,24,6035,13572
2023-12-12 10:34:33,21,23,6035,13572
2023-12-12 10:34:38,21,24,6035,13572
2023-12-12 10:34:38,22,24,6035,13572
2023-12-12 10:34:52,22,25,6035,13572
2023-12-12 10:34:52,23,25,6035,13572
2023-12-12 10:34:59,24,25,6035,13572
2023-12-12 10:35:11,24,26,6035,13572
2023-12-12 10:35:31,24,25,6035,13572
2023-12-12 10:35:37,23,25,6035,13572
2023-12-12 10:35:45,24,25,6035,13572
2023-12-12 10:35:56,23,25,6035,13572
2023-12-12 10:36:10,24,25,6035,13572
2023-12-12 10:36:12,24,26,6035,13572
2023-12-12 10:36:43,25,26,6035,13572
2023-12-12 10:36:45,24,26,6035,13572
2023-12-12 10:36:59,25,26,6035,13572
2023-12-12 10:37:16,25,27,6035,13572
2023-12-12 10:37:16,26,27,6035,13572
2023-12-12 10:37:22,25,27,6035,13572
2023-12-12 10:37:24,26,27,6035,13572
2023-12-12 10:37:28,26,28,6035,13572
2023-12-12 10:37:28,27,28,6035,13572
2023-12-12 10:37:39,26,28,6035,13572
2023-12-12 10:37:40,27,28,6035,13572
2023-12-12 10:37:44,26,28,6035,13572
2023-12-12 10:37:47,27,28,6035,13572
2023-12-12 10:38:02,26,28,6035,13572
2023-12-12 10:38:14,27,28,6035,13572
2023-12-12 10:39:10,27,29,6035,13572
2023-12-12 10:39:19,28,29,6035,13572
2023-12-12 10:39:19,28,29,6035,13752
2023-12-12 10:39:41,27,29,6035,13752
2023-12-12 10:39:56,27,28,6035,13752
2023-12-12 10:40:34,27,29,6035,13752
2023-12-12 10:40:34,28,29,6035,13752
2023-12-12 10:40:47,28,30,6035,13752
2023-12-12 10:41:07,27,30,6035,13752
2023-12-12 10:41:07,27,29,6035,13752
2023-12-12 10:41:08,27,28,6035,13752
2023-12-12 10:41:13,27,29,6035,13752
2023-12-12 10:41:24,27,28,6035,13752
2023-12-12 10:41:26,27,29,6035,13752
2023-12-12 10:41:34,27,28,6035,13752
2023-12-12 10:41:47,27,29,6035,13752
2023-12-12 10:41:54,27,28,6035,13752
2023-12-12 10:42:07,27,29,6035,13752
2023-12-12 10:42:09,28,29,6035,13752
2023-12-12 10:42:19,28,30,6035,13752
2023-12-12 10:42:32,28,29,6035,13752
2023-12-12 10:42:42,27,29,6035,13752
2023-12-12 10:43:08,27,28,6035,13752
2023-12-12 10:43:49,27,28,6040,13787
2023-12-12 10:43:59,26,28,6040,13787
2023-12-12 10:44:02,26,27,6040,13787
2023-12-12 10:44:07,25,27,6040,13787
2023-12-12 10:44:21,26,27,6040,13787
2023-12-12 10:44:56,26,28,6040,13787
2023-12-12 10:44:56,27,28,6040,13787
2023-12-12 10:44:58,26,28,6040,13787
2023-12-12 10:44:59,27,28,6040,13787
2023-12-12 10:45:23,27,29,6040,13787
2023-12-12 10:45:24,27,28,6040,13787
2023-12-12 10:45:29,27,29,6040,13787
2023-12-12 10:45:35,27,28,6040,13787
2023-12-12 10:45:47,26,28,6040,13787
2023-12-12 10:45:57,27,28,6040,13787
2023-12-12 10:45:59,26,28,6040,13787
2023-12-12 10:46:01,27,28,6040,13787
2023-12-12 10:46:06,26,28,6040,13787
2023-12-12 10:46:12,26,27,6040,13787
2023-12-12 10:46:17,25,27,6040,13787
2023-12-12 10:46:23,25,26,6040,13787
2023-12-12 10:46:26,25,27,6040,13787
2023-12-12 10:46:51,24,27,6040,13787
2023-12-12 10:46:51,25,27,6040,13787
2023-12-12 10:46:51,26,27,6040,13787
2023-12-12 10:46:51,25,27,6040,13832
2023-12-12 10:47:36,25,28,6040,13832
2023-12-12 10:47:37,26,28,6040,13832
2023-12-12 10:47:44,27,28,6040,13832
2023-12-12 10:47:44,27,29,6040,13832
2023-12-12 10:47:46,28,29,6040,13832
2023-12-12 10:47:46,28,29,6040,14032
2023-12-12 10:47:46,28,30,6040,14032
2023-12-12 10:47:46,29,30,6040,14032
2023-12-12 10:47:47,28,30,6040,14032
2023-12-12 10:47:57,28,29,6040,14032
2023-12-12 10:47:58,27,29,6040,14032
2023-12-12 10:48:09,27,28,6040,14032
2023-12-12 10:48:14,26,28,6040,14032
2023-12-12 10:48:31,26,27,6040,14032
2023-12-12 10:48:36,25,27,6040,14032
2023-12-12 10:48:47,26,27,6040,14032
2023-12-12 10:48:56,25,27,6040,14032
2023-12-12 10:48:59,26,27,6040,14032
2023-12-12 10:49:12,24,27,6040,14032
2023-12-12 10:49:12,25,27,6040,14032
2023-12-12 10:49:23,26,27,6040,14032
2023-12-12 10:49:26,25,27,6040,14032
2023-12-12 10:50:00,26,27,6040,14032
2023-12-12 10:50:00,26,27,6040,14152
2023-12-12 10:50:19,25,27,6040,14152
2023-12-12 10:50:22,26,27,6040,14152
2023-12-12 10:50:25,25,27,6040,14152
2023-12-12 10:50:27,26,27,6040,14152
2023-12-12 10:50:32,25,27,6040,14152
2023-12-12 10:50:36,24,27,6040,14152
2023-12-12 10:50:36,26,27,6040,14152
2023-12-12 10:50:36,25,27,6040,14152
2023-12-12 10:50:38,25,27,6040,14232
2023-12-12 10:50:38,25,26,6040,14232
2023-12-12 10:50:38,24,26,6040,14232
2023-12-12 10:50:38,23,26,6040,14232
2023-12-12 10:50:38,23,25,6040,14232
2023-12-12 10:50:40,23,26,6040,14232
2023-12-12 10:50:44,24,26,6040,14232
2023-12-12 10:50:45,24,27,6040,14232
2023-12-12 10:50:56,25,27,6040,14232
2023-12-12 10:50:58,24,27,6040,14232
2023-12-12 10:50:58,25,27,6040,14232
2023-12-12 10:51:03,25,28,6040,14232
2023-12-12 10:51:04,26,28,6040,14232
2023-12-12 10:51:06,25,28,6040,14232
2023-12-12 10:51:12,25,27,6040,14232
2023-12-12 10:52:10,26,27,6040,14232
2023-12-12 10:52:10,26,28,6040,14232
2023-12-12 10:52:18,25,28,6040,14232
2023-12-12 10:52:23,26,28,6040,14232
2023-12-12 10:52:30,25,28,6040,14232
2023-12-12 10:52:31,25,27,6040,14232
2023-12-12 10:52:44,26,27,6040,14232
2023-12-12 10:52:44,26,28,6040,14232
2023-12-12 10:52:45,26,27,6040,14232
2023-12-12 10:53:04,26,28,6040,14232
2023-12-12 10:53:05,27,28,6040,14232
2023-12-12 10:53:08,27,29,6040,14232
2023-12-12 10:53:21,27,28,6040,14232
2023-12-12 10:53:22,27,29,6040,14232
2023-12-12 10:53:22,27,28,6040,14232
2023-12-12 10:53:24,27,29,6040,14232
2023-12-12 10:53:24,27,28,6040,14232
2023-12-12 10:53:26,27,29,6040,14232
2023-12-12 10:53:26,27,28,6040,14232
2023-12-12 10:53:35,26,28,6040,14232
2023-12-12 10:53:41,26,27,6040,14232
2023-12-12 10:53:42,26,28,6040,14232
2023-12-12 10:53:48,26,27,6040,14232
2023-12-12 10:53:48,26,28,6040,14232
2023-12-12 10:53:51,27,28,6040,14232
2023-12-12 10:53:52,26,28,6040,14232
2023-12-12 10:53:52,26,27,6040,14232
2023-12-12 10:53:54,26,28,6040,14232
2023-12-12 10:53:54,26,27,6040,14232
2023-12-12 10:54:07,26,28,6040,14232
2023-12-12 10:54:07,26,27,6040,14232
2023-12-12 10:54:19,26,28,6040,14232
2023-12-12 10:54:19,26,27,6040,14232
2023-12-12 10:54:26,26,28,6040,14232
2023-12-12 10:54:26,26,27,6040,14232
2023-12-12 10:54:29,26,28,6040,14232
2023-12-12 10:54:29,26,27,6040,14232
2023-12-12 10:54:36,26,27,6040,14432
2023-12-12 10:54:38,26,28,6040,14432
2023-12-12 10:54:46,27,28,6040,14432
2023-12-12 10:54:50,27,29,6040,14432
2023-12-12 10:54:50,27,28,6040,14432
2023-12-12 10:54:52,26,28,6040,14432
2023-12-12 10:54:54,26,27,6040,14432
2023-12-12 10:55:03,26,28,6040,14432
2023-12-12 10:55:05,26,27,6040,14432
2023-12-12 10:55:27,27,28,6040,14539
2023-12-12 10:55:27,27,29,6040,14539
2023-12-12 10:55:40,28,29,6040,14539
2023-12-12 10:55:41,28,30,6040,14539
2023-12-12 10:55:48,29,30,6040,14539
2023-12-12 10:55:55,28,30,6040,14539
2023-12-12 10:56:09,29,30,6040,14539
2023-12-12 10:56:13,29,31,6240,14739
2023-12-12 10:56:35,29,30,6240,14739
2023-12-12 10:57:08,29,30,6740,15239
2023-12-12 10:58:33,29,30,6740,15639
2023-12-12 10:58:39,29,31,6740,15739
2023-12-12 10:58:46,30,31,6740,15739
2023-12-12 10:58:47,30,32,6740,15739
2023-12-12 10:58:51,31,32,6740,15739
2023-12-12 10:58:55,31,33,6740,15739
2023-12-12 10:59:11,32,33,6740,15739
2023-12-12 10:59:16,32,34,6740,15739
2023-12-12 10:59:28,32,33,6740,15739
2023-12-12 10:59:49,32,34,6740,15739
2023-12-12 11:00:02,33,34,6740,15739
2023-12-12 11:00:07,33,35,6740,15739
2023-12-12 11:00:32,34,35,6740,15739
2023-12-12 11:00:39,33,35,6740,15739
2023-12-12 11:00:42,34,35,6740,15739
2023-12-12 11:00:43,33,35,6740,15739
2023-12-12 11:00:48,34,35,6740,15739
2023-12-12 11:00:51,33,35,6740,15739
2023-12-12 11:00:54,34,35,6740,15739
2023-12-12 11:00:57,33,35,6740,15739
2023-12-12 11:01:05,33,34,6740,15739
2023-12-12 11:01:09,33,34,7140,16139
2023-12-12 11:01:10,33,35,7140,16139
2023-12-12 11:01:43,34,35,7140,16139
2023-12-12 11:01:47,33,35,7140,16139
2023-12-12 11:01:57,34,35,7140,16139
2023-12-12 11:02:03,33,35,7140,16139
2023-12-12 11:02:07,34,35,7140,16139
2023-12-12 11:02:09,33,35,7140,16139
2023-12-12 11:02:10,34,35,7140,16139
2023-12-12 11:02:25,33,35,7140,16139
2023-12-12 11:02:31,34,35,7140,16139
2023-12-12 11:02:55,34,35,6940,16339
2023-12-12 11:02:59,34,35,6740,16539
2023-12-12 11:03:00,34,36,6740,16639
2023-12-12 11:03:00,35,36,6740,16639
2023-12-12 11:03:01,35,36,6740,16826
2023-12-12 11:03:06,34,36,6740,16826
2023-12-12 11:03:17,35,36,6740,16826
2023-12-12 11:03:32,34,36,6740,16826
2023-12-12 11:03:32,35,36,6740,16826
2023-12-12 11:03:43,34,36,6740,16826
2023-12-12 11:03:51,35,36,6740,16826
2023-12-12 11:04:02,34,36,6740,16826
2023-12-12 11:04:20,35,36,6740,16826
2023-12-12 11:04:21,34,36,6740,16826
2023-12-12 11:04:22,35,36,6740,16826
2023-12-12 11:04:23,34,36,6740,16826
2023-12-12 11:04:25,35,36,6740,16826
2023-12-12 11:04:26,34,36,6740,16826
2023-12-12 11:04:28,35,36,6740,16826
2023-12-12 11:04:29,34,36,6740,16826
2023-12-12 11:04:34,35,36,6740,16826
2023-12-12 11:04:36,34,36,6740,16826
2023-12-12 11:04:36,35,36,6740,16826
2023-12-12 11:04:46,35,37,6740,16826
2023-12-12 11:04:53,36,37,6740,16826
2023-12-12 11:04:57,35,37,6740,16826
2023-12-12 11:05:03,36,37,6740,16826
2023-12-12 11:05:14,36,38,6740,16826
2023-12-12 11:05:32,37,38,6740,16826
2023-12-12 11:05:39,36,38,6740,16826
2023-12-12 11:05:45,37,38,6740,16826
2023-12-12 11:05:53,37,39,6740,16826
2023-12-12 11:05:59,37,38,6740,16826
2023-12-12 11:05:59,37,38,6740,17226
2023-12-12 11:05:59,37,38,6740,17286
2023-12-12 11:05:59,36,38,6652,17374
2023-12-12 11:06:00,36,37,6652,17374
2023-12-12 11:06:00,34,37,6652,17374
2023-12-12 11:06:01,34,38,6652,17374
2023-12-12 11:06:01,34,37,6652,17374
2023-12-12 11:06:01,34,36,6652,17374
2023-12-12 11:06:02,35,36,6652,17374
2023-12-12 11:06:04,34,36,6252,17774
2023-12-12 11:06:09,34,37,6252,17774
2023-12-12 11:06:10,35,37,6252,17774
2023-12-12 11:06:18,34,37,6252,17774
2023-12-12 11:06:19,34,36,6252,17774
2023-12-12 11:06:30,35,36,6252,17774
2023-12-12 11:06:31,35,37,6252,17774
2023-12-12 11:06:47,36,37,6252,17774
2023-12-12 11:06:49,35,37,6252,17774
2023-12-12 11:06:52,36,37,6252,17774
2023-12-12 11:06:54,35,37,6252,17774
2023-12-12 11:06:54,35,37,6652,18174
2023-12-12 11:06:54,36,37,6652,18174
2023-12-12 11:06:55,36,38,6652,18174
2023-12-12 11:07:07,37,38,6652,18174
2023-12-12 11:07:07,37,39,6652,18174
2023-12-12 11:07:26,37,38,6652,18174
2023-12-12 11:07:33,36,38,6652,18174
2023-12-12 11:07:40,36,37,6652,18174
2023-12-12 11:07:40,35,37,6652,18174
2023-12-12 11:08:00,35,36,6652,18174
2023-12-12 11:08:00,34,36,6652,18174
2023-12-12 11:08:04,34,36,6452,18374
2023-12-12 11:08:14,35,36,6452,18374
2023-12-12 11:08:15,35,37,6452,18374
2023-12-12 11:08:30,35,36,6452,18374
2023-12-12 11:08:33,35,36,6452,18374
2023-12-12 11:08:34,34,36,6452,18374
2023-12-12 11:08:38,34,37,6452,18374
2023-12-12 11:08:38,35,37,6452,18374
2023-12-12 11:08:59,35,36,6452,18374
2023-12-12 11:09:00,34,36,6452,18374
2023-12-12 11:09:00,35,36,6452,18374
2023-12-12 11:09:00,34,36,6452,18374
2023-12-12 11:09:09,34,35,6452,18374
2023-12-12 11:09:10,32,35,6452,18374
2023-12-12 11:09:10,33,35,6452,18374
2023-12-12 11:09:19,33,34,6452,18374
2023-12-12 11:09:19,32,34,6452,18374
2023-12-12 11:09:27,33,34,6452,18374
2023-12-12 11:09:29,33,35,6452,18374
2023-12-12 11:10:14,34,35,6452,18374
2023-12-12 11:10:21,33,35,6452,18374
2023-12-12 11:10:21,32,35,6452,18374
2023-12-12 11:10:21,33,35,6452,18374
2023-12-12 11:10:23,32,35,6452,18374
2023-12-12 11:10:23,34,35,6452,18374
2023-12-12 11:10:28,34,36,6452,18374
2023-12-12 11:10:39,34,35,6452,18374
2023-12-12 11:10:40,32,35,6452,18374
2023-12-12 11:10:40,33,35,6452,18374
2023-12-12 11:10:47,32,35,6452,18374
2023-12-12 11:10:47,33,35,6452,18374
2023-12-12 11:10:47,34,35,6452,18374
2023-12-12 11:10:50,33,35,6452,18374
2023-12-12 11:10:50,32,35,6452,18374
2023-12-12 11:10:50,33,35,6452,18374
2023-12-12 11:11:11,34,35,6452,18374
2023-12-12 11:11:13,33,35,6452,18374
2023-12-12 11:11:13,32,35,6452,18374
2023-12-12 11:11:13,33,35,6452,18374
2023-12-12 11:11:18,33,34,6452,18374
2023-12-12 11:11:39,32,33,6452,18374
2023-12-12 11:11:40,32,34,6452,18374
2023-12-12 11:11:41,32,33,6452,18374
2023-12-12 11:11:42,32,34,6452,18374
2023-12-12 11:11:48,32,33,6452,18374
2023-12-12 11:11:49,32,34,6452,18374
2023-12-12 11:12:18,32,33,6452,18374
2023-12-12 11:12:26,31,33,6452,18374
2023-12-12 11:12:29,31,32,6452,18374
2023-12-12 11:12:31,30,32,6452,18374
2023-12-12 11:12:31,29,32,6452,18374
2023-12-12 11:12:31,30,32,6452,18374
2023-12-12 11:12:33,29,32,6452,18374
2023-12-12 11:12:33,30,32,6452,18374
2023-12-12 11:12:33,31,32,6452,18374
2023-12-12 11:12:43,31,33,6452,18374
2023-12-12 11:12:45,30,33,6452,18374
2023-12-12 11:12:45,32,33,6452,18374
2023-12-12 11:12:55,30,33,6452,18374
2023-12-12 11:12:55,31,33,6452,18374
2023-12-12 11:12:56,30,33,6452,18374
2023-12-12 11:12:56,32,33,6452,18374
2023-12-12 11:12:57,30,33,6452,18374
2023-12-12 11:12:57,31,33,6452,18374
2023-12-12 11:13:15,31,32,6452,18374
2023-12-12 11:13:15,31,33,6452,18374
2023-12-12 11:13:16,31,32,6452,18374
2023-12-12 11:13:17,31,33,6452,18374
2023-12-12 11:13:20,31,32,6452,18374
2023-12-12 11:13:23,29,32,6452,18374
2023-12-12 11:13:23,30,32,6452,18374
2023-12-12 11:13:34,29,32,6452,18374
2023-12-12 11:13:34,30,32,6452,18374
2023-12-12 11:13:34,31,33,6452,18374
2023-12-12 11:13:46,31,32,6452,18374
2023-12-12 11:13:49,31,33,6452,18374
2023-12-12 11:13:51,31,32,6452,18374
2023-12-12 11:13:53,31,33,6452,18374
2023-12-12 11:13:53,31,32,6452,18374
2023-12-12 11:13:55,31,33,6452,18374
2023-12-12 11:13:57,30,33,6452,18374
2023-12-12 11:13:57,32,33,6452,18374
2023-12-12 11:14:18,32,34,6452,18374
2023-12-12 11:14:42,33,34,6452,18374
2023-12-12 11:14:42,33,35,6452,18374
2023-12-12 11:14:53,33,34,6452,18374
2023-12-12 11:14:57,33,35,6452,18374
2023-12-12 11:14:57,33,34,6452,18374
2023-12-12 11:14:59,33,35,6452,18374
2023-12-12 11:14:59,33,34,6452,18374
2023-12-12 11:15:00,33,35,6452,18374
2023-12-12 11:15:00,33,34,6452,18374
2023-12-12 11:15:06,32,34,6452,18374
2023-12-12 11:15:13,30,34,6452,18374
2023-12-12 11:15:13,31,34,6452,18374
2023-12-12 11:15:14,31,33,6452,18374
2023-12-12 11:15:32,31,34,6452,18374
2023-12-12 11:15:32,32,34,6452,18374
2023-12-12 11:15:34,32,33,6452,18374
2023-12-12 11:15:34,31,33,6452,18374
2023-12-12 11:15:40,32,33,6452,18374
2023-12-12 11:15:40,32,34,6452,18374
2023-12-12 11:15:40,32,33,6452,18374
2023-12-12 11:15:42,32,34,6452,18374
2023-12-12 11:15:54,31,34,6452,18374
2023-12-12 11:15:54,32,34,6452,18374
2023-12-12 11:15:54,33,34,6452,18374
2023-12-12 11:15:55,32,34,6452,18374
2023-12-12 11:16:03,32,35,6452,18374
2023-12-12 11:16:03,33,35,6452,18374
2023-12-12 11:16:14,34,35,6452,18374
2023-12-12 11:16:16,33,35,6452,18374
2023-12-12 11:16:17,33,36,6452,18374
2023-12-12 11:16:17,34,36,6452,18374
2023-12-12 11:16:20,33,36,6452,18374
2023-12-12 11:16:22,34,36,6452,18374
2023-12-12 11:16:23,34,36,6452,18507
2023-12-12 11:16:28,34,35,6452,18507
2023-12-12 11:16:28,32,35,6452,18507
2023-12-12 11:16:28,33,35,6452,18507
2023-12-12 11:16:46,34,35,6452,18507
2023-12-12 11:16:47,32,35,6452,18507
2023-12-12 11:16:47,33,35,6452,18507
2023-12-12 11:16:51,33,36,7261,19316
2023-12-12 11:16:51,33,35,7261,19316
2023-12-12 11:17:05,33,36,7261,19316
2023-12-12 11:17:05,33,35,7261,19316
2023-12-12 11:17:08,33,36,7261,19316
2023-12-12 11:17:11,34,36,7261,19316
2023-12-12 11:18:08,34,35,7261,19316
2023-12-12 11:18:09,34,36,7261,19316
2023-12-12 11:18:09,34,35,7261,19316
2023-12-12 11:18:12,34,36,7261,19316
2023-12-12 11:18:54,33,36,7261,19316
2023-12-12 11:18:55,33,35,7261,19316
2023-12-12 11:18:59,33,36,7261,19316
2023-12-12 11:19:04,33,35,7261,19316
2023-12-12 11:19:16,33,36,7261,19316
2023-12-12 11:19:18,33,35,7261,19316
2023-12-12 11:19:27,32,35,7261,19316
2023-12-12 11:19:28,33,35,7261,19316
2023-12-12 11:19:29,32,35,7261,19316
2023-12-12 11:19:31,33,35,7261,19316
2023-12-12 11:19:32,32,35,7261,19316
2023-12-12 11:19:34,33,35,7261,19316
2023-12-12 11:19:55,33,36,7261,19316
2023-12-12 11:19:57,33,35,7261,19316
2023-12-12 11:20:02,33,36,7261,19316
2023-12-12 11:20:07,33,35,7261,19316
2023-12-12 11:20:17,33,36,7261,19316
2023-12-12 11:20:27,33,35,7261,19316
2023-12-12 11:20:32,33,36,7261,19316
2023-12-12 11:20:38,33,35,7261,19316
2023-12-12 11:21:00,33,36,7261,19316
2023-12-12 11:21:01,34,36,7261,19316
2023-12-12 11:21:08,34,37,7261,19316
2023-12-12 11:21:08,35,37,7261,19316
2023-12-12 11:21:29,34,37,7261,19316
2023-12-12 11:21:37,35,37,7261,19316
2023-12-12 11:22:06,34,37,7261,19316
2023-12-12 11:22:06,36,37,7261,19316
2023-12-12 11:22:08,36,38,7261,19316
2023-12-12 11:22:08,37,38,7261,19316
2023-12-12 11:22:09,36,38,7261,19316
2023-12-12 11:22:16,37,38,7261,19316
2023-12-12 11:22:17,37,39,7261,19316
2023-12-12 11:22:21,38,39,7261,19316
2023-12-12 11:22:28,38,40,7261,19316
2023-12-12 11:22:37,38,40,7251,19326
2023-12-12 11:22:39,39,40,7251,19326
2023-12-12 11:22:45,39,40,7051,19526
2023-12-12 11:22:45,39,41,7051,19816
2023-12-12 11:22:45,40,41,7051,19816
2023-12-12 11:23:03,40,42,7051,19816
2023-12-12 11:23:05,41,42,7051,19816
2023-12-12 11:23:15,40,42,7051,19816
2023-12-12 11:23:28,40,42,7053,19818
2023-12-12 11:24:57,41,42,7053,19818
2023-12-12 11:25:03,40,42,7053,19818
2023-12-12 11:25:03,40,42,7067,19832
2023-12-12 11:25:23,40,41,7067,19832
2023-12-12 11:25:35,39,41,7067,19837
2023-12-12 11:25:51,39,42,7067,19837
2023-12-12 11:25:51,40,42,7067,19837
2023-12-12 11:26:00,39,42,7067,19837
2023-12-12 11:26:00,38,42,7067,19837
2023-12-12 11:26:00,39,42,7067,19837
2023-12-12 11:26:02,39,41,7067,19837
2023-12-12 11:26:12,37,41,7067,19837
2023-12-12 11:26:12,38,41,7067,19837
2023-12-12 11:26:14,38,40,7067,19837
2023-12-12 11:26:20,37,40,7067,19837
2023-12-12 11:26:20,36,40,7067,19837
2023-12-12 11:26:20,37,39,7067,19837
2023-12-12 11:26:27,38,39,7067,19837
2023-12-12 11:26:28,36,39,7067,19837
2023-12-12 11:26:28,37,39,7067,19837
2023-12-12 11:26:52,37,38,7067,19837
2023-12-12 11:26:52,35,38,7067,19837
2023-12-12 11:26:52,36,38,7067,19837
2023-12-12 11:26:53,36,37,7067,19837
2023-12-12 11:26:53,35,37,7067,19837
2023-12-12 11:27:01,35,36,7067,19837
2023-12-12 11:27:03,34,36,7067,19837
2023-12-12 11:27:04,35,36,7067,19837
2023-12-12 11:27:05,34,36,7067,19837
2023-12-12 11:27:07,35,36,7067,19837
2023-12-12 11:27:08,34,36,7067,19837
2023-12-12 11:27:10,35,36,7067,19837
2023-12-12 11:27:13,35,37,7067,19837
2023-12-12 11:27:15,34,37,7067,19837
2023-12-12 11:27:15,36,37,7067,19837
2023-12-12 11:27:17,36,38,7067,19837
2023-12-12 11:27:37,34,38,7067,19837
2023-12-12 11:27:37,34,37,7067,19837
2023-12-12 11:27:37,35,37,7067,19837
2023-12-12 11:28:21,35,36,7067,19837
2023-12-12 11:28:24,34,36,7067,19842
2023-12-12 11:28:25,34,35,7067,19842
2023-12-12 11:28:31,33,35,7067,19842
2023-12-12 11:28:32,33,34,7067,19842
2023-12-12 11:28:32,33,34,7067,20022
2023-12-12 11:29:10,32,34,7067,20022
2023-12-12 11:29:10,31,34,7067,20022
2023-12-12 11:29:10,31,33,7067,20022
2023-12-12 11:29:10,32,33,7067,20022
2023-12-12 11:29:16,32,34,7067,20022
2023-12-12 11:29:21,33,34,7067,20022
2023-12-12 11:29:37,31,34,7067,20022
2023-12-12 11:29:37,32,34,7067,20022
2023-12-12 11:29:59,31,34,7067,20022
2023-12-12 11:29:59,33,34,7067,20022
2023-12-12 11:30:00,31,34,7067,20022
2023-12-12 11:30:00,32,34,7067,20022
2023-12-12 11:30:01,31,34,7067,20022
2023-12-12 11:30:01,33,34,7067,20022
2023-12-12 11:30:04,33,35,7067,20022
2023-12-12 11:30:16,33,34,7067,20022
2023-12-12 11:30:24,33,35,7067,20022
2023-12-12 11:30:29,32,35,7067,20022
2023-12-12 11:30:29,34,35,7067,20022
2023-12-12 11:30:36,34,36,7067,20022
2023-12-12 11:30:48,33,36,7067,20022
2023-12-12 11:30:48,34,36,7067,20022
2023-12-12 11:30:48,35,36,7067,20022
2023-12-12 11:30:59,35,37,7067,20022
2023-12-12 11:31:03,35,38,7067,20022
2023-12-12 11:31:03,36,38,7067,20022
2023-12-12 11:31:07,35,38,7067,20022
2023-12-12 11:31:07,34,38,7067,20022
2023-12-12 11:31:07,35,38,7067,20022
2023-12-12 11:31:09,35,37,7067,20022
2023-12-12 11:31:10,35,38,7067,20022
2023-12-12 11:31:13,36,38,7067,20022
2023-12-12 11:31:32,37,38,7067,20022
2023-12-12 11:31:35,36,38,7067,20022
2023-12-12 11:31:38,35,38,7067,20022
2023-12-12 11:31:40,36,38,7067,20022
2023-12-12 11:31:43,35,38,7067,20022
2023-12-12 11:31:45,35,37,7067,20022
2023-12-12 11:31:49,34,37,7067,20022
2023-12-12 11:31:49,34,36,7067,20022
2023-12-12 11:31:49,33,36,7067,20022
2023-12-12 11:31:49,34,36,7067,20022
2023-12-12 11:31:57,33,36,7067,20022
2023-12-12 11:31:57,32,36,7067,20022
2023-12-12 11:31:57,33,36,7067,20022
2023-12-12 11:31:58,32,36,7067,20022
2023-12-12 11:31:58,34,36,7067,20022
2023-12-12 11:31:59,32,36,7067,20022
2023-12-12 11:31:59,33,36,7067,20022
2023-12-12 11:32:01,33,35,7067,20022
2023-12-12 11:32:06,32,35,7067,20022
2023-12-12 11:32:06,31,35,7067,20022
2023-12-12 11:32:06,32,35,7067,20022
2023-12-12 11:32:07,31,35,7067,20022
2023-12-12 11:32:07,33,35,7067,20022
2023-12-12 11:32:12,31,35,7067,20022
2023-12-12 11:32:12,32,35,7067,20022
2023-12-12 11:32:13,32,33,7067,20022
2023-12-12 11:32:17,30,33,7067,20022
2023-12-12 11:32:17,31,33,7067,20022
2023-12-12 11:32:24,30,33,7067,20022
2023-12-12 11:32:24,32,33,7067,20022
2023-12-12 11:32:31,30,33,7067,20022
2023-12-12 11:32:31,31,33,7067,20022
2023-12-12 11:32:33,32,33,7067,20022
2023-12-12 11:32:53,32,35,7267,20222
2023-12-12 11:32:54,33,35,7267,20222
2023-12-12 11:33:40,33,36,7267,20222
2023-12-12 11:33:41,34,36,7267,20222
2023-12-12 11:34:50,33,36,7267,20222
2023-12-12 11:34:55,34,36,7267,20222
2023-12-12 11:34:58,33,36,7267,20222
2023-12-12 11:34:59,34,36,7267,20222
2023-12-12 11:35:21,34,35,7267,20222
2023-12-12 11:35:23,33,36,7267,20222
2023-12-12 11:35:24,34,36,7267,20222
2023-12-12 11:35:29,33,36,7267,20222
2023-12-12 11:35:30,33,35,7267,20222
2023-12-12 11:35:32,33,36,7267,20222
2023-12-12 11:35:33,33,35,7267,20222
2023-12-12 11:35:40,33,36,7267,20222
2023-12-12 11:35:41,34,36,7267,20222
2023-12-12 11:35:49,33,36,7267,20222
2023-12-12 11:35:49,35,36,7267,20222
2023-12-12 11:35:50,33,36,7267,20222
2023-12-12 11:35:50,34,36,7267,20222
2023-12-12 11:35:51,33,36,7267,20222
2023-12-12 11:35:51,35,37,7267,20222
2023-12-12 11:35:56,35,37,6867,20622
2023-12-12 11:35:57,35,36,6867,20622
2023-12-12 11:35:57,34,36,6867,20622
2023-12-12 11:36:12,34,35,6867,20622
2023-12-12 11:36:13,33,35,6867,20622
2023-12-12 11:36:24,34,35,6867,20622
2023-12-12 11:36:25,34,36,6867,20622
2023-12-12 11:36:42,33,36,6867,20622
2023-12-12 11:36:42,35,36,6867,20622
2023-12-12 11:36:43,35,37,6867,20622
2023-12-12 11:37:29,35,38,6867,20622
2023-12-12 11:37:29,36,38,6867,20622
2023-12-12 11:38:11,37,38,6867,20622
2023-12-12 11:38:12,36,38,6867,20622
2023-12-12 11:38:13,37,38,6867,20622
2023-12-12 11:38:19,36,38,6867,20622
2023-12-12 11:38:47,37,38,6867,20622
2023-12-12 11:38:48,37,39,6867,20622
2023-12-12 11:38:54,36,39,6867,20622
2023-12-12 11:38:56,36,38,6867,20622
2023-12-12 11:39:17,36,37,6867,20622
2023-12-12 11:39:22,36,38,6867,20622
2023-12-12 11:39:29,36,37,6867,20622
2023-12-12 11:39:31,35,37,6867,20627
2023-12-12 11:39:47,34,37,6867,20627
2023-12-12 11:39:48,35,37,6867,20627
2023-12-12 11:39:56,34,37,6867,20627
2023-12-12 11:39:59,35,37,6867,20627
2023-12-12 11:40:01,34,37,6867,20627
2023-12-12 11:40:03,35,37,6867,20627
2023-12-12 11:40:07,34,37,6867,20627
2023-12-12 11:40:11,35,37,6867,20627
2023-12-12 11:40:13,34,37,6867,20627
2023-12-12 11:40:16,34,36,6867,20627
2023-12-12 11:40:24,33,36,6867,20627
2023-12-12 11:40:24,33,35,6867,20627
2023-12-12 11:40:24,32,35,6867,20627
2023-12-12 11:40:24,33,35,6867,20627
2023-12-12 11:40:31,32,35,6867,20627
2023-12-12 11:40:31,32,36,6867,20627
2023-12-12 11:40:31,33,36,6867,20627
2023-12-12 11:40:31,34,36,6867,20627
2023-12-12 11:40:32,34,37,6867,20627
2023-12-12 11:40:32,35,37,6867,20627
2023-12-12 11:40:35,36,37,6867,20627
2023-12-12 11:40:37,35,37,6867,20627
2023-12-12 11:40:41,36,37,6867,20627
2023-12-12 11:40:42,36,38,6867,20627
2023-12-12 11:41:03,35,38,6867,20627
2023-12-12 11:41:04,36,38,6867,20627
2023-12-12 11:41:11,35,38,6867,20627
2023-12-12 11:41:13,35,37,6867,20627
2023-12-12 11:41:50,34,37,6867,20627
2023-12-12 11:41:50,35,37,6867,20627
2023-12-12 11:41:50,35,38,6867,20627
2023-12-12 11:41:50,36,38,6867,20627
2023-12-12 11:41:53,35,38,6867,20627
2023-12-12 11:41:55,35,37,6867,20627
2023-12-12 11:42:45,35,38,6867,20627
2023-12-12 11:42:45,36,38,6867,20627
2023-12-12 11:42:46,35,38,6867,20627
2023-12-12 11:42:48,36,38,6867,20627
2023-12-12 11:42:49,35,38,6867,20627
2023-12-12 11:42:51,35,37,6867,20627
2023-12-12 11:43:11,34,37,6867,20627
2023-12-12 11:43:12,34,36,6867,20627
2023-12-12 11:43:29,34,35,6867,20627
2023-12-12 11:43:29,33,35,6867,20627
2023-12-12 11:43:29,32,35,6867,20627
2023-12-12 11:43:29,33,35,6867,20627
2023-12-12 11:43:31,32,35,6867,20627
2023-12-12 11:43:31,33,35,6867,20627
2023-12-12 11:43:31,34,35,6867,20627
2023-12-12 11:43:40,34,36,6867,20627
2023-12-12 11:44:01,32,36,6867,20627
2023-12-12 11:44:01,33,36,6867,20627
2023-12-12 11:44:03,32,36,6867,20627
2023-12-12 11:44:03,33,36,6867,20627
2023-12-12 11:44:03,34,36,6867,20627
2023-12-12 11:44:04,33,36,6867,20627
2023-12-12 11:44:04,32,36,6867,20627
2023-12-12 11:44:04,33,36,6867,20627
2023-12-12 11:44:05,32,36,6867,20627
2023-12-12 11:44:05,34,36,6867,20627
2023-12-12 11:44:51,33,36,6867,20627
2023-12-12 11:44:51,33,37,6867,20627
2023-12-12 11:44:51,35,37,6867,20627
2023-12-12 11:45:20,35,38,6867,20627
2023-12-12 11:45:20,36,38,6867,20627
2023-12-12 11:45:47,36,39,6867,20627
2023-12-12 11:45:47,37,39,6867,20627
2023-12-12 11:45:56,38,39,6867,20627
2023-12-12 11:46:11,38,39,6867,20627
2023-12-12 11:46:13,37,39,6867,20627
2023-12-12 11:46:20,36,39,6867,20627
2023-12-12 11:46:22,36,38,6867,20627
2023-12-12 11:46:31,36,39,6867,20627
2023-12-12 11:46:31,37,39,6867,20627
2023-12-12 11:47:00,36,39,6867,20627
2023-12-12 11:47:11,36,38,6867,20627
2023-12-12 11:47:39,36,39,6867,20627
2023-12-12 11:47:40,37,39,6867,20627
2023-12-12 11:47:47,36,39,6867,20627
2023-12-12 11:47:48,37,39,6867,20627
2023-12-12 11:47:49,36,39,6867,20627
2023-12-12 11:47:53,36,38,6867,20627
2023-12-12 11:48:09,36,39,6867,20627
2023-12-12 11:48:10,37,39,6867,20627
2023-12-12 11:48:17,36,39,6867,20627
2023-12-12 11:48:19,37,39,6867,20627
2023-12-12 11:49:02,37,38,6867,20627
2023-12-12 11:49:02,36,38,6867,20627
2023-12-12 11:49:13,36,39,6867,20627
2023-12-12 11:49:22,36,38,6867,20627
2023-12-12 11:50:00,35,38,6867,20627
2023-12-12 11:50:00,37,38,6867,20627
2023-12-12 11:50:07,37,39,6867,20627
2023-12-12 11:50:07,37,38,6867,20627
2023-12-12 11:50:24,35,38,6867,20627
2023-12-12 11:50:24,36,38,6867,20627
2023-12-12 11:50:25,35,38,6867,20627
2023-12-12 11:50:25,37,38,6867,20627
2023-12-12 11:50:31,35,38,6867,20627
2023-12-12 11:50:31,36,38,6867,20627
2023-12-12 11:50:43,36,37,6867,20627
2023-12-12 11:50:45,36,38,6867,20627
2023-12-12 11:50:53,36,37,6867,20627
2023-12-12 11:51:00,34,37,6867,20627
2023-12-12 11:51:00,35,37,6867,20627
2023-12-12 11:51:01,36,37,6867,20627
2023-12-12 11:51:23,35,37,6867,20632
2023-12-12 11:51:25,35,36,6867,20632
2023-12-12 11:51:25,33,36,6867,20632
2023-12-12 11:51:25,34,36,6867,20632
2023-12-12 11:51:33,33,36,6867,20632
2023-12-12 11:51:33,35,36,6867,20632
2023-12-12 11:51:46,35,37,6867,20632
2023-12-12 11:52:04,35,36,6867,20632
2023-12-12 11:52:05,33,36,6867,20632
2023-12-12 11:52:05,34,36,6867,20632
2023-12-12 11:52:06,33,36,6867,20632
2023-12-12 11:52:06,35,36,6867,20632
2023-12-12 11:52:13,35,37,6867,20632
2023-12-12 11:52:38,35,36,6867,20632
2023-12-12 11:52:39,33,36,6867,20632
2023-12-12 11:52:39,34,36,6867,20632
2023-12-12 11:53:18,34,35,6867,20632
2023-12-12 11:53:20,34,36,6867,20632
2023-12-12 11:53:27,33,36,6867,20632
2023-12-12 11:53:27,35,36,6867,20632
2023-12-12 11:53:28,33,36,6867,20632
2023-12-12 11:53:28,34,36,6867,20632
2023-12-12 11:53:32,34,35,6867,20632
2023-12-12 11:53:35,33,35,6867,20632
2023-12-12 11:53:35,33,35,6867,20632
2023-12-12 11:53:38,33,34,6867,20632
2023-12-12 11:53:39,32,34,6867,20632
2023-12-12 11:53:39,31,34,6867,20632
2023-12-12 11:53:39,32,34,6867,20632
2023-12-12 11:53:42,31,34,6867,20632
2023-12-12 11:53:42,32,34,6867,20632
2023-12-12 11:53:43,31,34,6867,20632
2023-12-12 11:53:44,31,33,6867,20632
2023-12-12 11:53:49,31,32,6867,20632
2023-12-12 11:53:57,30,32,6867,20632
2023-12-12 11:53:59,31,32,6867,20632
2023-12-12 11:54:11,30,32,6867,20632
2023-12-12 11:54:34,29,32,6867,20632
2023-12-12 11:54:34,31,32,6867,20632
2023-12-12 11:54:42,31,33,6867,20632
2023-12-12 11:54:45,31,34,6867,20632
2023-12-12 11:54:45,32,34,6867,20632
2023-12-12 11:54:57,32,33,6867,20632
2023-12-12 11:54:57,30,33,6867,20632
2023-12-12 11:54:57,31,33,6867,20632
2023-12-12 11:54:58,31,34,6867,20632
2023-12-12 11:55:01,32,34,6867,20632
2023-12-12 11:55:49,32,33,6867,20632
2023-12-12 11:55:50,30,33,6867,20632
2023-12-12 11:55:50,31,33,6867,20632
2023-12-12 11:56:01,31,32,6867,20632
2023-12-12 11:56:04,29,32,6867,20632
2023-12-12 11:56:04,30,32,6867,20632
2023-12-12 11:56:09,29,32,6867,20632
2023-12-12 11:56:09,31,32,6867,20632
2023-12-12 11:56:18,29,32,6680,20819
2023-12-12 11:56:58,29,31,6680,20819
2023-12-12 11:57:07,28,31,6680,20819
2023-12-12 11:57:11,28,30,6680,20819
2023-12-12 11:57:22,27,30,6680,20819
2023-12-12 11:57:24,27,29,6680,20819
2023-12-12 11:57:25,26,29,6680,20819
2023-12-12 11:57:25,26,28,6680,20819
2023-12-12 11:57:36,26,27,6680,20819
2023-12-12 11:58:15,26,28,6680,20819
2023-12-12 11:58:24,26,29,6680,20819
2023-12-12 11:58:24,27,29,6680,20819
2023-12-12 11:58:32,26,29,6680,20819
2023-12-12 11:59:03,27,29,6680,20819
2023-12-12 11:59:35,27,30,6680,20819
2023-12-12 11:59:44,28,30,6680,20819
2023-12-12 11:59:50,28,30,6680,20819
2023-12-12 11:59:51,28,29,6680,20819
2023-12-12 11:59:51,26,29,6680,20819
2023-12-12 11:59:52,26,28,6680,20819
2023-12-12 12:00:01,26,29,6680,20819
2023-12-12 12:00:02,27,29,6680,20819
2023-12-12 12:00:07,27,30,6680,20819
2023-12-12 12:00:10,28,30,6680,20819
2023-12-12 12:00:11,27,30,6680,20819
2023-12-12 12:00:37,27,29,6680,20819
2023-12-12 12:00:38,26,29,6680,20819
2023-12-12 12:00:46,26,28,6680,20819
2023-12-12 12:00:48,26,29,6680,20819
2023-12-12 12:00:48,26,28,6680,20819
2023-12-12 12:01:19,26,27,6680,20819
2023-12-12 12:01:35,25,26,6685,20824
2023-12-12 12:02:09,25,27,6685,20824
2023-12-12 12:02:16,25,28,6685,20824
2023-12-12 12:02:25,26,28,6685,20824
2023-12-12 12:02:39,26,27,6685,20824
2023-12-12 12:02:39,26,28,6685,20824
2023-12-12 12:02:40,26,27,6685,20824
2023-12-12 12:02:56,25,27,6685,20824
2023-12-12 12:03:18,25,28,6685,20824
2023-12-12 12:03:25,26,28,6685,20824
2023-12-12 12:03:29,26,29,6685,20824
2023-12-12 12:03:44,27,29,6685,20824
2023-12-12 12:03:48,27,30,6685,20824
2023-12-12 12:03:56,27,30,6815,20954
2023-12-12 12:03:59,27,29,6815,20954
2023-12-12 12:04:01,27,30,6815,20954
2023-12-12 12:04:01,27,29,6815,20954
2023-12-12 12:04:07,26,29,6815,20954
2023-12-12 12:04:24,26,28,6815,20954
2023-12-12 12:04:28,25,28,6815,20954
2023-12-12 12:04:45,25,27,6815,20954
2023-12-12 12:05:18,25,26,6815,20954
2023-12-12 12:05:27,25,27,6815,20954
2023-12-12 12:05:28,25,26,6815,20954
2023-12-12 12:05:46,25,27,6815,20954
2023-12-12 12:05:56,25,26,6815,20954
2023-12-12 12:05:58,25,26,7015,21154
2023-12-12 12:05:58,22,26,7215,21459
2023-12-12 12:05:59,22,25,7215,21459
2023-12-12 12:06:05,23,25,7215,21459
2023-12-12 12:06:09,23,26,7215,21459
2023-12-12 12:06:19,23,25,7215,21459
2023-12-12 12:06:31,22,25,7215,21459
2023-12-12 12:06:35,22,24,7215,21459
2023-12-12 12:06:44,21,24,7215,21459
2023-12-12 12:06:44,21,23,7215,21459
2023-12-12 12:07:01,21,22,7215,21459
2023-12-12 12:07:57,20,22,7215,21459
2023-12-12 12:08:15,20,21,7215,21459
2023-12-12 12:08:27,20,22,7320,21564
2023-12-12 12:08:28,20,21,7320,21564
2023-12-12 12:08:28,20,22,7320,21564
2023-12-12 12:08:33,20,21,7320,21564
2023-12-12 12:08:45,20,22,7320,21564
2023-12-12 12:08:45,20,21,7320,21564
2023-12-12 12:09:18,19,21,7320,21564
2023-12-12 12:09:33,19,20,7320,21564
2023-12-12 12:09:45,19,21,7320,21564
2023-12-12 12:09:45,19,20,7320,21564
2023-12-12 12:09:55,19,21,7320,21564
2023-12-12 12:10:01,19,22,7320,21564
2023-12-12 12:10:02,19,21,7320,21564
2023-12-12 12:10:04,19,20,7320,21564
2023-12-12 12:10:04,19,21,7320,21564
2023-12-12 12:10:05,19,20,7320,21564
2023-12-12 12:10:07,19,21,7320,21564
2023-12-12 12:10:08,19,20,7320,21564
2023-12-12 12:10:12,19,21,7320,21564
2023-12-12 12:10:19,19,20,7320,21564
2023-12-12 12:10:20,19,21,7320,21564
2023-12-12 12:10:25,19,20,7320,21564
2023-12-12 12:10:28,19,21,7512,21756
2023-12-12 12:10:28,19,20,7512,21756
2023-12-12 12:10:29,19,21,7671,21915
2023-12-12 12:10:29,19,20,7671,21915
2023-12-12 12:10:30,19,21,7671,21915
2023-12-12 12:10:34,19,20,7671,21915
2023-12-12 12:10:37,19,21,7671,21915
2023-12-12 12:10:40,19,20,7671,21915
2023-12-12 12:10:43,19,21,7671,21915
2023-12-12 12:10:44,19,20,7671,21915
2023-12-12 12:10:45,19,21,7671,21915
2023-12-12 12:10:49,19,20,7671,21915
2023-12-12 12:10:52,19,21,7671,21915
2023-12-12 12:10:57,19,20,7671,21915
2023-12-12 12:11:07,18,20,7671,21915
2023-12-12 12:11:10,18,19,7671,21915
2023-12-12 12:11:15,18,20,7671,21915
2023-12-12 12:11:15,18,19,7671,21915
2023-12-12 12:11:29,18,20,7671,21915
2023-12-12 12:11:47,18,19,7671,21915
2023-12-12 12:11:51,18,20,7671,21915
2023-12-12 12:12:05,18,19,7671,21915
2023-12-12 12:12:06,18,20,7671,21915
2023-12-12 12:12:17,18,19,7671,21915
2023-12-12 12:12:21,18,20,7671,21915
2023-12-12 12:12:35,19,20,7671,21915
2023-12-12 12:12:35,19,20,7671,21975
2023-12-12 12:12:35,19,21,7671,21975
2023-12-12 12:12:47,18,21,7671,21975
2023-12-12 12:12:48,19,21,7671,21975
2023-12-12 12:12:50,19,20,7671,21975
2023-12-12 12:12:52,19,21,7835,22139
2023-12-12 12:12:52,19,20,7835,22139
2023-12-12 12:12:54,19,21,7835,22139
2023-12-12 12:12:58,19,22,8177,22481
2023-12-12 12:12:59,20,22,8177,22481
2023-12-12 12:13:03,21,22,8177,22481
2023-12-12 12:13:03,21,23,8177,22481
2023-12-12 12:13:03,21,23,8296,22600
2023-12-12 12:13:08,22,23,8296,22600
2023-12-12 12:13:08,22,24,8296,22600
2023-12-12 12:13:08,22,24,8296,22705
2023-12-12 12:13:20,22,25,8296,22705
2023-12-12 12:13:20,23,25,8296,22705
2023-12-12 12:13:37,23,24,8296,22705
2023-12-12 12:13:41,23,25,8461,22870
2023-12-12 12:13:41,23,24,8461,22870
2023-12-12 12:13:43,23,25,8638,23047
2023-12-12 12:13:43,23,24,8638,23047
2023-12-12 12:13:44,23,25,8805,23214
2023-12-12 12:13:45,23,24,8805,23214
2023-12-12 12:13:49,23,25,8805,23214
2023-12-12 12:14:03,23,26,8942,23351
2023-12-12 12:14:13,23,25,8942,23351
2023-12-12 12:14:17,23,26,8942,23351
2023-12-12 12:14:19,23,25,8942,23351
2023-12-12 12:14:27,23,26,8942,23351
2023-12-12 12:14:31,25,26,8942,23351
2023-12-12 12:14:50,24,26,8942,23351
2023-12-12 12:15:15,24,27,8942,23351
2023-12-12 12:15:22,24,26,8942,23351
2023-12-12 12:15:30,24,27,8942,23351
2023-12-12 12:15:37,25,27,8942,23351
2023-12-12 12:17:24,25,28,8942,23351
2023-12-12 12:17:39,26,28,8942,23351
2023-12-12 12:18:11,25,28,8742,23551
2023-12-12 12:18:20,25,27,8742,23551
2023-12-12 12:18:22,25,28,8742,23551
2023-12-12 12:18:23,25,27,8742,23551
2023-12-12 12:18:30,25,28,8742,23551
2023-12-12 12:19:00,25,27,8742,23551
2023-12-12 12:20:41,25,27,9142,23951
2023-12-12 12:20:51,26,27,9142,23951
2023-12-12 12:20:51,26,27,9542,24351
2023-12-12 12:20:53,26,27,9942,24751
2023-12-12 12:20:56,26,27,10342,25151
2023-12-12 12:20:59,26,28,10742,25551
2023-12-12 12:21:01,26,29,10742,25551
2023-12-12 12:21:01,27,29,10742,25551
2023-12-12 12:21:07,27,30,10742,25551
2023-12-12 12:21:08,28,30,10742,25551
2023-12-12 12:21:26,27,30,10742,25551
2023-12-12 12:21:32,26,30,10742,25551
2023-12-12 12:21:32,26,29,10742,25551
2023-12-12 12:21:33,27,29,10742,25551
2023-12-12 12:21:42,26,29,10742,25551
2023-12-12 12:21:43,27,29,10742,25551
2023-12-12 12:21:45,26,29,10742,25551
2023-12-12 12:21:45,27,29,10742,25551
2023-12-12 12:21:48,26,29,10742,25551
2023-12-12 12:22:02,26,28,10742,25551
2023-12-12 12:22:15,26,29,10742,25551
2023-12-12 12:22:26,27,29,10742,25551
2023-12-12 12:22:36,27,30,10742,25551
2023-12-12 12:23:16,27,29,10742,25551
2023-12-12 12:23:18,26,29,10742,25551
2023-12-12 12:23:24,27,29,10742,25551
2023-12-12 12:23:28,26,29,10742,25551
2023-12-12 12:23:51,27,29,10742,25551
2023-12-12 12:23:58,27,30,10742,25551
2023-12-12 12:24:11,27,29,10742,25551
2023-12-12 12:24:12,26,29,10742,25551
2023-12-12 12:24:12,27,29,10742,25551
2023-12-12 12:24:14,26,29,10742,25551
2023-12-12 12:24:16,27,29,10742,25551
2023-12-12 12:24:18,26,29,10742,25551
2023-12-12 12:24:21,27,29,10742,25551
2023-12-12 12:24:27,27,30,10742,25551
2023-12-12 12:25:19,28,30,10742,25551
2023-12-12 12:25:31,27,30,10742,25551
2023-12-12 12:26:12,26,30,10742,25551
2023-12-12 12:26:14,27,30,10742,25551
2023-12-12 12:26:21,26,30,10742,25551
2023-12-12 12:26:22,27,30,10742,25551
2023-12-12 12:26:29,27,29,10742,25551
2023-12-12 12:26:29,26,29,10742,25551
2023-12-12 12:26:30,27,29,10742,25551
2023-12-12 12:26:30,26,29,10742,25551
2023-12-12 12:26:44,26,28,10742,25551
2023-12-12 12:26:48,25,28,10742,25551
2023-12-12 12:26:48,25,27,10742,25551
2023-12-12 12:26:58,25,26,10742,25551
2023-12-12 12:27:04,24,26,10742,25556
2023-12-12 12:27:15,23,26,10742,25556
2023-12-12 12:27:23,24,26,10742,25556
2023-12-12 12:27:30,24,27,10742,25556
2023-12-12 12:27:38,25,27,10742,25556
2023-12-12 12:27:39,25,28,10742,25556
2023-12-12 12:27:46,26,28,10742,25556
2023-12-12 12:27:46,26,29,10742,25556
2023-12-12 12:28:16,27,29,10742,25556
2023-12-12 12:28:16,26,29,10742,25556
2023-12-12 12:28:16,27,29,10742,25556
2023-12-12 12:29:14,28,29,10742,25556
2023-12-12 12:29:14,27,29,10742,25556
2023-12-12 12:29:15,28,29,10742,25556
2023-12-12 12:29:16,27,29,10742,25556
2023-12-12 12:29:16,27,29,11142,25956
2023-12-12 12:29:16,27,30,11142,25956
2023-12-12 12:29:17,28,30,11142,25956
2023-12-12 12:29:28,28,31,11142,25956
2023-12-12 12:29:30,28,30,11142,25956
2023-12-12 12:29:33,27,30,11142,25956
2023-12-12 12:30:05,28,30,11142,25956
2023-12-12 12:30:07,27,30,11142,25956
2023-12-12 12:30:08,28,30,11142,25956
2023-12-12 12:30:20,29,30,11142,25956
2023-12-12 12:30:58,29,32,11142,25956
2023-12-12 12:31:02,29,31,11142,25956
2023-12-12 12:31:31,29,32,11142,25956
2023-12-12 12:31:32,30,32,11142,25956
2023-12-12 12:31:45,29,32,11142,25956
2023-12-12 12:31:52,29,31,11142,25956
2023-12-12 12:31:55,29,32,11142,25956
2023-12-12 12:32:06,30,32,11142,25956
2023-12-12 12:32:12,30,33,11142,25956
2023-12-12 12:32:18,31,33,11142,25956
2023-12-12 12:32:19,31,34,11142,25956
2023-12-12 12:32:27,32,34,11142,25956
2023-12-12 12:32:33,32,35,11142,25956
2023-12-12 12:32:38,33,35,11142,25956
2023-12-12 12:32:39,32,35,11142,25956
2023-12-12 12:32:48,33,35,11142,25956
2023-12-12 12:33:04,34,35,11142,25956
2023-12-12 12:33:05,33,35,10813,26285
2023-12-12 12:33:05,34,35,10813,26285
2023-12-12 12:34:11,34,35,10813,26685
2023-12-12 12:34:11,35,37,10713,26785
2023-12-12 12:34:17,35,36,10713,26785
2023-12-12 12:34:17,34,36,10600,26898
2023-12-12 12:34:17,35,36,10600,26898
2023-12-12 12:34:18,34,36,10600,26898
2023-12-12 12:34:22,35,36,10600,26898
2023-12-12 12:34:26,35,37,10600,26898
2023-12-12 12:34:32,34,37,10600,26898
2023-12-12 12:34:36,34,36,10600,26898
2023-12-12 12:34:42,33,36,10400,27098
2023-12-12 12:35:00,33,35,10400,27098
2023-12-12 12:35:11,34,35,10400,27098
2023-12-12 12:35:15,34,36,10400,27098
2023-12-12 12:35:38,33,36,10400,27098
2023-12-12 12:35:41,33,35,10400,27098
2023-12-12 12:35:45,33,36,10400,27098
2023-12-12 12:35:46,34,36,10400,27098
2023-12-12 12:35:47,33,36,10222,27276
2023-12-12 12:35:50,34,36,10222,27276
2023-12-12 12:35:51,33,36,10222,27276
2023-12-12 12:35:52,34,36,10222,27276
2023-12-12 12:35:52,34,35,10222,27276
2023-12-12 12:35:54,33,35,10095,27403
2023-12-12 12:36:08,32,35,10095,27403
2023-12-12 12:36:08,33,35,10095,27403
2023-12-12 12:36:10,33,36,10095,27403
2023-12-12 12:36:15,33,35,10095,27403
2023-12-12 12:36:19,32,35,10095,27403
2023-12-12 12:36:30,33,35,10095,27403
2023-12-12 12:36:41,33,36,10095,27403
2023-12-12 12:36:48,34,36,10095,27403
2023-12-12 12:36:50,32,36,10095,27403
2023-12-12 12:36:50,33,36,10095,27403
2023-12-12 12:36:55,33,35,10095,27403
2023-12-12 12:37:00,32,35,10095,27403
2023-12-12 12:37:05,33,35,10095,27403
2023-12-12 12:37:06,33,36,10095,27403
2023-12-12 12:37:10,32,36,10095,27403
2023-12-12 12:37:10,33,36,10095,27403
2023-12-12 12:37:22,33,35,10095,27403
2023-12-12 12:37:23,34,35,10095,27403
2023-12-12 12:37:24,33,35,10095,27403
2023-12-12 12:37:28,32,35,10095,27403
2023-12-12 12:37:31,32,34,10095,27403
2023-12-12 12:37:46,31,34,10095,27403
2023-12-12 12:37:48,31,33,10095,27403
2023-12-12 12:37:53,29,33,10095,27403
2023-12-12 12:37:57,30,33,10095,27403
2023-12-12 12:38:06,31,33,10095,27403
2023-12-12 12:38:07,30,33,10095,27403
2023-12-12 12:38:09,31,33,10095,27403
2023-12-12 12:38:10,30,33,10095,27403
2023-12-12 12:38:14,31,33,10095,27403
2023-12-12 12:38:16,31,34,10095,27403
2023-12-12 12:38:25,31,35,10095,27403
2023-12-12 12:38:30,32,35,10095,27403
2023-12-12 12:38:41,33,35,10095,27403
2023-12-12 12:38:53,32,35,10095,27403
2023-12-12 12:38:53,33,35,10095,27403
2023-12-12 12:38:59,32,35,10095,27403
2023-12-12 12:39:00,33,35,10095,27403
2023-12-12 12:39:01,32,35,10095,27403
2023-12-12 12:39:09,33,35,10095,27403
2023-12-12 12:39:13,32,35,10095,27403
2023-12-12 12:39:13,33,35,10095,27403
2023-12-12 12:39:30,33,34,10095,27403
2023-12-12 12:39:31,32,34,10095,27403
2023-12-12 12:40:04,32,33,10095,27403
2023-12-12 12:40:06,32,34,10095,27403
2023-12-12 12:40:25,32,33,10095,27403
2023-12-12 12:40:26,32,34,10095,27403
2023-12-12 12:40:29,32,33,10095,27403
2023-12-12 12:40:39,32,34,10095,27403
2023-12-12 12:40:41,32,33,10095,27403
2023-12-12 12:40:55,32,34,10095,27403
2023-12-12 12:40:56,32,33,10095,27403
2023-12-12 12:40:59,32,34,10095,27403
2023-12-12 12:41:11,32,35,10095,27403
2023-12-12 12:41:18,32,34,10095,27403
2023-12-12 12:41:24,32,35,10095,27403
2023-12-12 12:41:26,32,36,10095,27403
2023-12-12 12:41:42,32,35,10095,27403
2023-12-12 12:41:42,33,35,10095,27403
2023-12-12 12:41:44,32,35,10095,27403
2023-12-12 12:42:02,32,34,10095,27403
2023-12-12 12:42:22,32,35,10095,27403
2023-12-12 12:42:36,32,34,10095,27403
2023-12-12 12:42:43,32,35,10095,27403
2023-12-12 12:43:01,33,35,10095,27403
2023-12-12 12:43:18,33,36,10095,27403
2023-12-12 12:43:21,33,35,10095,27403
2023-12-12 12:43:43,32,35,10095,27403
2023-12-12 12:44:01,32,34,10095,27403
2023-12-12 12:44:20,31,34,10095,27533
2023-12-12 12:44:31,32,34,10095,27533
2023-12-12 12:44:40,32,33,10095,27533
2023-12-12 12:44:40,31,33,10095,27533
2023-12-12 12:44:50,30,33,10095,27533
2023-12-12 12:44:57,31,33,10095,27533
2023-12-12 12:45:03,31,34,10095,27533
2023-12-12 12:45:16,31,35,10095,27533
2023-12-12 12:45:16,32,35,10095,27533
2023-12-12 12:45:18,33,35,10095,27533
2023-12-12 12:45:21,32,35,10095,27533
2023-12-12 12:45:24,32,34,10095,27533
2023-12-12 12:45:25,32,35,10095,27658
2023-12-12 12:45:33,33,35,10095,27658
2023-12-12 12:45:34,32,35,10095,27658
2023-12-12 12:45:39,33,35,10095,27658
2023-12-12 12:45:39,32,35,10095,27658
2023-12-12 12:45:40,33,35,10095,27658
2023-12-12 12:45:40,33,34,10095,27658
2023-12-12 12:45:40,31,34,10095,27658
2023-12-12 12:45:56,32,34,10095,27658
2023-12-12 12:45:56,31,34,10095,27658
2023-12-12 12:45:57,32,34,10095,27658
2023-12-12 12:46:00,31,34,10095,27658
2023-12-12 12:46:14,32,34,10095,27658
2023-12-12 12:46:16,31,34,10095,27658
2023-12-12 12:46:17,32,34,10095,27658
2023-12-12 12:46:17,32,33,10095,27658
2023-12-12 12:46:17,31,33,10095,27658
2023-12-12 12:46:19,30,33,10095,27658
2023-12-12 12:46:21,29,33,10095,27658
2023-12-12 12:46:22,29,32,10095,27658
2023-12-12 12:46:26,29,31,10095,27658
2023-12-12 12:46:30,28,31,10095,27658
2023-12-12 12:46:33,28,30,10095,27658
2023-12-12 12:46:33,27,30,10095,27658
2023-12-12 12:46:35,28,30,10095,27658
2023-12-12 12:46:36,28,31,10095,27658
2023-12-12 12:46:53,29,31,10095,27658
2023-12-12 12:47:18,29,32,10095,27658
2023-12-12 12:47:33,30,32,10095,27658
2023-12-12 12:47:49,29,32,10095,27658
2023-12-12 12:47:53,30,32,10095,27658
2023-12-12 12:48:15,29,32,10095,27658
2023-12-12 12:48:17,28,32,10095,27658
2023-12-12 12:48:19,28,31,10095,27658
2023-12-12 12:48:42,28,30,10095,27658
2023-12-12 12:48:45,27,30,10095,27658
2023-12-12 12:49:00,28,30,10095,27658
2023-12-12 12:49:02,28,29,10095,27658
2023-12-12 12:49:03,27,29,10095,27658
2023-12-12 12:49:10,27,28,10095,27658
2023-12-12 12:49:10,26,28,10095,27658
2023-12-12 12:49:51,26,27,10095,27658
2023-12-12 12:49:51,24,27,10095,27658
2023-12-12 12:50:07,25,27,10095,27658
2023-12-12 12:50:23,24,27,10095,27658
2023-12-12 12:50:23,25,27,10095,27658
2023-12-12 12:50:31,25,28,10095,27658
2023-12-12 12:50:53,26,28,10095,27658
2023-12-12 12:51:06,26,29,10095,27658
2023-12-12 12:51:22,27,29,10095,27658
2023-12-12 12:51:27,26,29,10095,27658
2023-12-12 12:51:32,26,28,10095,27658
2023-12-12 12:51:35,25,28,10095,27658
2023-12-12 12:51:52,25,27,10095,27658
2023-12-12 12:51:56,26,27,10095,27658
2023-12-12 12:51:57,26,28,10095,27658
2023-12-12 12:52:01,25,28,10095,27658
2023-12-12 12:52:01,26,28,10095,27658
2023-12-12 12:52:06,25,28,10095,27658
2023-12-12 12:52:12,26,28,10095,27658
2023-12-12 12:52:21,25,28,10095,27658
2023-12-12 12:52:23,25,27,10095,27658
2023-12-12 12:52:27,24,27,10095,27658
2023-12-12 12:52:38,25,27,10095,27658
2023-12-12 12:52:54,26,27,10095,27658
2023-12-12 12:52:56,26,28,10095,27658
2023-12-12 12:53:04,26,29,10095,27658
2023-12-12 12:53:09,27,29,10095,27658
2023-12-12 12:53:11,27,30,10095,27658
2023-12-12 12:53:27,27,29,10095,27658
2023-12-12 12:53:32,26,29,10095,27658
2023-12-12 12:53:38,26,28,10095,27658
2023-12-12 12:53:39,25,28,10095,27658
2023-12-12 12:53:50,26,28,10095,27658
2023-12-12 12:54:02,26,29,10095,27658
2023-12-12 12:54:10,26,30,10095,27658
2023-12-12 12:54:19,27,30,10095,27658
2023-12-12 12:54:19,27,29,10095,27658
2023-12-12 12:54:25,26,29,10095,27658
2023-12-12 12:54:37,26,28,10095,27658
2023-12-12 12:54:38,25,28,10095,27658
2023-12-12 12:54:40,26,28,10095,27658
2023-12-12 12:54:42,26,29,10095,27658
2023-12-12 12:54:58,26,30,10095,27658
2023-12-12 12:55:01,26,29,10095,27658
2023-12-12 12:55:04,27,29,10095,27658
2023-12-12 12:55:09,27,30,10095,27658
2023-12-12 12:55:30,28,30,10095,27658
2023-12-12 12:55:35,27,30,10095,27658
2023-12-12 12:55:36,28,30,10095,27658
2023-12-12 12:55:36,27,30,10095,27658
2023-12-12 12:55:36,28,30,10095,27658
2023-12-12 12:55:37,27,30,10095,27658
2023-12-12 12:55:38,28,30,10095,27658
2023-12-12 12:56:03,27,30,10095,27658
2023-12-12 12:56:08,28,30,10095,27658
2023-12-12 12:56:09,27,30,10095,27658
2023-12-12 12:56:09,28,30,10095,27658
2023-12-12 12:56:10,27,30,10095,27658
2023-12-12 12:56:13,28,30,10095,27658
2023-12-12 12:56:22,27,30,10095,27658
2023-12-12 12:56:22,28,30,10095,27658
2023-12-12 12:56:24,28,31,10095,27658
2023-12-12 12:56:42,28,30,10095,27658
2023-12-12 12:56:42,27,30,10095,27658
2023-12-12 12:56:54,26,30,10095,27658
2023-12-12 12:57:00,27,30,10095,27658
2023-12-12 12:57:00,26,30,10095,27658
2023-12-12 12:57:00,27,30,10095,27658
2023-12-12 12:57:09,28,30,10095,27658
2023-12-12 12:57:09,27,30,10095,27658
2023-12-12 12:57:10,27,29,10095,27658
2023-12-12 12:57:11,27,30,10095,27658
2023-12-12 12:57:11,27,29,10095,27658
2023-12-12 12:57:13,27,30,10095,27658
2023-12-12 12:57:19,28,30,10095,27658
2023-12-12 12:57:23,27,30,10095,27658
2023-12-12 12:57:31,28,30,10095,27658
2023-12-12 12:57:44,28,31,10095,27658
2023-12-12 12:57:45,28,30,10095,27658
2023-12-12 12:57:54,27,30,10095,27658
2023-12-12 12:57:54,27,30,10095,27658
2023-12-12 12:57:54,28,30,10095,27658
2023-12-12 12:57:55,28,31,10378,27941
2023-12-12 12:57:55,28,30,10378,27941
2023-12-12 12:57:56,28,31,10678,28241
2023-12-12 12:57:57,28,30,10678,28241
2023-12-12 12:57:58,28,31,10944,28507
2023-12-12 12:57:58,28,30,10944,28507
2023-12-12 12:57:58,29,30,10944,28507
2023-12-12 12:58:03,27,30,10944,28507
2023-12-12 12:58:03,28,30,10944,28507
2023-12-12 12:58:03,29,30,10944,28507
2023-12-12 12:58:09,29,31,10944,28507
2023-12-12 12:58:13,29,32,10944,28507
2023-12-12 12:58:26,29,33,10944,28507
2023-12-12 12:58:29,30,33,10944,28507
2023-12-12 12:58:34,31,33,10944,28507
2023-12-12 12:58:52,32,33,10944,28507
2023-12-12 12:58:52,31,33,10944,28507
2023-12-12 12:59:02,30,33,10944,28507
2023-12-12 12:59:09,30,32,10944,28507
2023-12-12 12:59:09,29,32,10944,28507
2023-12-12 12:59:10,30,32,10944,28507
2023-12-12 12:59:11,29,32,10944,28507
2023-12-12 12:59:11,30,32,10944,28507
2023-12-12 12:59:12,29,32,10944,28507
2023-12-12 12:59:14,30,32,10944,28507
2023-12-12 12:59:22,31,32,10944,28507
2023-12-12 12:59:26,31,33,10944,28507
2023-12-12 12:59:44,30,33,10944,28507
2023-12-12 12:59:44,31,33,10944,28507
2023-12-12 12:59:51,32,33,10944,28507
2023-12-12 13:00:04,31,33,10944,28507
2023-12-12 13:00:04,30,33,10944,28507
2023-12-12 13:00:04,31,33,10944,28507
2023-12-12 13:00:06,30,33,10944,28507
2023-12-12 13:00:17,31,33,10944,28507
2023-12-12 13:00:23,31,32,10944,28507
2023-12-12 13:00:24,31,33,10944,28507
2023-12-12 13:00:26,31,32,10944,28507
2023-12-12 13:00:28,30,32,10944,28507
2023-12-12 13:00:31,29,32,10944,28507
2023-12-12 13:00:34,29,31,10944,28507
2023-12-12 13:00:34,28,31,10944,28507
2023-12-12 13:00:45,28,32,10944,28507
2023-12-12 13:00:47,28,31,10944,28507
2023-12-12 13:00:48,28,32,10944,28507
2023-12-12 13:00:53,29,32,10944,28507
2023-12-12 13:01:03,28,32,10944,28507
2023-12-12 13:01:04,29,32,10944,28507
2023-12-12 13:01:05,30,32,10944,28507
2023-12-12 13:01:06,30,31,10944,28507
2023-12-12 13:01:06,29,31,10944,28507
2023-12-12 13:01:06,30,31,10944,28507
2023-12-12 13:01:07,29,31,10944,28507
2023-12-12 13:01:07,30,31,10944,28507
2023-12-12 13:01:08,29,31,10944,28507
2023-12-12 13:01:20,30,31,10944,28507
2023-12-12 13:01:21,29,31,10944,28507
2023-12-12 13:01:21,30,31,10944,28507
2023-12-12 13:01:36,29,31,10944,28507
2023-12-12 13:01:36,30,31,10944,28507
2023-12-12 13:01:50,30,32,10944,28507
2023-12-12 13:02:02,30,31,10944,28507
2023-12-12 13:02:04,30,32,10944,28507
2023-12-12 13:02:08,29,32,10944,28507
2023-12-12 13:02:08,30,32,10944,28507
2023-12-12 13:02:09,30,32,11315,28907
2023-12-12 13:02:09,30,32,11515,29107
2023-12-12 13:02:09,31,32,11515,29107
2023-12-12 13:02:09,31,33,11515,29107
2023-12-12 13:02:10,31,34,11515,29107
2023-12-12 13:02:10,31,35,11515,29107
2023-12-12 13:02:10,31,34,11515,29107
2023-12-12 13:02:11,31,35,11515,29107
2023-12-12 13:02:11,33,35,11515,29107
2023-12-12 13:02:13,34,35,11515,29107
2023-12-12 13:02:13,35,36,11315,29307
2023-12-12 13:02:22,36,37,11315,29309
2023-12-12 13:02:24,37,38,11115,29509
2023-12-12 13:02:30,36,38,11115,29509
2023-12-12 13:02:33,37,38,11115,29509
2023-12-12 13:02:37,37,39,11115,29509
2023-12-12 13:02:37,37,40,11115,29509
2023-12-12 13:02:39,37,39,11115,29509
2023-12-12 13:02:49,36,39,11115,29509
2023-12-12 13:02:51,37,39,11115,29509
2023-12-12 13:02:53,37,40,11115,29509
2023-12-12 13:02:53,38,40,11115,29509
2023-12-12 13:03:02,39,40,11115,29509
2023-12-12 13:03:07,38,40,11115,29509
2023-12-12 13:03:15,39,40,11115,29509
2023-12-12 13:03:16,38,40,11115,29509
2023-12-12 13:03:18,37,40,11115,29509
2023-12-12 13:03:20,38,40,11115,29509
2023-12-12 13:03:38,39,40,11115,29509
2023-12-12 13:03:38,38,40,11115,29509
2023-12-12 13:03:42,39,40,11115,29509
2023-12-12 13:03:42,38,40,11115,29509
2023-12-12 13:03:48,37,40,10917,29707
2023-12-12 13:03:59,38,40,10917,29707
2023-12-12 13:04:00,37,40,10917,29707
2023-12-12 13:04:00,38,40,10917,29707
2023-12-12 13:04:03,39,40,10917,29707
2023-12-12 13:04:09,39,40,10917,30107
2023-12-12 13:04:12,39,42,10917,30207
2023-12-12 13:04:12,39,41,10917,30207
2023-12-12 13:04:13,39,42,10917,30207
2023-12-12 13:04:22,40,42,10917,30207
2023-12-12 13:04:23,39,42,10917,30207
2023-12-12 13:04:23,40,42,10917,30207
2023-12-12 13:04:25,40,43,10917,30207
2023-12-12 13:04:31,40,42,10917,30207
2023-12-12 13:04:45,41,42,10917,30207
2023-12-12 13:04:48,41,43,10917,30207
2023-12-12 13:05:16,41,42,10917,30207
2023-12-12 13:05:16,40,42,10917,30207
2023-12-12 13:05:17,39,42,10917,30207
2023-12-12 13:05:32,38,42,10917,30407
2023-12-12 13:05:33,38,41,10917,30407
2023-12-12 13:05:37,39,41,10917,30407
2023-12-12 13:05:38,38,41,10917,30407
2023-12-12 13:05:38,39,41,10917,30407
2023-12-12 13:05:39,38,41,10917,30407
2023-12-12 13:05:56,39,41,10917,30407
2023-12-12 13:05:58,38,41,10917,30407
2023-12-12 13:06:03,39,41,10917,30407
2023-12-12 13:06:05,38,41,10917,30407
2023-12-12 13:06:07,38,40,10917,30407
2023-12-12 13:06:08,38,40,10917,30807
2023-12-12 13:06:08,37,40,10917,30807
2023-12-12 13:06:24,37,39,10917,30807
2023-12-12 13:06:24,36,39,10917,30807
2023-12-12 13:06:28,36,39,10917,31207
2023-12-12 13:06:33,36,38,10917,31207
2023-12-12 13:06:33,35,38,10917,31207
2023-12-12 13:06:33,35,37,10917,31207
2023-12-12 13:06:34,35,36,10917,31207
2023-12-12 13:06:34,34,36,10917,31207
2023-12-12 13:06:35,33,36,10917,31207
2023-12-12 13:06:35,33,35,10917,31207
2023-12-12 13:06:45,33,36,10917,31207
2023-12-12 13:06:45,33,37,10946,31607
2023-12-12 13:06:45,34,37,10946,31607
2023-12-12 13:06:51,35,37,10946,31607
2023-12-12 13:06:51,35,38,10946,31607
2023-12-12 13:06:56,35,38,11346,32007
2023-12-12 13:06:57,36,38,11346,32007
2023-12-12 13:06:58,36,39,11346,32007
2023-12-12 13:07:07,37,39,11346,32007
2023-12-12 13:07:09,37,40,11346,32007
2023-12-12 13:07:11,38,40,11346,32007
2023-12-12 13:07:19,38,41,11346,32007
2023-12-12 13:07:25,39,41,11346,32007
2023-12-12 13:07:27,39,42,11546,32207
2023-12-12 13:07:27,39,41,11546,32207
2023-12-12 13:07:29,39,41,11946,32607
2023-12-12 13:07:29,39,42,11946,32607
2023-12-12 13:07:43,39,41,11946,32607
2023-12-12 13:07:44,38,41,11946,32607
2023-12-12 13:08:04,39,41,11946,32607
2023-12-12 13:08:05,38,41,11946,32607
2023-12-12 13:08:05,39,41,11946,32607
2023-12-12 13:08:08,38,41,11946,32607
2023-12-12 13:08:08,39,41,11946,32607
2023-12-12 13:08:13,39,42,11946,32607
2023-12-12 13:08:14,39,41,11946,32607
2023-12-12 13:08:16,38,41,11946,32607
2023-12-12 13:08:33,39,41,11946,32607
2023-12-12 13:08:38,38,41,11946,32741
2023-12-12 13:08:39,38,40,11946,32741
2023-12-12 13:08:40,38,41,11946,32741
2023-12-12 13:08:48,38,40,11946,32741
2023-12-12 13:08:49,37,40,11946,32741
2023-12-12 13:08:51,37,41,11946,32741
2023-12-12 13:08:59,39,41,11946,32741
2023-12-12 13:09:02,39,42,11946,32741
2023-12-12 13:09:03,39,41,11946,32741
2023-12-12 13:09:04,39,42,11946,32741
2023-12-12 13:09:07,38,42,11946,32741
2023-12-12 13:09:07,38,41,11946,32741
2023-12-12 13:09:24,38,40,11946,32741
2023-12-12 13:09:33,39,40,11946,32741
2023-12-12 13:09:33,39,41,11946,32741
2023-12-12 13:09:34,39,42,11946,32741
2023-12-12 13:09:37,40,42,11946,32741
2023-12-12 13:09:38,40,43,11946,32741
2023-12-12 13:09:42,40,42,11946,32741
2023-12-12 13:09:42,39,42,11946,32741
2023-12-12 13:09:55,38,42,11946,32741
2023-12-12 13:09:55,38,41,11946,32741
2023-12-12 13:09:57,39,41,11946,32741
2023-12-12 13:10:01,38,41,11946,32741
2023-12-12 13:10:03,39,41,11946,32741
2023-12-12 13:10:07,38,41,11946,32741
2023-12-12 13:10:08,39,41,11946,32741
2023-12-12 13:10:15,40,41,11946,32741
2023-12-12 13:10:15,40,43,11946,32741
2023-12-12 13:10:24,40,43,11946,32741
2023-12-12 13:10:40,39,43,11546,33141
2023-12-12 13:10:40,39,42,11546,33141
2023-12-12 13:10:40,39,41,11546,33141
2023-12-12 13:10:47,38,41,11546,33141
2023-12-12 13:10:48,37,41,11546,33141
2023-12-12 13:11:02,38,41,11546,33141
2023-12-12 13:11:08,37,41,11546,33141
2023-12-12 13:11:16,37,40,11546,33141
2023-12-12 13:11:17,37,41,11546,33141
2023-12-12 13:11:17,37,40,11546,33141
2023-12-12 13:11:17,37,41,11546,33141
2023-12-12 13:11:17,37,40,11546,33141
2023-12-12 13:11:29,36,40,11546,33141
2023-12-12 13:11:31,36,39,11546,33141
2023-12-12 13:11:36,35,39,11546,33141
2023-12-12 13:11:39,35,38,11546,33141
2023-12-12 13:11:41,35,37,11546,33141
2023-12-12 13:11:54,33,37,11546,33141
2023-12-12 13:11:54,33,36,11546,33141
2023-12-12 13:11:55,33,35,11546,33141
2023-12-12 13:11:57,33,36,11546,33155
2023-12-12 13:11:58,34,36,11546,33155
2023-12-12 13:11:58,34,37,11546,33155
2023-12-12 13:11:58,34,36,11546,33155
2023-12-12 13:12:10,34,37,11546,33155
2023-12-12 13:12:16,34,36,11546,33155
2023-12-12 13:12:17,34,37,11546,33155
2023-12-12 13:12:19,35,37,11546,33155
2023-12-12 13:12:19,35,38,11546,33155
2023-12-12 13:12:48,34,38,11546,33155
2023-12-12 13:12:50,35,38,11546,33155
2023-12-12 13:13:01,36,38,11546,33155
2023-12-12 13:13:05,35,38,11546,33155
2023-12-12 13:13:11,35,37,11546,33155
2023-12-12 13:13:14,35,38,11867,33476
2023-12-12 13:13:14,35,37,11867,33476
2023-12-12 13:13:15,35,38,11867,33476
2023-12-12 13:13:20,35,37,11867,33476
2023-12-12 13:13:25,34,37,11867,33476
2023-12-12 13:13:50,34,36,11867,33476
2023-12-12 13:13:51,34,37,11867,33476
2023-12-12 13:13:55,35,37,11867,33476
2023-12-12 13:13:57,35,38,12046,33655
2023-12-12 13:14:12,35,37,12046,33655
2023-12-12 13:14:12,34,37,12046,33655
2023-12-12 13:14:26,34,38,12046,33655
2023-12-12 13:14:27,35,38,12046,33655
2023-12-12 13:14:44,35,37,12046,33655
2023-12-12 13:14:44,35,38,12046,33655
2023-12-12 13:14:45,35,37,12046,33655
2023-12-12 13:14:45,35,38,12046,33655
2023-12-12 13:14:48,36,38,12046,33655
2023-12-12 13:14:51,36,39,12046,33655
2023-12-12 13:15:01,35,39,12046,33655
2023-12-12 13:15:02,35,38,12046,33655
2023-12-12 13:15:03,36,38,12046,33655
2023-12-12 13:15:19,36,39,12046,33655
2023-12-12 13:15:22,37,39,12046,33655
2023-12-12 13:15:22,37,40,12046,33655
2023-12-12 13:15:33,38,40,12046,33655
2023-12-12 13:15:39,38,41,12046,33655
2023-12-12 13:15:45,39,41,12046,33655
2023-12-12 13:15:45,39,42,12046,33655
2023-12-12 13:15:54,40,42,12046,33655
2023-12-12 13:15:55,39,42,12046,33655
2023-12-12 13:15:59,40,42,12046,33655
2023-12-12 13:16:02,40,43,12046,33655
2023-12-12 13:16:16,39,43,12046,33655
2023-12-12 13:16:16,39,42,12046,33655
2023-12-12 13:16:22,38,42,12046,33655
2023-12-12 13:16:24,38,41,12046,33655
2023-12-12 13:16:44,38,40,12046,33655
2023-12-12 13:16:49,37,40,12046,33655
2023-12-12 13:16:49,37,39,12046,33655
2023-12-12 13:16:50,37,40,12046,33655
2023-12-12 13:16:50,37,39,12046,33655
2023-12-12 13:16:59,37,40,12046,33655
2023-12-12 13:16:59,37,39,12046,33655
2023-12-12 13:16:59,37,40,12046,33655
2023-12-12 13:17:01,37,39,12046,33655
2023-12-12 13:17:10,36,39,12046,33655
2023-12-12 13:17:18,37,39,12046,33655
2023-12-12 13:17:20,37,38,12046,33655
2023-12-12 13:17:24,36,38,12046,33655
2023-12-12 13:17:24,36,40,12046,33655
2023-12-12 13:17:24,36,38,12046,33655
2023-12-12 13:17:28,36,39,12046,33655
2023-12-12 13:17:28,36,38,12046,33655
2023-12-12 13:17:29,36,39,12046,33655
2023-12-12 13:17:29,36,38,12046,33655
2023-12-12 13:17:29,36,39,12046,33655
2023-12-12 13:17:32,36,38,12046,33655
2023-12-12 13:17:33,36,39,12046,33655
2023-12-12 13:17:35,36,40,12046,33655
2023-12-12 13:17:36,36,39,12046,33655
2023-12-12 13:17:37,37,39,12046,33655
2023-12-12 13:17:37,37,40,12046,33655
2023-12-12 13:17:51,37,39,12046,33655
2023-12-12 13:17:56,36,39,12046,33655
2023-12-12 13:18:11,36,38,12046,33655
2023-12-12 13:18:21,36,39,12046,33655
2023-12-12 13:18:21,36,38,12046,33655
2023-12-12 13:18:22,36,39,12046,33655
2023-12-12 13:18:22,36,38,12046,33655
2023-12-12 13:18:27,36,39,12046,33655
2023-12-12 13:18:33,37,39,12046,33655
2023-12-12 13:18:33,37,40,12046,33655
2023-12-12 13:18:34,38,40,12046,33655
2023-12-12 13:18:40,37,40,12046,33655
2023-12-12 13:18:41,38,40,12046,33655
2023-12-12 13:18:43,37,40,12046,33655
2023-12-12 13:18:45,38,40,12046,33655
2023-12-12 13:18:57,38,39,12046,33655
2023-12-12 13:18:58,37,39,12046,33655
2023-12-12 13:19:08,36,39,12046,33655
2023-12-12 13:19:11,37,39,12046,33655
2023-12-12 13:19:22,38,39,12046,33655
2023-12-12 13:19:22,38,40,12046,33655
2023-12-12 13:19:23,37,40,12046,33655
2023-12-12 13:19:33,37,39,12046,33655
2023-12-12 13:19:36,36,39,12046,33655
2023-12-12 13:19:37,37,39,12046,33655
2023-12-12 13:19:38,36,39,12046,33655
2023-12-12 13:19:40,35,39,12046,33655
2023-12-12 13:19:57,35,38,12046,33655
2023-12-12 13:20:06,34,38,12046,33655
2023-12-12 13:20:07,34,37,12046,33655
2023-12-12 13:20:07,34,36,12046,33655
2023-12-12 13:20:41,33,36,12046,33660
2023-12-12 13:20:42,32,36,12046,33660
2023-12-12 13:20:43,33,36,12046,33660
2023-12-12 13:20:50,32,36,12046,33660
2023-12-12 13:20:54,32,35,12046,33660
2023-12-12 13:20:57,31,35,12017,33860
2023-12-12 13:20:57,31,34,12017,33860
2023-12-12 13:20:59,32,34,12017,33860
2023-12-12 13:21:04,31,34,12017,33865
2023-12-12 13:21:23,31,33,12017,33865
2023-12-12 13:21:23,31,32,12017,33865
2023-12-12 13:21:23,31,33,12017,33865
2023-12-12 13:21:38,31,32,12017,33865
2023-12-12 13:21:45,29,32,12022,33870
2023-12-12 13:21:48,30,32,12022,33870
2023-12-12 13:21:50,30,33,12022,33870
2023-12-12 13:21:57,31,33,12022,33870
2023-12-12 13:21:58,32,33,12022,33870
2023-12-12 13:21:58,32,34,12022,33870
2023-12-12 13:22:01,32,35,12306,34154
2023-12-12 13:22:05,32,35,12706,34554
2023-12-12 13:22:05,32,36,12706,34554
2023-12-12 13:22:06,33,36,12706,34554
2023-12-12 13:22:09,32,36,12706,34554
2023-12-12 13:22:14,33,36,12706,34554
2023-12-12 13:22:18,34,36,12706,34554
2023-12-12 13:22:53,34,35,12706,34554
2023-12-12 13:22:53,32,34,12711,34559
2023-12-12 13:22:53,32,36,12711,34559
2023-12-12 13:22:53,32,35,12711,34559
2023-12-12 13:22:57,32,34,12711,34559
2023-12-12 13:22:59,32,36,12711,34559
2023-12-12 13:22:59,32,35,12711,34559
2023-12-12 13:22:59,32,36,12711,34559
2023-12-12 13:22:59,32,35,12711,34559
2023-12-12 13:22:59,32,34,12711,34559
2023-12-12 13:23:03,33,34,12711,34559
2023-12-12 13:23:06,33,35,12711,34559
2023-12-12 13:23:09,33,36,12826,34674
2023-12-12 13:23:17,34,36,12826,34674
2023-12-12 13:23:17,34,36,12934,34782
2023-12-12 13:23:18,33,36,12934,34782
2023-12-12 13:23:19,34,36,12934,34782
2023-12-12 13:23:19,34,37,12934,34782
2023-12-12 13:23:20,33,37,12934,34782
2023-12-12 13:23:21,33,36,12934,34782
2023-12-12 13:23:22,32,36,12934,34782
2023-12-12 13:23:43,33,36,12934,34782
2023-12-12 13:23:52,33,35,12934,34782
2023-12-12 13:23:59,32,35,12934,34782
2023-12-12 13:23:59,32,36,12934,34782
2023-12-12 13:23:59,33,36,12934,34782
2023-12-12 13:23:59,33,35,12934,34782
2023-12-12 13:24:00,33,36,12934,34782
2023-12-12 13:24:01,32,36,12934,34782
2023-12-12 13:24:02,32,35,12934,34782
2023-12-12 13:24:03,31,35,12934,34782
2023-12-12 13:24:05,31,34,12934,34782
2023-12-12 13:24:23,32,34,12934,34782
2023-12-12 13:24:24,31,34,12934,34782
2023-12-12 13:24:24,32,34,12934,34782
2023-12-12 13:24:35,31,34,12934,34782
2023-12-12 13:24:36,32,34,12934,34782
2023-12-12 13:24:52,32,34,12934,34783
2023-12-12 13:24:52,31,34,12934,34783
2023-12-12 13:25:07,31,33,12934,34783
2023-12-12 13:25:11,32,33,12934,34783
2023-12-12 13:25:16,31,33,12934,34783
2023-12-12 13:25:28,30,33,12934,34907
2023-12-12 13:25:30,29,33,12934,34907
2023-12-12 13:25:33,30,33,12934,34907
2023-12-12 13:25:50,31,33,12934,34907
2023-12-12 13:25:50,31,33,12934,34983
2023-12-12 13:25:56,32,33,12934,34983
2023-12-12 13:25:56,32,34,12934,34983
2023-12-12 13:25:57,31,34,12934,34983
2023-12-12 13:26:01,32,34,12934,34983
2023-12-12 13:26:09,32,34,13334,35383
2023-12-12 13:26:09,32,35,13334,35383
2023-12-12 13:26:10,33,35,13334,35383
2023-12-12 13:26:12,33,36,13334,35383
2023-12-12 13:26:26,34,36,13334,35383
2023-12-12 13:26:27,33,36,13334,35383
2023-12-12 13:26:30,33,36,13505,35554
2023-12-12 13:26:40,32,36,13505,35554
2023-12-12 13:26:40,33,36,13505,35554
2023-12-12 13:26:42,34,36,13505,35554
2023-12-12 13:26:43,33,36,13505,35554
2023-12-12 13:26:58,34,36,13505,35554
2023-12-12 13:27:03,33,36,13395,35664
2023-12-12 13:27:10,34,36,13395,35664
2023-12-12 13:27:22,33,36,13395,35664
2023-12-12 13:27:29,32,36,13395,35664
2023-12-12 13:27:29,33,36,13395,35664
2023-12-12 13:27:31,32,36,13395,35664
2023-12-12 13:27:38,33,36,13395,35664
2023-12-12 13:27:41,33,35,13395,35664
2023-12-12 13:27:43,33,36,13395,35664
2023-12-12 13:27:43,33,35,13395,35664
2023-12-12 13:27:44,33,36,13395,35664
2023-12-12 13:27:45,34,36,13395,35664
2023-12-12 13:27:46,34,35,13395,35664
2023-12-12 13:27:46,32,35,13395,35664
2023-12-12 13:27:46,33,35,13395,35664
2023-12-12 13:27:52,33,34,13395,35664
2023-12-12 13:27:52,33,35,13395,35664
2023-12-12 13:27:54,32,35,13292,35767
2023-12-12 13:28:11,33,35,13292,35767
2023-12-12 13:28:18,32,35,13292,35767
2023-12-12 13:28:18,33,35,13292,35767
2023-12-12 13:28:22,33,36,13292,35767
2023-12-12 13:28:22,32,36,13292,35767
2023-12-12 13:28:23,33,36,13292,35767
2023-12-12 13:28:32,32,36,13292,35767
2023-12-12 13:28:32,33,36,13292,35767
2023-12-12 13:28:34,33,35,13292,35767
2023-12-12 13:28:34,33,34,13292,35767
2023-12-12 13:28:34,33,35,13292,35767
2023-12-12 13:28:35,34,35,13292,35767
2023-12-12 13:28:36,33,35,13292,35767
2023-12-12 13:28:46,33,36,13292,35767
2023-12-12 13:29:08,34,36,13292,35767
2023-12-12 13:29:08,33,36,13292,35767
2023-12-12 13:29:23,34,36,13292,35767
2023-12-12 13:29:50,33,36,13292,35767
2023-12-12 13:29:51,34,36,13292,35767
2023-12-12 13:29:52,33,36,13292,35767
2023-12-12 13:29:54,34,36,13292,35767
2023-12-12 13:29:57,33,36,13292,35767
2023-12-12 13:30:00,33,37,13292,35767
2023-12-12 13:30:00,34,37,13292,35767
2023-12-12 13:30:04,34,36,13292,35767
2023-12-12 13:30:05,33,36,13292,35767
2023-12-12 13:30:05,32,36,13292,35767
2023-12-12 13:30:13,32,35,13292,35767
2023-12-12 13:30:16,31,35,13292,35767
2023-12-12 13:30:17,31,34,13292,35767
2023-12-12 13:30:25,31,33,13292,35767
2023-12-12 13:30:26,31,34,13292,35767
2023-12-12 13:30:35,31,33,13292,35767
2023-12-12 13:30:37,31,34,13292,35767
2023-12-12 13:30:38,31,33,13292,35767
2023-12-12 13:30:39,31,34,13292,35767
2023-12-12 13:30:54,32,34,13292,35767
2023-12-12 13:30:54,32,35,13292,35767
2023-12-12 13:31:00,32,36,13292,35767
2023-12-12 13:31:01,33,36,13292,35767
2023-12-12 13:31:05,33,37,13292,35767
2023-12-12 13:31:14,34,37,13292,35767
2023-12-12 13:31:19,35,37,13292,35767
2023-12-12 13:31:19,35,38,13292,35767
2023-12-12 13:31:27,35,39,13292,35767
2023-12-12 13:31:36,36,39,13292,35767
2023-12-12 13:31:37,35,39,13292,35767
2023-12-12 13:31:38,37,39,13292,35767
2023-12-12 13:31:43,37,40,13292,35767
2023-12-12 13:31:45,38,40,13292,35767
2023-12-12 13:31:48,39,40,13292,35767
2023-12-12 13:31:48,39,41,13292,35767
2023-12-12 13:31:56,39,41,13323,35798
2023-12-12 13:31:56,38,41,13323,35967
2023-12-12 13:32:01,37,41,13323,35967
2023-12-12 13:32:03,38,41,13323,35967
2023-12-12 13:32:04,37,41,13323,35967
2023-12-12 13:32:06,37,40,13323,35967
2023-12-12 13:32:16,36,40,13323,35967
2023-12-12 13:32:21,37,40,13323,35967
2023-12-12 13:32:22,36,40,13323,35967
2023-12-12 13:32:26,36,39,13323,35967
2023-12-12 13:32:29,35,39,13323,35967
2023-12-12 13:32:29,35,38,13323,35967
2023-12-12 13:32:46,36,38,13323,35967
2023-12-12 13:32:47,36,39,13490,36334
2023-12-12 13:32:47,36,38,13490,36334
2023-12-12 13:32:51,35,38,13490,36334
2023-12-12 13:32:53,34,38,13490,36334
2023-12-12 13:32:56,34,37,13490,36334
2023-12-12 13:33:01,33,36,13490,36334
2023-12-12 13:33:02,32,36,13490,36334
2023-12-12 13:33:06,32,35,13490,36334
2023-12-12 13:33:17,31,35,13490,36334
2023-12-12 13:33:19,31,34,13490,36334
2023-12-12 13:33:19,31,33,13490,36334
2023-12-12 13:33:22,30,33,13490,36334
2023-12-12 13:33:27,31,33,13490,36334
2023-12-12 13:33:31,31,35,13490,36334
2023-12-12 13:33:31,31,34,13490,36334
2023-12-12 13:33:45,32,34,13490,36334
2023-12-12 13:33:51,33,34,13490,36334
2023-12-12 13:34:03,32,34,13490,36334
2023-12-12 13:34:06,31,34,13490,36334
2023-12-12 13:34:15,32,34,13490,36334
2023-12-12 13:34:21,31,34,13490,36334
2023-12-12 13:34:23,32,34,13490,36334
2023-12-12 13:34:24,31,34,13490,36334
2023-12-12 13:34:25,32,34,13490,36334
2023-12-12 13:34:32,32,35,13490,36334
2023-12-12 13:34:41,32,36,13490,36334
2023-12-12 13:34:41,32,35,13490,36334
2023-12-12 13:34:48,33,35,13490,36334
2023-12-12 13:34:50,32,35,13490,36334
2023-12-12 13:34:50,33,35,13490,36334
2023-12-12 13:34:52,34,35,13490,36334
2023-12-12 13:34:52,34,36,13490,36334
2023-12-12 13:34:55,34,37,13690,36534
2023-12-12 13:34:56,35,37,13690,36534
2023-12-12 13:35:06,36,37,13690,36534
2023-12-12 13:35:09,36,38,13690,36534
2023-12-12 13:35:14,35,38,13690,36534
2023-12-12 13:35:18,36,38,13690,36534
2023-12-12 13:35:35,35,38,13690,36534
2023-12-12 13:35:35,36,38,13690,36534
2023-12-12 13:35:36,35,38,13690,36534
2023-12-12 13:35:43,35,37,13690,36534
2023-12-12 13:35:49,36,37,13690,36534
2023-12-12 13:35:49,36,38,13690,36534
2023-12-12 13:35:57,37,38,13690,36534
2023-12-12 13:35:57,37,38,13692,36536
2023-12-12 13:36:01,37,39,14034,36878
2023-12-12 13:36:01,37,38,14034,36878
2023-12-12 13:36:02,37,39,14034,36878
2023-12-12 13:36:03,37,40,14034,36878
2023-12-12 13:36:06,38,40,14034,36878
2023-12-12 13:36:09,38,41,14034,36878
2023-12-12 13:36:09,39,41,14034,36878
2023-12-12 13:36:23,38,41,14034,36878
2023-12-12 13:36:23,38,40,14034,36878
2023-12-12 13:36:35,37,40,14034,37078
2023-12-12 13:36:36,36,40,14034,37078
2023-12-12 13:36:38,36,39,14034,37078
2023-12-12 13:36:39,35,39,14034,37078
2023-12-12 13:36:40,36,39,14034,37078
2023-12-12 13:36:52,37,39,14034,37078
2023-12-12 13:36:54,36,39,14034,37078
2023-12-12 13:36:56,37,39,14034,37078
2023-12-12 13:37:05,36,39,14034,37078
2023-12-12 13:37:11,35,39,14034,37078
2023-12-12 13:37:16,35,38,14034,37078
2023-12-12 13:37:26,35,39,14034,37078
2023-12-12 13:37:38,36,39,14034,37078
2023-12-12 13:37:40,36,40,14034,37078
2023-12-12 13:38:01,37,40,14034,37078
2023-12-12 13:38:03,37,41,14034,37078
2023-12-12 13:38:08,38,41,14034,37078
2023-12-12 13:38:14,38,40,14034,37078
2023-12-12 13:38:21,38,41,14034,37078
2023-12-12 13:38:30,38,40,14034,37078
2023-12-12 13:38:35,36,40,14034,37083
2023-12-12 13:38:38,36,39,14034,37083
2023-12-12 13:38:48,35,38,14034,37083
2023-12-12 13:38:50,35,39,14034,37083
2023-12-12 13:38:53,36,39,14034,37083
2023-12-12 13:38:53,36,40,14034,37083
2023-12-12 13:39:01,37,40,14034,37083
2023-12-12 13:39:02,37,41,14034,37083
2023-12-12 13:39:18,38,41,14034,37083
2023-12-12 13:39:54,38,41,14434,37483
2023-12-12 13:39:54,38,42,14434,37483
2023-12-12 13:39:54,39,42,14434,37483
2023-12-12 13:40:02,39,43,14434,37483
2023-12-12 13:40:02,40,43,14434,37483
2023-12-12 13:40:21,40,44,14434,37483
2023-12-12 13:40:30,42,44,14434,37483
2023-12-12 13:40:32,42,45,14434,37483
2023-12-12 13:40:34,41,45,14434,37483
2023-12-12 13:40:36,42,45,14434,37483
2023-12-12 13:40:37,41,45,14434,37483
2023-12-12 13:40:45,42,45,14434,37483
2023-12-12 13:40:52,41,45,14434,37483
2023-12-12 13:40:55,41,44,14434,37483
2023-12-12 13:41:03,40,44,14034,37883
2023-12-12 13:41:04,39,44,14034,37883
2023-12-12 13:41:04,39,43,14034,37883
2023-12-12 13:41:08,38,43,14034,37883
2023-12-12 13:41:08,38,42,14034,37883
2023-12-12 13:41:21,38,43,14187,38236
2023-12-12 13:41:22,39,43,14187,38236
2023-12-12 13:41:22,40,43,14187,38236
2023-12-12 13:41:36,40,42,14187,38236
2023-12-12 13:41:38,38,42,14187,38436
2023-12-12 13:41:54,38,41,14187,38436
2023-12-12 13:41:58,38,42,14187,38636
2023-12-12 13:41:59,39,42,14187,38636
2023-12-12 13:42:04,39,42,14587,39036
2023-12-12 13:42:05,40,42,14587,39036
2023-12-12 13:42:05,40,43,14587,39036
2023-12-12 13:42:10,40,42,14587,39036
2023-12-12 13:42:10,39,42,14587,39036
2023-12-12 13:42:21,39,43,14587,39036
2023-12-12 13:42:22,40,43,14587,39036
2023-12-12 13:42:26,39,43,14587,39036
2023-12-12 13:42:27,40,43,14587,39036
2023-12-12 13:42:41,39,43,14187,39636
2023-12-12 13:42:55,38,43,14187,39636
2023-12-12 13:42:57,38,42,14187,39636
2023-12-12 13:42:59,38,43,14187,39636
2023-12-12 13:43:02,39,43,14187,39636
2023-12-12 13:43:26,38,43,14187,39636
2023-12-12 13:43:27,38,42,14187,39636
2023-12-12 13:43:41,38,41,14187,39636
2023-12-12 13:43:56,38,41,14187,40036
2023-12-12 13:44:02,39,41,14187,40036
2023-12-12 13:44:07,39,43,14187,40136
2023-12-12 13:44:14,40,43,14187,40136
2023-12-12 13:44:19,40,44,14187,40136
2023-12-12 13:44:22,41,44,14187,40136
2023-12-12 13:44:23,40,44,14187,40136
2023-12-12 13:44:25,41,44,14187,40136
2023-12-12 13:44:48,40,44,14187,40136
2023-12-12 13:44:52,40,43,14187,40136
2023-12-12 13:45:05,40,44,14187,40136
2023-12-12 13:45:20,42,44,14187,40136
2023-12-12 13:45:20,42,45,14187,40136
2023-12-12 13:45:20,42,44,14187,40136
2023-12-12 13:45:21,42,45,14187,40136
2023-12-12 13:45:43,43,45,14187,40136
2023-12-12 13:45:46,43,45,14587,40536
2023-12-12 13:45:46,43,46,14587,40536
2023-12-12 13:45:52,42,46,14587,40536
2023-12-12 13:46:05,43,46,14587,40536
2023-12-12 13:46:06,43,47,14587,40536
2023-12-12 13:46:10,44,47,14587,40536
2023-12-12 13:46:14,44,48,14587,40536
2023-12-12 13:46:15,45,48,14587,40536
2023-12-12 13:46:29,44,48,14587,40536
2023-12-12 13:46:38,44,49,14587,40536
2023-12-12 13:46:38,45,49,14587,40536
2023-12-12 13:46:49,45,48,14587,40536
2023-12-12 13:46:49,44,48,14587,40536
2023-12-12 13:46:50,44,48,14587,40936
2023-12-12 13:46:50,44,47,14587,40936
2023-12-12 13:46:50,43,47,14587,40936
2023-12-12 13:46:58,44,47,14587,40936
2023-12-12 13:47:01,44,48,14587,40936
2023-12-12 13:47:04,45,48,14587,40936
2023-12-12 13:47:12,45,49,14587,41336
2023-12-12 13:47:13,46,49,14587,41336
2023-12-12 13:47:20,46,50,14587,41336
2023-12-12 13:47:26,46,49,14587,41336
2023-12-12 13:47:31,46,49,14937,41686
2023-12-12 13:47:31,45,49,14937,41686
2023-12-12 13:47:31,46,49,14937,41686
2023-12-12 13:47:36,45,49,14937,41686
2023-12-12 13:47:41,45,48,14937,41686
2023-12-12 13:47:45,45,49,14937,41686
2023-12-12 13:47:48,44,49,14937,41686
2023-12-12 13:47:48,45,49,14937,41686
2023-12-12 13:47:48,46,49,14937,41686
2023-12-12 13:47:50,45,49,14937,41686
2023-12-12 13:47:55,44,49,14937,41686
2023-12-12 13:47:55,46,49,14937,41686
2023-12-12 13:47:57,44,49,14937,41686
2023-12-12 13:47:57,45,48,14937,41686
2023-12-12 13:47:58,44,48,14937,41686
2023-12-12 13:47:58,46,48,14937,41686
2023-12-12 13:47:58,46,49,14937,41686
2023-12-12 13:48:00,45,49,14937,41686
2023-12-12 13:48:00,44,49,14937,41686
2023-12-12 13:48:00,45,49,14937,41686
2023-12-12 13:48:04,44,49,14937,41686
2023-12-12 13:48:04,46,49,14937,41686
2023-12-12 13:48:09,44,49,14937,41686
2023-12-12 13:48:09,44,48,14937,41686
2023-12-12 13:48:09,45,48,14937,41686
2023-12-12 13:48:23,44,48,14937,41686
2023-12-12 13:48:23,44,49,14937,41686
2023-12-12 13:48:23,46,49,14937,41686
2023-12-12 13:48:25,44,49,14937,41686
2023-12-12 13:48:25,44,48,14937,41686
2023-12-12 13:48:25,45,48,14937,41686
2023-12-12 13:48:26,44,48,14937,41686
2023-12-12 13:48:26,44,49,14937,41686
2023-12-12 13:48:26,46,49,14937,41686
2023-12-12 13:48:34,46,50,14937,41686
2023-12-12 13:48:35,45,50,14937,41686
2023-12-12 13:48:35,47,50,14937,41686
2023-12-12 13:48:42,47,51,14937,41886
2023-12-12 13:48:43,48,51,14937,41886
2023-12-12 13:48:56,48,52,14937,41886
2023-12-12 13:48:57,49,52,14937,41886
2023-12-12 13:49:04,49,53,14937,41886
2023-12-12 13:49:04,50,53,14937,41886
2023-12-12 13:49:08,50,53,15337,42286
2023-12-12 13:49:09,50,54,15337,42286
2023-12-12 13:49:09,51,54,15337,42286
2023-12-12 13:49:12,50,54,15337,42286
2023-12-12 13:49:21,51,54,15337,42286
2023-12-12 13:49:27,51,55,15337,42286
2023-12-12 13:49:40,52,55,15337,42286
2023-12-12 13:49:42,51,55,15337,42286
2023-12-12 13:49:56,51,56,15337,42286
2023-12-12 13:49:56,52,56,15337,42286
2023-12-12 13:50:07,51,56,15337,42286
2023-12-12 13:50:08,52,56,15337,42286
2023-12-12 13:50:08,51,56,15337,42286
2023-12-12 13:50:10,52,56,15337,42286
2023-12-12 13:50:18,52,57,15337,42286
2023-12-12 13:50:20,53,57,15337,42286
2023-12-12 13:50:20,53,56,15337,42286
2023-12-12 13:50:21,53,55,15337,42286
2023-12-12 13:50:21,54,55,15337,42286
2023-12-12 13:50:22,54,56,15337,42286
2023-12-12 13:50:25,53,56,15337,42286
2023-12-12 13:50:27,54,56,15337,42286
2023-12-12 13:50:28,53,56,15337,42286
2023-12-12 13:50:30,53,57,15337,42286
2023-12-12 13:50:37,53,56,15337,42286
2023-12-12 13:50:38,54,56,15337,42286
2023-12-12 13:50:42,54,57,15337,42286
2023-12-12 13:50:42,54,56,15337,42286
2023-12-12 13:50:42,54,57,15337,42286
2023-12-12 13:50:45,54,58,15337,42286
2023-12-12 13:50:46,55,58,15337,42286
2023-12-12 13:50:50,55,59,15337,42286
2023-12-12 13:50:51,56,60,15337,42286
2023-12-12 13:51:05,56,59,15337,42286
2023-12-12 13:51:05,56,59,14937,42686
2023-12-12 13:51:07,56,58,14937,42686
2023-12-12 13:51:07,54,58,14937,42686
2023-12-12 13:51:07,55,58,14937,42686
2023-12-12 13:51:07,55,59,15187,43336
2023-12-12 13:51:08,55,59,14837,43736
2023-12-12 13:51:09,53,59,14837,43736
2023-12-12 13:51:10,53,57,14837,43736
2023-12-12 13:51:11,54,57,14837,43736
2023-12-12 13:51:12,53,57,14837,43736
2023-12-12 13:51:12,55,57,14837,43736
2023-12-12 13:51:18,53,57,14837,43736
2023-12-12 13:51:18,52,57,14837,43736
2023-12-12 13:51:18,54,57,14837,43736
2023-12-12 13:51:21,52,57,14837,43736
2023-12-12 13:51:21,55,57,14837,43736
2023-12-12 13:51:30,54,57,14837,43736
2023-12-12 13:51:30,54,59,14837,43736
2023-12-12 13:51:30,56,59,14837,43736
2023-12-12 13:51:35,55,59,14837,43736
2023-12-12 13:51:35,57,59,14837,43736
2023-12-12 13:51:39,57,60,14837,43736
2023-12-12 13:51:42,57,59,14837,43736
2023-12-12 13:51:44,57,60,14837,43736
2023-12-12 13:51:49,57,59,14837,43736
2023-12-12 13:51:56,56,59,14837,43736
2023-12-12 13:51:59,57,59,14837,43736
2023-12-12 13:52:02,55,59,14837,43736
2023-12-12 13:52:02,56,59,14837,43736
2023-12-12 13:52:04,56,58,14837,43736
2023-12-12 13:52:08,56,59,14837,43736
2023-12-12 13:52:09,57,59,14837,43736
2023-12-12 13:52:10,57,60,14837,43736
2023-12-12 13:52:19,56,60,14837,43736
2023-12-12 13:52:19,58,60,14837,43736
2023-12-12 13:52:28,58,61,14837,43736
2023-12-12 13:52:28,57,61,14837,43736
2023-12-12 13:52:28,59,61,14837,43736
2023-12-12 13:52:35,57,61,14837,43736
2023-12-12 13:52:35,58,61,14837,43736
2023-12-12 13:52:40,57,61,14837,43736
2023-12-12 13:52:40,59,61,14837,43736
2023-12-12 13:53:13,58,61,14837,43736
2023-12-12 13:53:25,59,61,14837,43736
2023-12-12 13:53:27,59,62,14837,43736
2023-12-12 13:53:27,59,62,14837,43736
2023-12-12 13:53:27,59,63,14837,43736
2023-12-12 13:53:27,59,62,14837,43736
2023-12-12 13:53:28,59,63,14837,43736
2023-12-12 13:53:28,59,62,14837,43736
2023-12-12 13:53:38,59,61,14837,43736
2023-12-12 13:53:41,57,61,14837,43736
2023-12-12 13:53:41,58,61,14837,43736
2023-12-12 13:53:41,58,62,14837,43736
2023-12-12 13:53:42,57,62,14837,43736
2023-12-12 13:53:43,57,61,14837,43736
2023-12-12 13:53:45,56,61,14837,43736
2023-12-12 13:53:48,56,60,14837,43736
2023-12-12 13:53:49,55,60,14587,43986
2023-12-12 13:54:02,55,59,14587,43986
2023-12-12 13:54:03,55,60,14587,43986
2023-12-12 13:54:04,55,59,14587,43986
2023-12-12 13:54:05,56,59,14587,43986
2023-12-12 13:54:06,56,60,14587,43986
2023-12-12 13:54:06,56,58,14587,43986
2023-12-12 13:54:08,55,58,14587,43986
2023-12-12 13:54:23,56,58,14587,43986
2023-12-12 13:54:24,55,58,14587,43986
2023-12-12 13:54:24,56,58,14587,43986
2023-12-12 13:54:32,55,58,14587,43986
2023-12-12 13:54:34,55,58,14587,43986
2023-12-12 13:54:38,56,58,14587,43986
