datetime,bid,ask,open_interest,volume
2023-12-12 09:30:01,28,39,450,451
2023-12-12 09:30:01,28,45,450,451
2023-12-12 09:30:35,28,39,450,451
2023-12-12 09:30:35,28,37,450,451
2023-12-12 09:30:45,28,45,450,451
2023-12-12 09:30:45,28,37,450,451
2023-12-12 09:31:00,28,35,450,451
2023-12-12 09:31:00,30,35,450,451
2023-12-12 09:31:03,32,35,450,451
2023-12-12 09:31:03,32,34,450,451
2023-12-12 09:31:13,32,35,450,451
2023-12-12 09:31:14,32,34,450,451
2023-12-12 09:31:15,32,35,450,451
2023-12-12 09:31:15,32,34,450,451
2023-12-12 09:31:16,32,35,450,451
2023-12-12 09:31:18,32,34,450,451
2023-12-12 09:31:20,32,35,450,451
2023-12-12 09:31:31,32,34,450,451
2023-12-12 09:31:36,32,34,486,487
2023-12-12 09:31:37,31,34,486,487
2023-12-12 09:31:37,32,34,486,487
2023-12-12 09:31:41,31,34,486,487
2023-12-12 09:31:46,30,34,486,487
2023-12-12 09:31:46,31,34,486,487
2023-12-12 09:31:47,30,34,486,487
2023-12-12 09:31:47,31,34,486,487
2023-12-12 09:31:53,30,34,486,487
2023-12-12 09:31:53,31,34,486,487
2023-12-12 09:32:14,30,34,486,487
2023-12-12 09:32:25,30,32,486,487
2023-12-12 09:33:16,31,32,486,487
2023-12-12 09:33:25,31,34,486,487
2023-12-12 09:33:31,31,33,486,487
2023-12-12 09:33:42,30,33,486,487
2023-12-12 09:33:46,30,32,486,487
2023-12-12 09:33:56,30,33,486,487
2023-12-12 09:33:59,31,33,486,487
2023-12-12 09:34:05,31,33,650,687
2023-12-12 09:34:20,31,34,650,687
2023-12-12 09:34:21,31,33,650,687
2023-12-12 09:34:30,30,33,650,687
2023-12-12 09:34:50,30,33,650,747
2023-12-12 09:34:51,30,32,650,747
2023-12-12 09:34:54,29,32,650,747
2023-12-12 09:34:54,29,31,650,747
2023-12-12 09:35:03,30,31,650,747
2023-12-12 09:35:05,30,32,650,747
2023-12-12 09:35:09,29,32,650,747
2023-12-12 09:35:09,30,32,650,747
2023-12-12 09:35:11,29,32,650,747
2023-12-12 09:35:11,30,32,650,747
2023-12-12 09:35:27,29,32,650,747
2023-12-12 09:35:27,29,31,650,747
2023-12-12 09:35:43,30,31,650,747
2023-12-12 09:35:45,29,31,650,747
2023-12-12 09:35:46,30,31,650,747
2023-12-12 09:35:52,29,31,650,747
2023-12-12 09:35:52,29,31,651,748
2023-12-12 09:36:30,29,30,651,748
2023-12-12 09:36:32,29,31,674,771
2023-12-12 09:36:44,30,31,674,771
2023-12-12 09:36:46,30,32,674,771
2023-12-12 09:36:50,30,32,674,806
2023-12-12 09:36:58,30,33,674,806
2023-12-12 09:37:03,31,33,674,806
2023-12-12 09:37:04,31,33,784,986
2023-12-12 09:37:05,30,33,784,986
2023-12-12 09:37:14,30,32,784,986
2023-12-12 09:37:40,30,33,784,986
2023-12-12 09:37:51,30,32,784,986
2023-12-12 09:37:52,30,33,784,986
2023-12-12 09:38:26,31,33,784,986
2023-12-12 09:38:36,30,33,784,986
2023-12-12 09:38:44,31,33,784,986
2023-12-12 09:38:54,31,33,784,1236
2023-12-12 09:38:55,30,33,784,1236
2023-12-12 09:38:55,30,32,784,1236
2023-12-12 09:39:04,30,33,784,1236
2023-12-12 09:39:04,30,32,784,1236
2023-12-12 09:39:04,30,31,784,1236
2023-12-12 09:39:30,30,32,784,1236
2023-12-12 09:39:35,31,32,784,1236
2023-12-12 09:39:37,31,32,954,1406
2023-12-12 09:39:42,31,32,964,1416
2023-12-12 09:39:48,30,32,964,1416
2023-12-12 09:39:48,30,31,964,1416
2023-12-12 09:39:53,30,32,964,1416
2023-12-12 09:39:55,30,31,964,1416
2023-12-12 09:40:08,30,32,964,1416
2023-12-12 09:40:08,31,32,964,1416
2023-12-12 09:40:09,30,32,964,1416
2023-12-12 09:40:12,30,31,964,1416
2023-12-12 09:40:14,30,32,964,1416
2023-12-12 09:40:19,31,32,964,1416
2023-12-12 09:40:42,31,33,964,1416
2023-12-12 09:40:44,32,33,964,1416
2023-12-12 09:40:45,32,33,1087,1539
2023-12-12 09:40:46,31,33,1141,1593
2023-12-12 09:40:47,32,33,1141,1593
2023-12-12 09:41:12,31,33,1141,1593
2023-12-12 09:41:12,31,32,1141,1593
2023-12-12 09:41:15,30,32,1141,1593
2023-12-12 09:41:26,30,33,1141,1843
2023-12-12 09:41:50,31,33,1141,1843
2023-12-12 09:41:55,31,32,1141,1843
2023-12-12 09:41:55,30,32,1141,1843
2023-12-12 09:42:15,29,32,1141,1843
2023-12-12 09:42:15,29,32,1364,2176
2023-12-12 09:42:16,30,32,1364,2176
2023-12-12 09:42:16,29,32,1364,2376
2023-12-12 09:42:18,30,32,1364,2376
2023-12-12 09:42:19,29,32,1364,2376
2023-12-12 09:42:20,30,32,1364,2376
2023-12-12 09:42:25,29,32,1364,2376
2023-12-12 09:42:25,30,32,1364,2376
2023-12-12 09:42:26,29,32,1364,2376
2023-12-12 09:42:27,30,32,1364,2376
2023-12-12 09:42:27,31,32,1364,2376
2023-12-12 09:42:27,30,32,1369,2381
2023-12-12 09:42:28,29,32,1369,2381
2023-12-12 09:42:28,30,32,1369,2381
2023-12-12 09:42:29,30,32,1437,2472
2023-12-12 09:42:32,29,32,1437,2472
2023-12-12 09:42:34,29,32,1437,2672
2023-12-12 09:42:35,29,31,1437,2672
2023-12-12 09:42:36,30,31,1437,2672
2023-12-12 09:42:37,29,31,1437,2672
2023-12-12 09:42:54,30,31,1437,2672
2023-12-12 09:43:03,30,32,1437,2872
2023-12-12 09:43:03,29,32,1437,2872
2023-12-12 09:43:12,29,31,1437,2872
2023-12-12 09:43:13,29,30,1437,2872
2023-12-12 09:43:57,29,31,1569,3072
2023-12-12 09:44:22,29,32,1769,3272
2023-12-12 09:44:23,30,32,1769,3272
2023-12-12 09:44:23,30,32,1769,3382
2023-12-12 09:44:25,30,32,1769,3392
2023-12-12 09:44:30,30,32,1769,3397
2023-12-12 09:44:54,31,32,1769,3397
2023-12-12 09:44:55,30,32,1769,3397
2023-12-12 09:44:55,31,32,1769,3397
2023-12-12 09:44:56,30,32,1879,3507
2023-12-12 09:44:56,31,32,1879,3507
2023-12-12 09:44:57,30,32,1879,3507
2023-12-12 09:45:29,30,33,2979,4607
2023-12-12 09:45:29,30,32,2979,4607
2023-12-12 09:45:37,30,33,2979,4607
2023-12-12 09:45:38,31,33,2979,4607
2023-12-12 09:45:50,32,33,2979,4607
2023-12-12 09:45:50,32,33,2979,4802
2023-12-12 09:45:51,32,33,2979,4997
2023-12-12 09:45:57,32,34,2979,4997
2023-12-12 09:46:30,32,34,2979,5052
2023-12-12 09:46:47,33,34,2979,5052
2023-12-12 09:46:47,33,34,2979,5208
2023-12-12 09:46:48,32,34,2979,5208
2023-12-12 09:46:49,33,34,2979,5208
2023-12-12 09:46:49,33,34,2979,5292
2023-12-12 09:47:43,33,35,2979,5292
2023-12-12 09:47:43,34,35,2979,5292
2023-12-12 09:47:43,33,35,2979,5307
2023-12-12 09:47:47,34,35,2979,5307
2023-12-12 09:47:56,33,35,2979,5307
2023-12-12 09:47:58,33,36,3379,5707
2023-12-12 09:47:59,34,36,3379,5707
2023-12-12 09:48:04,33,36,3379,5707
2023-12-12 09:48:04,34,36,3379,5707
2023-12-12 09:48:13,33,36,3379,5707
2023-12-12 09:48:14,34,36,3379,5707
2023-12-12 09:48:34,35,36,3379,5707
2023-12-12 09:49:15,35,37,3379,5707
2023-12-12 09:49:28,36,37,3379,5707
2023-12-12 09:49:44,36,38,3779,6107
2023-12-12 09:50:10,37,38,3779,6107
2023-12-12 09:50:11,37,38,3779,6167
2023-12-12 09:50:21,36,38,3779,6167
2023-12-12 09:50:35,37,38,3779,6167
2023-12-12 09:50:37,36,38,3779,6167
2023-12-12 09:50:44,37,38,3779,6167
2023-12-12 09:50:48,36,38,3779,6167
2023-12-12 09:50:51,37,38,3779,6167
2023-12-12 09:51:08,37,39,3779,6167
2023-12-12 09:51:11,38,39,3779,6167
2023-12-12 09:51:11,38,39,3839,6227
2023-12-12 09:52:14,38,40,4039,6427
2023-12-12 09:52:23,38,39,4039,6427
2023-12-12 09:52:27,37,39,4039,6427
2023-12-12 09:52:31,38,39,4039,6427
2023-12-12 09:52:32,38,40,4039,6427
2023-12-12 09:54:14,37,40,4039,6427
2023-12-12 09:54:20,37,39,4039,6427
2023-12-12 09:54:40,36,39,4039,6427
2023-12-12 09:54:42,36,38,4039,6427
2023-12-12 09:55:00,37,38,4039,6427
2023-12-12 09:55:05,37,40,4039,6427
2023-12-12 09:55:12,38,40,4039,6427
2023-12-12 09:55:49,39,40,4039,6427
2023-12-12 09:55:57,39,40,4039,6485
2023-12-12 09:56:09,39,40,4039,6605
2023-12-12 09:56:52,39,41,4039,6605
2023-12-12 09:57:23,39,40,4039,6605
2023-12-12 09:57:23,39,41,4039,6605
2023-12-12 09:57:25,39,40,4039,6605
2023-12-12 09:57:25,39,41,4039,6605
2023-12-12 09:57:29,40,41,4039,6605
2023-12-12 09:57:29,40,41,4061,6627
2023-12-12 09:57:30,39,41,4061,6627
2023-12-12 09:57:30,40,41,4061,6627
2023-12-12 09:57:31,39,41,4215,6781
2023-12-12 09:57:32,40,41,4215,6781
2023-12-12 09:57:36,39,41,4337,6903
2023-12-12 09:57:36,40,41,4337,6903
2023-12-12 09:57:37,39,41,4441,7007
2023-12-12 09:57:38,40,41,4441,7007
2023-12-12 09:57:47,39,41,4441,7007
2023-12-12 09:57:54,40,41,4441,7007
2023-12-12 09:57:54,39,41,4583,7149
2023-12-12 09:57:54,40,41,4583,7149
2023-12-12 09:57:55,40,41,4756,7322
2023-12-12 09:57:56,39,41,4756,7322
2023-12-12 09:58:23,40,41,4756,7322
2023-12-12 09:58:30,39,41,4756,7322
2023-12-12 09:58:57,40,41,4756,7322
2023-12-12 09:58:58,39,41,4756,7322
2023-12-12 09:58:58,40,41,4756,7322
2023-12-12 09:59:00,39,41,4955,7521
2023-12-12 09:59:00,40,41,4955,7521
2023-12-12 09:59:09,40,41,5094,7685
2023-12-12 09:59:16,40,41,5094,7840
2023-12-12 09:59:41,40,42,5094,7840
2023-12-12 09:59:41,41,42,5094,7840
2023-12-12 09:59:41,41,42,5189,7935
2023-12-12 09:59:42,40,42,5189,7935
2023-12-12 09:59:42,41,42,5189,7935
2023-12-12 10:00:09,40,42,5189,7935
2023-12-12 10:00:10,41,42,5189,7935
2023-12-12 10:00:10,40,42,5189,7935
2023-12-12 10:01:19,41,42,5189,7935
2023-12-12 10:01:55,40,42,5189,8135
2023-12-12 10:02:19,41,42,5189,8135
2023-12-12 10:02:20,41,42,5227,8173
2023-12-12 10:02:48,40,42,5227,8173
2023-12-12 10:03:32,40,42,5227,8219
2023-12-12 10:03:33,41,42,5227,8219
2023-12-12 10:03:33,40,42,5349,8341
2023-12-12 10:03:35,41,42,5349,8341
2023-12-12 10:03:35,40,42,5349,8341
2023-12-12 10:03:36,41,42,5349,8341
2023-12-12 10:03:36,40,42,5349,8341
2023-12-12 10:03:37,41,42,5349,8341
2023-12-12 10:03:39,40,42,5349,8341
2023-12-12 10:03:45,41,42,5349,8341
2023-12-12 10:03:45,41,42,5427,8419
2023-12-12 10:03:45,40,42,5427,8419
2023-12-12 10:03:46,41,42,5427,8419
2023-12-12 10:03:48,40,42,5427,8419
2023-12-12 10:03:49,41,42,5427,8419
2023-12-12 10:03:49,41,42,5541,8533
2023-12-12 10:03:58,40,42,5541,8533
2023-12-12 10:03:58,41,42,5541,8533
2023-12-12 10:04:01,41,42,5563,8555
2023-12-12 10:04:03,40,42,5563,8555
2023-12-12 10:04:09,41,42,5563,8555
2023-12-12 10:04:20,40,42,5563,8555
2023-12-12 10:04:20,41,42,5563,8555
2023-12-12 10:04:25,40,42,5563,8555
2023-12-12 10:04:25,41,42,5563,8555
2023-12-12 10:04:43,40,42,5686,8678
2023-12-12 10:04:43,41,42,5686,8678
2023-12-12 10:04:50,41,42,5787,8779
2023-12-12 10:04:53,41,42,5789,8781
2023-12-12 10:05:02,40,42,5861,8853
2023-12-12 10:05:02,41,42,5861,8853
2023-12-12 10:05:04,40,42,5861,8853
2023-12-12 10:05:04,40,41,5861,8853
2023-12-12 10:05:47,41,42,5861,8894
2023-12-12 10:06:52,41,42,5877,9023
2023-12-12 10:06:54,41,42,5937,9083
2023-12-12 10:06:56,41,42,5984,9130
2023-12-12 10:06:57,40,42,5984,9130
2023-12-12 10:07:37,41,42,5984,9130
2023-12-12 10:08:58,41,43,5984,9130
2023-12-12 10:08:58,42,43,5984,9130
2023-12-12 10:09:00,41,43,5984,9130
2023-12-12 10:09:12,42,43,5984,9130
2023-12-12 10:09:12,41,43,6166,9312
2023-12-12 10:09:23,42,43,6166,9312
2023-12-12 10:09:25,41,43,6166,9312
2023-12-12 10:09:42,42,43,6166,9312
2023-12-12 10:09:44,41,43,6166,9312
2023-12-12 10:10:08,42,43,6166,9312
2023-12-12 10:12:47,42,43,6166,9317
2023-12-12 10:15:34,42,44,6166,9317
2023-12-12 10:17:07,43,44,6166,9317
2023-12-12 10:17:20,43,44,6166,9422
2023-12-12 10:18:52,43,44,6166,9432
2023-12-12 10:19:41,43,44,6316,9582
2023-12-12 10:19:46,43,45,6316,9582
2023-12-12 10:21:10,44,45,6316,9582
2023-12-12 10:23:07,45,46,6315,9593
2023-12-12 10:25:19,44,46,6315,9593
2023-12-12 10:25:36,45,46,6315,9593
2023-12-12 10:26:12,45,47,6315,9593
2023-12-12 10:26:47,45,46,6315,9593
2023-12-12 10:28:20,45,46,6315,9638
2023-12-12 10:30:57,45,46,6315,9838
2023-12-12 10:35:24,45,46,6315,10038
2023-12-12 10:37:50,45,46,6315,10211
2023-12-12 10:39:56,45,46,6436,10524
2023-12-12 10:41:07,45,46,6526,10614
2023-12-12 10:41:08,45,46,6616,10704
2023-12-12 10:41:09,45,46,6706,10794
2023-12-12 10:41:10,45,46,6796,10884
2023-12-12 10:43:33,45,46,6996,11084
2023-12-12 10:44:09,45,46,7113,11201
2023-12-12 10:44:10,45,46,7230,11318
2023-12-12 10:44:11,45,46,7305,11393
2023-12-12 10:44:12,45,46,7380,11468
2023-12-12 10:44:17,45,47,7550,11638
2023-12-12 10:46:29,46,47,7550,11638
2023-12-12 10:48:21,46,48,7550,11638
2023-12-12 10:50:39,46,48,7950,12038
2023-12-12 10:50:40,47,48,7950,12038
2023-12-12 10:54:53,47,49,7950,12038
2023-12-12 10:54:53,48,49,7950,12038
2023-12-12 10:55:42,47,49,7950,12038
2023-12-12 10:55:57,48,49,7950,12038
2023-12-12 11:00:14,48,49,7750,12238
2023-12-12 11:03:01,48,49,7750,12425
2023-12-12 11:03:10,47,48,7750,12438
2023-12-12 11:06:56,46,47,7750,12440
2023-12-12 11:06:58,46,48,7750,12440
2023-12-12 11:06:58,46,47,7750,12440
2023-12-12 11:07:01,46,48,7750,12440
2023-12-12 11:07:01,46,47,7750,12440
2023-12-12 11:07:10,46,48,7750,12440
2023-12-12 11:07:14,46,47,7750,12440
2023-12-12 11:07:16,46,48,7750,12440
2023-12-12 11:07:40,47,48,7750,12440
2023-12-12 11:08:07,47,48,7950,12640
2023-12-12 11:08:27,47,48,8350,13040
2023-12-12 11:08:29,47,48,8750,13440
2023-12-12 11:09:08,47,48,9150,13840
2023-12-12 11:09:10,47,48,9350,14040
2023-12-12 11:09:10,47,48,9550,14240
2023-12-12 11:09:11,48,50,9737,14427
2023-12-12 11:09:12,47,50,9737,14427
2023-12-12 11:09:19,49,50,9737,14427
2023-12-12 11:11:21,49,51,9737,14427
2023-12-12 11:11:32,50,51,9737,14427
2023-12-12 11:11:40,49,51,9737,14427
2023-12-12 11:11:40,50,51,9737,14427
2023-12-12 11:11:57,49,51,9737,14427
2023-12-12 11:11:57,50,51,9737,14427
2023-12-12 11:12:09,49,51,9737,14427
2023-12-12 11:12:10,50,51,9737,14427
2023-12-12 11:12:27,49,51,9737,14427
2023-12-12 11:12:27,50,51,9737,14427
2023-12-12 11:12:29,50,52,9737,14427
2023-12-12 11:12:29,51,52,9737,14427
2023-12-12 11:14:31,50,52,9737,14427
2023-12-12 11:14:32,51,52,9737,14427
2023-12-12 11:14:40,50,52,9737,14427
2023-12-12 11:14:40,51,52,9737,14427
2023-12-12 11:14:41,50,52,9737,14427
2023-12-12 11:15:26,51,52,9737,14427
2023-12-12 11:15:43,50,52,9737,14427
2023-12-12 11:15:44,51,52,9737,14427
2023-12-12 11:15:51,50,52,9737,14427
2023-12-12 11:16:06,49,52,9737,14427
2023-12-12 11:16:07,49,51,9737,14427
2023-12-12 11:16:23,50,51,9737,14427
2023-12-12 11:16:23,50,51,9870,14560
2023-12-12 11:16:24,49,51,9870,14560
2023-12-12 11:16:28,49,52,9870,14560
2023-12-12 11:16:28,50,52,9870,14560
2023-12-12 11:16:32,49,52,9870,14560
2023-12-12 11:16:37,49,51,9870,14560
2023-12-12 11:16:44,50,51,9870,14560
2023-12-12 11:16:46,49,51,9870,14560
2023-12-12 11:16:47,50,51,9870,14560
2023-12-12 11:16:48,50,52,9870,14560
2023-12-12 11:16:49,50,51,9870,14560
2023-12-12 11:16:50,50,52,9870,14560
2023-12-12 11:17:01,50,51,9870,14560
2023-12-12 11:17:05,49,51,9870,14560
2023-12-12 11:17:05,50,51,9870,14560
2023-12-12 11:17:11,49,51,9870,14560
2023-12-12 11:18:10,50,51,9870,14560
2023-12-12 11:18:13,49,51,9870,14560
2023-12-12 11:18:54,49,52,9870,14560
2023-12-12 11:18:59,49,51,9870,14560
2023-12-12 11:19:04,49,52,9870,14560
2023-12-12 11:19:07,49,51,9870,14560
2023-12-12 11:19:08,49,52,9870,14560
2023-12-12 11:19:16,49,51,9870,14560
2023-12-12 11:19:18,49,52,9870,14560
2023-12-12 11:20:04,49,51,9870,14560
2023-12-12 11:20:05,49,52,9870,14560
2023-12-12 11:20:18,49,51,9870,14560
2023-12-12 11:20:25,49,52,9870,14560
2023-12-12 11:20:33,49,51,9870,14560
2023-12-12 11:20:34,49,52,9870,14560
2023-12-12 11:20:37,49,51,9870,14560
2023-12-12 11:20:38,49,52,9870,14560
2023-12-12 11:20:48,49,51,9870,14560
2023-12-12 11:20:54,49,52,9870,14560
2023-12-12 11:20:59,49,51,9870,14560
2023-12-12 11:21:08,49,50,9870,14560
2023-12-12 11:21:29,49,51,9870,14560
2023-12-12 11:21:53,49,50,9870,14560
2023-12-12 11:22:06,48,50,9870,14560
2023-12-12 11:22:08,48,49,9870,14560
2023-12-12 11:22:08,47,49,9870,14560
2023-12-12 11:22:28,47,48,9870,14560
2023-12-12 11:22:29,46,48,9870,14560
2023-12-12 11:22:39,45,48,9870,14560
2023-12-12 11:22:39,45,47,9870,14560
2023-12-12 11:23:05,45,46,9870,14560
2023-12-12 11:23:16,45,47,9870,14560
2023-12-12 11:23:53,45,48,9870,14560
2023-12-12 11:24:52,45,47,9870,14560
2023-12-12 11:25:04,45,48,9870,14560
2023-12-12 11:25:08,45,47,9870,14560
2023-12-12 11:25:09,45,48,9870,14560
2023-12-12 11:25:12,45,47,9870,14560
2023-12-12 11:25:13,45,48,9870,14560
2023-12-12 11:25:21,46,48,9870,14560
2023-12-12 11:25:29,46,49,9870,14560
2023-12-12 11:25:36,46,48,9870,14560
2023-12-12 11:25:37,46,49,9870,14560
2023-12-12 11:25:44,46,48,9870,14560
2023-12-12 11:25:53,45,48,9870,14560
2023-12-12 11:25:59,46,48,9870,14560
2023-12-12 11:26:01,46,49,9870,14560
2023-12-12 11:26:11,47,49,9870,14560
2023-12-12 11:26:19,47,50,9870,14560
2023-12-12 11:26:28,48,50,9870,14560
2023-12-12 11:26:34,48,50,9870,14560
2023-12-12 11:26:46,47,50,9870,14560
2023-12-12 11:26:52,47,51,9870,14560
2023-12-12 11:26:52,48,51,9870,14560
2023-12-12 11:26:53,48,52,9870,14560
2023-12-12 11:26:53,49,52,9870,14560
2023-12-12 11:27:17,49,51,9870,14560
2023-12-12 11:27:30,49,52,9870,14560
2023-12-12 11:28:26,50,52,9870,14560
2023-12-12 11:28:32,51,52,9870,14560
2023-12-12 11:28:32,51,52,10050,14740
2023-12-12 11:30:29,50,52,10050,14740
2023-12-12 11:30:48,50,51,10050,14740
2023-12-12 11:30:48,49,51,10050,14740
2023-12-12 11:30:51,49,52,10050,14740
2023-12-12 11:30:52,49,51,10050,14740
2023-12-12 11:31:14,49,50,10050,14740
2023-12-12 11:31:25,49,51,10050,14740
2023-12-12 11:31:32,49,50,10050,14740
2023-12-12 11:31:35,49,51,10050,14740
2023-12-12 11:31:47,49,52,10050,14740
2023-12-12 11:31:54,50,52,10050,14740
2023-12-12 11:32:13,51,52,10050,14740
2023-12-12 11:32:15,51,53,10050,14740
2023-12-12 11:32:59,51,52,10050,14740
2023-12-12 11:33:21,51,53,10050,14740
2023-12-12 11:33:26,51,52,10050,14740
2023-12-12 11:35:21,51,53,10050,14740
2023-12-12 11:35:22,51,52,10050,14740
2023-12-12 11:35:30,51,53,10050,14740
2023-12-12 11:35:41,51,52,10050,14740
2023-12-12 11:36:11,51,53,10050,14740
2023-12-12 11:36:27,51,52,10050,14740
2023-12-12 11:37:29,50,51,10050,14742
2023-12-12 11:37:37,50,52,10050,14742
2023-12-12 11:37:40,50,51,10050,14742
2023-12-12 11:37:41,49,51,10050,14742
2023-12-12 11:38:38,49,52,10050,14742
2023-12-12 11:38:41,49,51,10050,14742
2023-12-12 11:39:05,49,52,10050,14742
2023-12-12 11:39:17,50,52,10050,14742
2023-12-12 11:39:31,50,53,10050,14742
2023-12-12 11:39:37,50,52,10050,14742
2023-12-12 11:39:42,50,53,10050,14742
2023-12-12 11:39:43,50,52,10050,14742
2023-12-12 11:39:45,50,53,10050,14742
2023-12-12 11:40:16,51,53,10050,14742
2023-12-12 11:40:32,51,52,10050,14742
2023-12-12 11:40:34,50,52,10050,14742
2023-12-12 11:41:39,50,53,10050,14742
2023-12-12 11:41:46,50,52,10050,14742
2023-12-12 11:41:57,50,53,10050,14742
2023-12-12 11:42:11,50,52,10050,14742
2023-12-12 11:42:16,50,53,10050,14742
2023-12-12 11:42:36,50,52,10050,14742
2023-12-12 11:42:58,50,53,10050,14742
2023-12-12 11:43:11,51,53,10050,14742
2023-12-12 11:45:21,50,53,10050,14742
2023-12-12 11:45:23,50,52,10050,14742
2023-12-12 11:45:52,50,51,10050,14742
2023-12-12 11:45:55,49,51,10050,14742
2023-12-12 11:46:13,49,52,10050,14742
2023-12-12 11:46:21,50,52,10050,14742
2023-12-12 11:46:22,50,53,10050,14742
2023-12-12 11:46:30,50,52,10050,14742
2023-12-12 11:46:42,49,52,10050,14742
2023-12-12 11:46:47,49,51,10050,14742
2023-12-12 11:46:58,49,52,10050,14742
2023-12-12 11:47:00,50,52,10050,14742
2023-12-12 11:47:14,50,53,10050,14742
2023-12-12 11:47:16,50,52,10050,14742
2023-12-12 11:47:56,50,53,10050,14742
2023-12-12 11:48:04,50,52,10050,14742
2023-12-12 11:49:57,50,54,11050,16742
2023-12-12 11:49:58,51,54,11050,16742
2023-12-12 11:50:00,51,53,11050,16742
2023-12-12 11:50:18,51,54,11050,16742
2023-12-12 11:50:41,52,54,11050,16742
2023-12-12 11:51:14,53,54,11050,16742
2023-12-12 11:51:48,52,54,11050,16742
2023-12-12 11:52:01,53,54,11050,16742
2023-12-12 11:53:39,53,54,11250,16942
2023-12-12 11:53:39,53,54,11250,17942
2023-12-12 11:53:41,53,54,11450,18142
2023-12-12 11:53:47,53,54,11650,18342
2023-12-12 11:53:58,53,54,11850,18542
2023-12-12 11:54:18,53,56,12050,18742
2023-12-12 11:54:45,53,55,12050,18742
2023-12-12 11:54:57,53,56,12050,18742
2023-12-12 11:54:58,53,55,12050,18742
2023-12-12 11:55:00,53,56,12050,18742
2023-12-12 11:55:01,53,55,12050,18742
2023-12-12 11:55:50,53,56,12050,18742
2023-12-12 11:56:32,54,56,12050,18742
2023-12-12 11:56:35,53,56,12050,18742
2023-12-12 11:56:59,54,56,12050,18742
2023-12-12 11:57:11,55,56,12050,18742
2023-12-12 11:57:25,55,57,12050,18742
2023-12-12 12:01:19,55,58,12050,18742
2023-12-12 12:01:57,56,58,12050,18742
2023-12-12 12:01:57,57,58,12050,18742
2023-12-12 12:02:15,56,58,12050,18742
2023-12-12 12:02:15,55,58,12050,18742
2023-12-12 12:02:15,57,58,12050,18742
2023-12-12 12:03:23,56,58,12050,18742
2023-12-12 12:03:25,55,58,12050,18742
2023-12-12 12:03:50,55,57,12050,18742
2023-12-12 12:03:56,55,58,12050,18742
2023-12-12 12:03:57,55,57,12050,18742
2023-12-12 12:04:02,55,58,12050,18742
2023-12-12 12:04:03,56,58,12050,18742
2023-12-12 12:04:22,55,58,12050,18742
2023-12-12 12:04:22,57,58,12050,18742
2023-12-12 12:07:46,57,58,12060,18752
2023-12-12 12:11:21,57,59,12060,19752
2023-12-12 12:11:22,58,59,12060,19752
2023-12-12 12:11:22,58,59,12075,19767
2023-12-12 12:11:45,57,59,12075,19767
2023-12-12 12:11:45,58,59,12075,19767
2023-12-12 12:11:56,57,59,12075,19767
2023-12-12 12:11:56,58,59,12075,19767
2023-12-12 12:12:07,57,59,12075,19767
2023-12-12 12:12:07,58,59,12075,19767
2023-12-12 12:12:10,57,59,12075,19767
2023-12-12 12:12:10,58,59,12075,19767
2023-12-12 12:12:14,58,60,12075,19767
2023-12-12 12:12:14,59,60,12075,19767
2023-12-12 12:12:35,59,60,12135,19827
2023-12-12 12:12:36,58,60,12135,19827
2023-12-12 12:12:36,57,60,12135,19827
2023-12-12 12:12:36,59,60,12135,19827
2023-12-12 12:12:36,57,60,12135,19827
2023-12-12 12:12:36,59,60,12135,19827
2023-12-12 12:12:59,57,60,12477,20169
2023-12-12 12:12:59,58,60,12477,20169
2023-12-12 12:12:59,59,60,12477,20169
2023-12-12 12:13:03,58,60,12596,20288
2023-12-12 12:13:03,59,60,12596,20288
2023-12-12 12:13:08,58,60,12701,20393
2023-12-12 12:13:08,59,60,12701,20393
2023-12-12 12:13:11,58,60,12701,20393
2023-12-12 12:13:12,57,60,12701,20393
2023-12-12 12:13:20,57,59,12701,20393
2023-12-12 12:13:23,57,59,12726,20418
2023-12-12 12:13:24,58,59,12726,20418
2023-12-12 12:13:24,57,59,12726,20418
2023-12-12 12:13:24,58,59,12726,20418
2023-12-12 12:13:58,57,59,12726,20418
2023-12-12 12:13:58,58,59,12726,20418
2023-12-12 12:14:13,58,60,12726,20418
2023-12-12 12:14:35,57,60,12726,20418
2023-12-12 12:14:36,57,59,12726,20418
2023-12-12 12:14:46,57,60,12726,20418
2023-12-12 12:16:47,58,60,12726,20418
2023-12-12 12:16:49,57,60,12726,20418
2023-12-12 12:16:53,58,60,12726,20418
2023-12-12 12:17:05,57,60,12726,20418
2023-12-12 12:17:43,57,59,12726,20418
2023-12-12 12:18:11,57,60,12726,20418
2023-12-12 12:18:53,57,59,12726,20418
2023-12-12 12:19:04,57,60,12726,20418
2023-12-12 12:20:13,57,59,12726,20418
2023-12-12 12:21:11,57,58,12726,20418
2023-12-12 12:21:24,57,59,12726,20418
2023-12-12 12:22:38,57,58,12726,20418
2023-12-12 12:22:40,57,59,12726,20418
2023-12-12 12:22:41,57,58,12726,20418
2023-12-12 12:22:42,57,59,12726,20418
2023-12-12 12:22:43,57,58,12726,20418
2023-12-12 12:22:44,57,59,12726,20418
2023-12-12 12:22:46,57,58,12726,20418
2023-12-12 12:22:48,57,59,12726,20418
2023-12-12 12:23:07,57,58,12726,20418
2023-12-12 12:23:11,57,59,12726,20418
2023-12-12 12:24:38,57,59,13226,21318
2023-12-12 12:24:49,57,59,13226,21418
2023-12-12 12:25:31,57,60,13226,21418
2023-12-12 12:25:34,58,60,13226,21418
2023-12-12 12:26:29,57,60,13226,21418
2023-12-12 12:26:29,58,60,13226,21418
2023-12-12 12:26:29,59,60,13226,21418
2023-12-12 12:28:27,59,60,13226,21538
2023-12-12 12:29:16,57,60,13246,21938
2023-12-12 12:29:17,57,59,13246,21938
2023-12-12 12:29:53,57,60,13246,21938
2023-12-12 12:29:54,57,59,13246,21938
2023-12-12 12:29:54,57,60,13246,21938
2023-12-12 12:30:06,57,59,13246,21938
2023-12-12 12:30:07,57,60,13246,21938
2023-12-12 12:30:10,57,59,13246,21938
2023-12-12 12:30:13,57,60,13246,21938
2023-12-12 12:30:17,57,59,13246,21938
2023-12-12 12:31:48,57,58,13246,21938
2023-12-12 12:31:49,57,59,13246,21938
2023-12-12 12:32:06,57,58,13246,21938
2023-12-12 12:32:09,57,59,13246,21938
2023-12-12 12:32:12,56,59,13246,21938
2023-12-12 12:32:17,56,58,13246,21938
2023-12-12 12:32:34,56,57,13246,21938
2023-12-12 12:32:38,55,57,13246,21938
2023-12-12 12:33:04,55,56,13246,21938
2023-12-12 12:34:17,55,56,13267,21959
2023-12-12 12:34:26,55,56,13445,22137
2023-12-12 12:34:26,54,55,13445,22140
2023-12-12 12:34:32,54,56,13445,22140
2023-12-12 12:34:37,54,57,13445,22140
2023-12-12 12:34:55,54,56,13445,22140
2023-12-12 12:35:00,55,56,13445,22140
2023-12-12 12:35:00,55,57,13445,22140
2023-12-12 12:35:02,55,56,13445,22140
2023-12-12 12:35:10,55,57,13445,22140
2023-12-12 12:35:10,55,56,13445,22140
2023-12-12 12:35:58,55,57,13445,22140
2023-12-12 12:36:00,55,56,13445,22140
2023-12-12 12:36:08,55,57,13445,22140
2023-12-12 12:36:08,55,56,13445,22140
2023-12-12 12:36:19,55,57,13445,22140
2023-12-12 12:36:20,56,57,13445,22140
2023-12-12 12:36:31,55,57,13445,22140
2023-12-12 12:36:46,55,56,13445,22140
2023-12-12 12:36:56,55,57,13445,22140
2023-12-12 12:36:57,55,56,13445,22140
2023-12-12 12:36:58,55,57,13445,22140
2023-12-12 12:37:07,55,56,13445,22140
2023-12-12 12:37:10,55,57,13445,22140
2023-12-12 12:37:10,55,56,13445,22140
2023-12-12 12:37:27,55,57,13445,22140
2023-12-12 12:37:31,55,58,13445,22140
2023-12-12 12:37:32,56,58,13445,22140
2023-12-12 12:37:48,56,59,13445,22140
2023-12-12 12:38:06,56,58,13445,22140
2023-12-12 12:38:30,55,58,13445,22140
2023-12-12 12:38:33,55,57,13445,22140
2023-12-12 12:38:53,55,58,13445,22140
2023-12-12 12:38:53,55,57,13445,22140
2023-12-12 12:38:59,56,57,13445,22140
2023-12-12 12:39:02,56,58,13445,22140
2023-12-12 12:39:02,56,57,13445,22140
2023-12-12 12:39:09,55,57,13445,22140
2023-12-12 12:39:12,56,57,13445,22140
2023-12-12 12:39:16,55,57,13445,22140
2023-12-12 12:39:17,56,57,13445,22140
2023-12-12 12:39:46,56,58,13445,22140
2023-12-12 12:40:07,56,59,13445,22140
2023-12-12 12:40:07,56,58,13445,22140
2023-12-12 12:40:19,56,59,13445,22140
2023-12-12 12:40:19,56,58,13445,22140
2023-12-12 12:40:45,57,58,13445,22140
2023-12-12 12:41:11,56,58,13445,22140
2023-12-12 12:41:22,56,57,13445,22140
2023-12-12 12:41:25,56,58,13445,22140
2023-12-12 12:41:25,56,57,13445,22140
2023-12-12 12:41:25,56,58,13445,22140
2023-12-12 12:41:26,55,58,13445,22140
2023-12-12 12:41:29,56,58,13445,22140
2023-12-12 12:41:32,55,58,13445,22140
2023-12-12 12:41:40,55,57,13445,22140
2023-12-12 12:41:42,56,57,13445,22140
2023-12-12 12:41:45,56,58,13445,22140
2023-12-12 12:43:00,56,57,13445,22140
2023-12-12 12:43:43,56,58,13445,22140
2023-12-12 12:44:26,56,59,13445,22140
2023-12-12 12:44:27,56,58,13445,22140
2023-12-12 12:44:50,58,59,13445,22301
2023-12-12 12:44:51,56,59,13445,22301
2023-12-12 12:44:57,56,58,13445,22301
2023-12-12 12:45:04,56,59,13445,22301
2023-12-12 12:45:07,56,58,13445,22301
2023-12-12 12:45:33,56,57,13445,22301
2023-12-12 12:45:34,56,58,13445,22301
2023-12-12 12:45:40,56,57,13445,22301
2023-12-12 12:45:40,57,58,13445,22410
2023-12-12 12:45:40,57,59,13445,22410
2023-12-12 12:45:40,57,58,13445,22410
2023-12-12 12:45:41,56,58,13445,22410
2023-12-12 12:45:41,56,59,13445,22410
2023-12-12 12:45:49,56,58,13445,22410
2023-12-12 12:45:51,56,59,13445,22410
2023-12-12 12:45:55,56,58,13445,22410
2023-12-12 12:46:18,57,58,13445,22410
2023-12-12 12:46:19,57,60,13445,22410
2023-12-12 12:46:19,57,59,13445,22410
2023-12-12 12:46:20,57,60,13445,22410
2023-12-12 12:46:22,58,60,13445,22410
2023-12-12 12:46:33,59,60,13445,22410
2023-12-12 12:46:37,58,60,13445,22410
2023-12-12 12:47:33,58,59,13445,22410
2023-12-12 12:47:49,58,60,13445,22410
2023-12-12 12:47:53,58,59,13445,22410
2023-12-12 12:48:15,58,60,13445,22410
2023-12-12 12:48:43,59,60,13445,22410
2023-12-12 12:49:14,59,60,13845,22810
2023-12-12 12:50:10,59,60,13910,22875
2023-12-12 12:53:10,58,60,13910,22875
2023-12-12 12:53:17,59,60,13910,22875
2023-12-12 12:55:46,58,60,13910,22875
2023-12-12 12:55:46,59,60,13910,22875
2023-12-12 12:55:47,58,60,13910,22875
2023-12-12 12:55:47,59,60,13910,22875
2023-12-12 12:55:49,58,60,13910,22875
2023-12-12 12:56:19,59,60,13910,22875
2023-12-12 12:56:22,58,60,13910,22875
2023-12-12 12:56:22,59,60,13910,22875
2023-12-12 12:56:22,58,60,13910,22875
2023-12-12 12:56:53,59,60,13910,22875
2023-12-12 12:57:18,58,60,13910,22875
2023-12-12 12:57:26,59,60,13910,22875
2023-12-12 12:57:27,58,60,13910,22875
2023-12-12 12:58:01,59,60,13910,22875
2023-12-12 12:58:09,58,60,13910,22875
2023-12-12 12:58:29,58,59,13910,22875
2023-12-12 12:58:33,57,59,13910,22875
2023-12-12 12:58:50,57,58,13910,22875
2023-12-12 12:58:51,57,59,13910,22875
2023-12-12 12:58:52,57,58,13910,22875
2023-12-12 12:59:06,57,59,13910,22875
2023-12-12 12:59:10,57,60,13910,22875
2023-12-12 12:59:10,57,59,13910,22875
2023-12-12 12:59:11,57,60,13910,22875
2023-12-12 12:59:11,57,59,13910,22875
2023-12-12 12:59:21,57,58,13910,22875
2023-12-12 13:00:04,57,59,13910,22875
2023-12-12 13:00:04,57,58,13910,22875
2023-12-12 13:00:07,57,60,13910,22875
2023-12-12 13:00:07,57,59,13910,22875
2023-12-12 13:00:07,57,58,13910,22875
2023-12-12 13:00:07,57,59,13910,22875
2023-12-12 13:00:08,57,58,13910,22875
2023-12-12 13:00:10,57,59,13910,22875
2023-12-12 13:00:10,57,60,13910,22875
2023-12-12 13:00:10,57,58,13910,22875
2023-12-12 13:00:10,57,60,13910,22875
2023-12-12 13:00:10,57,58,13910,22875
2023-12-12 13:00:30,57,59,13910,22875
2023-12-12 13:00:30,57,58,13910,22875
2023-12-12 13:00:31,57,59,13910,22875
2023-12-12 13:00:33,57,60,13910,22875
2023-12-12 13:00:35,58,60,13910,22875
2023-12-12 13:00:48,57,60,13910,22875
2023-12-12 13:01:05,57,59,13910,22875
2023-12-12 13:01:06,58,59,13910,22875
2023-12-12 13:01:44,57,59,13910,22875
2023-12-12 13:01:50,57,58,13910,22875
2023-12-12 13:02:02,57,60,13910,22875
2023-12-12 13:02:02,57,59,13910,22875
2023-12-12 13:02:08,57,60,13910,22875
2023-12-12 13:02:08,57,59,13910,22875
2023-12-12 13:02:08,57,58,13910,22875
2023-12-12 13:02:09,57,58,13910,23075
2023-12-12 13:02:09,56,58,13910,23075
2023-12-12 13:02:09,56,58,13970,23135
2023-12-12 13:02:10,56,59,13970,23135
2023-12-12 13:02:10,56,58,13970,23135
2023-12-12 13:02:11,56,57,13970,23135
2023-12-12 13:02:12,55,57,13970,23135
2023-12-12 13:02:13,55,56,13970,23135
2023-12-12 13:02:22,53,55,13970,23137
2023-12-12 13:02:22,53,55,14030,23197
2023-12-12 13:02:22,53,55,14032,23199
2023-12-12 13:02:23,53,54,14032,23199
2023-12-12 13:02:24,53,54,14152,23319
2023-12-12 13:02:25,52,54,14152,23319
2023-12-12 13:02:30,53,54,14152,23319
2023-12-12 13:02:32,53,55,14152,23319
2023-12-12 13:02:33,52,55,14152,23319
2023-12-12 13:02:33,52,54,14152,23319
2023-12-12 13:02:47,53,54,14152,23319
2023-12-12 13:02:52,52,54,14152,23319
2023-12-12 13:02:52,52,53,14152,23319
2023-12-12 13:03:17,52,54,14152,23319
2023-12-12 13:03:30,52,53,14152,23319
2023-12-12 13:03:34,52,54,14152,23517
2023-12-12 13:03:38,52,53,14152,23517
2023-12-12 13:03:40,52,54,14152,23517
2023-12-12 13:03:48,53,54,14152,23517
2023-12-12 13:03:48,53,54,14552,23917
2023-12-12 13:03:49,53,55,14552,23917
2023-12-12 13:03:58,53,54,14552,23917
2023-12-12 13:04:00,52,54,14552,23917
2023-12-12 13:04:05,52,53,14552,23917
2023-12-12 13:04:24,51,53,14572,23937
2023-12-12 13:04:28,51,52,14572,23937
2023-12-12 13:04:30,51,53,14572,24071
2023-12-12 13:04:31,51,52,14572,24071
2023-12-12 13:04:31,51,53,14572,24071
2023-12-12 13:04:32,51,52,14572,24071
2023-12-12 13:04:32,51,53,14572,24071
2023-12-12 13:04:41,51,53,14592,24091
2023-12-12 13:04:47,51,52,14592,24091
2023-12-12 13:04:50,51,53,14592,24091
2023-12-12 13:04:54,51,52,14592,24091
2023-12-12 13:04:55,51,53,14592,24255
2023-12-12 13:04:55,51,52,14592,24255
2023-12-12 13:05:00,51,53,14592,24384
2023-12-12 13:05:00,51,52,14592,24384
2023-12-12 13:05:00,51,53,14592,24384
2023-12-12 13:05:01,51,52,14592,24384
2023-12-12 13:05:02,50,52,14592,24384
2023-12-12 13:05:04,51,52,14592,24384
2023-12-12 13:05:04,51,53,14592,24384
2023-12-12 13:05:06,51,52,14592,24384
2023-12-12 13:05:07,51,53,14592,24547
2023-12-12 13:05:07,51,52,14592,24547
2023-12-12 13:05:08,51,53,14592,24653
2023-12-12 13:05:08,51,52,14592,24653
2023-12-12 13:05:12,51,53,14592,24653
2023-12-12 13:05:16,51,54,14592,24653
2023-12-12 13:05:17,52,54,14592,24653
2023-12-12 13:05:19,52,54,14992,25053
2023-12-12 13:05:21,52,55,14992,25253
2023-12-12 13:05:33,53,55,14992,25253
2023-12-12 13:05:45,53,55,15392,25653
2023-12-12 13:05:46,53,56,15392,25653
2023-12-12 13:05:54,53,55,15392,25653
2023-12-12 13:05:58,53,56,15392,25653
2023-12-12 13:06:08,54,56,15392,25653
2023-12-12 13:06:24,54,57,15392,25653
2023-12-12 13:06:24,55,57,15392,25653
2023-12-12 13:06:27,55,58,15392,25653
2023-12-12 13:06:29,55,57,15392,25653
2023-12-12 13:06:33,56,57,15392,25653
2023-12-12 13:06:33,56,59,15392,25653
2023-12-12 13:06:33,56,57,15392,25653
2023-12-12 13:06:33,56,58,15392,25653
2023-12-12 13:06:34,57,58,15392,25653
2023-12-12 13:06:34,57,60,15392,25653
2023-12-12 13:06:34,57,59,15392,25653
2023-12-12 13:06:35,57,60,15392,25653
2023-12-12 13:06:36,58,60,15392,25653
2023-12-12 13:06:45,57,60,15392,25653
2023-12-12 13:06:47,57,59,15392,25653
2023-12-12 13:06:51,56,59,15392,25653
2023-12-12 13:06:54,56,58,15392,25653
2023-12-12 13:07:07,55,58,15392,25653
2023-12-12 13:07:07,55,57,15392,25653
2023-12-12 13:07:17,55,56,15392,25653
2023-12-12 13:07:19,54,56,15392,25653
2023-12-12 13:07:20,55,56,15392,25653
2023-12-12 13:07:21,54,56,15392,25653
2023-12-12 13:07:25,54,55,15392,25653
2023-12-12 13:07:27,54,55,15392,25853
2023-12-12 13:07:28,54,55,15192,26053
2023-12-12 13:07:29,54,55,14792,26453
2023-12-12 13:07:29,52,55,14792,26853
2023-12-12 13:07:44,53,55,14792,26853
2023-12-12 13:07:44,53,56,14792,26853
2023-12-12 13:08:06,53,55,14792,26853
2023-12-12 13:08:09,53,56,14792,26853
2023-12-12 13:08:09,53,55,14792,26853
2023-12-12 13:08:09,53,56,14792,26853
2023-12-12 13:08:33,53,55,14792,26853
2023-12-12 13:08:38,53,56,14926,27183
2023-12-12 13:08:38,54,56,14926,27183
2023-12-12 13:08:49,54,57,14926,27183
2023-12-12 13:08:52,53,57,14926,27183
2023-12-12 13:08:58,53,56,14926,27183
2023-12-12 13:09:07,54,56,14926,27183
2023-12-12 13:09:15,53,56,14926,27183
2023-12-12 13:09:16,54,56,14926,27183
2023-12-12 13:09:33,53,56,14926,27183
2023-12-12 13:09:37,52,56,14926,27183
2023-12-12 13:09:37,52,55,14926,27183
2023-12-12 13:09:42,52,55,15326,27583
2023-12-12 13:09:42,53,55,15326,27583
2023-12-12 13:09:42,53,56,15326,27583
2023-12-12 13:09:43,54,56,15326,27583
2023-12-12 13:10:15,53,56,15326,27583
2023-12-12 13:10:22,53,55,15326,27583
2023-12-12 13:10:22,53,54,15326,27583
2023-12-12 13:10:24,53,55,15326,27583
2023-12-12 13:10:39,54,55,15326,27583
2023-12-12 13:10:47,54,56,15326,27583
2023-12-12 13:10:48,54,57,15326,27583
2023-12-12 13:10:51,55,57,15326,27583
2023-12-12 13:11:02,54,57,15326,27583
2023-12-12 13:11:08,55,57,15326,27583
2023-12-12 13:11:29,56,57,15326,27583
2023-12-12 13:11:29,56,58,15326,27583
2023-12-12 13:11:36,56,59,15326,27583
2023-12-12 13:11:38,57,59,15326,27583
2023-12-12 13:11:41,57,60,15326,27583
2023-12-12 13:11:46,58,60,15326,27583
2023-12-12 13:12:19,57,60,15326,27583
2023-12-12 13:12:34,57,59,15326,27583
2023-12-12 13:12:36,58,59,15326,27583
2023-12-12 13:12:44,57,59,15326,27583
2023-12-12 13:12:46,58,59,15326,27583
2023-12-12 13:12:48,58,60,15326,27583
2023-12-12 13:12:52,57,60,15326,27583
2023-12-12 13:12:57,57,59,15326,27583
2023-12-12 13:13:13,58,59,15326,27583
2023-12-12 13:13:14,58,59,15326,27804
2023-12-12 13:13:15,57,59,15326,27804
2023-12-12 13:13:20,58,59,15326,27804
2023-12-12 13:13:20,58,60,15326,27804
2023-12-12 13:13:49,59,60,15326,27804
2023-12-12 13:13:51,57,60,15326,27804
2023-12-12 13:13:51,58,60,15326,27804
2023-12-12 13:13:57,57,60,15326,27983
2023-12-12 13:14:12,58,60,15326,27983
2023-12-12 13:14:26,57,60,15326,27983
2023-12-12 13:14:57,57,59,15326,27983
2023-12-12 13:15:01,57,60,15326,27983
2023-12-12 13:15:01,57,59,15326,27983
2023-12-12 13:15:01,57,60,15326,27983
2023-12-12 13:15:02,57,59,15326,27983
2023-12-12 13:15:26,57,58,15326,27983
2023-12-12 13:15:27,57,59,15326,27983
2023-12-12 13:15:28,57,58,15326,27983
2023-12-12 13:15:39,55,58,15328,27985
2023-12-12 13:15:45,55,56,15328,27985
2023-12-12 13:15:45,54,56,15328,27985
2023-12-12 13:16:02,53,56,15328,27985
2023-12-12 13:16:06,53,55,15328,27985
2023-12-12 13:16:16,53,56,15328,27985
2023-12-12 13:16:16,54,56,15328,27985
2023-12-12 13:16:22,54,57,15328,27985
2023-12-12 13:16:24,55,57,15328,27985
2023-12-12 13:16:24,55,58,15328,27985
2023-12-12 13:16:52,56,58,15328,27985
2023-12-12 13:16:54,56,59,15328,27985
2023-12-12 13:17:07,57,59,15328,27985
2023-12-12 13:17:16,56,59,15328,27985
2023-12-12 13:17:18,57,59,15328,27985
2023-12-12 13:17:18,57,58,15328,27985
2023-12-12 13:17:18,56,58,15328,27985
2023-12-12 13:17:19,57,58,15328,27985
2023-12-12 13:17:23,57,59,15328,27985
2023-12-12 13:17:24,56,59,15328,27985
2023-12-12 13:17:24,57,59,15328,27985
2023-12-12 13:17:28,56,59,15328,27985
2023-12-12 13:17:28,57,59,15328,27985
2023-12-12 13:17:35,56,59,15328,27985
2023-12-12 13:17:36,57,59,15328,27985
2023-12-12 13:17:37,56,59,15328,27985
2023-12-12 13:17:54,57,59,15328,27985
2023-12-12 13:17:57,56,59,15328,27985
2023-12-12 13:18:11,57,59,15328,27985
2023-12-12 13:18:13,58,59,15328,27985
2023-12-12 13:18:18,57,59,15328,27985
2023-12-12 13:18:21,57,60,15328,27985
2023-12-12 13:18:21,58,60,15328,27985
2023-12-12 13:18:21,58,59,15328,27985
2023-12-12 13:18:21,57,59,15328,27985
2023-12-12 13:18:22,57,60,15328,27985
2023-12-12 13:18:22,57,59,15328,27985
2023-12-12 13:18:28,56,59,15328,27985
2023-12-12 13:18:45,56,58,15328,27985
2023-12-12 13:18:45,55,57,15328,27985
2023-12-12 13:18:51,56,57,15328,27985
2023-12-12 13:18:58,56,59,15328,27985
2023-12-12 13:18:58,56,58,15328,27985
2023-12-12 13:19:08,56,59,15328,27985
2023-12-12 13:19:22,56,58,15328,27985
2023-12-12 13:19:29,56,58,15328,27985
2023-12-12 13:19:36,56,59,15328,27985
2023-12-12 13:19:40,57,59,15328,27985
2023-12-12 13:19:40,57,60,15328,27985
2023-12-12 13:20:06,58,60,15328,27985
2023-12-12 13:20:07,59,60,15328,27985
2023-12-12 13:20:09,59,60,15728,28385
2023-12-12 13:20:12,59,60,16128,28785
2023-12-12 13:20:14,59,60,16528,29185
2023-12-12 13:20:42,59,60,16728,29385
2023-12-12 13:20:54,60,62,16863,29520
2023-12-12 13:20:55,59,62,16863,29520
2023-12-12 13:20:56,60,62,16863,29520
2023-12-12 13:20:57,60,63,16863,29520
2023-12-12 13:20:57,61,63,16863,29520
2023-12-12 13:21:23,62,63,16863,29520
2023-12-12 13:21:26,62,64,16863,29520
2023-12-12 13:21:45,63,64,16863,29520
2023-12-12 13:21:45,63,64,16868,29525
2023-12-12 13:21:47,62,64,16868,29525
2023-12-12 13:21:57,62,63,16868,29525
2023-12-12 13:21:58,60,63,16868,29527
2023-12-12 13:22:01,60,63,17152,29811
2023-12-12 13:22:01,60,62,17152,29811
2023-12-12 13:22:05,59,62,17552,30211
2023-12-12 13:22:17,59,61,17552,30211
2023-12-12 13:22:53,60,61,17552,30211
2023-12-12 13:22:53,60,62,17552,30211
2023-12-12 13:22:53,60,62,17557,30216
2023-12-12 13:22:59,59,62,17557,30216
2023-12-12 13:22:59,60,62,17557,30216
2023-12-12 13:23:03,60,61,17557,30216
2023-12-12 13:23:08,59,61,17557,30216
2023-12-12 13:23:09,59,61,17672,30331
2023-12-12 13:23:11,60,61,17672,30331
2023-12-12 13:23:14,59,61,17672,30331
2023-12-12 13:23:17,60,61,17672,30331
2023-12-12 13:23:17,60,61,17780,30439
2023-12-12 13:23:17,59,61,17780,30439
2023-12-12 13:23:22,60,61,17780,30439
2023-12-12 13:23:23,60,62,17780,30439
2023-12-12 13:23:23,59,62,17780,30439
2023-12-12 13:23:27,59,61,17780,30439
2023-12-12 13:24:01,59,62,17780,30439
2023-12-12 13:24:05,60,62,17780,30439
2023-12-12 13:24:06,61,62,17780,30439
2023-12-12 13:24:51,61,62,17781,30839
2023-12-12 13:24:52,61,63,17781,30839
2023-12-12 13:25:28,62,63,17781,30839
2023-12-12 13:25:28,62,63,17905,30963
2023-12-12 13:25:30,62,64,17905,30963
2023-12-12 13:25:50,62,63,17905,30963
2023-12-12 13:25:50,61,63,17981,31039
2023-12-12 13:26:01,60,63,17981,31039
2023-12-12 13:26:01,60,62,17981,31039
2023-12-12 13:26:09,60,62,18381,31439
2023-12-12 13:26:12,59,62,18381,31439
2023-12-12 13:26:14,59,61,18381,31439
2023-12-12 13:26:30,59,61,18552,31839
2023-12-12 13:27:48,60,61,18552,31839
2023-12-12 13:27:49,59,61,18552,31839
2023-12-12 13:27:52,60,61,18552,31839
2023-12-12 13:27:54,60,62,18552,31839
2023-12-12 13:28:08,60,61,18552,31839
2023-12-12 13:28:11,60,62,18552,31839
2023-12-12 13:28:14,60,61,18552,31839
2023-12-12 13:28:22,59,61,18552,31839
2023-12-12 13:28:31,60,61,18552,31839
2023-12-12 13:28:32,59,61,18552,31839
2023-12-12 13:28:33,60,61,18552,31839
2023-12-12 13:28:46,59,61,18552,31839
2023-12-12 13:28:52,59,60,18552,31839
2023-12-12 13:29:06,59,61,18552,31839
2023-12-12 13:29:40,59,60,18552,31839
2023-12-12 13:29:55,59,61,18552,31839
2023-12-12 13:30:15,59,62,18552,31839
2023-12-12 13:30:15,59,63,18552,31839
2023-12-12 13:30:15,60,63,18552,31839
2023-12-12 13:30:15,60,62,18552,31839
2023-12-12 13:30:21,61,62,18552,31839
2023-12-12 13:30:25,61,63,18552,31839
2023-12-12 13:30:26,61,62,18552,31839
2023-12-12 13:30:54,60,62,18552,31839
2023-12-12 13:30:57,60,63,18552,31839
2023-12-12 13:30:57,60,62,18552,31839
2023-12-12 13:30:57,60,61,18552,31839
2023-12-12 13:31:01,59,61,18552,31839
2023-12-12 13:31:14,59,60,18552,31839
2023-12-12 13:31:27,57,59,18552,31841
2023-12-12 13:31:38,56,59,18552,31841
2023-12-12 13:31:44,56,58,18552,31841
2023-12-12 13:31:46,55,58,18552,31841
2023-12-12 13:31:48,55,57,18552,31841
2023-12-12 13:31:52,54,57,18552,31841
2023-12-12 13:31:56,54,57,18583,32241
2023-12-12 13:31:56,55,57,18583,32241
2023-12-12 13:32:01,55,58,18583,32241
2023-12-12 13:32:16,55,59,18583,32241
2023-12-12 13:32:19,56,59,18583,32241
2023-12-12 13:32:29,57,59,18583,32241
2023-12-12 13:32:29,57,60,18583,32241
2023-12-12 13:32:51,58,60,18583,32241
2023-12-12 13:32:53,58,61,18583,32241
2023-12-12 13:32:58,59,61,18583,32241
2023-12-12 13:33:00,59,62,18583,32241
2023-12-12 13:33:03,60,62,18583,32241
2023-12-12 13:33:16,61,62,18583,32241
2023-12-12 13:33:16,61,63,18583,32241
2023-12-12 13:33:22,62,63,18583,32241
2023-12-12 13:33:32,61,63,18583,32241
2023-12-12 13:33:45,61,62,18583,32241
2023-12-12 13:34:06,61,62,18583,32241
2023-12-12 13:34:06,61,63,18583,32241
2023-12-12 13:34:14,60,63,18583,32241
2023-12-12 13:34:20,61,63,18583,32241
2023-12-12 13:34:27,60,63,18583,32241
2023-12-12 13:34:31,60,62,18583,32241
2023-12-12 13:34:52,59,62,18583,32241
2023-12-12 13:34:55,58,61,18783,32441
2023-12-12 13:34:56,58,60,18783,32441
2023-12-12 13:35:09,57,60,18783,32441
2023-12-12 13:35:12,58,60,18783,32441
2023-12-12 13:35:22,57,60,18783,32441
2023-12-12 13:35:32,58,60,18783,32441
2023-12-12 13:35:57,58,59,18783,32441
2023-12-12 13:35:57,57,58,18785,32443
2023-12-12 13:36:01,57,58,19127,32785
2023-12-12 13:36:01,57,59,19127,32785
2023-12-12 13:36:01,57,58,19127,32785
2023-12-12 13:36:02,56,58,19127,32785
2023-12-12 13:36:02,56,59,19127,32785
2023-12-12 13:36:06,56,58,19127,32785
2023-12-12 13:36:07,55,58,19127,32785
2023-12-12 13:36:09,55,57,19127,32785
2023-12-12 13:36:23,55,58,19127,32785
2023-12-12 13:36:23,56,58,19127,32785
2023-12-12 13:36:26,56,57,19127,32785
2023-12-12 13:36:27,56,58,19127,32785
2023-12-12 13:36:36,56,59,19127,32785
2023-12-12 13:36:53,56,58,19127,32785
2023-12-12 13:36:56,57,58,19127,32785
2023-12-12 13:37:05,57,59,19127,32785
2023-12-12 13:37:11,56,59,19127,32785
2023-12-12 13:37:16,57,59,19127,32785
2023-12-12 13:37:20,57,60,19127,32785
2023-12-12 13:37:20,57,61,19127,32785
2023-12-12 13:37:20,57,60,19127,32785
2023-12-12 13:37:21,57,59,19127,32785
2023-12-12 13:37:38,56,59,19127,32785
2023-12-12 13:37:38,56,58,19127,32785
2023-12-12 13:38:03,56,57,19127,32785
2023-12-12 13:38:08,55,57,19127,32785
2023-12-12 13:38:08,56,57,19127,32785
2023-12-12 13:38:14,56,58,19127,32785
2023-12-12 13:38:14,56,59,19127,32785
2023-12-12 13:38:14,56,58,19127,32785
2023-12-12 13:38:21,56,57,19127,32785
2023-12-12 13:38:28,56,58,19127,32785
2023-12-12 13:38:38,56,59,19127,32785
2023-12-12 13:38:51,56,60,19127,32785
2023-12-12 13:38:51,56,58,19127,32785
2023-12-12 13:39:01,56,57,19127,32785
2023-12-12 13:39:04,56,58,19127,33127
2023-12-12 13:39:51,56,57,19127,33127
2023-12-12 13:40:01,54,56,19127,33129
2023-12-12 13:40:11,53,56,19127,33129
2023-12-12 13:40:21,53,55,19127,33129
2023-12-12 13:40:24,52,55,19127,33129
2023-12-12 13:40:32,52,54,19127,33129
2023-12-12 13:40:33,52,55,19127,33329
2023-12-12 13:40:52,52,55,19527,33729
2023-12-12 13:40:52,53,55,19527,33729
2023-12-12 13:40:52,53,56,19527,33729
2023-12-12 13:40:59,54,56,19527,33729
2023-12-12 13:41:03,54,56,19727,34129
2023-12-12 13:41:04,54,57,19727,34129
2023-12-12 13:41:08,55,57,19727,34129
2023-12-12 13:41:10,55,57,20127,34529
2023-12-12 13:41:11,55,58,20127,34529
2023-12-12 13:41:21,55,58,20280,34682
2023-12-12 13:41:22,54,58,20280,34682
2023-12-12 13:41:22,54,57,20280,34682
2023-12-12 13:41:35,55,57,20280,34682
2023-12-12 13:41:39,55,58,20280,34682
2023-12-12 13:41:54,55,59,20280,34682
2023-12-12 13:41:54,56,59,20280,34682
2023-12-12 13:41:59,56,58,20280,34682
2023-12-12 13:42:02,55,58,20280,34682
2023-12-12 13:42:03,56,58,20280,34682
2023-12-12 13:42:05,56,57,20280,34682
2023-12-12 13:42:05,55,57,20280,34802
2023-12-12 13:42:05,56,57,20280,34802
2023-12-12 13:42:06,55,57,20280,34802
2023-12-12 13:42:10,55,58,20280,34802
2023-12-12 13:42:24,55,57,20280,34802
2023-12-12 13:42:25,55,58,20280,34802
2023-12-12 13:42:28,55,57,20280,34802
2023-12-12 13:42:42,55,58,20280,34802
2023-12-12 13:42:44,55,57,20280,34802
2023-12-12 13:42:50,55,58,20280,34802
2023-12-12 13:42:50,55,57,20280,34802
2023-12-12 13:42:53,55,58,20280,34802
2023-12-12 13:42:56,55,59,20280,34802
2023-12-12 13:43:02,55,58,20280,34802
2023-12-12 13:43:18,56,58,20280,34802
2023-12-12 13:43:19,56,57,20280,34802
2023-12-12 13:43:20,55,57,20280,34802
2023-12-12 13:43:21,55,58,20280,34802
2023-12-12 13:43:26,56,59,20280,34802
2023-12-12 13:43:26,56,58,20280,34802
2023-12-12 13:43:27,56,59,20280,34802
2023-12-12 13:43:41,56,58,20280,34802
2023-12-12 13:43:44,56,59,20280,34802
2023-12-12 13:43:45,57,59,20280,34802
2023-12-12 13:43:52,56,59,20280,34802
2023-12-12 13:43:56,56,58,20280,34802
2023-12-12 13:44:02,56,57,20280,34802
2023-12-12 13:44:03,55,57,20280,34802
2023-12-12 13:44:03,54,57,20280,34802
2023-12-12 13:44:03,55,57,20280,34802
2023-12-12 13:44:10,55,56,20280,34802
2023-12-12 13:44:19,54,56,20280,34802
2023-12-12 13:44:35,54,55,20280,34802
2023-12-12 13:44:38,54,56,20280,34802
2023-12-12 13:44:49,55,56,20280,34802
2023-12-12 13:44:53,55,56,20280,35202
2023-12-12 13:44:56,55,56,20280,35602
2023-12-12 13:45:05,54,56,20280,35602
2023-12-12 13:45:06,55,56,20280,35602
2023-12-12 13:45:09,54,56,20280,35602
2023-12-12 13:45:15,55,56,20280,35602
2023-12-12 13:45:19,55,56,19880,36002
2023-12-12 13:45:20,54,56,19880,36002
2023-12-12 13:45:20,54,55,19880,36002
2023-12-12 13:45:20,53,55,19880,36002
2023-12-12 13:45:20,54,55,19880,36002
2023-12-12 13:45:21,53,55,19880,36002
2023-12-12 13:45:43,53,54,19880,36002
2023-12-12 13:45:46,53,54,19880,36402
2023-12-12 13:45:51,53,55,19880,36602
2023-12-12 13:46:01,52,55,19880,36602
2023-12-12 13:46:05,52,54,19880,36602
2023-12-12 13:46:10,52,53,19880,36602
2023-12-12 13:46:11,51,53,19880,36602
2023-12-12 13:46:15,51,52,19880,36602
2023-12-12 13:46:15,50,52,19680,36802
2023-12-12 13:46:28,50,53,19680,37002
2023-12-12 13:46:34,49,53,19680,37002
2023-12-12 13:46:38,49,52,19680,37002
2023-12-12 13:46:49,49,53,19680,37002
2023-12-12 13:46:49,50,53,19680,37002
2023-12-12 13:46:50,50,54,19680,37002
2023-12-12 13:46:51,51,54,19680,37002
2023-12-12 13:46:58,51,53,19680,37002
2023-12-12 13:47:01,50,53,19680,37002
2023-12-12 13:47:05,49,52,19680,37002
2023-12-12 13:47:08,48,52,19680,37002
2023-12-12 13:47:13,48,51,19680,37002
2023-12-12 13:47:31,48,52,19680,37002
2023-12-12 13:47:32,49,52,19680,37002
2023-12-12 13:47:38,49,53,19680,37202
2023-12-12 13:48:13,50,53,19680,37202
2023-12-12 13:48:17,50,54,19680,37202
2023-12-12 13:48:22,50,53,19680,37202
2023-12-12 13:48:23,49,53,19680,37202
2023-12-12 13:48:34,49,52,19680,37202
2023-12-12 13:48:34,48,52,19680,37202
2023-12-12 13:48:43,48,50,19680,37202
2023-12-12 13:48:44,47,50,19680,37202
2023-12-12 13:48:46,47,49,19680,37202
2023-12-12 13:48:48,47,50,19680,37202
2023-12-12 13:48:56,47,49,19680,37202
2023-12-12 13:48:59,46,49,19680,37202
2023-12-12 13:49:04,46,48,19680,37202
2023-12-12 13:49:04,46,48,19680,37602
2023-12-12 13:49:05,45,48,19680,37602
2023-12-12 13:49:08,45,48,19680,38002
2023-12-12 13:49:11,45,47,19680,38002
2023-12-12 13:49:12,45,48,19680,38002
2023-12-12 13:49:14,44,48,19680,38102
2023-12-12 13:49:21,44,47,19680,38102
2023-12-12 13:49:31,43,47,19680,38102
2023-12-12 13:49:33,44,47,19680,38102
2023-12-12 13:49:36,43,47,19680,38102
2023-12-12 13:50:18,42,47,19680,38102
2023-12-12 13:50:20,42,46,19680,38102
2023-12-12 13:50:21,43,45,19680,38102
2023-12-12 13:50:21,43,44,19680,38102
2023-12-12 13:50:22,42,44,19680,38102
2023-12-12 13:50:23,42,46,19680,38277
2023-12-12 13:50:23,42,45,19680,38277
2023-12-12 13:50:24,42,44,19680,38277
2023-12-12 13:50:24,42,46,19680,38277
2023-12-12 13:50:24,42,45,19680,38277
2023-12-12 13:50:30,41,45,19680,38277
2023-12-12 13:50:36,41,42,19680,38277
2023-12-12 13:50:36,41,42,19680,38608
2023-12-12 13:50:36,41,42,19680,39008
2023-12-12 13:50:37,41,42,19680,39408
2023-12-12 13:50:41,41,42,19680,39808
2023-12-12 13:50:42,40,42,19680,39808
2023-12-12 13:50:42,41,42,19680,39808
2023-12-12 13:50:43,41,42,19680,40208
2023-12-12 13:50:45,40,42,19680,40208
2023-12-12 13:50:48,40,43,19680,40477
2023-12-12 13:50:48,40,44,19680,40477
2023-12-12 13:50:49,40,43,19680,40477
2023-12-12 13:50:50,38,43,19680,40477
2023-12-12 13:50:51,38,42,19680,40477
2023-12-12 13:50:54,37,42,19680,40477
2023-12-12 13:51:04,37,43,19680,40677
2023-12-12 13:51:05,39,43,19680,40677
2023-12-12 13:51:07,39,43,19680,41077
2023-12-12 13:51:07,40,43,19680,41077
2023-12-12 13:51:07,40,44,19680,41077
2023-12-12 13:51:07,40,43,19680,41077
2023-12-12 13:51:07,40,44,19680,41077
2023-12-12 13:51:08,40,44,19680,41477
2023-12-12 13:51:09,40,45,19680,41677
2023-12-12 13:51:10,42,45,19680,41677
2023-12-12 13:51:13,40,45,19680,41677
2023-12-12 13:51:13,40,44,19680,41677
2023-12-12 13:51:15,41,44,19680,41677
2023-12-12 13:51:17,40,44,19680,41677
2023-12-12 13:51:18,42,44,19680,41677
2023-12-12 13:51:18,42,45,19680,41677
2023-12-12 13:51:26,42,44,19680,41677
2023-12-12 13:51:28,40,44,19680,41677
2023-12-12 13:51:34,40,43,19680,41677
2023-12-12 13:51:35,39,43,19680,41677
2023-12-12 13:51:51,39,42,19680,41677
2023-12-12 13:51:51,39,41,19680,41677
2023-12-12 13:51:52,39,43,19680,41677
2023-12-12 13:51:52,39,41,19680,41677
2023-12-12 13:51:53,40,41,19680,41677
2023-12-12 13:51:56,40,43,19680,41677
2023-12-12 13:51:56,40,42,19680,41677
2023-12-12 13:51:56,40,43,19680,41677
2023-12-12 13:51:56,40,42,19680,41677
2023-12-12 13:51:59,39,42,19680,41677
2023-12-12 13:52:02,40,42,19680,41677
2023-12-12 13:52:09,39,42,19680,41677
2023-12-12 13:52:19,37,42,19680,41677
2023-12-12 13:52:24,37,41,19680,41677
2023-12-12 13:52:28,37,40,19680,41677
2023-12-12 13:52:28,36,40,19680,41677
2023-12-12 13:52:32,37,40,19680,41677
2023-12-12 13:52:33,36,40,19680,41677
2023-12-12 13:52:35,38,40,19680,41677
2023-12-12 13:52:35,38,41,19680,41677
2023-12-12 13:52:40,36,41,19680,41677
2023-12-12 13:52:40,36,40,19680,41677
2023-12-12 13:52:44,37,40,19680,41677
2023-12-12 13:52:44,36,40,19680,41677
2023-12-12 13:52:57,36,39,19680,41677
2023-12-12 13:52:57,37,39,19680,41677
2023-12-12 13:53:09,37,40,19680,41677
2023-12-12 13:53:13,38,40,19680,41677
2023-12-12 13:53:13,38,41,19680,41677
2023-12-12 13:53:24,36,41,19680,41877
2023-12-12 13:53:25,37,41,19680,41877
2023-12-12 13:53:25,37,40,19680,41877
2023-12-12 13:53:27,36,40,19680,41877
2023-12-12 13:53:27,35,40,19680,41877
2023-12-12 13:53:32,36,40,19680,41877
2023-12-12 13:53:33,35,40,19680,41877
2023-12-12 13:53:36,36,40,19680,41877
2023-12-12 13:53:38,37,40,19680,41877
2023-12-12 13:53:41,37,41,19680,41877
2023-12-12 13:53:42,37,42,19680,41877
2023-12-12 13:53:45,38,42,19680,41877
2023-12-12 13:53:45,38,43,19680,41877
2023-12-12 13:53:48,39,43,19680,41877
2023-12-12 13:53:49,39,44,19680,41877
2023-12-12 13:53:56,39,43,19680,41877
2023-12-12 13:53:59,39,44,19680,41877
2023-12-12 13:54:03,39,43,19680,41877
2023-12-12 13:54:03,38,43,19680,41877
2023-12-12 13:54:04,39,43,19680,41877
2023-12-12 13:54:04,39,42,19680,41877
2023-12-12 13:54:05,39,43,19680,41877
2023-12-12 13:54:05,39,42,19680,41877
2023-12-12 13:54:06,38,42,19680,41877
2023-12-12 13:54:06,40,42,19680,41877
2023-12-12 13:54:08,40,43,19680,41877
2023-12-12 13:54:23,40,42,19680,41877
2023-12-12 13:54:32,41,42,19680,41877
2023-12-12 13:54:32,41,43,19680,41877
2023-12-12 13:54:34,40,43,19680,41877
2023-12-12 13:54:38,38,43,19680,42377
2023-12-12 13:54:38,38,42,19680,42377
2023-12-12 13:54:42,38,41,19680,42377
2023-12-12 13:54:42,37,41,19680,42377
2023-12-12 13:55:12,39,41,19680,42377
2023-12-12 13:55:12,39,43,19680,42377
2023-12-12 13:55:13,39,44,19680,42377
2023-12-12 13:55:21,39,43,19680,42377
2023-12-12 13:55:32,40,43,19680,42377
2023-12-12 13:55:35,40,44,19680,42377
2023-12-12 13:55:36,39,44,19680,42377
2023-12-12 13:55:36,40,44,19680,42377
2023-12-12 13:55:37,39,44,19680,42377
2023-12-12 13:55:39,40,44,19680,42377
2023-12-12 13:55:51,41,44,19680,42377
2023-12-12 13:55:52,41,43,19680,42377
2023-12-12 13:55:57,41,44,19680,42377
2023-12-12 13:55:57,40,44,19680,42377
2023-12-12 13:55:57,39,44,19680,42377
2023-12-12 13:55:57,39,43,19680,42377
2023-12-12 13:55:57,40,43,19680,42377
2023-12-12 13:55:57,41,43,19680,42377
2023-12-12 13:56:11,41,44,19680,42377
2023-12-12 13:56:12,40,44,19680,42377
2023-12-12 13:56:19,41,44,19680,42377
2023-12-12 13:56:19,41,45,19680,42377
2023-12-12 13:56:22,40,45,19680,42377
2023-12-12 13:56:24,41,45,19680,42377
2023-12-12 13:56:25,40,45,19680,42377
2023-12-12 13:56:31,41,45,19680,42377
2023-12-12 13:56:36,41,46,19680,42377
2023-12-12 13:56:41,41,47,19680,42377
2023-12-12 13:56:41,42,47,19680,42377
2023-12-12 13:56:42,42,48,19680,42377
2023-12-12 13:56:42,43,48,19680,42377
2023-12-12 13:56:44,42,48,19680,42377
2023-12-12 13:56:46,42,47,19680,42377
2023-12-12 13:56:53,41,47,19680,42377
2023-12-12 13:56:55,42,47,19680,42377
2023-12-12 13:56:58,41,47,19680,42377
2023-12-12 13:56:59,41,46,19680,42377
2023-12-12 13:57:03,41,45,19680,42377
2023-12-12 13:57:05,42,45,19680,42377
2023-12-12 13:57:05,42,47,19680,42377
2023-12-12 13:57:05,42,46,19680,42377
2023-12-12 13:57:14,42,47,19680,42377
2023-12-12 13:57:20,42,48,19680,42377
2023-12-12 13:57:21,42,47,19680,42377
2023-12-12 13:57:22,42,46,19680,42377
2023-12-12 13:57:32,43,46,19680,42377
2023-12-12 13:57:33,42,46,19680,42377
2023-12-12 13:57:35,42,47,19680,42377
2023-12-12 13:57:35,42,45,19680,42377
2023-12-12 13:57:36,41,45,19680,42377
2023-12-12 13:57:37,42,45,19680,42377
2023-12-12 13:57:38,42,47,19680,42377
2023-12-12 13:57:38,42,48,19680,42377
2023-12-12 13:57:38,42,46,19680,42377
2023-12-12 13:57:48,41,46,19680,42377
2023-12-12 13:57:48,41,45,19680,42377
2023-12-12 13:57:51,41,46,19680,42377
2023-12-12 13:57:51,41,44,19680,42377
2023-12-12 13:57:52,40,44,19680,42377
2023-12-12 13:57:53,41,44,19680,42377
2023-12-12 13:57:54,41,45,19680,42377
2023-12-12 13:57:54,40,45,19680,42377
2023-12-12 13:57:54,40,43,19680,42377
2023-12-12 13:57:59,39,43,19680,42377
2023-12-12 13:57:59,39,44,19680,42377
2023-12-12 13:57:59,39,42,19680,42377
2023-12-12 13:58:05,39,43,19680,42377
2023-12-12 13:58:05,39,41,19680,42377
2023-12-12 13:58:08,37,41,19680,42577
2023-12-12 13:58:19,37,42,19680,42577
2023-12-12 13:58:19,37,40,19680,42577
2023-12-12 13:58:20,38,40,19680,42577
2023-12-12 13:58:20,37,40,19680,42577
2023-12-12 13:58:20,38,40,19680,42577
2023-12-12 13:58:23,38,42,19680,42577
2023-12-12 13:58:23,38,41,19680,42577
2023-12-12 13:58:23,37,41,19680,42577
2023-12-12 13:58:23,39,41,19680,42577
2023-12-12 13:58:28,37,41,19680,42911
2023-12-12 13:58:31,37,40,19680,42911
2023-12-12 13:59:01,37,41,19680,42911
2023-12-12 13:59:01,37,40,19680,42911
2023-12-12 13:59:01,36,39,19680,42911
2023-12-12 13:59:09,36,40,19680,42911
2023-12-12 13:59:09,36,39,19680,42911
2023-12-12 13:59:09,36,38,19680,42911
2023-12-12 13:59:09,35,38,19680,42911
2023-12-12 13:59:13,35,40,19680,42911
2023-12-12 13:59:13,35,39,19680,42911
2023-12-12 13:59:21,35,39,19680,43311
2023-12-12 13:59:23,35,40,19680,43311
2023-12-12 13:59:23,36,40,19680,43311
2023-12-12 13:59:30,36,41,19680,43311
2023-12-12 13:59:42,37,41,19680,43311
2023-12-12 13:59:57,36,41,19680,43311
2023-12-12 14:00:03,37,41,19680,43311
2023-12-12 14:00:10,37,41,19680,43711
2023-12-12 14:00:11,38,41,19680,43711
2023-12-12 14:00:12,38,42,19800,44056
2023-12-12 14:00:12,38,41,19800,44056
2023-12-12 14:00:12,38,42,19800,44056
2023-12-12 14:00:12,38,41,19800,44056
2023-12-12 14:00:14,37,41,19800,44056
2023-12-12 14:00:20,38,41,19800,44056
2023-12-12 14:00:20,38,42,19800,44056
2023-12-12 14:00:21,37,42,19800,44056
2023-12-12 14:00:25,37,41,19800,44056
2023-12-12 14:00:33,38,41,19800,44056
2023-12-12 14:00:35,38,42,19931,44187
2023-12-12 14:00:35,38,43,19931,44187
2023-12-12 14:00:35,38,42,19931,44187
2023-12-12 14:00:37,38,42,20050,44587
2023-12-12 14:00:37,38,44,20050,44587
2023-12-12 14:00:37,38,43,20050,44587
2023-12-12 14:00:37,39,43,20050,44587
2023-12-12 14:00:39,40,42,20050,44587
2023-12-12 14:00:39,40,43,20050,44587
2023-12-12 14:00:40,40,42,20050,44587
2023-12-12 14:00:58,40,43,20236,44886
2023-12-12 14:00:58,40,42,20236,44886
2023-12-12 14:01:01,40,44,20497,45147
2023-12-12 14:01:01,40,43,20497,45147
2023-12-12 14:01:01,40,42,20497,45147
2023-12-12 14:01:02,41,42,20497,45147
2023-12-12 14:01:03,41,42,20588,45347
2023-12-12 14:01:03,41,43,20588,45347
2023-12-12 14:01:03,41,45,20588,45347
2023-12-12 14:01:03,41,46,20588,45347
2023-12-12 14:01:04,40,46,20588,45347
2023-12-12 14:01:04,40,45,20588,45347
2023-12-12 14:01:10,41,45,20588,45347
2023-12-12 14:01:12,40,45,20588,45347
2023-12-12 14:01:18,41,45,20588,45347
2023-12-12 14:01:22,41,46,20588,45347
2023-12-12 14:01:31,42,46,20588,45347
2023-12-12 14:01:44,42,49,20588,45347
2023-12-12 14:01:44,42,48,20588,45347
2023-12-12 14:01:47,41,48,20588,45347
2023-12-12 14:01:47,41,46,20588,45347
2023-12-12 14:02:00,40,46,20588,45347
2023-12-12 14:02:00,40,45,20588,45347
2023-12-12 14:02:03,41,45,20588,45347
2023-12-12 14:02:03,42,45,20588,45347
2023-12-12 14:02:07,40,45,20588,45347
2023-12-12 14:02:07,41,45,20588,45347
2023-12-12 14:02:08,40,45,20588,45347
2023-12-12 14:02:14,40,44,20588,45347
2023-12-12 14:02:16,39,44,20588,45347
2023-12-12 14:02:22,37,44,20588,45347
2023-12-12 14:02:22,37,43,20588,45347
2023-12-12 14:02:29,38,43,20588,45347
2023-12-12 14:02:31,37,43,20588,45347
2023-12-12 14:02:34,38,43,20588,45347
2023-12-12 14:02:35,38,41,20588,45347
2023-12-12 14:02:35,36,41,20588,45347
2023-12-12 14:02:42,36,40,20588,45347
2023-12-12 14:02:43,36,41,20588,45347
2023-12-12 14:02:44,36,40,20588,45347
2023-12-12 14:02:45,35,40,20588,45347
2023-12-12 14:02:48,35,41,20588,45347
2023-12-12 14:02:48,36,41,20588,45347
2023-12-12 14:02:49,37,41,20588,45347
2023-12-12 14:02:52,37,44,20588,45547
2023-12-12 14:02:52,37,43,20588,45547
2023-12-12 14:02:53,39,43,20588,45547
2023-12-12 14:02:53,39,44,20588,45547
2023-12-12 14:03:06,40,44,20588,45547
2023-12-12 14:03:12,41,44,20588,45547
2023-12-12 14:03:12,41,43,20588,45547
2023-12-12 14:03:21,40,43,20588,45547
2023-12-12 14:03:21,39,43,20588,45547
2023-12-12 14:03:32,39,44,20588,45547
2023-12-12 14:03:37,40,44,20588,45547
2023-12-12 14:03:37,40,43,20588,45547
2023-12-12 14:03:38,40,42,20588,45547
2023-12-12 14:03:42,39,42,20588,45547
2023-12-12 14:03:44,40,42,20588,45547
2023-12-12 14:03:45,39,42,20588,45547
2023-12-12 14:03:46,40,42,20588,45547
2023-12-12 14:03:55,40,44,20588,45547
2023-12-12 14:03:55,40,43,20588,45547
2023-12-12 14:03:55,40,44,20588,45547
2023-12-12 14:03:59,39,44,20588,45547
2023-12-12 14:04:03,39,43,20588,45547
2023-12-12 14:04:03,39,44,20588,45547
2023-12-12 14:04:03,39,43,20588,45547
2023-12-12 14:04:03,39,44,20588,45547
2023-12-12 14:04:04,39,43,20588,45547
2023-12-12 14:04:07,37,43,20588,45547
2023-12-12 14:04:07,37,43,20588,46047
2023-12-12 14:04:07,37,42,20588,46047
2023-12-12 14:04:07,36,42,20588,46047
2023-12-12 14:04:08,36,41,20588,46047
2023-12-12 14:04:14,36,42,20788,46247
2023-12-12 14:04:15,38,42,20788,46247
2023-12-12 14:04:18,39,42,20788,46247
2023-12-12 14:04:19,38,42,20788,46247
2023-12-12 14:04:19,39,42,20788,46247
2023-12-12 14:04:21,40,42,20788,46247
2023-12-12 14:04:22,40,41,20788,46247
2023-12-12 14:04:24,40,42,20891,46487
2023-12-12 14:04:28,39,42,20891,46487
2023-12-12 14:04:28,39,43,20891,46487
2023-12-12 14:04:44,40,43,20891,46487
2023-12-12 14:04:48,40,44,20891,46487
2023-12-12 14:04:49,39,44,20891,46487
2023-12-12 14:04:49,40,44,20891,46487
2023-12-12 14:05:05,40,45,20891,46487
2023-12-12 14:05:10,42,45,20891,46487
2023-12-12 14:05:10,42,46,20891,46487
2023-12-12 14:05:13,42,48,20891,46487
2023-12-12 14:05:13,42,47,20891,46487
2023-12-12 14:05:14,42,46,20891,46487
2023-12-12 14:05:26,42,47,20891,46487
2023-12-12 14:05:27,43,47,20891,46487
2023-12-12 14:05:36,42,47,20891,46487
2023-12-12 14:05:36,42,46,20891,46487
2023-12-12 14:05:45,42,45,20891,46487
2023-12-12 14:06:01,42,46,20891,46487
2023-12-12 14:06:04,41,46,21091,46687
2023-12-12 14:06:04,40,46,21091,46687
2023-12-12 14:06:04,40,45,21091,46687
2023-12-12 14:06:05,40,44,21091,46687
2023-12-12 14:06:07,40,43,21091,46687
2023-12-12 14:06:11,40,44,21291,47087
2023-12-12 14:06:12,41,44,21291,47087
2023-12-12 14:06:12,41,45,21291,47087
2023-12-12 14:06:40,41,44,21291,47087
2023-12-12 14:06:47,39,44,21291,47087
2023-12-12 14:06:47,39,43,21291,47087
2023-12-12 14:06:51,39,42,21291,47087
2023-12-12 14:06:55,38,42,21291,47087
2023-12-12 14:06:56,39,42,21291,47087
2023-12-12 14:06:58,39,43,21291,47087
2023-12-12 14:07:04,39,42,21291,47087
2023-12-12 14:07:07,40,42,21291,47087
2023-12-12 14:07:10,40,43,21291,47087
2023-12-12 14:07:11,40,42,21291,47087
2023-12-12 14:07:11,39,42,21291,47087
2023-12-12 14:07:14,38,42,21291,47087
2023-12-12 14:07:18,38,41,21291,47087
2023-12-12 14:07:28,38,42,21291,47087
2023-12-12 14:07:30,38,41,21291,47087
2023-12-12 14:07:31,38,40,21291,47087
2023-12-12 14:07:32,36,40,21291,47087
2023-12-12 14:07:40,37,40,21291,47087
2023-12-12 14:07:40,37,41,21291,47087
2023-12-12 14:07:41,37,40,21291,47087
2023-12-12 14:07:42,37,42,21291,47087
2023-12-12 14:07:42,37,41,21291,47087
2023-12-12 14:07:49,37,42,21291,47087
2023-12-12 14:07:52,39,42,21291,47087
2023-12-12 14:07:54,39,43,21291,47087
2023-12-12 14:07:59,38,43,21291,47087
2023-12-12 14:07:59,38,42,21291,47087
2023-12-12 14:07:59,37,42,21291,47087
2023-12-12 14:08:00,38,42,21291,47087
2023-12-12 14:08:05,37,42,21291,47087
2023-12-12 14:08:05,38,42,21291,47087
2023-12-12 14:08:06,38,41,21291,47087
2023-12-12 14:08:07,37,41,21291,47087
2023-12-12 14:08:11,37,41,21391,47487
2023-12-12 14:08:11,37,42,21391,47487
2023-12-12 14:08:12,38,42,21391,47487
2023-12-12 14:08:15,39,42,21391,47487
2023-12-12 14:08:17,39,43,21391,47487
2023-12-12 14:08:28,39,44,21391,47487
2023-12-12 14:08:29,39,43,21391,47487
2023-12-12 14:08:29,39,42,21391,47487
2023-12-12 14:08:43,40,42,21391,47487
2023-12-12 14:08:43,38,42,21391,47487
2023-12-12 14:08:43,39,42,21391,47487
2023-12-12 14:08:46,38,42,21391,47487
2023-12-12 14:08:46,40,42,21391,47487
2023-12-12 14:08:46,40,41,21391,47487
2023-12-12 14:08:46,40,42,21391,47487
2023-12-12 14:08:51,38,42,21391,47487
2023-12-12 14:08:51,39,41,21391,47487
2023-12-12 14:08:53,39,42,21391,47487
2023-12-12 14:09:01,37,42,21391,47487
2023-12-12 14:09:01,39,42,21391,47487
2023-12-12 14:09:13,40,42,21391,47487
2023-12-12 14:09:17,39,42,21391,47487
2023-12-12 14:09:19,37,42,21391,47487
2023-12-12 14:09:19,38,42,21391,47487
2023-12-12 14:09:24,38,41,21391,47487
2023-12-12 14:09:24,36,41,21391,47487
2023-12-12 14:09:26,36,42,21391,47487
2023-12-12 14:09:33,37,42,21391,47487
2023-12-12 14:09:36,37,41,21391,47487
2023-12-12 14:09:36,37,40,21391,47487
2023-12-12 14:09:40,39,40,21391,47487
2023-12-12 14:09:41,37,40,21391,47487
2023-12-12 14:09:44,37,41,21391,47487
2023-12-12 14:09:45,36,41,21391,47487
2023-12-12 14:09:46,36,40,21391,47487
2023-12-12 14:09:46,36,39,21391,47487
2023-12-12 14:09:46,35,39,21391,47487
2023-12-12 14:09:47,35,40,21391,47487
2023-12-12 14:09:57,36,40,21391,47487
2023-12-12 14:10:07,36,41,21391,47487
2023-12-12 14:10:09,37,41,21391,47487
2023-12-12 14:10:09,36,41,21391,47487
2023-12-12 14:10:10,37,41,21391,47487
2023-12-12 14:10:10,36,41,21391,47487
2023-12-12 14:10:11,36,42,21391,47487
2023-12-12 14:10:13,37,42,21391,47487
2023-12-12 14:10:17,37,43,21391,47487
2023-12-12 14:10:19,38,43,21391,47487
2023-12-12 14:10:20,37,43,21391,47487
2023-12-12 14:10:31,39,43,21391,47487
2023-12-12 14:10:33,40,43,21391,47487
2023-12-12 14:10:33,39,43,21391,47487
2023-12-12 14:10:34,40,43,21391,47487
2023-12-12 14:10:34,39,43,21391,47487
2023-12-12 14:10:35,40,43,21391,47487
2023-12-12 14:10:45,39,43,21391,47487
2023-12-12 14:10:52,39,42,21391,47487
2023-12-12 14:10:52,39,41,21391,47487
2023-12-12 14:10:54,37,41,21391,47487
2023-12-12 14:10:54,37,43,21391,47487
2023-12-12 14:10:54,37,42,21391,47487
2023-12-12 14:10:54,39,42,21391,47487
2023-12-12 14:11:00,38,42,21391,47487
2023-12-12 14:11:00,37,42,21391,47487
2023-12-12 14:11:00,39,42,21391,47487
2023-12-12 14:11:01,40,42,21391,47487
2023-12-12 14:11:11,39,42,21391,47487
2023-12-12 14:11:11,39,44,21391,47487
2023-12-12 14:11:11,39,43,21391,47487
2023-12-12 14:11:13,40,43,21391,47487
2023-12-12 14:11:13,39,43,21391,47487
2023-12-12 14:11:26,40,43,21391,47487
2023-12-12 14:11:30,40,42,21391,47487
2023-12-12 14:11:30,40,44,21391,47487
2023-12-12 14:11:38,39,43,21391,47487
2023-12-12 14:11:38,40,43,21391,47487
2023-12-12 14:11:39,38,43,21391,47487
2023-12-12 14:11:41,39,43,21391,47487
2023-12-12 14:11:41,39,44,21391,47487
2023-12-12 14:11:45,38,44,21391,47487
2023-12-12 14:11:47,39,44,21391,47487
2023-12-12 14:11:47,40,44,21391,47487
2023-12-12 14:12:00,38,44,21391,47487
2023-12-12 14:12:01,37,44,21391,47487
2023-12-12 14:12:01,39,44,21391,47487
2023-12-12 14:12:05,37,44,21391,47487
2023-12-12 14:12:06,38,44,21391,47487
2023-12-12 14:12:10,37,44,21391,47487
2023-12-12 14:12:11,37,43,21391,47487
2023-12-12 14:12:11,37,42,21391,47487
2023-12-12 14:12:11,39,42,21391,47487
2023-12-12 14:12:12,39,44,21391,47487
2023-12-12 14:12:12,39,43,21391,47487
2023-12-12 14:12:14,40,43,21391,47487
2023-12-12 14:12:30,39,43,21391,47487
2023-12-12 14:12:30,40,43,21391,47487
2023-12-12 14:12:37,40,44,21391,47487
2023-12-12 14:12:37,39,44,21391,47487
2023-12-12 14:12:37,40,44,21391,47487
2023-12-12 14:12:45,39,44,21391,47487
2023-12-12 14:12:47,40,44,21391,47487
2023-12-12 14:12:48,39,44,21391,47487
2023-12-12 14:12:50,40,44,21391,47487
2023-12-12 14:12:59,39,44,21391,47487
2023-12-12 14:12:59,40,44,21391,47487
2023-12-12 14:13:03,40,45,21391,47487
2023-12-12 14:13:05,40,48,21391,47487
2023-12-12 14:13:05,40,47,21391,47487
2023-12-12 14:13:05,41,47,21391,47487
2023-12-12 14:13:14,41,47,21391,47487
2023-12-12 14:13:17,40,47,21391,47487
2023-12-12 14:13:32,41,47,21391,47487
2023-12-12 14:13:46,40,47,21391,47487
2023-12-12 14:13:49,41,47,21391,47487
2023-12-12 14:13:53,40,47,21391,47487
2023-12-12 14:13:56,41,47,21391,47487
2023-12-12 14:14:02,40,47,21391,47487
2023-12-12 14:14:04,40,45,21391,47487
2023-12-12 14:14:25,42,45,21391,47487
2023-12-12 14:14:27,42,48,21391,47487
2023-12-12 14:14:38,40,47,21391,47487
2023-12-12 14:14:47,40,45,21391,47487
2023-12-12 14:14:55,39,45,21391,47487
2023-12-12 14:14:55,39,44,21391,47487
2023-12-12 14:15:00,39,45,21391,47487
2023-12-12 14:15:01,39,44,21391,47487
2023-12-12 14:15:04,40,44,21391,47487
2023-12-12 14:15:05,40,45,21391,47487
2023-12-12 14:15:24,39,45,21391,47487
2023-12-12 14:15:25,40,45,21391,47487
2023-12-12 14:15:29,40,44,21391,47487
2023-12-12 14:15:46,40,45,21391,47487
2023-12-12 14:15:46,39,45,21391,47487
2023-12-12 14:15:46,40,45,21391,47487
2023-12-12 14:15:53,39,45,21391,47487
2023-12-12 14:15:53,40,45,21391,47487
2023-12-12 14:16:13,40,44,21391,47487
2023-12-12 14:16:14,39,44,21391,47487
2023-12-12 14:16:17,37,44,21391,47487
2023-12-12 14:16:18,37,43,21391,47487
2023-12-12 14:16:20,39,43,21391,47487
2023-12-12 14:16:20,39,44,21391,47487
2023-12-12 14:16:21,37,44,21391,47487
2023-12-12 14:16:24,37,43,21391,47487
2023-12-12 14:16:31,39,43,21391,47487
2023-12-12 14:16:32,39,44,21391,47487
2023-12-12 14:16:33,39,43,21391,47487
2023-12-12 14:16:39,39,44,21391,47487
2023-12-12 14:16:39,40,44,21391,47487
2023-12-12 14:16:41,39,44,21391,47487
2023-12-12 14:16:42,39,45,21391,47487
2023-12-12 14:16:43,40,45,21391,47487
2023-12-12 14:16:49,41,45,21391,47487
2023-12-12 14:16:51,41,48,21391,47487
2023-12-12 14:16:51,41,47,21391,47487
2023-12-12 14:16:51,41,48,21391,47487
2023-12-12 14:16:55,41,47,21391,47487
2023-12-12 14:16:57,40,47,21391,47487
2023-12-12 14:16:57,40,46,21391,47487
2023-12-12 14:16:59,41,46,21391,47487
2023-12-12 14:16:59,41,48,21391,47487
2023-12-12 14:16:59,42,48,21391,47487
2023-12-12 14:17:02,40,48,21391,47487
2023-12-12 14:17:02,40,46,21391,47487
2023-12-12 14:17:10,39,46,21391,47487
2023-12-12 14:17:10,39,45,21391,47487
2023-12-12 14:17:16,39,44,21391,47487
2023-12-12 14:17:29,39,43,21391,47487
2023-12-12 14:17:31,40,43,21391,47487
2023-12-12 14:17:35,39,43,21391,47649
2023-12-12 14:17:40,38,43,21391,47649
2023-12-12 14:17:40,37,43,21391,47649
2023-12-12 14:17:40,39,43,21391,47649
2023-12-12 14:17:40,40,43,21391,47649
2023-12-12 14:17:53,39,43,21391,47649
2023-12-12 14:17:53,40,43,21391,47649
2023-12-12 14:17:56,39,43,21391,47649
2023-12-12 14:17:56,40,43,21391,47649
2023-12-12 14:17:59,39,43,21391,47649
2023-12-12 14:17:59,40,43,21391,47649
2023-12-12 14:18:00,39,43,21391,47649
2023-12-12 14:18:01,39,42,21391,47649
2023-12-12 14:18:01,38,42,21391,47649
2023-12-12 14:18:01,37,42,21391,47649
2023-12-12 14:18:03,36,42,21391,47649
2023-12-12 14:18:04,37,42,21391,47649
2023-12-12 14:18:15,38,42,21391,47649
2023-12-12 14:18:15,39,42,21391,47649
2023-12-12 14:18:18,40,42,21391,47649
2023-12-12 14:18:19,39,42,21391,47805
2023-12-12 14:18:23,40,42,21391,47805
2023-12-12 14:18:24,40,43,21391,47805
2023-12-12 14:18:32,39,43,21391,47805
2023-12-12 14:18:32,40,43,21391,47805
2023-12-12 14:18:34,38,43,21391,47805
2023-12-12 14:18:35,39,43,21391,47805
2023-12-12 14:18:39,39,45,21391,47805
2023-12-12 14:18:40,40,45,21391,47805
2023-12-12 14:18:45,39,45,21391,47805
2023-12-12 14:18:48,39,44,21391,47805
2023-12-12 14:19:00,37,44,21391,47805
2023-12-12 14:19:00,37,42,21391,47805
2023-12-12 14:19:14,38,42,21391,47805
2023-12-12 14:19:14,37,42,21391,47805
2023-12-12 14:19:15,38,42,21391,47805
2023-12-12 14:19:15,38,41,21391,47805
2023-12-12 14:19:15,37,41,21391,47805
2023-12-12 14:19:21,37,42,21512,48126
2023-12-12 14:19:31,38,42,21512,48126
2023-12-12 14:19:34,37,42,21512,48126
2023-12-12 14:19:38,38,42,21512,48126
2023-12-12 14:19:38,39,42,21512,48126
2023-12-12 14:19:45,39,41,21512,48126
2023-12-12 14:19:48,40,41,21512,48126
2023-12-12 14:19:48,40,42,21512,48126
2023-12-12 14:19:54,40,43,21512,48126
2023-12-12 14:19:54,41,43,21512,48126
2023-12-12 14:19:55,41,45,21512,48126
2023-12-12 14:19:55,41,44,21512,48126
2023-12-12 14:19:56,41,45,21512,48126
2023-12-12 14:19:57,41,44,21512,48126
2023-12-12 14:20:00,39,44,21512,48129
2023-12-12 14:20:19,39,43,21512,48129
2023-12-12 14:20:19,39,42,21512,48129
2023-12-12 14:20:19,40,42,21512,48129
2023-12-12 14:20:22,40,44,21512,48129
2023-12-12 14:20:22,39,44,21512,48129
2023-12-12 14:20:22,40,44,21512,48129
2023-12-12 14:20:22,40,42,21512,48129
2023-12-12 14:20:23,40,44,21512,48129
2023-12-12 14:20:23,39,44,21512,48129
2023-12-12 14:20:23,39,42,21512,48129
2023-12-12 14:20:25,40,42,21512,48129
2023-12-12 14:20:33,40,41,21512,48129
2023-12-12 14:20:33,39,41,21512,48129
2023-12-12 14:20:36,39,42,21512,48129
2023-12-12 14:20:41,39,40,21512,48129
2023-12-12 14:20:42,35,40,21512,48132
2023-12-12 14:20:47,35,39,21512,48132
2023-12-12 14:20:54,35,40,21512,48132
2023-12-12 14:20:55,35,39,21512,48132
2023-12-12 14:20:56,35,40,21512,48132
2023-12-12 14:21:05,35,39,21512,48132
2023-12-12 14:21:06,35,40,21512,48132
2023-12-12 14:21:07,35,39,21512,48132
2023-12-12 14:21:08,35,40,21512,48132
2023-12-12 14:21:13,36,40,21512,48132
2023-12-12 14:21:19,35,40,21512,48132
2023-12-12 14:21:19,36,40,21512,48132
2023-12-12 14:21:31,35,40,21512,48132
2023-12-12 14:21:31,37,40,21512,48132
2023-12-12 14:21:33,37,40,21519,48139
2023-12-12 14:21:44,37,39,21519,48139
2023-12-12 14:21:44,35,39,21519,48139
2023-12-12 14:21:44,36,39,21519,48139
2023-12-12 14:21:47,35,39,21519,48139
2023-12-12 14:21:55,35,40,21519,48139
2023-12-12 14:21:57,36,40,21519,48139
2023-12-12 14:22:10,35,40,21519,48139
2023-12-12 14:22:13,36,40,21519,48139
2023-12-12 14:22:17,36,41,21519,48339
2023-12-12 14:22:18,37,41,21519,48339
2023-12-12 14:22:25,37,42,21519,48339
2023-12-12 14:22:27,37,41,21519,48339
2023-12-12 14:22:35,37,42,21519,48339
2023-12-12 14:22:46,38,42,21519,48339
2023-12-12 14:22:51,37,42,21519,48339
2023-12-12 14:23:11,37,41,21519,48339
2023-12-12 14:23:27,35,41,21519,48339
2023-12-12 14:23:49,36,41,21519,48339
2023-12-12 14:23:59,36,40,21519,48339
2023-12-12 14:24:00,36,41,21519,48339
2023-12-12 14:24:02,36,40,21519,48339
2023-12-12 14:24:12,35,40,21519,48342
2023-12-12 14:24:13,35,40,21519,48442
2023-12-12 14:24:14,35,39,21519,48442
2023-12-12 14:24:32,35,38,21519,48442
2023-12-12 14:24:38,33,38,21519,48445
2023-12-12 14:24:41,32,38,21519,48445
2023-12-12 14:24:53,32,36,21519,48445
2023-12-12 14:25:08,33,36,21519,48445
2023-12-12 14:25:08,33,37,21519,48445
2023-12-12 14:25:13,32,37,21519,48445
2023-12-12 14:25:21,32,36,21519,48445
2023-12-12 14:25:22,32,35,21519,48445
2023-12-12 14:25:24,32,36,21519,48637
2023-12-12 14:25:24,32,35,21519,48637
2023-12-12 14:25:25,32,36,21519,49037
2023-12-12 14:25:26,32,35,21519,49037
2023-12-12 14:25:29,32,36,21519,49171
2023-12-12 14:25:29,32,35,21519,49171
2023-12-12 14:25:30,32,35,21729,49571
2023-12-12 14:25:30,32,36,21729,49571
2023-12-12 14:25:30,32,35,21729,49571
2023-12-12 14:25:30,33,35,21729,49571
2023-12-12 14:25:31,32,35,21729,49571
2023-12-12 14:25:32,33,35,21729,49571
2023-12-12 14:25:36,32,35,21729,49571
2023-12-12 14:25:39,33,35,21729,49571
2023-12-12 14:25:42,32,35,21729,49571
2023-12-12 14:25:42,33,35,21729,49571
2023-12-12 14:25:44,32,35,21729,49571
2023-12-12 14:25:45,33,35,21729,49571
2023-12-12 14:25:46,32,35,21729,49571
2023-12-12 14:25:47,33,35,21729,49571
2023-12-12 14:25:58,32,35,21729,49571
2023-12-12 14:25:58,32,37,21729,49571
2023-12-12 14:25:58,32,36,21729,49571
2023-12-12 14:25:59,32,37,21729,49571
2023-12-12 14:26:00,32,36,21729,49571
2023-12-12 14:26:07,32,37,21729,49571
2023-12-12 14:26:11,32,36,21729,49571
2023-12-12 14:26:20,32,37,21729,49571
2023-12-12 14:26:23,32,36,21729,49571
2023-12-12 14:26:26,32,37,21729,49571
2023-12-12 14:26:29,32,38,21729,49571
2023-12-12 14:26:32,32,37,21729,49571
2023-12-12 14:26:37,32,36,21729,49571
2023-12-12 14:26:38,33,37,21729,49571
2023-12-12 14:26:38,33,36,21729,49571
2023-12-12 14:26:38,33,37,21729,49571
2023-12-12 14:26:42,34,37,21729,49571
2023-12-12 14:26:43,33,37,21729,49571
2023-12-12 14:26:43,34,37,21729,49571
2023-12-12 14:26:44,33,37,21729,49571
2023-12-12 14:26:45,33,38,21729,49571
2023-12-12 14:26:45,33,37,21729,49571
2023-12-12 14:26:46,33,38,21729,49571
2023-12-12 14:26:47,34,38,21729,49571
2023-12-12 14:26:47,34,39,21729,49571
2023-12-12 14:26:48,34,38,21729,49571
2023-12-12 14:26:48,34,39,21729,49571
2023-12-12 14:26:48,34,41,21729,49571
2023-12-12 14:26:48,34,38,21729,49571
2023-12-12 14:26:50,34,41,21729,49571
2023-12-12 14:26:50,34,40,21729,49571
2023-12-12 14:26:51,33,40,21729,49571
2023-12-12 14:26:51,33,39,21729,49571
2023-12-12 14:27:22,34,39,21729,49571
2023-12-12 14:27:25,34,41,21729,49571
2023-12-12 14:27:25,34,40,21729,49571
2023-12-12 14:27:32,33,40,21729,49571
2023-12-12 14:27:42,34,40,21729,49571
2023-12-12 14:27:48,33,40,21729,49571
2023-12-12 14:27:56,34,40,21729,49571
2023-12-12 14:27:59,33,40,21729,49571
2023-12-12 14:28:01,34,40,21729,49571
2023-12-12 14:28:04,33,40,21729,49571
2023-12-12 14:28:06,34,40,21729,49571
2023-12-12 14:28:06,33,40,21729,49571
2023-12-12 14:28:06,35,40,21729,49571
2023-12-12 14:28:06,33,40,21729,49571
2023-12-12 14:28:06,35,40,21729,49571
2023-12-12 14:28:07,33,40,21729,49571
2023-12-12 14:28:10,34,40,21729,49571
2023-12-12 14:28:11,33,40,21729,49571
2023-12-12 14:28:22,34,40,21729,49571
2023-12-12 14:28:24,35,40,21729,49571
2023-12-12 14:28:25,36,40,21729,49571
2023-12-12 14:28:26,35,40,21729,49571
2023-12-12 14:28:29,34,40,21729,49571
2023-12-12 14:28:33,34,41,21729,49571
2023-12-12 14:28:36,36,41,21729,49571
2023-12-12 14:28:58,36,42,21729,49571
2023-12-12 14:29:01,37,42,21729,49571
2023-12-12 14:29:13,36,42,21729,49571
2023-12-12 14:29:15,36,41,21729,49571
2023-12-12 14:29:28,33,41,21729,49571
2023-12-12 14:29:28,34,41,21729,49571
2023-12-12 14:29:28,34,39,21729,49571
2023-12-12 14:29:29,34,40,21729,49571
2023-12-12 14:29:30,34,39,21729,49571
2023-12-12 14:29:30,33,38,21729,49571
2023-12-12 14:29:34,33,39,21729,49571
2023-12-12 14:29:35,33,41,21729,49571
2023-12-12 14:29:35,35,41,21729,49571
2023-12-12 14:29:43,35,41,21858,49700
2023-12-12 14:29:44,34,41,21858,49700
2023-12-12 14:29:44,34,40,21858,49700
2023-12-12 14:29:44,34,38,21858,49700
2023-12-12 14:29:46,33,36,21858,49700
2023-12-12 14:30:01,32,36,21858,49700
2023-12-12 14:30:11,32,35,21858,49700
2023-12-12 14:30:26,31,35,21861,49703
2023-12-12 14:30:27,31,33,21861,49703
2023-12-12 14:30:32,31,32,21861,49703
2023-12-12 14:30:34,31,33,21861,49703
2023-12-12 14:30:41,31,35,21861,49703
2023-12-12 14:30:48,31,36,21861,49703
2023-12-12 14:30:49,31,35,21861,49703
2023-12-12 14:30:50,31,36,21861,49703
2023-12-12 14:30:53,31,35,21861,49703
2023-12-12 14:30:54,31,36,21861,49703
2023-12-12 14:30:55,31,35,21861,49703
2023-12-12 14:30:57,31,36,21861,49703
2023-12-12 14:30:57,31,35,21861,49703
2023-12-12 14:30:57,31,36,21861,49703
2023-12-12 14:31:12,31,35,21861,49703
2023-12-12 14:31:21,31,36,21861,49703
2023-12-12 14:31:37,32,36,21861,49703
2023-12-12 14:31:38,32,35,21861,49703
2023-12-12 14:31:43,32,36,21861,49703
2023-12-12 14:31:43,32,36,21861,49703
2023-12-12 14:31:43,32,35,21861,49703
2023-12-12 14:31:44,31,35,21861,49703
2023-12-12 14:31:54,31,36,21861,49703
2023-12-12 14:32:11,31,35,21861,49703
2023-12-12 14:32:12,31,36,21861,49703
2023-12-12 14:32:19,32,36,21861,49703
2023-12-12 14:32:25,32,37,21861,49703
2023-12-12 14:32:25,32,38,21861,49703
2023-12-12 14:32:26,32,37,21861,49703
2023-12-12 14:32:37,32,38,21861,49703
2023-12-12 14:32:39,33,38,21861,49703
2023-12-12 14:32:40,32,38,21861,49703
2023-12-12 14:32:42,34,38,21861,49703
2023-12-12 14:32:46,34,41,21861,49703
2023-12-12 14:32:46,34,40,21861,49703
2023-12-12 14:32:48,34,41,21861,49703
2023-12-12 14:32:50,34,39,21861,49703
2023-12-12 14:33:12,34,41,21861,49703
2023-12-12 14:33:13,35,41,21861,49703
2023-12-12 14:33:19,34,41,21861,49703
2023-12-12 14:33:20,35,41,21861,49703
2023-12-12 14:33:22,34,41,21861,49703
2023-12-12 14:33:23,34,40,21861,49703
2023-12-12 14:33:24,34,41,21861,49703
2023-12-12 14:33:24,35,41,21861,49703
2023-12-12 14:33:34,34,41,21861,49703
2023-12-12 14:33:35,34,40,21861,49703
2023-12-12 14:33:42,34,41,21861,49703
2023-12-12 14:33:42,34,38,21861,49703
2023-12-12 14:33:44,32,38,21861,49703
2023-12-12 14:33:46,32,37,21861,49703
2023-12-12 14:34:01,32,38,21861,49703
2023-12-12 14:34:02,32,37,21861,49703
2023-12-12 14:34:10,31,37,21861,49703
2023-12-12 14:34:14,31,36,21861,49703
2023-12-12 14:34:15,31,37,21861,49703
2023-12-12 14:34:16,31,36,21861,49703
2023-12-12 14:34:19,31,37,21861,49703
2023-12-12 14:34:33,31,35,21861,49703
2023-12-12 14:34:44,31,34,21861,49703
2023-12-12 14:34:45,31,35,21861,49703
2023-12-12 14:34:47,31,34,21861,49703
2023-12-12 14:35:02,31,33,21861,49703
2023-12-12 14:35:06,31,34,21861,49703
2023-12-12 14:35:10,27,34,22281,50123
2023-12-12 14:35:11,27,32,22281,50123
2023-12-12 14:35:17,27,34,22281,50123
2023-12-12 14:35:18,28,34,22281,50123
2023-12-12 14:35:20,27,34,22281,50123
2023-12-12 14:35:20,29,34,22281,50123
2023-12-12 14:35:21,29,32,22281,50123
2023-12-12 14:35:21,27,32,22281,50123
2023-12-12 14:35:25,28,32,22281,50123
2023-12-12 14:35:26,27,32,22281,50123
2023-12-12 14:35:33,28,32,22281,50123
2023-12-12 14:35:34,26,32,22281,50123
2023-12-12 14:35:35,26,31,22281,50123
2023-12-12 14:35:40,26,32,22281,50123
2023-12-12 14:35:41,27,32,22281,50123
2023-12-12 14:35:41,27,34,22281,50123
2023-12-12 14:35:41,28,34,22281,50123
2023-12-12 14:35:45,28,33,22281,50123
2023-12-12 14:35:50,28,32,22281,50123
2023-12-12 14:36:01,29,32,22281,50123
2023-12-12 14:36:03,26,32,22281,50123
2023-12-12 14:36:03,27,32,22281,50123
2023-12-12 14:36:04,27,31,22281,50123
2023-12-12 14:36:04,26,31,22281,50123
2023-12-12 14:36:14,26,31,22581,50423
2023-12-12 14:36:15,25,31,22581,50423
2023-12-12 14:36:16,24,29,22581,50423
2023-12-12 14:36:20,24,28,22581,50423
2023-12-12 14:36:26,23,28,22581,50423
2023-12-12 14:36:27,24,28,22581,50423
2023-12-12 14:36:27,24,29,22581,50423
2023-12-12 14:36:31,25,29,22581,50423
2023-12-12 14:36:32,26,29,22581,50423
2023-12-12 14:36:32,26,31,22581,50423
2023-12-12 14:36:33,26,30,22581,50423
2023-12-12 14:36:33,26,31,22581,50423
2023-12-12 14:36:40,25,31,22581,50423
2023-12-12 14:36:45,26,31,22581,50423
2023-12-12 14:36:48,27,31,22581,50423
2023-12-12 14:36:48,28,31,22581,50423
2023-12-12 14:36:48,29,31,22581,50423
2023-12-12 14:36:52,28,31,22581,50423
2023-12-12 14:36:52,27,31,22581,50423
2023-12-12 14:36:52,27,31,22581,50423
2023-12-12 14:36:53,26,31,22581,50423
2023-12-12 14:36:53,28,31,22581,50423
2023-12-12 14:36:53,29,31,22581,50423
2023-12-12 14:36:54,27,31,22581,50423
2023-12-12 14:36:55,27,31,22581,50423
2023-12-12 14:36:55,28,31,22581,50423
2023-12-12 14:36:55,29,31,22581,50423
2023-12-12 14:36:56,26,31,22581,50423
2023-12-12 14:37:01,27,31,22581,50423
2023-12-12 14:37:05,27,32,22581,50423
2023-12-12 14:37:09,28,32,22581,50423
2023-12-12 14:37:11,28,35,22581,50423
2023-12-12 14:37:14,28,34,22581,50423
2023-12-12 14:37:17,26,34,22581,50423
2023-12-12 14:37:17,26,32,22581,50423
2023-12-12 14:37:36,27,32,22581,50423
2023-12-12 14:37:36,28,32,22581,50423
2023-12-12 14:37:37,29,32,22581,50423
2023-12-12 14:37:37,28,32,22581,50423
2023-12-12 14:37:37,29,32,22581,50423
2023-12-12 14:37:46,27,32,22581,50423
2023-12-12 14:37:51,27,34,22581,50423
2023-12-12 14:37:53,27,35,22581,50423
2023-12-12 14:37:55,27,34,22581,50423
2023-12-12 14:37:56,27,35,22581,50423
2023-12-12 14:37:57,27,34,22581,50423
2023-12-12 14:38:14,27,33,22581,50423
2023-12-12 14:38:17,27,34,22581,50423
2023-12-12 14:38:28,27,35,22581,50423
2023-12-12 14:38:30,27,34,22581,50423
2023-12-12 14:38:42,28,34,22581,50423
2023-12-12 14:38:42,29,34,22581,50423
2023-12-12 14:38:43,26,34,22581,50423
2023-12-12 14:38:45,26,32,22581,50423
2023-12-12 14:39:02,27,32,22581,50423
2023-12-12 14:39:02,28,32,22581,50423
2023-12-12 14:39:02,29,32,22581,50423
2023-12-12 14:39:02,30,32,22581,50423
2023-12-12 14:39:06,29,32,22581,50423
2023-12-12 14:39:06,27,32,22581,50423
2023-12-12 14:39:06,30,32,22581,50423
2023-12-12 14:39:09,27,32,22581,50423
2023-12-12 14:39:10,27,35,22581,50423
2023-12-12 14:39:11,27,34,22581,50423
2023-12-12 14:39:32,27,34,22594,50436
2023-12-12 14:39:33,28,34,22594,50436
2023-12-12 14:39:33,29,34,22594,50436
2023-12-12 14:39:33,30,34,22594,50436
2023-12-12 14:39:33,31,34,22594,50436
2023-12-12 14:39:34,31,33,22594,50436
2023-12-12 14:39:37,31,34,22594,50436
2023-12-12 14:39:45,31,33,22594,50436
2023-12-12 14:39:50,31,34,22594,50436
2023-12-12 14:39:50,30,34,22594,50436
2023-12-12 14:39:51,31,34,22594,50436
2023-12-12 14:39:52,31,32,22594,50436
2023-12-12 14:39:53,30,32,22594,50436
2023-12-12 14:39:55,31,32,22594,50436
2023-12-12 14:39:57,30,32,22594,50436
2023-12-12 14:39:58,26,32,22594,50436
2023-12-12 14:39:58,29,32,22594,50436
2023-12-12 14:40:00,26,32,22594,50436
2023-12-12 14:40:01,26,31,22594,50436
2023-12-12 14:40:08,25,31,22594,50436
2023-12-12 14:40:17,25,32,22594,50436
2023-12-12 14:40:18,25,31,22594,50436
2023-12-12 14:40:22,25,32,22594,50436
2023-12-12 14:40:24,25,31,22594,50436
2023-12-12 14:40:28,26,31,22594,50436
2023-12-12 14:40:28,27,31,22594,50436
2023-12-12 14:40:28,28,31,22594,50436
2023-12-12 14:40:29,27,31,22594,50436
2023-12-12 14:40:29,24,31,22594,50436
2023-12-12 14:40:40,24,30,22594,50436
2023-12-12 14:40:41,24,31,22594,50436
2023-12-12 14:40:43,24,30,22594,50436
2023-12-12 14:40:52,23,30,22594,50436
2023-12-12 14:40:53,24,30,22594,50436
2023-12-12 14:41:01,25,30,22594,50436
2023-12-12 14:41:01,26,30,22594,50436
2023-12-12 14:41:01,27,30,22594,50436
2023-12-12 14:41:02,24,30,22594,50436
2023-12-12 14:41:02,25,30,22594,50436
2023-12-12 14:41:06,27,29,22594,50436
2023-12-12 14:41:06,27,30,22594,50436
2023-12-12 14:41:12,26,30,22594,50436
2023-12-12 14:41:12,24,30,22594,50436
2023-12-12 14:41:12,27,30,22594,50436
2023-12-12 14:41:12,27,31,22594,50436
2023-12-12 14:41:14,25,31,22594,50436
2023-12-12 14:41:22,26,31,22594,50436
2023-12-12 14:41:22,26,32,22594,50436
2023-12-12 14:41:31,25,32,22594,50436
2023-12-12 14:41:31,25,31,22594,50436
2023-12-12 14:41:40,24,31,22594,50436
2023-12-12 14:41:43,24,29,22594,50436
2023-12-12 14:41:45,24,31,22594,50436
2023-12-12 14:41:49,24,30,22594,50436
2023-12-12 14:41:50,24,31,22594,50436
2023-12-12 14:41:53,24,30,22594,50436
2023-12-12 14:41:54,24,31,22594,50436
2023-12-12 14:41:55,24,29,22594,50436
2023-12-12 14:42:01,23,29,22594,50436
2023-12-12 14:42:08,24,29,22594,50436
2023-12-12 14:42:12,24,31,22594,50436
2023-12-12 14:42:18,23,31,22594,50436
2023-12-12 14:42:18,23,28,22594,50436
2023-12-12 14:42:21,23,28,22594,50636
2023-12-12 14:42:22,23,27,22594,50636
2023-12-12 14:42:22,23,28,22594,50636
2023-12-12 14:42:23,24,28,22594,50636
2023-12-12 14:42:25,23,28,22594,50636
2023-12-12 14:42:25,22,28,22594,50636
2023-12-12 14:42:49,23,28,22594,50636
2023-12-12 14:42:49,24,28,22594,50636
2023-12-12 14:42:49,25,28,22594,50636
2023-12-12 14:42:55,24,28,22594,50636
2023-12-12 14:42:55,23,28,22594,50636
2023-12-12 14:42:55,24,28,22594,50636
2023-12-12 14:42:57,25,27,22594,50636
2023-12-12 14:42:57,24,27,22594,50636
2023-12-12 14:42:59,21,27,22594,50636
2023-12-12 14:43:14,22,27,22594,50636
2023-12-12 14:43:15,23,27,22594,50636
2023-12-12 14:43:15,24,27,22594,50636
2023-12-12 14:43:16,23,27,22594,50636
2023-12-12 14:43:18,21,27,22594,50636
2023-12-12 14:43:20,22,27,22594,50636
2023-12-12 14:43:21,21,27,22594,50636
2023-12-12 14:43:24,22,27,22594,50636
2023-12-12 14:43:24,23,27,22594,50636
2023-12-12 14:43:25,24,27,22594,50636
2023-12-12 14:43:38,23,27,22594,50636
2023-12-12 14:43:38,21,27,22594,50636
2023-12-12 14:43:38,24,27,22594,50636
2023-12-12 14:43:40,24,28,22594,50636
2023-12-12 14:43:40,25,28,22594,50636
2023-12-12 14:43:40,25,27,22594,50636
2023-12-12 14:43:40,22,27,22594,50636
2023-12-12 14:43:40,22,27,22594,50636
2023-12-12 14:43:41,23,27,22594,50636
2023-12-12 14:43:41,23,28,22594,50636
2023-12-12 14:43:52,23,31,22594,50636
2023-12-12 14:43:52,23,30,22594,50636
2023-12-12 14:43:53,23,31,22594,50636
2023-12-12 14:43:55,25,31,22594,50636
2023-12-12 14:44:01,26,31,22594,50636
2023-12-12 14:44:03,25,31,22594,50636
2023-12-12 14:44:03,26,31,22594,50636
2023-12-12 14:44:05,25,31,22594,50636
2023-12-12 14:44:05,26,31,22594,50636
2023-12-12 14:44:07,27,31,22594,50636
2023-12-12 14:44:07,25,31,22594,50636
2023-12-12 14:44:08,26,31,22594,50636
2023-12-12 14:44:08,27,31,22594,50636
2023-12-12 14:44:09,25,31,22594,50636
2023-12-12 14:44:09,27,31,22594,50636
2023-12-12 14:44:10,25,31,22594,50636
2023-12-12 14:44:14,26,31,22594,50636
2023-12-12 14:44:21,27,31,22594,50636
2023-12-12 14:44:23,25,31,22594,50636
2023-12-12 14:44:23,27,31,22594,50636
2023-12-12 14:44:23,25,31,22594,50636
2023-12-12 14:44:23,27,31,22594,50636
2023-12-12 14:44:23,25,31,22594,50636
2023-12-12 14:44:23,27,31,22594,50636
2023-12-12 14:44:23,25,31,22594,50636
2023-12-12 14:44:24,27,31,22594,50636
2023-12-12 14:44:27,27,30,22594,50636
2023-12-12 14:44:27,26,30,22594,50636
2023-12-12 14:44:27,27,30,22594,50636
2023-12-12 14:44:35,26,30,22594,50636
2023-12-12 14:44:35,25,30,22594,50636
2023-12-12 14:44:35,26,30,22594,50636
2023-12-12 14:44:36,25,30,22594,50636
2023-12-12 14:44:36,26,30,22594,50636
2023-12-12 14:44:38,23,30,22594,50636
2023-12-12 14:44:44,24,30,22594,50636
2023-12-12 14:44:44,25,30,22594,50636
2023-12-12 14:44:45,26,30,22594,50636
2023-12-12 14:44:47,25,30,22594,50636
2023-12-12 14:44:47,26,30,22594,50636
2023-12-12 14:44:50,27,30,22594,50636
2023-12-12 14:44:51,26,30,22594,50636
2023-12-12 14:44:51,26,29,22594,50636
2023-12-12 14:44:51,23,29,22594,50636
2023-12-12 14:44:51,24,29,22594,50636
2023-12-12 14:44:51,25,29,22594,50636
2023-12-12 14:44:51,26,29,22594,50636
2023-12-12 14:44:52,26,28,22594,50636
2023-12-12 14:44:52,24,28,22594,50636
2023-12-12 14:44:52,22,28,22594,50636
2023-12-12 14:44:54,23,28,22594,50636
2023-12-12 14:44:56,22,28,22594,50636
2023-12-12 14:44:58,23,28,22594,50636
2023-12-12 14:45:19,22,28,22594,50636
2023-12-12 14:45:22,23,28,22594,50636
2023-12-12 14:45:27,24,28,22594,50636
2023-12-12 14:45:29,24,31,22594,50636
2023-12-12 14:45:29,24,30,22594,50636
2023-12-12 14:45:30,24,31,22594,50636
2023-12-12 14:45:33,24,30,22594,50636
2023-12-12 14:45:35,24,31,22594,50636
2023-12-12 14:45:36,24,30,22594,50636
2023-12-12 14:45:40,24,31,22594,50636
2023-12-12 14:45:41,24,29,22594,50636
2023-12-12 14:45:42,24,31,22594,50636
2023-12-12 14:45:43,24,30,22594,50636
2023-12-12 14:45:45,25,30,22594,50636
2023-12-12 14:45:45,26,30,22594,50636
2023-12-12 14:45:45,27,30,22594,50636
2023-12-12 14:45:48,26,30,22594,50636
2023-12-12 14:45:48,24,30,22594,50636
2023-12-12 14:45:50,23,30,22594,50636
2023-12-12 14:45:53,24,30,22594,50636
2023-12-12 14:45:55,23,30,22594,50636
2023-12-12 14:45:57,22,30,22594,50636
2023-12-12 14:45:59,23,30,22594,50636
2023-12-12 14:46:02,22,30,22594,50636
2023-12-12 14:46:07,23,30,22594,50636
2023-12-12 14:46:08,22,30,22594,50636
2023-12-12 14:46:10,22,28,22594,50636
2023-12-12 14:46:12,23,28,22594,50636
2023-12-12 14:46:14,23,31,22594,50636
2023-12-12 14:46:20,22,30,22594,50636
2023-12-12 14:46:22,22,28,22594,50636
2023-12-12 14:46:31,22,27,22594,50636
2023-12-12 14:46:32,21,27,22594,50636
2023-12-12 14:46:46,21,26,22594,50636
2023-12-12 14:46:54,21,24,22594,50636
2023-12-12 14:46:58,21,23,22594,50636
2023-12-12 14:47:01,21,22,22594,50636
2023-12-12 14:47:03,21,23,22594,50636
2023-12-12 14:47:21,21,24,22594,50636
2023-12-12 14:47:26,21,26,22594,50636
2023-12-12 14:47:26,21,27,22594,50636
2023-12-12 14:47:26,21,26,22594,50636
2023-12-12 14:47:26,21,27,22594,50636
2023-12-12 14:47:39,21,26,22594,50636
2023-12-12 14:47:41,22,26,22594,50636
2023-12-12 14:47:43,22,25,22594,50636
2023-12-12 14:47:46,21,25,22594,50636
2023-12-12 14:47:48,21,27,22594,50636
2023-12-12 14:47:49,21,26,22594,50636
2023-12-12 14:47:57,21,27,22594,50636
2023-12-12 14:47:57,21,26,22594,50636
2023-12-12 14:47:57,21,27,22594,50636
2023-12-12 14:47:58,21,26,22594,50636
2023-12-12 14:47:59,22,26,22594,50636
2023-12-12 14:48:00,21,26,22594,50636
2023-12-12 14:48:00,21,27,22594,50636
2023-12-12 14:48:07,21,26,22594,50636
2023-12-12 14:48:08,21,27,22594,50636
2023-12-12 14:48:08,21,26,22594,50636
2023-12-12 14:48:08,21,27,22594,50636
2023-12-12 14:48:10,21,26,22594,50636
2023-12-12 14:48:10,21,27,22594,50636
2023-12-12 14:48:10,21,26,22594,50636
2023-12-12 14:48:10,21,27,22594,50636
2023-12-12 14:48:14,21,26,22594,50636
2023-12-12 14:48:24,21,27,22594,50636
2023-12-12 14:48:34,21,26,22594,50636
2023-12-12 14:48:36,22,26,22594,50636
2023-12-12 14:48:39,22,27,22594,50636
2023-12-12 14:48:39,21,27,22594,50636
2023-12-12 14:48:39,22,27,22594,50636
2023-12-12 14:48:39,21,27,22594,50636
2023-12-12 14:48:40,22,27,22594,50636
2023-12-12 14:48:42,21,27,22594,50636
2023-12-12 14:48:42,21,26,22594,50636
2023-12-12 14:48:43,21,27,22594,50636
2023-12-12 14:48:43,22,27,22594,50636
2023-12-12 14:48:44,21,27,22594,50636
2023-12-12 14:48:44,21,26,22594,50636
2023-12-12 14:48:44,21,27,22594,50636
2023-12-12 14:48:44,22,27,22594,50636
2023-12-12 14:48:46,21,27,22594,50636
2023-12-12 14:48:46,22,27,22594,50636
2023-12-12 14:48:46,22,26,22594,50636
2023-12-12 14:48:47,22,27,22594,50636
2023-12-12 14:48:47,21,27,22594,50636
2023-12-12 14:48:47,22,27,22594,50636
2023-12-12 14:48:47,22,26,22594,50636
2023-12-12 14:48:48,22,27,22594,50636
2023-12-12 14:48:52,22,28,22594,50636
2023-12-12 14:48:57,23,28,22594,50636
2023-12-12 14:49:00,22,28,22594,50636
2023-12-12 14:49:01,23,28,22594,50636
2023-12-12 14:49:03,22,28,22594,50636
2023-12-12 14:49:18,23,28,22594,50636
2023-12-12 14:49:18,23,27,22594,50636
2023-12-12 14:49:18,22,27,22594,50636
2023-12-12 14:49:31,21,27,22594,50636
2023-12-12 14:49:38,21,26,22594,50636
2023-12-12 14:50:04,21,24,22594,50636
2023-12-12 14:50:28,21,23,22594,50636
2023-12-12 14:50:28,21,22,22594,50636
2023-12-12 14:50:29,21,24,22594,50636
2023-12-12 14:50:31,21,23,22594,50636
2023-12-12 14:50:33,21,23,22758,50800
2023-12-12 14:51:02,21,23,22803,50845
2023-12-12 14:51:04,21,22,22803,50845
2023-12-12 14:51:05,21,22,22813,50855
2023-12-12 14:51:07,21,22,22823,50865
2023-12-12 14:51:08,21,22,22833,50875
2023-12-12 14:51:10,21,22,22843,50885
2023-12-12 14:51:15,21,23,22843,50885
2023-12-12 14:51:25,19,23,22974,51016
2023-12-12 14:51:28,19,22,22974,51016
2023-12-12 14:51:29,19,23,22974,51016
2023-12-12 14:51:34,19,22,22974,51016
2023-12-12 14:51:38,18,22,22974,51016
2023-12-12 14:52:06,18,23,22974,51016
2023-12-12 14:52:07,19,23,22974,51016
2023-12-12 14:52:11,18,23,22974,51016
2023-12-12 14:52:14,18,22,22974,51016
2023-12-12 14:52:16,18,23,22974,51016
2023-12-12 14:52:18,18,22,22974,51016
2023-12-12 14:52:19,18,23,22974,51016
2023-12-12 14:52:21,18,22,22974,51016
2023-12-12 14:52:27,19,22,22974,51016
2023-12-12 14:52:27,18,22,22974,51016
2023-12-12 14:52:28,18,21,22974,51016
2023-12-12 14:52:29,18,22,22974,51016
2023-12-12 14:52:36,17,22,22974,51016
2023-12-12 14:52:41,17,20,22974,51016
2023-12-12 14:52:42,16,20,22974,51016
2023-12-12 14:52:45,16,20,23174,51216
2023-12-12 14:52:48,15,20,23174,51216
2023-12-12 14:52:48,15,19,23174,51216
2023-12-12 14:52:51,15,20,23174,51216
2023-12-12 14:52:53,16,20,23174,51216
2023-12-12 14:53:09,15,20,23174,51216
2023-12-12 14:53:10,15,19,23174,51216
2023-12-12 14:53:26,15,17,23174,51216
2023-12-12 14:53:44,15,17,23274,51316
2023-12-12 14:53:47,15,16,23274,51316
2023-12-12 14:53:49,15,17,23274,51316
2023-12-12 14:54:15,15,18,23274,51316
2023-12-12 14:54:17,15,19,23274,51316
2023-12-12 14:54:18,15,18,23274,51316
2023-12-12 14:54:22,15,19,23274,51316
2023-12-12 14:54:27,15,18,23274,51316
2023-12-12 14:54:28,15,19,23274,51316
2023-12-12 14:54:50,16,19,23274,51316
2023-12-12 14:54:53,15,19,23274,51316
2023-12-12 14:54:53,16,19,23274,51316
2023-12-12 14:54:58,15,19,23274,51316
2023-12-12 14:54:58,16,19,23274,51316
2023-12-12 14:55:03,16,19,23274,51316
2023-12-12 14:55:08,16,18,23274,51316
2023-12-12 14:55:08,15,18,23274,51316
2023-12-12 14:55:09,15,19,23274,51316
2023-12-12 14:55:10,16,19,23274,51316
2023-12-12 14:55:10,16,18,23274,51316
2023-12-12 14:55:11,16,19,23274,51316
2023-12-12 14:55:14,15,19,23274,51316
2023-12-12 14:55:19,15,18,23274,51316
2023-12-12 14:55:31,15,17,23274,51316
2023-12-12 14:55:34,15,18,23274,51316
2023-12-12 14:55:47,15,17,23274,51316
2023-12-12 14:55:57,15,16,23274,51316
2023-12-12 14:56:23,12,15,23274,51466
2023-12-12 14:56:24,12,16,23274,51466
2023-12-12 14:56:58,13,16,23274,51466
2023-12-12 14:56:59,14,16,23274,51466
2023-12-12 14:57:03,14,17,23274,51466
2023-12-12 14:57:05,14,16,23274,51466
2023-12-12 14:57:10,13,16,23274,51466
2023-12-12 14:57:10,12,16,23274,51466
2023-12-12 14:57:10,14,16,23274,51466
2023-12-12 14:57:10,15,16,23274,51466
2023-12-12 14:57:10,14,16,23274,51466
2023-12-12 14:57:11,15,16,23274,51466
2023-12-12 14:57:14,14,16,23274,51466
2023-12-12 14:57:15,14,15,23274,51466
2023-12-12 14:57:15,14,17,23274,51466
2023-12-12 14:57:15,14,16,23274,51466
2023-12-12 14:57:19,14,15,23274,51466
2023-12-12 14:57:19,13,15,23274,51466
2023-12-12 14:57:20,12,15,23274,51466
2023-12-12 14:57:33,12,16,23274,51466
2023-12-12 14:57:37,12,15,23274,51466
2023-12-12 14:57:41,12,16,23274,51466
2023-12-12 14:57:41,12,17,23274,51466
2023-12-12 14:57:41,12,16,23274,51466
2023-12-12 14:57:41,15,16,23274,51466
2023-12-12 14:57:41,15,17,23274,51466
2023-12-12 14:57:41,12,17,23274,51666
2023-12-12 14:57:42,13,17,23274,51666
2023-12-12 14:57:48,13,16,23274,51666
2023-12-12 14:57:49,13,17,23274,51666
2023-12-12 14:57:49,12,16,23274,51666
2023-12-12 14:57:52,14,16,23274,51666
2023-12-12 14:57:59,13,16,23274,51666
2023-12-12 14:58:01,12,16,23274,51666
2023-12-12 14:58:21,12,15,23274,51666
2023-12-12 14:58:23,12,16,23274,51666
2023-12-12 14:58:25,12,15,23274,51666
2023-12-12 14:58:39,12,16,23274,51666
2023-12-12 14:58:40,12,15,23274,51666
2023-12-12 14:58:41,12,16,23274,51666
2023-12-12 14:58:50,15,16,23274,51666
2023-12-12 14:58:50,15,16,23334,51726
2023-12-12 14:58:54,15,16,23442,51834
2023-12-12 14:58:55,12,16,23474,51866
2023-12-12 14:58:56,13,16,23474,51866
2023-12-12 14:58:57,13,16,23474,51866
2023-12-12 14:59:13,12,16,23474,51866
2023-12-12 14:59:13,13,16,23474,51866
2023-12-12 14:59:14,12,16,23474,51866
2023-12-12 14:59:28,12,15,23474,51866
2023-12-12 14:59:28,12,14,23474,51866
2023-12-12 14:59:44,12,16,23474,51866
2023-12-12 14:59:53,12,15,23474,51866
2023-12-12 14:59:58,13,15,23474,51866
2023-12-12 15:00:10,13,16,23474,51866
2023-12-12 15:00:10,13,15,23474,51866
2023-12-12 15:00:10,13,16,23474,51866
2023-12-12 15:00:18,12,16,23474,51866
2023-12-12 15:00:22,13,16,23474,51866
2023-12-12 15:00:22,13,18,23474,51866
2023-12-12 15:00:24,13,19,23474,51866
2023-12-12 15:00:25,14,19,23474,51866
2023-12-12 15:00:26,13,19,23474,51866
2023-12-12 15:00:27,14,19,23474,51866
2023-12-12 15:00:34,15,19,23474,51866
2023-12-12 15:00:42,14,20,23474,51866
2023-12-12 15:00:42,14,19,23474,51866
2023-12-12 15:00:51,14,20,23474,51866
2023-12-12 15:00:52,15,20,23474,51866
2023-12-12 15:00:54,14,20,23474,51866
2023-12-12 15:00:54,14,19,23474,51866
2023-12-12 15:00:55,13,19,23474,51866
2023-12-12 15:00:59,13,18,23474,51866
2023-12-12 15:01:07,12,18,23474,51866
2023-12-12 15:01:17,12,17,23474,51866
2023-12-12 15:01:21,12,15,23474,51866
2023-12-12 15:01:23,12,16,23474,51866
2023-12-12 15:01:30,12,15,23474,51866
2023-12-12 15:01:31,12,16,23474,51866
2023-12-12 15:01:33,12,15,23474,51866
2023-12-12 15:01:34,12,16,23474,51866
2023-12-12 15:01:36,12,15,23474,51866
2023-12-12 15:01:38,12,16,23474,51866
2023-12-12 15:01:55,12,15,23474,51866
2023-12-12 15:02:09,12,14,23474,51866
2023-12-12 15:02:10,12,15,23474,51866
2023-12-12 15:02:26,12,14,23474,51866
