datetime,bid,ask,open_interest,volume
2023-10-12 09:30:13,12,26,210,210
2023-10-12 09:30:38,25,26,210,210
2023-10-12 09:31:00,30,31,305,305
2023-10-12 09:31:00,30,32,305,305
2023-10-12 09:31:00,30,31,305,305
2023-10-12 09:31:08,30,31,555,555
2023-10-12 09:31:55,30,31,600,600
2023-10-12 09:32:00,30,32,600,600
2023-10-12 09:32:01,30,31,600,600
2023-10-12 09:32:18,30,32,600,600
2023-10-12 09:32:18,30,31,600,600
2023-10-12 09:32:49,30,32,600,600
2023-10-12 09:32:49,30,31,600,600
2023-10-12 09:33:45,30,32,600,600
2023-10-12 09:33:45,30,31,600,600
2023-10-12 09:34:45,30,32,600,600
2023-10-12 09:34:46,30,31,600,600
2023-10-12 09:35:38,30,32,600,600
2023-10-12 09:35:54,30,31,600,600
2023-10-12 09:36:00,29,31,695,695
2023-10-12 09:36:34,29,30,695,695
2023-10-12 09:36:50,29,31,695,695
2023-10-12 09:37:15,29,30,695,695
2023-10-12 09:38:05,29,31,695,695
2023-10-12 09:43:36,29,31,795,795
2023-10-12 09:43:36,30,31,795,795
2023-10-12 09:43:53,30,32,795,795
2023-10-12 09:44:39,29,32,795,795
2023-10-12 09:44:39,31,32,795,795
2023-10-12 09:44:50,29,32,795,845
2023-10-12 09:44:50,30,32,795,845
2023-10-12 09:46:12,30,31,795,845
2023-10-12 09:53:35,30,32,795,895
2023-10-12 10:04:05,30,31,795,895
2023-10-12 10:05:19,30,31,801,901
2023-10-12 10:05:29,30,32,801,945
2023-10-12 10:06:25,30,32,1001,1145
2023-10-12 10:06:28,31,32,1001,1145
2023-10-12 10:06:52,30,32,1001,1145
2023-10-12 10:07:18,31,32,1001,1145
2023-10-12 10:07:35,31,33,1001,1145
2023-10-12 10:07:36,31,33,901,1245
2023-10-12 10:08:03,32,33,901,1245
2023-10-12 10:08:41,32,33,1101,1485
2023-10-12 10:09:18,32,34,1101,1485
2023-10-12 10:09:25,32,33,1101,1485
2023-10-12 10:09:29,32,34,1101,1485
2023-10-12 10:09:46,31,34,1101,1485
2023-10-12 10:09:46,33,34,1101,1485
2023-10-12 10:09:59,33,34,1099,1487
2023-10-12 10:10:12,32,33,1041,1545
2023-10-12 10:10:41,32,33,1101,1605
2023-10-12 10:10:42,31,33,1101,1605
2023-10-12 10:10:46,30,33,1101,1605
2023-10-12 10:10:53,30,32,1101,1605
2023-10-12 10:11:30,30,31,1101,1605
2023-10-12 10:11:42,29,30,1101,1705
2023-10-12 10:11:43,29,31,1101,1705
2023-10-12 10:12:02,29,30,1101,1705
2023-10-12 10:12:16,28,30,1101,1705
2023-10-12 10:12:52,28,29,1101,1705
2023-10-12 10:12:55,28,30,1101,1755
2023-10-12 10:13:07,29,30,1101,1755
2023-10-12 10:13:08,29,31,1101,1755
2023-10-12 10:13:40,29,32,1101,1755
2023-10-12 10:13:56,30,32,1101,1755
2023-10-12 10:14:07,29,32,1101,1755
2023-10-12 10:14:38,29,31,1101,1755
2023-10-12 10:14:41,30,31,1101,1755
2023-10-12 10:14:59,29,31,1101,1755
2023-10-12 10:15:17,30,31,1101,1755
2023-10-12 10:15:29,30,32,1101,1755
2023-10-12 10:15:29,30,33,1101,1755
2023-10-12 10:15:36,30,33,1101,1757
2023-10-12 10:15:36,30,32,1101,1757
2023-10-12 10:16:17,31,32,1101,1757
2023-10-12 10:16:18,32,33,1101,1759
2023-10-12 10:16:28,33,34,1101,1774
2023-10-12 10:16:35,33,35,1101,1774
2023-10-12 10:16:44,33,35,1101,1776
2023-10-12 10:19:51,33,34,1101,1776
2023-10-12 10:21:38,32,34,1101,1776
2023-10-12 10:22:30,32,33,1101,1776
2023-10-12 10:22:44,31,33,1101,1776
2023-10-12 10:23:05,31,32,1101,1776
2023-10-12 10:23:18,31,33,1101,1776
2023-10-12 10:24:35,31,34,1101,1776
2023-10-12 10:24:36,32,34,1101,1776
2023-10-12 10:26:10,31,34,1101,1776
2023-10-12 10:26:15,31,33,1101,1776
2023-10-12 10:26:19,31,34,1101,1776
2023-10-12 10:26:37,31,33,1101,1776
2023-10-12 10:27:21,31,32,1101,1776
2023-10-12 10:27:25,30,32,1101,1776
2023-10-12 10:27:26,30,31,1101,1776
2023-10-12 10:27:32,29,31,1101,1776
2023-10-12 10:27:37,29,30,1101,1776
2023-10-12 10:27:40,28,30,1101,1776
2023-10-12 10:28:22,28,31,1101,1776
2023-10-12 10:28:29,29,31,1101,1776
2023-10-12 10:28:42,29,32,1101,1776
2023-10-12 10:28:42,30,32,1101,1776
2023-10-12 10:28:44,30,33,1101,1776
2023-10-12 10:28:44,31,33,1101,1776
2023-10-12 10:28:47,31,34,1101,1776
2023-10-12 10:28:47,32,34,1101,1776
2023-10-12 10:29:08,33,34,1101,1776
2023-10-12 10:29:16,33,35,1101,1829
2023-10-12 10:29:17,34,35,1101,1829
2023-10-12 10:29:39,33,35,1101,1829
2023-10-12 10:30:10,34,35,1101,1829
2023-10-12 10:30:20,33,35,1101,1829
2023-10-12 10:31:03,33,34,1101,1829
2023-10-12 10:35:04,33,34,1221,1949
2023-10-12 10:35:05,32,34,1221,1949
2023-10-12 10:35:33,33,34,1221,1949
2023-10-12 10:36:20,32,34,1221,1949
2023-10-12 10:37:41,32,33,1221,1949
2023-10-12 10:37:41,32,33,1401,2129
2023-10-12 10:37:43,31,33,1401,2129
2023-10-12 10:38:17,31,34,1401,2129
2023-10-12 10:38:17,32,34,1401,2129
2023-10-12 10:38:37,32,33,1401,2129
2023-10-12 10:38:39,32,34,1401,2129
2023-10-12 10:41:01,32,33,1401,2129
2023-10-12 10:41:08,31,33,1401,2129
2023-10-12 10:42:43,31,34,1401,2129
2023-10-12 10:42:47,32,34,1401,2129
2023-10-12 10:44:34,32,35,1401,2179
2023-10-12 10:44:35,33,35,1401,2179
2023-10-12 10:44:48,34,35,1401,2179
2023-10-12 10:45:52,33,35,1401,2179
2023-10-12 10:46:35,33,34,1401,2179
2023-10-12 10:46:40,32,34,1401,2179
2023-10-12 10:47:47,32,35,1401,2179
2023-10-12 10:47:49,32,34,1401,2179
2023-10-12 10:47:51,32,35,1401,2179
2023-10-12 10:48:05,32,35,1376,2204
2023-10-12 10:48:30,32,34,1376,2204
2023-10-12 10:49:02,32,34,1516,2344
2023-10-12 10:49:03,32,33,1516,2344
2023-10-12 10:49:05,32,34,1516,2344
2023-10-12 10:49:33,32,35,1516,2344
2023-10-12 10:49:40,32,34,1516,2344
2023-10-12 10:49:45,32,35,1516,2344
2023-10-12 10:49:47,32,34,1516,2344
2023-10-12 10:50:26,32,35,1516,2344
2023-10-12 10:50:40,32,34,1516,2344
2023-10-12 10:51:29,32,35,1516,2344
2023-10-12 10:51:35,33,35,1516,2344
2023-10-12 10:54:26,34,35,1516,2344
2023-10-12 10:54:26,34,35,1516,2442
2023-10-12 10:54:44,34,36,1516,2492
2023-10-12 10:58:09,34,35,1516,2492
2023-10-12 10:58:23,34,36,1516,2492
2023-10-12 10:58:28,34,35,1516,2492
2023-10-12 10:59:01,33,35,1516,2492
2023-10-12 10:59:28,33,34,1516,2492
2023-10-12 10:59:29,33,35,1516,2492
2023-10-12 11:00:08,33,36,1516,2492
2023-10-12 11:00:24,34,36,1516,2492
2023-10-12 11:00:35,35,36,1516,2492
2023-10-12 11:05:01,34,36,1516,2492
2023-10-12 11:05:52,34,36,1689,2665
2023-10-12 11:07:36,35,36,1689,2665
2023-10-12 11:09:23,34,36,1689,2665
2023-10-12 11:10:10,34,35,1689,2665
2023-10-12 11:10:37,34,36,1689,2665
2023-10-12 11:10:38,34,35,1689,2665
2023-10-12 11:10:55,33,35,1689,2665
2023-10-12 11:11:52,33,34,1689,2665
2023-10-12 11:13:05,32,34,1689,2665
2023-10-12 11:13:56,31,34,1689,2665
2023-10-12 11:13:56,31,33,1689,2665
2023-10-12 11:14:42,31,32,1689,2665
2023-10-12 11:15:31,31,33,1689,2665
2023-10-12 11:16:00,31,33,1689,2763
2023-10-12 11:16:30,31,34,1689,2763
2023-10-12 11:16:33,31,33,1689,2763
2023-10-12 11:16:35,31,34,1689,2763
2023-10-12 11:16:45,31,33,1689,2763
2023-10-12 11:17:24,30,33,1689,2763
2023-10-12 11:17:24,30,32,1689,2763
2023-10-12 11:17:33,30,31,1689,2763
2023-10-12 11:17:46,29,31,1689,2763
2023-10-12 11:20:23,29,30,1689,2763
2023-10-12 11:20:39,29,31,1689,2763
2023-10-12 11:21:02,29,32,1689,2763
2023-10-12 11:21:02,30,32,1689,2763
2023-10-12 11:21:32,30,33,1689,2763
2023-10-12 11:21:44,30,33,1516,2936
2023-10-12 11:21:45,31,33,1516,2936
2023-10-12 11:21:56,30,33,1516,2936
2023-10-12 11:22:09,31,33,1516,2936
2023-10-12 11:22:30,30,33,1516,2936
2023-10-12 11:22:34,30,32,1516,2936
2023-10-12 11:23:19,29,32,1516,2936
2023-10-12 11:23:31,29,31,1516,2936
2023-10-12 11:23:41,29,30,1516,2936
2023-10-12 11:23:41,28,30,1516,2936
2023-10-12 11:23:42,28,29,1516,2936
2023-10-12 11:23:45,28,30,1516,2936
2023-10-12 11:23:49,28,31,1516,2936
2023-10-12 11:23:49,29,31,1516,2936
2023-10-12 11:23:54,29,32,1516,2936
2023-10-12 11:23:55,30,32,1516,2936
2023-10-12 11:24:04,29,32,1516,2936
2023-10-12 11:24:11,29,31,1516,2936
2023-10-12 11:24:13,29,32,1516,2936
2023-10-12 11:24:19,30,32,1516,2936
2023-10-12 11:24:23,30,33,1516,2936
2023-10-12 11:24:36,31,33,1516,2936
2023-10-12 11:24:51,31,34,1516,2936
2023-10-12 11:24:58,32,34,1516,2936
2023-10-12 11:25:04,33,34,1516,2936
2023-10-12 11:25:15,33,35,1516,2961
2023-10-12 11:26:05,33,36,1516,2961
2023-10-12 11:26:05,34,36,1516,2961
2023-10-12 11:26:12,35,36,1516,2961
2023-10-12 11:27:05,34,36,1516,2961
2023-10-12 11:29:15,35,36,1516,2961
2023-10-12 11:30:05,36,37,1541,2986
2023-10-12 11:35:59,36,38,1541,2996
2023-10-12 11:36:00,37,38,1541,2996
2023-10-12 11:39:08,36,38,1541,2996
2023-10-12 11:40:08,36,37,1541,2996
2023-10-12 11:40:12,35,37,1541,2996
2023-10-12 11:40:50,35,38,1541,2996
2023-10-12 11:41:31,36,38,1541,2996
2023-10-12 11:42:23,36,37,1541,2996
2023-10-12 11:43:33,35,37,1541,2996
2023-10-12 11:45:32,35,36,1541,2996
2023-10-12 11:45:52,35,37,1541,2996
2023-10-12 11:46:04,35,36,1541,2996
2023-10-12 11:46:30,35,37,1541,2996
2023-10-12 11:46:36,35,36,1541,2996
2023-10-12 11:46:39,35,37,1541,2996
2023-10-12 11:46:42,35,36,1541,2996
2023-10-12 11:46:54,35,37,1541,2996
2023-10-12 11:46:56,35,36,1541,2996
2023-10-12 11:47:10,35,37,1541,2996
2023-10-12 11:47:12,35,36,1541,2996
2023-10-12 11:47:14,35,37,1541,2996
2023-10-12 11:47:55,35,37,1578,3033
2023-10-12 11:48:15,36,37,1578,3033
2023-10-12 11:48:26,35,37,1578,3033
2023-10-12 11:49:16,36,37,1578,3033
2023-10-12 11:50:48,37,39,1603,3058
2023-10-12 11:50:49,36,39,1603,3058
2023-10-12 11:50:49,37,39,1603,3058
2023-10-12 11:51:00,37,38,1603,3058
2023-10-12 11:52:20,36,38,1603,3058
2023-10-12 11:53:28,36,37,1603,3058
2023-10-12 11:53:33,36,38,1603,3058
2023-10-12 11:53:34,36,37,1603,3058
2023-10-12 11:53:40,36,38,1603,3058
2023-10-12 11:54:13,36,37,1603,3058
2023-10-12 11:54:44,35,37,1603,3058
2023-10-12 11:55:01,35,36,1603,3058
2023-10-12 11:55:02,35,37,1603,3058
2023-10-12 11:55:09,35,36,1603,3058
2023-10-12 11:55:14,34,36,1603,3058
2023-10-12 11:55:52,34,37,1603,3058
2023-10-12 11:55:54,35,37,1603,3058
2023-10-12 11:56:15,35,36,1603,3058
2023-10-12 11:56:15,34,36,1603,3058
2023-10-12 11:56:28,34,37,1603,3058
2023-10-12 11:57:13,34,36,1603,3058
2023-10-12 11:57:18,34,37,1603,3058
2023-10-12 11:57:43,35,37,1603,3058
2023-10-12 11:57:55,35,38,1603,3058
2023-10-12 11:58:18,35,37,1603,3058
2023-10-12 11:59:21,34,37,1603,3058
2023-10-12 11:59:24,34,36,1603,3058
2023-10-12 12:00:06,34,35,1603,3058
2023-10-12 12:00:20,33,35,1603,3058
2023-10-12 12:00:29,32,35,1603,3058
2023-10-12 12:00:29,32,34,1603,3058
2023-10-12 12:00:30,32,33,1603,3058
2023-10-12 12:00:30,31,33,1603,3058
2023-10-12 12:00:32,31,32,1603,3058
2023-10-12 12:00:44,31,33,1603,3058
2023-10-12 12:01:01,31,32,1603,3058
2023-10-12 12:01:03,31,32,1783,3238
2023-10-12 12:01:04,30,32,1783,3238
2023-10-12 12:01:14,31,32,1783,3238
2023-10-12 12:01:16,31,33,1783,3238
2023-10-12 12:01:32,31,34,1783,3238
2023-10-12 12:01:32,32,34,1783,3238
2023-10-12 12:01:45,32,33,1783,3238
2023-10-12 12:02:05,32,34,1783,3238
2023-10-12 12:02:36,33,34,1783,3238
2023-10-12 12:02:40,33,35,1783,3238
2023-10-12 12:03:13,34,35,1783,3238
2023-10-12 12:03:36,33,35,1783,3238
2023-10-12 12:03:43,33,36,1783,3238
2023-10-12 12:03:44,33,35,1783,3238
2023-10-12 12:03:53,33,36,1783,3238
2023-10-12 12:03:55,34,36,1783,3238
2023-10-12 12:04:01,35,36,1783,3238
2023-10-12 12:04:02,35,37,1783,3238
2023-10-12 12:04:09,36,37,1783,3238
2023-10-12 12:04:11,36,38,1783,3238
2023-10-12 12:04:57,36,37,1783,3238
2023-10-12 12:04:57,35,37,1783,3238
2023-10-12 12:05:14,34,37,1783,3238
2023-10-12 12:05:19,34,36,1783,3238
2023-10-12 12:05:49,34,37,1783,3238
2023-10-12 12:05:51,34,36,1783,3238
2023-10-12 12:06:00,34,37,1783,3238
2023-10-12 12:06:20,34,36,1783,3238
2023-10-12 12:06:36,34,37,1783,3238
2023-10-12 12:06:37,34,36,1783,3238
2023-10-12 12:06:59,34,35,1783,3238
2023-10-12 12:07:00,33,35,1783,3238
2023-10-12 12:07:06,33,34,1783,3238
2023-10-12 12:07:07,33,35,1783,3238
2023-10-12 12:07:26,33,36,1783,3238
2023-10-12 12:07:31,33,35,1783,3238
2023-10-12 12:07:41,34,35,1783,3238
2023-10-12 12:07:41,34,36,1783,3238
2023-10-12 12:07:56,34,37,1783,3238
2023-10-12 12:07:59,35,37,1783,3238
2023-10-12 12:08:21,34,37,1783,3238
2023-10-12 12:08:23,34,36,1783,3238
2023-10-12 12:08:40,33,36,1783,3238
2023-10-12 12:08:40,33,35,1783,3238
2023-10-12 12:08:46,33,36,1783,3238
2023-10-12 12:09:59,34,36,1783,3238
2023-10-12 12:10:01,33,36,1783,3238
2023-10-12 12:10:12,33,35,1783,3238
2023-10-12 12:11:17,33,36,1783,3238
2023-10-12 12:11:19,34,36,1783,3238
2023-10-12 12:11:41,33,36,1783,3238
2023-10-12 12:11:50,34,36,1783,3238
2023-10-12 12:11:56,33,36,1783,3238
2023-10-12 12:12:16,34,36,1783,3238
2023-10-12 12:12:23,34,37,1783,3238
2023-10-12 12:12:33,34,36,1783,3238
2023-10-12 12:12:40,34,37,1783,3238
2023-10-12 12:12:49,35,37,1783,3238
2023-10-12 12:13:30,35,38,1783,3238
2023-10-12 12:13:43,36,38,1783,3238
2023-10-12 12:14:25,37,38,1783,3238
2023-10-12 12:14:49,36,38,1783,3238
2023-10-12 12:15:20,36,37,1783,3238
2023-10-12 12:15:33,35,37,1783,3238
2023-10-12 12:15:46,35,36,1783,3238
2023-10-12 12:15:51,34,36,1783,3238
2023-10-12 12:16:16,34,35,1783,3238
2023-10-12 12:16:25,34,36,1783,3238
2023-10-12 12:16:26,34,37,1783,3238
2023-10-12 12:16:31,34,36,1783,3238
2023-10-12 12:16:32,34,37,1783,3238
2023-10-12 12:16:37,34,36,1783,3238
2023-10-12 12:16:38,34,37,1783,3238
2023-10-12 12:16:46,35,37,1783,3238
2023-10-12 12:16:58,34,37,1783,3238
2023-10-12 12:17:15,34,36,1783,3238
2023-10-12 12:17:38,34,35,1783,3238
2023-10-12 12:17:50,33,35,1783,3238
2023-10-12 12:18:44,33,34,1783,3238
2023-10-12 12:18:55,32,34,1783,3238
2023-10-12 12:19:03,32,35,1783,3238
2023-10-12 12:19:18,32,34,1783,3238
2023-10-12 12:19:21,32,35,1783,3238
2023-10-12 12:19:23,32,34,1783,3238
2023-10-12 12:19:27,32,35,1783,3238
2023-10-12 12:19:41,32,34,1783,3238
2023-10-12 12:19:43,32,35,1783,3238
2023-10-12 12:19:45,32,34,1783,3238
2023-10-12 12:20:31,32,35,1783,3238
2023-10-12 12:20:51,33,35,1783,3238
2023-10-12 12:21:09,32,35,1783,3238
2023-10-12 12:21:11,32,34,1783,3238
2023-10-12 12:21:15,32,33,1783,3238
2023-10-12 12:21:30,31,33,1783,3238
2023-10-12 12:21:31,31,32,1783,3238
2023-10-12 12:21:31,31,32,1783,3638
2023-10-12 12:21:31,30,32,1783,3638
2023-10-12 12:21:31,30,31,1783,3638
2023-10-12 12:21:33,30,31,1843,3698
2023-10-12 12:21:34,29,31,1843,3698
2023-10-12 12:21:34,29,30,1843,3698
2023-10-12 12:21:35,29,30,1883,3738
2023-10-12 12:21:57,27,30,1943,3798
2023-10-12 12:21:57,27,29,1943,3798
2023-10-12 12:21:57,27,30,1943,3798
2023-10-12 12:21:58,27,28,1943,3798
2023-10-12 12:22:06,27,28,1943,3998
2023-10-12 12:22:10,27,30,1943,4198
2023-10-12 12:22:23,27,31,1943,4198
2023-10-12 12:22:23,27,30,1943,4198
2023-10-12 12:22:23,28,30,1943,4198
2023-10-12 12:22:27,28,31,1943,4198
2023-10-12 12:22:32,29,31,1943,4198
2023-10-12 12:22:41,30,31,1943,4198
2023-10-12 12:22:47,30,33,1978,4298
2023-10-12 12:22:47,31,33,1978,4298
2023-10-12 12:22:59,30,33,1978,4298
2023-10-12 12:23:03,31,33,1978,4298
2023-10-12 12:23:04,30,33,1978,4298
2023-10-12 12:23:15,31,33,1978,4298
2023-10-12 12:23:43,31,32,1978,4298
2023-10-12 12:23:47,30,32,1978,4298
2023-10-12 12:23:57,29,32,1978,4298
2023-10-12 12:24:06,29,31,1978,4298
2023-10-12 12:24:11,29,32,1978,4298
2023-10-12 12:24:23,29,31,1978,4298
2023-10-12 12:24:51,29,30,1978,4298
2023-10-12 12:24:54,29,31,1978,4298
2023-10-12 12:25:22,29,32,1978,4298
2023-10-12 12:25:23,30,32,1978,4298
2023-10-12 12:25:45,30,33,1978,4298
2023-10-12 12:25:45,31,33,1978,4298
2023-10-12 12:26:46,31,32,1978,4298
2023-10-12 12:26:55,30,32,1978,4298
2023-10-12 12:27:00,29,32,1978,4298
2023-10-12 12:27:04,30,32,1978,4298
2023-10-12 12:27:17,29,32,1978,4298
2023-10-12 12:27:29,29,31,1978,4298
2023-10-12 12:27:49,28,31,1978,4298
2023-10-12 12:27:49,27,30,1978,4298
2023-10-12 12:27:53,27,29,1978,4298
2023-10-12 12:28:34,28,29,1978,4298
2023-10-12 12:28:36,28,31,1978,4298
2023-10-12 12:28:39,28,30,1978,4298
2023-10-12 12:29:04,28,31,1978,4298
2023-10-12 12:29:10,28,30,1978,4298
2023-10-12 12:29:22,27,30,1978,4298
2023-10-12 12:30:08,27,29,1978,4298
2023-10-12 12:30:09,27,30,1978,4298
2023-10-12 12:30:14,27,29,1978,4298
2023-10-12 12:30:15,27,30,1978,4298
2023-10-12 12:30:39,28,30,1978,4298
2023-10-12 12:30:47,28,31,1978,4298
2023-10-12 12:30:52,28,30,1978,4298
2023-10-12 12:31:08,27,30,1978,4298
2023-10-12 12:31:13,27,29,1978,4298
2023-10-12 12:31:14,27,30,1978,4298
2023-10-12 12:31:28,27,29,1978,4298
2023-10-12 12:31:32,27,30,1978,4298
2023-10-12 12:31:57,28,30,1978,4298
2023-10-12 12:31:59,28,31,1978,4298
2023-10-12 12:32:00,28,30,1978,4298
2023-10-12 12:32:02,28,31,1978,4298
2023-10-12 12:32:22,28,30,1978,4298
2023-10-12 12:32:51,28,31,1978,4298
2023-10-12 12:33:16,28,30,1978,4298
2023-10-12 12:33:22,28,31,1978,4298
2023-10-12 12:33:47,29,31,1978,4298
2023-10-12 12:33:51,29,32,1978,4298
2023-10-12 12:34:05,30,32,1978,4298
2023-10-12 12:34:13,30,33,1978,4298
2023-10-12 12:34:14,31,33,1978,4298
2023-10-12 12:34:22,30,33,1978,4298
2023-10-12 12:34:40,31,33,1978,4298
2023-10-12 12:35:04,30,33,1978,4298
2023-10-12 12:35:08,31,33,1978,4298
2023-10-12 12:35:15,30,33,1978,4298
2023-10-12 12:35:25,30,32,1978,4298
2023-10-12 12:36:03,30,33,1978,4298
2023-10-12 12:36:06,31,33,1978,4298
2023-10-12 12:36:22,30,33,1978,4298
2023-10-12 12:36:27,31,33,1978,4298
2023-10-12 12:37:26,31,34,1978,4298
2023-10-12 12:37:26,32,34,1978,4298
2023-10-12 12:38:11,31,34,1978,4298
2023-10-12 12:38:15,31,33,1978,4298
2023-10-12 12:38:24,31,34,1978,4298
2023-10-12 12:38:27,31,33,1978,4298
2023-10-12 12:39:02,30,33,1978,4298
2023-10-12 12:39:05,30,32,1978,4298
2023-10-12 12:39:31,30,31,1978,4298
2023-10-12 12:39:33,29,31,1978,4298
2023-10-12 12:39:47,29,32,1978,4298
2023-10-12 12:39:50,29,31,1978,4298
2023-10-12 12:40:03,29,32,1978,4298
2023-10-12 12:40:10,29,31,1978,4298
2023-10-12 12:40:11,29,30,1978,4298
2023-10-12 12:40:12,29,30,2210,4530
2023-10-12 12:40:23,28,30,2378,4698
2023-10-12 12:40:24,28,29,2378,4698
2023-10-12 12:40:29,27,29,2600,4920
2023-10-12 12:40:30,27,28,2600,4920
2023-10-12 12:40:34,27,28,2850,5170
2023-10-12 12:40:37,27,29,2899,5219
2023-10-12 12:40:38,27,28,2899,5219
2023-10-12 12:40:39,27,29,3123,5443
2023-10-12 12:40:40,27,28,3123,5443
2023-10-12 12:40:41,27,29,3123,5443
2023-10-12 12:40:46,28,29,3123,5443
2023-10-12 12:40:46,28,29,3372,5692
2023-10-12 12:40:47,28,29,3622,5942
2023-10-12 12:40:49,28,30,3622,5942
2023-10-12 12:40:55,28,29,3622,5942
2023-10-12 12:40:58,28,29,3622,6176
2023-10-12 12:40:58,27,29,3622,6176
2023-10-12 12:41:03,28,29,3622,6176
2023-10-12 12:41:04,28,30,3622,6176
2023-10-12 12:41:10,28,29,3622,6176
2023-10-12 12:41:15,27,29,3622,6176
2023-10-12 12:41:42,28,29,3622,6176
2023-10-12 12:41:42,27,29,3622,6176
2023-10-12 12:41:43,28,29,3622,6176
2023-10-12 12:41:46,28,30,3852,6406
2023-10-12 12:42:22,28,31,3852,6406
2023-10-12 12:42:36,28,30,3852,6406
2023-10-12 12:43:25,28,29,3852,6406
2023-10-12 12:43:29,27,29,3852,6406
2023-10-12 12:43:31,27,28,3852,6406
2023-10-12 12:44:02,27,28,4102,6656
2023-10-12 12:45:02,27,29,4102,6656
2023-10-12 12:45:05,28,29,4102,6656
2023-10-12 12:45:06,27,29,4102,6656
2023-10-12 12:45:08,28,29,4102,6656
2023-10-12 12:45:14,28,30,4102,6656
2023-10-12 12:45:27,29,30,4102,6656
2023-10-12 12:45:27,29,31,4102,6656
2023-10-12 12:45:38,29,30,4102,6656
2023-10-12 12:45:39,29,31,4293,6847
2023-10-12 12:45:46,30,31,4293,6847
2023-10-12 12:45:46,30,32,4293,6847
2023-10-12 12:45:48,31,32,4293,6847
2023-10-12 12:45:50,31,33,4293,6847
2023-10-12 12:45:53,31,32,4293,6847
2023-10-12 12:46:09,30,32,4293,6847
2023-10-12 12:47:45,31,32,4293,6847
2023-10-12 12:47:49,31,33,4293,6847
2023-10-12 12:47:50,31,32,4293,6847
2023-10-12 12:47:51,31,33,4293,6847
2023-10-12 12:47:57,31,32,4293,6847
2023-10-12 12:47:58,30,32,4293,6847
2023-10-12 12:48:00,31,32,4293,6847
2023-10-12 12:48:02,30,32,4293,6847
2023-10-12 12:48:07,31,32,4293,6847
2023-10-12 12:48:08,31,33,4293,6847
2023-10-12 12:48:25,31,32,4293,6847
2023-10-12 12:48:26,31,33,4293,6847
2023-10-12 12:48:30,31,32,4293,6847
2023-10-12 12:48:47,30,32,4293,6847
2023-10-12 12:48:59,31,32,4293,6847
2023-10-12 12:49:02,31,33,4293,6847
2023-10-12 12:49:04,31,32,4293,6847
2023-10-12 12:49:07,31,33,4293,6847
2023-10-12 12:49:15,31,34,4293,6847
2023-10-12 12:49:15,32,34,4293,6847
2023-10-12 12:49:27,33,34,4293,6847
2023-10-12 12:49:27,33,35,4293,6847
2023-10-12 12:49:40,34,35,4293,6847
2023-10-12 12:49:49,33,35,4293,6847
2023-10-12 12:49:50,34,35,4293,6847
2023-10-12 12:49:52,33,35,4293,6847
2023-10-12 12:50:03,33,34,4293,6847
2023-10-12 12:50:06,32,34,4293,6847
2023-10-12 12:50:10,33,34,4293,6847
2023-10-12 12:50:12,33,35,4293,6847
2023-10-12 12:50:22,33,36,4293,6847
2023-10-12 12:50:22,34,36,4293,6847
2023-10-12 12:50:23,35,36,4293,6847
2023-10-12 12:50:25,35,36,4293,7031
2023-10-12 12:50:26,34,36,4293,7031
2023-10-12 12:50:30,33,36,4293,7031
2023-10-12 12:50:30,33,35,4293,7031
2023-10-12 12:50:37,34,35,4293,7031
2023-10-12 12:50:40,33,35,4293,7031
2023-10-12 12:50:45,34,35,4293,7031
2023-10-12 12:50:50,34,36,4293,7031
2023-10-12 12:50:51,34,35,4293,7031
2023-10-12 12:50:52,33,35,4293,7031
2023-10-12 12:50:58,34,35,4293,7031
2023-10-12 12:51:02,33,35,4293,7031
2023-10-12 12:51:04,34,35,4293,7031
2023-10-12 12:51:05,33,35,4293,7031
2023-10-12 12:51:12,33,36,4293,7031
2023-10-12 12:51:12,34,36,4293,7031
2023-10-12 12:51:49,33,36,4293,7031
2023-10-12 12:51:49,33,35,4293,7031
2023-10-12 12:51:55,32,35,4293,7031
2023-10-12 12:51:58,32,34,4293,7031
2023-10-12 12:52:05,32,35,4293,7031
2023-10-12 12:52:05,33,35,4293,7031
2023-10-12 12:52:09,32,35,4293,7031
2023-10-12 12:52:19,32,34,4293,7031
2023-10-12 12:52:43,31,34,4293,7031
2023-10-12 12:52:44,31,33,4293,7031
2023-10-12 12:53:09,31,32,4293,7031
2023-10-12 12:53:09,30,32,4293,7031
2023-10-12 12:53:11,30,31,4293,7031
2023-10-12 12:53:21,30,32,4293,7031
2023-10-12 12:53:41,30,33,4293,7031
2023-10-12 12:53:41,31,33,4293,7031
2023-10-12 12:53:46,31,34,4293,7031
2023-10-12 12:53:48,32,34,4293,7031
2023-10-12 12:53:59,33,34,4293,7031
2023-10-12 12:54:01,32,34,4293,7031
2023-10-12 12:54:03,32,33,4293,7031
2023-10-12 12:54:14,32,34,4293,7031
2023-10-12 12:54:15,32,33,4293,7031
2023-10-12 12:54:20,32,34,4293,7031
2023-10-12 12:54:21,32,33,4293,7031
2023-10-12 12:54:41,31,33,4293,7031
2023-10-12 12:54:52,31,32,4293,7031
2023-10-12 12:55:06,30,32,4293,7031
2023-10-12 12:55:25,31,32,4293,7031
2023-10-12 12:55:25,31,33,4293,7031
2023-10-12 12:55:30,32,33,4293,7031
2023-10-12 12:55:30,32,34,4293,7031
2023-10-12 12:55:34,32,33,4293,7031
2023-10-12 12:55:36,32,34,4293,7031
2023-10-12 12:55:37,32,33,4293,7031
2023-10-12 12:55:39,32,34,4293,7031
2023-10-12 12:55:42,33,34,4293,7031
2023-10-12 12:55:43,33,35,4293,7031
2023-10-12 12:55:45,33,36,4293,7031
2023-10-12 12:55:45,34,36,4293,7031
2023-10-12 12:55:47,34,37,4293,7031
2023-10-12 12:55:47,35,37,4293,7031
2023-10-12 12:55:48,35,37,4293,7032
2023-10-12 12:55:48,36,37,4293,7032
2023-10-12 12:56:04,36,38,4293,7032
2023-10-12 12:56:05,37,38,4293,7032
2023-10-12 12:56:05,37,38,4293,7033
2023-10-12 12:56:08,37,39,4293,7033
2023-10-12 12:56:09,37,40,4093,7233
2023-10-12 12:56:09,38,40,4093,7233
2023-10-12 12:56:10,38,40,3693,7633
2023-10-12 12:56:10,39,40,3693,7733
2023-10-12 12:56:37,38,40,3693,7733
2023-10-12 12:56:37,38,39,3693,7733
2023-10-12 12:56:47,38,39,3693,7913
2023-10-12 12:56:48,38,40,3693,7913
2023-10-12 12:57:03,38,39,3693,7913
2023-10-12 12:59:58,38,39,3753,7973
2023-10-12 13:00:00,37,39,3893,8113
2023-10-12 13:00:00,37,38,3893,8113
2023-10-12 13:00:05,38,39,4017,8237
2023-10-12 13:00:32,38,40,4017,8237
2023-10-12 13:00:35,38,39,4017,8237
2023-10-12 13:00:46,38,40,4017,8237
2023-10-12 13:01:01,38,39,4017,8237
2023-10-12 13:01:10,38,39,3817,8437
2023-10-12 13:01:10,37,39,3817,8437
2023-10-12 13:01:10,37,38,3817,8437
2023-10-12 13:01:38,37,40,3817,8437
2023-10-12 13:01:38,37,39,3817,8437
2023-10-12 13:01:39,38,39,3817,8437
2023-10-12 13:01:46,37,39,3817,8437
2023-10-12 13:01:46,37,38,3817,8437
2023-10-12 13:01:56,37,39,3817,8686
2023-10-12 13:01:56,37,39,3842,8711
2023-10-12 13:01:56,37,40,3842,8711
2023-10-12 13:01:56,37,41,3842,8711
2023-10-12 13:01:56,37,40,3842,8711
2023-10-12 13:01:56,37,41,3842,8711
2023-10-12 13:01:56,36,41,3842,8711
2023-10-12 13:01:56,38,41,3842,8711
2023-10-12 13:01:57,39,41,3842,8711
2023-10-12 13:01:57,40,41,3842,8711
2023-10-12 13:01:57,40,42,3642,8952
2023-10-12 13:01:58,41,42,3642,8952
2023-10-12 13:01:58,41,42,3642,9119
2023-10-12 13:02:03,41,43,3640,9159
2023-10-12 13:02:04,41,44,3640,9159
2023-10-12 13:02:04,43,44,3640,9159
2023-10-12 13:02:06,43,45,3625,9174
2023-10-12 13:02:07,44,45,3625,9174
2023-10-12 13:02:07,44,45,3587,9212
2023-10-12 13:02:12,44,45,3587,9249
2023-10-12 13:02:19,43,45,3787,9449
2023-10-12 13:02:20,43,44,3787,9449
2023-10-12 13:02:28,43,45,3787,9449
2023-10-12 13:02:28,44,45,3787,9449
2023-10-12 13:02:32,43,45,3787,9449
2023-10-12 13:02:32,43,44,3787,9449
2023-10-12 13:02:56,43,45,3787,9449
2023-10-12 13:02:57,43,46,3787,9449
2023-10-12 13:02:57,44,46,3787,9449
2023-10-12 13:02:58,43,46,3787,9449
2023-10-12 13:02:58,43,45,3787,9449
2023-10-12 13:03:00,43,46,3787,9449
2023-10-12 13:03:00,44,46,3787,9449
2023-10-12 13:03:30,44,47,3787,9449
2023-10-12 13:03:30,45,47,3787,9449
2023-10-12 13:03:33,46,47,3787,9449
2023-10-12 13:05:14,46,47,3387,9849
2023-10-12 13:05:31,46,48,3387,9849
2023-10-12 13:05:31,47,48,3387,9849
2023-10-12 13:06:05,47,48,3174,10249
2023-10-12 13:06:06,46,48,3174,10249
2023-10-12 13:06:07,47,48,3174,10249
2023-10-12 13:06:53,47,48,3199,10274
2023-10-12 13:08:27,46,48,3199,10274
2023-10-12 13:08:27,46,49,3199,10474
2023-10-12 13:08:28,47,49,3199,10474
2023-10-12 13:08:28,48,49,3199,10474
2023-10-12 13:08:32,48,49,3196,10478
2023-10-12 13:08:41,46,49,3196,10478
2023-10-12 13:08:42,47,49,3196,10478
2023-10-12 13:08:44,47,48,3196,10478
2023-10-12 13:08:52,46,48,3196,10478
2023-10-12 13:08:53,47,48,3196,10478
2023-10-12 13:09:39,47,49,3196,10478
2023-10-12 13:09:39,48,49,3196,10478
2023-10-12 13:09:45,48,49,3196,10678
2023-10-12 13:09:45,47,49,3196,10678
2023-10-12 13:09:49,48,49,3196,10678
2023-10-12 13:10:19,47,49,3196,10678
2023-10-12 13:10:20,48,49,3196,10678
2023-10-12 13:10:22,47,49,3196,10678
2023-10-12 13:10:28,47,48,3196,10678
2023-10-12 13:10:30,47,49,3196,10678
2023-10-12 13:10:33,48,49,3196,10678
2023-10-12 13:10:33,48,49,3256,10738
2023-10-12 13:10:34,47,49,3256,10738
2023-10-12 13:10:35,48,49,3256,10738
2023-10-12 13:10:37,47,49,3256,10738
2023-10-12 13:10:38,47,48,3256,10738
2023-10-12 13:10:39,47,49,3256,10738
2023-10-12 13:10:40,47,48,3256,10738
2023-10-12 13:10:40,48,49,3256,10938
2023-10-12 13:10:41,47,49,3256,10938
2023-10-12 13:10:42,47,48,3256,10938
2023-10-12 13:10:51,46,48,3256,10938
2023-10-12 13:10:52,47,48,3256,10938
2023-10-12 13:11:01,46,48,3256,10938
2023-10-12 13:11:03,47,48,3256,10938
2023-10-12 13:11:06,46,48,3256,10938
2023-10-12 13:11:09,47,48,3256,10938
2023-10-12 13:11:10,46,48,3256,10938
2023-10-12 13:11:24,47,48,3256,10938
2023-10-12 13:11:28,46,48,3256,10938
2023-10-12 13:11:30,47,48,3256,10938
2023-10-12 13:11:31,46,48,3256,10938
2023-10-12 13:11:34,47,48,3256,10938
2023-10-12 13:11:35,46,48,3256,10938
2023-10-12 13:11:37,47,48,3256,10938
2023-10-12 13:11:44,47,49,3256,10938
2023-10-12 13:11:44,47,48,3256,10938
2023-10-12 13:11:45,47,49,3256,10938
2023-10-12 13:11:51,47,48,3256,10938
2023-10-12 13:11:53,47,49,3256,10938
2023-10-12 13:11:58,47,48,3256,10938
2023-10-12 13:12:31,47,48,3256,11138
2023-10-12 13:12:52,47,48,3256,11338
2023-10-12 13:13:01,46,47,3256,11467
2023-10-12 13:13:02,46,48,3256,11467
2023-10-12 13:13:02,46,47,3256,11467
2023-10-12 13:13:05,46,48,3256,11467
2023-10-12 13:13:08,45,48,3256,11467
2023-10-12 13:13:09,46,48,3256,11467
2023-10-12 13:13:12,47,48,3256,11467
2023-10-12 13:13:19,46,48,3256,11467
2023-10-12 13:13:24,45,48,3256,11467
2023-10-12 13:13:24,45,47,3256,11467
2023-10-12 13:13:32,46,47,3256,11467
2023-10-12 13:13:33,45,47,3256,11467
2023-10-12 13:13:34,46,47,3256,11467
2023-10-12 13:13:36,45,47,3256,11467
2023-10-12 13:13:59,45,46,3256,11467
2023-10-12 13:14:02,45,47,3256,11467
2023-10-12 13:14:13,45,46,3256,11467
2023-10-12 13:14:23,44,46,3256,11467
2023-10-12 13:14:28,44,45,3256,11467
2023-10-12 13:14:31,43,44,3256,11471
2023-10-12 13:15:00,42,44,3256,11471
2023-10-12 13:15:01,42,43,3256,11471
2023-10-12 13:15:01,42,43,3436,11651
2023-10-12 13:15:02,41,43,3436,11651
2023-10-12 13:15:02,41,42,3436,11651
2023-10-12 13:15:09,41,43,3436,11651
2023-10-12 13:15:21,41,42,3436,11651
2023-10-12 13:15:22,40,42,3436,11651
2023-10-12 13:15:42,40,41,3436,11651
2023-10-12 13:15:53,40,42,3436,11651
2023-10-12 13:15:56,40,41,3436,11651
2023-10-12 13:16:02,40,42,3436,11651
2023-10-12 13:16:06,41,42,3436,11651
2023-10-12 13:16:07,41,43,3436,11651
2023-10-12 13:16:25,41,42,3436,11651
2023-10-12 13:16:31,41,43,3436,11651
2023-10-12 13:17:00,41,42,3436,11651
2023-10-12 13:17:15,40,42,3436,11651
2023-10-12 13:17:17,40,41,3436,11651
2023-10-12 13:17:17,39,41,3436,11651
2023-10-12 13:17:22,39,40,3436,11651
2023-10-12 13:17:30,39,41,3436,11651
2023-10-12 13:17:30,40,41,3436,11651
2023-10-12 13:17:34,39,41,3436,11651
2023-10-12 13:17:35,39,40,3436,11651
2023-10-12 13:17:36,38,40,3436,11651
2023-10-12 13:17:38,38,39,3436,11651
2023-10-12 13:17:38,38,39,3436,11851
2023-10-12 13:17:38,37,39,3436,11851
2023-10-12 13:17:45,37,38,3436,11851
2023-10-12 13:17:46,36,38,3436,11851
2023-10-12 13:17:49,36,39,3436,11851
2023-10-12 13:17:52,37,39,3436,11851
2023-10-12 13:18:02,36,39,3436,11851
2023-10-12 13:18:03,37,39,3436,11851
2023-10-12 13:18:05,36,39,3436,11851
2023-10-12 13:18:08,37,39,3436,11851
2023-10-12 13:18:13,37,40,3436,11851
2023-10-12 13:18:23,38,40,3436,11851
2023-10-12 13:18:30,38,41,3436,11851
2023-10-12 13:18:32,38,40,3436,11851
2023-10-12 13:18:41,39,40,3436,11851
2023-10-12 13:18:42,39,41,3436,11851
2023-10-12 13:19:09,39,40,3436,11851
2023-10-12 13:19:13,39,41,3436,11851
2023-10-12 13:19:24,39,40,3436,11851
2023-10-12 13:19:26,37,40,3436,11851
2023-10-12 13:19:27,38,40,3436,11851
2023-10-12 13:19:47,38,41,3436,11851
2023-10-12 13:19:50,39,41,3436,11851
2023-10-12 13:19:55,40,41,3436,11851
2023-10-12 13:19:56,40,42,3436,11851
2023-10-12 13:20:01,40,41,3436,11851
2023-10-12 13:20:02,40,42,3436,11851
2023-10-12 13:20:16,40,43,3436,11851
2023-10-12 13:20:20,41,43,3436,11851
2023-10-12 13:20:41,42,43,3436,11851
2023-10-12 13:20:47,42,44,3436,11851
2023-10-12 13:20:54,42,43,3436,11851
2023-10-12 13:21:02,42,44,3436,11851
2023-10-12 13:21:14,42,43,3436,11851
2023-10-12 13:21:14,42,43,3616,12031
2023-10-12 13:21:14,41,43,3616,12031
2023-10-12 13:21:19,41,42,3616,12031
2023-10-12 13:21:19,40,42,3616,12031
2023-10-12 13:21:20,39,42,3616,12031
2023-10-12 13:21:20,40,42,3616,12031
2023-10-12 13:21:21,40,41,3616,12031
2023-10-12 13:21:21,39,41,3616,12031
2023-10-12 13:21:24,39,40,3616,12031
2023-10-12 13:21:25,38,40,3616,12031
2023-10-12 13:21:26,39,40,3616,12031
2023-10-12 13:21:29,38,40,3616,12031
2023-10-12 13:21:32,38,39,3616,12031
2023-10-12 13:21:34,38,40,3616,12031
2023-10-12 13:21:35,38,39,3616,12031
2023-10-12 13:21:36,38,40,3616,12031
2023-10-12 13:21:37,38,39,3616,12031
2023-10-12 13:21:39,38,40,3616,12031
2023-10-12 13:21:45,39,40,3616,12031
2023-10-12 13:21:48,39,41,3616,12031
2023-10-12 13:21:52,40,41,3616,12031
2023-10-12 13:21:52,40,42,3616,12031
2023-10-12 13:21:58,39,42,3616,12031
2023-10-12 13:22:03,39,41,3616,12031
2023-10-12 13:22:22,40,41,3616,12031
2023-10-12 13:22:28,40,42,3616,12031
2023-10-12 13:22:29,40,41,3616,12031
2023-10-12 13:22:30,40,42,3616,12031
2023-10-12 13:22:32,40,41,3616,12031
2023-10-12 13:22:36,39,41,3616,12031
2023-10-12 13:22:57,39,40,3616,12031
2023-10-12 13:22:57,39,41,3616,12031
2023-10-12 13:22:58,40,41,3616,12031
2023-10-12 13:23:10,40,42,3616,12031
2023-10-12 13:23:15,39,42,3616,12031
2023-10-12 13:23:16,39,41,3616,12031
2023-10-12 13:23:25,39,42,3616,12031
2023-10-12 13:23:26,39,41,3616,12031
2023-10-12 13:23:30,40,41,3616,12031
2023-10-12 13:23:31,40,42,3616,12031
2023-10-12 13:23:36,40,41,3616,12031
2023-10-12 13:23:37,39,41,3616,12031
2023-10-12 13:23:45,38,41,3616,12031
2023-10-12 13:23:53,39,41,3616,12031
2023-10-12 13:23:57,38,41,3616,12031
2023-10-12 13:23:58,39,41,3616,12031
2023-10-12 13:24:02,39,40,3616,12031
2023-10-12 13:24:04,39,41,3616,12031
2023-10-12 13:24:15,39,40,3616,12031
2023-10-12 13:24:16,39,41,3616,12031
2023-10-12 13:24:26,39,40,3616,12031
2023-10-12 13:24:26,38,40,3616,12031
2023-10-12 13:24:27,39,40,3616,12031
2023-10-12 13:24:29,38,40,3616,12031
2023-10-12 13:24:30,39,40,3616,12031
2023-10-12 13:24:31,38,40,3616,12031
2023-10-12 13:24:35,38,39,3616,12031
2023-10-12 13:24:35,37,39,3616,12031
2023-10-12 13:24:43,37,38,3616,12031
2023-10-12 13:24:45,37,39,3616,12031
2023-10-12 13:24:51,38,39,3616,12031
2023-10-12 13:24:54,37,39,3616,12031
2023-10-12 13:24:55,38,39,3616,12031
2023-10-12 13:24:57,37,39,3616,12031
2023-10-12 13:25:00,38,39,3616,12031
2023-10-12 13:25:12,37,39,3616,12031
2023-10-12 13:25:14,38,39,3616,12031
2023-10-12 13:25:15,37,39,3616,12031
2023-10-12 13:25:19,37,38,3616,12031
2023-10-12 13:25:25,37,39,3616,12031
2023-10-12 13:25:25,38,39,3616,12031
2023-10-12 13:25:35,37,39,3616,12031
2023-10-12 13:25:38,38,39,3616,12031
2023-10-12 13:25:46,37,39,3616,12031
2023-10-12 13:25:52,36,39,3616,12031
2023-10-12 13:25:53,36,38,3616,12031
2023-10-12 13:25:56,36,37,3616,12031
2023-10-12 13:25:57,35,36,3785,12286
2023-10-12 13:25:57,34,36,3785,12286
2023-10-12 13:25:57,34,36,3785,12346
2023-10-12 13:25:57,34,35,3785,12346
2023-10-12 13:26:16,35,37,3580,12551
2023-10-12 13:26:16,36,37,3580,12551
2023-10-12 13:26:42,34,37,3580,12551
2023-10-12 13:26:43,35,37,3580,12551
2023-10-12 13:26:44,35,36,3580,12551
2023-10-12 13:26:45,34,36,3580,12551
2023-10-12 13:27:12,35,36,3580,12551
2023-10-12 13:27:16,35,37,3580,12551
2023-10-12 13:27:39,35,38,3580,12551
2023-10-12 13:27:39,36,38,3580,12551
2023-10-12 13:27:40,37,38,3580,12551
2023-10-12 13:27:46,37,39,3580,12551
2023-10-12 13:27:47,38,39,3580,12551
2023-10-12 13:27:48,38,40,3580,12551
2023-10-12 13:27:51,39,40,3580,12551
2023-10-12 13:27:55,39,40,3780,12751
2023-10-12 13:27:55,38,40,3780,12751
2023-10-12 13:27:56,38,39,3780,12751
2023-10-12 13:27:57,37,39,3780,12751
2023-10-12 13:28:01,37,38,3780,12751
2023-10-12 13:28:04,36,38,3780,12751
2023-10-12 13:28:08,37,38,3780,12751
2023-10-12 13:28:09,37,39,3780,12751
2023-10-12 13:28:12,36,39,3780,12751
2023-10-12 13:28:16,36,38,3780,12751
2023-10-12 13:28:20,36,39,3780,12751
2023-10-12 13:28:23,37,39,3780,12751
2023-10-12 13:28:43,36,39,3780,12751
2023-10-12 13:28:46,36,38,3780,12751
2023-10-12 13:29:02,35,38,3780,12751
2023-10-12 13:29:04,34,38,3780,12751
2023-10-12 13:29:04,34,37,3780,12751
2023-10-12 13:29:04,34,36,3780,12751
2023-10-12 13:29:05,34,35,3780,12751
2023-10-12 13:29:21,34,36,3780,12751
2023-10-12 13:29:22,34,35,3780,12751
2023-10-12 13:29:23,34,36,3780,12751
2023-10-12 13:29:26,35,36,3780,12751
2023-10-12 13:29:28,35,37,3780,12751
2023-10-12 13:29:29,35,38,3780,12751
2023-10-12 13:29:29,35,37,3780,12751
2023-10-12 13:29:33,35,38,3780,12751
2023-10-12 13:29:35,35,37,3780,12751
2023-10-12 13:29:39,35,38,3780,12751
2023-10-12 13:29:40,36,38,3780,12751
2023-10-12 13:29:43,35,38,3780,12751
2023-10-12 13:29:43,35,37,3780,12751
2023-10-12 13:29:56,34,37,3780,12751
2023-10-12 13:30:01,34,36,3780,12751
2023-10-12 13:30:03,33,36,3780,12751
2023-10-12 13:30:03,33,34,3780,12751
2023-10-12 13:30:06,33,34,3580,12951
2023-10-12 13:30:06,33,36,3580,12951
2023-10-12 13:30:07,34,36,3580,12951
2023-10-12 13:30:10,34,35,3580,12951
2023-10-12 13:30:11,34,36,3580,12951
2023-10-12 13:30:13,33,36,3580,12951
2023-10-12 13:30:13,33,35,3580,12951
2023-10-12 13:30:14,33,36,3580,12951
2023-10-12 13:30:14,34,36,3580,12951
2023-10-12 13:30:15,34,35,3580,12951
2023-10-12 13:30:17,34,36,3580,12951
2023-10-12 13:30:19,33,36,3580,12951
2023-10-12 13:30:19,33,35,3580,12951
2023-10-12 13:30:22,33,34,3580,12951
2023-10-12 13:30:22,33,34,3616,13011
2023-10-12 13:30:26,33,35,3616,13011
2023-10-12 13:30:42,34,35,3616,13011
2023-10-12 13:30:43,34,36,3616,13011
2023-10-12 13:30:49,34,37,3616,13011
2023-10-12 13:30:50,35,37,3616,13011
2023-10-12 13:30:51,35,38,3616,13011
2023-10-12 13:30:52,36,38,3616,13011
2023-10-12 13:30:54,36,37,3616,13011
2023-10-12 13:30:55,35,37,3616,13011
2023-10-12 13:30:55,35,37,3736,13131
2023-10-12 13:30:55,34,37,3736,13131
2023-10-12 13:30:55,34,36,3736,13131
2023-10-12 13:30:56,35,36,3736,13131
2023-10-12 13:31:00,35,37,3736,13131
2023-10-12 13:31:00,35,38,3736,13131
2023-10-12 13:31:00,35,37,3736,13131
2023-10-12 13:31:01,36,37,3736,13131
2023-10-12 13:31:01,36,38,3736,13131
2023-10-12 13:31:01,36,39,3736,13131
2023-10-12 13:31:01,36,38,3736,13131
2023-10-12 13:31:02,37,38,3736,13131
2023-10-12 13:31:02,37,38,3796,13191
2023-10-12 13:31:06,36,38,3796,13191
2023-10-12 13:31:06,36,37,3796,13191
2023-10-12 13:31:09,36,39,3796,13191
2023-10-12 13:31:09,36,38,3796,13191
2023-10-12 13:31:10,37,38,3796,13191
2023-10-12 13:31:10,38,39,3796,13311
2023-10-12 13:31:11,37,39,3796,13311
2023-10-12 13:31:11,38,39,3796,13311
2023-10-12 13:31:15,37,39,3796,13311
2023-10-12 13:31:33,38,39,3796,13311
2023-10-12 13:31:34,38,40,3796,13311
2023-10-12 13:31:44,38,39,3796,13311
2023-10-12 13:31:45,37,39,3796,13311
2023-10-12 13:31:53,37,39,3796,13332
2023-10-12 13:31:57,37,40,3796,13332
2023-10-12 13:32:12,37,39,3796,13332
2023-10-12 13:32:19,36,39,3796,13332
2023-10-12 13:32:21,37,39,3796,13332
2023-10-12 13:32:22,36,39,3796,13332
2023-10-12 13:32:23,37,39,3796,13332
2023-10-12 13:32:26,36,39,3796,13332
2023-10-12 13:32:30,37,39,3796,13332
2023-10-12 13:33:00,37,40,3796,13332
2023-10-12 13:33:07,38,40,3796,13332
2023-10-12 13:33:17,39,40,3796,13332
2023-10-12 13:33:42,38,40,3796,13332
2023-10-12 13:33:44,38,39,3796,13332
2023-10-12 13:33:46,38,40,3796,13332
2023-10-12 13:33:48,37,40,3796,13332
2023-10-12 13:33:48,37,39,3796,13332
2023-10-12 13:34:08,36,39,3796,13332
2023-10-12 13:34:10,36,38,3796,13332
2023-10-12 13:34:14,36,37,3796,13332
2023-10-12 13:34:16,35,37,3796,13332
2023-10-12 13:34:20,35,36,3796,13332
2023-10-12 13:34:27,34,36,3796,13332
2023-10-12 13:34:29,34,35,3796,13332
2023-10-12 13:34:37,33,35,3996,13532
2023-10-12 13:34:56,33,34,3996,13532
2023-10-12 13:34:57,32,34,3996,13532
2023-10-12 13:35:11,33,34,3996,13532
2023-10-12 13:35:13,33,35,3996,13532
2023-10-12 13:35:20,33,36,3996,13532
2023-10-12 13:35:21,33,35,3996,13532
2023-10-12 13:35:27,33,34,3996,13532
2023-10-12 13:35:29,33,35,3996,13532
2023-10-12 13:35:30,33,34,3996,13532
2023-10-12 13:35:33,33,35,3996,13532
2023-10-12 13:35:36,33,36,3996,13532
2023-10-12 13:35:37,33,35,3996,13532
2023-10-12 13:35:45,33,36,3996,13532
2023-10-12 13:35:46,33,35,3996,13532
2023-10-12 13:35:51,32,35,3996,13532
2023-10-12 13:35:56,32,34,3996,13532
2023-10-12 13:35:59,31,34,3996,13532
2023-10-12 13:36:02,31,33,3996,13532
2023-10-12 13:36:11,31,32,3996,13532
2023-10-12 13:36:16,31,33,3996,13532
2023-10-12 13:36:25,31,34,3996,13532
2023-10-12 13:36:29,31,33,3996,13532
2023-10-12 13:37:06,31,32,3996,13532
2023-10-12 13:37:08,31,32,3996,13732
2023-10-12 13:37:08,31,32,4056,13792
2023-10-12 13:37:14,31,33,4056,13792
2023-10-12 13:37:33,31,34,4056,13792
2023-10-12 13:37:35,32,34,4056,13792
2023-10-12 13:37:35,32,35,4056,13792
2023-10-12 13:37:36,32,34,4056,13792
2023-10-12 13:37:45,32,35,4056,13792
2023-10-12 13:37:47,33,35,4056,13792
2023-10-12 13:37:52,33,36,4056,13792
2023-10-12 13:37:53,33,35,4056,13792
2023-10-12 13:37:54,33,36,4056,13792
2023-10-12 13:37:55,33,35,4056,13792
2023-10-12 13:38:00,32,35,4056,13792
2023-10-12 13:38:09,33,35,4056,13792
2023-10-12 13:38:33,33,36,4056,13792
2023-10-12 13:38:34,34,36,4056,13792
2023-10-12 13:38:42,35,36,4056,13792
2023-10-12 13:38:43,35,37,4056,13792
2023-10-12 13:38:54,34,37,4056,13792
2023-10-12 13:39:03,34,36,4056,13792
2023-10-12 13:39:19,33,36,4056,13792
2023-10-12 13:39:19,33,35,4056,13792
2023-10-12 13:39:21,32,35,4056,13792
2023-10-12 13:39:24,32,34,4056,13792
2023-10-12 13:39:29,31,34,4056,13792
2023-10-12 13:39:35,31,33,4056,13792
2023-10-12 13:39:54,31,32,4056,13792
2023-10-12 13:40:19,31,33,4056,13792
2023-10-12 13:40:19,31,34,4056,13792
2023-10-12 13:40:22,31,33,4056,13792
2023-10-12 13:40:49,31,32,4056,13792
2023-10-12 13:40:51,30,31,4060,13952
2023-10-12 13:40:52,30,32,4060,13952
2023-10-12 13:41:15,30,33,4060,13952
2023-10-12 13:41:34,30,32,4060,13952
2023-10-12 13:41:44,29,32,4060,13952
2023-10-12 13:41:44,29,31,4060,13952
2023-10-12 13:41:49,29,30,4060,13952
2023-10-12 13:41:49,28,30,4060,13952
2023-10-12 13:41:55,28,31,4060,13952
2023-10-12 13:42:07,29,31,4060,13952
2023-10-12 13:42:09,28,31,4060,13952
2023-10-12 13:42:27,28,30,4060,13952
2023-10-12 13:42:28,28,31,4060,13952
2023-10-12 13:42:33,28,30,4060,13952
2023-10-12 13:42:51,28,31,4060,13952
2023-10-12 13:42:52,29,31,4060,13952
2023-10-12 13:42:55,29,32,4060,13952
2023-10-12 13:42:56,30,32,4060,13952
2023-10-12 13:43:03,29,32,4060,13952
2023-10-12 13:43:10,29,31,4060,13952
2023-10-12 13:43:17,29,32,4060,13952
2023-10-12 13:43:24,30,32,4060,13952
2023-10-12 13:43:25,30,33,4060,13952
2023-10-12 13:43:26,31,33,4060,13952
2023-10-12 13:43:30,31,34,4060,13952
2023-10-12 13:43:44,31,33,4060,13952
2023-10-12 13:43:48,31,34,4060,13952
2023-10-12 13:43:51,31,33,4060,13952
2023-10-12 13:43:56,30,33,4060,13952
2023-10-12 13:44:10,30,32,4060,13952
2023-10-12 13:44:16,29,32,4060,13952
2023-10-12 13:44:29,29,31,4060,13952
2023-10-12 13:44:45,28,31,4060,13952
2023-10-12 13:44:49,28,30,4060,13952
2023-10-12 13:44:55,28,29,4060,13952
2023-10-12 13:45:05,28,30,4060,13952
2023-10-12 13:45:22,28,31,4060,13952
2023-10-12 13:45:26,29,31,4060,13952
2023-10-12 13:45:32,29,32,4060,13952
2023-10-12 13:45:55,30,32,4060,13952
2023-10-12 13:45:58,30,33,4060,13952
2023-10-12 13:46:17,31,33,4060,13952
2023-10-12 13:46:28,31,34,4060,13952
2023-10-12 13:46:47,31,33,4060,13952
2023-10-12 13:46:54,30,33,4060,13952
2023-10-12 13:47:02,32,33,4060,13952
2023-10-12 13:47:02,32,33,4120,14012
2023-10-12 13:47:24,32,34,4120,14012
2023-10-12 13:48:00,33,34,4120,14012
2023-10-12 13:48:08,32,34,4120,14012
2023-10-12 13:48:34,31,34,4120,14012
2023-10-12 13:48:35,31,33,4120,14012
2023-10-12 13:48:37,30,33,4120,14012
2023-10-12 13:48:50,30,32,4120,14012
2023-10-12 13:48:52,29,32,4120,14012
2023-10-12 13:48:54,29,31,4120,14012
2023-10-12 13:49:00,29,32,4120,14012
2023-10-12 13:49:06,29,31,4120,14012
2023-10-12 13:49:07,28,31,4120,14012
2023-10-12 13:49:09,29,31,4120,14012
2023-10-12 13:49:12,29,32,4120,14012
2023-10-12 13:49:25,29,31,4120,14012
2023-10-12 13:49:51,29,32,4120,14012
2023-10-12 13:49:57,30,32,4120,14012
2023-10-12 13:50:08,30,33,4120,14012
2023-10-12 13:50:11,30,32,4120,14012
2023-10-12 13:50:17,29,32,4120,14012
2023-10-12 13:50:38,29,31,4120,14012
2023-10-12 13:50:39,28,31,4120,14012
2023-10-12 13:50:46,28,30,4120,14012
2023-10-12 13:50:53,27,30,4120,14012
2023-10-12 13:50:53,27,29,4120,14012
2023-10-12 13:50:54,27,28,4120,14012
2023-10-12 13:51:12,27,28,4176,14072
2023-10-12 13:51:19,26,28,4176,14072
2023-10-12 13:51:28,27,28,4176,14072
2023-10-12 13:51:30,27,30,4176,14072
2023-10-12 13:51:31,28,30,4176,14072
2023-10-12 13:51:32,28,31,4176,14072
2023-10-12 13:51:33,28,30,4176,14072
2023-10-12 13:51:42,27,30,4176,14072
2023-10-12 13:51:42,27,29,4176,14072
2023-10-12 13:51:47,27,28,4176,14072
2023-10-12 13:51:47,26,28,4176,14072
2023-10-12 13:51:54,26,29,4176,14072
2023-10-12 13:51:54,26,28,4176,14072
2023-10-12 13:52:01,26,29,4176,14072
2023-10-12 13:52:01,27,29,4176,14072
2023-10-12 13:52:04,26,29,4176,14072
2023-10-12 13:52:30,26,28,4176,14072
2023-10-12 13:52:46,26,29,4176,14072
2023-10-12 13:52:49,26,28,4176,14072
2023-10-12 13:53:18,26,29,4176,14072
2023-10-12 13:53:19,26,28,4176,14072
2023-10-12 13:53:21,26,29,4176,14072
2023-10-12 13:53:24,27,29,4176,14072
2023-10-12 13:53:26,27,30,4176,14072
2023-10-12 13:53:41,28,30,4176,14072
2023-10-12 13:53:45,28,31,4176,14072
2023-10-12 13:54:02,28,30,4176,14072
2023-10-12 13:54:09,27,30,4176,14072
2023-10-12 13:54:16,27,29,4176,14072
2023-10-12 13:54:17,27,28,4176,14072
2023-10-12 13:54:17,27,28,4236,14132
2023-10-12 13:54:17,26,28,4236,14132
2023-10-12 13:54:18,26,27,4236,14132
2023-10-12 13:55:06,26,29,4236,14132
2023-10-12 13:55:06,26,28,4236,14132
2023-10-12 13:55:06,27,28,4236,14132
2023-10-12 13:55:07,27,29,4236,14132
2023-10-12 13:55:07,27,30,4236,14132
2023-10-12 13:55:07,27,29,4236,14132
2023-10-12 13:55:15,27,30,4236,14132
2023-10-12 13:55:15,27,28,4236,14132
2023-10-12 13:55:18,27,30,4236,14192
2023-10-12 13:55:21,28,30,4236,14192
2023-10-12 13:55:37,28,31,4236,14192
2023-10-12 13:55:43,29,31,4236,14192
2023-10-12 13:55:45,28,31,4236,14192
2023-10-12 13:55:49,29,31,4236,14192
2023-10-12 13:55:54,30,31,4236,14192
2023-10-12 13:55:54,30,31,4486,14442
2023-10-12 13:55:55,30,32,4486,14442
2023-10-12 13:55:55,31,32,4486,14442
2023-10-12 13:55:55,31,32,4486,14645
2023-10-12 13:56:05,30,32,4486,14645
2023-10-12 13:56:11,30,31,4486,14645
2023-10-12 13:56:25,30,32,4486,14645
2023-10-12 13:56:37,30,31,4486,14645
2023-10-12 13:56:38,30,32,4486,14645
2023-10-12 13:56:46,29,32,4486,14645
2023-10-12 13:56:46,31,32,4486,14645
2023-10-12 13:56:57,29,31,4439,14692
2023-10-12 13:57:07,28,31,4439,14692
2023-10-12 13:57:30,28,30,4439,14692
2023-10-12 13:58:02,28,31,4439,14692
2023-10-12 13:58:36,28,30,4439,14692
2023-10-12 13:58:39,28,29,4439,14692
2023-10-12 13:58:40,27,29,4439,14692
2023-10-12 13:58:42,27,28,4439,14692
2023-10-12 13:58:42,26,28,4439,14692
2023-10-12 13:58:43,26,27,4439,14692
2023-10-12 13:58:51,26,27,4439,14712
2023-10-12 13:59:04,25,26,4610,14892
2023-10-12 13:59:04,24,26,4610,14892
2023-10-12 13:59:05,24,25,4610,14892
2023-10-12 13:59:07,23,25,4610,14892
2023-10-12 13:59:11,24,25,4610,14892
2023-10-12 13:59:18,23,25,4610,14892
2023-10-12 13:59:24,22,23,5341,15794
2023-10-12 13:59:24,22,23,5342,15795
2023-10-12 13:59:29,21,23,5342,15795
2023-10-12 13:59:33,21,22,5342,15795
2023-10-12 13:59:57,21,23,5342,15795
2023-10-12 14:00:06,22,23,5342,15795
2023-10-12 14:00:11,21,23,5342,15795
2023-10-12 14:00:14,21,22,5342,15795
2023-10-12 14:00:39,21,23,5342,15795
2023-10-12 14:00:42,21,22,5342,15795
2023-10-12 14:00:59,21,24,5342,15795
2023-10-12 14:00:59,21,23,5342,15795
2023-10-12 14:01:00,22,23,5342,15795
2023-10-12 14:01:03,21,23,5342,15795
2023-10-12 14:01:03,22,23,5342,15795
2023-10-12 14:01:04,21,23,5342,15795
2023-10-12 14:01:06,21,23,5342,15795
2023-10-12 14:01:14,21,23,5342,15795
2023-10-12 14:01:14,22,23,5342,15795
2023-10-12 14:01:15,21,23,5342,15795
2023-10-12 14:01:15,21,24,5342,15795
2023-10-12 14:01:15,21,22,5342,15795
2023-10-12 14:01:43,21,22,5342,15895
2023-10-12 14:01:56,21,22,5342,15995
2023-10-12 14:02:38,21,22,5542,16195
2023-10-12 14:02:38,21,22,5557,16210
2023-10-12 14:02:41,21,22,5807,16460
2023-10-12 14:02:43,21,22,6057,16710
2023-10-12 14:02:45,21,22,6307,16960
2023-10-12 14:02:46,22,23,6442,17095
2023-10-12 14:03:00,22,23,6442,17295
2023-10-12 14:03:00,22,25,6442,17295
2023-10-12 14:03:00,22,24,6442,17295
2023-10-12 14:03:00,23,24,6442,17295
2023-10-12 14:03:13,22,24,6442,17295
2023-10-12 14:03:13,22,23,6442,17295
2023-10-12 14:03:24,21,23,6442,17295
2023-10-12 14:03:24,21,22,6442,17296
2023-10-12 14:03:38,21,24,6442,17296
2023-10-12 14:03:38,21,23,6442,17296
2023-10-12 14:03:38,22,23,6442,17296
2023-10-12 14:03:47,21,23,6442,17296
2023-10-12 14:03:48,21,22,6442,17296
2023-10-12 14:03:58,21,22,6442,17496
2023-10-12 14:04:16,21,22,6442,17516
2023-10-12 14:04:16,20,21,6442,17576
2023-10-12 14:04:21,19,21,6442,17576
2023-10-12 14:04:21,19,20,6442,17576
2023-10-12 14:04:39,18,20,6442,17576
2023-10-12 14:04:39,18,19,6442,17576
2023-10-12 14:04:45,17,18,6442,17613
2023-10-12 14:04:45,16,18,6442,17613
2023-10-12 14:04:45,16,17,6442,17613
2023-10-12 14:05:01,15,16,6442,17636
2023-10-12 14:05:37,15,16,6442,17651
2023-10-12 14:06:27,15,16,6442,17851
2023-10-12 14:06:27,14,15,6442,17901
2023-10-12 14:06:27,14,15,6442,17903
2023-10-12 14:06:40,13,15,6442,17903
2023-10-12 14:06:40,13,14,6442,17903
2023-10-12 14:06:51,12,13,6442,17904
2023-10-12 14:07:07,12,13,6442,17926
2023-10-12 14:07:09,13,15,6442,17975
2023-10-12 14:07:10,14,15,6442,17975
2023-10-12 14:07:18,13,15,6442,17975
2023-10-12 14:07:19,14,15,6442,17975
2023-10-12 14:07:21,13,15,6442,17975
2023-10-12 14:07:22,13,15,6442,17975
2023-10-12 14:07:22,14,15,6442,17975
2023-10-12 14:07:23,13,15,6442,17975
2023-10-12 14:07:23,14,15,6442,17975
2023-10-12 14:07:25,13,15,6442,17975
2023-10-12 14:07:25,14,15,6442,17975
2023-10-12 14:07:30,13,15,6442,17975
2023-10-12 14:07:35,14,15,6442,17975
2023-10-12 14:07:43,13,15,6442,17975
2023-10-12 14:07:43,14,15,6442,17975
2023-10-12 14:07:44,13,15,6442,17975
2023-10-12 14:07:45,13,14,6442,17975
2023-10-12 14:07:49,13,15,6442,17975
2023-10-12 14:07:58,14,15,6442,17975
2023-10-12 14:07:59,13,15,6442,17975
2023-10-12 14:08:16,13,14,6442,17975
2023-10-12 14:08:18,12,14,6442,17975
2023-10-12 14:08:31,12,13,6442,17975
2023-10-12 14:08:39,12,14,6442,17975
2023-10-12 14:08:49,12,13,6442,17975
2023-10-12 14:08:52,11,13,6442,17975
2023-10-12 14:08:57,11,12,6442,17975
2023-10-12 14:08:59,10,12,6442,17975
2023-10-12 14:09:02,10,11,6442,17975
2023-10-12 14:09:03,9,10,6442,17985
2023-10-12 14:09:59,9,10,6502,18045
2023-10-12 14:10:01,7,9,6502,18235
2023-10-12 14:10:01,7,8,6502,18235
2023-10-12 14:10:30,6,8,6502,18235
2023-10-12 14:10:30,6,8,6482,18257
2023-10-12 14:10:51,7,8,6482,18257
2023-10-12 14:10:52,6,8,6482,18257
2023-10-12 14:10:52,7,8,6482,18257
2023-10-12 14:10:53,6,8,6482,18257
2023-10-12 14:10:53,7,8,6482,18257
2023-10-12 14:10:54,6,8,6482,18257
2023-10-12 14:10:54,7,8,6482,18257
2023-10-12 14:10:56,6,8,6482,18257
2023-10-12 14:11:45,6,8,6444,18295
2023-10-12 14:11:46,6,7,6444,18295
2023-10-12 14:11:47,5,7,6444,18295
2023-10-12 14:11:52,5,7,6369,18415
2023-10-12 14:12:08,6,7,6369,18415
2023-10-12 14:12:09,6,8,6369,18415
2023-10-12 14:12:19,6,8,6369,18418
2023-10-12 14:12:37,5,8,6369,18418
2023-10-12 14:12:38,6,8,6369,18418
2023-10-12 14:12:43,5,8,6369,18418
2023-10-12 14:13:06,5,7,6369,18418
2023-10-12 14:14:02,5,8,6365,18422
2023-10-12 14:14:03,5,7,6365,18422
2023-10-12 14:14:33,5,8,6365,18422
2023-10-12 14:14:35,6,8,6365,18422
2023-10-12 14:15:05,7,8,6365,18422
2023-10-12 14:16:03,6,7,6415,18472
2023-10-12 14:16:03,5,7,6415,18472
2023-10-12 14:17:23,5,6,6415,18472
2023-10-12 14:17:23,5,6,6415,18510
2023-10-12 14:17:24,5,6,6415,18570
2023-10-12 14:17:26,5,6,6490,18645
2023-10-12 14:17:42,5,6,6535,18690
2023-10-12 14:18:32,5,7,6535,18690
2023-10-12 14:19:47,5,6,6535,18690
2023-10-12 14:20:01,5,6,6536,18691
2023-10-12 14:20:09,5,7,6536,18691
2023-10-12 14:20:23,6,7,6536,18691
2023-10-12 14:20:25,6,8,6536,18691
2023-10-12 14:20:30,5,8,6536,18691
2023-10-12 14:20:32,6,8,6536,18691
2023-10-12 14:21:00,6,9,6536,18691
2023-10-12 14:21:02,7,9,6536,18691
2023-10-12 14:21:30,8,9,6536,18691
2023-10-12 14:21:44,8,9,6536,18711
2023-10-12 14:21:51,8,10,6536,18711
2023-10-12 14:21:57,8,10,6543,18718
2023-10-12 14:22:12,9,10,6543,18718
2023-10-12 14:22:19,8,10,6543,18718
2023-10-12 14:22:58,9,10,6543,18718
2023-10-12 14:23:00,9,11,6543,18718
2023-10-12 14:23:05,8,11,6543,18718
2023-10-12 14:23:10,8,10,6543,18718
2023-10-12 14:23:17,8,11,6543,18718
2023-10-12 14:23:18,8,10,6543,18718
2023-10-12 14:23:24,8,11,6543,18718
2023-10-12 14:23:25,8,10,6543,18718
2023-10-12 14:23:40,8,11,6543,18718
2023-10-12 14:23:44,9,11,6543,18718
2023-10-12 14:23:45,8,11,6543,18718
2023-10-12 14:23:45,9,11,6543,18718
2023-10-12 14:23:46,8,11,6543,18718
2023-10-12 14:23:46,9,11,6543,18718
2023-10-12 14:23:47,8,11,6543,18718
2023-10-12 14:23:48,9,11,6543,18718
2023-10-12 14:23:49,8,11,6543,18718
2023-10-12 14:24:01,10,11,6543,18718
2023-10-12 14:24:06,10,12,6543,18718
2023-10-12 14:24:08,11,12,6543,18718
2023-10-12 14:24:30,11,13,6543,18718
2023-10-12 14:25:02,11,12,6543,18718
2023-10-12 14:25:05,10,12,6543,18718
2023-10-12 14:25:37,10,13,6543,18718
2023-10-12 14:25:48,11,13,6543,18718
2023-10-12 14:26:05,12,13,6543,18718
2023-10-12 14:26:05,12,13,6603,18778
2023-10-12 14:26:11,11,13,6603,18778
2023-10-12 14:26:36,11,12,6603,18778
2023-10-12 14:26:38,10,12,6603,18778
2023-10-12 14:26:38,11,12,6603,18778
2023-10-12 14:26:43,10,12,6648,18823
2023-10-12 14:26:43,10,11,6648,18823
2023-10-12 14:26:50,9,11,6648,18823
2023-10-12 14:27:01,9,10,6648,18823
2023-10-12 14:27:01,8,10,6648,18823
2023-10-12 14:27:01,9,10,6648,18823
2023-10-12 14:27:02,8,10,6663,18838
2023-10-12 14:27:08,9,10,6663,18838
2023-10-12 14:27:08,9,11,6663,18838
2023-10-12 14:27:12,9,12,6663,18838
2023-10-12 14:27:16,10,12,6663,18838
2023-10-12 14:27:28,10,13,6663,18838
2023-10-12 14:27:37,11,13,6663,18838
2023-10-12 14:27:45,12,13,6663,18838
2023-10-12 14:27:46,12,14,6663,18838
2023-10-12 14:28:05,13,14,6663,18838
2023-10-12 14:28:05,13,15,6663,18838
2023-10-12 14:28:19,14,15,6663,18838
2023-10-12 14:28:19,14,15,6723,18898
2023-10-12 14:28:21,14,16,6723,18898
2023-10-12 14:28:29,13,16,6723,18898
2023-10-12 14:28:29,13,15,6723,18898
2023-10-12 14:28:32,12,15,6723,18898
2023-10-12 14:28:32,12,14,6723,18898
2023-10-12 14:28:37,13,14,6723,18898
2023-10-12 14:28:38,13,15,6723,18898
2023-10-12 14:29:14,14,15,6723,18898
2023-10-12 14:29:14,14,16,6723,18898
2023-10-12 14:29:17,13,16,6723,18898
2023-10-12 14:29:17,14,16,6723,18898
2023-10-12 14:29:40,13,16,6723,18898
2023-10-12 14:29:40,13,15,6723,18898
2023-10-12 14:29:48,13,16,6723,18898
2023-10-12 14:29:52,14,16,6723,18898
2023-10-12 14:30:02,13,16,6723,18898
2023-10-12 14:30:02,13,15,6723,18898
2023-10-12 14:30:30,13,16,6723,18898
2023-10-12 14:30:41,14,16,6723,18898
2023-10-12 14:30:42,15,16,6723,18898
2023-10-12 14:30:42,15,17,6723,18898
2023-10-12 14:30:47,14,17,6723,18898
2023-10-12 14:30:49,14,16,6723,18898
2023-10-12 14:30:49,13,16,6723,18898
2023-10-12 14:30:50,13,15,6723,18898
2023-10-12 14:30:51,12,15,6723,18898
2023-10-12 14:30:54,12,14,6723,18898
2023-10-12 14:31:00,12,15,6723,18898
2023-10-12 14:31:07,12,14,6723,18898
2023-10-12 14:31:18,12,15,6723,18898
2023-10-12 14:31:20,13,15,6723,18898
2023-10-12 14:31:31,14,15,6723,18898
2023-10-12 14:31:35,14,16,6723,18898
2023-10-12 14:31:35,14,17,6723,18898
2023-10-12 14:31:40,15,17,6723,18898
2023-10-12 14:31:46,15,18,6723,18898
2023-10-12 14:31:47,16,18,6723,18898
2023-10-12 14:32:03,15,18,6723,18898
2023-10-12 14:32:18,16,18,6723,18898
2023-10-12 14:32:49,15,18,6723,18898
2023-10-12 14:32:55,15,17,6723,18898
2023-10-12 14:33:15,15,18,6723,18898
2023-10-12 14:33:41,15,17,6723,18898
2023-10-12 14:34:01,15,18,6723,18898
2023-10-12 14:34:14,16,18,6723,18898
2023-10-12 14:34:23,16,19,6723,18898
2023-10-12 14:34:23,17,19,6723,18898
2023-10-12 14:34:25,18,19,6723,18898
2023-10-12 14:34:27,18,20,6723,18898
2023-10-12 14:34:31,19,20,6723,18898
2023-10-12 14:34:38,18,20,6723,18898
2023-10-12 14:34:43,18,21,6723,18898
2023-10-12 14:34:46,19,21,6723,18898
2023-10-12 14:34:50,19,22,6723,18898
2023-10-12 14:34:51,21,22,6723,18898
2023-10-12 14:34:57,19,22,6723,18898
2023-10-12 14:34:58,20,22,6723,18898
2023-10-12 14:35:03,19,22,6723,18898
2023-10-12 14:35:07,19,22,6723,19098
2023-10-12 14:35:12,19,21,6723,19098
2023-10-12 14:35:19,20,21,6723,19098
2023-10-12 14:35:48,20,22,6723,19100
2023-10-12 14:35:49,20,23,6723,19100
2023-10-12 14:35:49,20,22,6723,19100
2023-10-12 14:35:56,21,22,6723,19100
2023-10-12 14:36:08,20,22,6723,19100
2023-10-12 14:36:16,19,22,6723,19100
2023-10-12 14:36:16,19,21,6723,19100
2023-10-12 14:36:23,19,20,6723,19100
2023-10-12 14:36:45,18,20,6723,19100
2023-10-12 14:36:55,19,20,6723,19100
2023-10-12 14:37:00,18,20,6723,19100
2023-10-12 14:37:21,19,21,6723,19100
2023-10-12 14:37:22,20,21,6723,19100
2023-10-12 14:37:45,19,21,6723,19100
2023-10-12 14:37:54,19,20,6723,19100
2023-10-12 14:37:56,18,20,6723,19100
2023-10-12 14:38:01,18,19,6723,19100
2023-10-12 14:38:02,17,19,6723,19100
2023-10-12 14:38:05,16,19,6723,19100
2023-10-12 14:38:05,16,18,6723,19100
2023-10-12 14:38:09,16,17,6723,19100
2023-10-12 14:38:32,16,18,6723,19100
2023-10-12 14:38:37,16,17,6723,19100
2023-10-12 14:38:52,16,18,6723,19100
2023-10-12 14:39:04,17,18,6723,19100
2023-10-12 14:39:07,16,18,6723,19100
2023-10-12 14:39:13,17,18,6723,19100
2023-10-12 14:39:15,17,19,6723,19100
2023-10-12 14:39:16,18,19,6723,19100
2023-10-12 14:39:17,18,20,6723,19100
2023-10-12 14:39:19,19,20,6723,19100
2023-10-12 14:39:20,18,20,6723,19100
2023-10-12 14:39:28,17,20,6723,19100
2023-10-12 14:39:28,17,19,6723,19100
2023-10-12 14:39:35,17,18,6723,19100
2023-10-12 14:39:47,17,19,6723,19100
2023-10-12 14:39:49,18,19,6723,19100
2023-10-12 14:39:51,18,20,6760,19139
2023-10-12 14:40:02,19,20,6760,19139
2023-10-12 14:40:05,18,20,6760,19139
2023-10-12 14:40:37,17,20,6760,19139
2023-10-12 14:40:37,17,19,6760,19139
2023-10-12 14:40:39,16,19,6760,19139
2023-10-12 14:40:40,16,18,6760,19139
2023-10-12 14:40:59,16,17,6760,19139
2023-10-12 14:42:38,16,18,6760,19139
2023-10-12 14:42:52,16,17,6760,19139
2023-10-12 14:42:52,16,17,6765,19144
2023-10-12 14:43:11,17,19,6765,19146
2023-10-12 14:43:21,17,20,6765,19146
2023-10-12 14:43:22,18,20,6765,19146
2023-10-12 14:43:24,19,20,6765,19146
2023-10-12 14:43:24,19,21,6765,19146
2023-10-12 14:43:28,20,21,6765,19146
2023-10-12 14:43:28,20,22,6765,19146
2023-10-12 14:43:47,21,22,6765,19146
2023-10-12 14:44:08,21,22,6765,19166
2023-10-12 14:44:14,21,22,6765,19186
2023-10-12 14:44:15,21,22,6765,19206
2023-10-12 14:44:22,21,22,6773,19214
2023-10-12 14:44:24,21,22,6773,19234
2023-10-12 14:44:27,19,22,6773,19234
2023-10-12 14:44:28,19,21,6773,19234
2023-10-12 14:44:42,20,21,6773,19234
2023-10-12 14:44:54,19,21,6773,19234
2023-10-12 14:45:06,20,21,6773,19234
2023-10-12 14:45:12,20,22,6773,19234
2023-10-12 14:45:14,21,22,6773,19234
2023-10-12 14:45:15,20,22,6773,19234
2023-10-12 14:45:16,19,22,6773,19234
2023-10-12 14:45:20,19,21,6773,19234
2023-10-12 14:45:29,18,21,6773,19234
2023-10-12 14:45:29,18,20,6773,19234
2023-10-12 14:45:31,17,20,6773,19234
2023-10-12 14:45:32,17,19,6773,19234
2023-10-12 14:45:35,18,19,6773,19234
2023-10-12 14:45:41,19,20,6773,19237
2023-10-12 14:45:51,18,20,6773,19237
2023-10-12 14:46:24,19,20,6773,19237
2023-10-12 14:46:44,18,20,6773,19237
2023-10-12 14:46:59,19,20,6773,19237
2023-10-12 14:47:08,18,20,6773,19237
2023-10-12 14:47:08,19,20,6773,19237
2023-10-12 14:47:09,18,20,6773,19237
2023-10-12 14:47:10,19,20,6773,19237
2023-10-12 14:47:15,20,21,6773,19241
2023-10-12 14:47:39,19,21,6773,19241
2023-10-12 14:47:43,20,21,6773,19241
2023-10-12 14:47:47,19,21,6773,19241
2023-10-12 14:47:52,18,21,6773,19241
2023-10-12 14:47:52,19,21,6773,19241
2023-10-12 14:47:54,18,21,6773,19241
2023-10-12 14:47:57,18,20,6773,19241
2023-10-12 14:47:58,19,20,6773,19241
2023-10-12 14:47:58,19,21,6773,19241
2023-10-12 14:47:58,19,20,6773,19241
2023-10-12 14:48:04,18,20,6773,19241
2023-10-12 14:48:30,18,20,6803,19271
2023-10-12 14:48:40,19,20,6803,19271
2023-10-12 14:48:49,18,20,6803,19271
2023-10-12 14:48:51,19,20,6803,19271
2023-10-12 14:48:52,20,21,6803,19272
2023-10-12 14:48:59,21,22,6803,19274
2023-10-12 14:49:01,22,23,6803,19275
2023-10-12 14:49:01,22,24,6803,19275
2023-10-12 14:49:02,22,23,6803,19275
2023-10-12 14:49:03,22,24,6803,19275
2023-10-12 14:49:09,24,25,6803,19277
2023-10-12 14:49:09,24,25,6923,19397
2023-10-12 14:49:09,24,26,6923,19397
2023-10-12 14:49:09,24,25,6923,19397
2023-10-12 14:49:09,24,26,6923,19397
2023-10-12 14:49:10,24,25,6923,19397
2023-10-12 14:49:17,25,27,6923,19400
2023-10-12 14:49:22,27,28,6923,19404
2023-10-12 14:49:23,27,29,6923,19404
2023-10-12 14:49:23,28,29,6923,19404
2023-10-12 14:49:23,28,29,6927,19408
2023-10-12 14:49:23,28,30,6927,19408
2023-10-12 14:49:27,27,30,6927,19408
2023-10-12 14:49:27,28,30,6927,19408
2023-10-12 14:49:28,27,30,6927,19408
2023-10-12 14:49:29,28,30,6927,19408
2023-10-12 14:49:50,27,30,6927,19408
2023-10-12 14:49:51,27,29,6927,19408
2023-10-12 14:49:58,28,29,6927,19408
2023-10-12 14:50:00,27,29,6927,19408
2023-10-12 14:50:01,28,29,6927,19408
2023-10-12 14:50:03,27,29,6927,19408
2023-10-12 14:50:03,27,28,6927,19408
2023-10-12 14:50:04,26,28,6927,19408
2023-10-12 14:50:04,25,28,6927,19408
2023-10-12 14:50:04,27,28,6927,19408
2023-10-12 14:50:05,25,28,6927,19408
2023-10-12 14:50:06,26,28,6927,19408
2023-10-12 14:50:06,26,29,6927,19408
2023-10-12 14:50:09,26,28,6927,19408
2023-10-12 14:50:11,25,28,6927,19408
2023-10-12 14:50:25,25,27,6927,19408
2023-10-12 14:50:28,24,27,6927,19408
2023-10-12 14:50:37,25,27,6927,19408
2023-10-12 14:50:39,24,27,6927,19408
2023-10-12 14:50:39,25,27,6927,19408
2023-10-12 14:50:41,24,27,6927,19408
2023-10-12 14:50:41,25,27,6927,19408
2023-10-12 14:50:42,24,27,6927,19408
2023-10-12 14:50:42,25,27,6927,19408
2023-10-12 14:50:43,24,27,6927,19408
2023-10-12 14:50:54,25,27,6927,19408
2023-10-12 14:50:56,24,27,6927,19408
2023-10-12 14:50:56,25,27,6927,19408
2023-10-12 14:50:57,24,27,6927,19408
2023-10-12 14:50:57,25,27,6927,19408
2023-10-12 14:50:58,24,27,6927,19408
2023-10-12 14:51:00,25,27,6927,19408
2023-10-12 14:51:01,24,27,6927,19408
2023-10-12 14:51:01,25,27,6927,19408
2023-10-12 14:51:03,25,28,6927,19408
2023-10-12 14:51:04,26,28,6927,19408
2023-10-12 14:51:08,25,28,6927,19408
2023-10-12 14:51:08,26,28,6927,19408
2023-10-12 14:51:11,26,29,6927,19408
2023-10-12 14:51:14,27,29,6927,19408
2023-10-12 14:51:17,26,29,6927,19408
2023-10-12 14:51:18,26,29,6927,19408
2023-10-12 14:51:18,27,29,6927,19408
2023-10-12 14:51:20,26,29,6927,19408
2023-10-12 14:51:20,27,29,6927,19408
2023-10-12 14:51:21,26,29,6927,19408
2023-10-12 14:51:22,27,29,6927,19408
2023-10-12 14:51:25,26,29,6927,19408
2023-10-12 14:51:25,27,29,6927,19408
2023-10-12 14:51:26,26,29,6927,19408
2023-10-12 14:51:27,27,29,6927,19408
2023-10-12 14:51:28,26,29,6927,19408
2023-10-12 14:51:29,26,29,6927,19408
2023-10-12 14:51:30,27,29,6927,19408
2023-10-12 14:51:33,26,29,6927,19408
2023-10-12 14:51:33,27,29,6927,19408
2023-10-12 14:51:35,26,29,6927,19408
2023-10-12 14:51:35,27,29,6927,19408
2023-10-12 14:51:37,26,29,6927,19408
2023-10-12 14:51:37,27,29,6927,19408
2023-10-12 14:51:38,26,29,6927,19408
2023-10-12 14:51:38,27,29,6927,19408
2023-10-12 14:51:39,26,29,6927,19408
2023-10-12 14:51:39,27,29,6927,19408
2023-10-12 14:51:42,26,29,6927,19408
2023-10-12 14:51:42,27,29,6927,19408
2023-10-12 14:51:43,26,29,6927,19408
2023-10-12 14:51:51,27,29,6927,19408
2023-10-12 14:51:52,26,29,6927,19408
2023-10-12 14:52:04,26,28,6927,19408
2023-10-12 14:52:04,24,27,6927,19408
2023-10-12 14:52:04,26,27,6927,19408
2023-10-12 14:52:05,24,27,6931,19412
2023-10-12 14:52:09,24,26,6931,19412
2023-10-12 14:52:25,25,26,6931,19412
2023-10-12 14:52:26,24,26,6931,19412
2023-10-12 14:52:26,25,26,6931,19412
2023-10-12 14:52:30,24,26,6931,19412
2023-10-12 14:52:30,25,26,6931,19412
2023-10-12 14:52:31,24,26,6931,19412
2023-10-12 14:52:31,25,26,6931,19412
2023-10-12 14:52:32,24,26,6931,19412
2023-10-12 14:52:32,25,26,6931,19412
2023-10-12 14:52:34,24,26,6931,19412
2023-10-12 14:52:35,24,26,6931,19412
2023-10-12 14:52:36,24,25,6931,19412
2023-10-12 14:52:36,23,25,6931,19412
2023-10-12 14:52:36,24,25,6931,19412
2023-10-12 14:52:37,23,25,6931,19412
2023-10-12 14:52:42,23,24,6931,19412
2023-10-12 14:52:42,23,24,7049,19530
2023-10-12 14:52:43,22,24,7049,19530
2023-10-12 14:52:47,22,23,7049,19530
2023-10-12 14:52:51,21,23,7049,19530
2023-10-12 14:52:51,22,23,7049,19530
2023-10-12 14:52:51,20,22,7049,19531
2023-10-12 14:52:52,21,22,7049,19531
2023-10-12 14:52:54,20,22,7049,19531
2023-10-12 14:52:54,21,22,7049,19531
2023-10-12 14:52:55,20,22,7049,19531
2023-10-12 14:52:55,21,22,7049,19531
2023-10-12 14:52:56,20,22,7049,19531
2023-10-12 14:52:58,20,22,7049,19531
2023-10-12 14:52:58,21,22,7049,19531
2023-10-12 14:53:00,20,22,7049,19531
2023-10-12 14:53:00,21,22,7049,19531
2023-10-12 14:53:01,20,22,7049,19531
2023-10-12 14:53:01,21,22,7049,19531
2023-10-12 14:53:03,20,22,7049,19531
2023-10-12 14:53:03,21,22,7049,19531
2023-10-12 14:53:07,19,21,7049,19532
2023-10-12 14:53:09,19,20,7049,19532
2023-10-12 14:53:09,18,20,7049,19532
2023-10-12 14:53:10,18,20,7049,19532
2023-10-12 14:53:10,18,19,7049,19532
2023-10-12 14:53:43,17,19,7049,19532
2023-10-12 14:53:43,18,19,7049,19532
2023-10-12 14:53:43,17,18,7049,19535
2023-10-12 14:54:42,17,20,7049,19535
2023-10-12 14:54:42,17,19,7049,19535
2023-10-12 14:54:43,18,19,7049,19535
2023-10-12 14:54:47,17,19,7049,19535
2023-10-12 14:54:47,18,19,7049,19535
2023-10-12 14:54:49,17,19,7049,19535
2023-10-12 14:54:49,18,19,7049,19535
2023-10-12 14:54:53,17,19,7049,19535
2023-10-12 14:54:53,18,19,7049,19535
2023-10-12 14:54:55,17,19,7049,19535
2023-10-12 14:54:55,18,19,7049,19535
2023-10-12 14:54:56,17,19,7049,19535
2023-10-12 14:54:56,18,19,7049,19535
2023-10-12 14:54:57,17,19,7049,19535
2023-10-12 14:54:57,18,19,7049,19535
2023-10-12 14:54:57,18,20,7049,19535
2023-10-12 14:54:57,17,18,7049,19536
2023-10-12 14:55:02,17,20,7049,19536
2023-10-12 14:55:02,17,19,7049,19536
2023-10-12 14:55:03,18,19,7049,19536
2023-10-12 14:55:05,17,19,7049,19536
2023-10-12 14:55:05,18,19,7049,19536
2023-10-12 14:55:06,17,19,7049,19536
2023-10-12 14:55:06,18,19,7049,19536
2023-10-12 14:55:08,17,19,7049,19536
2023-10-12 14:55:08,18,19,7049,19536
2023-10-12 14:55:10,17,19,7049,19536
2023-10-12 14:55:11,17,19,7049,19536
2023-10-12 14:55:12,17,19,7049,19536
2023-10-12 14:55:14,17,19,7049,19536
2023-10-12 14:55:15,18,19,7049,19536
2023-10-12 14:55:20,18,21,7049,19536
2023-10-12 14:55:20,18,20,7049,19536
2023-10-12 14:55:22,19,20,7049,19536
2023-10-12 14:55:23,18,20,7049,19536
2023-10-12 14:55:23,19,20,7049,19536
2023-10-12 14:55:24,18,20,7049,19536
2023-10-12 14:55:24,19,20,7049,19536
2023-10-12 14:55:25,18,20,7049,19536
2023-10-12 14:55:25,19,20,7049,19536
2023-10-12 14:55:27,18,20,7049,19536
2023-10-12 14:55:27,19,21,7049,19536
2023-10-12 14:55:27,18,19,7049,19537
2023-10-12 14:55:29,18,21,7049,19537
2023-10-12 14:55:29,18,20,7049,19537
2023-10-12 14:55:30,19,20,7049,19537
2023-10-12 14:55:35,18,20,7049,19537
2023-10-12 14:55:36,19,20,7049,19537
2023-10-12 14:55:39,18,20,7049,19537
2023-10-12 14:55:39,19,21,7049,19537
2023-10-12 14:55:39,18,19,7049,19540
2023-10-12 14:56:04,17,19,7049,19540
2023-10-12 14:56:04,18,19,7049,19540
2023-10-12 14:56:04,17,18,7049,19543
2023-10-12 14:56:10,16,18,7049,19543
2023-10-12 14:56:10,17,18,7049,19543
2023-10-12 14:56:10,16,17,7049,19545
2023-10-12 14:56:27,16,17,7049,19565
2023-10-12 14:56:30,16,19,7049,19565
2023-10-12 14:56:30,16,18,7049,19565
2023-10-12 14:56:30,17,18,7049,19565
2023-10-12 14:56:47,16,18,7049,19565
2023-10-12 14:56:47,17,18,7049,19565
2023-10-12 14:56:47,16,17,7049,19566
2023-10-12 14:57:00,15,17,7049,19566
2023-10-12 14:57:00,16,17,7049,19566
2023-10-12 14:57:01,15,16,7049,19569
2023-10-12 14:57:01,15,17,7049,19569
2023-10-12 14:57:01,15,16,7049,19569
2023-10-12 14:57:01,15,16,7049,19571
2023-10-12 14:57:44,16,18,7049,19649
2023-10-12 14:57:46,17,18,7049,19649
2023-10-12 14:57:48,16,18,7049,19649
2023-10-12 14:57:48,17,18,7049,19649
2023-10-12 14:57:49,16,18,7049,19649
2023-10-12 14:57:49,17,18,7049,19649
2023-10-12 14:57:50,16,18,7049,19649
2023-10-12 14:58:14,17,18,7049,19649
2023-10-12 14:58:16,16,18,7049,19649
2023-10-12 14:58:16,17,18,7049,19649
2023-10-12 14:58:17,16,18,7049,19649
2023-10-12 14:58:18,16,18,7049,19649
2023-10-12 14:58:18,17,18,7049,19649
2023-10-12 14:58:19,16,18,7049,19649
2023-10-12 14:58:20,17,18,7049,19649
2023-10-12 14:58:22,16,18,7049,19649
2023-10-12 14:58:25,15,18,7049,19649
2023-10-12 14:58:25,16,18,7049,19649
2023-10-12 14:58:26,15,18,7049,19649
2023-10-12 14:58:26,16,18,7049,19649
2023-10-12 14:58:34,15,18,7049,19649
2023-10-12 14:58:34,16,18,7049,19649
2023-10-12 14:58:36,16,17,7049,19649
2023-10-12 14:58:37,15,17,7049,19649
2023-10-12 14:58:37,16,17,7049,19649
2023-10-12 14:58:39,15,16,7049,19651
2023-10-12 14:58:40,14,16,7049,19651
2023-10-12 14:58:40,15,16,7049,19651
2023-10-12 14:58:41,14,16,7049,19651
2023-10-12 14:58:46,15,16,7049,19651
2023-10-12 14:58:47,14,16,7049,19651
2023-10-12 14:58:47,14,16,7053,19655
2023-10-12 14:58:48,15,16,7053,19655
2023-10-12 14:58:49,14,16,7053,19655
2023-10-12 14:58:49,15,16,7053,19655
2023-10-12 14:58:50,14,16,7053,19655
2023-10-12 14:58:50,15,16,7053,19655
2023-10-12 14:58:51,14,16,7053,19655
2023-10-12 14:58:52,14,16,7053,19655
2023-10-12 14:58:52,15,16,7053,19655
2023-10-12 14:58:52,14,16,7057,19659
2023-10-12 14:58:53,15,16,7057,19659
2023-10-12 14:58:54,14,16,7057,19659
2023-10-12 14:58:54,15,16,7057,19659
2023-10-12 14:58:56,15,17,7057,19659
2023-10-12 14:59:16,16,17,7057,19659
2023-10-12 14:59:17,15,17,7057,19659
2023-10-12 14:59:17,16,17,7057,19659
2023-10-12 14:59:19,15,17,7057,19659
2023-10-12 14:59:31,16,17,7057,19659
2023-10-12 14:59:32,15,17,7057,19659
2023-10-12 14:59:43,14,17,7057,19659
2023-10-12 14:59:45,15,16,7057,19659
2023-10-12 14:59:46,15,17,7057,19659
2023-10-12 14:59:46,14,17,7057,19659
2023-10-12 14:59:46,15,17,7057,19659
2023-10-12 14:59:48,15,16,7057,19659
2023-10-12 14:59:50,14,16,7057,19659
2023-10-12 14:59:50,15,16,7057,19659
2023-10-12 14:59:51,15,17,7057,19659
2023-10-12 14:59:52,14,17,7057,19659
2023-10-12 14:59:52,15,17,7057,19659
2023-10-12 14:59:53,14,17,7057,19659
2023-10-12 14:59:53,15,17,7057,19659
2023-10-12 14:59:54,14,17,7057,19659
2023-10-12 14:59:56,14,17,7057,19659
2023-10-12 14:59:57,14,17,7057,19659
2023-10-12 14:59:59,14,17,7057,19659
2023-10-12 14:59:59,15,17,7057,19659
2023-10-12 15:00:02,16,17,7057,19659
2023-10-12 15:00:03,16,18,7057,19659
2023-10-12 15:00:04,15,18,7057,19659
2023-10-12 15:00:05,16,18,7057,19659
2023-10-12 15:00:06,16,17,7057,19659
2023-10-12 15:00:06,15,17,7057,19659
2023-10-12 15:00:06,16,17,7057,19659
2023-10-12 15:00:07,15,17,7057,19659
2023-10-12 15:00:09,15,18,7057,19659
2023-10-12 15:00:09,16,18,7057,19659
2023-10-12 15:00:10,15,18,7057,19659
2023-10-12 15:00:10,16,18,7057,19659
2023-10-12 15:00:12,16,17,7057,19659
2023-10-12 15:00:12,15,17,7057,19659
2023-10-12 15:00:13,14,17,7057,19659
2023-10-12 15:00:13,15,17,7057,19659
2023-10-12 15:00:21,15,16,7057,19659
2023-10-12 15:00:23,14,16,7057,19659
2023-10-12 15:00:24,15,16,7057,19659
2023-10-12 15:00:27,14,16,7057,19659
2023-10-12 15:00:27,15,17,7057,19659
2023-10-12 15:00:28,14,17,7057,19659
2023-10-12 15:00:28,15,17,7057,19659
2023-10-12 15:00:29,14,17,7057,19659
2023-10-12 15:00:31,16,17,7057,19659
2023-10-12 15:00:32,17,18,7057,19660
2023-10-12 15:00:33,18,20,7057,19662
2023-10-12 15:00:38,19,20,7057,19662
2023-10-12 15:00:39,19,22,7057,19662
2023-10-12 15:00:40,20,22,7057,19662
2023-10-12 15:00:50,19,22,7057,19662
2023-10-12 15:00:55,19,22,7057,19662
2023-10-12 15:01:02,20,22,7057,19662
2023-10-12 15:01:03,21,22,7057,19662
2023-10-12 15:01:22,21,23,7057,19662
2023-10-12 15:01:26,21,22,7057,19662
2023-10-12 15:01:26,20,22,7057,19662
2023-10-12 15:01:26,21,22,7057,19662
2023-10-12 15:01:27,20,22,7057,19662
2023-10-12 15:01:27,19,22,7057,19662
2023-10-12 15:01:28,19,21,7057,19662
2023-10-12 15:01:30,18,21,7057,19662
2023-10-12 15:01:31,19,21,7057,19662
2023-10-12 15:01:33,18,21,7057,19662
2023-10-12 15:01:35,19,21,7057,19662
2023-10-12 15:01:36,18,21,7057,19662
2023-10-12 15:01:36,19,21,7057,19662
2023-10-12 15:01:37,18,21,7057,19662
2023-10-12 15:01:38,18,21,7057,19662
2023-10-12 15:01:38,19,21,7057,19662
2023-10-12 15:01:39,18,21,7057,19662
2023-10-12 15:01:39,19,21,7057,19662
2023-10-12 15:01:42,18,21,7057,19662
2023-10-12 15:01:45,19,21,7057,19662
2023-10-12 15:01:46,18,21,7057,19662
2023-10-12 15:01:46,19,21,7057,19662
2023-10-12 15:01:47,18,21,7057,19662
2023-10-12 15:01:47,19,21,7057,19662
2023-10-12 15:01:48,18,21,7057,19662
2023-10-12 15:01:48,19,21,7057,19662
2023-10-12 15:01:49,18,21,7057,19662
2023-10-12 15:01:49,19,21,7057,19662
2023-10-12 15:01:51,18,21,7057,19662
2023-10-12 15:01:52,19,21,7057,19662
2023-10-12 15:02:03,19,22,7057,19662
2023-10-12 15:02:03,20,22,7057,19662
2023-10-12 15:02:07,19,22,7057,19662
2023-10-12 15:02:08,20,22,7057,19662
2023-10-12 15:02:10,19,22,7057,19662
2023-10-12 15:02:11,20,22,7057,19662
2023-10-12 15:02:14,22,23,7057,19664
2023-10-12 15:02:16,22,24,7057,19664
2023-10-12 15:02:24,22,23,7057,19664
2023-10-12 15:02:26,20,23,7057,19664
2023-10-12 15:02:35,21,23,7057,19664
2023-10-12 15:02:54,20,23,7057,19664
2023-10-12 15:02:54,21,23,7057,19664
2023-10-12 15:02:55,20,23,7057,19664
2023-10-12 15:02:57,20,22,7057,19664
2023-10-12 15:03:04,21,22,7057,19664
2023-10-12 15:03:11,21,23,7057,19664
2023-10-12 15:03:15,22,23,7057,19664
2023-10-12 15:03:19,21,23,7057,19664
2023-10-12 15:03:48,20,23,7057,19664
2023-10-12 15:03:50,20,22,7057,19664
2023-10-12 15:04:05,21,22,7057,19664
2023-10-12 15:04:07,21,23,7057,19664
2023-10-12 15:04:08,22,23,7057,19664
2023-10-12 15:04:09,22,24,7057,19664
2023-10-12 15:04:14,23,24,7057,19664
2023-10-12 15:04:24,23,25,7057,19664
2023-10-12 15:04:31,24,25,7057,19664
2023-10-12 15:04:42,25,26,7057,19666
2023-10-12 15:04:42,25,28,7057,19666
2023-10-12 15:04:42,25,26,7057,19666
2023-10-12 15:04:56,24,26,7057,19666
2023-10-12 15:05:00,25,26,7057,19666
2023-10-12 15:05:02,24,26,7057,19666
2023-10-12 15:05:02,25,26,7057,19666
2023-10-12 15:05:02,25,27,7057,19666
2023-10-12 15:05:04,25,26,7057,19666
2023-10-12 15:05:04,24,26,7057,19666
2023-10-12 15:05:05,24,27,7057,19666
2023-10-12 15:05:05,24,26,7057,19666
2023-10-12 15:05:29,24,25,7057,19666
2023-10-12 15:05:29,24,25,7118,19927
2023-10-12 15:05:29,24,25,7119,19928
2023-10-12 15:05:30,22,24,7119,19966
2023-10-12 15:05:30,21,24,7119,19966
2023-10-12 15:05:31,21,23,7119,19966
2023-10-12 15:05:37,20,23,7119,19966
2023-10-12 15:05:41,20,22,7119,19966
2023-10-12 15:05:55,19,22,7119,19966
2023-10-12 15:05:55,19,21,7119,19966
2023-10-12 15:05:55,18,21,7119,19966
2023-10-12 15:05:56,19,21,7119,19966
2023-10-12 15:05:56,18,21,7119,19966
2023-10-12 15:06:00,18,20,7119,19966
2023-10-12 15:06:07,19,20,7119,19966
2023-10-12 15:06:16,18,20,7119,19966
2023-10-12 15:06:16,19,20,7119,19966
2023-10-12 15:06:17,18,20,7119,19966
2023-10-12 15:06:19,20,21,7119,19968
2023-10-12 15:06:51,19,21,7119,19968
2023-10-12 15:06:53,18,21,7119,19968
2023-10-12 15:06:54,18,21,7119,19968
2023-10-12 15:06:57,19,21,7119,19968
2023-10-12 15:06:58,18,21,7119,19968
2023-10-12 15:07:14,19,21,7119,19968
2023-10-12 15:07:15,18,21,7119,19968
2023-10-12 15:07:15,19,21,7119,19968
2023-10-12 15:07:16,18,21,7119,19968
2023-10-12 15:07:22,18,21,7119,19968
2023-10-12 15:07:37,18,20,7119,19968
2023-10-12 15:07:55,19,20,7119,19968
2023-10-12 15:07:58,19,21,7119,19968
2023-10-12 15:08:01,20,21,7119,19968
2023-10-12 15:08:01,20,22,7119,19968
2023-10-12 15:08:07,19,22,7119,19968
2023-10-12 15:08:07,20,22,7119,19968
2023-10-12 15:08:11,21,22,7119,19968
2023-10-12 15:08:11,21,24,7119,19968
2023-10-12 15:08:20,22,24,7119,19968
2023-10-12 15:08:21,21,24,7119,19968
2023-10-12 15:08:23,22,24,7119,19968
2023-10-12 15:08:27,23,24,7119,19968
2023-10-12 15:08:28,23,26,7119,19968
2023-10-12 15:08:41,24,26,7119,19968
2023-10-12 15:08:52,23,26,7119,19968
2023-10-12 15:09:02,24,26,7119,19968
2023-10-12 15:09:04,23,26,7119,19968
2023-10-12 15:09:05,23,26,7119,19968
2023-10-12 15:09:05,24,26,7119,19968
2023-10-12 15:09:08,23,26,7119,19968
2023-10-12 15:09:18,24,26,7119,19968
2023-10-12 15:09:22,23,26,7119,19968
2023-10-12 15:09:37,24,26,7119,19968
2023-10-12 15:09:54,23,26,7119,19968
2023-10-12 15:09:54,24,26,7119,19968
2023-10-12 15:09:55,25,26,7119,19968
2023-10-12 15:10:06,22,25,7119,20006
2023-10-12 15:10:18,25,26,7136,20027
2023-10-12 15:10:18,26,28,7211,20103
2023-10-12 15:10:18,26,28,7286,20178
2023-10-12 15:10:19,26,27,7286,20178
2023-10-12 15:10:21,25,27,7286,20178
2023-10-12 15:10:22,24,27,7286,20178
2023-10-12 15:10:22,25,27,7286,20178
2023-10-12 15:10:22,25,26,7286,20178
2023-10-12 15:10:29,25,26,7286,20181
2023-10-12 15:10:30,23,26,7286,20181
2023-10-12 15:10:30,22,26,7286,20181
2023-10-12 15:10:30,24,26,7286,20181
2023-10-12 15:10:31,24,25,7286,20181
2023-10-12 15:10:32,22,25,7286,20181
2023-10-12 15:10:32,22,24,7286,20181
2023-10-12 15:10:33,22,23,7214,20253
2023-10-12 15:10:33,21,23,7214,20253
2023-10-12 15:10:34,21,22,7214,20253
2023-10-12 15:10:34,20,22,7214,20253
2023-10-12 15:10:35,18,20,7214,20350
2023-10-12 15:10:35,18,20,7214,20350
2023-10-12 15:10:36,17,20,7214,20350
2023-10-12 15:10:36,17,19,7214,20350
2023-10-12 15:10:41,17,18,7214,20350
2023-10-12 15:10:43,16,18,7214,20350
2023-10-12 15:10:46,16,17,7214,20350
2023-10-12 15:10:47,15,17,7214,20350
2023-10-12 15:10:49,16,17,7214,20350
2023-10-12 15:10:50,15,16,7214,20352
2023-10-12 15:10:52,14,16,7214,20352
2023-10-12 15:10:54,15,16,7214,20352
2023-10-12 15:10:55,14,16,7214,20352
2023-10-12 15:11:00,14,16,7214,20352
2023-10-12 15:11:03,14,16,7214,20352
2023-10-12 15:11:03,15,16,7214,20352
2023-10-12 15:11:04,14,16,7214,20352
2023-10-12 15:11:04,15,16,7214,20352
2023-10-12 15:11:05,15,17,7214,20352
2023-10-12 15:11:06,16,17,7214,20352
2023-10-12 15:11:07,15,17,7214,20352
2023-10-12 15:11:08,16,17,7214,20352
2023-10-12 15:11:09,15,17,7214,20352
2023-10-12 15:11:09,16,17,7214,20352
2023-10-12 15:11:10,15,16,7214,20353
2023-10-12 15:11:10,15,17,7214,20353
2023-10-12 15:11:10,15,16,7214,20353
2023-10-12 15:11:10,15,16,7214,20354
2023-10-12 15:11:19,15,17,7214,20354
2023-10-12 15:11:19,16,17,7214,20354
2023-10-12 15:11:27,15,17,7214,20354
2023-10-12 15:11:27,16,17,7214,20354
2023-10-12 15:11:35,16,19,7214,20354
2023-10-12 15:11:35,16,18,7214,20354
2023-10-12 15:11:35,17,18,7214,20354
2023-10-12 15:11:36,17,19,7214,20354
2023-10-12 15:11:37,18,19,7214,20354
2023-10-12 15:11:39,18,21,7214,20354
2023-10-12 15:11:39,18,20,7214,20354
2023-10-12 15:11:43,19,20,7214,20354
2023-10-12 15:11:55,19,22,7214,20427
2023-10-12 15:12:01,20,22,7214,20427
2023-10-12 15:12:01,20,23,7214,20427
2023-10-12 15:12:02,20,22,7214,20427
2023-10-12 15:12:03,21,22,7214,20427
2023-10-12 15:12:05,21,23,7214,20427
2023-10-12 15:12:05,21,24,7214,20427
2023-10-12 15:12:07,21,23,7214,20427
2023-10-12 15:12:11,21,22,7214,20427
2023-10-12 15:12:12,20,22,7214,20427
2023-10-12 15:12:15,20,23,7214,20427
2023-10-12 15:12:16,21,23,7214,20427
2023-10-12 15:12:19,20,23,7214,20427
2023-10-12 15:12:19,21,23,7214,20427
2023-10-12 15:12:19,21,22,7214,20427
2023-10-12 15:12:20,20,22,7214,20427
2023-10-12 15:12:39,19,22,7214,20427
2023-10-12 15:12:39,20,22,7214,20427
2023-10-12 15:12:42,19,22,7214,20427
2023-10-12 15:12:42,20,22,7214,20427
2023-10-12 15:12:50,19,22,7214,20427
2023-10-12 15:12:50,20,22,7214,20427
2023-10-12 15:12:52,20,21,7214,20427
2023-10-12 15:12:53,19,21,7214,20427
2023-10-12 15:12:55,19,20,7214,20427
2023-10-12 15:12:55,18,20,7214,20427
2023-10-12 15:13:00,18,21,7214,20427
2023-10-12 15:13:03,19,21,7214,20427
2023-10-12 15:13:05,18,21,7214,20427
2023-10-12 15:13:05,19,21,7214,20427
2023-10-12 15:13:07,18,21,7214,20427
2023-10-12 15:13:07,19,21,7214,20427
2023-10-12 15:13:08,18,21,7214,20427
2023-10-12 15:13:08,19,21,7214,20427
2023-10-12 15:13:10,18,21,7214,20427
2023-10-12 15:13:10,19,21,7214,20427
2023-10-12 15:13:11,18,21,7214,20427
2023-10-12 15:13:19,20,21,7214,20427
2023-10-12 15:13:20,20,22,7214,20427
2023-10-12 15:13:21,19,22,7214,20427
2023-10-12 15:13:22,20,22,7214,20427
2023-10-12 15:13:24,21,22,7214,20427
2023-10-12 15:13:24,21,23,7214,20427
2023-10-12 15:13:26,22,23,7214,20427
2023-10-12 15:13:26,23,24,7218,20434
2023-10-12 15:13:26,23,25,7218,20434
2023-10-12 15:13:26,23,24,7218,20434
2023-10-12 15:13:31,24,26,7218,20437
2023-10-12 15:13:32,24,25,7218,20437
2023-10-12 15:13:39,25,26,7218,20440
2023-10-12 15:13:39,25,27,7218,20440
2023-10-12 15:13:39,25,26,7218,20440
2023-10-12 15:13:39,25,26,7223,20445
2023-10-12 15:13:40,26,27,7223,20449
2023-10-12 15:13:40,26,28,7223,20449
2023-10-12 15:13:44,25,28,7223,20449
2023-10-12 15:13:44,25,27,7223,20449
2023-10-12 15:13:49,27,28,7223,20452
2023-10-12 15:13:49,27,29,7223,20452
2023-10-12 15:13:49,27,29,7223,20472
2023-10-12 15:13:49,27,28,7223,20472
2023-10-12 15:14:09,26,28,7223,20472
2023-10-12 15:14:14,25,28,7223,20472
2023-10-12 15:14:18,25,27,7223,20472
2023-10-12 15:14:20,24,27,7223,20472
2023-10-12 15:14:21,24,27,7223,20472
2023-10-12 15:14:26,25,27,7223,20472
2023-10-12 15:14:38,26,27,7223,20472
2023-10-12 15:14:40,25,27,7223,20472
2023-10-12 15:14:50,26,27,7223,20472
2023-10-12 15:15:00,25,27,7223,20472
2023-10-12 15:15:07,24,27,7223,20472
2023-10-12 15:15:09,24,26,7223,20472
2023-10-12 15:15:11,23,26,7223,20472
2023-10-12 15:15:13,23,25,7223,20472
2023-10-12 15:15:19,23,25,7223,20672
2023-10-12 15:15:23,24,25,7223,20672
2023-10-12 15:15:25,24,26,7223,20672
2023-10-12 15:15:26,25,26,7223,20672
2023-10-12 15:15:29,24,26,7223,20672
2023-10-12 15:15:29,25,26,7223,20672
2023-10-12 15:15:30,24,26,7223,20672
2023-10-12 15:15:36,25,26,7223,20672
2023-10-12 15:15:38,25,27,7223,20672
2023-10-12 15:15:46,26,27,7223,20672
2023-10-12 15:15:48,25,27,7223,20672
2023-10-12 15:15:50,24,27,7223,20672
2023-10-12 15:15:50,25,27,7223,20672
2023-10-12 15:15:51,24,27,7223,20672
2023-10-12 15:15:51,25,27,7223,20672
2023-10-12 15:15:53,25,26,7223,20672
2023-10-12 15:15:53,24,26,7223,20672
2023-10-12 15:15:53,25,26,7223,20672
2023-10-12 15:15:54,23,26,7223,20672
2023-10-12 15:15:55,24,26,7223,20672
2023-10-12 15:15:56,23,26,7223,20672
2023-10-12 15:15:56,24,26,7223,20672
2023-10-12 15:15:58,23,26,7223,20672
2023-10-12 15:15:58,24,26,7223,20672
2023-10-12 15:16:00,23,26,7223,20672
2023-10-12 15:16:01,24,25,7223,20672
2023-10-12 15:16:01,23,25,7223,20672
2023-10-12 15:16:02,22,25,7223,20672
2023-10-12 15:16:02,23,25,7223,20672
2023-10-12 15:16:04,23,24,7223,20672
2023-10-12 15:16:05,21,23,7223,20675
2023-10-12 15:16:05,22,23,7223,20675
2023-10-12 15:16:06,21,23,7223,20675
2023-10-12 15:16:07,20,23,7223,20675
2023-10-12 15:16:07,21,23,7223,20675
2023-10-12 15:16:08,21,22,7223,20675
2023-10-12 15:16:08,20,22,7223,20675
2023-10-12 15:16:08,21,22,7223,20675
2023-10-12 15:16:12,20,22,7223,20675
2023-10-12 15:16:12,21,22,7223,20675
2023-10-12 15:16:13,20,22,7223,20675
2023-10-12 15:16:13,21,22,7223,20675
2023-10-12 15:16:15,20,22,7223,20675
2023-10-12 15:16:15,21,22,7223,20675
2023-10-12 15:16:16,20,22,7223,20675
2023-10-12 15:16:16,21,22,7223,20675
2023-10-12 15:16:17,20,21,7223,20677
2023-10-12 15:16:17,19,21,7223,20677
2023-10-12 15:16:17,20,21,7223,20677
2023-10-12 15:16:18,19,21,7223,20677
2023-10-12 15:16:18,20,21,7223,20677
2023-10-12 15:16:20,19,21,7223,20677
2023-10-12 15:16:20,20,21,7223,20677
2023-10-12 15:16:22,19,20,7223,20681
2023-10-12 15:16:22,18,20,7223,20681
2023-10-12 15:16:22,19,20,7223,20681
2023-10-12 15:16:25,19,21,7223,20681
2023-10-12 15:16:27,19,20,7223,20681
2023-10-12 15:16:28,19,21,7223,20681
2023-10-12 15:16:30,19,20,7223,20681
2023-10-12 15:16:32,18,20,7223,20681
2023-10-12 15:16:32,19,20,7223,20681
2023-10-12 15:16:36,18,20,7223,20681
2023-10-12 15:16:36,19,20,7223,20681
2023-10-12 15:16:39,19,22,7223,20681
2023-10-12 15:16:39,19,21,7223,20681
2023-10-12 15:16:51,20,21,7223,20681
2023-10-12 15:16:53,20,22,7223,20681
2023-10-12 15:16:54,20,23,7223,20681
2023-10-12 15:16:54,20,24,7223,20681
2023-10-12 15:16:54,20,23,7223,20681
2023-10-12 15:16:55,21,23,7223,20681
2023-10-12 15:16:59,22,23,7223,20681
2023-10-12 15:17:00,21,23,7223,20681
2023-10-12 15:17:00,22,23,7223,20681
2023-10-12 15:17:02,21,23,7223,20681
2023-10-12 15:17:06,22,23,7223,20681
2023-10-12 15:17:07,21,23,7223,20681
2023-10-12 15:17:08,21,24,7223,20681
2023-10-12 15:17:08,21,24,7223,20681
2023-10-12 15:17:08,22,24,7223,20681
2023-10-12 15:17:10,21,24,7223,20681
2023-10-12 15:17:10,22,24,7223,20681
2023-10-12 15:17:11,23,24,7223,20681
2023-10-12 15:17:12,23,24,7225,20683
2023-10-12 15:17:15,22,24,7225,20683
2023-10-12 15:17:15,23,24,7225,20683
2023-10-12 15:17:15,22,24,7227,20685
2023-10-12 15:17:16,23,24,7227,20685
2023-10-12 15:17:17,22,24,7227,20685
2023-10-12 15:17:17,23,24,7227,20685
2023-10-12 15:17:21,23,25,7227,20685
2023-10-12 15:17:23,22,25,7227,20685
2023-10-12 15:17:23,23,25,7227,20685
2023-10-12 15:17:26,22,25,7227,20685
2023-10-12 15:17:26,22,25,7231,20689
2023-10-12 15:17:27,23,25,7231,20689
2023-10-12 15:17:30,24,25,7231,20689
2023-10-12 15:17:31,24,27,7231,20689
2023-10-12 15:17:32,25,27,7231,20689
2023-10-12 15:17:33,25,28,7231,20689
2023-10-12 15:17:33,24,28,7231,20689
2023-10-12 15:17:36,25,28,7231,20689
2023-10-12 15:17:42,26,28,7231,20689
2023-10-12 15:17:43,25,28,7231,20689
2023-10-12 15:17:44,26,28,7231,20689
2023-10-12 15:17:46,25,28,7231,20689
2023-10-12 15:17:47,25,27,7231,20689
2023-10-12 15:17:53,24,27,7231,20689
2023-10-12 15:17:54,25,27,7231,20689
2023-10-12 15:17:55,24,27,7231,20689
2023-10-12 15:17:56,25,27,7231,20689
2023-10-12 15:17:58,24,27,7231,20689
2023-10-12 15:17:59,25,27,7231,20689
2023-10-12 15:18:00,25,26,7231,20689
2023-10-12 15:18:00,24,26,7231,20689
2023-10-12 15:18:01,25,26,7231,20689
2023-10-12 15:18:02,23,26,7231,20689
2023-10-12 15:18:03,24,26,7231,20689
2023-10-12 15:18:07,23,26,7231,20689
2023-10-12 15:18:08,23,26,7231,20689
2023-10-12 15:18:08,24,26,7231,20689
2023-10-12 15:18:10,23,26,7231,20689
2023-10-12 15:18:16,23,26,7231,20689
2023-10-12 15:18:16,24,26,7231,20689
2023-10-12 15:18:17,23,26,7231,20689
2023-10-12 15:18:19,25,26,7231,20689
2023-10-12 15:18:19,25,27,7231,20689
2023-10-12 15:18:21,25,28,7231,20689
2023-10-12 15:18:31,24,28,7231,20689
2023-10-12 15:18:38,25,28,7231,20689
2023-10-12 15:18:39,26,28,7231,20689
2023-10-12 15:18:39,27,28,7231,20689
2023-10-12 15:18:40,26,28,7231,20689
2023-10-12 15:18:41,27,29,7231,20689
2023-10-12 15:18:42,26,29,7231,20689
2023-10-12 15:18:47,27,29,7231,20689
2023-10-12 15:18:48,27,30,7231,20689
2023-10-12 15:18:48,28,30,7231,20689
2023-10-12 15:18:48,27,28,7234,20692
2023-10-12 15:18:50,28,30,7236,20694
2023-10-12 15:18:50,29,31,7236,20694
2023-10-12 15:18:50,29,32,7236,20694
2023-10-12 15:18:50,29,32,7241,20699
2023-10-12 15:18:50,30,32,7241,20699
2023-10-12 15:18:50,29,32,7246,20704
2023-10-12 15:18:51,29,32,7416,20904
2023-10-12 15:18:51,29,32,7521,21009
2023-10-12 15:18:51,29,33,7521,21009
2023-10-12 15:18:51,33,38,7521,21009
2023-10-12 15:18:51,33,37,7521,21009
2023-10-12 15:18:51,33,37,7521,21009
2023-10-12 15:18:51,34,37,7521,21009
2023-10-12 15:18:51,34,37,7521,21014
2023-10-12 15:18:52,34,36,7521,21014
2023-10-12 15:18:52,33,36,7521,21014
2023-10-12 15:18:52,35,36,7521,21014
2023-10-12 15:18:52,33,36,7521,21014
2023-10-12 15:18:52,34,36,7521,21014
2023-10-12 15:18:53,34,35,7521,21014
2023-10-12 15:18:54,34,36,7501,21034
2023-10-12 15:18:55,34,35,7501,21034
2023-10-12 15:19:00,32,35,7501,21034
2023-10-12 15:19:00,33,35,7501,21034
2023-10-12 15:19:02,34,35,7501,21034
2023-10-12 15:19:04,35,37,7501,21035
2023-10-12 15:19:04,36,37,7501,21035
2023-10-12 15:19:04,36,37,7499,21037
2023-10-12 15:19:05,36,38,7499,21037
2023-10-12 15:19:06,37,38,7499,21037
2023-10-12 15:19:06,37,39,7499,21037
2023-10-12 15:19:09,37,38,7499,21037
2023-10-12 15:19:09,36,38,7499,21037
2023-10-12 15:19:20,36,37,7499,21037
2023-10-12 15:19:20,34,37,7499,21037
2023-10-12 15:19:20,35,37,7499,21037
2023-10-12 15:19:23,35,36,7499,21037
2023-10-12 15:19:25,33,36,7499,21037
2023-10-12 15:19:25,34,36,7499,21037
2023-10-12 15:19:38,34,35,7499,21037
2023-10-12 15:19:39,34,36,7499,21037
2023-10-12 15:19:53,34,35,7499,21037
2023-10-12 15:19:57,34,36,7499,21037
2023-10-12 15:20:00,35,36,7499,21037
2023-10-12 15:20:03,34,36,7499,21037
2023-10-12 15:20:05,35,36,7499,21037
2023-10-12 15:20:18,33,36,7499,21037
2023-10-12 15:20:18,34,36,7499,21037
2023-10-12 15:20:19,34,35,7499,21037
2023-10-12 15:20:25,34,36,7499,21037
2023-10-12 15:20:27,34,35,7499,21037
2023-10-12 15:20:29,34,36,7499,21037
2023-10-12 15:20:29,35,36,7499,21037
2023-10-12 15:20:35,35,36,7499,21064
2023-10-12 15:20:36,35,36,7472,21091
2023-10-12 15:20:36,33,36,7472,21091
2023-10-12 15:20:36,34,36,7472,21091
2023-10-12 15:20:37,34,35,7472,21091
2023-10-12 15:20:39,32,34,7431,21132
2023-10-12 15:20:41,33,34,7431,21132
2023-10-12 15:20:46,32,34,7431,21132
2023-10-12 15:20:47,32,34,7431,21132
2023-10-12 15:20:49,33,35,7431,21132
2023-10-12 15:20:50,32,35,7431,21132
2023-10-12 15:20:50,33,35,7431,21132
2023-10-12 15:20:51,32,35,7431,21132
2023-10-12 15:20:51,33,35,7431,21132
2023-10-12 15:20:51,33,36,7431,21132
2023-10-12 15:20:56,34,36,7431,21132
2023-10-12 15:20:57,35,36,7431,21132
2023-10-12 15:20:58,35,37,7431,21132
2023-10-12 15:21:01,34,37,7431,21132
2023-10-12 15:21:01,35,37,7431,21132
2023-10-12 15:21:14,34,37,7431,21132
2023-10-12 15:21:15,34,37,7431,21132
2023-10-12 15:21:15,35,37,7431,21132
2023-10-12 15:21:19,34,37,7431,21132
2023-10-12 15:21:19,35,37,7431,21132
2023-10-12 15:21:21,34,37,7431,21132
2023-10-12 15:21:21,35,37,7431,21132
2023-10-12 15:21:22,36,37,7431,21132
2023-10-12 15:21:23,35,37,7431,21132
2023-10-12 15:21:27,36,37,7431,21132
2023-10-12 15:21:29,35,37,7431,21132
2023-10-12 15:21:29,36,37,7431,21132
2023-10-12 15:21:30,35,37,7431,21132
2023-10-12 15:21:30,35,39,7431,21132
2023-10-12 15:21:31,36,38,7431,21132
2023-10-12 15:21:32,35,38,7431,21132
2023-10-12 15:21:32,36,38,7431,21132
2023-10-12 15:21:35,35,38,7431,21132
2023-10-12 15:21:35,36,38,7431,21132
2023-10-12 15:21:35,35,38,7431,21132
2023-10-12 15:21:36,35,37,7431,21132
2023-10-12 15:21:40,34,35,7431,21136
2023-10-12 15:21:40,34,35,7431,21138
2023-10-12 15:21:42,33,35,7431,21138
2023-10-12 15:21:49,34,35,7431,21138
2023-10-12 15:21:50,33,35,7431,21138
2023-10-12 15:21:50,34,35,7431,21138
2023-10-12 15:21:51,33,35,7431,21138
2023-10-12 15:21:51,34,35,7431,21138
2023-10-12 15:21:53,33,35,7431,21138
2023-10-12 15:21:53,34,35,7431,21138
2023-10-12 15:22:05,33,35,7431,21138
2023-10-12 15:22:05,34,35,7431,21138
2023-10-12 15:22:06,33,35,7431,21138
2023-10-12 15:22:08,33,35,7431,21138
2023-10-12 15:22:08,34,35,7431,21138
2023-10-12 15:22:09,33,35,7431,21138
2023-10-12 15:22:09,34,35,7431,21138
2023-10-12 15:22:14,33,35,7431,21138
2023-10-12 15:22:15,33,35,7431,21138
2023-10-12 15:22:16,32,35,7431,21138
2023-10-12 15:22:16,33,35,7431,21138
2023-10-12 15:22:19,33,37,7431,21138
2023-10-12 15:22:19,34,37,7431,21138
2023-10-12 15:22:20,33,37,7431,21138
2023-10-12 15:22:20,34,36,7431,21138
2023-10-12 15:22:22,33,36,7431,21138
2023-10-12 15:22:25,33,36,7431,21138
2023-10-12 15:22:27,35,36,7431,21138
2023-10-12 15:22:27,35,37,7431,21138
2023-10-12 15:22:32,34,37,7431,21138
2023-10-12 15:22:32,35,37,7431,21138
2023-10-12 15:22:33,34,37,7431,21138
2023-10-12 15:22:34,34,37,7431,21138
2023-10-12 15:22:36,34,37,7431,21138
2023-10-12 15:22:38,34,37,7431,21138
2023-10-12 15:22:38,34,37,7431,21138
2023-10-12 15:22:39,35,37,7431,21138
2023-10-12 15:22:40,34,37,7431,21138
2023-10-12 15:22:40,35,37,7431,21138
2023-10-12 15:22:41,34,37,7431,21138
2023-10-12 15:22:41,34,35,7431,21142
2023-10-12 15:22:43,33,35,7431,21142
2023-10-12 15:22:43,34,35,7431,21142
2023-10-12 15:22:44,33,35,7431,21142
2023-10-12 15:22:48,32,35,7431,21142
2023-10-12 15:22:48,33,35,7431,21142
2023-10-12 15:22:49,32,35,7431,21142
2023-10-12 15:22:50,32,35,7431,21142
2023-10-12 15:22:50,33,35,7431,21142
2023-10-12 15:22:52,34,35,7431,21142
2023-10-12 15:22:54,33,35,7431,21142
2023-10-12 15:22:54,34,35,7431,21142
2023-10-12 15:22:56,33,35,7431,21142
2023-10-12 15:22:56,34,35,7431,21142
2023-10-12 15:22:57,34,35,7431,21144
2023-10-12 15:22:57,34,37,7431,21153
2023-10-12 15:22:58,35,37,7431,21153
2023-10-12 15:23:07,34,37,7431,21153
2023-10-12 15:23:08,35,37,7431,21153
2023-10-12 15:23:09,34,37,7431,21153
2023-10-12 15:23:13,35,37,7431,21153
2023-10-12 15:23:21,35,38,7431,21153
2023-10-12 15:23:22,38,39,7431,21170
2023-10-12 15:23:22,38,39,7432,21171
2023-10-12 15:23:31,35,38,7432,21206
2023-10-12 15:23:32,34,38,7432,21206
2023-10-12 15:23:32,34,37,7432,21206
2023-10-12 15:23:34,33,37,7432,21206
2023-10-12 15:23:34,34,37,7432,21206
2023-10-12 15:23:35,34,36,7432,21206
2023-10-12 15:23:36,34,35,7432,21206
2023-10-12 15:23:36,32,35,7432,21206
2023-10-12 15:23:37,33,35,7432,21206
2023-10-12 15:23:38,32,35,7432,21206
2023-10-12 15:23:38,33,35,7432,21206
2023-10-12 15:23:41,32,35,7432,21206
2023-10-12 15:23:41,33,35,7432,21206
2023-10-12 15:23:43,32,35,7432,21206
2023-10-12 15:23:43,33,35,7432,21206
2023-10-12 15:23:44,32,35,7432,21206
2023-10-12 15:23:44,33,35,7432,21206
2023-10-12 15:23:49,34,35,7432,21206
2023-10-12 15:23:50,33,35,7432,21206
2023-10-12 15:23:50,34,35,7432,21206
2023-10-12 15:23:52,33,35,7432,21206
2023-10-12 15:23:52,34,35,7432,21206
2023-10-12 15:23:53,33,35,7432,21206
2023-10-12 15:23:55,33,35,7432,21206
2023-10-12 15:23:55,34,35,7432,21206
2023-10-12 15:23:56,33,35,7432,21206
2023-10-12 15:23:56,34,35,7432,21206
2023-10-12 15:23:58,33,35,7432,21206
2023-10-12 15:24:05,34,35,7432,21206
2023-10-12 15:24:10,34,36,7432,21206
2023-10-12 15:24:12,35,36,7432,21206
2023-10-12 15:24:13,34,36,7432,21206
2023-10-12 15:24:14,34,36,7432,21206
2023-10-12 15:24:16,34,36,7432,21206
2023-10-12 15:24:16,35,36,7432,21206
2023-10-12 15:24:17,34,36,7432,21206
2023-10-12 15:24:19,33,36,7432,21206
2023-10-12 15:24:20,32,36,7432,21206
2023-10-12 15:24:20,33,36,7432,21206
2023-10-12 15:24:21,33,35,7432,21206
2023-10-12 15:24:23,32,35,7432,21206
2023-10-12 15:24:23,33,35,7432,21206
2023-10-12 15:24:25,32,35,7432,21206
2023-10-12 15:24:25,33,35,7432,21206
2023-10-12 15:24:26,32,35,7432,21206
2023-10-12 15:24:28,32,34,7432,21206
2023-10-12 15:24:32,31,34,7432,21206
2023-10-12 15:24:35,31,34,7432,21206
2023-10-12 15:24:35,32,34,7432,21206
2023-10-12 15:24:37,31,34,7432,21206
2023-10-12 15:24:38,30,34,7432,21206
2023-10-12 15:24:39,31,34,7432,21206
2023-10-12 15:24:40,30,34,7432,21206
2023-10-12 15:24:40,30,33,7432,21206
2023-10-12 15:24:42,30,32,7432,21206
2023-10-12 15:24:44,31,32,7432,21206
2023-10-12 15:24:47,31,33,7432,21206
2023-10-12 15:24:48,32,33,7432,21206
2023-10-12 15:24:50,31,33,7432,21206
2023-10-12 15:24:50,32,33,7432,21206
2023-10-12 15:24:51,31,33,7432,21206
2023-10-12 15:24:51,30,33,7432,21259
2023-10-12 15:24:52,32,33,7432,21259
2023-10-12 15:24:52,30,32,7432,21261
2023-10-12 15:24:52,28,32,7432,21261
2023-10-12 15:24:52,28,31,7432,21261
2023-10-12 15:24:53,29,31,7432,21261
2023-10-12 15:24:54,27,28,7432,21338
2023-10-12 15:24:54,27,28,7442,21348
2023-10-12 15:24:54,25,28,7442,21348
2023-10-12 15:24:54,26,28,7442,21348
2023-10-12 15:24:54,26,28,7442,21352
2023-10-12 15:24:54,25,28,7442,21352
2023-10-12 15:24:54,26,28,7442,21352
2023-10-12 15:24:55,26,27,7442,21352
2023-10-12 15:24:55,25,26,7442,21353
2023-10-12 15:24:55,23,26,7442,21353
2023-10-12 15:24:57,23,25,7442,21353
2023-10-12 15:25:10,22,25,7442,21353
2023-10-12 15:25:13,23,25,7442,21353
2023-10-12 15:25:16,22,25,7442,21353
2023-10-12 15:25:18,22,23,7442,21353
2023-10-12 15:25:18,19,23,7442,21353
2023-10-12 15:25:24,21,24,7442,21353
2023-10-12 15:25:25,22,24,7442,21353
2023-10-12 15:25:25,22,25,7442,21353
2023-10-12 15:25:27,22,24,7442,21353
2023-10-12 15:25:29,21,24,7442,21353
2023-10-12 15:25:31,21,23,7442,21353
2023-10-12 15:25:33,21,22,7442,21353
2023-10-12 15:25:39,20,22,7442,21353
2023-10-12 15:25:40,20,21,7442,21353
2023-10-12 15:25:42,20,21,7452,21363
2023-10-12 15:25:42,18,21,7452,21363
2023-10-12 15:25:42,19,21,7452,21363
2023-10-12 15:25:43,19,20,7452,21363
2023-10-12 15:25:47,17,19,7452,21378
2023-10-12 15:25:51,17,20,7452,21378
2023-10-12 15:25:53,17,19,7452,21378
2023-10-12 15:25:54,18,19,7452,21378
2023-10-12 15:25:54,19,20,7452,21382
2023-10-12 15:25:54,19,20,7455,21385
2023-10-12 15:25:55,19,20,7465,21395
2023-10-12 15:26:10,20,21,7465,21396
2023-10-12 15:26:12,19,21,7465,21396
2023-10-12 15:26:27,20,21,7465,21396
2023-10-12 15:26:28,20,22,7465,21399
2023-10-12 15:26:38,20,21,7465,21399
2023-10-12 15:26:38,19,21,7465,21399
2023-10-12 15:26:39,19,20,7465,21399
2023-10-12 15:26:40,17,20,7465,21399
2023-10-12 15:26:40,18,20,7465,21399
2023-10-12 15:26:41,18,19,7465,21399
2023-10-12 15:26:55,18,20,7465,21403
2023-10-12 15:27:01,18,19,7465,21403
2023-10-12 15:27:06,18,20,7465,21403
2023-10-12 15:27:18,19,20,7465,21403
2023-10-12 15:27:20,20,21,7465,21528
2023-10-12 15:27:21,19,21,7465,21528
2023-10-12 15:27:22,20,21,7465,21528
2023-10-12 15:27:22,20,22,7465,21530
2023-10-12 15:27:26,21,22,7465,21530
2023-10-12 15:27:27,20,22,7465,21530
2023-10-12 15:27:28,21,22,7465,21530
2023-10-12 15:27:30,20,22,7465,21530
2023-10-12 15:27:32,21,22,7465,21530
2023-10-12 15:27:32,21,23,7465,21530
2023-10-12 15:27:35,21,24,7465,21530
2023-10-12 15:27:40,21,22,7465,21530
2023-10-12 15:27:40,21,22,7465,21550
2023-10-12 15:27:42,20,22,7465,21550
2023-10-12 15:27:42,21,22,7465,21550
2023-10-12 15:27:43,20,22,7465,21550
2023-10-12 15:27:44,19,22,7465,21550
2023-10-12 15:27:44,20,22,7465,21550
2023-10-12 15:28:07,21,22,7465,21550
2023-10-12 15:28:09,20,22,7465,21550
2023-10-12 15:28:09,21,22,7465,21550
2023-10-12 15:28:10,20,22,7465,21550
2023-10-12 15:28:11,19,22,7465,21550
2023-10-12 15:28:25,21,22,7465,21550
2023-10-12 15:28:30,20,22,7465,21550
2023-10-12 15:28:30,21,22,7465,21550
2023-10-12 15:28:30,21,23,7465,21550
2023-10-12 15:28:30,21,24,7465,21550
2023-10-12 15:28:31,21,23,7465,21550
2023-10-12 15:28:32,22,23,7465,21550
2023-10-12 15:28:43,21,24,7465,21550
2023-10-12 15:28:43,22,24,7465,21550
2023-10-12 15:28:44,21,24,7465,21550
2023-10-12 15:28:45,21,24,7465,21550
2023-10-12 15:28:48,22,24,7465,21550
2023-10-12 15:28:49,21,24,7465,21550
2023-10-12 15:28:50,22,24,7465,21550
2023-10-12 15:28:51,21,24,7465,21550
2023-10-12 15:28:51,22,24,7465,21550
2023-10-12 15:28:52,21,24,7465,21550
2023-10-12 15:28:55,22,24,7465,21550
2023-10-12 15:28:58,22,25,7465,21550
2023-10-12 15:29:00,23,25,7465,21550
2023-10-12 15:29:02,24,25,7465,21550
2023-10-12 15:29:02,24,27,7465,21550
2023-10-12 15:29:03,24,26,7465,21550
2023-10-12 15:29:07,22,26,7465,21550
2023-10-12 15:29:07,24,26,7465,21550
2023-10-12 15:29:07,24,25,7465,21550
2023-10-12 15:29:08,22,25,7465,21550
2023-10-12 15:29:09,23,25,7465,21550
2023-10-12 15:29:10,23,24,7465,21550
2023-10-12 15:29:11,22,24,7465,21550
2023-10-12 15:29:13,21,24,7465,21550
2023-10-12 15:29:13,22,24,7465,21550
2023-10-12 15:29:14,21,24,7465,21550
2023-10-12 15:29:14,22,24,7465,21550
2023-10-12 15:29:15,21,24,7465,21550
2023-10-12 15:29:15,22,24,7465,21550
2023-10-12 15:29:17,21,24,7465,21550
2023-10-12 15:29:20,22,23,7465,21550
2023-10-12 15:29:20,21,23,7465,21550
2023-10-12 15:29:21,21,22,7465,21550
2023-10-12 15:29:21,19,22,7465,21550
2023-10-12 15:29:22,19,22,7465,21550
2023-10-12 15:29:22,21,22,7465,21550
2023-10-12 15:29:23,19,22,7465,21550
2023-10-12 15:29:23,21,22,7465,21550
2023-10-12 15:29:25,19,22,7465,21550
2023-10-12 15:29:25,21,22,7465,21550
2023-10-12 15:29:26,19,22,7465,21550
