datetime,bid,ask,open_interest,volume
2023-11-07 09:31:00,2,7,10,10
2023-11-07 09:31:00,2,6,10,10
2023-11-07 09:31:00,2,4,10,10
2023-11-07 09:31:20,3,4,10,10
2023-11-07 09:31:20,2,4,210,210
2023-11-07 09:33:06,2,5,210,210
2023-11-07 09:33:11,3,5,210,210
2023-11-07 09:33:23,3,6,210,210
2023-11-07 09:33:28,3,5,210,210
2023-11-07 09:33:40,3,6,210,210
2023-11-07 09:33:44,4,6,210,210
2023-11-07 09:33:44,3,6,410,410
2023-11-07 09:34:07,3,5,410,410
2023-11-07 09:34:09,2,5,410,410
2023-11-07 09:34:09,3,5,410,410
2023-11-07 09:34:37,3,6,410,410
2023-11-07 09:34:49,4,6,410,410
2023-11-07 09:34:51,3,6,410,410
2023-11-07 09:35:43,4,6,410,410
2023-11-07 09:35:46,3,6,410,410
2023-11-07 09:37:00,4,6,410,410
2023-11-07 09:37:05,4,6,411,411
2023-11-07 09:37:07,4,5,411,411
2023-11-07 09:37:12,3,5,411,411
2023-11-07 09:39:26,5,7,411,412
2023-11-07 09:39:58,6,7,411,412
2023-11-07 09:40:00,5,7,411,412
2023-11-07 09:40:04,6,7,411,412
2023-11-07 09:40:05,5,7,411,412
2023-11-07 09:40:06,6,7,411,412
2023-11-07 09:40:06,5,7,411,412
2023-11-07 09:40:07,6,7,411,412
2023-11-07 09:40:07,5,7,411,412
2023-11-07 09:40:07,6,7,411,412
2023-11-07 09:40:08,5,7,411,412
2023-11-07 09:40:10,6,7,411,412
2023-11-07 09:40:13,5,7,411,412
2023-11-07 09:40:13,5,7,411,412
2023-11-07 09:40:13,6,7,411,412
2023-11-07 09:40:17,5,7,411,412
2023-11-07 09:40:17,6,7,411,412
2023-11-07 09:40:22,5,7,411,412
2023-11-07 09:40:22,6,7,411,412
2023-11-07 09:40:23,5,7,411,412
2023-11-07 09:40:23,6,7,411,412
2023-11-07 09:40:29,5,7,411,412
2023-11-07 09:40:31,5,6,411,412
2023-11-07 09:40:49,5,7,411,412
2023-11-07 09:40:51,5,6,411,412
2023-11-07 09:40:52,5,7,411,412
2023-11-07 09:41:33,5,6,411,412
2023-11-07 09:41:43,3,6,411,412
2023-11-07 09:41:43,3,5,411,412
2023-11-07 09:41:43,4,5,411,412
2023-11-07 09:41:45,3,5,411,412
2023-11-07 09:41:45,4,5,411,412
2023-11-07 09:41:56,3,5,411,412
2023-11-07 09:41:56,4,5,411,412
2023-11-07 09:43:42,4,5,531,532
2023-11-07 09:44:19,4,5,591,592
2023-11-07 09:44:41,3,5,661,662
2023-11-07 09:44:52,4,5,661,662
2023-11-07 09:44:52,4,5,901,902
2023-11-07 09:44:52,3,5,901,902
2023-11-07 09:46:06,4,5,901,902
2023-11-07 09:46:19,3,5,901,902
2023-11-07 09:46:19,4,5,901,902
2023-11-07 09:46:21,3,5,901,902
2023-11-07 09:46:25,4,5,901,902
2023-11-07 09:46:34,3,5,901,902
2023-11-07 09:46:34,4,5,901,902
2023-11-07 09:46:35,3,5,901,902
2023-11-07 09:46:35,4,5,901,902
2023-11-07 09:46:45,3,5,901,902
2023-11-07 09:46:45,4,5,901,902
2023-11-07 09:46:53,3,5,901,902
2023-11-07 09:46:54,3,5,901,902
2023-11-07 09:46:59,3,5,901,902
2023-11-07 09:46:59,4,5,901,902
2023-11-07 09:47:00,3,5,901,902
2023-11-07 09:47:01,4,5,901,902
2023-11-07 09:47:01,3,5,901,902
2023-11-07 09:47:06,4,5,901,902
2023-11-07 09:47:07,3,5,901,902
2023-11-07 09:47:15,4,5,901,902
2023-11-07 09:47:15,3,5,901,902
2023-11-07 09:47:18,4,5,901,902
2023-11-07 09:47:19,3,5,901,902
2023-11-07 09:47:19,4,5,901,902
2023-11-07 09:47:20,3,5,901,902
2023-11-07 09:47:21,4,5,901,902
2023-11-07 09:47:21,3,5,901,902
2023-11-07 09:47:24,4,5,901,902
2023-11-07 09:47:30,3,5,901,902
2023-11-07 09:47:30,4,5,901,902
2023-11-07 09:47:31,3,5,901,902
2023-11-07 09:47:32,4,5,901,902
2023-11-07 09:47:32,3,5,901,902
2023-11-07 09:47:33,4,5,901,902
2023-11-07 09:47:33,3,5,901,902
2023-11-07 09:47:33,4,5,901,902
2023-11-07 09:47:35,3,5,901,902
2023-11-07 09:47:35,4,5,901,902
2023-11-07 09:47:35,3,5,901,902
2023-11-07 09:47:35,4,5,901,902
2023-11-07 09:47:36,3,5,901,902
2023-11-07 09:47:37,4,5,901,902
2023-11-07 09:47:39,3,5,901,902
2023-11-07 09:47:39,4,5,901,902
2023-11-07 09:47:41,3,5,901,902
2023-11-07 09:47:41,4,5,901,902
2023-11-07 09:47:42,3,5,901,902
2023-11-07 09:47:42,4,5,901,902
2023-11-07 09:47:43,3,5,901,902
2023-11-07 09:47:43,4,5,901,902
2023-11-07 09:47:52,3,5,901,902
2023-11-07 09:47:52,4,5,901,902
2023-11-07 09:47:52,3,5,901,902
2023-11-07 09:47:52,4,5,901,902
2023-11-07 09:47:53,3,5,901,902
2023-11-07 09:47:53,4,5,901,902
2023-11-07 09:47:53,3,5,901,902
2023-11-07 09:48:34,4,5,901,902
2023-11-07 09:48:34,4,5,1081,1082
2023-11-07 09:48:35,3,5,1081,1082
2023-11-07 09:48:36,4,5,1081,1082
2023-11-07 09:48:39,3,5,1081,1082
2023-11-07 09:48:48,4,5,1081,1082
2023-11-07 09:48:50,3,5,1081,1082
2023-11-07 09:48:50,4,5,1081,1082
2023-11-07 09:48:51,3,5,1081,1082
2023-11-07 09:48:51,4,5,1081,1082
2023-11-07 09:48:54,4,5,1324,1325
2023-11-07 09:48:54,3,5,1324,1325
2023-11-07 09:48:55,4,5,1324,1325
2023-11-07 09:48:55,3,5,1324,1325
2023-11-07 09:48:55,4,5,1324,1325
2023-11-07 09:48:58,3,5,1324,1325
2023-11-07 09:49:16,4,5,1324,1325
2023-11-07 09:50:27,4,5,1349,1350
2023-11-07 09:50:29,4,5,1377,1378
2023-11-07 09:50:39,4,5,1577,1578
2023-11-07 09:50:40,3,4,1577,1603
2023-11-07 09:50:42,3,4,1852,1878
2023-11-07 09:50:42,2,4,1852,1878
2023-11-07 09:50:43,2,3,1852,1878
2023-11-07 09:51:26,2,3,1852,1879
2023-11-07 09:51:34,2,4,1852,2079
2023-11-07 09:52:24,2,3,1852,2079
2023-11-07 09:56:24,2,3,1877,2279
2023-11-07 10:00:01,2,3,2077,2479
2023-11-07 10:00:12,2,3,2277,2679
2023-11-07 10:00:16,1,3,2377,2779
2023-11-07 10:00:26,1,2,2377,2779
2023-11-07 10:03:22,1,2,2402,2804
2023-11-07 10:08:18,1,3,2402,2804
2023-11-07 10:12:22,1,2,2402,2804
2023-11-07 10:12:31,1,2,2427,2829
2023-11-07 10:12:44,0,2,2452,2864
2023-11-07 10:16:17,0,1,2452,2864
