datetime,bid,ask,open_interest,volume
2023-05-17 09:31:04,75,76,1438,1679
2023-05-17 09:31:04,76,77,1483,1724
2023-05-17 09:31:04,76,77,1683,1924
2023-05-17 09:31:05,75,77,1883,2124
2023-05-17 09:31:14,76,77,1883,2124
2023-05-17 09:31:17,75,77,1883,2124
2023-05-17 09:31:19,76,77,1883,2124
2023-05-17 09:31:20,75,77,1883,2124
2023-05-17 09:31:24,76,77,1883,2124
2023-05-17 09:32:08,75,77,1883,2124
2023-05-17 09:32:09,76,77,1883,2124
2023-05-17 09:32:10,75,77,1883,2124
2023-05-17 09:32:13,76,77,1883,2124
2023-05-17 09:32:54,76,78,1883,2174
2023-05-17 09:34:19,77,78,1883,2174
2023-05-17 09:34:28,76,78,2083,2374
2023-05-17 09:34:44,77,78,2083,2374
2023-05-17 09:34:45,77,78,2283,2574
2023-05-17 09:34:46,77,78,2483,2774
2023-05-17 09:34:49,76,78,2683,2974
2023-05-17 09:36:25,77,78,2683,2974
2023-05-17 09:37:03,78,79,2728,3019
2023-05-17 09:37:03,77,79,2840,3131
2023-05-17 09:37:03,77,78,2840,3131
2023-05-17 09:37:04,76,78,2840,3131
2023-05-17 09:37:08,78,79,2868,3159
2023-05-17 09:37:08,76,79,3040,3331
2023-05-17 09:37:08,76,78,3040,3331
2023-05-17 09:37:22,77,78,3040,3331
2023-05-17 09:37:26,78,79,3212,3503
2023-05-17 09:37:26,77,79,3240,3531
2023-05-17 09:38:10,79,80,3315,3806
2023-05-17 09:38:10,79,80,3370,3861
2023-05-17 09:38:10,79,80,3424,3915
2023-05-17 09:38:10,79,80,3457,3948
2023-05-17 09:38:12,79,80,3457,4148
2023-05-17 09:38:19,79,80,3457,4149
2023-05-17 09:38:24,77,80,3457,4149
2023-05-17 09:38:51,79,80,3457,4149
2023-05-17 09:38:56,77,80,3457,4149
2023-05-17 09:39:21,79,80,3457,4149
2023-05-17 09:39:55,80,81,3502,4194
2023-05-17 09:39:55,80,81,3722,4414
2023-05-17 09:39:55,80,81,3747,4439
2023-05-17 09:39:55,79,80,3857,4549
2023-05-17 09:39:55,79,81,3857,4549
2023-05-17 09:41:00,79,80,3857,4549
2023-05-17 09:41:46,80,81,3860,4552
2023-05-17 09:42:02,79,81,3860,4552
2023-05-17 09:42:40,79,80,3860,4552
2023-05-17 09:42:40,79,81,3860,4552
2023-05-17 09:43:21,79,80,3860,4552
2023-05-17 09:48:36,79,80,3860,4554
2023-05-17 09:49:58,78,79,3840,4574
2023-05-17 09:50:34,77,78,3800,4614
2023-05-17 09:50:39,76,77,3735,4679
2023-05-17 09:50:43,75,77,3735,4879
2023-05-17 09:50:50,75,76,3735,4879
2023-05-17 09:51:06,74,75,3685,4929
2023-05-17 09:51:16,73,74,3586,5028
2023-05-17 09:51:17,73,75,3586,5028
2023-05-17 09:52:04,73,75,3386,5228
2023-05-17 09:52:05,74,75,3386,5228
2023-05-17 09:52:34,73,75,3386,5228
2023-05-17 09:52:34,74,75,3386,5228
2023-05-17 09:52:49,75,76,3386,5248
2023-05-17 09:52:49,74,76,3386,5248
2023-05-17 09:52:54,74,75,3386,5248
2023-05-17 09:53:23,74,75,3366,5448
2023-05-17 09:53:32,73,75,3366,5448
2023-05-17 09:53:37,74,75,3366,5448
2023-05-17 09:53:47,73,75,3366,5448
2023-05-17 09:53:52,73,74,3366,5448
2023-05-17 09:54:29,74,75,3246,5588
2023-05-17 09:54:29,73,75,3246,5588
2023-05-17 09:55:34,73,75,3066,5788
2023-05-17 09:55:36,73,75,2866,5988
2023-05-17 09:55:39,73,76,2866,5988
2023-05-17 09:55:44,73,75,2866,5988
2023-05-17 09:55:46,73,76,2866,5988
2023-05-17 09:56:30,73,75,2866,5988
2023-05-17 09:56:39,74,75,2866,5988
2023-05-17 09:56:44,74,76,2867,5990
2023-05-17 09:58:03,74,75,2867,5990
2023-05-17 09:58:14,74,76,2867,5990
2023-05-17 09:59:01,74,75,2867,5990
2023-05-17 09:59:25,73,74,2847,6010
2023-05-17 09:59:30,71,73,2798,6159
2023-05-17 09:59:36,70,73,2798,6159
2023-05-17 09:59:44,70,73,2798,6159
2023-05-17 10:00:01,71,73,2798,6159
2023-05-17 10:00:10,70,73,2798,6159
2023-05-17 10:00:11,70,72,2798,6159
2023-05-17 10:00:50,71,72,2798,6159
2023-05-17 10:00:51,71,72,2618,6359
2023-05-17 10:00:52,71,72,2418,6559
2023-05-17 10:00:53,71,72,2418,6759
2023-05-17 10:00:53,72,73,2398,6799
2023-05-17 10:00:53,71,73,2398,6799
2023-05-17 10:00:55,73,74,2398,6819
2023-05-17 10:00:55,71,74,2398,6819
2023-05-17 10:00:56,71,73,2398,6819
2023-05-17 10:00:57,71,74,2308,7019
2023-05-17 10:01:05,71,73,2308,7019
2023-05-17 10:01:27,71,74,2308,7019
2023-05-17 10:01:41,71,73,2308,7019
2023-05-17 10:01:43,71,74,2308,7019
2023-05-17 10:01:47,71,73,2308,7019
2023-05-17 10:01:51,71,74,2308,7019
2023-05-17 10:01:58,71,73,2308,7019
2023-05-17 10:02:30,71,74,2308,7019
2023-05-17 10:03:01,72,74,2308,7019
2023-05-17 10:03:57,74,75,2328,7039
2023-05-17 10:03:57,72,75,2328,7039
2023-05-17 10:04:06,72,74,2328,7039
2023-05-17 10:04:14,73,74,2328,7039
2023-05-17 10:04:18,73,75,2528,7239
2023-05-17 10:04:24,74,75,2528,7239
2023-05-17 10:04:34,73,75,2528,7239
2023-05-17 10:05:24,74,75,2528,7239
2023-05-17 10:06:08,75,76,2548,7259
2023-05-17 10:06:08,74,76,2548,7259
2023-05-17 10:06:18,75,76,2548,7259
2023-05-17 10:06:30,76,77,2568,7279
2023-05-17 10:06:30,75,77,2568,7279
2023-05-17 10:06:51,76,77,2568,7279
2023-05-17 10:06:54,77,78,2588,7299
2023-05-17 10:06:54,76,78,2588,7299
2023-05-17 10:06:58,77,78,2588,7299
2023-05-17 10:07:08,77,78,2788,7499
2023-05-17 10:07:09,78,79,2808,7519
2023-05-17 10:07:20,78,80,2830,7919
2023-05-17 10:07:47,79,80,2830,7919
2023-05-17 10:07:49,78,80,2830,7919
2023-05-17 10:07:50,79,80,2830,7919
2023-05-17 10:07:52,78,80,2830,7919
2023-05-17 10:07:58,78,79,2830,7919
2023-05-17 10:08:42,78,80,2830,7919
2023-05-17 10:08:45,78,81,3326,8539
2023-05-17 10:08:45,78,80,3326,8539
2023-05-17 10:09:06,78,81,3326,8539
2023-05-17 10:09:16,78,80,3326,8539
2023-05-17 10:09:58,78,81,3526,8739
2023-05-17 10:09:58,78,80,3526,8739
2023-05-17 10:10:14,78,81,3526,8739
2023-05-17 10:10:15,79,81,3526,8739
2023-05-17 10:13:04,78,79,3506,8759
2023-05-17 10:13:04,78,81,3506,8759
2023-05-17 10:13:04,78,80,3506,8759
2023-05-17 10:14:30,79,80,3506,8759
2023-05-17 10:15:58,80,81,3506,8779
2023-05-17 10:18:44,80,81,3518,8791
2023-05-17 10:19:18,80,81,3516,8793
2023-05-17 10:19:21,80,81,3516,8797
2023-05-17 10:21:58,80,81,3514,8799
2023-05-17 10:22:10,80,82,3686,8971
2023-05-17 10:22:10,80,81,3686,8971
2023-05-17 10:22:10,80,82,3686,8971
2023-05-17 10:22:46,81,82,3686,8971
2023-05-17 10:25:08,82,83,3686,8991
2023-05-17 10:25:43,82,84,4086,9391
2023-05-17 10:25:43,82,83,4086,9391
2023-05-17 10:25:43,83,84,4086,9395
2023-05-17 10:25:43,82,84,4086,9412
2023-05-17 10:25:43,82,83,4086,9412
2023-05-17 10:25:44,83,84,4086,9420
2023-05-17 10:25:44,83,84,4086,9431
2023-05-17 10:25:44,83,84,4086,9435
2023-05-17 10:25:44,83,84,4086,9443
2023-05-17 10:25:44,83,84,4086,9454
2023-05-17 10:25:46,83,84,4086,9704
2023-05-17 10:26:42,84,85,4086,9724
2023-05-17 10:27:02,84,86,4411,10049
2023-05-17 10:27:24,84,86,4211,10249
2023-05-17 10:27:36,85,86,4211,10249
2023-05-17 10:27:36,85,86,4211,10269
2023-05-17 10:27:36,85,86,4211,10289
2023-05-17 10:27:37,84,85,4205,10299
2023-05-17 10:27:37,84,86,4205,10299
2023-05-17 10:28:27,84,86,4205,10620
2023-05-17 10:28:28,83,86,4205,10620
2023-05-17 10:28:58,84,86,4205,10620
2023-05-17 10:30:28,85,86,4205,10620
2023-05-17 10:31:52,84,85,4205,10820
2023-05-17 10:33:49,84,86,4205,10865
2023-05-17 10:37:28,84,86,4233,10893
2023-05-17 10:40:46,84,86,4234,10894
2023-05-17 10:42:47,84,85,4234,10894
2023-05-17 10:43:58,84,85,4235,10895
2023-05-17 10:45:05,85,86,4239,10899
2023-05-17 10:46:11,84,86,4239,10928
2023-05-17 10:47:36,85,86,4239,10928
2023-05-17 10:48:08,85,86,4239,10993
2023-05-17 10:48:25,84,86,4106,11193
2023-05-17 10:51:46,84,85,4106,11193
2023-05-17 10:52:34,84,85,4106,11198
2023-05-17 10:54:18,84,86,4109,11201
2023-05-17 10:54:26,84,86,4042,11801
2023-05-17 10:54:27,84,87,4042,11801
2023-05-17 10:54:27,84,86,4042,11801
2023-05-17 10:56:35,84,87,4042,11801
2023-05-17 10:57:28,84,87,4113,11876
2023-05-17 10:57:28,85,87,4113,11876
2023-05-17 10:57:45,86,87,4113,11876
2023-05-17 10:57:45,85,87,4117,11901
2023-05-17 10:59:37,85,86,4117,11901
2023-05-17 11:00:37,86,87,4117,11915
2023-05-17 11:03:50,87,88,4117,11960
2023-05-17 11:06:43,87,88,4117,11985
2023-05-17 11:06:44,87,88,4117,12005
2023-05-17 11:06:46,87,88,4117,12354
2023-05-17 11:07:48,86,88,4117,12354
2023-05-17 11:07:49,87,88,4117,12354
2023-05-17 11:07:51,86,88,4117,12354
2023-05-17 11:07:53,87,88,4117,12354
2023-05-17 11:08:01,86,88,4117,12354
2023-05-17 11:08:25,87,88,4117,12354
2023-05-17 11:13:03,87,89,4299,12536
2023-05-17 11:15:28,88,89,4299,12536
2023-05-17 11:17:01,88,90,4765,13006
2023-05-17 11:17:25,88,90,4785,13051
2023-05-17 11:17:25,88,89,4785,13051
2023-05-17 11:17:26,88,90,4785,13051
2023-05-17 11:17:33,88,90,5231,13497
2023-05-17 11:17:36,88,89,5231,13497
2023-05-17 11:17:39,88,89,5258,13524
2023-05-17 11:17:43,88,89,5276,13542
2023-05-17 11:17:46,88,89,5301,13567
2023-05-17 11:17:46,88,89,5326,13592
2023-05-17 11:17:46,88,89,5355,13792
2023-05-17 11:17:46,87,88,5355,13826
2023-05-17 11:17:52,86,87,5359,13896
2023-05-17 11:18:10,86,88,5359,14096
2023-05-17 11:18:11,85,86,5359,14141
2023-05-17 11:18:17,84,85,5359,14186
2023-05-17 11:18:17,84,86,5359,14186
2023-05-17 11:18:18,83,86,5359,14186
2023-05-17 11:18:27,84,86,5359,14186
2023-05-17 11:18:28,83,84,5459,14286
2023-05-17 11:18:28,83,86,5459,14286
2023-05-17 11:18:28,84,86,5459,14286
2023-05-17 11:18:29,83,84,5459,14326
2023-05-17 11:18:29,83,86,5459,14326
2023-05-17 11:18:29,83,84,5459,14326
2023-05-17 11:18:39,83,84,5556,14726
2023-05-17 11:18:44,84,86,5750,14920
2023-05-17 11:18:44,85,86,5750,14920
2023-05-17 11:19:06,86,87,5795,14965
2023-05-17 11:19:22,87,88,5840,15010
2023-05-17 11:19:22,87,88,5865,15035
2023-05-17 11:20:48,87,89,6085,15255
2023-05-17 11:20:59,86,87,6210,15425
2023-05-17 11:20:59,87,88,6622,15837
2023-05-17 11:20:59,88,89,6622,15862
2023-05-17 11:21:00,88,89,6667,15907
2023-05-17 11:21:01,88,89,6667,16107
2023-05-17 11:21:14,88,89,6667,16307
2023-05-17 11:21:20,87,89,6667,16307
2023-05-17 11:21:43,86,89,6667,16307
2023-05-17 11:22:27,86,88,6667,16307
2023-05-17 11:22:58,86,87,6667,16307
2023-05-17 11:23:01,85,86,6661,16352
2023-05-17 11:23:19,85,87,7061,16752
2023-05-17 11:23:43,86,87,7061,16752
2023-05-17 11:23:52,85,87,7061,16752
2023-05-17 11:23:52,86,87,7061,16752
2023-05-17 11:25:16,86,88,7106,16797
2023-05-17 11:25:18,85,88,7106,16797
2023-05-17 11:25:43,85,87,7106,16797
2023-05-17 11:26:57,85,88,7106,16797
2023-05-17 11:27:12,86,88,7106,16797
2023-05-17 11:27:32,86,89,7751,17442
2023-05-17 11:27:33,87,89,7751,17442
2023-05-17 11:27:33,87,88,7751,17442
2023-05-17 11:28:04,87,89,7751,17442
2023-05-17 11:28:05,87,88,7751,17442
2023-05-17 11:28:37,87,89,7751,17442
2023-05-17 11:28:37,87,88,7751,17442
2023-05-17 11:28:44,87,88,7745,17448
2023-05-17 11:28:45,87,88,7739,17454
2023-05-17 11:28:47,87,88,7733,17460
2023-05-17 11:28:48,87,88,7727,17466
2023-05-17 11:28:49,87,88,7721,17472
2023-05-17 11:28:50,87,88,7715,17478
2023-05-17 11:28:51,87,88,7709,17484
2023-05-17 11:28:52,87,88,7509,17684
2023-05-17 11:29:03,87,89,7509,17684
2023-05-17 11:29:08,87,88,7509,17684
2023-05-17 11:29:23,87,88,7379,17814
2023-05-17 11:29:24,87,88,7249,17944
2023-05-17 11:29:32,87,88,7061,18132
2023-05-17 11:29:41,87,89,7061,18132
2023-05-17 11:29:41,87,88,7061,18132
2023-05-17 11:29:54,87,89,7061,18332
2023-05-17 11:30:09,87,88,7061,18332
2023-05-17 11:30:31,87,88,7061,18412
2023-05-17 11:30:39,87,89,7061,18412
2023-05-17 11:30:39,87,88,7061,18412
2023-05-17 11:31:06,87,89,7061,18412
2023-05-17 11:31:11,87,88,7061,18412
2023-05-17 11:31:19,87,88,7378,19123
2023-05-17 11:32:22,87,88,7423,19523
2023-05-17 11:32:46,87,89,7423,19523
2023-05-17 11:32:46,88,89,7423,19523
2023-05-17 11:35:46,87,89,7423,19523
2023-05-17 11:40:23,87,88,7423,19523
2023-05-17 11:40:29,87,88,7423,19568
2023-05-17 11:40:29,87,88,7468,19613
2023-05-17 11:40:43,86,88,7468,19613
2023-05-17 11:40:53,86,88,7423,19658
2023-05-17 11:40:53,85,87,7423,19658
2023-05-17 11:42:52,86,87,7423,19658
2023-05-17 11:42:52,86,87,7468,19703
2023-05-17 11:44:07,85,87,7468,19703
2023-05-17 11:44:10,85,88,7513,19748
2023-05-17 11:45:13,85,87,7513,19748
2023-05-17 11:45:39,85,86,7513,19748
2023-05-17 11:46:06,85,87,7513,19748
2023-05-17 11:46:09,85,86,7513,19748
2023-05-17 11:46:47,85,87,7513,19748
2023-05-17 11:46:52,85,86,7513,19748
2023-05-17 11:47:06,85,86,7513,19750
2023-05-17 11:47:26,85,86,7513,19752
2023-05-17 11:47:35,84,85,7422,19843
2023-05-17 11:47:54,84,85,7423,19844
2023-05-17 11:48:39,84,86,7467,19888
2023-05-17 11:48:41,85,86,7467,19888
2023-05-17 11:49:02,85,87,7512,19933
2023-05-17 11:50:00,86,87,7512,19933
2023-05-17 11:50:08,85,87,7512,19933
2023-05-17 11:50:11,85,88,7557,19978
2023-05-17 11:50:19,85,87,7557,19978
2023-05-17 11:50:28,85,88,7557,19978
2023-05-17 11:50:48,85,87,7557,19978
2023-05-17 11:51:27,85,88,7557,19978
2023-05-17 11:51:38,85,87,7557,19978
2023-05-17 11:51:53,85,88,7557,19978
2023-05-17 11:51:54,85,87,7557,19978
2023-05-17 11:51:56,85,88,7557,19978
2023-05-17 11:51:57,85,87,7557,19978
2023-05-17 11:52:05,85,88,7557,19978
2023-05-17 11:52:14,85,87,7557,19978
2023-05-17 11:52:16,85,88,7557,19978
2023-05-17 11:52:19,85,87,7557,19978
2023-05-17 11:52:27,85,88,7557,19978
2023-05-17 11:53:54,85,87,7557,19978
2023-05-17 11:54:34,86,87,7557,19978
2023-05-17 11:56:27,86,87,7557,19980
2023-05-17 11:58:53,86,88,7557,19980
2023-05-17 11:59:09,86,88,7557,19991
2023-05-17 11:59:12,86,88,7555,19993
2023-05-17 11:59:28,86,87,7555,19993
2023-05-17 11:59:30,86,87,7555,20004
2023-05-17 11:59:33,86,87,7555,20015
2023-05-17 12:00:17,85,87,7555,20025
2023-05-17 12:00:26,85,86,7555,20025
2023-05-17 12:00:30,85,87,7555,20025
2023-05-17 12:00:30,85,86,7555,20025
2023-05-17 12:00:31,85,87,7555,20025
2023-05-17 12:00:36,85,86,7555,20025
2023-05-17 12:00:37,85,87,7555,20025
2023-05-17 12:00:57,85,87,7555,20036
2023-05-17 12:03:29,86,87,7555,20036
2023-05-17 12:05:05,85,87,7555,20036
2023-05-17 12:06:20,85,87,7564,20045
2023-05-17 12:14:03,86,87,7564,20045
2023-05-17 12:14:37,85,87,7564,20045
2023-05-17 12:16:44,85,88,7575,20056
2023-05-17 12:16:46,87,88,7575,20056
2023-05-17 12:17:57,87,89,7620,20101
2023-05-17 12:22:33,87,88,7620,20101
2023-05-17 12:22:35,87,89,7620,20101
2023-05-17 12:22:39,87,88,7620,20101
2023-05-17 12:23:15,87,89,7620,20101
2023-05-17 12:23:24,87,88,7620,20101
2023-05-17 12:23:29,87,89,7620,20301
2023-05-17 12:24:27,87,88,7620,20301
2023-05-17 12:25:30,87,89,7620,20301
2023-05-17 12:27:10,87,88,7620,20301
2023-05-17 12:27:32,87,89,7620,20501
2023-05-17 12:28:18,87,88,7620,20501
2023-05-17 12:28:30,85,86,7507,20639
2023-05-17 12:28:37,85,87,7507,20639
2023-05-17 12:28:43,85,86,7507,20639
2023-05-17 12:29:27,85,87,7527,20684
2023-05-17 12:29:46,85,86,7527,20684
2023-05-17 12:31:09,84,85,7444,20767
2023-05-17 12:31:52,84,85,7444,20768
2023-05-17 12:32:08,83,85,7444,20907
2023-05-17 12:32:48,83,84,7444,20907
2023-05-17 12:32:51,81,83,7439,20987
2023-05-17 12:32:51,81,82,7439,20987
2023-05-17 12:32:52,80,82,7439,20987
2023-05-17 12:32:52,80,83,7439,20987
2023-05-17 12:32:53,80,82,7439,20987
2023-05-17 12:33:01,80,83,7439,20987
2023-05-17 12:33:09,80,84,7606,21212
2023-05-17 12:33:09,81,84,7606,21212
2023-05-17 12:33:09,81,83,7606,21212
2023-05-17 12:33:10,80,81,7606,21237
2023-05-17 12:33:10,80,83,7606,21237
2023-05-17 12:33:10,79,83,7606,21237
2023-05-17 12:33:10,79,84,7606,21237
2023-05-17 12:33:10,79,83,7606,21237
2023-05-17 12:33:10,79,82,7606,21237
2023-05-17 12:33:13,79,83,7606,21237
2023-05-17 12:33:30,80,83,7606,21237
2023-05-17 12:33:46,81,83,7606,21237
2023-05-17 12:33:46,82,83,7606,21237
2023-05-17 12:34:05,82,84,7626,21257
2023-05-17 12:34:34,81,82,7667,21318
2023-05-17 12:34:34,81,84,7667,21318
2023-05-17 12:34:37,80,84,7667,21318
2023-05-17 12:34:56,81,84,7667,21318
2023-05-17 12:35:17,80,84,7667,21318
2023-05-17 12:35:26,80,83,7667,21318
2023-05-17 12:35:28,79,83,7667,21318
2023-05-17 12:35:39,80,83,7667,21318
2023-05-17 12:36:03,79,83,7667,21318
2023-05-17 12:36:24,79,82,7667,21318
2023-05-17 12:36:53,79,81,7667,21318
2023-05-17 12:38:04,78,81,7667,21318
2023-05-17 12:38:07,78,81,7712,21375
2023-05-17 12:38:08,79,81,7712,21375
2023-05-17 12:38:45,80,81,7712,21375
2023-05-17 12:38:46,79,80,7712,21400
2023-05-17 12:38:46,79,81,7712,21400
2023-05-17 12:38:47,79,80,7712,21400
2023-05-17 12:38:50,79,81,7712,21400
2023-05-17 12:39:29,78,79,7712,21420
2023-05-17 12:39:29,78,81,7712,21420
2023-05-17 12:39:31,78,80,7712,21420
2023-05-17 12:39:31,77,78,7712,21440
2023-05-17 12:39:31,77,80,7712,21440
2023-05-17 12:39:32,76,80,7712,21440
2023-05-17 12:39:33,76,79,7712,21440
2023-05-17 12:39:36,76,80,7712,21440
2023-05-17 12:39:39,76,79,7712,21440
2023-05-17 12:39:43,75,76,7737,21465
2023-05-17 12:39:43,75,79,7737,21465
2023-05-17 12:39:43,75,78,7737,21465
2023-05-17 12:39:44,75,79,7737,21465
2023-05-17 12:39:44,75,77,7737,21465
2023-05-17 12:39:50,74,75,7762,21490
2023-05-17 12:39:50,74,77,7762,21490
2023-05-17 12:39:53,74,76,7762,21490
2023-05-17 12:39:54,74,77,7762,21490
2023-05-17 12:39:54,74,75,7762,21490
2023-05-17 12:39:54,74,75,7819,21690
2023-05-17 12:39:55,73,74,7820,21691
2023-05-17 12:39:55,73,75,7820,21691
2023-05-17 12:39:56,72,75,7820,21691
2023-05-17 12:39:56,72,74,7820,21691
2023-05-17 12:39:57,71,74,8020,21891
2023-05-17 12:39:57,71,73,8020,21891
2023-05-17 12:40:00,70,71,8045,21916
2023-05-17 12:40:00,70,73,8045,21916
2023-05-17 12:40:00,71,73,8045,21916
2023-05-17 12:40:01,70,73,8045,21916
2023-05-17 12:40:01,70,71,8045,21916
2023-05-17 12:40:01,70,73,8045,21916
2023-05-17 12:40:01,70,72,8045,21916
2023-05-17 12:40:01,70,71,8045,21916
2023-05-17 12:40:01,69,71,8045,21916
2023-05-17 12:40:06,69,70,8045,21916
2023-05-17 12:40:07,69,71,8045,21916
2023-05-17 12:40:09,69,70,8045,21916
2023-05-17 12:40:09,68,69,8045,22010
2023-05-17 12:40:09,68,70,8045,22010
2023-05-17 12:40:11,67,68,8070,22035
2023-05-17 12:40:11,67,70,8070,22035
2023-05-17 12:40:11,68,70,8070,22035
2023-05-17 12:40:12,67,68,8095,22060
2023-05-17 12:40:12,67,70,8095,22060
2023-05-17 12:40:13,67,69,8095,22060
2023-05-17 12:40:16,66,69,8095,22060
2023-05-17 12:40:18,66,69,8096,22061
2023-05-17 12:40:22,66,68,8096,22061
2023-05-17 12:40:23,65,66,8120,22096
2023-05-17 12:40:23,65,68,8120,22096
2023-05-17 12:40:32,64,65,8120,22186
2023-05-17 12:40:32,64,68,8120,22186
2023-05-17 12:40:32,64,67,8120,22186
2023-05-17 12:40:33,64,66,8120,22186
2023-05-17 12:40:33,63,66,8120,22186
2023-05-17 12:40:35,64,66,8120,22186
2023-05-17 12:40:41,63,64,8145,22211
2023-05-17 12:40:41,63,66,8145,22211
2023-05-17 12:40:41,64,66,8145,22211
2023-05-17 12:40:42,63,66,8145,22211
2023-05-17 12:41:16,63,65,8145,22211
2023-05-17 12:41:16,63,66,8145,22211
2023-05-17 12:41:35,64,66,8145,22211
2023-05-17 12:41:38,66,68,8145,22231
2023-05-17 12:41:38,64,68,8145,22231
2023-05-17 12:41:38,64,67,8145,22231
2023-05-17 12:41:40,65,67,8145,22231
2023-05-17 12:41:40,65,68,8145,22231
2023-05-17 12:41:41,66,68,8145,22231
2023-05-17 12:41:59,65,68,8145,22231
2023-05-17 12:42:02,65,67,8145,22231
2023-05-17 12:42:13,66,67,8145,22231
2023-05-17 12:42:30,66,67,8045,22331
2023-05-17 12:42:31,67,68,7970,22426
2023-05-17 12:42:31,66,68,7970,22426
2023-05-17 12:42:51,66,68,7972,22428
2023-05-17 12:43:40,66,67,7972,22428
2023-05-17 12:43:42,66,68,7972,22428
2023-05-17 12:43:51,65,68,7972,22428
2023-05-17 12:43:52,65,67,7972,22428
2023-05-17 12:44:18,65,66,7972,22428
2023-05-17 12:44:35,64,65,7972,22470
2023-05-17 12:44:35,64,66,7972,22470
2023-05-17 12:44:35,64,65,7972,22470
2023-05-17 12:44:46,64,65,7962,22480
2023-05-17 12:45:06,64,65,7962,22495
2023-05-17 12:45:11,63,64,7962,22527
2023-05-17 12:45:11,63,65,7962,22527
2023-05-17 12:45:13,63,64,7962,22527
2023-05-17 12:45:15,63,65,7962,22527
2023-05-17 12:45:33,63,64,7962,22527
2023-05-17 12:45:37,62,63,7962,22572
2023-05-17 12:45:37,62,64,7962,22572
2023-05-17 12:45:51,62,63,7962,22572
2023-05-17 12:45:52,61,62,7962,22675
2023-05-17 12:45:52,61,63,7962,22675
2023-05-17 12:45:55,61,62,7962,22675
2023-05-17 12:45:56,61,63,7962,22675
2023-05-17 12:45:59,61,62,7962,22675
2023-05-17 12:46:04,61,63,7962,22675
2023-05-17 12:46:21,61,62,7962,22675
2023-05-17 12:46:26,60,61,7962,22807
2023-05-17 12:46:26,60,62,7962,22807
2023-05-17 12:46:56,60,63,7837,23052
2023-05-17 12:46:56,60,62,7837,23052
2023-05-17 12:46:57,60,61,7837,23052
2023-05-17 12:47:00,59,60,7837,23134
2023-05-17 12:47:00,59,61,7837,23134
2023-05-17 12:47:00,59,60,7837,23134
2023-05-17 12:47:04,58,60,7837,23159
2023-05-17 12:47:06,58,59,7837,23159
2023-05-17 12:47:08,56,58,7837,23184
2023-05-17 12:47:08,56,58,7837,23185
2023-05-17 12:47:21,55,58,8637,24061
2023-05-17 12:47:23,55,56,8637,24061
2023-05-17 12:47:26,55,56,8638,24062
2023-05-17 12:47:30,54,55,8638,24107
2023-05-17 12:47:30,54,56,8638,24107
2023-05-17 12:47:31,54,55,8638,24107
2023-05-17 12:47:34,53,55,8638,24107
2023-05-17 12:47:43,53,54,8638,24107
2023-05-17 12:47:53,52,54,8638,24107
2023-05-17 12:48:04,52,55,8638,24107
2023-05-17 12:48:04,52,53,8638,24107
2023-05-17 12:48:08,51,53,8663,24132
2023-05-17 12:48:16,52,53,8663,24132
2023-05-17 12:48:16,52,54,8663,24132
2023-05-17 12:48:33,51,54,8663,24132
2023-05-17 12:48:37,52,54,8663,24132
2023-05-17 12:49:01,51,54,8663,24132
2023-05-17 12:49:07,51,55,8663,24132
2023-05-17 12:49:07,51,53,8663,24132
2023-05-17 12:49:20,51,55,8663,24158
2023-05-17 12:49:38,51,56,8663,24158
2023-05-17 12:49:40,52,56,8663,24158
2023-05-17 12:49:55,51,56,8663,24158
2023-05-17 12:50:01,51,55,8663,24158
2023-05-17 12:50:13,52,55,8663,24158
2023-05-17 12:50:13,52,57,8663,24158
2023-05-17 12:50:13,52,56,8663,24158
2023-05-17 12:50:18,53,56,8663,24158
2023-05-17 12:50:20,54,56,8663,24158
2023-05-17 12:50:22,55,56,8663,24158
2023-05-17 12:50:23,55,56,8682,24177
2023-05-17 12:50:31,55,58,8682,24177
2023-05-17 12:50:32,54,58,8682,24177
2023-05-17 12:50:49,55,58,8682,24177
2023-05-17 12:51:36,55,57,8682,24177
2023-05-17 12:51:39,54,57,8682,24177
2023-05-17 12:52:04,54,56,8682,24177
2023-05-17 12:52:09,54,56,8683,24178
2023-05-17 12:52:17,54,55,8683,24178
2023-05-17 12:52:20,53,54,8592,24269
2023-05-17 12:52:33,53,55,8592,24269
2023-05-17 12:53:14,53,54,8592,24269
2023-05-17 12:53:25,53,54,8492,24369
2023-05-17 12:53:32,52,54,8457,24449
2023-05-17 12:53:37,51,53,8457,24449
2023-05-17 12:53:37,51,52,8457,24449
2023-05-17 12:53:49,50,51,8457,24456
2023-05-17 12:53:56,50,52,8457,24456
2023-05-17 12:53:56,50,51,8457,24456
2023-05-17 12:54:04,49,51,8457,24456
2023-05-17 12:54:07,48,51,8457,24456
2023-05-17 12:54:07,48,49,8457,24456
2023-05-17 12:54:11,47,49,8457,24456
2023-05-17 12:54:14,47,50,8457,24456
2023-05-17 12:54:14,47,49,8457,24456
2023-05-17 12:54:16,46,49,8457,24456
2023-05-17 12:54:18,46,49,8456,24457
2023-05-17 12:54:19,46,48,8456,24457
2023-05-17 12:54:28,46,49,8456,24457
2023-05-17 12:54:30,46,48,8456,24457
2023-05-17 12:54:41,46,47,8456,24457
2023-05-17 12:54:48,46,48,8456,24457
2023-05-17 12:54:53,46,47,8456,24457
2023-05-17 12:55:01,46,48,8456,24457
2023-05-17 12:55:01,46,47,8456,24457
2023-05-17 12:55:01,45,47,8456,24457
2023-05-17 12:55:05,45,46,8456,24457
2023-05-17 12:55:17,44,45,8456,24458
2023-05-17 12:55:18,43,45,8456,24458
2023-05-17 12:55:25,43,44,8456,24458
2023-05-17 12:56:04,44,45,8456,24478
2023-05-17 12:56:19,44,46,8456,24498
2023-05-17 12:56:20,45,46,8456,24498
2023-05-17 12:56:41,44,46,8456,24498
2023-05-17 12:57:25,45,46,8456,24498
2023-05-17 12:57:29,45,48,8471,24518
2023-05-17 12:57:31,45,47,8471,24518
2023-05-17 12:57:38,45,48,8471,24518
2023-05-17 12:57:38,45,47,8471,24518
2023-05-17 12:57:56,45,48,8491,24538
2023-05-17 12:57:56,46,48,8491,24538
2023-05-17 12:58:04,47,48,8491,24538
2023-05-17 12:58:20,48,49,8511,24558
2023-05-17 12:58:22,49,51,8531,24728
2023-05-17 12:58:26,48,51,8531,24728
2023-05-17 12:58:28,49,51,8531,24728
2023-05-17 12:58:31,49,51,8551,24758
2023-05-17 12:58:34,50,51,8551,24758
2023-05-17 12:58:34,51,53,8571,24778
2023-05-17 12:58:41,50,53,8571,24778
2023-05-17 12:58:42,50,53,8571,24828
2023-05-17 12:58:45,52,53,8571,24828
2023-05-17 12:58:51,50,53,8571,24828
2023-05-17 12:58:54,49,53,8571,24828
2023-05-17 12:58:55,49,52,8571,24828
2023-05-17 12:58:55,51,52,8571,24828
2023-05-17 12:59:01,51,52,8739,25028
2023-05-17 12:59:01,49,51,8739,25078
2023-05-17 12:59:02,48,51,8739,25078
2023-05-17 12:59:02,47,51,8739,25078
2023-05-17 12:59:02,48,51,8739,25078
2023-05-17 12:59:03,48,50,8739,25078
2023-05-17 12:59:03,49,50,8739,25078
2023-05-17 12:59:09,48,50,8739,25078
2023-05-17 12:59:09,48,49,8739,25078
2023-05-17 12:59:18,48,50,8739,25078
2023-05-17 12:59:20,48,49,8739,25078
2023-05-17 12:59:26,48,49,8739,25079
2023-05-17 12:59:27,48,50,8739,25079
2023-05-17 12:59:32,48,49,8739,25079
2023-05-17 12:59:41,48,49,8689,25129
2023-05-17 12:59:43,48,50,8689,25129
2023-05-17 12:59:52,48,49,8689,25129
2023-05-17 13:00:00,48,50,8689,25129
2023-05-17 13:00:01,48,49,8689,25129
2023-05-17 13:00:04,47,48,8679,25139
2023-05-17 13:00:15,47,49,8679,25139
2023-05-17 13:00:16,45,49,8679,25139
2023-05-17 13:00:16,46,49,8679,25139
2023-05-17 13:00:16,46,48,8679,25139
2023-05-17 13:00:27,46,47,8679,25139
2023-05-17 13:00:27,45,46,8649,25179
2023-05-17 13:00:37,45,46,8649,25180
2023-05-17 13:00:46,45,46,8650,25181
2023-05-17 13:01:13,44,45,8635,25240
2023-05-17 13:01:20,44,46,8635,25240
2023-05-17 13:01:22,44,45,8635,25240
2023-05-17 13:01:36,43,44,8635,25280
2023-05-17 13:02:27,41,43,8686,25331
2023-05-17 13:02:27,41,44,8686,25331
2023-05-17 13:02:34,42,44,8686,25331
2023-05-17 13:02:36,42,43,8686,25331
2023-05-17 13:02:40,41,42,8736,25381
2023-05-17 13:02:40,41,43,8736,25381
2023-05-17 13:02:46,41,43,8686,25431
2023-05-17 13:02:52,41,42,8686,25431
2023-05-17 13:02:53,41,43,8686,25431
2023-05-17 13:02:57,41,43,8686,25431
2023-05-17 13:03:08,41,44,8686,25491
2023-05-17 13:03:10,41,43,8686,25491
2023-05-17 13:03:17,41,44,8686,25491
2023-05-17 13:03:22,42,44,8686,25491
2023-05-17 13:03:33,42,43,8686,25491
2023-05-17 13:03:40,42,44,8686,25491
2023-05-17 13:03:45,42,43,8686,25491
2023-05-17 13:03:49,42,43,8681,25496
2023-05-17 13:03:51,42,44,8681,25496
2023-05-17 13:03:51,42,43,8681,25496
2023-05-17 13:04:13,41,43,8701,25516
2023-05-17 13:04:13,41,42,8701,25516
2023-05-17 13:04:17,40,41,8701,25536
2023-05-17 13:04:33,39,41,8701,25636
2023-05-17 13:04:39,39,41,8701,25646
2023-05-17 13:04:44,39,42,8701,25676
2023-05-17 13:04:46,38,42,8701,25676
2023-05-17 13:04:46,38,40,8701,25676
2023-05-17 13:04:55,38,40,8700,25677
2023-05-17 13:04:58,37,38,8700,25722
2023-05-17 13:04:59,37,38,8700,25723
2023-05-17 13:05:04,37,38,8700,25733
2023-05-17 13:05:06,37,38,8700,25734
2023-05-17 13:05:08,36,38,8700,25734
2023-05-17 13:05:09,37,38,8700,25734
2023-05-17 13:05:14,37,38,8700,25739
2023-05-17 13:05:16,36,38,8700,25739
2023-05-17 13:05:20,36,37,8700,25739
2023-05-17 13:05:20,37,38,8700,25764
2023-05-17 13:05:39,36,38,8700,25764
2023-05-17 13:05:41,36,38,8700,25770
2023-05-17 13:05:49,35,38,8700,25770
2023-05-17 13:05:50,35,37,8700,25770
2023-05-17 13:05:53,35,36,8700,25770
2023-05-17 13:06:05,34,35,8700,25776
2023-05-17 13:06:07,35,36,8606,25870
2023-05-17 13:06:09,34,36,8606,25870
2023-05-17 13:06:11,34,37,8606,25890
2023-05-17 13:06:15,36,37,8606,25890
2023-05-17 13:06:24,34,37,8606,25890
2023-05-17 13:06:27,35,37,8606,25890
2023-05-17 13:06:27,35,36,8606,25890
2023-05-17 13:06:37,34,36,8606,25890
2023-05-17 13:06:37,35,36,8606,25890
2023-05-17 13:06:51,34,35,8606,25904
2023-05-17 13:06:59,32,35,8606,25904
2023-05-17 13:07:01,33,35,8606,25904
2023-05-17 13:07:01,33,34,8606,25904
2023-05-17 13:07:06,33,34,8610,25908
2023-05-17 13:07:08,32,34,8610,25908
2023-05-17 13:07:09,32,34,8610,25913
2023-05-17 13:07:12,33,34,8610,25913
2023-05-17 13:07:23,30,34,8610,25913
2023-05-17 13:07:23,30,33,8610,25913
2023-05-17 13:07:24,32,33,8610,25913
2023-05-17 13:07:32,31,34,8610,25914
2023-05-17 13:07:33,32,34,8610,25914
2023-05-17 13:07:33,32,33,8610,25914
2023-05-17 13:07:40,31,34,8610,25914
2023-05-17 13:07:45,33,34,8610,25914
2023-05-17 13:07:48,33,35,8610,25934
2023-05-17 13:07:52,32,35,8610,25934
2023-05-17 13:07:55,32,36,8635,25979
2023-05-17 13:07:55,34,36,8635,25979
2023-05-17 13:07:56,34,36,8610,26004
2023-05-17 13:08:02,32,36,8705,26099
2023-05-17 13:08:03,33,36,8705,26099
2023-05-17 13:08:03,33,35,8705,26099
2023-05-17 13:08:06,33,35,8680,26124
2023-05-17 13:08:10,33,34,8680,26124
2023-05-17 13:08:16,31,32,8660,26214
2023-05-17 13:08:24,30,31,8660,26279
2023-05-17 13:08:26,30,31,8660,26299
2023-05-17 13:08:28,31,32,8660,26314
2023-05-17 13:08:35,30,32,8660,26314
2023-05-17 13:08:40,31,32,8660,26314
2023-05-17 13:08:46,30,32,8660,26314
2023-05-17 13:08:49,31,32,8660,26314
2023-05-17 13:08:57,31,32,8660,26339
2023-05-17 13:09:01,32,33,8660,26424
2023-05-17 13:09:08,31,33,8660,26424
2023-05-17 13:09:09,32,33,8660,26424
2023-05-17 13:09:11,32,33,8735,26524
2023-05-17 13:09:26,33,34,8745,26534
2023-05-17 13:09:33,32,34,8745,26534
2023-05-17 13:09:36,33,34,8745,26534
2023-05-17 13:09:38,33,34,8672,26684
2023-05-17 13:09:38,32,34,8672,26684
2023-05-17 13:09:49,33,34,8672,26684
2023-05-17 13:10:04,33,34,8762,26784
2023-05-17 13:10:05,34,35,8762,26784
2023-05-17 13:10:09,35,37,8762,26809
2023-05-17 13:10:16,33,37,8762,26809
2023-05-17 13:10:21,35,37,8762,26809
2023-05-17 13:10:21,35,36,8762,26809
2023-05-17 13:10:24,35,36,8761,26810
2023-05-17 13:10:32,34,37,8761,26810
2023-05-17 13:10:32,34,35,8761,26810
2023-05-17 13:10:38,34,37,8761,26810
2023-05-17 13:10:39,34,38,8761,26810
2023-05-17 13:10:42,35,38,8761,26810
2023-05-17 13:10:46,36,38,8761,26810
2023-05-17 13:10:53,35,38,8761,26810
2023-05-17 13:10:54,36,38,8761,26810
2023-05-17 13:10:54,36,37,8761,26810
2023-05-17 13:10:58,36,37,8762,26811
2023-05-17 13:11:04,36,39,8762,26811
2023-05-17 13:11:06,35,39,8762,26811
2023-05-17 13:11:06,37,39,8762,26811
2023-05-17 13:11:06,37,38,8762,26811
2023-05-17 13:11:14,37,40,8762,26811
2023-05-17 13:11:16,38,40,8762,26811
2023-05-17 13:11:16,38,39,8762,26811
2023-05-17 13:11:25,37,40,8762,26811
2023-05-17 13:11:26,37,41,8762,26811
2023-05-17 13:11:27,38,41,8762,26811
2023-05-17 13:11:27,38,39,8762,26811
2023-05-17 13:11:33,36,40,8762,26811
2023-05-17 13:11:34,36,39,8762,26811
2023-05-17 13:11:36,36,39,8763,26812
2023-05-17 13:11:37,37,39,8763,26812
2023-05-17 13:11:39,37,38,8763,26812
2023-05-17 13:11:50,37,39,8763,26812
2023-05-17 13:11:50,37,38,8763,26812
2023-05-17 13:11:53,37,38,8762,26862
2023-05-17 13:12:01,35,38,8762,26862
2023-05-17 13:12:03,35,39,8762,26862
2023-05-17 13:12:04,36,39,8762,26862
2023-05-17 13:12:04,36,37,8762,26862
2023-05-17 13:12:11,35,39,8762,26862
2023-05-17 13:12:11,37,39,8762,26862
2023-05-17 13:12:12,37,38,8762,26862
2023-05-17 13:12:18,36,39,8762,26862
2023-05-17 13:12:18,36,40,8762,26862
2023-05-17 13:12:22,37,40,8762,26862
2023-05-17 13:12:22,37,38,8762,26862
2023-05-17 13:12:33,36,39,8762,26862
2023-05-17 13:12:35,35,39,8762,26862
2023-05-17 13:12:36,37,39,8762,26862
2023-05-17 13:12:36,37,38,8762,26862
2023-05-17 13:12:41,36,38,8762,26862
2023-05-17 13:12:46,37,38,8762,26862
2023-05-17 13:12:54,35,38,8762,26862
2023-05-17 13:12:55,37,38,8762,26862
2023-05-17 13:13:03,35,38,8762,26862
2023-05-17 13:13:06,36,38,8762,26862
2023-05-17 13:13:06,36,37,8762,26862
2023-05-17 13:13:12,35,37,8762,26862
2023-05-17 13:13:16,37,38,8782,26882
2023-05-17 13:13:22,36,38,8782,26882
2023-05-17 13:13:32,37,38,8782,26882
2023-05-17 13:13:40,36,38,8782,26882
2023-05-17 13:13:44,38,40,8802,26902
2023-05-17 13:13:51,36,40,8802,26902
2023-05-17 13:13:55,36,39,8802,26902
2023-05-17 13:13:55,38,39,8802,26902
2023-05-17 13:14:02,36,39,8802,26902
2023-05-17 13:14:04,36,38,8802,26902
2023-05-17 13:14:08,36,37,8802,26902
2023-05-17 13:14:16,36,40,8802,26902
2023-05-17 13:14:19,37,40,8802,26902
2023-05-17 13:14:19,37,38,8802,26902
2023-05-17 13:14:26,37,40,8802,26902
2023-05-17 13:14:30,37,38,8802,26902
2023-05-17 13:14:43,37,40,8802,26902
2023-05-17 13:14:43,38,40,8802,26902
2023-05-17 13:14:50,37,40,8802,26902
2023-05-17 13:14:51,38,40,8802,26902
2023-05-17 13:14:51,38,39,8802,26902
2023-05-17 13:15:01,37,40,8802,26902
2023-05-17 13:15:03,38,40,8802,26902
2023-05-17 13:15:03,38,39,8802,26902
2023-05-17 13:15:16,37,40,8802,26902
2023-05-17 13:15:17,38,40,8802,26902
2023-05-17 13:15:17,38,39,8802,26902
2023-05-17 13:15:23,38,40,8802,26902
2023-05-17 13:15:23,39,40,8802,26902
2023-05-17 13:15:28,40,42,8822,26922
2023-05-17 13:15:28,40,41,8822,26922
2023-05-17 13:15:33,40,41,8821,26923
2023-05-17 13:15:38,39,41,8821,26923
2023-05-17 13:15:40,40,41,8821,26923
2023-05-17 13:15:48,40,42,8841,27093
2023-05-17 13:15:53,40,41,8841,27093
2023-05-17 13:16:00,40,42,8841,27093
2023-05-17 13:16:05,41,42,8841,27093
2023-05-17 13:16:07,41,42,8842,27094
2023-05-17 13:16:14,42,44,8877,27129
2023-05-17 13:16:23,42,45,8877,27129
2023-05-17 13:16:27,43,45,8877,27129
2023-05-17 13:16:27,43,44,8877,27129
2023-05-17 13:16:33,41,44,8877,27129
2023-05-17 13:16:38,42,44,8877,27129
2023-05-17 13:16:38,42,43,8877,27129
2023-05-17 13:16:46,41,44,8877,27129
2023-05-17 13:16:51,41,43,8877,27129
2023-05-17 13:16:57,41,44,8877,27129
2023-05-17 13:16:59,41,43,8877,27129
2023-05-17 13:17:01,41,42,8877,27129
2023-05-17 13:17:02,41,42,8857,27149
2023-05-17 13:17:07,40,42,8857,27199
2023-05-17 13:17:12,39,40,8817,27239
2023-05-17 13:17:21,39,40,8797,27259
2023-05-17 13:17:49,40,41,8817,27279
2023-05-17 13:18:06,39,41,8817,27279
2023-05-17 13:18:12,39,40,8817,27279
2023-05-17 13:18:20,39,41,8817,27279
2023-05-17 13:18:22,40,41,8817,27279
2023-05-17 13:18:32,39,41,8817,27279
2023-05-17 13:18:32,40,41,8817,27279
2023-05-17 13:18:44,39,41,8817,27279
2023-05-17 13:18:44,40,41,8817,27279
2023-05-17 13:18:50,39,41,8817,27279
2023-05-17 13:18:57,40,41,8817,27279
2023-05-17 13:19:06,39,41,8817,27279
2023-05-17 13:19:08,39,40,8817,27279
2023-05-17 13:19:18,39,41,8817,27279
2023-05-17 13:19:18,39,40,8817,27279
2023-05-17 13:19:26,39,41,8817,27279
2023-05-17 13:19:30,39,40,8817,27279
2023-05-17 13:19:40,39,41,8817,27279
2023-05-17 13:19:41,40,41,8817,27279
2023-05-17 13:19:51,41,42,8837,27299
2023-05-17 13:20:01,39,42,8837,27299
2023-05-17 13:20:03,40,42,8837,27299
2023-05-17 13:20:03,40,41,8837,27299
2023-05-17 13:20:12,39,40,8817,27319
2023-05-17 13:20:15,38,39,8777,27359
2023-05-17 13:20:44,36,38,8757,27429
2023-05-17 13:20:52,37,38,8757,27429
2023-05-17 13:20:59,36,38,8757,27430
2023-05-17 13:21:01,36,37,8757,27430
2023-05-17 13:21:02,35,37,8757,27430
2023-05-17 13:21:05,37,38,8777,27451
2023-05-17 13:21:13,36,38,8777,27451
2023-05-17 13:21:17,37,38,8777,27451
2023-05-17 13:21:26,36,38,8777,27451
2023-05-17 13:21:29,37,38,8777,27451
2023-05-17 13:21:38,36,38,8777,27451
2023-05-17 13:21:38,36,37,8777,27451
2023-05-17 13:21:50,34,37,8777,27451
2023-05-17 13:21:53,35,37,8777,27451
2023-05-17 13:21:53,35,36,8777,27451
2023-05-17 13:22:00,34,36,8777,27451
2023-05-17 13:22:05,34,35,8777,27451
2023-05-17 13:22:06,32,35,8777,27451
2023-05-17 13:22:08,34,35,8777,27451
2023-05-17 13:22:08,32,34,8777,27551
2023-05-17 13:22:20,32,34,8777,27651
2023-05-17 13:22:23,32,34,8583,27901
2023-05-17 13:22:24,32,34,8584,27902
2023-05-17 13:22:26,30,34,8584,27902
2023-05-17 13:22:31,31,33,8584,27902
2023-05-17 13:22:34,30,33,8584,28152
2023-05-17 13:22:42,30,32,8584,28152
2023-05-17 13:22:50,30,33,8584,28152
2023-05-17 13:22:51,31,33,8584,28152
2023-05-17 13:22:52,30,33,8584,28152
2023-05-17 13:22:52,30,32,8584,28152
2023-05-17 13:22:53,31,32,8584,28152
2023-05-17 13:22:54,30,32,8584,28152
2023-05-17 13:22:59,30,33,8584,28152
2023-05-17 13:23:01,30,32,8584,28152
2023-05-17 13:23:04,30,31,8584,28152
2023-05-17 13:23:07,29,31,8584,28372
2023-05-17 13:23:14,29,30,8584,28372
2023-05-17 13:23:15,30,31,8484,28472
2023-05-17 13:23:15,29,31,8484,28472
2023-05-17 13:23:16,30,31,8484,28472
2023-05-17 13:23:18,31,32,8484,28492
2023-05-17 13:23:26,32,33,8484,28512
2023-05-17 13:23:26,31,32,8484,28592
2023-05-17 13:23:27,31,32,8484,28692
2023-05-17 13:23:28,31,32,8484,28792
2023-05-17 13:23:29,32,33,8484,28812
2023-05-17 13:23:34,31,34,8529,28862
2023-05-17 13:23:34,32,34,8529,28862
2023-05-17 13:23:45,32,34,8579,28912
2023-05-17 13:23:49,33,34,8579,28912
2023-05-17 13:24:13,32,33,8556,28935
2023-05-17 13:24:15,32,34,8556,28935
2023-05-17 13:24:16,32,33,8556,28935
2023-05-17 13:24:28,33,34,8576,28955
2023-05-17 13:24:40,32,33,8551,28980
2023-05-17 13:24:50,32,34,8551,28980
2023-05-17 13:24:54,32,33,8551,28980
2023-05-17 13:25:00,32,34,8551,28980
2023-05-17 13:25:01,32,33,8551,28980
2023-05-17 13:25:04,31,32,8517,29014
2023-05-17 13:25:09,31,32,8517,29114
2023-05-17 13:25:11,30,31,8516,29174
2023-05-17 13:25:15,30,31,8716,29424
2023-05-17 13:25:19,30,32,8716,29424
2023-05-17 13:25:19,30,31,8716,29424
2023-05-17 13:25:23,30,31,8716,29534
2023-05-17 13:25:27,30,31,8716,29584
2023-05-17 13:25:41,32,33,8747,29649
2023-05-17 13:25:51,30,33,8747,29649
2023-05-17 13:25:52,31,33,8747,29649
2023-05-17 13:25:52,31,32,8747,29649
2023-05-17 13:26:16,32,33,8767,29669
2023-05-17 13:26:23,31,33,8767,29669
2023-05-17 13:26:28,32,33,8767,29669
2023-05-17 13:26:36,31,33,8767,29669
2023-05-17 13:26:39,32,33,8767,29669
2023-05-17 13:26:47,31,33,8767,29669
2023-05-17 13:26:52,32,33,8767,29669
2023-05-17 13:26:59,31,33,8767,29669
2023-05-17 13:27:03,31,32,8767,29669
2023-05-17 13:27:15,31,32,8727,29709
2023-05-17 13:27:24,30,32,8727,29709
2023-05-17 13:27:24,30,31,8727,29709
2023-05-17 13:27:31,30,32,8727,29709
2023-05-17 13:27:35,30,31,8727,29709
2023-05-17 13:27:46,31,32,8747,29729
2023-05-17 13:27:53,30,32,8747,29729
2023-05-17 13:27:58,30,31,8747,29729
2023-05-17 13:27:59,30,31,8747,29749
2023-05-17 13:28:09,28,30,8716,29860
2023-05-17 13:28:15,28,31,8716,29860
2023-05-17 13:28:20,27,31,8716,29860
2023-05-17 13:28:20,27,30,8716,29860
2023-05-17 13:28:20,28,30,8716,29860
2023-05-17 13:28:20,28,29,8716,29860
2023-05-17 13:28:32,27,29,8716,29860
2023-05-17 13:28:32,28,29,8716,29860
2023-05-17 13:28:38,27,29,8716,29860
2023-05-17 13:28:40,28,29,8716,29860
2023-05-17 13:28:41,27,29,8716,29860
2023-05-17 13:28:42,28,29,8716,29860
2023-05-17 13:28:50,27,29,8716,29860
2023-05-17 13:28:55,28,29,8716,29860
2023-05-17 13:29:02,27,29,8716,29860
2023-05-17 13:29:04,28,29,8716,29860
2023-05-17 13:29:13,27,29,8716,29860
2023-05-17 13:29:15,28,29,8716,29860
2023-05-17 13:29:57,28,30,8716,29900
2023-05-17 13:30:00,27,30,8716,29900
2023-05-17 13:30:10,27,30,8716,29910
2023-05-17 13:30:11,28,30,8716,29910
2023-05-17 13:30:11,28,29,8716,29910
2023-05-17 13:30:13,28,29,8716,30000
2023-05-17 13:30:18,28,30,8716,30000
2023-05-17 13:30:18,28,29,8716,30000
2023-05-17 13:30:19,28,29,8716,30030
2023-05-17 13:30:27,27,29,8716,30030
2023-05-17 13:30:29,27,28,8716,30030
2023-05-17 13:30:36,27,29,8716,30030
2023-05-17 13:30:37,27,28,8716,30030
2023-05-17 13:30:43,26,27,8716,30050
2023-05-17 13:30:51,25,28,8716,30050
2023-05-17 13:30:52,25,26,8716,30050
2023-05-17 13:31:02,25,26,8715,30051
2023-05-17 13:31:07,25,26,8715,30101
2023-05-17 13:31:12,26,27,8715,30150
2023-05-17 13:31:14,26,28,8715,30150
2023-05-17 13:31:16,27,28,8715,30150
2023-05-17 13:31:23,26,28,8715,30150
2023-05-17 13:31:27,28,29,8715,30190
2023-05-17 13:31:34,26,29,8715,30190
2023-05-17 13:31:40,28,29,8715,30190
2023-05-17 13:31:44,26,28,8815,30290
2023-05-17 13:31:44,26,29,8815,30290
2023-05-17 13:31:49,26,27,8815,30290
2023-05-17 13:32:01,27,29,8815,30310
2023-05-17 13:32:08,26,27,8815,30330
2023-05-17 13:32:12,27,29,8815,30460
2023-05-17 13:32:14,27,28,8815,30460
2023-05-17 13:32:16,26,28,8815,30530
2023-05-17 13:32:21,26,27,8815,30530
2023-05-17 13:32:27,26,28,8815,30530
2023-05-17 13:32:33,26,27,8815,30530
2023-05-17 13:32:39,26,28,8815,30530
2023-05-17 13:32:43,25,26,8815,30550
2023-05-17 13:32:46,25,26,8816,30551
2023-05-17 13:32:54,24,25,8816,30571
2023-05-17 13:33:05,23,24,8816,30591
2023-05-17 13:33:19,23,24,8832,30607
2023-05-17 13:33:33,22,24,8832,30852
2023-05-17 13:33:49,22,23,8832,30852
2023-05-17 13:33:51,23,24,8832,30878
2023-05-17 13:33:53,22,24,8832,30878
2023-05-17 13:33:58,22,24,8848,30894
2023-05-17 13:34:04,22,24,8848,30898
2023-05-17 13:34:19,17,24,8848,32023
2023-05-17 13:34:20,21,24,8848,32023
2023-05-17 13:34:20,22,24,8848,32023
2023-05-17 13:34:20,21,24,8848,32023
2023-05-17 13:34:21,20,21,8848,32048
2023-05-17 13:34:22,21,22,8673,32223
2023-05-17 13:34:22,20,22,8673,32223
2023-05-17 13:34:22,19,22,8673,32223
2023-05-17 13:34:22,21,22,8673,32223
2023-05-17 13:34:23,21,23,8473,32423
2023-05-17 13:34:23,21,24,8473,32423
2023-05-17 13:34:23,22,23,8473,32423
2023-05-17 13:34:24,23,24,8293,32603
2023-05-17 13:34:24,22,24,8293,32603
2023-05-17 13:34:25,23,24,8293,32603
2023-05-17 13:34:26,23,24,8293,32703
2023-05-17 13:34:27,23,24,8293,32803
2023-05-17 13:34:28,23,24,8293,32903
2023-05-17 13:34:29,21,24,8293,32903
2023-05-17 13:34:33,21,24,8293,32903
2023-05-17 13:34:33,21,23,8293,32903
2023-05-17 13:34:36,21,22,8293,32903
2023-05-17 13:34:37,22,23,8293,32949
2023-05-17 13:34:37,22,23,8293,33049
2023-05-17 13:34:38,22,24,8293,33049
2023-05-17 13:34:38,23,24,8293,33049
2023-05-17 13:34:47,21,23,8293,33089
2023-05-17 13:34:47,20,21,8293,33174
2023-05-17 13:34:48,21,22,8228,33255
2023-05-17 13:34:48,20,22,8228,33255
2023-05-17 13:34:49,22,23,8228,33280
2023-05-17 13:34:54,21,23,8228,33280
2023-05-17 13:34:56,20,23,8228,33280
2023-05-17 13:34:57,20,21,8228,33280
2023-05-17 13:34:58,20,23,8028,33480
2023-05-17 13:34:58,20,22,8028,33480
2023-05-17 13:35:07,20,21,8028,33480
2023-05-17 13:35:22,21,22,8028,33560
2023-05-17 13:35:29,20,22,8028,33560
2023-05-17 13:35:34,21,22,8028,33560
2023-05-17 13:35:40,19,22,8028,33560
2023-05-17 13:35:44,20,22,8028,33560
2023-05-17 13:35:45,22,23,8108,33665
2023-05-17 13:35:45,20,22,8108,33810
2023-05-17 13:35:46,20,23,8108,33810
2023-05-17 13:35:47,21,23,8108,33810
2023-05-17 13:35:56,22,23,8108,33810
2023-05-17 13:36:03,22,23,8108,33835
2023-05-17 13:36:09,23,24,8179,33906
2023-05-17 13:36:18,24,25,8215,33942
2023-05-17 13:36:23,23,25,8215,33942
2023-05-17 13:36:23,24,25,8215,33942
2023-05-17 13:36:25,24,25,8215,33992
2023-05-17 13:36:30,23,25,8215,33992
2023-05-17 13:36:31,24,25,8215,33992
2023-05-17 13:36:34,25,26,8235,34012
2023-05-17 13:36:35,26,27,8255,34032
2023-05-17 13:36:40,25,27,8255,34062
2023-05-17 13:36:42,25,28,8255,34062
2023-05-17 13:36:43,24,28,8255,34102
2023-05-17 13:36:45,25,28,8255,34102
2023-05-17 13:36:45,27,28,8255,34102
2023-05-17 13:36:49,25,28,8255,34402
2023-05-17 13:36:55,24,28,8255,34427
2023-05-17 13:36:55,24,26,8255,34427
2023-05-17 13:36:56,26,28,8255,34452
2023-05-17 13:36:56,28,29,8280,34477
2023-05-17 13:36:56,28,29,8296,34493
2023-05-17 13:36:56,28,29,8337,34534
2023-05-17 13:37:01,28,29,8337,34540
2023-05-17 13:37:02,27,28,8337,34540
2023-05-17 13:37:05,24,28,8312,34565
2023-05-17 13:37:07,27,28,8312,34565
2023-05-17 13:37:11,25,28,8312,34865
2023-05-17 13:37:16,24,28,8312,34865
2023-05-17 13:37:19,27,28,8312,34865
2023-05-17 13:37:24,25,28,8312,35115
2023-05-17 13:37:26,24,28,8312,35115
2023-05-17 13:37:26,25,28,8312,35115
2023-05-17 13:37:26,25,27,8312,35115
2023-05-17 13:37:33,27,28,8312,35215
2023-05-17 13:37:38,25,28,8312,35265
2023-05-17 13:37:43,26,28,8312,35265
2023-05-17 13:37:43,26,27,8312,35265
2023-05-17 13:37:50,25,28,8312,35265
2023-05-17 13:37:55,25,26,8312,35265
2023-05-17 13:38:06,24,25,8292,35285
2023-05-17 13:38:20,23,25,8252,35335
2023-05-17 13:38:20,23,24,8252,35335
2023-05-17 13:38:21,24,25,8252,35406
2023-05-17 13:38:21,23,25,8252,35406
2023-05-17 13:38:22,24,25,8252,35406
2023-05-17 13:38:28,23,25,8252,35406
2023-05-17 13:38:31,23,24,8252,35406
2023-05-17 13:38:32,23,25,8052,35606
2023-05-17 13:38:32,24,25,8052,35606
2023-05-17 13:38:38,23,25,8052,35606
2023-05-17 13:38:41,23,24,8052,35606
2023-05-17 13:38:43,24,25,8052,35616
2023-05-17 13:38:44,23,24,8052,35706
2023-05-17 13:38:50,23,25,8052,35706
2023-05-17 13:38:54,23,25,8002,35756
2023-05-17 13:38:54,23,24,8002,35756
2023-05-17 13:38:55,23,24,8002,35795
2023-05-17 13:38:55,23,24,8002,35812
2023-05-17 13:38:55,23,24,8002,35829
2023-05-17 13:39:17,22,24,7990,35906
2023-05-17 13:39:18,23,24,7990,35906
2023-05-17 13:39:21,22,24,7990,35956
2023-05-17 13:39:23,23,24,7990,35956
2023-05-17 13:39:28,23,25,7990,35976
2023-05-17 13:39:29,22,25,7990,36001
2023-05-17 13:39:29,22,24,7990,36001
2023-05-17 13:39:35,23,24,7990,36001
2023-05-17 13:39:35,24,25,7990,36046
2023-05-17 13:39:41,23,25,7990,36046
2023-05-17 13:39:42,22,25,7990,36046
2023-05-17 13:39:44,22,25,7990,36051
2023-05-17 13:39:46,23,25,7990,36051
2023-05-17 13:39:53,24,25,7990,36051
2023-05-17 13:39:59,23,25,7990,36051
2023-05-17 13:40:05,23,24,7990,36051
2023-05-17 13:40:09,23,25,7990,36201
2023-05-17 13:40:14,24,25,7990,36201
2023-05-17 13:40:21,23,25,7990,36201
2023-05-17 13:40:25,23,25,7990,36301
2023-05-17 13:40:33,23,24,7990,36301
2023-05-17 13:40:39,23,25,7990,36301
2023-05-17 13:40:39,23,24,7990,36301
2023-05-17 13:40:45,22,24,7990,36341
2023-05-17 13:40:54,22,23,7990,36341
2023-05-17 13:41:17,22,23,7990,36391
2023-05-17 13:41:30,21,22,7990,36418
2023-05-17 13:41:30,21,22,8006,36434
2023-05-17 13:41:40,21,22,8006,36484
2023-05-17 13:42:01,21,22,8006,36534
2023-05-17 13:42:11,20,22,8006,36588
2023-05-17 13:42:13,20,22,8006,36638
2023-05-17 13:42:14,20,22,8006,36763
2023-05-17 13:42:17,20,22,8006,37263
2023-05-17 13:42:18,20,21,8006,37263
2023-05-17 13:42:20,19,21,8006,37283
2023-05-17 13:42:21,21,22,8006,37308
2023-05-17 13:42:26,21,22,8006,37342
2023-05-17 13:42:41,19,22,8006,37342
2023-05-17 13:42:45,19,20,8006,37342
2023-05-17 13:42:45,20,22,7856,37492
2023-05-17 13:42:45,19,22,7856,37492
2023-05-17 13:42:45,19,21,7856,37492
2023-05-17 13:42:51,19,22,7856,37492
2023-05-17 13:42:53,19,20,7856,37492
2023-05-17 13:42:53,19,20,7856,37592
2023-05-17 13:42:55,20,21,7856,37642
2023-05-17 13:42:55,20,21,7881,37667
2023-05-17 13:42:56,19,21,7906,37692
2023-05-17 13:42:56,19,20,7906,37692
2023-05-17 13:42:56,19,20,7922,37708
2023-05-17 13:42:56,19,20,7938,37724
2023-05-17 13:42:58,18,20,7938,37724
2023-05-17 13:42:58,18,19,7938,37724
2023-05-17 13:42:58,18,19,7913,37749
2023-05-17 13:43:01,18,19,7713,37949
2023-05-17 13:43:02,19,20,7538,38124
2023-05-17 13:43:02,18,20,7538,38124
2023-05-17 13:43:03,18,20,7538,38125
2023-05-17 13:43:06,19,20,7538,38125
2023-05-17 13:43:17,18,20,7538,38125
2023-05-17 13:43:18,20,21,7553,38160
2023-05-17 13:43:22,20,21,7569,38176
2023-05-17 13:43:26,18,21,7569,38176
2023-05-17 13:43:28,19,21,7569,38176
2023-05-17 13:43:30,19,21,7575,38182
2023-05-17 13:43:33,20,21,7575,38182
2023-05-17 13:43:50,20,21,7569,38188
2023-05-17 13:43:56,18,21,7569,38188
2023-05-17 13:43:59,19,21,7569,38188
2023-05-17 13:43:59,19,20,7569,38188
2023-05-17 13:44:06,19,21,7569,38188
2023-05-17 13:44:11,19,20,7569,38188
2023-05-17 13:44:18,19,21,7569,38188
2023-05-17 13:44:20,19,20,7569,38188
2023-05-17 13:44:23,20,21,7569,38338
2023-05-17 13:44:25,21,22,7462,38461
2023-05-17 13:44:25,20,22,7462,38461
2023-05-17 13:44:25,20,21,7462,38461
2023-05-17 13:44:25,20,21,7487,38486
2023-05-17 13:44:26,21,22,7487,38502
2023-05-17 13:44:26,20,22,7487,38502
2023-05-17 13:44:26,21,22,7487,38502
2023-05-17 13:44:34,20,22,7487,38502
2023-05-17 13:44:34,20,21,7487,38502
2023-05-17 13:44:36,21,22,7487,38527
2023-05-17 13:44:46,20,22,7487,38527
2023-05-17 13:44:50,21,22,7487,38527
2023-05-17 13:44:57,20,22,7487,38527
2023-05-17 13:45:13,20,21,7487,38527
2023-05-17 13:45:19,20,22,7487,38527
2023-05-17 13:45:22,20,21,7487,38527
2023-05-17 13:45:28,20,22,7487,38527
2023-05-17 13:45:33,20,21,7487,38527
2023-05-17 13:45:42,20,22,7487,38527
2023-05-17 13:45:44,20,21,7487,38527
2023-05-17 13:46:17,20,21,7487,38567
2023-05-17 13:46:23,19,21,7487,38567
2023-05-17 13:46:27,19,20,7487,38567
2023-05-17 13:46:44,18,19,7487,38607
2023-05-17 13:46:44,18,19,7503,38623
2023-05-17 13:47:02,17,18,7503,38827
2023-05-17 13:47:04,17,18,7504,38828
2023-05-17 13:47:24,17,18,7520,38844
2023-05-17 13:47:24,16,17,7540,38864
2023-05-17 13:47:24,17,18,7556,38880
2023-05-17 13:47:25,16,18,7740,39064
2023-05-17 13:47:34,17,19,7924,39265
2023-05-17 13:47:34,17,18,7924,39265
2023-05-17 13:47:45,16,18,7924,39265
2023-05-17 13:47:47,17,18,7924,39265
2023-05-17 13:47:55,15,18,7924,39265
2023-05-17 13:47:59,16,18,7924,39265
2023-05-17 13:47:59,16,17,7924,39265
2023-05-17 13:47:59,15,17,8124,39465
2023-05-17 13:48:06,15,18,8124,39465
2023-05-17 13:48:10,15,17,8124,39465
2023-05-17 13:48:11,15,17,8124,39515
2023-05-17 13:48:11,15,17,8254,39645
2023-05-17 13:48:22,14,15,8254,39735
2023-05-17 13:48:29,14,17,8254,39735
2023-05-17 13:48:29,14,16,8254,39735
2023-05-17 13:48:34,14,16,8254,39755
2023-05-17 13:48:34,14,16,8334,39835
2023-05-17 13:48:41,13,16,8334,39835
2023-05-17 13:48:42,13,16,8334,39840
2023-05-17 13:48:44,14,16,8334,39840
2023-05-17 13:48:44,14,15,8334,39840
2023-05-17 13:48:51,13,15,8334,39840
2023-05-17 13:48:55,14,15,8334,39840
2023-05-17 13:48:56,15,16,8334,39855
2023-05-17 13:49:05,14,16,8334,39855
2023-05-17 13:49:05,15,16,8334,39855
2023-05-17 13:49:12,14,16,8334,39855
2023-05-17 13:49:16,14,15,8334,39855
2023-05-17 13:49:29,14,16,8334,39855
2023-05-17 13:49:29,14,15,8334,39855
2023-05-17 13:49:37,13,14,8354,39875
2023-05-17 13:50:00,13,15,8354,39875
2023-05-17 13:50:04,14,15,8354,39875
2023-05-17 13:50:04,14,15,8374,39895
2023-05-17 13:50:10,13,15,8374,39895
2023-05-17 13:50:13,14,15,8374,39895
2023-05-17 13:50:20,13,15,8374,39895
2023-05-17 13:50:27,14,15,8374,39895
2023-05-17 13:50:27,14,15,8474,39995
2023-05-17 13:50:34,13,15,8474,39995
2023-05-17 13:50:37,14,15,8474,39995
2023-05-17 13:50:37,14,15,8519,40040
2023-05-17 13:50:37,14,15,8619,40140
2023-05-17 13:50:47,13,15,8619,40140
2023-05-17 13:50:47,13,14,8619,40140
2023-05-17 13:50:58,13,15,8619,40140
2023-05-17 13:51:00,13,14,8619,40140
2023-05-17 13:51:08,13,15,8619,40140
2023-05-17 13:51:09,13,14,8619,40140
2023-05-17 13:51:19,13,15,8619,40140
2023-05-17 13:51:19,13,14,8619,40140
2023-05-17 13:51:29,13,15,8619,40140
2023-05-17 13:51:29,13,15,8619,40160
2023-05-17 13:51:29,12,15,8769,40310
2023-05-17 13:51:40,12,13,8769,40310
2023-05-17 13:51:41,12,13,8702,40510
2023-05-17 13:51:51,12,15,8702,40510
2023-05-17 13:51:51,12,13,8702,40510
2023-05-17 13:51:52,12,13,8702,40710
2023-05-17 13:51:56,12,13,8702,40711
2023-05-17 13:51:57,12,15,8702,40711
2023-05-17 13:52:01,12,13,8702,40711
2023-05-17 13:52:08,12,15,8702,40711
2023-05-17 13:52:09,13,15,8702,40711
2023-05-17 13:52:13,14,15,8702,40711
2023-05-17 13:52:14,15,16,8802,40851
2023-05-17 13:52:14,14,16,8802,40851
2023-05-17 13:52:46,15,16,8802,40851
2023-05-17 13:52:46,15,16,8842,40891
2023-05-17 13:52:56,14,16,8842,40891
2023-05-17 13:52:58,16,17,8842,40926
2023-05-17 13:53:02,16,18,8867,40971
2023-05-17 13:53:03,16,17,8867,40971
2023-05-17 13:53:05,16,18,8867,40971
2023-05-17 13:53:09,15,16,8842,41036
2023-05-17 13:53:17,14,18,8842,41036
2023-05-17 13:53:19,15,18,8842,41036
2023-05-17 13:53:19,15,16,8842,41036
2023-05-17 13:53:31,15,18,8842,41036
2023-05-17 13:53:31,15,16,8842,41036
2023-05-17 13:53:40,15,18,8842,41036
2023-05-17 13:53:44,16,18,8842,41036
2023-05-17 13:53:52,16,17,8842,41036
2023-05-17 13:53:59,15,18,8842,41036
2023-05-17 13:53:59,15,17,8842,41036
2023-05-17 13:54:03,15,17,8842,41056
2023-05-17 13:54:03,14,17,8942,41156
2023-05-17 13:54:09,14,17,8967,41185
2023-05-17 13:54:09,16,17,8967,41185
2023-05-17 13:54:09,14,17,8967,41210
2023-05-17 13:54:09,14,16,8967,41210
2023-05-17 13:54:14,15,16,8967,41210
2023-05-17 13:54:14,15,16,9167,41410
2023-05-17 13:54:20,14,16,9167,41410
2023-05-17 13:54:24,15,16,9167,41410
2023-05-17 13:54:24,15,16,9263,41506
2023-05-17 13:54:33,14,16,9263,41506
2023-05-17 13:54:36,15,16,9263,41506
2023-05-17 13:54:59,14,16,9263,41506
2023-05-17 13:54:59,15,16,9263,41506
2023-05-17 13:55:08,16,17,9288,41551
2023-05-17 13:55:15,15,17,9288,41551
2023-05-17 13:55:18,14,17,9288,41551
2023-05-17 13:55:19,15,17,9288,41551
2023-05-17 13:55:22,16,17,9288,41551
2023-05-17 13:55:29,15,17,9288,41551
2023-05-17 13:55:35,16,17,9288,41551
2023-05-17 13:55:36,16,17,9288,41561
2023-05-17 13:55:47,15,17,9288,41561
2023-05-17 13:55:48,16,17,9288,41561
2023-05-17 13:55:54,15,17,9288,41561
2023-05-17 13:55:57,16,17,9288,41561
2023-05-17 13:56:06,15,17,9288,41561
2023-05-17 13:56:09,17,18,9288,41611
2023-05-17 13:56:20,17,18,9288,41631
2023-05-17 13:56:29,15,16,9288,41671
2023-05-17 13:56:37,15,18,9288,41671
2023-05-17 13:56:41,16,18,9288,41671
2023-05-17 13:56:41,16,17,9288,41671
2023-05-17 13:56:48,16,18,9288,41671
2023-05-17 13:56:52,16,18,9288,41691
2023-05-17 13:57:04,16,17,9288,41691
2023-05-17 13:57:11,16,18,9288,41691
2023-05-17 13:57:13,16,17,9288,41691
2023-05-17 13:57:25,15,16,9288,41711
2023-05-17 13:57:36,15,17,9288,41711
2023-05-17 13:57:36,16,17,9288,41711
2023-05-17 13:57:48,15,17,9288,41711
2023-05-17 13:57:48,15,16,9288,41711
2023-05-17 13:57:58,15,17,9288,41711
2023-05-17 13:57:59,15,16,9288,41711
2023-05-17 13:58:07,15,17,9288,41711
2023-05-17 13:58:11,15,16,9288,41711
2023-05-17 13:58:20,15,17,9288,41711
2023-05-17 13:58:21,15,16,9288,41711
2023-05-17 13:58:28,15,17,9288,41711
2023-05-17 13:58:28,15,16,9288,41711
2023-05-17 13:58:35,14,15,9288,41731
2023-05-17 13:58:45,14,16,9288,41731
2023-05-17 13:58:46,14,16,9288,41751
2023-05-17 13:58:55,13,16,9288,41751
2023-05-17 13:58:57,14,16,9288,41751
2023-05-17 13:58:57,14,15,9288,41751
2023-05-17 13:59:04,13,15,9288,41751
2023-05-17 13:59:07,14,15,9288,41751
2023-05-17 13:59:13,13,15,9288,41751
2023-05-17 13:59:17,13,14,9288,41751
2023-05-17 13:59:28,13,15,9288,41751
2023-05-17 13:59:29,13,15,9288,41771
2023-05-17 13:59:30,13,14,9288,41771
2023-05-17 13:59:40,12,14,9288,41771
2023-05-17 13:59:41,12,13,9288,41771
2023-05-17 13:59:52,12,14,9288,41771
2023-05-17 13:59:52,12,13,9288,41771
2023-05-17 13:59:59,12,14,9288,41771
2023-05-17 14:00:04,12,13,9288,41771
2023-05-17 14:00:12,12,14,9288,41771
2023-05-17 14:00:12,12,13,9288,41771
2023-05-17 14:00:21,12,14,9288,41771
2023-05-17 14:00:27,12,13,9288,41771
2023-05-17 14:00:36,12,14,9288,41771
2023-05-17 14:00:36,13,14,9288,41771
2023-05-17 14:00:43,12,14,9288,41771
2023-05-17 14:00:45,13,14,9288,41771
2023-05-17 14:00:59,14,15,9288,41791
2023-05-17 14:01:08,13,15,9288,41791
2023-05-17 14:01:08,14,15,9288,41791
2023-05-17 14:01:18,13,15,9288,41791
2023-05-17 14:01:18,14,15,9288,41791
2023-05-17 14:01:58,13,15,9288,41791
2023-05-17 14:01:58,14,15,9288,41791
2023-05-17 14:02:25,13,15,9288,41791
2023-05-17 14:02:26,15,16,9288,41831
2023-05-17 14:02:48,14,16,9288,41847
2023-05-17 14:02:56,13,16,9288,41847
2023-05-17 14:03:01,14,16,9288,41847
2023-05-17 14:03:08,14,15,9288,41847
2023-05-17 14:03:17,13,15,9288,41847
2023-05-17 14:03:19,14,15,9288,41847
2023-05-17 14:03:41,13,15,9288,41847
2023-05-17 14:03:43,14,15,9288,41847
2023-05-17 14:03:50,13,15,9288,41847
2023-05-17 14:03:50,14,15,9288,41847
2023-05-17 14:03:53,15,16,9288,41855
2023-05-17 14:04:00,14,16,9288,41855
2023-05-17 14:04:07,15,16,9288,41855
2023-05-17 14:04:16,14,16,9288,41855
2023-05-17 14:04:16,15,16,9288,41855
2023-05-17 14:04:26,14,16,9288,41855
2023-05-17 14:04:28,15,16,9288,41855
2023-05-17 14:04:45,14,16,9288,41855
2023-05-17 14:04:49,15,16,9288,41855
2023-05-17 14:04:54,15,16,9288,42055
2023-05-17 14:04:55,16,17,9288,42250
2023-05-17 14:04:55,15,17,9288,42250
2023-05-17 14:04:55,16,17,9288,42250
2023-05-17 14:05:01,17,19,9288,42306
2023-05-17 14:05:07,17,20,9288,42306
2023-05-17 14:05:09,19,20,9288,42306
2023-05-17 14:05:09,19,20,9321,42339
2023-05-17 14:05:09,19,20,9332,42350
2023-05-17 14:05:09,19,20,9354,42372
2023-05-17 14:05:17,16,20,9354,42372
2023-05-17 14:05:19,16,20,9354,42372
2023-05-17 14:05:20,17,20,9354,42372
2023-05-17 14:05:20,18,20,9354,42372
2023-05-17 14:05:27,17,20,9354,42372
2023-05-17 14:05:29,19,20,9354,42372
2023-05-17 14:05:37,18,20,9354,42372
2023-05-17 14:05:39,19,20,9354,42372
2023-05-17 14:05:46,18,20,9354,42372
2023-05-17 14:05:50,20,21,9354,42389
2023-05-17 14:05:56,19,21,9354,42389
2023-05-17 14:06:01,21,22,9354,42426
2023-05-17 14:06:09,19,22,9354,42426
2023-05-17 14:06:11,22,23,9379,42485
2023-05-17 14:06:12,21,22,9379,42615
2023-05-17 14:06:12,21,23,9379,42615
2023-05-17 14:06:14,21,22,9379,42615
2023-05-17 14:06:14,21,22,9379,42615
2023-05-17 14:06:18,21,22,9379,42616
2023-05-17 14:06:23,20,21,9353,42695
2023-05-17 14:06:34,20,22,9353,42695
2023-05-17 14:06:34,20,21,9353,42695
2023-05-17 14:06:34,19,21,9353,42789
2023-05-17 14:06:35,19,20,9353,42789
2023-05-17 14:06:41,18,20,9353,42789
2023-05-17 14:06:42,18,21,9353,42789
2023-05-17 14:06:42,18,19,9353,42789
2023-05-17 14:06:43,17,19,9353,42789
2023-05-17 14:06:44,17,18,9353,42789
2023-05-17 14:06:51,17,19,9353,42789
2023-05-17 14:06:54,17,19,9353,42822
2023-05-17 14:06:59,17,18,9353,42822
2023-05-17 14:07:01,17,19,9353,42822
2023-05-17 14:07:01,17,20,9353,42822
2023-05-17 14:07:01,17,19,9353,42822
2023-05-17 14:07:08,17,19,9353,42869
2023-05-17 14:07:08,18,19,9353,42869
2023-05-17 14:07:14,19,20,9353,42877
2023-05-17 14:07:19,18,20,9353,42877
2023-05-17 14:07:20,19,20,9353,42877
2023-05-17 14:07:34,20,21,9353,42902
2023-05-17 14:07:39,19,21,9353,42902
2023-05-17 14:07:39,20,21,9353,42902
2023-05-17 14:07:46,19,21,9353,42902
2023-05-17 14:07:46,21,23,9353,42904
2023-05-17 14:07:46,21,22,9353,42904
2023-05-17 14:07:47,19,21,9353,42948
2023-05-17 14:07:50,21,22,9353,42949
2023-05-17 14:07:50,21,22,9353,42950
2023-05-17 14:07:52,21,23,9353,42950
2023-05-17 14:07:54,19,23,9353,42950
2023-05-17 14:07:54,21,23,9353,42950
2023-05-17 14:07:54,23,24,9378,43190
2023-05-17 14:07:54,21,24,9418,43230
2023-05-17 14:07:54,21,23,9418,43230
2023-05-17 14:07:59,23,24,9483,43303
2023-05-17 14:07:59,23,25,9703,43583
2023-05-17 14:08:00,23,24,9703,43583
2023-05-17 14:08:03,23,24,9703,43783
2023-05-17 14:08:06,21,24,9703,43783
2023-05-17 14:08:09,20,24,9703,43783
2023-05-17 14:08:09,22,24,9703,43783
2023-05-17 14:08:23,23,24,9703,43783
2023-05-17 14:09:00,24,25,9695,43791
2023-05-17 14:09:03,25,26,9687,43799
2023-05-17 14:09:06,26,27,9679,43807
2023-05-17 14:09:53,24,27,9679,43807
2023-05-17 14:09:53,23,27,9679,43807
2023-05-17 14:09:53,25,27,9679,43807
2023-05-17 14:09:54,25,26,9679,43807
2023-05-17 14:09:55,23,26,9679,43807
2023-05-17 14:09:55,24,26,9679,43807
2023-05-17 14:10:04,23,26,9679,43807
2023-05-17 14:10:04,23,27,9679,43807
2023-05-17 14:10:04,25,27,9679,43807
2023-05-17 14:10:05,25,26,9679,43807
2023-05-17 14:10:07,24,25,9679,43815
2023-05-17 14:10:07,24,26,9679,43815
2023-05-17 14:10:26,25,26,9679,43815
2023-05-17 14:10:36,24,25,9628,43866
2023-05-17 14:10:36,24,26,9628,43866
2023-05-17 14:10:37,23,24,9628,43874
2023-05-17 14:10:45,23,26,9628,43874
2023-05-17 14:10:49,23,26,9628,43915
2023-05-17 14:10:49,23,25,9628,43915
2023-05-17 14:10:50,23,24,9628,43915
2023-05-17 14:10:57,22,24,9628,43915
2023-05-17 14:10:59,22,23,9628,43915
2023-05-17 14:11:05,21,23,9628,43915
2023-05-17 14:11:05,20,21,9628,43940
2023-05-17 14:11:12,20,22,9628,43940
2023-05-17 14:11:13,19,22,9628,44212
2023-05-17 14:11:13,19,21,9628,44212
2023-05-17 14:11:14,20,21,9628,44212
2023-05-17 14:11:14,19,21,9628,44212
2023-05-17 14:11:19,19,22,9628,44212
2023-05-17 14:11:19,20,22,9628,44212
2023-05-17 14:11:23,18,19,9628,44306
2023-05-17 14:11:24,18,19,9628,44506
2023-05-17 14:11:24,19,21,9628,44574
2023-05-17 14:11:52,19,20,9628,44574
2023-05-17 14:12:09,17,20,9628,44574
2023-05-17 14:12:09,17,19,9628,44574
2023-05-17 14:12:10,17,20,9628,44574
2023-05-17 14:12:10,17,18,9628,44574
2023-05-17 14:12:26,15,18,9628,44574
2023-05-17 14:12:27,15,16,9628,44574
2023-05-17 14:12:29,15,18,9628,44574
2023-05-17 14:12:29,15,17,9628,44574
2023-05-17 14:12:34,15,18,9628,44574
2023-05-17 14:12:34,15,16,9628,44574
2023-05-17 14:12:56,15,16,9629,44575
2023-05-17 14:13:09,15,17,9629,44726
2023-05-17 14:13:09,15,18,9629,44726
2023-05-17 14:13:14,15,17,9629,44726
2023-05-17 14:13:35,15,18,9654,44751
2023-05-17 14:13:45,16,18,9654,44751
2023-05-17 14:14:18,16,19,9654,44751
2023-05-17 14:14:24,16,18,9654,44751
2023-05-17 14:14:38,16,19,9654,44751
2023-05-17 14:14:40,17,19,9654,44751
2023-05-17 14:14:46,17,20,9654,44751
2023-05-17 14:14:55,18,20,9654,44751
2023-05-17 14:14:56,18,20,9654,44752
2023-05-17 14:15:28,18,19,9654,44752
2023-05-17 14:15:29,18,20,9654,44752
2023-05-17 14:15:38,19,20,9654,44752
2023-05-17 14:15:44,18,20,9654,44752
2023-05-17 14:16:49,19,20,9654,44752
2023-05-17 14:17:09,20,21,9646,44760
2023-05-17 14:17:53,21,22,9630,44776
2023-05-17 14:18:51,21,22,9451,44976
2023-05-17 14:18:52,20,21,9433,44997
2023-05-17 14:18:52,20,22,9433,44997
2023-05-17 14:18:55,18,22,9433,44997
2023-05-17 14:18:56,18,21,9433,44997
2023-05-17 14:19:02,18,19,9433,44997
2023-05-17 14:19:06,16,18,9433,45005
2023-05-17 14:19:06,16,19,9433,45005
2023-05-17 14:19:07,15,19,9433,45005
2023-05-17 14:19:14,15,19,9434,45006
2023-05-17 14:19:14,15,17,9434,45006
2023-05-17 14:19:39,15,19,9434,45006
2023-05-17 14:19:39,15,16,9434,45006
2023-05-17 14:19:53,15,19,9434,45006
2023-05-17 14:19:53,15,17,9434,45006
2023-05-17 14:20:21,15,19,9434,45006
2023-05-17 14:20:21,15,16,9434,45006
2023-05-17 14:20:27,15,19,9434,45006
2023-05-17 14:20:27,15,17,9434,45006
2023-05-17 14:20:57,15,19,9434,45006
2023-05-17 14:20:57,15,16,9434,45006
2023-05-17 14:21:11,15,19,9434,45006
2023-05-17 14:21:11,15,17,9434,45006
2023-05-17 14:21:58,15,19,9434,45006
2023-05-17 14:21:58,15,16,9434,45006
2023-05-17 14:22:08,15,19,9434,45006
2023-05-17 14:22:08,15,17,9434,45006
2023-05-17 14:22:43,15,20,9434,45006
2023-05-17 14:22:43,15,18,9434,45006
2023-05-17 14:22:47,15,20,9459,45106
2023-05-17 14:22:47,17,20,9459,45106
2023-05-17 14:22:47,15,20,9459,45106
2023-05-17 14:22:47,18,20,9459,45106
2023-05-17 14:22:49,18,21,9459,45106
2023-05-17 14:22:51,18,20,9459,45106
2023-05-17 14:22:57,18,20,9458,45107
2023-05-17 14:23:48,19,20,9458,45107
2023-05-17 14:23:48,18,19,9451,45114
2023-05-17 14:23:48,18,20,9451,45114
2023-05-17 14:24:14,18,19,9451,45114
2023-05-17 14:24:55,17,18,9451,45122
2023-05-17 14:24:55,17,19,9451,45122
2023-05-17 14:24:59,17,18,9451,45122
2023-05-17 14:25:01,17,19,9451,45122
2023-05-17 14:25:39,18,19,9451,45122
2023-05-17 14:26:11,18,19,9426,45147
2023-05-17 14:26:35,19,20,9426,45153
2023-05-17 14:26:41,18,20,9426,45153
2023-05-17 14:27:31,19,20,9426,45153
2023-05-17 14:27:33,18,20,9426,45153
2023-05-17 14:27:33,19,20,9426,45153
2023-05-17 14:27:33,21,22,9451,45215
2023-05-17 14:27:40,19,22,9451,45215
2023-05-17 14:27:43,21,22,9451,45215
2023-05-17 14:27:56,23,24,9484,45396
2023-05-17 14:27:57,23,24,9484,45596
2023-05-17 14:27:58,21,23,9484,45598
2023-05-17 14:27:58,21,24,9484,45598
2023-05-17 14:27:59,22,24,9484,45598
2023-05-17 14:28:07,21,22,9459,45623
2023-05-17 14:28:07,21,24,9459,45623
2023-05-17 14:28:07,22,24,9459,45623
2023-05-17 14:28:18,23,24,9459,45623
2023-05-17 14:28:25,22,24,9459,45623
2023-05-17 14:28:29,23,24,9459,45623
2023-05-17 14:28:30,22,23,9459,45699
2023-05-17 14:28:30,22,24,9459,45699
2023-05-17 14:28:45,21,22,9426,45785
2023-05-17 14:28:45,21,24,9426,45785
2023-05-17 14:28:46,21,23,9426,45785
2023-05-17 14:29:05,20,23,9426,45785
2023-05-17 14:29:35,21,23,9426,45785
2023-05-17 14:29:43,20,23,9426,45785
2023-05-17 14:29:44,21,23,9426,45785
2023-05-17 14:29:57,22,23,9426,45785
2023-05-17 14:30:04,21,23,9426,45785
2023-05-17 14:30:06,21,22,9426,45785
2023-05-17 14:30:06,18,21,9426,45793
2023-05-17 14:30:07,18,22,9426,45793
2023-05-17 14:30:08,20,22,9426,45793
2023-05-17 14:30:08,20,22,9451,45867
2023-05-17 14:30:11,20,23,9451,45867
2023-05-17 14:30:12,21,23,9451,45867
2023-05-17 14:30:13,20,21,9426,45892
2023-05-17 14:30:13,20,23,9426,45892
2023-05-17 14:30:14,19,23,9426,45892
2023-05-17 14:30:17,19,22,9426,45892
2023-05-17 14:30:22,18,19,9426,45900
2023-05-17 14:30:22,18,22,9426,45900
2023-05-17 14:30:33,19,22,9426,45900
2023-05-17 14:31:34,20,22,9426,45900
2023-05-17 14:31:44,22,23,9426,45924
2023-05-17 14:31:53,21,23,9426,45924
2023-05-17 14:31:54,22,23,9426,45924
2023-05-17 14:32:00,22,23,9621,46124
2023-05-17 14:32:04,20,23,9621,46124
2023-05-17 14:32:06,22,23,9621,46124
2023-05-17 14:32:13,21,23,9621,46124
2023-05-17 14:32:17,22,23,9621,46124
2023-05-17 14:32:26,21,23,9621,46124
2023-05-17 14:32:29,23,24,9621,46168
2023-05-17 14:32:38,24,25,9664,46212
2023-05-17 14:32:48,22,25,9664,46212
2023-05-17 14:32:51,23,25,9664,46212
2023-05-17 14:33:40,24,25,9664,46212
2023-05-17 14:34:01,25,26,9684,46232
2023-05-17 14:34:11,26,27,9704,46252
2023-05-17 14:34:15,27,28,9724,46272
2023-05-17 14:34:17,28,32,9724,46312
2023-05-17 14:34:17,27,32,9724,46312
2023-05-17 14:34:17,29,32,9724,46312
2023-05-17 14:34:27,30,32,9724,46312
2023-05-17 14:34:34,29,32,9724,46312
2023-05-17 14:34:43,28,32,9724,46312
2023-05-17 14:34:49,29,32,9724,46312
2023-05-17 14:34:54,28,32,9724,46312
2023-05-17 14:35:01,27,32,9724,46312
2023-05-17 14:35:01,27,31,9724,46312
2023-05-17 14:35:02,26,31,9724,46312
2023-05-17 14:35:04,26,30,9724,46312
2023-05-17 14:35:42,26,29,9724,46312
2023-05-17 14:35:48,26,28,9724,46312
2023-05-17 14:35:53,26,27,9724,46312
2023-05-17 14:35:56,26,27,9781,46512
2023-05-17 14:35:57,22,26,9789,46520
2023-05-17 14:35:57,22,27,9789,46520
2023-05-17 14:35:57,22,26,9789,46520
2023-05-17 14:36:01,22,25,9789,46520
2023-05-17 14:36:01,22,24,9789,46520
2023-05-17 14:36:10,20,24,9789,46728
2023-05-17 14:36:11,20,25,9789,46728
2023-05-17 14:36:11,21,25,9789,46728
2023-05-17 14:36:19,22,25,9789,46728
2023-05-17 14:36:23,21,25,9789,46728
2023-05-17 14:36:25,21,22,9789,46728
2023-05-17 14:36:27,21,22,9789,46928
2023-05-17 14:36:27,21,22,9589,47128
2023-05-17 14:36:29,21,22,9426,47328
2023-05-17 14:36:30,21,22,9426,47528
2023-05-17 14:36:31,21,25,9426,47728
2023-05-17 14:36:31,22,25,9426,47728
2023-05-17 14:36:57,22,24,9426,47728
2023-05-17 14:36:58,21,24,9426,47728
2023-05-17 14:37:20,21,23,9426,47728
2023-05-17 14:37:20,20,23,9426,47728
2023-05-17 14:37:35,18,19,9426,47993
2023-05-17 14:37:35,18,19,9426,48193
2023-05-17 14:37:36,19,21,9426,48228
2023-05-17 14:37:42,18,21,9426,48228
2023-05-17 14:37:56,19,21,9426,48228
2023-05-17 14:37:59,18,21,9426,48228
2023-05-17 14:38:02,19,21,9426,48228
2023-05-17 14:38:05,19,20,9426,48228
2023-05-17 14:38:26,17,18,9425,48249
2023-05-17 14:38:26,16,18,9425,48249
2023-05-17 14:38:26,16,18,9425,48349
2023-05-17 14:38:27,16,18,9425,48549
2023-05-17 14:38:27,17,18,9425,48549
2023-05-17 14:38:28,17,18,9425,48649
2023-05-17 14:38:28,18,19,9425,48728
2023-05-17 14:38:28,17,19,9425,48728
2023-05-17 14:38:47,17,19,9426,48729
2023-05-17 14:39:01,18,19,9426,48729
2023-05-17 14:39:11,19,20,9426,48775
2023-05-17 14:39:15,18,20,9426,48775
2023-05-17 14:39:26,20,21,9426,48795
2023-05-17 14:39:26,18,21,9426,48795
2023-05-17 14:39:28,19,21,9426,48795
2023-05-17 14:39:33,21,22,9426,48855
2023-05-17 14:39:33,19,22,9426,48855
2023-05-17 14:39:33,20,22,9426,48855
2023-05-17 14:39:34,22,24,9426,48895
2023-05-17 14:39:34,20,24,9426,48895
2023-05-17 14:39:34,22,24,9426,48895
2023-05-17 14:39:38,22,24,9426,48896
2023-05-17 14:39:49,20,24,9426,48896
2023-05-17 14:39:49,23,24,9426,48896
2023-05-17 14:40:02,20,24,9426,48896
2023-05-17 14:40:02,22,24,9426,48896
2023-05-17 14:40:09,22,23,9426,48896
2023-05-17 14:40:12,19,23,9426,48896
2023-05-17 14:40:12,21,23,9426,48896
2023-05-17 14:40:26,22,23,9426,48896
2023-05-17 14:41:02,21,23,9426,48896
2023-05-17 14:41:18,22,23,9426,48896
2023-05-17 14:41:39,22,23,9426,48996
2023-05-17 14:41:40,23,24,9426,49024
2023-05-17 14:41:46,22,24,9426,49024
2023-05-17 14:41:51,22,23,9426,49024
2023-05-17 14:41:51,21,23,9426,49024
2023-05-17 14:41:51,22,23,9426,49024
2023-05-17 14:42:02,22,24,9426,49024
2023-05-17 14:42:04,23,24,9426,49024
2023-05-17 14:43:18,23,24,9461,49124
2023-05-17 14:43:19,24,26,9529,49192
2023-05-17 14:43:27,25,26,9529,49192
2023-05-17 14:43:39,25,26,9529,49193
2023-05-17 14:43:39,26,28,9548,49212
2023-05-17 14:44:00,28,29,9568,49232
2023-05-17 14:44:03,26,29,9568,49232
2023-05-17 14:44:04,25,29,9568,49232
2023-05-17 14:44:26,26,29,9568,49232
2023-05-17 14:45:08,28,29,9568,49232
2023-05-17 14:45:10,29,30,9588,49252
2023-05-17 14:45:13,30,31,9608,49272
2023-05-17 14:45:14,30,32,9608,49272
2023-05-17 14:45:15,31,32,9608,49272
2023-05-17 14:45:16,31,33,9608,49272
2023-05-17 14:45:16,31,34,9608,49272
2023-05-17 14:45:16,32,34,9608,49272
2023-05-17 14:45:20,31,34,9608,49272
2023-05-17 14:45:22,30,34,9608,49272
2023-05-17 14:45:23,30,33,9608,49272
2023-05-17 14:45:24,30,33,9608,49273
2023-05-17 14:45:28,29,33,9608,49273
2023-05-17 14:45:38,29,32,9608,49273
2023-05-17 14:45:38,29,31,9608,49273
2023-05-17 14:45:41,27,31,9608,49273
2023-05-17 14:45:50,27,30,9608,49273
2023-05-17 14:45:55,27,29,9608,49273
2023-05-17 14:45:59,27,29,9607,49274
2023-05-17 14:46:04,27,28,9607,49274
2023-05-17 14:46:05,27,28,9425,49474
2023-05-17 14:46:06,26,27,9425,49521
2023-05-17 14:46:06,26,28,9425,49521
2023-05-17 14:46:07,26,27,9425,49521
2023-05-17 14:46:14,23,26,9424,49522
2023-05-17 14:46:14,23,27,9424,49522
2023-05-17 14:46:14,23,25,9424,49522
2023-05-17 14:46:14,23,25,9444,49542
2023-05-17 14:46:15,23,26,9444,49542
2023-05-17 14:46:16,24,26,9444,49542
2023-05-17 14:46:35,25,26,9444,49542
2023-05-17 14:48:19,25,27,9424,49562
2023-05-17 14:48:24,26,27,9424,49562
2023-05-17 14:48:27,25,27,9424,49562
2023-05-17 14:48:35,26,27,9424,49562
2023-05-17 14:48:36,25,26,9423,49563
2023-05-17 14:48:36,25,27,9423,49563
2023-05-17 14:48:59,25,26,9423,49563
2023-05-17 14:49:14,21,26,9421,49585
2023-05-17 14:49:18,21,25,9421,49585
2023-05-17 14:49:21,20,25,9421,49585
2023-05-17 14:49:22,20,24,9421,49585
2023-05-17 14:49:28,20,25,9421,49585
2023-05-17 14:49:43,20,24,9421,49585
2023-05-17 14:49:56,22,24,9421,49585
2023-05-17 14:49:58,22,23,9421,49585
2023-05-17 14:50:28,22,24,9421,49585
2023-05-17 14:50:49,23,24,9421,49585
2023-05-17 14:51:14,24,25,9421,49645
2023-05-17 14:51:14,26,30,9516,49765
2023-05-17 14:51:15,26,31,9516,49765
2023-05-17 14:51:15,26,30,9516,49765
2023-05-17 14:51:17,24,31,9516,49765
2023-05-17 14:51:18,25,31,9516,49765
2023-05-17 14:51:23,25,31,9516,49777
2023-05-17 14:51:23,25,31,9516,49977
2023-05-17 14:51:24,27,31,9516,49977
2023-05-17 14:51:24,29,31,9516,49977
2023-05-17 14:51:25,31,34,9536,49997
2023-05-17 14:51:25,29,34,9536,49997
2023-05-17 14:51:25,31,34,9536,49997
2023-05-17 14:51:27,31,33,9536,49997
2023-05-17 14:51:36,31,32,9536,49997
2023-05-17 14:51:37,29,32,9536,49997
2023-05-17 14:52:02,30,32,9536,49997
2023-05-17 14:52:03,32,34,9556,50017
2023-05-17 14:52:08,30,34,9556,50017
2023-05-17 14:52:09,30,33,9556,50017
2023-05-17 14:52:47,31,33,9556,50017
2023-05-17 14:53:32,32,33,9556,50017
2023-05-17 14:53:35,33,34,9576,50037
2023-05-17 14:53:47,32,34,9576,50037
2023-05-17 14:53:57,32,35,9596,50057
2023-05-17 14:54:03,32,34,9596,50057
2023-05-17 14:54:06,31,34,9596,50057
2023-05-17 14:54:11,31,33,9596,50057
2023-05-17 14:54:45,31,32,9596,50057
2023-05-17 14:54:46,30,32,9421,50257
2023-05-17 14:54:55,30,33,9421,50257
2023-05-17 14:55:05,31,33,9421,50257
2023-05-17 14:55:05,31,34,9421,50257
2023-05-17 14:55:07,32,34,9421,50257
2023-05-17 14:55:11,31,34,9421,50257
2023-05-17 14:55:17,30,34,9421,50257
2023-05-17 14:55:20,31,34,9421,50257
2023-05-17 14:55:51,30,34,9421,50257
2023-05-17 14:56:07,31,34,9421,50257
2023-05-17 14:56:14,32,34,9421,50257
2023-05-17 14:56:30,31,34,9421,50257
2023-05-17 14:56:33,30,34,9421,50257
2023-05-17 14:56:44,29,34,9421,50257
2023-05-17 14:56:46,30,34,9421,50257
2023-05-17 14:57:00,31,34,9421,50257
2023-05-17 14:57:03,32,34,9421,50257
2023-05-17 14:57:07,35,36,9436,50297
2023-05-17 14:57:10,34,35,9436,50361
2023-05-17 14:57:10,34,36,9436,50361
2023-05-17 14:57:40,35,36,9436,50361
2023-05-17 14:57:40,34,35,9436,50386
2023-05-17 14:57:40,34,36,9436,50386
2023-05-17 14:57:53,35,36,9436,50386
2023-05-17 14:58:19,34,35,9435,50387
2023-05-17 14:58:32,34,36,9435,50387
2023-05-17 14:58:41,35,36,9435,50387
2023-05-17 14:59:07,36,39,9455,50407
2023-05-17 14:59:08,37,39,9455,50407
2023-05-17 14:59:21,38,39,9455,50407
2023-05-17 14:59:29,38,41,9475,50601
2023-05-17 14:59:33,37,41,9475,50601
2023-05-17 14:59:33,38,41,9475,50601
2023-05-17 14:59:42,38,40,9475,50601
2023-05-17 15:00:02,38,39,9475,50601
2023-05-17 15:00:07,37,39,9455,50621
2023-05-17 15:00:12,37,38,9455,50621
2023-05-17 15:00:14,37,39,9455,50621
2023-05-17 15:00:16,37,40,9455,50621
2023-05-17 15:00:19,37,39,9455,50621
2023-05-17 15:00:27,38,39,9455,50621
2023-05-17 15:00:31,38,40,9475,50641
2023-05-17 15:00:31,39,40,9475,50641
2023-05-17 15:00:33,40,42,9495,50661
2023-05-17 15:00:40,39,42,9495,50661
2023-05-17 15:00:40,39,41,9495,50661
2023-05-17 15:00:48,39,40,9495,50661
2023-05-17 15:00:58,38,39,9475,50681
2023-05-17 15:00:58,38,40,9475,50681
2023-05-17 15:00:58,38,39,9475,50681
2023-05-17 15:01:08,37,38,9434,50722
2023-05-17 15:01:08,37,39,9434,50722
2023-05-17 15:01:08,37,40,9434,50722
2023-05-17 15:01:08,37,38,9434,50722
2023-05-17 15:01:13,37,39,9434,50722
2023-05-17 15:01:13,37,38,9434,50722
2023-05-17 15:01:13,37,38,9434,50742
2023-05-17 15:01:13,35,37,9434,50844
2023-05-17 15:01:13,35,38,9434,50844
2023-05-17 15:01:14,35,37,9434,50844
2023-05-17 15:01:17,35,36,9434,50844
2023-05-17 15:01:18,34,35,9433,50918
2023-05-17 15:01:18,34,36,9433,50918
2023-05-17 15:01:18,35,36,9433,50918
2023-05-17 15:01:19,34,35,9418,50998
2023-05-17 15:01:19,34,36,9418,50998
2023-05-17 15:01:41,34,35,9418,50998
2023-05-17 15:01:42,31,34,9418,51018
2023-05-17 15:01:42,31,35,9418,51018
2023-05-17 15:01:47,31,34,9418,51018
2023-05-17 15:01:51,31,33,9418,51018
2023-05-17 15:01:52,31,32,9418,51018
2023-05-17 15:01:56,31,33,9418,51018
2023-05-17 15:01:59,28,33,9418,51018
2023-05-17 15:02:02,29,33,9418,51018
2023-05-17 15:02:07,29,34,9418,51018
2023-05-17 15:02:08,29,33,9418,51018
2023-05-17 15:02:13,30,33,9418,51018
2023-05-17 15:02:14,31,33,9418,51018
2023-05-17 15:02:17,30,33,9418,51018
2023-05-17 15:02:21,31,33,9418,51018
2023-05-17 15:02:30,32,33,9418,51018
2023-05-17 15:03:19,28,32,9417,51039
2023-05-17 15:03:19,28,33,9417,51039
2023-05-17 15:03:19,28,32,9417,51039
2023-05-17 15:03:30,28,31,9417,51039
2023-05-17 15:03:37,28,32,9417,51039
2023-05-17 15:03:39,28,31,9417,51039
2023-05-17 15:03:48,28,30,9417,51039
2023-05-17 15:03:48,28,31,9417,51039
2023-05-17 15:03:58,28,30,9417,51039
2023-05-17 15:04:01,28,29,9417,51039
2023-05-17 15:04:02,27,28,9417,51059
2023-05-17 15:04:02,27,29,9417,51059
2023-05-17 15:04:02,27,28,9417,51059
2023-05-17 15:04:03,26,27,9417,51079
2023-05-17 15:04:03,26,28,9417,51079
2023-05-17 15:04:03,26,27,9417,51079
2023-05-17 15:04:06,25,27,9417,51079
2023-05-17 15:04:06,24,27,9417,51079
2023-05-17 15:05:07,24,26,9417,51079
2023-05-17 15:05:24,24,25,9417,51079
2023-05-17 15:05:29,24,26,9417,51079
2023-05-17 15:05:33,24,25,9417,51079
2023-05-17 15:05:48,23,24,9417,51099
2023-05-17 15:05:48,23,25,9417,51099
2023-05-17 15:05:48,23,24,9417,51099
2023-05-17 15:05:49,22,23,9416,51120
2023-05-17 15:05:49,22,24,9416,51120
2023-05-17 15:05:50,22,23,9416,51120
2023-05-17 15:05:50,21,22,9415,51121
2023-05-17 15:05:50,21,23,9415,51121
2023-05-17 15:05:50,21,23,9415,51121
2023-05-17 15:05:52,20,23,9415,51121
2023-05-17 15:05:53,20,22,9415,51121
2023-05-17 15:05:53,19,22,9415,51121
2023-05-17 15:05:55,19,21,9415,51121
2023-05-17 15:05:56,19,22,9415,51121
2023-05-17 15:05:57,19,21,9415,51121
2023-05-17 15:05:58,19,22,9415,51121
2023-05-17 15:05:58,18,22,9414,51315
2023-05-17 15:06:08,18,23,9414,51315
2023-05-17 15:06:09,19,23,9414,51315
2023-05-17 15:06:11,18,23,9414,51315
2023-05-17 15:06:12,19,23,9414,51315
2023-05-17 15:06:23,19,22,9414,51315
2023-05-17 15:06:28,20,22,9414,51315
2023-05-17 15:06:36,19,20,9413,51316
2023-05-17 15:06:36,19,22,9413,51316
2023-05-17 15:06:37,19,21,9413,51316
2023-05-17 15:07:00,18,19,9412,51337
2023-05-17 15:07:01,18,21,9412,51337
2023-05-17 15:07:04,18,20,9412,51337
2023-05-17 15:07:43,18,19,9412,51337
2023-05-17 15:07:55,17,19,9412,51337
2023-05-17 15:08:09,17,20,9412,51337
2023-05-17 15:08:14,18,20,9412,51337
2023-05-17 15:08:17,17,20,9412,51337
2023-05-17 15:08:20,18,20,9412,51337
2023-05-17 15:09:03,18,20,9429,51354
2023-05-17 15:09:13,18,19,9429,51354
2023-05-17 15:09:44,17,18,9429,51474
2023-05-17 15:09:44,17,19,9429,51474
2023-05-17 15:10:31,17,18,9429,51474
2023-05-17 15:10:33,16,17,9429,51514
2023-05-17 15:10:33,16,18,9429,51514
2023-05-17 15:10:51,16,17,9429,51514
2023-05-17 15:10:54,15,16,9429,51534
2023-05-17 15:11:00,13,16,9429,51534
2023-05-17 15:11:02,14,16,9429,51534
2023-05-17 15:11:03,14,18,9429,51534
2023-05-17 15:11:41,15,18,9429,51534
2023-05-17 15:11:45,14,18,9429,51534
2023-05-17 15:11:48,15,18,9429,51534
2023-05-17 15:12:02,15,17,9429,51534
2023-05-17 15:12:26,14,17,9429,51534
2023-05-17 15:13:05,14,18,9429,51554
2023-05-17 15:13:09,14,17,9429,51554
2023-05-17 15:13:16,14,18,9429,51554
2023-05-17 15:13:23,14,18,9429,51604
2023-05-17 15:13:33,14,18,9429,51609
2023-05-17 15:13:37,15,18,9429,51609
2023-05-17 15:14:07,15,17,9429,51609
2023-05-17 15:14:16,14,17,9429,51609
2023-05-17 15:14:21,14,16,9429,51609
2023-05-17 15:14:33,13,16,9429,51609
2023-05-17 15:14:39,13,17,9429,51609
2023-05-17 15:14:43,13,18,9429,51609
2023-05-17 15:14:47,13,17,9429,51609
2023-05-17 15:14:52,13,18,9429,51609
2023-05-17 15:14:59,14,18,9429,51609
2023-05-17 15:15:05,13,18,9429,51609
2023-05-17 15:15:08,13,18,9429,51609
2023-05-17 15:15:12,13,17,9429,51609
2023-05-17 15:15:18,14,17,9429,51609
2023-05-17 15:15:25,14,19,9429,51609
2023-05-17 15:15:25,14,18,9429,51609
2023-05-17 15:15:29,15,18,9429,51609
2023-05-17 15:15:45,13,18,9429,51609
2023-05-17 15:16:00,13,17,9429,51609
2023-05-17 15:16:04,13,16,9429,51609
2023-05-17 15:16:16,12,16,9429,51609
2023-05-17 15:16:31,12,15,9429,51609
2023-05-17 15:17:01,11,15,9429,51609
2023-05-17 15:17:23,11,16,9429,51609
2023-05-17 15:17:43,11,15,9429,51609
2023-05-17 15:17:46,11,14,9429,51609
2023-05-17 15:17:48,11,15,9429,51609
2023-05-17 15:18:04,11,14,9429,51609
2023-05-17 15:18:11,10,14,9429,51609
2023-05-17 15:18:16,10,13,9429,51609
2023-05-17 15:18:28,9,13,9429,51609
2023-05-17 15:18:45,9,12,9429,51609
2023-05-17 15:18:48,9,13,9429,51609
2023-05-17 15:18:49,9,12,9429,51609
2023-05-17 15:18:55,9,11,9429,51609
2023-05-17 15:19:00,8,11,9429,51609
2023-05-17 15:19:02,8,12,9429,51609
2023-05-17 15:19:09,8,11,9429,51609
2023-05-17 15:19:23,8,12,9429,51609
2023-05-17 15:19:23,10,12,9429,51609
2023-05-17 15:19:23,10,11,9429,51609
2023-05-17 15:19:24,10,12,9429,51609
2023-05-17 15:19:24,10,13,9429,51609
2023-05-17 15:19:24,12,16,9429,51609
2023-05-17 15:19:24,10,16,9429,51609
2023-05-17 15:19:24,10,12,9429,51609
2023-05-17 15:19:24,10,16,9429,51609
2023-05-17 15:19:24,10,15,9429,51609
2023-05-17 15:19:25,12,15,9429,51609
2023-05-17 15:19:25,10,12,9629,51809
2023-05-17 15:19:25,12,17,9654,51834
2023-05-17 15:19:25,10,17,9654,51834
2023-05-17 15:19:25,10,16,9654,51834
2023-05-17 15:19:25,10,12,9654,51834
2023-05-17 15:19:25,11,12,9654,51834
2023-05-17 15:19:26,12,16,9829,52009
2023-05-17 15:19:26,11,16,9829,52009
2023-05-17 15:19:26,11,15,9829,52009
2023-05-17 15:19:27,11,16,9829,52009
2023-05-17 15:19:27,12,16,9829,52009
2023-05-17 15:19:30,10,16,9829,52009
2023-05-17 15:19:33,11,16,9829,52009
2023-05-17 15:19:37,12,16,9829,52009
2023-05-17 15:19:43,11,16,9829,52009
2023-05-17 15:19:43,11,15,9829,52009
2023-05-17 15:19:51,11,14,9829,52009
2023-05-17 15:19:57,11,13,9829,52009
2023-05-17 15:19:58,11,14,9829,52009
2023-05-17 15:19:58,11,13,9829,52009
2023-05-17 15:20:02,11,14,9829,52009
2023-05-17 15:20:05,12,14,9829,52009
2023-05-17 15:20:05,12,15,9829,52009
2023-05-17 15:20:05,12,14,9829,52009
2023-05-17 15:20:07,11,14,9829,52009
2023-05-17 15:20:08,11,15,9829,52009
2023-05-17 15:20:27,12,15,9829,52009
2023-05-17 15:20:30,12,15,9829,52109
2023-05-17 15:20:31,15,17,9829,52174
2023-05-17 15:20:31,12,17,9864,52209
2023-05-17 15:20:33,12,17,9864,52209
2023-05-17 15:20:37,12,16,9864,52209
2023-05-17 15:21:02,12,15,9864,52209
2023-05-17 15:21:03,12,14,9864,52209
2023-05-17 15:21:05,12,16,9864,52209
2023-05-17 15:21:05,14,16,9864,52209
2023-05-17 15:21:05,12,16,9864,52209
2023-05-17 15:21:05,12,17,9864,52209
2023-05-17 15:21:06,14,17,9864,52209
2023-05-17 15:21:07,14,19,9864,52209
2023-05-17 15:21:07,14,17,9864,52209
2023-05-17 15:21:08,14,19,9864,52209
2023-05-17 15:21:08,14,17,9864,52209
2023-05-17 15:21:09,14,19,9864,52209
2023-05-17 15:21:10,14,18,9864,52209
2023-05-17 15:21:11,14,19,9864,52209
2023-05-17 15:21:12,15,19,9864,52209
2023-05-17 15:21:13,16,19,9864,52209
2023-05-17 15:21:13,16,20,9864,52209
2023-05-17 15:21:14,17,20,9864,52209
2023-05-17 15:21:14,17,23,9864,52209
2023-05-17 15:21:14,17,22,9864,52209
2023-05-17 15:21:14,18,22,9864,52209
2023-05-17 15:21:15,19,22,9864,52209
2023-05-17 15:21:16,19,23,9864,52209
2023-05-17 15:21:18,18,23,9864,52209
2023-05-17 15:21:21,18,21,9864,52209
2023-05-17 15:21:22,18,23,9864,52209
2023-05-17 15:21:22,18,22,9864,52209
2023-05-17 15:21:28,19,22,9864,52209
2023-05-17 15:21:32,19,23,9864,52209
2023-05-17 15:21:33,19,22,9864,52209
2023-05-17 15:21:35,18,22,9864,52209
2023-05-17 15:21:38,19,22,9864,52209
2023-05-17 15:21:38,20,22,9864,52209
2023-05-17 15:21:39,22,23,9864,52229
2023-05-17 15:21:39,20,23,9864,52229
2023-05-17 15:21:43,19,23,9864,52229
2023-05-17 15:21:48,18,23,9864,52229
2023-05-17 15:21:48,18,22,9864,52229
2023-05-17 15:21:57,19,22,9864,52229
2023-05-17 15:21:58,22,23,9899,52295
2023-05-17 15:21:58,19,23,9899,52295
2023-05-17 15:21:59,23,24,9919,52489
2023-05-17 15:21:59,19,24,9919,52489
2023-05-17 15:22:00,20,24,9919,52489
2023-05-17 15:22:00,20,25,9919,52489
2023-05-17 15:22:09,21,25,9919,52489
2023-05-17 15:22:25,22,25,9919,52489
2023-05-17 15:22:30,25,26,9939,52509
2023-05-17 15:22:34,23,26,9939,52509
2023-05-17 15:22:36,22,26,9939,52509
2023-05-17 15:22:37,22,25,9939,52509
2023-05-17 15:22:42,22,26,9939,52509
2023-05-17 15:22:57,23,26,9939,52509
2023-05-17 15:23:31,24,26,9939,52509
2023-05-17 15:23:31,25,26,9939,52509
2023-05-17 15:23:32,26,27,9959,52529
2023-05-17 15:23:32,25,27,9959,52529
2023-05-17 15:23:32,26,27,9959,52529
2023-05-17 15:23:33,27,30,9979,52549
2023-05-17 15:23:33,26,30,9979,52549
2023-05-17 15:23:34,27,30,9979,52549
2023-05-17 15:23:39,28,30,9979,52549
2023-05-17 15:23:41,29,30,9979,52549
2023-05-17 15:23:41,29,33,9979,52569
2023-05-17 15:23:41,29,34,9979,52569
2023-05-17 15:23:41,30,34,9979,52569
2023-05-17 15:23:41,30,34,9999,52589
2023-05-17 15:23:42,30,33,9999,52589
2023-05-17 15:23:44,30,34,9999,52589
2023-05-17 15:23:44,30,32,9999,52589
2023-05-17 15:23:45,29,32,9999,52589
2023-05-17 15:23:48,29,33,9999,52589
2023-05-17 15:23:48,29,31,9999,52589
2023-05-17 15:23:52,29,32,9999,52589
2023-05-17 15:23:52,31,32,9999,52589
2023-05-17 15:23:52,29,32,9999,52589
2023-05-17 15:23:53,30,32,9999,52589
2023-05-17 15:23:56,29,32,9999,52589
2023-05-17 15:23:57,29,31,9999,52589
2023-05-17 15:23:58,31,32,9999,52609
2023-05-17 15:23:58,29,32,9999,52609
2023-05-17 15:24:06,30,32,9999,52609
2023-05-17 15:24:10,32,33,10019,52629
2023-05-17 15:24:10,30,33,10019,52629
2023-05-17 15:24:15,31,33,10019,52629
2023-05-17 15:24:18,30,33,10019,52629
2023-05-17 15:24:36,30,32,10019,52629
2023-05-17 15:24:42,30,33,10019,52629
2023-05-17 15:25:03,31,33,10019,52629
2023-05-17 15:25:05,32,33,10019,52629
2023-05-17 15:25:06,33,34,10039,52649
2023-05-17 15:25:06,32,34,10039,52649
2023-05-17 15:25:06,33,34,10039,52649
2023-05-17 15:25:14,32,34,10039,52649
2023-05-17 15:25:18,33,34,10039,52649
2023-05-17 15:25:48,32,33,10038,52650
2023-05-17 15:25:48,32,34,10038,52650
2023-05-17 15:25:48,32,33,10038,52650
2023-05-17 15:25:50,30,32,10018,52670
2023-05-17 15:25:52,30,31,10018,52670
2023-05-17 15:25:57,25,30,9977,52711
2023-05-17 15:25:57,25,31,9977,52711
2023-05-17 15:25:58,25,29,9977,52711
2023-05-17 15:26:03,25,30,9977,52711
2023-05-17 15:26:06,25,29,9977,52711
2023-05-17 15:26:08,25,30,9977,52711
2023-05-17 15:26:13,25,29,9977,52711
2023-05-17 15:26:17,25,30,9977,52711
2023-05-17 15:26:29,26,30,9977,52711
2023-05-17 15:26:36,27,30,9977,52711
2023-05-17 15:26:38,28,30,9977,52711
2023-05-17 15:26:47,27,30,9977,52711
2023-05-17 15:26:55,28,30,9977,52711
2023-05-17 15:27:02,29,30,9977,52711
2023-05-17 15:27:02,30,32,9997,52731
2023-05-17 15:27:02,29,32,9997,52731
2023-05-17 15:27:05,30,32,9997,52731
2023-05-17 15:27:08,31,32,9997,52731
2023-05-17 15:27:08,32,35,10017,52751
2023-05-17 15:27:08,31,35,10017,52751
2023-05-17 15:27:08,31,34,10017,52751
2023-05-17 15:27:09,32,34,10017,52751
2023-05-17 15:27:10,31,34,10017,52751
2023-05-17 15:27:11,31,36,10017,52751
2023-05-17 15:27:11,31,35,10017,52751
2023-05-17 15:27:12,32,35,10017,52751
2023-05-17 15:27:12,32,34,10017,52751
2023-05-17 15:27:19,31,34,10017,52751
2023-05-17 15:27:29,32,34,10017,52751
2023-05-17 15:27:30,32,37,10057,52845
2023-05-17 15:27:36,32,36,10057,52845
2023-05-17 15:27:43,32,35,10057,52845
2023-05-17 15:27:52,33,35,10057,52845
2023-05-17 15:27:53,33,34,10057,52845
2023-05-17 15:27:55,33,35,10057,52845
2023-05-17 15:28:03,33,34,10057,52845
2023-05-17 15:28:05,33,35,10057,52845
2023-05-17 15:28:09,33,36,10057,52845
2023-05-17 15:28:10,33,35,10057,52845
2023-05-17 15:28:11,33,36,10057,52845
2023-05-17 15:28:16,33,37,10057,52845
2023-05-17 15:28:16,33,36,10057,52845
2023-05-17 15:28:27,33,37,10057,52845
2023-05-17 15:28:28,34,37,10057,52845
2023-05-17 15:28:30,33,37,10057,52845
2023-05-17 15:28:33,34,37,10057,52845
2023-05-17 15:28:37,33,37,10057,52845
2023-05-17 15:28:43,34,37,10057,52845
2023-05-17 15:28:49,33,37,10057,52845
2023-05-17 15:28:53,33,36,10057,52845
2023-05-17 15:28:57,33,37,10057,52845
2023-05-17 15:29:02,34,37,10057,52845
2023-05-17 15:29:25,34,36,10057,52845
2023-05-17 15:29:37,34,37,10057,52845
2023-05-17 15:29:39,34,36,10057,52845
2023-05-17 15:29:47,34,35,10057,52845
2023-05-17 15:29:47,34,35,10057,52861
2023-05-17 15:29:48,33,35,10057,52866
2023-05-17 15:29:48,33,34,10057,52866
2023-05-17 15:29:49,33,34,10057,52870
2023-05-17 15:29:50,29,33,10020,52907
2023-05-17 15:29:50,29,34,10020,52907
2023-05-17 15:29:51,29,33,10020,52907
2023-05-17 15:30:01,29,32,10020,52907
2023-05-17 15:30:04,29,33,10020,52907
2023-05-17 15:30:07,29,32,10020,52907
2023-05-17 15:30:13,29,31,10020,52907
2023-05-17 15:30:15,29,32,10020,52907
2023-05-17 15:30:19,29,31,10020,52907
2023-05-17 15:30:23,29,30,10020,52907
2023-05-17 15:30:23,28,30,10020,52907
2023-05-17 15:30:27,28,31,10020,52907
2023-05-17 15:30:30,28,30,10020,52907
2023-05-17 15:30:32,28,31,10020,52907
2023-05-17 15:30:34,28,30,10020,52907
2023-05-17 15:30:39,28,29,10020,52907
2023-05-17 15:30:42,27,29,9885,53107
2023-05-17 15:30:45,27,29,9900,53123
2023-05-17 15:30:46,27,29,9909,53132
2023-05-17 15:30:46,27,29,9925,53148
2023-05-17 15:30:46,27,28,9925,53148
2023-05-17 15:30:46,27,28,9941,53164
2023-05-17 15:30:46,27,28,9966,53189
2023-05-17 15:30:46,27,28,9982,53205
2023-05-17 15:30:46,27,28,9997,53220
2023-05-17 15:30:49,23,27,9997,53308
2023-05-17 15:30:49,23,28,9997,53308
2023-05-17 15:30:49,23,26,9997,53308
2023-05-17 15:30:53,23,25,9997,53308
2023-05-17 15:30:53,21,25,9997,53308
2023-05-17 15:30:56,21,24,9997,53308
2023-05-17 15:30:59,21,23,9997,53308
2023-05-17 15:31:05,21,24,9997,53308
2023-05-17 15:31:12,21,25,9997,53308
2023-05-17 15:31:15,21,26,9997,53308
2023-05-17 15:31:18,21,25,9997,53308
2023-05-17 15:31:23,21,24,9997,53308
2023-05-17 15:31:50,21,23,9997,53308
2023-05-17 15:31:55,21,22,9997,53308
2023-05-17 15:31:59,21,22,10013,53324
2023-05-17 15:32:06,20,22,10013,53324
2023-05-17 15:32:24,20,22,10025,53336
2023-05-17 15:32:34,19,22,10025,53336
2023-05-17 15:32:43,20,22,10025,53336
2023-05-17 15:32:46,22,23,10025,53352
2023-05-17 15:32:46,20,23,10025,53352
2023-05-17 15:32:56,22,23,10025,53352
2023-05-17 15:32:57,22,23,10025,53552
2023-05-17 15:32:58,23,25,10025,53620
2023-05-17 15:32:58,22,25,10025,53620
2023-05-17 15:32:58,22,24,10025,53620
2023-05-17 15:32:58,22,25,10025,53620
2023-05-17 15:32:58,23,25,10025,53620
2023-05-17 15:33:00,24,25,10025,53620
2023-05-17 15:33:00,24,28,10025,53620
2023-05-17 15:33:02,24,29,10025,53620
2023-05-17 15:33:03,25,29,10025,53620
2023-05-17 15:33:04,25,30,10025,53620
2023-05-17 15:33:04,26,30,10025,53620
2023-05-17 15:33:04,26,29,10025,53620
2023-05-17 15:33:20,27,29,10025,53620
2023-05-17 15:33:21,28,29,10025,53620
2023-05-17 15:33:29,29,31,10036,53640
2023-05-17 15:33:29,28,31,10036,53640
2023-05-17 15:33:35,29,31,10036,53640
2023-05-17 15:33:36,30,31,10036,53640
2023-05-17 15:33:39,31,34,10056,53660
2023-05-17 15:33:39,30,34,10056,53660
2023-05-17 15:33:39,30,33,10056,53660
2023-05-17 15:33:45,31,33,10056,53660
2023-05-17 15:33:46,32,33,10056,53660
2023-05-17 15:33:49,33,34,10076,53680
2023-05-17 15:33:49,32,34,10076,53680
2023-05-17 15:34:24,31,34,10076,53680
2023-05-17 15:34:51,30,34,10076,53680
2023-05-17 15:35:00,31,34,10076,53680
2023-05-17 15:35:09,32,34,10076,53680
2023-05-17 15:35:13,33,34,10076,53680
2023-05-17 15:35:22,34,35,10096,53700
2023-05-17 15:35:22,33,35,10096,53700
2023-05-17 15:35:22,34,35,10096,53700
2023-05-17 15:35:26,33,35,10096,53700
2023-05-17 15:35:29,34,35,10096,53700
2023-05-17 15:35:30,33,35,10096,53700
2023-05-17 15:35:34,32,35,10096,53700
2023-05-17 15:35:34,33,35,10096,53700
2023-05-17 15:35:39,34,35,10096,53700
2023-05-17 15:35:45,35,37,10116,53720
2023-05-17 15:35:45,34,37,10116,53720
2023-05-17 15:35:45,35,37,10116,53720
2023-05-17 15:35:45,34,37,10116,53720
2023-05-17 15:35:46,33,37,10116,53720
2023-05-17 15:35:47,33,36,10116,53720
2023-05-17 15:35:48,33,35,10116,53720
2023-05-17 15:35:50,31,35,10116,53720
2023-05-17 15:35:51,31,34,10116,53720
2023-05-17 15:35:56,31,33,10116,53720
2023-05-17 15:35:58,31,33,10126,53730
2023-05-17 15:35:59,31,32,10126,53730
2023-05-17 15:35:59,31,32,10126,53746
2023-05-17 15:36:01,29,31,10081,53791
2023-05-17 15:36:01,25,31,10081,53791
2023-05-17 15:36:01,27,31,10081,53791
2023-05-17 15:36:02,27,30,10081,53791
2023-05-17 15:36:05,25,30,10081,53791
2023-05-17 15:36:05,25,29,10081,53791
2023-05-17 15:36:05,25,28,10081,53791
2023-05-17 15:36:05,26,28,10081,53791
2023-05-17 15:36:18,26,29,10081,53791
2023-05-17 15:36:18,27,29,10081,53791
2023-05-17 15:36:19,29,30,10097,53852
2023-05-17 15:36:19,29,34,10097,53852
2023-05-17 15:36:19,29,34,10101,53856
2023-05-17 15:36:20,33,34,10101,53856
2023-05-17 15:36:20,33,36,10101,53856
2023-05-17 15:36:20,33,38,10101,53856
2023-05-17 15:36:20,33,39,10101,53856
2023-05-17 15:36:20,33,40,10101,53856
2023-05-17 15:36:20,33,38,10101,53856
2023-05-17 15:36:21,33,40,10101,53856
2023-05-17 15:36:24,33,41,10101,53856
2023-05-17 15:36:24,33,40,10101,53856
2023-05-17 15:36:24,35,40,10101,53856
2023-05-17 15:36:25,35,41,10101,53856
2023-05-17 15:36:26,35,40,10101,53856
2023-05-17 15:36:30,36,40,10101,53856
2023-05-17 15:36:30,35,40,10101,53856
2023-05-17 15:36:30,36,40,10101,53856
2023-05-17 15:36:30,37,40,10101,53856
2023-05-17 15:36:30,38,40,10101,53856
2023-05-17 15:36:31,39,40,10101,53856
2023-05-17 15:36:31,37,40,10101,53856
2023-05-17 15:36:31,38,40,10101,53856
2023-05-17 15:36:31,37,40,10101,53856
2023-05-17 15:36:32,39,40,10101,53856
2023-05-17 15:36:33,36,40,10101,53856
2023-05-17 15:36:33,38,40,10101,53856
2023-05-17 15:36:39,36,40,10091,53866
2023-05-17 15:36:41,35,40,10091,53866
2023-05-17 15:36:45,36,40,10091,53866
2023-05-17 15:36:49,36,39,10091,53866
2023-05-17 15:36:51,35,39,10091,53866
2023-05-17 15:36:54,34,39,10091,53866
2023-05-17 15:36:56,35,39,10091,53866
2023-05-17 15:37:01,34,39,10091,53866
2023-05-17 15:37:02,34,38,10091,53866
2023-05-17 15:37:02,33,38,10091,53866
2023-05-17 15:37:05,33,37,10091,53866
2023-05-17 15:37:05,31,37,10091,53866
2023-05-17 15:37:05,31,36,10091,53866
2023-05-17 15:37:08,31,35,10091,53866
2023-05-17 15:37:08,30,35,10091,53866
2023-05-17 15:37:10,30,36,10091,53866
2023-05-17 15:37:12,30,35,10091,53866
2023-05-17 15:37:14,31,35,10091,53866
2023-05-17 15:37:15,30,36,10091,53866
2023-05-17 15:37:19,31,36,10091,53866
2023-05-17 15:37:23,32,36,10091,53866
2023-05-17 15:37:33,33,36,10091,53866
2023-05-17 15:37:35,34,36,10091,53866
2023-05-17 15:37:51,35,36,10091,53866
2023-05-17 15:37:53,34,36,10091,53866
2023-05-17 15:37:54,35,36,10091,53866
2023-05-17 15:38:03,36,38,10111,53886
2023-05-17 15:38:03,35,38,10111,53886
2023-05-17 15:38:03,36,38,10111,53886
2023-05-17 15:38:07,35,38,10111,53886
2023-05-17 15:38:10,36,38,10111,53886
2023-05-17 15:38:24,37,38,10111,53886
2023-05-17 15:38:29,36,38,10111,53886
2023-05-17 15:38:38,36,39,10136,53911
2023-05-17 15:38:38,37,39,10136,53911
2023-05-17 15:38:49,37,38,10136,53911
2023-05-17 15:38:50,36,38,10135,53912
2023-05-17 15:38:52,37,38,10135,53912
2023-05-17 15:38:52,36,37,10059,54053
2023-05-17 15:38:52,36,38,10059,54053
2023-05-17 15:38:55,34,38,10059,54053
2023-05-17 15:38:58,34,37,10059,54053
2023-05-17 15:39:00,34,36,10059,54053
2023-05-17 15:39:07,34,37,10059,54053
2023-05-17 15:39:07,34,36,10059,54053
2023-05-17 15:39:10,31,34,10058,54074
2023-05-17 15:39:10,31,36,10058,54074
2023-05-17 15:39:11,31,35,10058,54074
2023-05-17 15:39:13,29,35,10058,54074
2023-05-17 15:39:15,29,33,10058,54074
2023-05-17 15:39:18,29,32,10058,54074
2023-05-17 15:39:25,29,32,10058,54076
2023-05-17 15:39:30,27,32,10058,54076
2023-05-17 15:39:34,27,31,10058,54076
2023-05-17 15:39:35,27,30,10058,54076
2023-05-17 15:39:36,27,29,10058,54076
2023-05-17 15:39:38,27,30,10058,54076
2023-05-17 15:39:41,27,31,10058,54076
2023-05-17 15:40:03,29,31,10058,54076
2023-05-17 15:40:03,30,31,10058,54076
2023-05-17 15:40:04,31,32,10058,54078
2023-05-17 15:40:04,30,32,10058,54078
2023-05-17 15:40:04,31,32,10058,54078
2023-05-17 15:40:08,32,36,10058,54140
2023-05-17 15:40:08,31,36,10058,54140
2023-05-17 15:40:08,31,35,10058,54140
2023-05-17 15:40:08,32,35,10058,54140
2023-05-17 15:40:08,32,36,10058,54140
2023-05-17 15:40:11,31,36,10058,54140
2023-05-17 15:40:21,31,35,10058,54140
2023-05-17 15:40:26,31,34,10058,54140
2023-05-17 15:40:32,31,35,10058,54140
2023-05-17 15:40:33,30,35,10058,54162
2023-05-17 15:40:34,30,36,10058,54162
2023-05-17 15:40:34,31,36,10058,54162
2023-05-17 15:40:35,30,36,10058,54162
2023-05-17 15:40:39,30,34,10058,54162
2023-05-17 15:40:41,28,34,10058,54162
2023-05-17 15:40:43,29,34,10058,54162
2023-05-17 15:40:46,28,34,10058,54162
2023-05-17 15:40:46,28,33,10058,54162
2023-05-17 15:40:47,28,32,10058,54162
2023-05-17 15:40:52,28,31,10058,54162
2023-05-17 15:40:53,28,32,10058,54162
2023-05-17 15:40:57,28,31,10058,54162
2023-05-17 15:41:04,28,30,10058,54162
2023-05-17 15:41:07,28,29,10058,54162
2023-05-17 15:41:09,23,28,10057,54163
2023-05-17 15:41:09,23,29,10057,54163
2023-05-17 15:41:09,23,28,10057,54163
2023-05-17 15:41:11,22,28,10057,54163
2023-05-17 15:41:13,22,27,10057,54163
2023-05-17 15:41:14,22,26,10057,54163
2023-05-17 15:41:21,22,27,10057,54163
2023-05-17 15:41:30,22,26,10057,54163
2023-05-17 15:41:34,22,25,10057,54163
2023-05-17 15:41:46,22,23,10057,54163
2023-05-17 15:41:47,21,22,10057,54183
2023-05-17 15:41:47,21,23,10057,54183
2023-05-17 15:41:47,21,22,10057,54183
2023-05-17 15:41:49,20,21,10056,54204
2023-05-17 15:41:49,20,22,10056,54204
2023-05-17 15:41:50,20,21,10056,54204
2023-05-17 15:41:54,16,20,10055,54205
2023-05-17 15:41:54,16,21,10055,54205
2023-05-17 15:41:54,16,20,10055,54205
2023-05-17 15:41:57,16,19,10055,54205
2023-05-17 15:42:04,16,18,10055,54205
2023-05-17 15:42:06,16,17,10055,54205
2023-05-17 15:42:06,12,16,10055,54348
2023-05-17 15:42:06,12,17,10055,54348
2023-05-17 15:42:06,12,16,10055,54348
2023-05-17 15:42:13,12,15,10055,54348
2023-05-17 15:42:14,12,16,10055,54348
2023-05-17 15:42:22,12,17,10055,54348
2023-05-17 15:42:23,13,17,10055,54348
2023-05-17 15:42:31,13,17,10055,54348
2023-05-17 15:42:31,12,17,10055,54348
2023-05-17 15:42:36,12,16,10055,54348
2023-05-17 15:42:36,12,15,10055,54348
2023-05-17 15:42:43,12,14,10055,54348
2023-05-17 15:42:43,12,13,10055,54348
2023-05-17 15:42:45,15,16,10093,54386
2023-05-17 15:42:45,15,16,10106,54399
2023-05-17 15:42:45,13,15,10255,54548
2023-05-17 15:42:45,12,15,10455,54748
2023-05-17 15:42:45,13,15,10455,54748
2023-05-17 15:42:45,12,15,10455,54748
2023-05-17 15:42:47,15,17,10617,54910
2023-05-17 15:42:47,12,17,10617,54910
2023-05-17 15:42:50,14,17,10617,54910
2023-05-17 15:42:50,15,17,10617,54910
2023-05-17 15:42:50,16,17,10617,54910
2023-05-17 15:42:51,15,17,10617,54910
2023-05-17 15:42:51,15,17,10617,54910
2023-05-17 15:42:54,16,17,10617,54910
2023-05-17 15:42:55,15,17,10617,54910
2023-05-17 15:42:55,17,18,10597,54930
2023-05-17 15:42:56,15,18,10597,54930
2023-05-17 15:42:56,16,18,10597,54930
2023-05-17 15:42:56,15,18,10597,54930
2023-05-17 15:42:56,17,18,10597,54930
2023-05-17 15:43:21,15,17,10597,54950
2023-05-17 15:43:22,15,16,10597,54950
2023-05-17 15:43:23,13,16,10597,54950
2023-05-17 15:43:23,14,16,10597,54950
2023-05-17 15:43:28,14,15,10597,54950
2023-05-17 15:43:41,13,15,10617,54970
2023-05-17 15:43:41,13,14,10617,54970
2023-05-17 15:43:44,11,14,10617,54970
2023-05-17 15:43:46,11,13,10617,54970
2023-05-17 15:43:50,11,12,10617,54970
2023-05-17 15:44:11,11,13,10617,54970
2023-05-17 15:44:12,11,12,10617,54970
2023-05-17 15:44:14,11,13,10617,54970
2023-05-17 15:44:17,11,14,10617,54970
2023-05-17 15:44:25,12,14,10617,54970
2023-05-17 15:44:26,12,15,10617,54970
2023-05-17 15:44:28,11,15,10617,54970
2023-05-17 15:44:28,13,15,10617,54970
2023-05-17 15:44:40,13,14,10617,54970
2023-05-17 15:44:42,13,15,10617,54970
2023-05-17 15:44:51,13,14,10617,54970
2023-05-17 15:45:01,13,15,10617,54970
2023-05-17 15:45:02,14,15,10617,54970
2023-05-17 15:45:03,13,15,10617,54970
2023-05-17 15:45:06,13,14,10617,54970
2023-05-17 15:45:10,12,14,10617,54970
2023-05-17 15:45:11,12,13,10617,54970
2023-05-17 15:45:14,12,14,10617,54970
2023-05-17 15:45:16,12,15,10617,54970
2023-05-17 15:45:23,12,14,10617,54970
2023-05-17 15:45:27,11,14,10637,54990
2023-05-17 15:45:27,11,13,10637,54990
2023-05-17 15:45:28,11,12,10637,54990
2023-05-17 15:45:30,8,12,10657,55010
2023-05-17 15:45:32,8,10,10657,55010
2023-05-17 15:45:40,8,12,10707,55110
2023-05-17 15:45:41,8,10,10707,55110
2023-05-17 15:45:48,8,9,10707,55110
2023-05-17 15:45:48,8,9,10707,55120
2023-05-17 15:45:49,9,10,10732,55145
2023-05-17 15:45:49,8,10,10732,55145
2023-05-17 15:45:49,8,9,10732,55145
2023-05-17 15:45:52,6,9,10732,55145
2023-05-17 15:45:54,6,8,10732,55145
2023-05-17 15:46:00,6,7,10732,55145
2023-05-17 15:46:02,6,8,10732,55145
2023-05-17 15:46:05,6,8,10737,55150
2023-05-17 15:46:08,4,8,10737,55150
2023-05-17 15:46:12,4,7,10737,55150
2023-05-17 15:46:15,4,6,10737,55150
2023-05-17 15:46:19,6,7,10762,55175
2023-05-17 15:46:19,4,7,10762,55175
2023-05-17 15:46:36,4,8,10812,55275
2023-05-17 15:46:37,4,7,10812,55275
2023-05-17 15:47:07,4,6,10812,55275
