datetime,bid,ask,open_interest,volume
2023-04-03 09:31:03,39,43,1415,3801
2023-04-03 09:31:03,41,42,1415,3801
2023-04-03 09:31:03,41,42,1465,3851
2023-04-03 09:31:04,41,42,1515,3901
2023-04-03 09:31:04,41,43,1515,3901
2023-04-03 09:31:09,41,43,1565,3951
2023-04-03 09:31:10,41,42,1615,4001
2023-04-03 09:31:11,41,42,1621,4007
2023-04-03 09:31:11,41,42,1626,4012
2023-04-03 09:31:11,41,43,1626,4012
2023-04-03 09:31:11,41,42,1626,4012
2023-04-03 09:31:12,41,42,1676,4062
2023-04-03 09:31:13,41,42,1700,4086
2023-04-03 09:31:13,41,43,1700,4086
2023-04-03 09:31:14,41,42,1700,4086
2023-04-03 09:31:14,39,42,1700,4086
2023-04-03 09:31:14,39,41,1700,4086
2023-04-03 09:31:14,39,41,1705,4091
2023-04-03 09:31:33,37,41,1705,4091
2023-04-03 09:31:35,38,41,1705,4091
2023-04-03 09:31:37,37,41,1705,4091
2023-04-03 09:31:40,38,41,1705,4091
2023-04-03 09:31:45,37,41,1705,4091
2023-04-03 09:31:46,38,41,1705,4091
2023-04-03 09:31:48,37,41,1705,4091
2023-04-03 09:31:49,38,41,1705,4091
2023-04-03 09:31:52,37,41,1705,4091
2023-04-03 09:31:52,37,40,1705,4091
2023-04-03 09:31:54,37,41,1705,4091
2023-04-03 09:31:55,38,41,1705,4091
2023-04-03 09:31:56,37,41,1705,4091
2023-04-03 09:31:59,37,40,1705,4091
2023-04-03 09:32:03,37,41,1705,4091
2023-04-03 09:32:04,38,41,1705,4091
2023-04-03 09:32:14,39,41,1705,4091
2023-04-03 09:32:31,37,41,1705,4091
2023-04-03 09:32:33,38,41,1705,4091
2023-04-03 09:32:38,39,41,1705,4091
2023-04-03 09:32:53,39,41,1750,4136
2023-04-03 09:32:53,39,40,1750,4136
2023-04-03 09:33:07,39,41,1750,4136
2023-04-03 09:33:08,38,41,1750,4136
2023-04-03 09:33:25,38,40,1750,4136
2023-04-03 09:33:29,38,39,1750,4136
2023-04-03 09:33:29,38,39,1750,4186
2023-04-03 09:33:30,36,39,1750,4196
2023-04-03 09:33:30,36,38,1750,4196
2023-04-03 09:33:34,34,38,1750,4196
2023-04-03 09:33:36,35,38,1750,4196
2023-04-03 09:33:37,34,38,1750,4196
2023-04-03 09:33:51,34,37,1750,4196
2023-04-03 09:34:03,34,36,1750,4196
2023-04-03 09:34:04,34,37,1752,4199
2023-04-03 09:34:04,34,36,1752,4199
2023-04-03 09:35:01,34,35,1752,4199
2023-04-03 09:35:09,34,37,1752,4199
2023-04-03 09:35:09,34,36,1752,4199
2023-04-03 09:35:16,35,36,1752,4199
2023-04-03 09:35:18,35,36,1752,4249
2023-04-03 09:35:18,35,36,1752,4250
2023-04-03 09:35:18,35,36,1752,4251
2023-04-03 09:35:19,35,36,1752,4301
2023-04-03 09:35:20,35,36,1752,4351
2023-04-03 09:35:21,35,36,1752,4399
2023-04-03 09:35:23,35,36,1752,4449
2023-04-03 09:35:23,35,36,1752,4450
2023-04-03 09:35:23,35,36,1752,4451
2023-04-03 09:35:24,35,36,1752,4501
2023-04-03 09:35:25,35,36,1752,4551
2023-04-03 09:35:25,35,36,1752,4599
2023-04-03 09:35:29,35,36,1752,4600
2023-04-03 09:35:29,35,36,1752,4650
2023-04-03 09:35:29,35,36,1752,4651
2023-04-03 09:35:30,34,36,1752,4659
2023-04-03 09:35:34,34,35,1752,4659
2023-04-03 09:35:43,34,37,1752,4659
2023-04-03 09:35:43,33,34,1751,4660
2023-04-03 09:36:18,32,33,1750,4661
2023-04-03 09:36:23,32,35,1750,4661
2023-04-03 09:36:23,30,32,1750,4711
2023-04-03 09:36:37,30,31,1750,4711
2023-04-03 09:36:57,30,33,1750,4711
2023-04-03 09:36:57,28,30,1720,4741
2023-04-03 09:37:06,28,32,1720,4741
2023-04-03 09:37:09,28,31,1720,4741
2023-04-03 09:37:13,28,32,1720,4741
2023-04-03 09:37:27,29,32,1720,4741
2023-04-03 09:37:42,29,31,1720,4741
2023-04-03 09:37:50,30,31,1720,4741
2023-04-03 09:37:56,27,30,1720,4841
2023-04-03 09:38:54,27,29,1720,4841
2023-04-03 09:38:54,26,29,1720,4841
2023-04-03 09:39:04,27,29,1720,4841
2023-04-03 09:39:04,27,31,1720,4841
2023-04-03 09:39:09,27,30,1720,4841
2023-04-03 09:39:20,27,30,1720,4841
2023-04-03 09:39:20,27,31,1720,4841
2023-04-03 09:39:21,27,30,1720,4841
2023-04-03 09:39:23,26,31,1720,4841
2023-04-03 09:39:24,27,30,1720,4841
2023-04-03 09:39:24,26,30,1720,4841
2023-04-03 09:39:52,27,30,1720,4841
2023-04-03 09:39:54,27,29,1720,4841
2023-04-03 09:40:11,27,28,1720,4841
2023-04-03 09:40:16,27,28,1568,5041
2023-04-03 09:40:21,27,28,1568,5241
2023-04-03 09:40:27,27,28,1660,5441
2023-04-03 09:40:32,27,28,1860,5641
2023-04-03 09:40:36,27,29,1860,5641
2023-04-03 09:40:41,27,30,1860,5641
2023-04-03 09:42:26,28,30,1860,5641
2023-04-03 09:42:26,28,32,1860,5641
2023-04-03 09:42:45,27,32,1860,5641
2023-04-03 09:43:20,29,31,1860,5641
2023-04-03 09:43:20,28,31,1860,5641
2023-04-03 09:43:23,28,32,1860,5641
2023-04-03 09:43:41,28,31,1860,5641
2023-04-03 09:43:50,28,32,1860,5641
2023-04-03 09:43:50,28,30,1860,5641
2023-04-03 09:44:07,27,30,1860,5641
2023-04-03 09:44:44,28,30,1860,5641
2023-04-03 09:44:44,28,30,1870,5651
2023-04-03 09:44:44,28,32,1870,5651
2023-04-03 09:45:11,28,31,1870,5651
2023-04-03 09:45:12,27,31,1870,5651
2023-04-03 09:45:12,27,30,1870,5651
2023-04-03 09:45:32,28,30,1870,5651
2023-04-03 09:45:33,28,32,1870,5651
2023-04-03 09:45:45,28,31,1870,5651
2023-04-03 09:46:08,30,31,1870,5651
2023-04-03 09:46:14,27,30,1873,5654
2023-04-03 09:46:47,27,29,1873,5654
2023-04-03 09:46:52,27,28,1873,5654
2023-04-03 09:46:56,25,27,1873,5655
2023-04-03 09:47:06,25,26,1873,5655
2023-04-03 09:47:12,24,26,1873,5655
2023-04-03 09:47:15,24,26,1873,5665
2023-04-03 09:47:27,24,25,1873,5665
2023-04-03 09:47:28,24,25,2064,5903
2023-04-03 09:47:43,24,25,2074,5913
2023-04-03 09:47:46,24,25,2084,5923
2023-04-03 09:48:08,24,25,2094,5933
2023-04-03 09:48:21,22,25,2094,5933
2023-04-03 09:48:25,22,24,2094,5933
2023-04-03 09:48:36,22,23,2094,5933
2023-04-03 09:48:48,22,23,2104,5943
2023-04-03 09:49:20,22,23,2108,5947
2023-04-03 09:50:19,22,23,2118,5957
2023-04-03 09:50:34,22,24,2118,5957
2023-04-03 09:51:28,22,23,2118,5957
2023-04-03 09:51:52,22,24,2118,5957
2023-04-03 09:51:52,22,23,2118,5957
2023-04-03 09:52:17,22,23,2128,5967
2023-04-03 09:52:47,22,23,2131,5970
2023-04-03 09:52:53,20,21,2320,6190
2023-04-03 09:53:08,20,23,2340,6210
2023-04-03 09:53:08,20,22,2340,6210
2023-04-03 09:53:14,21,22,2340,6210
2023-04-03 09:53:19,21,22,2570,6440
2023-04-03 09:53:33,20,21,2570,6450
2023-04-03 09:53:46,20,22,2570,6450
2023-04-03 09:54:12,20,23,2570,6450
2023-04-03 09:54:21,20,22,2570,6450
2023-04-03 09:54:23,21,22,2570,6450
2023-04-03 09:54:24,21,24,2570,6450
2023-04-03 09:54:24,21,23,2570,6450
2023-04-03 09:54:47,22,23,2570,6450
2023-04-03 09:54:47,22,25,2570,6450
2023-04-03 09:54:47,22,24,2570,6450
2023-04-03 09:54:52,21,24,2570,6450
2023-04-03 09:54:54,21,24,2570,6460
2023-04-03 09:54:54,22,24,2570,6460
2023-04-03 09:55:00,22,24,2570,6470
2023-04-03 09:55:05,23,24,2570,6470
2023-04-03 09:55:07,23,24,2570,6480
2023-04-03 09:55:08,23,25,2570,6480
2023-04-03 09:55:17,23,25,2570,6490
2023-04-03 09:55:25,21,25,2570,6490
2023-04-03 09:55:26,22,25,2570,6490
2023-04-03 09:55:27,21,25,2570,6490
2023-04-03 09:55:28,22,25,2570,6490
2023-04-03 09:55:46,23,25,2570,6490
2023-04-03 09:55:48,22,25,2570,6490
2023-04-03 09:56:09,21,25,2570,6490
2023-04-03 09:56:10,22,25,2570,6490
2023-04-03 09:56:11,21,25,2570,6490
2023-04-03 09:56:12,22,25,2570,6490
2023-04-03 09:56:52,23,25,2570,6490
2023-04-03 09:56:52,23,26,2570,6490
2023-04-03 09:56:55,22,26,2570,6490
2023-04-03 09:56:56,23,26,2570,6490
2023-04-03 09:57:16,24,26,2570,6490
2023-04-03 09:57:18,23,27,2570,6490
2023-04-03 09:57:53,23,26,2570,6490
2023-04-03 09:57:53,22,26,2570,6490
2023-04-03 09:57:57,24,26,2570,6490
2023-04-03 09:58:25,24,27,2570,6490
2023-04-03 09:58:25,25,27,2570,6490
2023-04-03 09:58:28,25,28,2570,6490
2023-04-03 09:58:37,25,29,2570,6490
2023-04-03 09:58:37,26,29,2570,6490
2023-04-03 09:58:41,25,29,2570,6490
2023-04-03 09:58:56,26,29,2570,6490
2023-04-03 09:59:21,27,29,2570,6490
2023-04-03 09:59:21,27,30,2570,6490
2023-04-03 09:59:23,26,30,2570,6490
2023-04-03 09:59:28,25,30,2570,6490
2023-04-03 09:59:28,25,29,2570,6490
2023-04-03 10:00:01,25,30,2570,6490
2023-04-03 10:00:01,25,27,2570,6490
2023-04-03 10:00:08,24,32,2570,6490
2023-04-03 10:00:08,25,32,2570,6490
2023-04-03 10:00:09,24,29,2570,6490
2023-04-03 10:00:14,24,32,2570,6490
2023-04-03 10:00:14,24,27,2570,6490
2023-04-03 10:00:44,24,25,2570,6490
2023-04-03 10:00:58,20,24,2570,6505
2023-04-03 10:00:59,20,23,2570,6505
2023-04-03 10:01:34,21,23,2570,6505
2023-04-03 10:01:38,22,23,2570,6505
2023-04-03 10:01:41,23,25,2570,6517
2023-04-03 10:01:42,23,27,2570,6517
2023-04-03 10:01:58,23,25,2570,6517
2023-04-03 10:01:58,21,25,2570,6517
2023-04-03 10:02:05,20,25,2570,6517
2023-04-03 10:02:05,20,23,2570,6517
2023-04-03 10:02:19,20,30,2570,6517
2023-04-03 10:02:19,20,21,2570,6517
2023-04-03 10:02:24,20,24,2570,6517
2023-04-03 10:02:48,20,21,2570,6517
2023-04-03 10:03:11,18,20,2570,6527
2023-04-03 10:03:20,18,21,2570,6527
2023-04-03 10:03:55,18,20,2570,6527
2023-04-03 10:04:00,18,19,2570,6527
2023-04-03 10:04:07,18,20,2570,6527
2023-04-03 10:04:25,19,20,2570,6527
2023-04-03 10:04:31,20,23,2570,6532
2023-04-03 10:04:34,19,23,2570,6532
2023-04-03 10:05:48,20,23,2570,6532
2023-04-03 10:05:49,19,23,2570,6532
2023-04-03 10:05:56,20,23,2570,6532
2023-04-03 10:06:02,19,23,2570,6532
2023-04-03 10:06:03,20,23,2570,6532
2023-04-03 10:06:06,19,23,2570,6532
2023-04-03 10:06:07,20,23,2570,6532
2023-04-03 10:06:10,19,23,2570,6532
2023-04-03 10:06:13,20,23,2570,6532
2023-04-03 10:06:19,21,23,2570,6532
2023-04-03 10:06:19,21,25,2570,6532
2023-04-03 10:06:20,22,25,2570,6532
2023-04-03 10:06:43,21,25,2570,6532
2023-04-03 10:06:44,22,25,2570,6532
2023-04-03 10:06:53,21,25,2570,6532
2023-04-03 10:07:01,22,25,2570,6532
2023-04-03 10:07:03,22,27,2570,6532
2023-04-03 10:07:17,22,27,2570,6532
2023-04-03 10:07:21,22,25,2570,6532
2023-04-03 10:08:08,20,25,2570,6532
2023-04-03 10:08:19,20,23,2570,6532
2023-04-03 10:08:19,19,23,2570,6532
2023-04-03 10:09:06,20,23,2570,6532
2023-04-03 10:09:08,19,23,2570,6532
2023-04-03 10:09:49,19,25,2570,6532
2023-04-03 10:09:49,19,21,2570,6532
2023-04-03 10:09:50,18,21,2570,6532
2023-04-03 10:10:01,19,21,2570,6532
2023-04-03 10:10:01,19,23,2570,6532
2023-04-03 10:10:25,20,23,2570,6532
2023-04-03 10:10:44,20,25,2570,6532
2023-04-03 10:10:48,20,25,2570,6532
2023-04-03 10:10:53,21,25,2570,6532
2023-04-03 10:10:54,20,25,2570,6532
2023-04-03 10:11:02,20,23,2570,6532
2023-04-03 10:12:04,21,23,2570,6532
2023-04-03 10:12:04,21,25,2570,6532
2023-04-03 10:12:05,20,25,2570,6532
2023-04-03 10:12:07,21,25,2570,6532
2023-04-03 10:12:09,20,25,2570,6532
2023-04-03 10:12:13,21,25,2570,6532
2023-04-03 10:12:16,20,25,2570,6532
2023-04-03 10:12:17,20,22,2570,6532
2023-04-03 10:12:25,21,22,2570,6532
2023-04-03 10:12:37,20,22,2570,6532
2023-04-03 10:13:03,22,25,2535,6567
2023-04-03 10:13:03,22,23,2535,6567
2023-04-03 10:14:03,20,23,2535,6567
2023-04-03 10:14:03,22,23,2535,6567
2023-04-03 10:14:45,20,22,2366,6747
2023-04-03 10:14:45,20,21,2366,6747
2023-04-03 10:14:52,18,21,2366,6747
2023-04-03 10:14:53,18,21,2376,6757
2023-04-03 10:14:56,18,21,2386,6767
2023-04-03 10:15:17,18,21,2396,6777
2023-04-03 10:15:29,18,20,2396,6777
2023-04-03 10:15:29,18,19,2396,6777
2023-04-03 10:15:37,18,19,2406,6787
2023-04-03 10:15:42,18,21,2406,6787
2023-04-03 10:15:42,18,20,2406,6787
2023-04-03 10:15:56,18,20,2416,6797
2023-04-03 10:15:56,18,19,2416,6797
2023-04-03 10:16:03,18,19,2426,6807
2023-04-03 10:16:16,18,19,2436,6817
2023-04-03 10:16:19,14,18,2866,7247
2023-04-03 10:16:20,14,17,2866,7247
2023-04-03 10:16:28,15,17,2866,7247
2023-04-03 10:16:28,14,17,2866,7247
2023-04-03 10:16:28,14,19,2866,7247
2023-04-03 10:16:28,14,18,2866,7247
2023-04-03 10:16:29,15,18,2866,7247
2023-04-03 10:16:29,15,19,2866,7247
2023-04-03 10:16:29,15,18,2866,7247
2023-04-03 10:17:04,16,18,2866,7247
2023-04-03 10:17:23,17,18,2866,7247
2023-04-03 10:17:28,17,21,2866,7247
2023-04-03 10:17:28,17,20,2866,7247
2023-04-03 10:17:39,16,20,2866,7247
2023-04-03 10:17:44,16,21,2866,7247
2023-04-03 10:17:44,16,20,2866,7247
2023-04-03 10:17:57,16,21,2866,7247
2023-04-03 10:17:57,16,20,2866,7247
2023-04-03 10:18:02,16,21,2866,7247
2023-04-03 10:18:02,16,20,2866,7247
2023-04-03 10:18:07,16,19,2866,7247
2023-04-03 10:18:08,16,18,2866,7247
2023-04-03 10:18:09,15,18,2866,7247
2023-04-03 10:18:13,14,18,2866,7247
2023-04-03 10:18:17,15,18,2866,7247
2023-04-03 10:18:19,14,18,2866,7247
2023-04-03 10:18:21,15,18,2866,7247
2023-04-03 10:18:27,14,18,2866,7247
2023-04-03 10:18:29,15,18,2866,7247
2023-04-03 10:18:48,14,18,2866,7247
2023-04-03 10:18:51,15,18,2866,7247
2023-04-03 10:18:52,14,18,2866,7247
2023-04-03 10:18:54,15,18,2866,7247
2023-04-03 10:18:57,14,18,2866,7247
2023-04-03 10:19:09,15,18,2866,7247
2023-04-03 10:19:10,14,18,2866,7247
2023-04-03 10:19:13,15,18,2866,7247
2023-04-03 10:19:20,14,18,2866,7247
2023-04-03 10:19:42,14,17,2866,7247
2023-04-03 10:19:43,14,16,2866,7247
2023-04-03 10:19:58,14,17,2866,7247
2023-04-03 10:21:32,15,17,2866,7247
2023-04-03 10:21:37,14,17,2866,7247
2023-04-03 10:21:39,14,19,2866,7247
2023-04-03 10:21:39,14,18,2866,7247
2023-04-03 10:21:44,14,17,2866,7247
2023-04-03 10:21:45,14,16,2866,7247
2023-04-03 10:21:46,14,15,2866,7247
2023-04-03 10:23:05,14,15,2866,7447
2023-04-03 10:23:08,14,15,2876,7457
2023-04-03 10:24:04,14,15,2886,7467
2023-04-03 10:27:09,13,14,2915,7507
2023-04-03 10:28:10,12,14,2915,7507
2023-04-03 10:28:10,12,15,2915,7507
2023-04-03 10:28:10,14,15,2915,7507
2023-04-03 10:29:09,12,15,2915,7507
2023-04-03 10:29:09,11,15,2915,7507
2023-04-03 10:29:10,13,15,2915,7507
2023-04-03 10:29:10,13,14,2915,7507
2023-04-03 10:29:42,13,14,2949,7541
2023-04-03 10:29:56,13,14,2959,7551
2023-04-03 10:31:07,13,16,2959,7551
2023-04-03 10:31:07,13,17,2959,7551
2023-04-03 10:31:08,13,16,2959,7551
2023-04-03 10:31:48,13,17,2959,7551
2023-04-03 10:31:48,13,16,2959,7551
2023-04-03 10:32:07,12,16,2959,7551
2023-04-03 10:32:58,12,16,2965,7557
2023-04-03 10:33:09,12,15,2965,7557
2023-04-03 10:33:13,11,15,2965,7557
2023-04-03 10:33:37,12,15,2965,7557
2023-04-03 10:34:14,13,15,2965,7557
2023-04-03 10:34:14,13,17,2965,7557
2023-04-03 10:34:14,13,16,2965,7557
2023-04-03 10:34:15,12,16,2965,7557
2023-04-03 10:35:08,13,16,2965,7557
2023-04-03 10:35:08,15,16,2965,7557
2023-04-03 10:36:08,13,16,2965,7557
2023-04-03 10:36:08,16,17,2965,7567
2023-04-03 10:37:08,14,17,2965,7567
2023-04-03 10:37:09,16,17,2965,7567
2023-04-03 10:37:57,16,17,2965,7763
2023-04-03 10:37:59,15,17,2965,7763
2023-04-03 10:37:59,15,21,2965,7763
2023-04-03 10:37:59,16,21,2965,7763
2023-04-03 10:38:03,17,21,2965,7763
2023-04-03 10:38:34,17,23,2965,7763
2023-04-03 10:38:46,18,23,2965,7763
2023-04-03 10:38:46,19,23,2965,7763
2023-04-03 10:38:46,21,23,2965,7763
2023-04-03 10:39:47,19,23,2965,7763
2023-04-03 10:39:48,21,23,2965,7763
2023-04-03 10:40:37,21,23,2968,7766
2023-04-03 10:40:46,20,23,2968,7766
2023-04-03 10:40:46,21,23,2968,7766
2023-04-03 10:41:42,21,25,2968,7766
2023-04-03 10:42:49,23,25,2968,7766
2023-04-03 10:43:48,20,25,2968,7766
2023-04-03 10:43:49,20,24,2968,7766
2023-04-03 10:44:15,20,23,2968,7766
2023-04-03 10:44:49,21,23,2968,7766
2023-04-03 10:44:49,21,24,2968,7766
2023-04-03 10:44:50,21,25,2968,7766
2023-04-03 10:44:50,21,24,2968,7766
2023-04-03 10:45:16,20,24,2968,7766
2023-04-03 10:45:22,21,24,2968,7766
2023-04-03 10:45:24,20,24,2968,7766
2023-04-03 10:45:27,21,24,2968,7766
2023-04-03 10:45:27,20,24,2968,7766
2023-04-03 10:45:29,21,24,2968,7766
2023-04-03 10:45:46,22,24,2968,7766
2023-04-03 10:45:48,21,24,2968,7766
2023-04-03 10:45:49,22,24,2968,7766
2023-04-03 10:45:51,22,25,2968,7766
2023-04-03 10:46:00,21,25,2968,7766
2023-04-03 10:46:04,22,25,2968,7766
2023-04-03 10:46:06,21,25,2968,7766
2023-04-03 10:46:08,22,25,2968,7766
2023-04-03 10:46:20,21,25,2968,7766
2023-04-03 10:46:20,22,25,2968,7766
2023-04-03 10:46:24,21,25,2968,7766
2023-04-03 10:46:26,22,25,2968,7766
2023-04-03 10:46:37,23,25,2968,7766
2023-04-03 10:46:46,24,25,2968,7766
2023-04-03 10:46:50,24,27,2968,7766
2023-04-03 10:46:50,24,26,2968,7766
2023-04-03 10:47:01,24,25,2968,7766
2023-04-03 10:47:12,23,25,2968,7766
2023-04-03 10:47:13,24,25,2968,7766
2023-04-03 10:47:23,25,26,2968,7767
2023-04-03 10:47:41,25,26,2968,7769
2023-04-03 10:47:51,25,28,2968,7769
2023-04-03 10:47:51,25,29,2968,7769
2023-04-03 10:47:51,25,27,2968,7769
2023-04-03 10:47:51,25,28,2968,7769
2023-04-03 10:48:14,26,28,2968,7769
2023-04-03 10:48:15,27,28,2968,7769
2023-04-03 10:48:16,25,28,2968,7769
2023-04-03 10:48:16,28,29,2968,7969
2023-04-03 10:48:18,29,30,2974,7975
2023-04-03 10:48:18,29,30,2980,7981
2023-04-03 10:48:18,29,30,3030,8031
2023-04-03 10:48:19,29,30,3080,8081
2023-04-03 10:48:19,29,30,3130,8131
2023-04-03 10:48:20,29,31,3130,8131
2023-04-03 10:48:20,28,31,3168,8169
2023-04-03 10:48:43,27,31,3168,8169
2023-04-03 10:48:43,27,30,3168,8169
2023-04-03 10:48:49,27,29,3168,8169
2023-04-03 10:48:55,26,29,3168,8169
2023-04-03 10:48:57,26,30,3168,8169
2023-04-03 10:49:02,26,29,3168,8169
2023-04-03 10:49:04,26,30,3168,8169
2023-04-03 10:49:17,28,30,3168,8169
2023-04-03 10:49:20,26,30,3168,8169
2023-04-03 10:49:24,28,30,3168,8169
2023-04-03 10:49:24,28,32,3168,8169
2023-04-03 10:49:24,26,32,3168,8169
2023-04-03 10:49:24,27,32,3168,8169
2023-04-03 10:49:24,29,32,3168,8169
2023-04-03 10:49:30,27,32,3168,8169
2023-04-03 10:49:30,28,32,3168,8169
2023-04-03 10:49:56,30,32,3168,8169
2023-04-03 10:50:02,30,33,3168,8169
2023-04-03 10:50:06,30,32,3168,8169
2023-04-03 10:50:33,30,31,3168,8169
2023-04-03 10:50:38,28,31,3168,8169
2023-04-03 10:50:56,28,33,3168,8169
2023-04-03 10:50:56,29,33,3168,8169
2023-04-03 10:51:08,31,33,3168,8169
2023-04-03 10:51:08,31,34,3168,8169
2023-04-03 10:51:14,32,34,3168,8169
2023-04-03 10:51:14,32,34,3168,8218
2023-04-03 10:51:17,32,35,3168,8218
2023-04-03 10:51:26,33,35,3168,8218
2023-04-03 10:51:38,33,38,3168,8218
2023-04-03 10:51:38,34,38,3168,8218
2023-04-03 10:51:44,33,38,3168,8218
2023-04-03 10:52:03,36,38,3168,8218
2023-04-03 10:52:22,35,38,3168,8218
2023-04-03 10:52:36,37,38,3144,8242
2023-04-03 10:52:42,35,38,3144,8242
2023-04-03 10:52:48,35,37,3144,8242
2023-04-03 10:52:59,35,38,3144,8242
2023-04-03 10:53:15,36,38,3144,8242
2023-04-03 10:54:01,35,38,3144,8242
2023-04-03 10:54:20,34,38,3144,8242
2023-04-03 10:54:20,35,38,3144,8242
2023-04-03 10:54:34,36,38,3144,8242
2023-04-03 10:55:02,35,38,3144,8242
2023-04-03 10:55:20,37,38,3144,8242
2023-04-03 10:55:29,35,38,2944,8442
2023-04-03 10:55:33,35,37,2944,8442
2023-04-03 10:55:34,35,38,2944,8442
2023-04-03 10:55:36,35,37,2944,8442
2023-04-03 10:55:55,35,38,2944,8442
2023-04-03 10:56:22,34,38,2944,8442
2023-04-03 10:56:22,36,38,2944,8442
2023-04-03 10:56:22,36,37,2944,8442
2023-04-03 10:57:23,35,37,2944,8442
2023-04-03 10:57:23,35,38,2944,8442
2023-04-03 10:57:23,36,38,2944,8442
2023-04-03 10:57:23,36,37,2944,8442
2023-04-03 10:58:22,35,37,2944,8442
2023-04-03 10:58:22,34,37,2944,8442
2023-04-03 10:58:22,36,37,2944,8442
2023-04-03 10:58:36,36,38,2944,8612
2023-04-03 10:58:36,36,40,2944,8612
2023-04-03 10:58:36,36,39,2944,8612
2023-04-03 10:58:37,39,40,2944,8618
2023-04-03 10:58:37,39,40,2857,8818
2023-04-03 10:58:42,39,40,2944,9018
2023-04-03 10:58:44,39,41,2944,9018
2023-04-03 10:59:29,37,41,2944,9018
2023-04-03 10:59:40,38,41,2944,9018
2023-04-03 10:59:47,39,41,2944,9018
2023-04-03 10:59:56,38,41,2944,9018
2023-04-03 10:59:56,40,41,2944,9018
2023-04-03 11:00:06,38,41,2944,9018
2023-04-03 11:00:15,39,41,2944,9018
2023-04-03 11:00:19,38,41,2944,9018
2023-04-03 11:01:20,39,41,2944,9018
2023-04-03 11:01:22,38,41,2944,9018
2023-04-03 11:01:24,39,41,2944,9018
2023-04-03 11:02:16,39,41,2947,9021
2023-04-03 11:02:45,38,41,2947,9021
2023-04-03 11:02:45,38,41,2947,9181
2023-04-03 11:02:59,38,41,2941,9187
2023-04-03 11:03:12,39,41,2941,9187
2023-04-03 11:03:23,40,41,2941,9187
2023-04-03 11:03:45,40,41,2941,9227
2023-04-03 11:04:18,40,41,3141,9427
2023-04-03 11:04:18,39,41,3141,9427
2023-04-03 11:04:18,41,43,3343,9874
2023-04-03 11:04:34,39,43,3343,9874
2023-04-03 11:04:45,40,43,3343,9874
2023-04-03 11:04:45,40,41,3343,9874
2023-04-03 11:05:05,41,44,3423,9954
2023-04-03 11:05:05,41,43,3423,9954
2023-04-03 11:05:16,40,43,3423,9954
2023-04-03 11:05:46,39,43,3423,9954
2023-04-03 11:05:46,41,43,3423,9954
2023-04-03 11:05:47,39,41,3383,9994
2023-04-03 11:05:52,39,42,3383,9994
2023-04-03 11:06:01,40,42,3383,9994
2023-04-03 11:06:03,39,42,3383,9994
2023-04-03 11:06:07,40,42,3383,9994
2023-04-03 11:06:12,42,43,3389,10000
2023-04-03 11:06:12,42,44,3395,10006
2023-04-03 11:06:12,42,43,3395,10006
2023-04-03 11:06:13,42,44,3395,10006
2023-04-03 11:06:13,43,44,3395,10006
2023-04-03 11:06:36,41,44,3395,10006
2023-04-03 11:06:37,42,44,3395,10006
2023-04-03 11:06:44,43,44,3395,10006
2023-04-03 11:06:55,44,46,3410,10021
2023-04-03 11:06:55,44,47,3410,10021
2023-04-03 11:06:55,44,46,3410,10021
2023-04-03 11:07:06,44,47,3410,10021
2023-04-03 11:07:20,44,46,3410,10021
2023-04-03 11:07:21,44,47,3410,10021
2023-04-03 11:07:38,44,48,3410,10021
2023-04-03 11:07:38,45,48,3410,10021
2023-04-03 11:07:38,45,47,3410,10021
2023-04-03 11:07:43,45,48,3416,10027
2023-04-03 11:07:43,45,47,3416,10027
2023-04-03 11:07:59,45,46,3416,10027
2023-04-03 11:08:08,44,46,3416,10027
2023-04-03 11:08:18,45,46,3416,10027
2023-04-03 11:08:23,46,48,3616,10227
2023-04-03 11:08:23,46,48,3616,10227
2023-04-03 11:09:03,44,48,3616,10227
2023-04-03 11:09:03,47,48,3616,10227
2023-04-03 11:09:09,45,48,3616,10227
2023-04-03 11:09:10,46,48,3616,10227
2023-04-03 11:09:14,45,48,3616,10227
2023-04-03 11:09:21,45,47,3616,10227
2023-04-03 11:09:31,46,47,3616,10227
2023-04-03 11:09:34,45,47,3616,10227
2023-04-03 11:09:35,46,47,3616,10227
2023-04-03 11:09:45,46,47,3621,10232
2023-04-03 11:09:46,45,47,3621,10232
2023-04-03 11:09:48,46,47,3621,10232
2023-04-03 11:09:53,45,47,3621,10232
2023-04-03 11:10:08,46,47,3621,10232
2023-04-03 11:10:10,45,47,3621,10232
2023-04-03 11:10:14,46,47,3621,10232
2023-04-03 11:10:15,46,48,3621,10232
2023-04-03 11:10:19,47,48,3621,10232
2023-04-03 11:10:26,45,48,3421,10432
2023-04-03 11:10:34,46,48,3421,10432
2023-04-03 11:10:36,45,48,3421,10432
2023-04-03 11:10:43,46,48,3421,10432
2023-04-03 11:10:44,45,48,3421,10432
2023-04-03 11:10:50,46,48,3421,10432
2023-04-03 11:11:04,47,48,3421,10432
2023-04-03 11:11:11,48,51,3501,10512
2023-04-03 11:11:11,48,50,3501,10512
2023-04-03 11:11:19,48,49,3501,10512
2023-04-03 11:11:29,49,50,3621,10632
2023-04-03 11:11:29,49,50,3626,10637
2023-04-03 11:11:29,49,50,3666,10677
2023-04-03 11:11:30,49,52,3666,10677
2023-04-03 11:11:45,49,50,3666,10677
2023-04-03 11:11:48,49,52,3666,10677
2023-04-03 11:12:08,49,51,3666,10677
2023-04-03 11:12:08,48,51,3666,10677
2023-04-03 11:12:09,48,50,3666,10677
2023-04-03 11:12:20,47,50,3666,10677
2023-04-03 11:12:20,49,50,3666,10677
2023-04-03 11:12:22,47,49,3619,10757
2023-04-03 11:12:33,47,50,3619,10757
2023-04-03 11:12:39,47,49,3619,10757
2023-04-03 11:12:43,46,49,3760,10898
2023-04-03 11:12:47,46,48,3760,10898
2023-04-03 11:12:49,46,49,3760,10898
2023-04-03 11:13:10,46,50,3760,10898
2023-04-03 11:13:10,46,49,3760,10898
2023-04-03 11:13:11,46,50,3760,10898
2023-04-03 11:13:21,46,50,3760,10909
2023-04-03 11:13:23,48,50,3760,10909
2023-04-03 11:13:23,48,49,3760,10909
2023-04-03 11:15:09,49,50,3807,10989
2023-04-03 11:15:09,49,50,3812,10994
2023-04-03 11:15:09,49,51,3812,10994
2023-04-03 11:15:19,48,51,3812,10994
2023-04-03 11:15:24,47,51,3812,10994
2023-04-03 11:15:24,50,51,3812,10994
2023-04-03 11:15:27,47,50,3760,11154
2023-04-03 11:15:37,47,51,3760,11154
2023-04-03 11:15:39,47,51,3750,11164
2023-04-03 11:15:45,47,51,3750,11201
2023-04-03 11:16:19,47,50,3750,11201
2023-04-03 11:16:23,47,49,3750,11201
2023-04-03 11:16:24,48,49,3750,11201
2023-04-03 11:16:26,45,48,3750,11321
2023-04-03 11:16:26,46,48,3750,11321
2023-04-03 11:16:30,46,49,3750,11321
2023-04-03 11:16:35,46,48,3750,11321
2023-04-03 11:16:47,46,47,3750,11321
2023-04-03 11:16:49,45,46,3750,11331
2023-04-03 11:16:52,43,46,3750,11331
2023-04-03 11:16:52,44,46,3750,11331
2023-04-03 11:16:58,42,46,3750,11331
2023-04-03 11:16:58,43,46,3750,11331
2023-04-03 11:17:01,42,46,3750,11331
2023-04-03 11:17:01,42,45,3750,11331
2023-04-03 11:18:26,41,45,3750,11331
2023-04-03 11:18:28,41,46,3750,11331
2023-04-03 11:18:28,41,45,3750,11331
2023-04-03 11:18:39,40,45,3750,11331
2023-04-03 11:18:39,40,44,3750,11331
2023-04-03 11:18:40,40,43,3750,11331
2023-04-03 11:18:53,40,44,3750,11331
2023-04-03 11:18:56,40,43,3750,11331
2023-04-03 11:19:12,40,42,3750,11331
2023-04-03 11:19:13,40,41,3750,11331
2023-04-03 11:19:14,40,43,3750,11331
2023-04-03 11:19:14,40,42,3750,11331
2023-04-03 11:20:08,40,41,3750,11331
2023-04-03 11:20:27,40,42,3750,11331
2023-04-03 11:20:53,40,41,3750,11331
2023-04-03 11:20:55,41,44,3750,11451
2023-04-03 11:20:55,41,43,3750,11451
2023-04-03 11:20:55,41,42,3750,11451
2023-04-03 11:20:56,41,44,3750,11451
2023-04-03 11:20:56,41,43,3750,11451
2023-04-03 11:21:00,40,43,3750,11451
2023-04-03 11:21:30,40,41,3750,11451
2023-04-03 11:21:31,41,43,3700,11511
2023-04-03 11:21:31,41,42,3700,11511
2023-04-03 11:21:39,40,42,3700,11511
2023-04-03 11:21:53,39,40,3700,11522
2023-04-03 11:22:53,39,42,3700,11522
2023-04-03 11:22:53,39,40,3700,11522
2023-04-03 11:22:54,40,42,3762,11642
2023-04-03 11:22:54,40,41,3762,11642
2023-04-03 11:22:59,39,41,3762,11642
2023-04-03 11:23:53,38,41,3762,11642
2023-04-03 11:23:54,39,41,3762,11642
2023-04-03 11:23:54,39,40,3762,11642
2023-04-03 11:24:18,39,40,3762,11648
2023-04-03 11:24:35,40,43,3802,11688
2023-04-03 11:24:36,40,42,3802,11688
2023-04-03 11:24:51,39,42,3802,11688
2023-04-03 11:24:56,38,42,3802,11688
2023-04-03 11:24:56,41,42,3802,11688
2023-04-03 11:25:29,41,43,3802,11688
2023-04-03 11:25:41,41,42,3802,11688
2023-04-03 11:25:54,38,41,3700,11848
2023-04-03 11:25:55,40,41,3700,11848
2023-04-03 11:26:55,38,41,3700,11848
2023-04-03 11:26:55,38,39,3700,11848
2023-04-03 11:26:55,38,39,3706,11854
2023-04-03 11:26:55,39,41,3808,12014
2023-04-03 11:26:56,39,40,3808,12014
2023-04-03 11:27:05,38,40,3808,12014
2023-04-03 11:27:56,38,39,3808,12014
2023-04-03 11:28:18,39,42,3848,12054
2023-04-03 11:28:18,39,41,3848,12054
2023-04-03 11:28:44,38,41,3848,12054
2023-04-03 11:28:57,40,41,3848,12054
2023-04-03 11:29:58,38,41,3848,12054
2023-04-03 11:29:58,38,42,3848,12054
2023-04-03 11:29:58,39,42,3848,12054
2023-04-03 11:29:58,39,40,3848,12054
2023-04-03 11:30:40,40,43,3928,12134
2023-04-03 11:30:40,40,42,3928,12134
2023-04-03 11:30:58,39,42,3928,12134
2023-04-03 11:30:58,38,42,3928,12134
2023-04-03 11:30:58,40,42,3928,12134
2023-04-03 11:30:58,40,41,3928,12134
2023-04-03 11:31:09,38,41,3728,12334
2023-04-03 11:31:17,38,40,3728,12334
2023-04-03 11:31:22,38,39,3728,12334
2023-04-03 11:31:29,34,38,3730,12358
2023-04-03 11:31:29,35,38,3730,12358
2023-04-03 11:31:38,35,39,3730,12358
2023-04-03 11:31:58,34,39,3730,12358
2023-04-03 11:31:58,34,38,3730,12358
2023-04-03 11:32:13,34,38,3790,12418
2023-04-03 11:32:28,35,38,3790,12418
2023-04-03 11:32:54,36,38,3790,12418
2023-04-03 11:33:00,35,38,3790,12418
2023-04-03 11:33:20,37,38,3790,12418
2023-04-03 11:33:21,37,40,3790,12418
2023-04-03 11:33:21,37,39,3790,12418
2023-04-03 11:33:21,37,38,3790,12418
2023-04-03 11:33:23,37,38,3790,12518
2023-04-03 11:33:23,37,38,3790,12524
2023-04-03 11:33:24,37,38,3790,12574
2023-04-03 11:33:25,35,38,3790,12618
2023-04-03 11:33:49,36,38,3790,12618
2023-04-03 11:33:51,35,38,3790,12618
2023-04-03 11:33:52,35,39,3790,12618
2023-04-03 11:34:10,35,39,3770,12638
2023-04-03 11:34:11,34,39,3770,12638
2023-04-03 11:34:24,34,40,3770,12638
2023-04-03 11:34:45,34,39,3770,12638
2023-04-03 11:35:01,34,38,3770,12638
2023-04-03 11:35:15,34,37,3770,12638
2023-04-03 11:35:23,32,37,3770,12638
2023-04-03 11:35:23,34,37,3770,12638
2023-04-03 11:35:23,34,35,3770,12638
2023-04-03 11:35:36,35,37,3848,12718
2023-04-03 11:35:44,34,37,3848,12718
2023-04-03 11:35:44,35,37,3848,12718
2023-04-03 11:35:47,35,38,3848,12718
2023-04-03 11:36:22,37,38,3848,12718
2023-04-03 11:36:24,37,38,4048,12918
2023-04-03 11:36:24,37,39,4048,12918
2023-04-03 11:36:24,37,40,4048,12918
2023-04-03 11:36:24,37,38,4048,12918
2023-04-03 11:36:24,38,40,4048,12924
2023-04-03 11:36:24,38,39,4048,12924
2023-04-03 11:36:54,38,39,4048,12930
2023-04-03 11:37:24,37,39,4048,12930
2023-04-03 11:37:24,37,40,4048,12930
2023-04-03 11:37:24,39,40,4048,12930
2023-04-03 11:37:46,37,39,3848,13130
2023-04-03 11:37:47,37,38,3848,13130
2023-04-03 11:38:24,35,38,3848,13130
2023-04-03 11:38:24,34,38,3848,13130
2023-04-03 11:38:24,36,38,3848,13130
2023-04-03 11:38:24,36,37,3848,13130
2023-04-03 11:38:45,36,37,3848,13136
2023-04-03 11:38:51,36,37,3848,13142
2023-04-03 11:39:20,36,39,4048,13342
2023-04-03 11:39:20,36,38,4048,13342
2023-04-03 11:39:22,36,39,4048,13342
2023-04-03 11:39:25,36,40,4048,13342
2023-04-03 11:39:25,37,40,4048,13342
2023-04-03 11:39:25,37,38,4048,13342
2023-04-03 11:40:26,36,38,4048,13342
2023-04-03 11:40:26,37,38,4048,13342
2023-04-03 11:40:27,36,37,3968,13422
2023-04-03 11:40:37,36,38,3968,13422
2023-04-03 11:41:27,36,40,3968,13422
2023-04-03 11:41:27,38,40,3968,13422
2023-04-03 11:41:27,38,39,3968,13422
2023-04-03 11:42:28,36,39,3968,13422
2023-04-03 11:42:28,38,39,3968,13422
2023-04-03 11:42:41,36,38,3728,13662
2023-04-03 11:43:08,36,39,3728,13662
2023-04-03 11:43:27,38,39,3728,13662
2023-04-03 11:45:29,36,39,3728,13662
2023-04-03 11:45:29,36,40,3728,13662
2023-04-03 11:45:29,36,40,3728,13742
2023-04-03 11:45:29,37,40,3728,13742
2023-04-03 11:45:31,37,41,3728,13742
2023-04-03 11:45:38,38,41,3728,13742
2023-04-03 11:45:42,37,41,3728,13742
2023-04-03 11:45:45,37,40,3728,13742
2023-04-03 11:45:47,37,41,3728,13742
2023-04-03 11:45:52,37,40,3728,13742
2023-04-03 11:45:53,37,41,3728,13742
2023-04-03 11:46:28,39,41,3728,13742
2023-04-03 11:46:28,39,40,3728,13742
2023-04-03 11:47:28,37,39,3544,13942
2023-04-03 11:47:31,36,39,3544,13942
2023-04-03 11:47:31,37,39,3544,13942
2023-04-03 11:47:31,37,38,3544,13942
2023-04-03 11:47:55,37,38,3550,13948
2023-04-03 11:48:31,35,38,3550,13948
2023-04-03 11:48:31,35,38,3550,13954
2023-04-03 11:48:31,35,36,3550,13954
2023-04-03 11:48:56,36,38,3688,14114
2023-04-03 11:49:11,35,38,3688,14114
2023-04-03 11:49:31,36,38,3688,14114
2023-04-03 11:49:31,36,37,3688,14114
2023-04-03 11:49:37,34,36,3608,14194
2023-04-03 11:50:07,34,37,3608,14194
2023-04-03 11:50:08,36,37,3608,14194
2023-04-03 11:50:10,34,37,3608,14194
2023-04-03 11:50:14,34,35,3608,14194
2023-04-03 11:50:17,34,37,3508,14294
2023-04-03 11:50:33,34,38,3508,14294
2023-04-03 11:50:33,34,37,3508,14294
2023-04-03 11:50:33,35,37,3508,14294
2023-04-03 11:50:33,35,36,3508,14294
2023-04-03 11:51:33,35,38,3508,14294
2023-04-03 11:51:33,36,38,3508,14294
2023-04-03 11:51:33,36,37,3508,14294
2023-04-03 11:52:32,36,40,3508,14294
2023-04-03 11:52:33,39,40,3508,14294
2023-04-03 11:52:33,39,40,3508,14300
2023-04-03 11:52:38,36,39,3456,14414
2023-04-03 11:52:50,36,40,3456,14414
2023-04-03 11:53:00,36,39,3456,14414
2023-04-03 11:53:33,36,38,3456,14414
2023-04-03 11:53:35,35,38,3456,14414
2023-04-03 11:53:35,37,38,3456,14414
2023-04-03 11:53:37,37,38,3456,14421
2023-04-03 11:54:16,37,38,3456,14594
2023-04-03 11:54:19,34,37,3456,14621
2023-04-03 11:54:23,34,38,3456,14621
2023-04-03 11:54:37,35,38,3456,14621
2023-04-03 11:55:04,35,37,3456,14621
2023-04-03 11:55:06,35,36,3456,14621
2023-04-03 11:55:14,33,36,3496,14661
2023-04-03 11:55:14,33,35,3496,14661
2023-04-03 11:55:34,33,35,3498,14663
2023-04-03 11:55:36,33,34,3498,14663
2023-04-03 11:56:35,33,35,3498,14663
2023-04-03 11:56:35,34,35,3498,14663
2023-04-03 11:56:35,34,35,3503,14668
2023-04-03 11:57:11,33,34,3503,14783
2023-04-03 11:57:14,33,35,3503,14783
2023-04-03 11:57:18,32,35,3503,14783
2023-04-03 11:57:19,32,34,3503,14783
2023-04-03 11:57:26,33,34,3503,14783
2023-04-03 11:57:38,30,31,3502,14784
2023-04-03 11:57:39,30,31,3500,14786
2023-04-03 11:58:39,30,34,3500,14786
2023-04-03 11:58:40,31,34,3500,14786
2023-04-03 11:58:40,31,32,3500,14786
2023-04-03 11:59:38,30,32,3500,14786
2023-04-03 11:59:38,30,31,3500,14786
2023-04-03 12:00:39,30,33,3500,14786
2023-04-03 12:00:39,30,34,3500,14786
2023-04-03 12:00:39,30,34,3420,14866
2023-04-03 12:00:39,30,31,3420,14866
2023-04-03 12:01:05,30,32,3420,14866
2023-04-03 12:01:40,30,33,3420,14866
2023-04-03 12:01:40,31,33,3420,14866
2023-04-03 12:01:40,31,32,3420,14866
2023-04-03 12:02:41,30,32,3420,14866
2023-04-03 12:02:41,30,33,3420,14866
2023-04-03 12:02:41,30,31,3420,14866
2023-04-03 12:03:23,30,31,3660,15109
2023-04-03 12:03:24,28,31,3460,15309
2023-04-03 12:03:25,28,30,3460,15309
2023-04-03 12:03:40,28,29,3460,15309
2023-04-03 12:03:41,26,29,3460,15309
2023-04-03 12:03:42,26,27,3460,15309
2023-04-03 12:04:41,25,27,3460,15309
2023-04-03 12:04:41,25,29,3460,15309
2023-04-03 12:04:41,25,28,3460,15309
2023-04-03 12:04:41,25,26,3460,15309
2023-04-03 12:04:48,25,26,3342,15475
2023-04-03 12:04:55,26,28,3342,15549
2023-04-03 12:05:00,25,28,3342,15549
2023-04-03 12:05:04,25,30,3342,15549
2023-04-03 12:05:05,25,29,3342,15549
2023-04-03 12:05:05,26,29,3342,15549
2023-04-03 12:05:05,26,30,3342,15549
2023-04-03 12:05:06,26,29,3342,15549
2023-04-03 12:05:08,26,30,3342,15549
2023-04-03 12:05:12,26,29,3342,15549
2023-04-03 12:05:17,26,30,3342,15549
2023-04-03 12:05:36,26,29,3342,15549
2023-04-03 12:05:38,26,30,3342,15549
2023-04-03 12:05:41,26,29,3342,15549
2023-04-03 12:05:50,26,30,3342,15549
2023-04-03 12:06:02,27,30,3342,15549
2023-04-03 12:06:04,27,31,3342,15549
2023-04-03 12:06:04,27,30,3342,15549
2023-04-03 12:06:06,28,30,3342,15549
2023-04-03 12:06:14,29,30,3342,15549
2023-04-03 12:06:17,28,30,3342,15549
2023-04-03 12:06:29,29,30,3342,15549
2023-04-03 12:06:36,27,30,3342,15549
2023-04-03 12:06:37,28,30,3342,15549
2023-04-03 12:06:38,27,30,3342,15549
2023-04-03 12:06:44,28,30,3342,15549
2023-04-03 12:07:06,27,30,3342,15549
2023-04-03 12:07:09,28,30,3342,15549
2023-04-03 12:07:25,27,30,3342,15549
2023-04-03 12:07:44,27,32,3342,15549
2023-04-03 12:07:44,27,31,3342,15549
2023-04-03 12:07:45,27,28,3342,15549
2023-04-03 12:07:48,27,32,3494,15749
2023-04-03 12:07:48,27,31,3494,15749
2023-04-03 12:08:14,27,29,3494,15749
2023-04-03 12:08:22,27,31,3494,15749
2023-04-03 12:08:23,27,30,3494,15749
2023-04-03 12:08:46,27,28,3494,15749
2023-04-03 12:09:08,26,27,3493,15750
2023-04-03 12:09:33,26,27,3493,15751
2023-04-03 12:10:07,26,29,3374,15875
2023-04-03 12:10:07,26,28,3374,15875
2023-04-03 12:10:09,28,31,3379,15880
2023-04-03 12:10:09,28,29,3379,15880
2023-04-03 12:11:05,28,29,3429,15930
2023-04-03 12:11:10,26,29,3429,15930
2023-04-03 12:11:10,26,31,3429,15930
2023-04-03 12:11:10,28,31,3429,15930
2023-04-03 12:11:10,28,30,3434,15935
2023-04-03 12:11:33,28,29,3434,15935
2023-04-03 12:12:10,26,29,3469,15970
2023-04-03 12:12:10,26,28,3469,15970
2023-04-03 12:12:11,26,27,3469,15970
2023-04-03 12:13:01,26,27,3518,16020
2023-04-03 12:13:01,26,27,3523,16025
2023-04-03 12:13:01,26,27,3528,16030
2023-04-03 12:13:02,26,27,3563,16065
2023-04-03 12:13:04,24,26,3563,16091
2023-04-03 12:13:14,23,27,3563,16091
2023-04-03 12:13:14,24,27,3563,16091
2023-04-03 12:13:14,24,25,3563,16091
2023-04-03 12:14:13,23,25,3563,16091
2023-04-03 12:14:13,23,26,3563,16091
2023-04-03 12:14:13,23,26,3500,16171
2023-04-03 12:14:13,23,25,3500,16171
2023-04-03 12:15:12,22,25,3500,16171
2023-04-03 12:15:13,22,23,3500,16171
2023-04-03 12:16:15,22,25,3500,16171
2023-04-03 12:16:15,22,24,3500,16171
2023-04-03 12:16:15,22,24,3500,16331
2023-04-03 12:16:33,23,24,3500,16331
2023-04-03 12:17:15,23,24,3498,16333
2023-04-03 12:18:15,22,24,3498,16333
2023-04-03 12:18:15,22,23,3498,16333
2023-04-03 12:18:15,22,23,3503,16338
2023-04-03 12:19:16,22,24,3503,16338
2023-04-03 12:19:16,23,24,3503,16338
2023-04-03 12:19:31,22,24,3503,16418
2023-04-03 12:20:18,21,22,3501,16420
2023-04-03 12:21:17,22,24,3501,16618
2023-04-03 12:21:17,22,25,3501,16618
2023-04-03 12:21:17,23,25,3501,16618
2023-04-03 12:21:17,23,24,3501,16618
2023-04-03 12:22:22,25,27,3506,16623
2023-04-03 12:22:22,25,27,3506,16703
2023-04-03 12:22:22,25,26,3506,16703
2023-04-03 12:22:22,25,26,3556,16753
2023-04-03 12:22:22,25,27,3556,16753
2023-04-03 12:22:58,25,28,3556,16753
2023-04-03 12:23:20,25,29,3556,16753
2023-04-03 12:23:20,25,28,3556,16753
2023-04-03 12:23:20,25,29,3560,16793
2023-04-03 12:23:20,26,29,3560,16793
2023-04-03 12:23:20,28,29,3560,16793
2023-04-03 12:24:01,28,29,3560,16960
2023-04-03 12:24:05,28,29,3560,17160
2023-04-03 12:24:06,26,28,3560,17193
2023-04-03 12:24:17,26,29,3560,17193
2023-04-03 12:24:22,25,29,3560,17393
2023-04-03 12:24:22,25,28,3560,17393
2023-04-03 12:24:22,25,28,3564,17397
2023-04-03 12:24:22,25,27,3564,17397
2023-04-03 12:24:26,25,26,3564,17397
2023-04-03 12:25:04,25,28,3564,17397
2023-04-03 12:25:04,25,27,3564,17397
2023-04-03 12:25:22,23,27,3564,17397
2023-04-03 12:25:22,25,27,3564,17397
2023-04-03 12:25:22,25,26,3564,17397
2023-04-03 12:26:22,23,26,3564,17397
2023-04-03 12:26:22,23,27,3564,17397
2023-04-03 12:26:22,26,27,3564,17397
2023-04-03 12:26:22,24,27,3604,17437
2023-04-03 12:26:22,24,26,3604,17437
2023-04-03 12:26:44,24,25,3604,17437
2023-04-03 12:26:51,24,25,3651,17701
2023-04-03 12:27:23,21,25,3651,17701
2023-04-03 12:27:23,22,25,3651,17701
2023-04-03 12:27:23,22,23,3651,17701
2023-04-03 12:27:44,22,23,3604,17853
2023-04-03 12:27:55,22,25,3604,17981
2023-04-03 12:28:05,24,25,3604,17981
2023-04-03 12:28:23,24,27,3604,17981
2023-04-03 12:28:23,24,25,3604,17981
2023-04-03 12:29:06,24,25,3604,18081
2023-04-03 12:29:22,24,27,3604,18081
2023-04-03 12:29:22,24,25,3604,18081
2023-04-03 12:29:30,24,25,3604,18091
2023-04-03 12:30:24,24,26,3604,18091
2023-04-03 12:30:24,26,27,3604,18291
2023-04-03 12:30:26,26,27,3608,18295
2023-04-03 12:30:42,26,27,3612,18299
2023-04-03 12:31:01,26,27,3616,18303
2023-04-03 12:31:22,25,27,3616,18303
2023-04-03 12:31:22,25,29,3616,18303
2023-04-03 12:31:22,26,29,3616,18303
2023-04-03 12:31:22,28,29,3616,18303
2023-04-03 12:31:23,26,29,3656,18343
2023-04-03 12:31:23,26,28,3656,18343
2023-04-03 12:31:58,27,28,3656,18343
2023-04-03 12:32:03,26,28,3656,18343
2023-04-03 12:32:24,25,28,3656,18343
2023-04-03 12:32:24,27,28,3656,18343
2023-04-03 12:32:24,27,28,3696,18383
2023-04-03 12:32:24,27,28,3701,18388
2023-04-03 12:32:40,27,28,3705,18392
2023-04-03 12:32:49,25,28,3743,18463
2023-04-03 12:33:11,25,26,3743,18463
2023-04-03 12:33:25,25,26,3863,18583
2023-04-03 12:33:26,25,28,3863,18583
2023-04-03 12:33:26,25,27,3863,18583
2023-04-03 12:33:33,24,27,3863,18583
2023-04-03 12:35:19,25,27,3863,18583
2023-04-03 12:36:27,25,27,3863,18658
2023-04-03 12:36:27,25,27,3863,18660
2023-04-03 12:36:27,25,27,3863,18735
2023-04-03 12:37:02,25,27,3865,18745
2023-04-03 12:37:02,25,27,3880,18760
2023-04-03 12:37:03,25,26,3880,18760
2023-04-03 12:37:14,24,26,3880,18760
2023-04-03 12:37:35,24,26,3963,18860
2023-04-03 12:38:32,24,28,3963,18860
2023-04-03 12:38:32,24,27,3963,18860
2023-04-03 12:39:11,24,26,3963,18860
2023-04-03 12:39:32,24,26,3963,18863
2023-04-03 12:39:32,24,25,3963,18863
2023-04-03 12:40:12,23,24,3882,19061
2023-04-03 12:41:12,22,24,3882,19061
2023-04-03 12:41:12,22,26,3882,19061
2023-04-03 12:41:12,24,26,3882,19061
2023-04-03 12:41:12,24,25,3882,19061
2023-04-03 12:42:13,22,25,3882,19061
2023-04-03 12:42:13,23,25,3882,19061
2023-04-03 12:42:13,24,25,3882,19061
2023-04-03 12:42:25,24,25,3882,19261
2023-04-03 12:42:27,25,27,3882,19301
2023-04-03 12:42:33,24,27,3882,19301
2023-04-03 12:43:14,24,28,3882,19301
2023-04-03 12:43:14,25,28,3882,19301
2023-04-03 12:43:14,27,28,3882,19301
2023-04-03 12:43:14,27,28,3885,19304
2023-04-03 12:44:15,26,28,3885,19304
2023-04-03 12:44:15,26,30,3885,19304
2023-04-03 12:44:15,28,30,3885,19304
2023-04-03 12:44:15,28,29,3885,19304
2023-04-03 12:45:12,28,29,3917,19453
2023-04-03 12:45:12,28,29,3920,19456
2023-04-03 12:45:16,26,29,3920,19456
2023-04-03 12:45:16,25,29,3920,19456
2023-04-03 12:45:16,25,30,3920,19456
2023-04-03 12:45:16,27,30,3920,19456
2023-04-03 12:45:16,27,28,3920,19456
2023-04-03 12:45:16,27,28,3960,19496
2023-04-03 12:45:27,25,28,4120,19656
2023-04-03 12:45:28,25,27,4120,19656
2023-04-03 12:45:33,25,28,4120,19656
2023-04-03 12:45:34,25,27,4120,19656
2023-04-03 12:45:37,25,28,4120,19656
2023-04-03 12:45:38,25,27,4120,19656
2023-04-03 12:46:06,26,27,4120,19656
2023-04-03 12:46:16,26,27,4080,19696
2023-04-03 12:46:16,26,27,4080,19721
2023-04-03 12:46:16,26,27,4080,19724
2023-04-03 12:46:16,26,27,4080,19727
2023-04-03 12:46:16,26,27,4080,19802
2023-04-03 12:46:17,25,27,4088,19856
2023-04-03 12:46:37,26,27,4088,19856
2023-04-03 12:46:45,25,27,4088,19856
2023-04-03 12:47:04,26,27,4088,19856
2023-04-03 12:47:15,25,27,4088,19856
2023-04-03 12:47:17,26,27,4088,19856
2023-04-03 12:47:17,26,29,4088,19856
2023-04-03 12:47:17,26,27,4088,19856
2023-04-03 12:47:17,26,27,4163,19931
2023-04-03 12:47:29,26,27,4163,20081
2023-04-03 12:48:18,24,27,4163,20081
2023-04-03 12:48:18,24,29,4163,20081
2023-04-03 12:48:18,26,29,4163,20081
2023-04-03 12:48:18,26,27,4163,20081
2023-04-03 12:49:05,25,27,4163,20081
2023-04-03 12:49:05,25,29,4163,20081
2023-04-03 12:49:05,25,28,4163,20081
2023-04-03 12:49:05,27,28,4163,20081
2023-04-03 12:49:34,27,28,4168,20086
2023-04-03 12:49:34,27,28,4173,20091
2023-04-03 12:49:37,25,28,4195,20121
2023-04-03 12:49:52,23,28,4195,20121
2023-04-03 12:50:21,26,28,4195,20121
2023-04-03 12:51:07,26,27,4195,20121
2023-04-03 12:51:33,24,27,4195,20123
2023-04-03 12:51:33,24,26,4195,20123
2023-04-03 12:51:50,24,25,4195,20123
2023-04-03 12:51:54,21,25,4195,20126
2023-04-03 12:51:54,21,24,4195,20126
2023-04-03 12:52:16,22,24,4195,20126
2023-04-03 12:52:27,22,25,4195,20126
2023-04-03 12:53:06,23,25,4195,20126
2023-04-03 12:53:06,23,26,4195,20126
2023-04-03 12:53:06,23,25,4195,20126
2023-04-03 12:53:35,24,25,4195,20126
2023-04-03 12:53:42,23,25,4195,20126
2023-04-03 12:53:43,24,25,4195,20126
2023-04-03 12:53:50,24,28,4195,20126
2023-04-03 12:53:51,24,27,4195,20126
2023-04-03 12:53:59,24,29,4195,20126
2023-04-03 12:53:59,24,28,4195,20126
2023-04-03 12:54:00,25,28,4195,20126
2023-04-03 12:54:03,25,28,4196,20127
2023-04-03 12:54:05,26,28,4196,20127
2023-04-03 12:54:06,27,28,4196,20127
2023-04-03 12:54:09,27,29,4196,20127
2023-04-03 12:54:42,26,29,4196,20127
2023-04-03 12:54:58,28,29,4196,20127
2023-04-03 12:55:02,28,31,4196,20127
2023-04-03 12:55:02,28,30,4196,20127
2023-04-03 12:55:58,29,30,4196,20127
2023-04-03 12:56:03,29,33,4196,20132
2023-04-03 12:56:04,29,32,4196,20132
2023-04-03 12:56:07,30,32,4196,20132
2023-04-03 12:56:07,30,33,4196,20132
2023-04-03 12:56:08,31,33,4196,20132
2023-04-03 12:56:11,32,33,4196,20132
2023-04-03 12:56:14,30,33,4196,20132
2023-04-03 12:56:15,31,33,4196,20132
2023-04-03 12:56:16,30,33,4196,20132
2023-04-03 12:56:44,30,32,4196,20132
2023-04-03 12:57:10,30,31,4196,20132
2023-04-03 12:57:11,28,31,4196,20132
2023-04-03 12:58:09,28,32,4196,20132
2023-04-03 12:58:11,30,32,4196,20132
2023-04-03 12:58:11,30,31,4196,20132
2023-04-03 12:58:47,30,33,4196,20212
2023-04-03 12:58:48,30,32,4196,20212
2023-04-03 12:59:12,29,32,4196,20212
2023-04-03 12:59:12,31,32,4196,20212
2023-04-03 12:59:12,33,34,4201,20218
2023-04-03 12:59:13,31,33,4201,20292
2023-04-03 13:00:13,34,35,4206,20297
2023-04-03 13:00:14,34,35,4211,20302
2023-04-03 13:01:12,33,35,4211,20302
2023-04-03 13:01:12,35,38,4215,20306
2023-04-03 13:01:12,35,36,4215,20306
2023-04-03 13:01:24,35,38,4193,20385
2023-04-03 13:01:25,36,38,4193,20385
2023-04-03 13:01:29,37,38,4193,20385
2023-04-03 13:01:32,37,39,4193,20385
2023-04-03 13:02:19,37,38,4193,20385
2023-04-03 13:02:28,37,39,4193,20385
2023-04-03 13:02:33,36,39,4193,20385
2023-04-03 13:03:11,37,39,4193,20385
2023-04-03 13:03:22,36,39,4193,20385
2023-04-03 13:03:46,36,38,4193,20385
2023-04-03 13:04:08,36,39,4198,20390
2023-04-03 13:04:08,36,38,4198,20390
2023-04-03 13:04:18,36,39,4198,20390
2023-04-03 13:04:35,34,38,4198,20390
2023-04-03 13:04:37,34,36,4198,20390
2023-04-03 13:04:38,33,36,4198,20390
2023-04-03 13:04:47,33,35,4198,20390
2023-04-03 13:05:17,33,36,4198,20390
2023-04-03 13:05:18,33,35,4198,20390
2023-04-03 13:05:36,32,35,4198,20390
2023-04-03 13:05:37,32,35,4198,20428
2023-04-03 13:05:37,33,35,4198,20428
2023-04-03 13:05:48,33,34,4198,20428
2023-04-03 13:06:36,33,34,4217,20466
2023-04-03 13:06:38,33,35,4217,20466
2023-04-03 13:06:38,34,35,4217,20466
2023-04-03 13:06:44,33,35,4217,20466
2023-04-03 13:07:02,34,35,4217,20466
2023-04-03 13:07:27,35,38,4217,20504
2023-04-03 13:07:27,35,37,4217,20504
2023-04-03 13:07:32,34,37,4217,20504
2023-04-03 13:07:35,35,37,4217,20504
2023-04-03 13:07:37,37,39,4252,20539
2023-04-03 13:07:37,37,38,4252,20539
2023-04-03 13:08:14,35,38,4370,20657
2023-04-03 13:08:14,35,37,4370,20657
2023-04-03 13:08:27,35,38,4370,20657
2023-04-03 13:08:27,35,37,4370,20657
2023-04-03 13:08:33,35,37,4406,20693
2023-04-03 13:08:38,33,37,4406,20693
2023-04-03 13:08:38,33,36,4406,20693
2023-04-03 13:08:38,33,34,4406,20693
2023-04-03 13:09:17,33,34,4269,20893
2023-04-03 13:09:18,31,34,4396,21083
2023-04-03 13:09:18,31,33,4396,21083
2023-04-03 13:09:30,28,33,4396,21083
2023-04-03 13:09:41,27,33,4396,21083
2023-04-03 13:09:41,27,31,4396,21083
2023-04-03 13:09:47,27,30,4396,21083
2023-04-03 13:10:02,27,29,4396,21083
2023-04-03 13:10:04,27,30,4396,21083
2023-04-03 13:10:04,27,29,4396,21083
2023-04-03 13:10:06,26,29,4396,21083
2023-04-03 13:10:06,26,27,4396,21083
2023-04-03 13:10:09,25,27,4396,21083
2023-04-03 13:10:26,24,27,4396,21083
2023-04-03 13:10:47,25,27,4396,21083
2023-04-03 13:11:05,25,28,4396,21083
2023-04-03 13:11:05,25,27,4396,21083
2023-04-03 13:11:14,23,27,4396,21083
2023-04-03 13:11:44,23,26,4396,21083
2023-04-03 13:11:44,23,24,4396,21083
2023-04-03 13:12:06,22,24,4396,21083
2023-04-03 13:12:41,23,24,4396,21083
2023-04-03 13:12:44,23,27,4396,21083
2023-04-03 13:12:44,23,26,4396,21083
2023-04-03 13:12:44,23,25,4396,21083
2023-04-03 13:13:07,24,25,4396,21083
2023-04-03 13:13:11,24,27,4396,21083
2023-04-03 13:13:11,24,28,4396,21083
2023-04-03 13:13:11,24,26,4396,21083
2023-04-03 13:13:11,24,27,4396,21083
2023-04-03 13:13:11,24,28,4396,21083
2023-04-03 13:13:11,24,26,4396,21083
2023-04-03 13:16:11,23,26,4396,21083
2023-04-03 13:16:37,23,24,4396,21083
2023-04-03 13:16:37,22,24,4396,21083
2023-04-03 13:16:38,22,26,4396,21083
2023-04-03 13:16:38,22,25,4396,21083
2023-04-03 13:17:10,23,25,4396,21083
2023-04-03 13:17:51,24,25,4396,21083
2023-04-03 13:17:51,24,25,4396,21155
2023-04-03 13:17:54,25,27,4396,21300
2023-04-03 13:17:54,25,26,4396,21300
2023-04-03 13:17:57,25,28,4396,21300
2023-04-03 13:17:57,25,27,4396,21300
2023-04-03 13:18:00,24,27,4396,21300
2023-04-03 13:18:02,24,25,4396,21300
2023-04-03 13:19:04,24,27,4396,21300
2023-04-03 13:19:04,24,26,4396,21300
2023-04-03 13:19:26,24,25,4396,21300
2023-04-03 13:19:34,24,26,4396,21300
2023-04-03 13:19:34,24,25,4396,21300
2023-04-03 13:19:49,24,25,4416,21375
2023-04-03 13:19:49,24,25,4454,21413
2023-04-03 13:19:51,22,25,4454,21413
2023-04-03 13:20:46,22,23,4454,21413
2023-04-03 13:21:18,22,24,4454,21413
2023-04-03 13:21:37,22,26,4454,21413
2023-04-03 13:21:37,22,27,4454,21413
2023-04-03 13:21:48,24,27,4454,21413
2023-04-03 13:21:58,22,27,4454,21413
2023-04-03 13:21:58,23,27,4454,21413
2023-04-03 13:22:46,23,27,4455,21472
2023-04-03 13:22:58,22,27,4455,21472
2023-04-03 13:23:18,22,26,4455,21472
2023-04-03 13:23:49,22,25,4455,21472
2023-04-03 13:24:06,22,26,4455,21472
2023-04-03 13:24:49,22,25,4455,21472
2023-04-03 13:24:55,22,26,4455,21472
2023-04-03 13:25:28,22,25,4455,21472
2023-04-03 13:26:04,22,26,4455,21472
2023-04-03 13:26:12,22,27,4455,21472
2023-04-03 13:26:14,24,27,4455,21472
2023-04-03 13:26:21,24,28,4455,21472
2023-04-03 13:26:57,24,27,4455,21472
2023-04-03 13:27:14,23,27,4455,21472
2023-04-03 13:27:31,24,27,4455,21472
2023-04-03 13:27:42,24,28,4455,21472
2023-04-03 13:27:42,25,28,4455,21472
2023-04-03 13:28:10,26,28,4455,21472
2023-04-03 13:28:10,26,29,4455,21472
2023-04-03 13:28:10,26,28,4455,21472
2023-04-03 13:28:13,26,30,4455,21472
2023-04-03 13:28:14,26,29,4455,21472
2023-04-03 13:28:21,26,30,4455,21472
2023-04-03 13:28:31,28,30,4455,21472
2023-04-03 13:29:24,29,30,4455,21472
2023-04-03 13:29:31,28,30,4455,21472
2023-04-03 13:29:40,29,30,4455,21472
2023-04-03 13:29:42,30,34,4465,21482
2023-04-03 13:29:48,29,34,4465,21482
2023-04-03 13:30:00,31,34,4465,21482
2023-04-03 13:30:01,31,35,4465,21482
2023-04-03 13:30:30,30,35,4465,21482
2023-04-03 13:30:30,30,34,4465,21482
2023-04-03 13:31:20,30,35,4465,21482
2023-04-03 13:31:22,31,35,4465,21482
2023-04-03 13:31:23,31,36,4465,21482
2023-04-03 13:31:23,32,36,4465,21482
2023-04-03 13:31:23,32,35,4465,21482
2023-04-03 13:31:24,32,36,4465,21482
2023-04-03 13:31:33,35,36,4465,21482
2023-04-03 13:32:32,32,36,4465,21482
2023-04-03 13:32:32,32,37,4465,21482
2023-04-03 13:32:32,36,37,4465,21482
2023-04-03 13:32:39,34,36,4465,21580
2023-04-03 13:32:44,34,37,4465,21580
2023-04-03 13:32:49,34,36,4465,21580
2023-04-03 13:32:51,34,36,4746,21861
2023-04-03 13:32:51,34,35,4746,21861
2023-04-03 13:32:52,32,34,4746,21907
2023-04-03 13:32:58,32,35,4746,21907
2023-04-03 13:32:58,32,34,4746,21907
2023-04-03 13:33:01,32,33,4746,21907
2023-04-03 13:33:03,32,33,4925,22086
2023-04-03 13:33:04,32,33,4953,22114
2023-04-03 13:33:04,30,32,4953,22234
2023-04-03 13:33:17,30,33,4953,22234
2023-04-03 13:33:24,30,32,4953,22234
2023-04-03 13:33:27,30,33,4953,22234
2023-04-03 13:33:28,30,32,4953,22234
2023-04-03 13:33:57,30,31,4953,22234
2023-04-03 13:33:59,29,30,4943,22244
2023-04-03 13:34:05,29,31,4943,22244
2023-04-03 13:34:05,29,30,4943,22244
2023-04-03 13:34:08,28,30,4943,22244
2023-04-03 13:34:34,29,30,4943,22244
2023-04-03 13:35:05,29,32,4943,22244
2023-04-03 13:35:05,29,30,4943,22244
2023-04-03 13:35:07,29,32,4782,22405
2023-04-03 13:35:07,29,31,4782,22405
2023-04-03 13:35:07,29,32,4782,22405
2023-04-03 13:35:15,30,32,4782,22405
2023-04-03 13:35:17,29,32,4782,22405
2023-04-03 13:35:18,30,32,4782,22405
2023-04-03 13:36:06,30,33,4782,22405
2023-04-03 13:36:06,30,31,4782,22405
2023-04-03 13:36:07,29,31,4782,22405
2023-04-03 13:36:20,29,30,4782,22405
2023-04-03 13:36:29,26,29,4781,22406
2023-04-03 13:36:33,26,28,4781,22406
2023-04-03 13:36:33,26,28,4622,22565
2023-04-03 13:36:40,26,27,4622,22565
2023-04-03 13:36:58,24,27,4622,22565
2023-04-03 13:37:18,25,27,4622,22565
2023-04-03 13:37:25,25,28,4622,22565
2023-04-03 13:37:34,25,27,4622,22565
2023-04-03 13:37:34,24,25,4621,22566
2023-04-03 13:37:58,24,25,4593,22594
2023-04-03 13:38:06,24,27,4559,22628
2023-04-03 13:38:09,25,27,4559,22628
2023-04-03 13:38:20,26,27,4559,22628
2023-04-03 13:38:33,25,27,4559,22628
2023-04-03 13:38:36,25,28,4559,22628
2023-04-03 13:39:08,26,28,4559,22628
2023-04-03 13:39:19,27,28,4559,22628
2023-04-03 13:39:25,25,28,4559,22628
2023-04-03 13:40:06,27,28,4559,22628
2023-04-03 13:40:47,26,28,4559,22628
2023-04-03 13:40:55,26,30,4759,22828
2023-04-03 13:41:09,27,30,4759,22828
2023-04-03 13:41:16,27,32,4759,22828
2023-04-03 13:41:16,27,31,4759,22828
2023-04-03 13:41:16,28,31,4759,22828
2023-04-03 13:41:16,28,29,4759,22828
2023-04-03 13:41:17,29,31,4605,22982
2023-04-03 13:41:17,29,30,4605,22982
2023-04-03 13:41:17,29,31,4605,22982
2023-04-03 13:41:46,30,31,4605,22982
2023-04-03 13:41:55,30,31,4452,23148
2023-04-03 13:42:17,30,33,4452,23148
2023-04-03 13:42:17,30,34,4452,23148
2023-04-03 13:42:17,31,34,4452,23148
2023-04-03 13:42:17,31,32,4452,23148
2023-04-03 13:43:17,32,34,4452,23270
2023-04-03 13:43:17,32,33,4452,23270
2023-04-03 13:43:18,32,35,4452,23270
2023-04-03 13:43:18,32,33,4452,23270
2023-04-03 13:43:38,33,35,4452,23391
2023-04-03 13:43:38,33,34,4452,23391
2023-04-03 13:43:38,33,35,4452,23391
2023-04-03 13:43:42,32,35,4452,23391
2023-04-03 13:44:04,32,34,4452,23391
2023-04-03 13:44:17,30,34,4452,23391
2023-04-03 13:44:17,32,34,4452,23391
2023-04-03 13:44:17,34,37,4477,23416
2023-04-03 13:44:17,34,36,4477,23416
2023-04-03 13:44:31,32,36,4477,23421
2023-04-03 13:44:38,32,34,4477,23421
2023-04-03 13:45:01,32,36,4477,23421
2023-04-03 13:45:02,32,35,4477,23421
2023-04-03 13:45:20,35,36,4507,23451
2023-04-03 13:46:19,35,38,4507,23451
2023-04-03 13:46:19,37,38,4507,23451
2023-04-03 13:46:19,35,37,4536,23480
2023-04-03 13:46:20,35,38,4536,23480
2023-04-03 13:46:58,36,38,4536,23480
2023-04-03 13:47:19,36,41,4536,23480
2023-04-03 13:47:19,36,42,4536,23480
2023-04-03 13:47:19,37,42,4536,23480
2023-04-03 13:47:19,39,42,4536,23480
2023-04-03 13:47:19,39,40,4536,23480
2023-04-03 13:47:22,37,39,4536,23627
2023-04-03 13:47:25,37,38,4536,23627
2023-04-03 13:47:33,37,38,4718,23817
2023-04-03 13:47:38,35,37,4718,23921
2023-04-03 13:47:43,35,38,4718,23921
2023-04-03 13:47:43,35,37,4718,23921
2023-04-03 13:47:43,35,37,4888,24091
2023-04-03 13:47:47,32,37,4888,24091
2023-04-03 13:47:47,32,36,4888,24091
2023-04-03 13:48:34,33,36,4888,24091
2023-04-03 13:48:43,32,36,4888,24091
2023-04-03 13:48:47,35,36,4888,24091
2023-04-03 13:48:48,35,39,4888,24091
2023-04-03 13:48:48,35,37,4888,24091
2023-04-03 13:49:07,32,37,4888,24091
2023-04-03 13:49:12,35,37,4888,24091
2023-04-03 13:49:25,32,37,4888,24091
2023-04-03 13:49:48,32,38,4888,24091
2023-04-03 13:49:48,32,36,4888,24091
2023-04-03 13:49:59,35,36,4888,24091
2023-04-03 13:51:10,33,36,4888,24091
2023-04-03 13:51:13,32,36,4888,24091
2023-04-03 13:51:19,34,36,4888,24091
2023-04-03 13:51:28,33,36,4688,24291
2023-04-03 13:51:46,34,36,4688,24291
2023-04-03 13:51:48,33,36,4688,24291
2023-04-03 13:51:50,34,36,4688,24291
2023-04-03 13:52:43,35,36,4688,24291
2023-04-03 13:52:49,36,37,4688,24371
2023-04-03 13:52:51,36,38,4688,24371
2023-04-03 13:52:52,36,37,4688,24371
2023-04-03 13:52:52,36,37,4688,24427
2023-04-03 13:52:57,35,38,4688,24427
2023-04-03 13:53:35,36,38,4688,24427
2023-04-03 13:53:39,35,38,4688,24427
2023-04-03 13:53:53,34,38,4688,24427
2023-04-03 13:53:54,36,38,4688,24427
2023-04-03 13:53:54,36,37,4688,24427
2023-04-03 13:53:55,37,38,4688,24539
2023-04-03 13:53:56,37,38,4688,24739
2023-04-03 13:53:58,37,38,4688,24939
2023-04-03 13:54:00,37,38,4688,25139
2023-04-03 13:54:01,37,38,4688,25339
2023-04-03 13:54:03,36,38,4688,25339
2023-04-03 13:54:03,36,38,4688,25539
2023-04-03 13:54:16,36,38,4536,25759
2023-04-03 13:54:18,38,40,4536,25789
2023-04-03 13:54:22,37,40,4536,25789
2023-04-03 13:54:23,36,40,4536,25789
2023-04-03 13:54:44,36,39,4536,25789
2023-04-03 13:54:53,38,39,4536,25789
2023-04-03 13:54:55,36,39,4536,25816
2023-04-03 13:55:14,36,38,4536,25816
2023-04-03 13:55:27,36,39,4536,25816
2023-04-03 13:55:50,37,39,4536,25816
2023-04-03 13:55:53,37,39,4605,25926
2023-04-03 13:56:07,37,40,4605,25926
2023-04-03 13:56:27,36,40,4605,25927
2023-04-03 13:56:34,36,38,4605,25927
2023-04-03 13:56:55,33,38,4605,25928
2023-04-03 13:57:00,33,35,4605,25928
2023-04-03 13:57:15,34,35,4605,25928
2023-04-03 13:57:16,33,35,4605,25929
2023-04-03 13:57:26,33,35,4791,26116
2023-04-03 13:57:26,33,34,4791,26116
2023-04-03 13:57:42,33,34,4801,26126
2023-04-03 13:57:50,32,34,4801,26126
2023-04-03 13:58:00,32,34,4801,26126
2023-04-03 13:58:08,33,34,4801,26126
2023-04-03 13:58:26,32,33,4800,26127
2023-04-03 13:58:32,32,34,4800,26127
2023-04-03 13:58:46,32,33,4800,26127
2023-04-03 13:58:55,32,34,4800,26127
2023-04-03 13:59:06,31,32,4799,26128
2023-04-03 13:59:10,31,33,4799,26128
2023-04-03 13:59:10,31,33,4799,26129
2023-04-03 13:59:10,31,34,4799,26129
2023-04-03 13:59:10,31,33,4799,26129
2023-04-03 13:59:21,31,34,4799,26129
2023-04-03 14:00:09,32,34,4799,26129
2023-04-03 14:00:11,31,34,4799,26129
2023-04-03 14:00:36,33,34,4799,26129
2023-04-03 14:00:50,31,34,4799,26129
2023-04-03 14:01:29,31,33,4799,26129
2023-04-03 14:01:33,31,32,4799,26129
2023-04-03 14:01:33,30,31,4798,26130
2023-04-03 14:02:08,30,33,4773,26155
2023-04-03 14:02:08,30,32,4773,26155
2023-04-03 14:02:08,30,33,4773,26155
2023-04-03 14:02:33,30,37,4773,26155
2023-04-03 14:02:33,31,37,4773,26155
2023-04-03 14:02:33,31,36,4773,26155
2023-04-03 14:02:33,31,34,4773,26155
2023-04-03 14:03:05,31,33,4773,26155
2023-04-03 14:03:34,31,32,4773,26155
2023-04-03 14:03:35,30,32,4773,26155
2023-04-03 14:04:16,30,32,4773,26161
2023-04-03 14:04:33,31,32,4773,26161
2023-04-03 14:04:35,31,34,4773,26161
2023-04-03 14:04:35,31,32,4773,26161
2023-04-03 14:05:19,30,32,4773,26161
2023-04-03 14:05:27,28,32,4773,26161
2023-04-03 14:05:28,29,32,4773,26161
2023-04-03 14:05:31,28,32,4773,26161
2023-04-03 14:05:33,29,32,4773,26161
2023-04-03 14:05:35,29,33,4773,26161
2023-04-03 14:05:35,29,32,4773,26161
2023-04-03 14:06:37,29,34,4773,26161
2023-04-03 14:06:37,29,31,4773,26161
2023-04-03 14:07:03,30,31,4773,26161
2023-04-03 14:07:10,29,31,4773,26161
2023-04-03 14:08:21,29,30,4773,26161
2023-04-03 14:08:34,28,30,4773,26163
2023-04-03 14:08:38,26,30,4773,26163
2023-04-03 14:08:38,25,30,4773,26163
2023-04-03 14:08:38,25,28,4773,26163
2023-04-03 14:09:25,26,28,4773,26163
2023-04-03 14:09:39,26,29,4773,26163
2023-04-03 14:09:39,26,28,4773,26163
2023-04-03 14:10:02,26,30,4626,26310
2023-04-03 14:10:02,26,29,4626,26310
2023-04-03 14:10:06,27,29,4626,26310
2023-04-03 14:10:06,27,30,4626,26310
2023-04-03 14:10:11,27,32,4626,26310
2023-04-03 14:10:11,27,31,4626,26310
2023-04-03 14:10:11,27,32,4626,26310
2023-04-03 14:10:12,29,32,4626,26310
2023-04-03 14:10:15,28,32,4626,26310
2023-04-03 14:10:23,27,32,4626,26310
2023-04-03 14:10:32,27,31,4626,26310
2023-04-03 14:10:38,28,31,4626,26310
2023-04-03 14:10:39,28,29,4626,26310
2023-04-03 14:10:41,28,32,4626,26310
2023-04-03 14:10:41,28,31,4626,26310
2023-04-03 14:11:04,28,30,4626,26310
2023-04-03 14:11:05,27,30,4626,26311
2023-04-03 14:11:05,27,29,4626,26311
2023-04-03 14:11:07,26,29,4626,26311
2023-04-03 14:11:18,24,29,4626,26312
2023-04-03 14:11:31,24,27,4626,26312
2023-04-03 14:11:33,25,27,4626,26312
2023-04-03 14:13:08,25,28,4626,26312
2023-04-03 14:13:16,25,26,4626,26312
2023-04-03 14:13:20,24,26,4626,26313
2023-04-03 14:13:58,24,28,4626,26313
2023-04-03 14:14:44,24,26,4626,26313
2023-04-03 14:14:48,24,28,4626,26313
2023-04-03 14:15:10,26,28,4626,26313
2023-04-03 14:15:41,26,29,4626,26313
2023-04-03 14:16:05,26,32,4626,26313
2023-04-03 14:16:05,28,32,4626,26313
2023-04-03 14:16:16,28,31,4626,26313
2023-04-03 14:16:19,28,33,4626,26313
2023-04-03 14:16:51,28,32,4626,26313
2023-04-03 14:17:06,27,32,4626,26313
2023-04-03 14:17:06,27,31,4626,26313
2023-04-03 14:17:06,26,31,4626,26313
2023-04-03 14:17:08,24,31,4626,26313
2023-04-03 14:17:23,26,31,4626,26313
2023-04-03 14:17:24,26,30,4626,26313
2023-04-03 14:17:26,25,30,4626,26313
2023-04-03 14:17:31,24,30,4626,26313
2023-04-03 14:17:46,24,29,4626,26313
2023-04-03 14:17:54,24,28,4626,26313
2023-04-03 14:17:56,24,30,4626,26313
2023-04-03 14:17:58,25,30,4626,26313
2023-04-03 14:18:00,26,30,4626,26313
2023-04-03 14:18:07,27,30,4626,26313
2023-04-03 14:18:51,27,28,4626,26313
2023-04-03 14:18:55,27,30,4626,26313
2023-04-03 14:19:01,27,30,4635,26322
2023-04-03 14:19:06,25,30,4635,26322
2023-04-03 14:19:06,24,30,4635,26322
2023-04-03 14:19:20,24,28,4635,26322
2023-04-03 14:19:23,25,28,4635,26322
2023-04-03 14:19:51,25,27,4635,26322
2023-04-03 14:19:55,26,28,4835,26522
2023-04-03 14:19:57,26,29,4835,26522
2023-04-03 14:20:05,26,30,4835,26522
2023-04-03 14:20:08,26,31,4835,26522
2023-04-03 14:20:08,26,30,4835,26522
2023-04-03 14:20:08,26,29,4835,26522
2023-04-03 14:20:19,27,29,4835,26522
2023-04-03 14:20:29,26,29,4835,26522
2023-04-03 14:20:44,27,29,4835,26522
2023-04-03 14:20:47,26,29,4835,26522
2023-04-03 14:21:08,26,31,4835,26522
2023-04-03 14:21:08,26,29,4835,26522
2023-04-03 14:21:11,27,29,4835,26522
2023-04-03 14:21:31,27,31,4814,26543
2023-04-03 14:21:31,28,31,4814,26543
2023-04-03 14:21:36,27,31,4814,26543
2023-04-03 14:21:36,29,31,4814,26543
2023-04-03 14:21:37,27,31,4814,26543
2023-04-03 14:22:09,27,29,4814,26543
2023-04-03 14:22:33,27,28,4814,26543
2023-04-03 14:22:34,26,28,4814,26543
2023-04-03 14:23:09,26,27,4814,26543
2023-04-03 14:24:02,25,26,4813,26544
2023-04-03 14:24:03,24,26,4813,26545
2023-04-03 14:24:10,24,25,4813,26545
2023-04-03 14:24:11,24,25,4833,26565
2023-04-03 14:24:12,23,25,4833,26565
2023-04-03 14:24:57,23,24,4833,26565
2023-04-03 14:25:09,20,24,4836,26577
2023-04-03 14:25:30,18,24,4836,26577
2023-04-03 14:25:31,19,24,4836,26577
2023-04-03 14:25:37,18,24,4836,26577
2023-04-03 14:25:49,19,24,4836,26577
2023-04-03 14:25:50,19,22,4836,26577
2023-04-03 14:26:18,20,22,4836,26577
2023-04-03 14:26:18,20,23,4836,26577
2023-04-03 14:26:46,20,22,4836,26577
2023-04-03 14:26:58,17,22,4838,26579
2023-04-03 14:27:01,17,21,4838,26579
2023-04-03 14:27:17,18,21,4838,26579
2023-04-03 14:27:18,18,20,4838,26579
2023-04-03 14:27:20,18,21,4838,26579
2023-04-03 14:27:23,18,22,4838,26579
2023-04-03 14:28:11,18,20,4838,26579
2023-04-03 14:28:53,18,22,4838,26579
2023-04-03 14:28:57,18,20,4838,26579
2023-04-03 14:29:07,18,20,4848,26589
2023-04-03 14:29:11,19,20,4848,26589
2023-04-03 14:29:16,19,22,4848,26589
2023-04-03 14:29:23,19,20,4848,26589
2023-04-03 14:30:55,18,20,4848,26589
2023-04-03 14:31:35,19,20,4848,26589
2023-04-03 14:31:55,19,21,4848,26589
2023-04-03 14:31:55,19,21,4848,26592
2023-04-03 14:31:55,19,20,4848,26592
2023-04-03 14:31:56,19,20,4871,26615
2023-04-03 14:31:56,19,20,4906,26650
2023-04-03 14:32:02,16,19,5348,27092
2023-04-03 14:32:03,15,19,5348,27092
2023-04-03 14:32:14,16,19,5348,27092
2023-04-03 14:32:20,16,17,5348,27092
2023-04-03 14:32:28,16,17,5348,27292
2023-04-03 14:32:28,16,17,5348,27316
2023-04-03 14:32:28,16,17,5503,27471
2023-04-03 14:32:28,16,17,5578,27546
2023-04-03 14:32:30,13,16,5578,27577
2023-04-03 14:32:34,13,17,5578,27577
2023-04-03 14:32:39,13,16,5578,27577
2023-04-03 14:32:42,14,16,5578,27577
2023-04-03 14:32:52,14,17,5578,27577
2023-04-03 14:33:03,14,16,5578,27577
2023-04-03 14:33:28,14,15,5578,27577
2023-04-03 14:34:29,14,17,5578,27577
2023-04-03 14:34:29,14,16,5578,27577
2023-04-03 14:35:23,14,15,5578,27577
2023-04-03 14:35:33,12,15,5582,27581
2023-04-03 14:35:33,11,15,5582,27581
2023-04-03 14:35:34,12,15,5582,27581
2023-04-03 14:35:36,11,15,5582,27581
2023-04-03 14:35:50,12,15,5582,27581
2023-04-03 14:35:54,12,15,5573,27590
2023-04-03 14:35:56,11,15,5573,27590
2023-04-03 14:36:22,11,14,5573,27590
2023-04-03 14:36:22,11,13,5573,27590
2023-04-03 14:36:23,10,13,5573,27590
2023-04-03 14:36:48,11,13,5573,27590
2023-04-03 14:36:56,10,13,5573,27590
2023-04-03 14:37:36,10,12,5573,27590
2023-04-03 14:39:08,10,11,5573,27590
2023-04-03 14:40:32,10,12,5573,27590
2023-04-03 14:40:32,10,11,5573,27590
2023-04-03 14:40:46,8,11,5573,27795
2023-04-03 14:41:14,9,11,5573,27795
2023-04-03 14:42:07,9,11,5577,27800
2023-04-03 14:42:16,8,11,5577,27800
2023-04-03 14:42:35,8,10,5577,27800
2023-04-03 14:43:33,9,10,5577,27800
2023-04-03 14:43:34,9,11,5577,27800
2023-04-03 14:43:34,9,12,5577,27800
2023-04-03 14:43:34,9,11,5577,27800
2023-04-03 14:43:50,9,10,5577,27800
2023-04-03 14:45:35,8,10,5577,27800
2023-04-03 14:46:18,7,10,5577,27800
2023-04-03 14:46:51,7,10,5427,27950
2023-04-03 14:47:33,7,9,5427,27950
2023-04-03 14:47:56,6,9,5427,27950
2023-04-03 14:48:23,6,9,5431,27954
2023-04-03 14:48:24,7,9,5431,27954
2023-04-03 14:50:36,7,9,5531,28054
2023-04-03 14:50:44,6,9,5531,28054
2023-04-03 14:50:59,6,8,5531,28054
2023-04-03 14:51:47,5,6,5620,28256
2023-04-03 15:00:05,5,6,5620,28261
2023-04-03 15:00:09,5,6,5614,28297
2023-04-03 15:00:10,3,6,5614,28297
2023-04-03 15:00:10,4,6,5614,28297
2023-04-03 15:00:28,3,6,5614,28297
2023-04-03 15:00:29,4,6,5614,28297
2023-04-03 15:00:50,3,6,5614,28297
2023-04-03 15:00:50,4,6,5614,28297
2023-04-03 15:00:53,3,6,5614,28297
2023-04-03 15:01:04,4,6,5614,28297
2023-04-03 15:01:05,5,6,5614,28297
2023-04-03 15:01:21,4,6,5614,28297
2023-04-03 15:01:57,3,6,5614,28297
2023-04-03 15:02:33,3,5,5614,28297
2023-04-03 15:02:33,3,4,5614,28297
2023-04-03 15:02:44,2,4,5614,28307
2023-04-03 15:02:44,3,4,5614,28307
2023-04-03 15:02:54,2,4,5614,28307
2023-04-03 15:02:54,3,4,5614,28307
2023-04-03 15:02:59,2,4,5614,28307
2023-04-03 15:03:03,3,4,5614,28307
2023-04-03 15:03:20,2,4,5614,28307
2023-04-03 15:03:20,3,4,5614,28307
2023-04-03 15:04:00,2,4,5614,28307
2023-04-03 15:04:03,3,4,5614,28307
2023-04-03 15:04:31,3,6,5614,28307
2023-04-03 15:04:31,3,5,5614,28307
2023-04-03 15:04:50,3,5,5614,28332
2023-04-03 15:05:04,2,4,5614,28332
2023-04-03 15:05:05,3,4,5614,28332
2023-04-03 15:05:14,3,5,5614,28332
2023-04-03 15:05:19,3,4,5614,28332
2023-04-03 15:05:33,2,4,5614,28332
2023-04-03 15:05:37,3,4,5614,28332
2023-04-03 15:05:41,2,4,5614,28332
2023-04-03 15:05:45,3,4,5614,28332
2023-04-03 15:05:50,2,4,5614,28332
2023-04-03 15:06:06,3,4,5614,28332
2023-04-03 15:06:17,2,4,5614,28332
2023-04-03 15:06:17,3,4,5614,28332
2023-04-03 15:07:49,3,5,5614,28332
2023-04-03 15:07:49,4,5,5614,28332
2023-04-03 15:08:03,4,5,5614,28357
2023-04-03 15:08:41,4,5,5614,28399
2023-04-03 15:08:44,4,5,5614,28441
2023-04-03 15:09:34,4,5,5614,28483
2023-04-03 15:09:43,4,5,5688,28683
2023-04-03 15:10:24,4,5,5730,28725
2023-04-03 15:11:18,4,5,5930,28925
2023-04-03 15:11:28,2,5,5930,28930
2023-04-03 15:11:28,2,4,5930,28930
2023-04-03 15:11:54,3,4,5930,28930
2023-04-03 15:11:57,2,4,5930,28930
2023-04-03 15:12:09,2,5,5930,28930
2023-04-03 15:12:09,2,4,5930,28930
2023-04-03 15:12:29,2,3,5930,28930
2023-04-03 15:25:03,1,3,5930,28930
2023-04-03 15:25:23,1,2,5930,28930
2023-04-03 15:26:47,1,2,5930,28940
2023-04-03 15:30:44,1,2,5910,28960
2023-04-03 15:33:00,1,3,5910,28960
2023-04-03 15:37:38,1,2,5910,28960
2023-04-03 15:42:02,1,2,5935,28985
2023-04-03 15:42:31,1,3,5935,28985
2023-04-03 15:43:32,0,1,5935,29377
2023-04-03 15:48:23,0,1,5935,29381
2023-04-03 15:48:24,0,1,5935,29781
2023-04-03 15:50:15,0,1,6519,30365
2023-04-03 15:51:51,0,1,6519,30465
