datetime,bid,ask,open_interest,volume
2023-08-02 09:30:09,4,11,56,56
2023-08-02 09:30:09,4,13,56,56
2023-08-02 09:30:09,4,15,56,56
2023-08-02 09:30:09,4,100,56,56
2023-08-02 09:30:09,4,99,56,56
2023-08-02 09:30:11,4,10,56,56
2023-08-02 09:30:29,4,12,56,56
2023-08-02 09:30:30,4,14,56,56
2023-08-02 09:30:30,4,16,56,56
2023-08-02 09:30:30,4,100,56,56
2023-08-02 09:30:30,4,99,56,56
2023-08-02 09:30:57,4,10,56,56
2023-08-02 09:31:00,7,10,56,56
2023-08-02 09:31:00,7,9,56,56
2023-08-02 09:31:08,7,10,56,56
2023-08-02 09:31:14,8,10,56,56
2023-08-02 09:31:36,8,11,56,56
2023-08-02 09:31:42,9,11,56,56
2023-08-02 09:31:43,9,12,56,56
2023-08-02 09:31:43,9,11,56,56
2023-08-02 09:31:44,9,12,56,56
2023-08-02 09:31:44,9,11,56,56
2023-08-02 09:31:47,8,11,56,56
2023-08-02 09:31:48,9,11,56,56
2023-08-02 09:32:02,8,11,486,486
2023-08-02 09:32:04,8,10,486,486
2023-08-02 09:32:12,8,11,486,486
2023-08-02 09:32:23,8,10,486,486
2023-08-02 09:32:31,9,10,486,486
2023-08-02 09:32:34,8,10,486,486
2023-08-02 09:32:37,8,9,486,486
2023-08-02 09:33:51,8,10,531,731
2023-08-02 09:34:04,8,11,531,731
2023-08-02 09:34:11,9,11,531,731
2023-08-02 09:34:45,9,12,531,731
2023-08-02 09:34:54,10,12,531,731
2023-08-02 09:35:05,11,12,531,731
2023-08-02 09:35:10,11,12,571,771
2023-08-02 09:35:12,11,13,571,771
2023-08-02 09:35:16,12,13,571,771
2023-08-02 09:35:47,12,14,571,771
2023-08-02 09:36:07,12,13,571,771
2023-08-02 09:36:07,11,13,571,771
2023-08-02 09:36:22,11,14,571,771
2023-08-02 09:36:22,11,13,571,771
2023-08-02 09:36:24,11,14,571,771
2023-08-02 09:36:24,11,13,571,771
2023-08-02 09:36:35,11,14,571,771
2023-08-02 09:36:38,12,14,571,771
2023-08-02 09:36:52,13,14,571,771
2023-08-02 09:36:57,13,15,731,971
2023-08-02 09:37:17,14,15,731,971
2023-08-02 09:37:24,14,16,731,971
2023-08-02 09:37:25,15,16,731,971
2023-08-02 09:37:25,15,16,731,1031
2023-08-02 09:37:27,15,16,731,1091
2023-08-02 09:37:28,14,16,731,1091
2023-08-02 09:37:38,15,16,731,1091
2023-08-02 09:37:38,14,16,891,1291
2023-08-02 09:38:11,15,16,891,1291
2023-08-02 09:38:26,14,16,891,1291
2023-08-02 09:38:42,15,16,891,1291
2023-08-02 09:38:43,14,16,891,1291
2023-08-02 09:39:19,13,16,891,1291
2023-08-02 09:39:20,13,15,891,1291
2023-08-02 09:40:17,13,14,891,1291
2023-08-02 09:40:22,13,15,891,1291
2023-08-02 09:40:43,13,16,891,1291
2023-08-02 09:40:43,13,15,891,1291
2023-08-02 09:42:09,13,14,891,1291
2023-08-02 09:43:10,13,15,891,1291
2023-08-02 09:43:10,13,14,891,1291
2023-08-02 09:43:24,12,14,891,1291
2023-08-02 09:43:25,12,13,891,1291
2023-08-02 09:43:43,11,13,891,1291
2023-08-02 09:43:58,11,12,891,1291
2023-08-02 09:44:18,10,12,891,1291
2023-08-02 09:44:48,10,13,891,1291
2023-08-02 09:44:49,11,13,891,1291
2023-08-02 09:45:00,11,14,891,1291
2023-08-02 09:45:00,12,14,891,1291
2023-08-02 09:45:14,11,14,891,1291
2023-08-02 09:45:25,11,13,891,1291
2023-08-02 09:45:31,11,14,891,1291
2023-08-02 09:45:34,11,13,891,1291
2023-08-02 09:45:50,11,14,891,1291
2023-08-02 09:45:51,11,13,891,1291
2023-08-02 09:46:06,10,13,891,1291
2023-08-02 09:46:11,10,12,891,1291
2023-08-02 09:46:32,11,12,891,1291
2023-08-02 09:46:32,11,13,891,1291
2023-08-02 09:46:45,11,14,891,1291
2023-08-02 09:46:45,12,14,891,1291
2023-08-02 09:46:46,11,14,891,1291
2023-08-02 09:46:47,12,14,891,1291
2023-08-02 09:46:51,11,14,891,1291
2023-08-02 09:46:52,12,14,891,1291
2023-08-02 09:46:52,12,15,891,1291
2023-08-02 09:46:53,12,14,891,1291
2023-08-02 09:47:47,12,15,891,1291
2023-08-02 09:48:04,12,14,891,1291
2023-08-02 09:48:17,12,15,891,1291
2023-08-02 09:48:21,13,15,891,1291
2023-08-02 09:49:02,12,15,891,1291
2023-08-02 09:49:10,12,14,891,1291
2023-08-02 09:49:16,11,14,891,1291
2023-08-02 09:49:39,11,13,891,1291
2023-08-02 09:50:22,12,13,891,1291
2023-08-02 09:50:28,12,14,891,1291
2023-08-02 09:50:44,12,15,891,1291
2023-08-02 09:51:08,13,15,891,1291
2023-08-02 09:52:42,14,15,891,1291
2023-08-02 09:52:47,14,16,891,1291
2023-08-02 09:53:01,13,16,891,1291
2023-08-02 09:53:05,13,15,891,1291
2023-08-02 09:53:18,13,16,891,1291
2023-08-02 09:53:21,13,15,891,1291
2023-08-02 09:53:52,12,15,891,1291
2023-08-02 09:53:59,12,14,891,1291
2023-08-02 09:54:16,13,14,891,1291
2023-08-02 09:54:16,13,15,891,1291
2023-08-02 09:54:19,13,16,891,1291
2023-08-02 09:54:19,13,15,891,1291
2023-08-02 09:54:23,13,16,891,1291
2023-08-02 09:54:25,14,16,891,1291
2023-08-02 09:54:38,15,16,891,1291
2023-08-02 09:55:04,15,16,896,1296
2023-08-02 09:56:08,14,16,896,1296
2023-08-02 09:56:11,13,16,896,1296
2023-08-02 09:56:16,13,15,896,1296
2023-08-02 09:57:01,12,15,896,1296
2023-08-02 09:57:12,13,15,896,1296
2023-08-02 09:57:23,12,15,896,1296
2023-08-02 09:57:24,12,14,896,1296
2023-08-02 09:58:24,12,15,896,1296
2023-08-02 09:58:24,12,14,896,1296
2023-08-02 09:59:10,12,15,896,1296
2023-08-02 09:59:23,12,14,896,1296
2023-08-02 09:59:32,12,15,896,1296
2023-08-02 09:59:32,12,14,896,1296
2023-08-02 10:00:10,13,14,896,1296
2023-08-02 10:00:12,12,14,896,1296
2023-08-02 10:00:19,13,14,896,1296
2023-08-02 10:00:25,13,15,896,1296
2023-08-02 10:00:34,13,16,896,1296
2023-08-02 10:00:35,13,15,896,1296
2023-08-02 10:00:36,13,16,896,1296
2023-08-02 10:00:43,14,16,896,1296
2023-08-02 10:01:11,13,16,896,1296
2023-08-02 10:01:12,13,15,896,1296
2023-08-02 10:01:19,14,15,896,1296
2023-08-02 10:01:20,14,16,896,1296
2023-08-02 10:01:40,13,16,896,1296
2023-08-02 10:01:53,13,15,896,1296
2023-08-02 10:02:24,12,15,896,1296
2023-08-02 10:02:27,12,14,896,1296
2023-08-02 10:03:11,13,14,896,1296
2023-08-02 10:03:20,13,15,896,1296
2023-08-02 10:03:36,12,15,896,1296
2023-08-02 10:03:38,13,15,896,1296
2023-08-02 10:03:54,13,16,896,1296
2023-08-02 10:03:55,14,16,896,1296
2023-08-02 10:03:57,13,16,896,1296
2023-08-02 10:04:07,14,16,896,1296
2023-08-02 10:04:15,13,16,896,1296
2023-08-02 10:04:34,13,15,896,1296
2023-08-02 10:04:47,12,15,896,1296
2023-08-02 10:04:49,13,15,896,1296
2023-08-02 10:04:51,12,15,896,1296
2023-08-02 10:04:52,13,15,896,1296
2023-08-02 10:05:13,13,16,896,1296
2023-08-02 10:05:33,13,15,896,1296
2023-08-02 10:05:52,13,16,896,1296
2023-08-02 10:05:55,14,16,896,1296
2023-08-02 10:06:48,15,16,896,1296
2023-08-02 10:06:48,15,17,896,1296
2023-08-02 10:07:08,16,17,896,1296
2023-08-02 10:07:09,16,18,896,1296
2023-08-02 10:08:07,16,19,896,1296
2023-08-02 10:08:07,17,19,896,1296
2023-08-02 10:08:36,17,20,896,1296
2023-08-02 10:08:36,18,20,896,1296
2023-08-02 10:09:11,18,21,896,1296
2023-08-02 10:09:11,19,21,896,1296
2023-08-02 10:09:28,20,21,896,1296
2023-08-02 10:09:29,20,22,896,1296
2023-08-02 10:09:59,19,22,896,1296
2023-08-02 10:10:00,20,22,896,1296
2023-08-02 10:10:08,21,22,896,1296
2023-08-02 10:10:36,21,23,896,1296
2023-08-02 10:10:43,21,23,906,1306
2023-08-02 10:12:46,21,24,931,1506
2023-08-02 10:12:47,22,24,931,1506
2023-08-02 10:14:21,23,24,931,1506
2023-08-02 10:14:29,23,25,931,1506
2023-08-02 10:18:06,23,24,931,1506
2023-08-02 10:18:37,22,24,931,1506
2023-08-02 10:19:57,21,24,931,1506
2023-08-02 10:20:03,22,24,931,1506
2023-08-02 10:21:16,21,24,931,1506
2023-08-02 10:21:27,21,23,931,1506
2023-08-02 10:22:14,20,23,931,1506
2023-08-02 10:22:15,20,22,931,1506
2023-08-02 10:23:11,21,22,931,1506
2023-08-02 10:23:12,20,22,931,1506
2023-08-02 10:26:06,20,21,931,1506
2023-08-02 10:26:24,19,21,931,1506
2023-08-02 10:26:44,19,20,931,1506
2023-08-02 10:28:03,19,20,1181,1756
2023-08-02 10:28:07,19,20,1431,2006
2023-08-02 10:28:07,19,20,1681,2256
2023-08-02 10:28:08,19,20,1931,2506
2023-08-02 10:28:09,19,20,2181,2756
2023-08-02 10:28:09,19,20,2431,3006
2023-08-02 10:28:11,19,20,2606,3206
2023-08-02 10:28:12,19,20,2806,3406
2023-08-02 10:28:12,19,22,2906,3506
2023-08-02 10:28:17,20,22,2906,3506
2023-08-02 10:28:30,20,23,2906,3506
2023-08-02 10:28:33,22,23,2906,3506
2023-08-02 10:30:09,22,24,2906,3506
2023-08-02 10:30:36,22,23,2906,3506
2023-08-02 10:30:42,22,24,2906,3506
2023-08-02 10:30:43,22,23,2906,3506
2023-08-02 10:30:45,22,24,2906,3506
2023-08-02 10:30:49,22,23,2906,3506
2023-08-02 10:31:02,21,22,2896,3516
2023-08-02 10:31:03,20,22,2896,3516
2023-08-02 10:31:55,20,23,2896,3516
2023-08-02 10:31:57,20,22,2896,3516
2023-08-02 10:32:03,20,23,2896,3516
2023-08-02 10:32:11,21,23,2896,3516
2023-08-02 10:32:24,21,24,2896,3516
2023-08-02 10:32:30,21,23,2896,3516
2023-08-02 10:32:55,21,24,2896,3516
2023-08-02 10:33:07,21,23,2896,3516
2023-08-02 10:33:22,21,24,2896,3516
2023-08-02 10:33:23,21,23,2896,3516
2023-08-02 10:33:25,21,24,2896,3516
2023-08-02 10:33:37,21,23,2896,3516
2023-08-02 10:33:40,21,24,2896,3516
2023-08-02 10:33:46,22,24,2896,3516
2023-08-02 10:33:55,21,24,2896,3516
2023-08-02 10:34:03,21,23,2896,3516
2023-08-02 10:34:16,21,24,2896,3516
2023-08-02 10:34:25,21,23,2896,3516
2023-08-02 10:34:37,20,23,2896,3516
2023-08-02 10:35:04,20,22,2896,3516
2023-08-02 10:35:11,20,23,2896,3516
2023-08-02 10:35:13,20,22,2896,3516
2023-08-02 10:35:18,20,23,2896,3516
2023-08-02 10:35:47,21,23,2896,3516
2023-08-02 10:36:02,21,24,2896,3516
2023-08-02 10:36:20,22,24,2896,3516
2023-08-02 10:36:24,21,24,2896,3516
2023-08-02 10:37:09,21,23,2896,3516
2023-08-02 10:37:21,20,23,2896,3516
2023-08-02 10:37:48,20,22,2896,3516
2023-08-02 10:37:52,20,23,2896,3516
2023-08-02 10:38:08,20,22,2896,3516
2023-08-02 10:38:29,20,23,2896,3516
2023-08-02 10:38:30,20,22,2896,3516
2023-08-02 10:38:34,20,23,2896,3516
2023-08-02 10:38:35,20,22,2896,3516
2023-08-02 10:38:37,20,22,2886,3526
2023-08-02 10:38:54,20,23,2886,3526
2023-08-02 10:38:55,20,22,2886,3526
2023-08-02 10:38:58,20,23,2886,3526
2023-08-02 10:40:15,20,22,2886,3526
2023-08-02 10:40:21,20,23,2886,3526
2023-08-02 10:40:27,20,22,2886,3526
2023-08-02 10:40:56,20,23,2886,3526
2023-08-02 10:41:11,21,23,2886,3526
2023-08-02 10:41:27,21,24,2886,3526
2023-08-02 10:41:53,21,23,2886,3526
2023-08-02 10:41:55,21,24,2886,3526
2023-08-02 10:42:26,22,24,2886,3526
2023-08-02 10:42:31,23,24,2886,3526
2023-08-02 10:42:44,23,25,2886,3526
2023-08-02 10:45:22,24,25,2886,3526
2023-08-02 10:45:25,24,26,2886,3526
2023-08-02 10:45:26,25,26,2886,3526
2023-08-02 10:45:27,24,26,2886,3526
2023-08-02 10:45:31,25,26,2886,3526
2023-08-02 10:45:52,25,27,2886,3526
2023-08-02 10:46:06,26,27,2886,3526
2023-08-02 10:46:58,27,28,2931,3926
2023-08-02 10:47:18,28,29,2931,4326
2023-08-02 10:47:20,27,29,2931,4401
2023-08-02 10:49:02,28,29,2931,4401
2023-08-02 10:49:04,27,29,2931,4401
2023-08-02 10:49:09,28,29,2931,4401
2023-08-02 10:49:17,27,29,2931,4401
2023-08-02 10:49:44,27,29,3251,4721
2023-08-02 10:49:52,28,29,3251,4721
2023-08-02 10:50:00,27,29,3251,4721
2023-08-02 10:50:32,26,29,3251,4721
2023-08-02 10:50:33,26,28,3251,4721
2023-08-02 10:50:33,27,28,3251,4721
2023-08-02 10:50:34,26,28,3251,4721
2023-08-02 10:50:36,27,28,3251,4721
2023-08-02 10:50:42,26,28,3251,4721
2023-08-02 10:52:14,27,28,3251,4721
2023-08-02 10:52:46,27,29,3251,4721
2023-08-02 10:53:47,26,29,3251,4721
2023-08-02 10:53:51,26,28,3251,4721
2023-08-02 10:54:10,27,28,3251,4721
2023-08-02 10:54:10,27,29,3251,4721
2023-08-02 10:54:10,27,28,3251,4721
2023-08-02 10:54:13,27,29,3251,4721
2023-08-02 10:54:58,28,29,3251,4721
2023-08-02 10:55:09,28,30,3251,4721
2023-08-02 10:56:01,29,30,3251,4721
2023-08-02 11:03:18,29,31,3352,4822
2023-08-02 11:04:51,28,31,3352,4822
2023-08-02 11:04:59,28,30,3352,4822
2023-08-02 11:05:14,28,31,3352,4822
2023-08-02 11:05:18,28,30,3352,4822
2023-08-02 11:06:02,28,31,3352,4822
2023-08-02 11:06:22,29,31,3352,4822
2023-08-02 11:09:19,28,31,3352,4822
2023-08-02 11:09:21,28,30,3352,4822
2023-08-02 11:10:44,28,29,3352,4822
2023-08-02 11:10:48,27,29,3352,4822
2023-08-02 11:10:50,27,30,3352,4822
2023-08-02 11:10:50,27,29,3352,4822
2023-08-02 11:11:15,27,30,3352,4822
2023-08-02 11:11:15,27,29,3352,4822
2023-08-02 11:11:28,28,29,3352,4822
2023-08-02 11:11:30,27,29,3352,4822
2023-08-02 11:11:49,28,29,3352,4822
2023-08-02 11:11:51,28,30,3352,4822
2023-08-02 11:11:56,27,30,3352,4822
2023-08-02 11:12:00,27,29,3352,4822
2023-08-02 11:12:11,27,29,3352,4828
2023-08-02 11:12:20,28,29,3352,4828
2023-08-02 11:12:28,27,29,3352,4828
2023-08-02 11:12:45,28,29,3352,4828
2023-08-02 11:12:54,28,30,3352,4828
2023-08-02 11:13:41,29,30,3352,4828
2023-08-02 11:14:40,29,31,3352,4828
2023-08-02 11:14:42,28,31,3352,4828
2023-08-02 11:14:45,28,30,3352,4828
2023-08-02 11:15:21,29,30,3352,4828
2023-08-02 11:15:23,28,30,3352,4828
2023-08-02 11:15:24,29,30,3352,4828
2023-08-02 11:15:24,29,30,3352,4878
2023-08-02 11:15:25,28,30,3352,4878
2023-08-02 11:15:30,29,30,3352,4878
2023-08-02 11:15:41,29,31,3352,4878
2023-08-02 11:16:11,30,31,3352,4878
2023-08-02 11:16:11,30,32,3352,4878
2023-08-02 11:16:15,31,32,3352,4878
2023-08-02 11:16:50,31,33,3402,4928
2023-08-02 11:17:28,32,33,3402,4928
2023-08-02 11:17:49,32,33,3402,4988
2023-08-02 11:18:30,32,34,3402,4988
2023-08-02 11:18:30,32,33,3402,4988
2023-08-02 11:18:43,32,34,3402,4988
2023-08-02 11:19:44,32,33,3402,4988
2023-08-02 11:20:44,32,34,3402,4988
2023-08-02 11:21:06,33,34,3402,4988
2023-08-02 11:21:11,33,35,3402,4988
2023-08-02 11:21:23,34,35,3402,4988
2023-08-02 11:21:41,33,35,3402,4988
2023-08-02 11:21:47,34,35,3402,4988
2023-08-02 11:21:55,33,35,3402,4988
2023-08-02 11:22:05,33,34,3402,4988
2023-08-02 11:22:24,32,34,3402,4988
2023-08-02 11:22:25,33,34,3402,4988
2023-08-02 11:22:27,32,34,3402,4988
2023-08-02 11:22:28,32,35,3402,4988
2023-08-02 11:22:28,32,34,3402,4988
2023-08-02 11:22:41,32,33,3402,4988
2023-08-02 11:22:53,31,33,3402,4988
2023-08-02 11:23:27,31,32,3402,4988
2023-08-02 11:24:28,31,33,3402,4988
2023-08-02 11:24:28,31,32,3402,4988
2023-08-02 11:25:16,31,32,3402,4998
2023-08-02 11:25:28,31,33,3402,4998
2023-08-02 11:25:30,32,33,3402,4998
2023-08-02 11:25:41,32,33,3735,5331
2023-08-02 11:25:44,32,33,3735,5531
2023-08-02 11:25:47,32,33,3735,5731
2023-08-02 11:26:17,31,33,3735,5731
2023-08-02 11:26:39,32,33,3735,5731
2023-08-02 11:26:59,31,33,3735,5731
2023-08-02 11:27:00,32,33,3735,5731
2023-08-02 11:27:01,31,33,3735,5731
2023-08-02 11:27:34,31,32,3735,5731
2023-08-02 11:27:35,30,32,3735,5731
2023-08-02 11:28:52,31,32,3735,5731
2023-08-02 11:29:32,31,32,3735,5931
2023-08-02 11:29:46,31,32,3985,6181
2023-08-02 11:29:47,31,32,4235,6431
2023-08-02 11:30:32,31,32,4386,6631
2023-08-02 11:30:34,31,32,4586,6831
2023-08-02 11:30:34,31,34,4686,6931
2023-08-02 11:30:41,32,34,4686,6931
2023-08-02 11:30:49,31,34,4686,6931
2023-08-02 11:31:01,31,33,4686,6931
2023-08-02 11:31:02,30,33,4686,6931
2023-08-02 11:31:15,31,33,4686,6931
2023-08-02 11:32:30,31,34,4753,6998
2023-08-02 11:33:23,32,34,4753,6998
2023-08-02 11:33:40,31,34,4753,6998
2023-08-02 11:34:04,32,34,4753,6998
2023-08-02 11:34:16,31,34,4753,6998
2023-08-02 11:34:49,31,33,4753,6998
2023-08-02 11:34:59,30,33,4753,6998
2023-08-02 11:36:38,29,33,4753,6998
2023-08-02 11:36:38,29,31,4753,6998
2023-08-02 11:36:45,29,30,4753,6998
2023-08-02 11:36:55,28,30,4753,6998
2023-08-02 11:37:04,28,31,4753,6998
2023-08-02 11:37:30,28,30,4753,6998
2023-08-02 11:37:33,28,31,4753,6998
2023-08-02 11:37:36,28,30,4753,6998
2023-08-02 11:37:37,28,31,4753,6998
2023-08-02 11:37:39,28,30,4753,6998
2023-08-02 11:37:44,28,31,4753,6998
2023-08-02 11:37:45,28,30,4753,6998
2023-08-02 11:37:47,28,31,4753,6998
2023-08-02 11:37:48,28,30,4753,6998
2023-08-02 11:37:49,28,31,4753,6998
2023-08-02 11:37:51,28,30,4753,6998
2023-08-02 11:39:02,28,31,4753,6998
2023-08-02 11:39:14,29,31,4753,6998
2023-08-02 11:39:17,30,31,4753,6998
2023-08-02 11:39:20,30,32,4753,6998
2023-08-02 11:39:42,30,33,4753,6998
2023-08-02 11:40:13,31,33,4753,6998
2023-08-02 11:40:18,31,34,4753,6998
2023-08-02 11:40:22,31,33,4753,6998
2023-08-02 11:41:11,31,34,4753,6998
2023-08-02 11:41:13,32,34,4753,6998
2023-08-02 11:41:26,32,35,4753,6998
2023-08-02 11:41:39,32,34,4753,6998
2023-08-02 11:41:41,32,35,4753,6998
2023-08-02 11:41:51,32,34,4753,6998
2023-08-02 11:41:57,32,35,4753,7198
2023-08-02 11:42:09,33,35,4753,7198
2023-08-02 11:43:07,34,35,4753,7198
2023-08-02 11:43:26,33,35,4753,7198
2023-08-02 11:44:27,34,35,4753,7198
2023-08-02 11:44:37,32,35,4753,7198
2023-08-02 11:44:37,33,35,4753,7198
2023-08-02 11:45:18,34,35,4753,7198
2023-08-02 11:45:31,34,35,4935,7531
2023-08-02 11:46:30,33,35,4935,7531
2023-08-02 11:46:50,32,35,4935,7531
2023-08-02 11:47:18,33,35,4935,7531
2023-08-02 11:48:02,34,35,4935,7531
2023-08-02 11:48:15,34,36,4935,7531
2023-08-02 11:48:17,35,36,4935,7531
2023-08-02 11:48:18,35,37,4935,7531
2023-08-02 11:48:21,36,37,4935,7531
2023-08-02 11:48:58,36,37,4975,7631
2023-08-02 11:49:01,36,38,4975,7631
2023-08-02 11:49:02,37,38,4975,7631
2023-08-02 11:49:45,36,38,4975,7631
2023-08-02 11:49:45,37,38,4975,7631
2023-08-02 11:50:09,36,38,4975,7631
2023-08-02 11:50:09,37,38,4975,7631
2023-08-02 11:50:22,36,38,4975,7631
2023-08-02 11:50:22,36,38,5025,7681
2023-08-02 11:50:51,36,38,5125,7781
2023-08-02 11:51:11,37,38,5125,7781
2023-08-02 11:51:19,36,38,5125,7781
2023-08-02 11:51:19,37,38,5125,7781
2023-08-02 11:52:00,36,38,5125,7781
2023-08-02 11:52:00,37,38,5125,7781
2023-08-02 11:52:06,36,38,5125,7781
2023-08-02 11:52:06,37,38,5125,7781
2023-08-02 11:52:20,36,38,5125,7781
2023-08-02 11:52:20,37,38,5125,7781
2023-08-02 11:52:39,36,38,5125,7781
2023-08-02 11:52:39,37,38,5125,7781
2023-08-02 11:53:30,36,38,5125,7781
2023-08-02 11:53:30,37,38,5125,7781
2023-08-02 11:53:57,36,38,5125,7781
2023-08-02 11:53:57,37,38,5125,7781
2023-08-02 11:54:11,36,38,5125,7781
2023-08-02 11:54:11,37,38,5125,7781
2023-08-02 11:54:23,36,38,5125,7781
2023-08-02 11:54:23,37,38,5125,7781
2023-08-02 11:54:50,36,38,5125,7781
2023-08-02 11:54:50,37,38,5125,7781
2023-08-02 11:55:18,36,38,5125,7781
2023-08-02 11:55:18,36,38,5175,7831
2023-08-02 11:55:29,36,38,5325,7981
2023-08-02 11:55:42,36,38,5525,8181
2023-08-02 11:55:43,37,38,5525,8181
2023-08-02 11:55:46,38,39,5575,8231
2023-08-02 11:55:57,37,39,5575,8231
2023-08-02 11:55:57,37,39,5675,8331
2023-08-02 11:56:03,38,39,5675,8331
2023-08-02 11:56:11,37,39,5675,8331
2023-08-02 11:56:11,37,39,5725,8381
2023-08-02 11:56:42,37,39,5947,8603
2023-08-02 11:56:43,38,39,5947,8603
2023-08-02 11:56:54,37,39,5947,8603
2023-08-02 11:58:40,38,39,5947,8603
2023-08-02 11:59:52,38,40,5947,8603
2023-08-02 12:00:01,38,39,5947,8603
2023-08-02 12:00:17,38,39,5947,8936
2023-08-02 12:03:43,38,39,5947,8983
2023-08-02 12:03:43,38,39,5947,9183
2023-08-02 12:03:47,37,39,5490,9983
2023-08-02 12:03:53,37,40,5490,9983
2023-08-02 12:03:53,37,39,5490,9983
2023-08-02 12:04:17,37,40,5490,9983
2023-08-02 12:04:19,37,39,5490,9983
2023-08-02 12:04:21,37,40,5490,9983
2023-08-02 12:04:45,37,39,5490,9983
2023-08-02 12:06:50,37,38,5490,9983
2023-08-02 12:06:52,37,39,5490,9983
2023-08-02 12:06:56,37,38,5490,9983
2023-08-02 12:06:59,37,39,5490,9983
2023-08-02 12:10:44,37,38,5490,9983
2023-08-02 12:10:47,36,38,5490,9983
2023-08-02 12:10:54,36,39,5490,9983
2023-08-02 12:10:55,37,39,5490,9983
2023-08-02 12:11:04,37,38,5490,9983
2023-08-02 12:11:28,36,38,5490,9983
2023-08-02 12:11:28,37,38,5490,9983
2023-08-02 12:11:42,36,38,5490,10033
2023-08-02 12:11:42,36,37,5490,10033
2023-08-02 12:11:42,36,38,5490,10033
2023-08-02 12:11:44,36,37,5490,10033
2023-08-02 12:12:20,35,37,5490,10033
2023-08-02 12:12:20,36,37,5490,10033
2023-08-02 12:12:38,35,37,5490,10033
2023-08-02 12:12:38,36,37,5490,10033
2023-08-02 12:12:41,35,37,5490,10033
2023-08-02 12:12:41,36,37,5490,10033
2023-08-02 12:12:53,35,37,5490,10033
2023-08-02 12:12:53,36,37,5490,10033
2023-08-02 12:13:15,35,37,5490,10033
2023-08-02 12:13:15,36,37,5490,10033
2023-08-02 12:13:18,35,37,5490,10033
2023-08-02 12:13:19,36,37,5490,10033
2023-08-02 12:13:20,35,37,5490,10033
2023-08-02 12:13:20,36,37,5490,10033
2023-08-02 12:13:43,35,37,5490,10033
2023-08-02 12:13:43,36,37,5490,10033
2023-08-02 12:13:50,35,37,5490,10033
2023-08-02 12:13:51,36,37,5490,10033
2023-08-02 12:14:02,36,37,5490,10133
2023-08-02 12:14:04,36,37,5490,10233
2023-08-02 12:14:06,36,38,5490,10233
2023-08-02 12:14:06,37,38,5490,10233
2023-08-02 12:14:11,36,38,5490,10233
2023-08-02 12:14:11,37,38,5490,10233
2023-08-02 12:14:16,36,38,5490,10233
2023-08-02 12:14:16,37,38,5490,10233
2023-08-02 12:14:19,36,38,5490,10233
2023-08-02 12:14:19,37,38,5490,10233
2023-08-02 12:14:26,36,38,5490,10233
2023-08-02 12:14:58,36,39,5718,10461
2023-08-02 12:14:59,37,39,5718,10461
2023-08-02 12:15:53,38,39,5718,10461
2023-08-02 12:16:08,38,40,5718,10461
2023-08-02 12:16:40,39,40,5718,10461
2023-08-02 12:16:58,39,40,5718,10661
2023-08-02 12:21:43,39,41,5726,10669
2023-08-02 12:25:40,39,41,5785,10728
2023-08-02 12:25:41,40,41,5785,10728
2023-08-02 12:26:11,39,41,5785,10728
2023-08-02 12:26:13,40,41,5785,10728
2023-08-02 12:26:15,39,41,5785,10728
2023-08-02 12:26:16,40,41,5785,10728
2023-08-02 12:26:21,39,41,5785,10728
2023-08-02 12:26:22,40,41,5785,10728
2023-08-02 12:26:22,40,47,7601,12728
2023-08-02 12:26:22,40,46,7601,12728
2023-08-02 12:26:23,41,46,7601,12728
2023-08-02 12:26:32,41,47,7601,12728
2023-08-02 12:26:32,41,46,7601,12728
2023-08-02 12:26:34,41,47,7601,12728
2023-08-02 12:26:34,41,46,7601,12728
2023-08-02 12:26:34,41,47,7601,12728
2023-08-02 12:26:37,41,47,7601,12728
2023-08-02 12:26:37,41,46,7601,12728
2023-08-02 12:27:16,41,47,7601,12728
2023-08-02 12:27:22,41,47,7601,12728
2023-08-02 12:27:22,41,46,7601,12728
2023-08-02 12:27:23,41,47,7601,12728
2023-08-02 12:27:25,41,46,7601,12728
2023-08-02 12:27:26,41,45,7601,12728
2023-08-02 12:27:37,41,46,7601,12728
2023-08-02 12:27:37,41,47,7601,12728
2023-08-02 12:27:37,41,46,7601,12728
2023-08-02 12:27:49,41,49,7601,12728
2023-08-02 12:27:49,41,48,7601,12728
2023-08-02 12:27:54,41,47,7601,12728
2023-08-02 12:27:54,41,46,7601,12728
2023-08-02 12:28:32,41,47,7601,12728
2023-08-02 12:28:32,41,46,7601,12728
2023-08-02 12:28:32,41,44,7601,12728
2023-08-02 12:30:27,42,44,7601,12728
2023-08-02 12:33:20,42,45,8152,13279
2023-08-02 12:33:20,43,45,8152,13279
2023-08-02 12:34:23,43,46,8152,13279
2023-08-02 12:35:41,43,46,8152,13383
2023-08-02 12:35:51,43,45,8152,13383
2023-08-02 12:36:00,43,46,8152,13383
2023-08-02 12:36:00,43,45,8152,13383
2023-08-02 12:36:02,43,45,8152,13487
2023-08-02 12:36:05,43,46,8152,13487
2023-08-02 12:36:05,43,45,8152,13487
2023-08-02 12:36:05,43,46,8152,13487
2023-08-02 12:37:07,43,46,8152,13547
2023-08-02 12:37:07,43,45,8152,13547
2023-08-02 12:37:53,44,45,8152,13547
2023-08-02 12:38:09,44,46,8152,13547
2023-08-02 12:38:59,45,46,8152,13547
2023-08-02 12:39:02,44,46,8152,13547
2023-08-02 12:39:18,45,46,8152,13547
2023-08-02 12:39:21,44,46,8152,13547
2023-08-02 12:39:33,45,46,8152,13547
2023-08-02 12:40:01,44,46,8152,13547
2023-08-02 12:40:09,45,46,8152,13547
2023-08-02 12:40:14,44,46,8152,13547
2023-08-02 12:40:29,45,46,8152,13547
2023-08-02 12:40:40,44,46,8152,13547
2023-08-02 12:40:50,45,46,8152,13547
2023-08-02 12:42:06,44,46,8152,13547
2023-08-02 12:42:12,45,46,8152,13547
2023-08-02 12:42:24,44,46,8152,13547
2023-08-02 12:42:56,45,46,8152,13547
2023-08-02 12:43:25,44,46,8152,13547
2023-08-02 12:43:32,44,45,8152,13547
2023-08-02 12:44:25,44,46,8152,13547
2023-08-02 12:44:25,44,45,8152,13547
2023-08-02 12:45:01,43,45,8152,13547
2023-08-02 12:45:01,43,46,8152,13547
2023-08-02 12:45:01,43,45,8152,13547
2023-08-02 12:45:11,44,45,8152,13547
2023-08-02 12:45:12,43,45,8152,13547
2023-08-02 12:45:13,44,45,8152,13547
2023-08-02 12:45:32,43,45,8152,13547
2023-08-02 12:45:33,44,45,8152,13547
2023-08-02 12:45:36,43,45,8152,13547
2023-08-02 12:45:36,43,44,8152,13547
2023-08-02 12:45:39,43,45,8152,13747
2023-08-02 12:46:02,43,46,8152,13747
2023-08-02 12:46:02,43,45,8152,13747
2023-08-02 12:46:06,43,44,8152,13747
2023-08-02 12:46:14,44,45,8152,13797
2023-08-02 12:46:15,43,45,8152,13797
2023-08-02 12:46:19,44,45,8152,13797
2023-08-02 12:46:52,43,45,8152,13797
2023-08-02 12:47:05,43,44,8152,13797
2023-08-02 12:47:15,44,45,8152,13947
2023-08-02 12:47:16,43,45,8152,13947
2023-08-02 12:47:34,44,45,8152,13947
2023-08-02 12:47:45,44,46,8152,13947
2023-08-02 12:48:06,44,45,8152,13947
2023-08-02 12:48:19,44,46,8152,13947
2023-08-02 12:48:19,44,45,8152,13947
2023-08-02 12:48:20,44,46,8152,13947
2023-08-02 12:51:02,45,46,8152,13947
2023-08-02 12:51:47,45,46,8152,14147
2023-08-02 12:52:08,45,46,8152,14347
2023-08-02 12:52:19,45,46,8485,14680
2023-08-02 12:52:30,45,46,8818,15013
2023-08-02 12:52:39,45,46,8818,15213
2023-08-02 12:52:55,45,46,9151,15546
2023-08-02 12:53:46,45,46,9151,15746
2023-08-02 12:53:51,45,47,9352,15947
2023-08-02 12:53:58,46,47,9352,15947
2023-08-02 12:54:10,45,47,9352,15947
2023-08-02 12:55:25,45,47,9353,15948
2023-08-02 13:00:01,44,47,9353,15948
2023-08-02 13:00:18,45,47,9353,15948
2023-08-02 13:01:00,44,47,9353,15948
2023-08-02 13:01:31,44,46,9353,15948
2023-08-02 13:01:45,44,46,9353,16098
2023-08-02 13:01:54,44,45,9353,16098
2023-08-02 13:02:02,44,45,9103,16348
2023-08-02 13:02:05,42,45,9069,16383
2023-08-02 13:02:06,42,44,9069,16383
2023-08-02 13:02:13,42,43,9069,16383
2023-08-02 13:02:13,42,44,9069,16383
2023-08-02 13:02:29,41,44,8869,16583
2023-08-02 13:02:54,42,44,8869,16583
2023-08-02 13:03:01,43,44,8869,16583
2023-08-02 13:03:47,44,45,8869,16618
2023-08-02 13:03:55,43,45,8869,16618
2023-08-02 13:03:56,43,46,9169,16918
2023-08-02 13:03:56,43,45,9169,16918
2023-08-02 13:04:01,44,45,9169,16918
2023-08-02 13:04:04,43,45,9169,16918
2023-08-02 13:05:39,43,44,9169,16918
2023-08-02 13:05:39,43,45,9169,16918
2023-08-02 13:05:39,43,44,9169,16918
2023-08-02 13:05:41,43,44,9170,16978
2023-08-02 13:05:42,43,45,9170,16978
2023-08-02 13:05:49,44,45,9170,16978
2023-08-02 13:06:39,42,45,9170,16978
2023-08-02 13:06:39,43,45,9170,16978
2023-08-02 13:07:03,43,46,9170,16978
2023-08-02 13:07:03,44,46,9170,16978
2023-08-02 13:07:59,45,46,9170,16978
2023-08-02 13:08:00,45,47,9170,16978
2023-08-02 13:09:11,44,47,9170,16978
2023-08-02 13:09:22,44,46,9170,16978
2023-08-02 13:09:34,44,47,9170,16978
2023-08-02 13:10:04,44,46,9170,16978
2023-08-02 13:10:28,44,46,9170,17038
2023-08-02 13:10:28,44,45,9170,17038
2023-08-02 13:10:29,44,46,9170,17038
2023-08-02 13:10:35,44,45,9170,17038
2023-08-02 13:10:37,44,46,9170,17038
2023-08-02 13:10:37,44,45,9170,17038
2023-08-02 13:10:38,41,45,8989,17219
2023-08-02 13:10:50,42,45,8989,17219
2023-08-02 13:10:51,41,45,8989,17219
2023-08-02 13:10:53,42,45,8989,17219
2023-08-02 13:11:15,42,44,8989,17219
2023-08-02 13:11:23,41,44,8989,17219
2023-08-02 13:11:26,41,43,8989,17219
2023-08-02 13:11:27,41,44,8989,17219
2023-08-02 13:11:27,41,43,8989,17219
2023-08-02 13:11:29,41,44,8989,17219
2023-08-02 13:11:39,42,44,8989,17219
2023-08-02 13:12:16,41,44,8989,17219
2023-08-02 13:12:41,42,44,8989,17219
2023-08-02 13:13:00,43,44,8989,17219
2023-08-02 13:13:03,43,46,8989,17219
2023-08-02 13:13:05,42,46,8989,17219
2023-08-02 13:13:07,42,45,8989,17219
2023-08-02 13:13:07,42,46,8989,17219
2023-08-02 13:13:14,42,45,8989,17219
2023-08-02 13:13:34,42,44,8989,17219
2023-08-02 13:13:34,42,45,8989,17219
2023-08-02 13:13:40,42,46,8989,17219
2023-08-02 13:13:40,42,45,8989,17219
2023-08-02 13:14:08,43,45,8989,17219
2023-08-02 13:14:19,44,45,8989,17219
2023-08-02 13:14:19,44,47,8989,17219
2023-08-02 13:14:20,43,47,8989,17219
2023-08-02 13:14:22,43,46,8989,17219
2023-08-02 13:14:32,44,46,8989,17219
2023-08-02 13:14:32,44,47,8989,17219
2023-08-02 13:15:03,45,47,8989,17219
2023-08-02 13:15:06,45,48,8989,17219
2023-08-02 13:15:31,44,48,8989,17219
2023-08-02 13:15:36,44,47,8989,17219
2023-08-02 13:15:43,43,47,8989,17219
2023-08-02 13:15:56,44,47,8989,17219
2023-08-02 13:16:04,43,47,8989,17219
2023-08-02 13:16:05,44,47,8989,17219
2023-08-02 13:16:06,43,47,8989,17219
2023-08-02 13:16:19,44,47,8989,17219
2023-08-02 13:16:28,45,47,8989,17219
2023-08-02 13:16:36,44,47,8989,17219
2023-08-02 13:16:41,43,47,8989,17219
2023-08-02 13:16:47,44,47,8989,17219
2023-08-02 13:16:51,45,47,8989,17219
2023-08-02 13:16:53,45,48,8989,17219
2023-08-02 13:17:27,45,47,8989,17219
2023-08-02 13:17:29,44,47,8989,17219
2023-08-02 13:17:41,44,46,8989,17219
2023-08-02 13:17:45,43,46,8989,17219
2023-08-02 13:17:56,43,45,8989,17219
2023-08-02 13:18:10,42,45,8989,17219
2023-08-02 13:18:29,42,44,8989,17219
2023-08-02 13:18:35,43,44,8989,17219
2023-08-02 13:18:35,43,45,8989,17219
2023-08-02 13:18:35,43,44,8989,17219
2023-08-02 13:18:35,43,45,8989,17219
2023-08-02 13:18:36,43,46,8989,17219
2023-08-02 13:19:18,43,45,8989,17219
2023-08-02 13:19:30,43,46,8989,17219
2023-08-02 13:19:56,43,45,8989,17219
2023-08-02 13:20:21,43,46,8989,17219
2023-08-02 13:20:36,44,46,8989,17219
2023-08-02 13:20:50,43,46,8989,17219
2023-08-02 13:20:52,44,46,8989,17219
2023-08-02 13:21:01,45,46,8989,17219
2023-08-02 13:21:09,44,46,8989,17219
2023-08-02 13:21:24,45,46,8989,17219
2023-08-02 13:21:27,45,46,8989,17469
2023-08-02 13:21:31,45,46,8790,17719
2023-08-02 13:21:34,45,47,8790,17719
2023-08-02 13:21:51,45,48,8790,17719
2023-08-02 13:21:57,45,47,8790,17719
2023-08-02 13:22:03,45,48,8790,17719
2023-08-02 13:22:19,45,47,8790,17719
2023-08-02 13:22:33,44,47,8790,17719
2023-08-02 13:22:43,45,47,8790,17719
2023-08-02 13:22:50,44,47,8790,17719
2023-08-02 13:22:52,44,46,8790,17719
2023-08-02 13:22:53,43,46,8790,17719
2023-08-02 13:22:57,43,45,8790,17719
2023-08-02 13:23:10,42,45,8790,17719
2023-08-02 13:23:10,42,46,8790,17719
2023-08-02 13:23:10,42,44,8790,17719
2023-08-02 13:23:32,42,43,8790,17719
2023-08-02 13:23:38,41,43,8790,17719
2023-08-02 13:23:46,41,45,8790,17719
2023-08-02 13:23:46,41,44,8790,17719
2023-08-02 13:23:48,41,43,8790,17719
2023-08-02 13:23:53,42,43,8790,17719
2023-08-02 13:23:53,42,45,8790,17719
2023-08-02 13:23:53,42,44,8790,17719
2023-08-02 13:23:57,41,44,8790,17719
2023-08-02 13:24:32,42,44,8790,17719
2023-08-02 13:24:32,42,45,8790,17719
2023-08-02 13:24:46,43,45,8790,17719
2023-08-02 13:24:46,43,46,8790,17719
2023-08-02 13:25:06,43,45,8790,17719
2023-08-02 13:25:06,42,45,8790,17719
2023-08-02 13:25:07,42,46,8790,17719
2023-08-02 13:25:08,43,46,8790,17719
2023-08-02 13:25:21,43,45,8790,17719
2023-08-02 13:25:22,42,45,8790,17719
2023-08-02 13:25:34,41,45,8790,17719
2023-08-02 13:25:37,41,44,8790,17719
2023-08-02 13:25:43,41,45,8790,17719
2023-08-02 13:25:50,42,45,8790,17719
2023-08-02 13:25:52,41,45,8790,17719
2023-08-02 13:25:55,42,45,8790,17719
2023-08-02 13:25:56,41,45,8790,17719
2023-08-02 13:26:00,41,44,8790,17719
2023-08-02 13:26:10,41,45,8790,17719
2023-08-02 13:26:14,42,45,8790,17719
2023-08-02 13:26:24,43,45,8790,17719
2023-08-02 13:26:26,43,46,8990,17919
2023-08-02 13:26:49,44,46,8990,17919
2023-08-02 13:26:49,44,47,8990,17919
2023-08-02 13:26:51,45,47,8990,17919
2023-08-02 13:26:56,44,47,8990,17919
2023-08-02 13:27:02,44,46,8990,17919
2023-08-02 13:27:09,43,46,8990,17919
2023-08-02 13:27:18,44,46,8990,17919
2023-08-02 13:27:21,44,47,8990,17919
2023-08-02 13:27:50,45,47,8990,17919
2023-08-02 13:28:23,45,46,8990,17919
2023-08-02 13:28:33,45,47,8990,17919
2023-08-02 13:28:34,44,47,8990,17919
2023-08-02 13:29:11,44,46,8990,17919
2023-08-02 13:29:11,44,47,8990,17919
2023-08-02 13:29:11,44,46,8990,17919
2023-08-02 13:29:16,43,46,8990,17919
2023-08-02 13:29:22,43,45,8990,17919
2023-08-02 13:29:24,43,46,8990,17919
2023-08-02 13:29:27,43,45,8990,17919
2023-08-02 13:29:41,42,45,8990,17919
2023-08-02 13:29:48,42,44,8990,17919
2023-08-02 13:29:55,42,45,8990,17919
2023-08-02 13:29:55,42,43,8990,17919
2023-08-02 13:29:57,41,43,8990,17919
2023-08-02 13:30:07,42,43,8990,17919
2023-08-02 13:30:09,42,45,8990,17919
2023-08-02 13:30:09,42,44,8990,17919
2023-08-02 13:30:15,43,44,8990,17919
2023-08-02 13:30:15,43,46,8990,17919
2023-08-02 13:30:15,43,45,8990,17919
2023-08-02 13:30:15,43,45,8990,17920
2023-08-02 13:30:20,43,44,8990,17921
2023-08-02 13:30:21,42,44,8990,17921
2023-08-02 13:30:23,42,43,8990,17921
2023-08-02 13:30:24,42,44,8990,17921
2023-08-02 13:30:27,42,43,8990,17921
2023-08-02 13:30:27,41,42,8991,17922
2023-08-02 13:30:30,40,41,8791,18122
2023-08-02 13:30:53,41,42,8691,18222
2023-08-02 13:31:19,41,42,8691,18422
2023-08-02 13:31:26,40,42,8691,18422
2023-08-02 13:32:04,40,44,8691,18571
2023-08-02 13:32:31,40,43,8691,18571
2023-08-02 13:32:37,40,42,8691,18571
2023-08-02 13:32:51,39,42,8691,18571
2023-08-02 13:32:52,39,41,8691,18571
2023-08-02 13:33:14,39,40,8691,18571
2023-08-02 13:33:15,38,40,8691,18571
2023-08-02 13:33:19,38,39,8691,18571
2023-08-02 13:33:21,37,39,8691,18571
2023-08-02 13:33:32,37,40,8691,18571
2023-08-02 13:33:52,38,40,8691,18571
2023-08-02 13:33:54,38,41,8691,18571
2023-08-02 13:34:07,38,40,8691,18571
2023-08-02 13:34:09,37,40,8691,18571
2023-08-02 13:34:21,38,40,8691,18571
2023-08-02 13:34:34,37,40,8691,18571
2023-08-02 13:35:02,37,39,8691,18571
2023-08-02 13:35:02,37,40,8691,18571
2023-08-02 13:35:36,37,39,8691,18571
2023-08-02 13:36:50,36,39,8691,18571
2023-08-02 13:36:50,36,38,8691,18571
2023-08-02 13:36:50,36,39,8691,18571
2023-08-02 13:36:53,37,39,8691,18571
2023-08-02 13:36:53,37,40,8691,18571
2023-08-02 13:36:53,37,39,8691,18571
2023-08-02 13:36:53,37,40,8691,18571
2023-08-02 13:37:03,37,39,8691,18571
2023-08-02 13:37:03,37,40,8691,18571
2023-08-02 13:37:06,37,41,8691,18571
2023-08-02 13:37:08,37,40,8691,18571
2023-08-02 13:37:08,37,41,8691,18571
2023-08-02 13:37:11,38,41,8691,18571
2023-08-02 13:37:13,38,40,8691,18571
2023-08-02 13:37:14,38,41,8691,18571
2023-08-02 13:37:24,39,41,8691,18571
2023-08-02 13:37:24,39,42,8691,18571
2023-08-02 13:37:37,40,42,8691,18571
2023-08-02 13:37:44,40,43,8691,18571
2023-08-02 13:37:44,40,42,8691,18571
2023-08-02 13:37:52,39,42,8691,18571
2023-08-02 13:37:55,39,41,8691,18571
2023-08-02 13:37:58,39,42,8691,18571
2023-08-02 13:38:03,38,41,8691,18571
2023-08-02 13:38:07,38,40,8691,18571
2023-08-02 13:38:09,37,40,8691,18571
2023-08-02 13:38:23,37,39,8691,18571
2023-08-02 13:38:23,37,38,8691,18571
2023-08-02 13:38:33,37,39,8691,18571
2023-08-02 13:38:52,37,39,8691,18571
2023-08-02 13:38:52,37,38,8691,18571
2023-08-02 13:38:54,36,38,8691,18571
2023-08-02 13:38:57,36,39,8691,18571
2023-08-02 13:38:57,36,38,8691,18571
2023-08-02 13:39:02,36,39,8691,18571
2023-08-02 13:39:02,36,38,8691,18571
2023-08-02 13:39:08,36,39,8691,18571
2023-08-02 13:39:08,36,38,8691,18571
2023-08-02 13:39:13,37,38,8691,18571
2023-08-02 13:39:13,37,39,8691,18571
2023-08-02 13:39:13,37,38,8691,18571
2023-08-02 13:39:13,37,39,8691,18571
2023-08-02 13:39:14,37,40,8691,18571
2023-08-02 13:39:14,37,39,8691,18571
2023-08-02 13:39:14,37,40,8691,18571
2023-08-02 13:39:17,38,40,8691,18571
2023-08-02 13:39:29,37,40,8691,18571
2023-08-02 13:39:33,38,40,8691,18571
2023-08-02 13:39:43,38,41,8691,18571
2023-08-02 13:39:43,38,40,8691,18571
2023-08-02 13:39:49,38,41,8691,18571
2023-08-02 13:39:54,38,41,8691,18571
2023-08-02 13:39:54,38,40,8691,18571
2023-08-02 13:39:58,39,40,8691,18571
2023-08-02 13:39:59,38,40,8691,18571
2023-08-02 13:39:59,39,40,8691,18571
2023-08-02 13:40:04,38,40,8691,18571
2023-08-02 13:40:26,38,39,8691,18571
2023-08-02 13:40:27,37,39,8691,18571
2023-08-02 13:40:29,37,40,8691,18571
2023-08-02 13:40:34,37,40,8691,18571
2023-08-02 13:40:34,37,39,8691,18571
2023-08-02 13:40:43,38,39,8691,18571
2023-08-02 13:40:43,38,40,8691,18571
2023-08-02 13:40:50,38,41,8991,18871
2023-08-02 13:40:50,38,40,8991,18871
2023-08-02 13:40:56,38,41,8991,18871
2023-08-02 13:40:56,38,40,8991,18871
2023-08-02 13:40:56,39,40,8991,18871
2023-08-02 13:41:01,39,41,8991,18871
2023-08-02 13:41:01,39,41,8991,18871
2023-08-02 13:41:01,39,41,8991,19121
2023-08-02 13:41:04,40,41,8991,19121
2023-08-02 13:41:04,40,42,8991,19121
2023-08-02 13:41:21,40,41,8991,19121
2023-08-02 13:41:24,40,42,8991,19121
2023-08-02 13:41:32,40,41,8991,19121
2023-08-02 13:41:32,40,42,8991,19121
2023-08-02 13:41:38,40,41,8991,19121
2023-08-02 13:41:38,40,42,8991,19121
2023-08-02 13:41:43,40,41,8991,19121
2023-08-02 13:41:43,40,42,8991,19121
2023-08-02 13:41:48,40,41,8991,19121
2023-08-02 13:41:48,40,42,8991,19121
2023-08-02 13:41:53,40,41,8991,19121
2023-08-02 13:41:53,40,42,8991,19121
2023-08-02 13:42:01,40,41,8991,19121
2023-08-02 13:42:01,40,42,8991,19121
2023-08-02 13:42:07,40,41,8991,19121
2023-08-02 13:42:07,40,42,8991,19121
2023-08-02 13:42:10,40,43,8991,19121
2023-08-02 13:42:10,40,42,8991,19121
2023-08-02 13:42:14,40,43,8991,19121
2023-08-02 13:42:16,41,43,8991,19121
2023-08-02 13:42:19,42,43,8991,19121
2023-08-02 13:42:21,42,43,8991,19125
2023-08-02 13:42:22,42,44,8991,19125
2023-08-02 13:42:22,42,43,8991,19125
2023-08-02 13:42:28,42,44,8991,19125
2023-08-02 13:42:46,42,43,8991,19125
2023-08-02 13:42:46,42,44,8991,19125
2023-08-02 13:42:46,43,44,8991,19125
2023-08-02 13:42:46,42,44,8991,19171
2023-08-02 13:42:49,41,44,8991,19171
2023-08-02 13:42:59,41,43,8991,19171
2023-08-02 13:42:59,41,44,8991,19171
2023-08-02 13:43:05,41,43,8991,19171
2023-08-02 13:43:05,41,44,8991,19171
2023-08-02 13:43:10,41,43,8991,19171
2023-08-02 13:43:10,41,44,8991,19171
2023-08-02 13:43:16,41,45,8991,19171
2023-08-02 13:43:16,42,45,8991,19171
2023-08-02 13:43:16,42,43,8991,19171
2023-08-02 13:43:16,42,45,8991,19171
2023-08-02 13:43:21,42,44,8991,19171
2023-08-02 13:43:21,42,45,8991,19171
2023-08-02 13:43:22,42,46,8991,19171
2023-08-02 13:43:25,44,46,8991,19171
2023-08-02 13:43:26,44,47,8991,19171
2023-08-02 13:43:41,44,46,8991,19171
2023-08-02 13:43:41,44,47,8991,19171
2023-08-02 13:43:46,44,46,8991,19171
2023-08-02 13:43:46,44,47,8991,19171
2023-08-02 13:43:47,45,47,8991,19171
2023-08-02 13:43:47,45,47,8996,19176
2023-08-02 13:43:48,45,47,9000,19180
2023-08-02 13:43:51,45,46,9000,19180
2023-08-02 13:43:51,45,47,9000,19180
2023-08-02 13:43:56,46,47,9000,19180
2023-08-02 13:43:56,46,48,9000,19180
2023-08-02 13:44:03,45,48,9000,19180
2023-08-02 13:44:03,45,47,9000,19180
2023-08-02 13:44:21,46,47,9000,19180
2023-08-02 13:44:30,45,47,9000,19180
2023-08-02 13:44:58,45,48,9000,19180
2023-08-02 13:44:58,45,46,9000,19180
2023-08-02 13:45:08,45,48,9000,19189
2023-08-02 13:45:19,45,47,9000,19189
2023-08-02 13:45:22,44,47,9000,19189
2023-08-02 13:45:28,44,46,9000,19189
2023-08-02 13:45:28,44,47,9000,19189
2023-08-02 13:45:34,44,46,9000,19189
2023-08-02 13:45:34,44,47,9000,19189
2023-08-02 13:45:41,44,46,9000,19189
2023-08-02 13:45:41,44,47,9000,19189
2023-08-02 13:45:47,44,46,9000,19189
2023-08-02 13:45:49,43,46,9000,19189
2023-08-02 13:45:58,43,45,9000,19189
2023-08-02 13:46:01,42,45,9000,19189
2023-08-02 13:46:07,43,45,9000,19189
2023-08-02 13:46:07,43,46,9000,19189
2023-08-02 13:46:10,44,46,9000,19189
2023-08-02 13:46:11,44,47,9000,19189
2023-08-02 13:46:18,45,47,9000,19189
2023-08-02 13:46:35,44,47,9000,19189
2023-08-02 13:46:45,44,47,9030,19219
2023-08-02 13:46:48,44,46,9030,19219
2023-08-02 13:46:48,44,47,9030,19219
2023-08-02 13:46:49,44,46,9030,19219
2023-08-02 13:46:50,43,46,9030,19219
2023-08-02 13:47:00,43,47,9030,19219
2023-08-02 13:47:00,44,47,9030,19219
2023-08-02 13:47:00,44,46,9030,19219
2023-08-02 13:47:00,44,47,9030,19219
2023-08-02 13:47:04,44,46,9030,19219
2023-08-02 13:47:07,43,46,9030,19219
2023-08-02 13:47:16,44,46,9030,19219
2023-08-02 13:47:20,44,47,9030,19219
2023-08-02 13:47:24,44,46,9030,19219
2023-08-02 13:47:24,44,47,9030,19219
2023-08-02 13:47:26,44,46,9030,19219
2023-08-02 13:47:32,43,46,9030,19219
2023-08-02 13:47:46,43,45,9030,19219
2023-08-02 13:47:49,43,46,9030,19219
2023-08-02 13:47:51,44,45,9030,19219
2023-08-02 13:47:54,44,46,9030,19219
2023-08-02 13:47:54,44,47,9030,19219
2023-08-02 13:47:54,44,45,9030,19219
2023-08-02 13:47:54,44,47,9030,19219
2023-08-02 13:47:54,44,46,9030,19219
2023-08-02 13:47:54,44,47,9030,19219
2023-08-02 13:47:54,44,46,9030,19219
2023-08-02 13:48:04,44,47,9030,19219
2023-08-02 13:48:12,44,47,9030,19219
2023-08-02 13:48:18,44,47,9030,19219
2023-08-02 13:48:18,44,46,9030,19219
2023-08-02 13:48:26,44,47,9030,19219
2023-08-02 13:48:37,44,48,9030,19219
2023-08-02 13:48:37,44,46,9030,19219
2023-08-02 13:48:37,44,48,9030,19219
2023-08-02 13:48:37,44,47,9030,19219
2023-08-02 13:48:39,45,47,9030,19219
2023-08-02 13:48:39,45,48,9030,19219
2023-08-02 13:48:39,45,47,9030,19219
2023-08-02 13:48:39,45,48,9030,19219
2023-08-02 13:48:54,46,48,9030,19219
2023-08-02 13:48:55,47,48,9030,19219
2023-08-02 13:49:02,47,49,9030,19219
2023-08-02 13:49:08,47,48,9030,19219
2023-08-02 13:49:11,47,49,9030,19219
2023-08-02 13:49:14,47,48,9030,19219
2023-08-02 13:49:14,47,49,9030,19219
2023-08-02 13:49:17,46,49,9030,19219
2023-08-02 13:49:21,46,48,9030,19219
2023-08-02 13:49:21,46,49,9030,19219
2023-08-02 13:49:27,46,48,9030,19219
2023-08-02 13:49:27,46,49,9030,19219
2023-08-02 13:49:31,47,49,9030,19219
2023-08-02 13:49:31,47,48,9030,19219
2023-08-02 13:49:31,47,49,9030,19219
2023-08-02 13:49:55,47,50,9230,19419
2023-08-02 13:49:56,47,49,9230,19419
2023-08-02 13:50:07,47,50,9230,19419
2023-08-02 13:50:07,47,49,9230,19419
2023-08-02 13:50:15,47,50,9230,19419
2023-08-02 13:50:15,47,49,9230,19419
2023-08-02 13:50:18,48,49,9230,19419
2023-08-02 13:50:18,48,50,9230,19419
2023-08-02 13:50:18,48,50,9430,19619
2023-08-02 13:50:45,48,51,9644,19833
2023-08-02 13:50:48,48,50,9644,19833
2023-08-02 13:50:55,48,49,9644,19833
2023-08-02 13:50:57,47,49,9644,19833
2023-08-02 13:50:58,47,48,9644,19833
2023-08-02 13:51:05,46,48,9644,19833
2023-08-02 13:51:11,47,48,9644,19833
2023-08-02 13:51:13,47,50,9644,19833
2023-08-02 13:51:13,47,49,9644,19833
2023-08-02 13:51:29,47,51,9644,19833
2023-08-02 13:51:29,47,50,9644,19833
2023-08-02 13:51:39,47,51,9644,19833
2023-08-02 13:51:39,47,49,9644,19833
2023-08-02 13:51:57,47,51,9644,19833
2023-08-02 13:51:57,47,50,9644,19833
2023-08-02 13:51:59,48,50,9644,19833
2023-08-02 13:52:01,47,50,9644,19833
2023-08-02 13:52:18,47,49,9644,19833
2023-08-02 13:52:29,47,51,9644,19833
2023-08-02 13:52:29,47,50,9644,19833
2023-08-02 13:52:38,47,51,9644,19833
2023-08-02 13:52:38,47,49,9644,19833
2023-08-02 13:52:44,47,51,9644,19833
2023-08-02 13:52:44,47,50,9644,19833
2023-08-02 13:52:58,47,51,9644,19833
2023-08-02 13:52:58,47,49,9644,19833
2023-08-02 13:53:18,48,49,9644,19833
2023-08-02 13:53:18,48,51,9644,19833
2023-08-02 13:53:18,48,50,9644,19833
2023-08-02 13:53:52,48,51,9644,20033
2023-08-02 13:53:57,48,50,9644,20033
2023-08-02 13:53:57,48,51,9644,20033
2023-08-02 13:54:04,48,50,9644,20033
2023-08-02 13:54:04,48,51,9644,20033
2023-08-02 13:54:10,48,50,9644,20033
2023-08-02 13:54:10,48,51,9644,20033
2023-08-02 13:54:12,49,51,9644,20033
2023-08-02 13:54:16,49,50,9644,20033
2023-08-02 13:54:16,49,51,9644,20033
2023-08-02 13:55:06,50,51,9644,20033
2023-08-02 13:55:06,50,52,9644,20033
2023-08-02 13:55:21,51,52,9644,20033
2023-08-02 13:55:23,51,53,9644,20033
2023-08-02 13:57:03,51,53,9894,20283
2023-08-02 13:57:03,52,53,9894,20283
2023-08-02 13:57:04,52,54,9894,20283
2023-08-02 13:58:57,52,54,9894,20442
2023-08-02 13:59:08,51,54,9894,20442
2023-08-02 13:59:35,52,54,9894,20442
2023-08-02 13:59:39,51,54,9894,20442
2023-08-02 13:59:41,52,54,9894,20442
2023-08-02 14:00:17,52,53,9894,20442
2023-08-02 14:00:20,52,54,9894,20442
2023-08-02 14:00:23,51,54,9894,20442
2023-08-02 14:00:36,51,53,9894,20442
2023-08-02 14:00:43,51,54,9894,20442
2023-08-02 14:01:19,52,54,9894,20442
2023-08-02 14:01:30,51,54,9894,20442
2023-08-02 14:01:31,51,53,9894,20442
2023-08-02 14:01:36,51,52,9894,20442
2023-08-02 14:01:45,50,52,9894,20442
2023-08-02 14:02:12,51,52,9894,20442
2023-08-02 14:02:12,51,53,9894,20442
2023-08-02 14:02:16,50,53,9894,20442
2023-08-02 14:02:18,51,53,9894,20442
2023-08-02 14:02:26,51,54,9894,20442
2023-08-02 14:02:33,52,54,9894,20442
2023-08-02 14:02:36,51,54,9894,20442
2023-08-02 14:02:37,52,54,9894,20442
2023-08-02 14:02:38,51,54,9894,20442
2023-08-02 14:02:41,52,54,9894,20442
2023-08-02 14:02:50,52,55,9894,20442
2023-08-02 14:02:52,53,55,9894,20442
2023-08-02 14:03:34,52,55,9894,20442
2023-08-02 14:03:39,52,54,9894,20442
2023-08-02 14:03:44,52,54,9894,20542
2023-08-02 14:03:52,52,53,9894,20542
2023-08-02 14:04:33,50,53,9894,20544
2023-08-02 14:04:33,50,52,9894,20544
2023-08-02 14:04:36,49,52,9894,20544
2023-08-02 14:04:41,50,52,9894,20544
2023-08-02 14:04:54,49,52,9894,20544
2023-08-02 14:05:10,50,52,9894,20544
2023-08-02 14:05:11,50,53,9894,20544
2023-08-02 14:05:23,51,53,9894,20544
2023-08-02 14:05:25,51,54,9894,20544
2023-08-02 14:05:34,52,54,9894,20544
2023-08-02 14:05:34,52,55,9894,20544
2023-08-02 14:05:49,52,54,9894,20544
2023-08-02 14:05:53,52,55,9894,20544
2023-08-02 14:05:55,53,55,9894,20544
2023-08-02 14:05:57,54,55,9894,20544
2023-08-02 14:05:58,53,55,9894,20544
2023-08-02 14:06:28,52,55,9894,20544
2023-08-02 14:06:30,52,54,9894,20544
2023-08-02 14:06:33,50,54,9894,20544
2023-08-02 14:06:33,51,54,9894,20544
2023-08-02 14:07:11,52,54,9894,20544
2023-08-02 14:07:12,52,55,9894,20544
2023-08-02 14:07:18,52,54,9894,20544
2023-08-02 14:07:21,50,54,9894,20544
2023-08-02 14:07:22,51,54,9894,20544
2023-08-02 14:07:26,50,54,9894,20544
2023-08-02 14:07:26,50,53,9894,20544
2023-08-02 14:07:28,50,52,9894,20544
2023-08-02 14:07:28,49,52,9894,20544
2023-08-02 14:07:49,49,51,9894,20544
2023-08-02 14:07:49,48,51,9894,20544
2023-08-02 14:07:58,49,51,9894,20544
2023-08-02 14:08:01,48,51,9894,20544
2023-08-02 14:08:09,48,50,9894,20544
2023-08-02 14:08:09,48,51,9894,20544
2023-08-02 14:08:15,48,50,9894,20544
2023-08-02 14:08:15,48,51,9894,20544
2023-08-02 14:08:20,48,50,9894,20544
2023-08-02 14:08:20,48,51,9894,20544
2023-08-02 14:08:25,48,50,9894,20544
2023-08-02 14:08:25,48,51,9894,20544
2023-08-02 14:08:26,48,50,9894,20544
2023-08-02 14:08:28,48,50,9894,20659
2023-08-02 14:08:34,48,49,9894,20659
2023-08-02 14:08:35,47,49,9694,20860
2023-08-02 14:08:35,47,50,9694,20860
2023-08-02 14:08:38,47,49,9694,20860
2023-08-02 14:08:39,47,50,9694,20860
2023-08-02 14:08:39,47,49,9694,20860
2023-08-02 14:08:48,46,49,9494,21060
2023-08-02 14:08:51,45,49,9494,21060
2023-08-02 14:08:51,45,48,9494,21060
2023-08-02 14:09:00,45,49,9494,21060
2023-08-02 14:09:00,45,48,9494,21060
2023-08-02 14:09:02,46,48,9494,21060
2023-08-02 14:09:02,46,49,9494,21060
2023-08-02 14:09:26,45,49,9494,21060
2023-08-02 14:09:26,45,48,9494,21060
2023-08-02 14:10:11,45,49,9494,21060
2023-08-02 14:10:57,45,49,9494,21060
2023-08-02 14:11:03,45,49,9494,21060
2023-08-02 14:11:06,45,48,9494,21060
2023-08-02 14:11:14,46,48,9494,21060
2023-08-02 14:11:14,46,49,9494,21060
2023-08-02 14:11:16,47,49,9494,21060
2023-08-02 14:11:17,48,49,9494,21060
2023-08-02 14:11:19,48,51,9494,21060
2023-08-02 14:11:21,48,50,9494,21060
2023-08-02 14:11:21,48,51,9494,21060
2023-08-02 14:11:23,48,52,9494,21060
2023-08-02 14:11:23,48,51,9494,21060
2023-08-02 14:11:23,49,51,9494,21060
2023-08-02 14:11:23,49,52,9494,21060
2023-08-02 14:11:24,49,51,9494,21060
2023-08-02 14:11:24,49,52,9494,21060
2023-08-02 14:11:25,49,53,9494,21060
2023-08-02 14:11:25,49,52,9494,21060
2023-08-02 14:11:25,50,52,9494,21060
2023-08-02 14:11:40,49,52,9494,21060
2023-08-02 14:11:48,50,52,9494,21060
2023-08-02 14:11:51,49,52,9494,21060
2023-08-02 14:12:14,50,52,9494,21060
2023-08-02 14:12:17,49,52,9494,21060
2023-08-02 14:12:40,49,52,9495,21160
2023-08-02 14:12:47,48,52,9495,21160
2023-08-02 14:12:47,50,52,9495,21160
2023-08-02 14:12:51,51,52,9495,21160
2023-08-02 14:12:55,51,53,9495,21160
2023-08-02 14:13:00,49,53,9495,21160
2023-08-02 14:13:00,48,53,9495,21160
2023-08-02 14:13:00,50,53,9495,21160
2023-08-02 14:13:02,50,52,9495,21160
2023-08-02 14:13:10,50,53,9495,21160
2023-08-02 14:13:10,50,52,9495,21160
2023-08-02 14:13:20,48,52,9495,21160
2023-08-02 14:13:20,49,52,9495,21160
2023-08-02 14:13:31,48,52,9495,21160
2023-08-02 14:13:31,50,52,9495,21160
2023-08-02 14:13:45,48,52,9495,21160
2023-08-02 14:13:45,49,52,9495,21160
2023-08-02 14:13:51,49,51,9495,21160
2023-08-02 14:13:52,47,51,9495,21160
2023-08-02 14:13:52,47,50,9495,21160
2023-08-02 14:13:52,48,50,9495,21160
2023-08-02 14:13:58,46,50,9495,21160
2023-08-02 14:13:58,47,50,9495,21160
2023-08-02 14:14:08,47,49,9495,21160
2023-08-02 14:14:08,46,49,9495,21160
2023-08-02 14:14:09,46,48,9495,21160
2023-08-02 14:14:15,45,48,9495,21160
2023-08-02 14:14:52,45,48,9495,21359
2023-08-02 14:14:53,44,48,9495,21359
2023-08-02 14:14:53,44,47,9495,21359
2023-08-02 14:14:58,44,46,9495,21359
2023-08-02 14:14:58,44,47,9495,21359
2023-08-02 14:15:00,44,46,9495,21359
2023-08-02 14:15:00,44,47,9495,21359
2023-08-02 14:15:00,44,46,9495,21359
2023-08-02 14:15:01,44,47,9495,21359
2023-08-02 14:15:05,44,46,9495,21359
2023-08-02 14:15:06,42,46,9495,21359
2023-08-02 14:15:06,43,46,9495,21359
2023-08-02 14:15:07,43,45,9495,21359
2023-08-02 14:15:12,43,46,9495,21359
2023-08-02 14:15:12,43,45,9495,21359
2023-08-02 14:15:16,43,46,9495,21359
2023-08-02 14:15:17,42,46,9495,21359
2023-08-02 14:15:17,42,47,9495,21359
2023-08-02 14:15:17,44,47,9495,21359
2023-08-02 14:15:18,44,46,9495,21359
2023-08-02 14:15:18,44,47,9495,21359
2023-08-02 14:15:23,43,47,9495,21359
2023-08-02 14:15:23,45,47,9495,21359
2023-08-02 14:15:29,43,47,9495,21359
2023-08-02 14:15:29,44,47,9495,21359
2023-08-02 14:15:52,44,46,9495,21359
2023-08-02 14:15:52,42,46,9495,21359
2023-08-02 14:15:52,41,46,9495,21359
2023-08-02 14:15:52,43,46,9495,21359
2023-08-02 14:16:01,42,46,9495,21359
2023-08-02 14:16:01,44,46,9495,21359
2023-08-02 14:16:03,41,46,9495,21359
2023-08-02 14:16:03,43,46,9495,21359
2023-08-02 14:16:11,43,45,9495,21359
2023-08-02 14:16:11,43,46,9495,21359
2023-08-02 14:16:16,43,45,9495,21359
2023-08-02 14:16:20,41,45,9495,21359
2023-08-02 14:16:20,42,45,9495,21359
2023-08-02 14:16:28,41,45,9495,21359
2023-08-02 14:16:28,43,45,9495,21359
2023-08-02 14:16:30,43,46,9495,21359
2023-08-02 14:16:34,43,45,9495,21359
2023-08-02 14:16:34,43,46,9495,21359
2023-08-02 14:16:37,43,45,9495,21359
2023-08-02 14:16:39,41,45,9495,21359
2023-08-02 14:16:39,42,45,9495,21359
2023-08-02 14:17:07,42,44,9495,21359
2023-08-02 14:17:14,40,44,9495,21359
2023-08-02 14:17:14,41,44,9495,21359
2023-08-02 14:17:21,41,43,9495,21359
2023-08-02 14:17:21,39,43,9495,21359
2023-08-02 14:17:21,40,43,9495,21359
2023-08-02 14:17:23,40,42,9495,21359
2023-08-02 14:17:28,38,42,9495,21359
2023-08-02 14:17:28,39,42,9495,21359
2023-08-02 14:17:47,40,42,9495,21359
2023-08-02 14:17:51,38,42,9495,21359
2023-08-02 14:17:51,39,42,9495,21359
2023-08-02 14:18:04,39,41,9495,21359
2023-08-02 14:18:12,39,41,9495,21359
2023-08-02 14:18:19,39,42,9495,21359
2023-08-02 14:18:21,39,43,9495,21359
2023-08-02 14:18:21,40,43,9495,21359
2023-08-02 14:18:34,39,43,9495,21359
2023-08-02 14:18:34,41,43,9495,21359
2023-08-02 14:18:37,41,44,9495,21359
2023-08-02 14:18:37,41,43,9495,21359
2023-08-02 14:18:37,41,44,9495,21359
2023-08-02 14:18:56,41,42,9495,21359
2023-08-02 14:19:04,39,42,9495,21359
2023-08-02 14:19:04,40,42,9495,21359
2023-08-02 14:19:06,39,42,9495,21359
2023-08-02 14:19:25,39,41,9495,21359
2023-08-02 14:19:26,38,41,9495,21359
2023-08-02 14:19:28,38,40,9495,21359
2023-08-02 14:19:28,36,40,9495,21359
2023-08-02 14:19:28,37,40,9495,21359
2023-08-02 14:19:39,37,39,9495,21359
2023-08-02 14:19:39,36,39,9495,21359
2023-08-02 14:19:40,34,39,9495,21359
2023-08-02 14:19:40,34,38,9495,21359
2023-08-02 14:19:40,35,38,9495,21359
2023-08-02 14:19:48,36,38,9495,21359
2023-08-02 14:19:56,35,38,9495,21359
2023-08-02 14:20:03,36,38,9495,21359
2023-08-02 14:20:05,36,39,9495,21359
2023-08-02 14:20:06,35,39,9495,21359
2023-08-02 14:20:06,37,39,9495,21359
2023-08-02 14:20:09,37,40,9495,21359
2023-08-02 14:20:17,37,39,9495,21359
2023-08-02 14:20:17,35,39,9495,21359
2023-08-02 14:20:17,36,39,9495,21359
2023-08-02 14:20:22,35,39,9495,21359
2023-08-02 14:20:22,35,40,9495,21359
2023-08-02 14:20:22,37,40,9495,21359
2023-08-02 14:20:23,37,39,9495,21359
2023-08-02 14:20:23,35,39,9494,21360
2023-08-02 14:20:39,37,39,9494,21360
2023-08-02 14:20:39,37,40,9494,21360
2023-08-02 14:20:42,37,41,9494,21360
2023-08-02 14:20:48,38,41,9494,21360
2023-08-02 14:20:52,37,41,9494,21360
2023-08-02 14:21:05,38,41,9494,21360
2023-08-02 14:21:14,38,42,9494,21360
2023-08-02 14:21:28,39,42,9494,21360
2023-08-02 14:21:29,38,42,9494,21360
2023-08-02 14:21:30,39,42,9494,21360
2023-08-02 14:21:31,39,43,9494,21360
2023-08-02 14:21:53,40,43,9494,21360
2023-08-02 14:21:53,40,44,9494,21360
2023-08-02 14:21:56,40,42,9494,21360
2023-08-02 14:21:57,40,44,9494,21360
2023-08-02 14:21:59,39,44,9494,21360
2023-08-02 14:22:01,39,43,9494,21360
2023-08-02 14:22:02,40,43,9494,21360
2023-08-02 14:22:10,40,45,9494,21360
2023-08-02 14:22:18,41,45,9494,21360
2023-08-02 14:22:21,40,45,9494,21360
2023-08-02 14:22:23,40,44,9494,21360
2023-08-02 14:22:30,39,44,9494,21360
2023-08-02 14:22:30,39,45,9494,21360
2023-08-02 14:22:30,39,43,9494,21360
2023-08-02 14:22:53,39,45,9494,21360
2023-08-02 14:22:53,39,42,9494,21360
2023-08-02 14:22:58,39,43,9494,21360
2023-08-02 14:23:00,40,43,9494,21360
2023-08-02 14:23:01,40,44,9494,21360
2023-08-02 14:23:07,40,45,9494,21360
2023-08-02 14:23:11,42,45,9494,21360
2023-08-02 14:23:26,42,46,9494,21360
2023-08-02 14:23:32,43,46,9494,21360
2023-08-02 14:23:34,43,47,9494,21360
2023-08-02 14:23:42,44,47,9494,21360
2023-08-02 14:23:46,44,49,9494,21360
2023-08-02 14:23:46,44,48,9494,21360
2023-08-02 14:24:45,45,48,9494,21360
2023-08-02 14:24:55,44,48,9494,21360
2023-08-02 14:25:01,43,48,9494,21360
2023-08-02 14:25:01,43,47,9494,21360
2023-08-02 14:25:06,43,46,9494,21360
2023-08-02 14:25:16,42,46,9494,21360
2023-08-02 14:25:17,43,46,9494,21360
2023-08-02 14:25:18,42,46,9494,21360
2023-08-02 14:25:20,42,47,9494,21360
2023-08-02 14:25:20,42,45,9494,21360
2023-08-02 14:25:30,42,46,9494,21360
2023-08-02 14:25:31,43,46,9494,21360
2023-08-02 14:25:33,43,48,9494,21360
2023-08-02 14:25:34,44,47,9494,21360
2023-08-02 14:25:34,44,48,9494,21360
2023-08-02 14:25:35,45,48,9494,21360
2023-08-02 14:25:42,45,49,9494,21360
2023-08-02 14:25:42,45,48,9494,21360
2023-08-02 14:25:42,45,49,9494,21360
2023-08-02 14:25:45,46,49,9494,21360
2023-08-02 14:25:53,45,49,9494,21360
2023-08-02 14:26:01,46,49,9494,21360
2023-08-02 14:26:01,46,50,9494,21360
2023-08-02 14:26:01,46,49,9494,21360
2023-08-02 14:26:01,46,50,9494,21360
2023-08-02 14:26:10,47,50,9494,21360
2023-08-02 14:26:10,47,51,9494,21360
2023-08-02 14:26:15,47,50,9494,21360
2023-08-02 14:26:16,45,50,9494,21360
2023-08-02 14:26:34,45,50,9494,21360
2023-08-02 14:26:34,45,49,9494,21360
2023-08-02 14:26:35,45,48,9494,21360
2023-08-02 14:26:35,44,48,9494,21360
2023-08-02 14:26:36,43,48,9494,21360
2023-08-02 14:26:36,43,47,9494,21360
2023-08-02 14:26:44,44,47,9494,21360
2023-08-02 14:26:44,44,48,9494,21360
2023-08-02 14:27:07,43,48,9494,21360
2023-08-02 14:27:07,43,47,9494,21360
2023-08-02 14:27:21,44,47,9494,21360
2023-08-02 14:27:21,44,48,9494,21360
2023-08-02 14:27:26,45,48,9494,21360
2023-08-02 14:27:34,45,49,9494,21360
2023-08-02 14:27:36,46,49,9494,21360
2023-08-02 14:27:36,46,50,9494,21360
2023-08-02 14:27:49,46,49,9494,21360
2023-08-02 14:27:49,45,49,9494,21360
2023-08-02 14:28:25,44,49,9494,21360
2023-08-02 14:28:28,44,48,9494,21360
2023-08-02 14:28:37,44,47,9494,21360
2023-08-02 14:28:42,43,47,9494,21360
2023-08-02 14:28:50,43,48,9494,21360
2023-08-02 14:28:50,43,46,9494,21360
2023-08-02 14:28:53,42,46,9494,21360
2023-08-02 14:28:54,42,45,9494,21360
2023-08-02 14:28:55,42,44,9494,21360
2023-08-02 14:28:56,42,43,9494,21360
2023-08-02 14:29:00,42,44,9494,21360
2023-08-02 14:29:05,40,44,9494,21360
2023-08-02 14:29:16,40,45,9494,21360
2023-08-02 14:29:17,41,45,9494,21360
2023-08-02 14:29:28,40,45,9494,21360
2023-08-02 14:29:28,40,44,9494,21360
2023-08-02 14:29:43,42,44,9494,21360
2023-08-02 14:29:45,42,45,9494,21360
2023-08-02 14:29:46,42,47,9494,21360
2023-08-02 14:30:02,43,46,9494,21360
2023-08-02 14:30:02,43,47,9494,21360
2023-08-02 14:30:06,43,46,9494,21360
2023-08-02 14:30:06,42,46,9494,21360
2023-08-02 14:30:06,42,45,9494,21360
2023-08-02 14:30:12,42,44,9494,21360
2023-08-02 14:30:12,40,44,9494,21360
2023-08-02 14:30:25,42,44,9494,21360
2023-08-02 14:30:47,43,44,9494,21360
2023-08-02 14:30:56,44,46,9444,21410
2023-08-02 14:30:57,43,46,9444,21410
2023-08-02 14:30:58,44,46,9444,21410
2023-08-02 14:31:07,44,48,9444,21410
2023-08-02 14:31:07,44,49,9444,21410
2023-08-02 14:31:12,45,49,9444,21410
2023-08-02 14:31:13,45,50,9444,21410
2023-08-02 14:31:19,45,49,9444,21410
2023-08-02 14:31:28,45,48,9444,21410
2023-08-02 14:31:31,44,48,9444,21410
2023-08-02 14:31:42,44,47,9444,21410
2023-08-02 14:31:51,44,48,9444,21410
2023-08-02 14:31:51,44,46,9444,21410
2023-08-02 14:31:53,42,46,9444,21410
2023-08-02 14:31:59,42,45,9444,21410
2023-08-02 14:32:04,41,45,9444,21410
2023-08-02 14:32:16,42,45,9444,21410
2023-08-02 14:32:16,42,47,9444,21410
2023-08-02 14:32:17,44,46,9444,21410
2023-08-02 14:32:17,44,48,9444,21410
2023-08-02 14:32:38,45,48,9444,21410
2023-08-02 14:32:38,45,49,9444,21410
2023-08-02 14:32:54,45,48,9444,21410
2023-08-02 14:32:56,44,48,9444,21410
2023-08-02 14:33:01,44,47,9444,21410
2023-08-02 14:33:03,44,46,9444,21410
2023-08-02 14:33:09,42,46,9444,21410
2023-08-02 14:33:10,42,47,9444,21410
2023-08-02 14:33:12,43,47,9444,21410
2023-08-02 14:33:21,44,47,9444,21410
2023-08-02 14:33:21,44,48,9444,21410
2023-08-02 14:33:24,44,49,9444,21410
2023-08-02 14:33:25,45,49,9444,21410
2023-08-02 14:33:29,46,49,9444,21410
2023-08-02 14:33:34,46,50,9444,21410
2023-08-02 14:33:35,47,50,9444,21410
2023-08-02 14:33:36,48,51,9444,21410
2023-08-02 14:33:37,49,51,9444,21410
2023-08-02 14:33:45,49,53,9444,21410
2023-08-02 14:33:47,49,52,9444,21410
2023-08-02 14:33:52,48,52,9444,21410
2023-08-02 14:33:57,48,51,9444,21410
2023-08-02 14:33:58,48,50,9444,21410
2023-08-02 14:33:59,46,50,9444,21410
2023-08-02 14:34:01,46,49,9444,21410
2023-08-02 14:34:06,44,49,9444,21410
2023-08-02 14:34:06,44,48,9444,21410
2023-08-02 14:34:09,44,47,9444,21410
2023-08-02 14:34:11,44,49,9444,21410
2023-08-02 14:34:11,44,48,9444,21410
2023-08-02 14:34:12,43,48,9444,21410
2023-08-02 14:34:16,44,48,9444,21410
2023-08-02 14:34:22,45,48,9444,21410
2023-08-02 14:34:22,45,49,9444,21410
2023-08-02 14:35:01,45,48,9444,21410
2023-08-02 14:35:05,45,49,9444,21410
2023-08-02 14:35:10,46,49,9444,21410
2023-08-02 14:35:18,46,50,9444,21410
2023-08-02 14:35:33,47,50,9444,21410
2023-08-02 14:35:33,48,50,9444,21410
2023-08-02 14:35:36,48,52,9444,21410
2023-08-02 14:35:44,49,52,9444,21410
2023-08-02 14:35:57,49,53,9444,21410
2023-08-02 14:36:09,50,53,9444,21410
2023-08-02 14:36:13,51,53,9444,21410
2023-08-02 14:36:15,51,54,9444,21410
2023-08-02 14:36:24,51,54,9449,21415
2023-08-02 14:36:24,51,53,9449,21415
2023-08-02 14:36:44,51,54,9449,21415
2023-08-02 14:36:45,52,54,9449,21415
2023-08-02 14:36:59,52,53,9449,21415
2023-08-02 14:37:06,52,54,9449,21415
2023-08-02 14:37:16,52,53,9449,21415
2023-08-02 14:37:18,51,53,9449,21415
2023-08-02 14:37:23,51,54,9449,21415
2023-08-02 14:37:23,50,54,9449,21415
2023-08-02 14:37:23,50,53,9449,21415
2023-08-02 14:37:23,50,52,9449,21415
2023-08-02 14:37:34,49,52,9449,21415
2023-08-02 14:37:38,50,52,9449,21415
2023-08-02 14:37:49,50,54,9449,21415
2023-08-02 14:37:49,50,53,9449,21415
2023-08-02 14:37:55,50,54,9449,21415
2023-08-02 14:37:55,50,52,9449,21415
2023-08-02 14:37:56,50,53,9449,21415
2023-08-02 14:37:56,50,51,9449,21415
2023-08-02 14:38:00,49,51,9449,21415
2023-08-02 14:38:15,48,51,9449,21415
2023-08-02 14:38:17,48,52,9449,21415
2023-08-02 14:38:17,48,50,9449,21415
2023-08-02 14:38:17,48,52,9449,21415
2023-08-02 14:38:17,48,49,9449,21415
2023-08-02 14:38:27,47,49,9449,21415
2023-08-02 14:38:32,48,49,9449,21415
2023-08-02 14:38:32,48,51,9449,21415
2023-08-02 14:38:32,48,52,9449,21415
2023-08-02 14:38:32,48,50,9449,21415
2023-08-02 14:39:09,48,51,9449,21415
2023-08-02 14:39:09,48,49,9449,21415
2023-08-02 14:39:14,47,49,9449,21415
2023-08-02 14:39:19,48,49,9449,21415
2023-08-02 14:39:20,48,52,9449,21415
2023-08-02 14:39:20,48,50,9449,21415
2023-08-02 14:39:22,49,50,9449,21415
2023-08-02 14:39:22,49,52,9449,21415
2023-08-02 14:39:22,49,53,9449,21415
2023-08-02 14:39:22,49,51,9449,21415
2023-08-02 14:39:38,50,51,9449,21415
2023-08-02 14:39:40,50,53,9449,21415
2023-08-02 14:39:40,50,54,9449,21415
2023-08-02 14:39:40,50,53,9449,21415
2023-08-02 14:39:40,50,54,9449,21415
2023-08-02 14:39:40,50,52,9449,21415
2023-08-02 14:39:50,51,52,9449,21415
2023-08-02 14:39:51,50,52,9449,21415
2023-08-02 14:39:54,51,52,9449,21415
2023-08-02 14:39:58,51,54,9449,21415
2023-08-02 14:39:58,51,53,9449,21415
2023-08-02 14:40:01,51,54,9449,21415
2023-08-02 14:40:01,51,52,9449,21415
2023-08-02 14:40:07,50,52,9449,21415
2023-08-02 14:40:07,50,54,9449,21420
2023-08-02 14:40:29,51,54,9449,21420
2023-08-02 14:40:39,51,53,9449,21420
2023-08-02 14:40:43,50,53,9449,21420
2023-08-02 14:40:54,49,53,9449,21420
2023-08-02 14:40:56,50,53,9449,21420
2023-08-02 14:40:58,50,54,9449,21420
2023-08-02 14:40:59,51,54,9449,21420
2023-08-02 14:41:20,52,54,9449,21420
2023-08-02 14:41:20,52,56,9449,21420
2023-08-02 14:41:20,52,55,9449,21420
2023-08-02 14:41:28,53,55,9449,21420
2023-08-02 14:41:28,53,57,9449,21420
2023-08-02 14:41:32,53,55,9449,21420
2023-08-02 14:41:32,52,55,9449,21420
2023-08-02 14:41:32,53,55,9449,21420
2023-08-02 14:41:40,52,55,9449,21420
2023-08-02 14:41:57,53,55,9449,21420
2023-08-02 14:41:58,54,55,9449,21420
2023-08-02 14:41:58,54,58,9449,21420
2023-08-02 14:41:58,54,57,9449,21420
2023-08-02 14:42:04,54,56,9449,21420
2023-08-02 14:42:04,54,57,9449,21420
2023-08-02 14:42:04,54,58,9449,21420
2023-08-02 14:42:11,53,56,9449,21420
2023-08-02 14:42:41,53,55,9449,21420
2023-08-02 14:42:41,53,56,9449,21420
2023-08-02 14:42:45,53,55,9449,21420
2023-08-02 14:42:47,51,55,9449,21420
2023-08-02 14:42:47,52,55,9449,21420
2023-08-02 14:43:06,52,54,9449,21420
2023-08-02 14:43:06,51,54,9449,21420
2023-08-02 14:43:10,51,53,9449,21420
2023-08-02 14:43:20,49,53,9449,21420
2023-08-02 14:43:29,49,55,9449,21420
2023-08-02 14:43:29,49,52,9449,21420
2023-08-02 14:43:41,50,52,9449,21420
2023-08-02 14:43:41,50,55,9449,21420
2023-08-02 14:43:53,49,53,9449,21420
2023-08-02 14:43:55,50,53,9449,21420
2023-08-02 14:43:57,50,51,9449,21420
2023-08-02 14:44:11,50,53,9549,21520
2023-08-02 14:44:22,51,53,9549,21520
2023-08-02 14:44:22,51,56,9549,21520
2023-08-02 14:44:22,51,54,9549,21520
2023-08-02 14:44:40,52,54,9549,21520
2023-08-02 14:44:40,52,57,9549,21520
2023-08-02 14:44:40,52,55,9549,21520
2023-08-02 14:44:45,53,55,9549,21520
2023-08-02 14:44:58,53,56,9549,21520
2023-08-02 14:45:01,54,56,9549,21520
2023-08-02 14:45:01,54,57,9549,21520
2023-08-02 14:45:09,54,56,9549,21520
2023-08-02 14:45:10,53,56,9549,21520
2023-08-02 14:45:17,53,57,9549,21520
2023-08-02 14:45:17,53,55,9549,21520
2023-08-02 14:45:23,52,55,9549,21520
2023-08-02 14:45:47,51,55,9549,21520
2023-08-02 14:45:49,51,56,9549,21520
2023-08-02 14:46:01,51,53,9549,21520
2023-08-02 14:46:02,51,55,9549,21520
2023-08-02 14:46:02,51,52,9549,21520
2023-08-02 14:46:05,49,52,9549,21520
2023-08-02 14:46:06,49,55,9549,21520
2023-08-02 14:46:06,49,53,9549,21520
2023-08-02 14:46:14,50,53,9549,21520
2023-08-02 14:46:16,50,56,9549,21520
2023-08-02 14:46:16,50,54,9549,21520
2023-08-02 14:46:33,50,53,9549,21520
2023-08-02 14:46:45,49,53,9549,21520
2023-08-02 14:46:57,49,55,9549,21520
2023-08-02 14:46:57,49,52,9549,21520
2023-08-02 14:47:00,49,55,9549,21520
2023-08-02 14:47:00,49,51,9549,21520
2023-08-02 14:47:01,49,52,9549,21520
2023-08-02 14:47:03,48,52,9549,21520
2023-08-02 14:47:08,49,52,9549,21520
2023-08-02 14:47:09,48,52,9549,21520
2023-08-02 14:47:12,49,52,9549,21520
2023-08-02 14:47:28,49,51,9549,21520
2023-08-02 14:47:28,49,52,9549,21520
2023-08-02 14:47:30,48,52,9549,21520
2023-08-02 14:47:33,48,51,9549,21520
2023-08-02 14:47:33,48,52,9549,21520
2023-08-02 14:47:41,48,51,9549,21520
2023-08-02 14:47:41,48,52,9549,21520
2023-08-02 14:47:43,49,52,9549,21520
2023-08-02 14:47:47,49,51,9549,21520
2023-08-02 14:47:47,49,52,9549,21520
2023-08-02 14:47:52,49,51,9549,21520
2023-08-02 14:47:57,49,50,9549,21520
2023-08-02 14:47:57,49,51,9549,21520
2023-08-02 14:47:58,49,52,9549,21520
2023-08-02 14:47:58,49,50,9549,21520
2023-08-02 14:48:00,47,50,9549,21520
2023-08-02 14:48:00,48,50,9549,21520
2023-08-02 14:48:00,48,51,9549,21520
2023-08-02 14:48:00,48,50,9549,21520
2023-08-02 14:48:00,48,51,9549,21520
2023-08-02 14:48:04,47,51,9549,21520
2023-08-02 14:48:05,47,50,9549,21520
2023-08-02 14:48:05,47,51,9549,21520
2023-08-02 14:48:08,48,51,9549,21520
2023-08-02 14:48:08,48,51,9549,21522
2023-08-02 14:48:13,48,50,9549,21522
2023-08-02 14:48:15,48,52,9549,21522
2023-08-02 14:48:15,48,49,9549,21522
2023-08-02 14:48:18,47,49,9549,21522
2023-08-02 14:48:19,47,48,9549,21522
2023-08-02 14:48:28,45,48,9549,21523
2023-08-02 14:48:38,45,47,9549,21523
2023-08-02 14:48:38,45,48,9549,21523
2023-08-02 14:48:39,44,48,9549,21523
2023-08-02 14:48:39,44,49,9549,21523
2023-08-02 14:48:39,44,48,9549,21523
2023-08-02 14:48:39,44,49,9549,21523
2023-08-02 14:48:39,46,49,9549,21523
2023-08-02 14:48:42,47,49,9549,21523
2023-08-02 14:48:46,48,49,9549,21523
2023-08-02 14:48:54,49,52,9549,21524
2023-08-02 14:48:54,49,51,9549,21524
2023-08-02 14:48:54,49,52,9549,21524
2023-08-02 14:48:54,49,51,9549,21524
2023-08-02 14:48:54,49,52,9549,21524
2023-08-02 14:48:54,49,51,9549,21524
2023-08-02 14:48:55,49,52,9549,21524
2023-08-02 14:48:55,49,51,9549,21524
2023-08-02 14:48:55,49,52,9549,21524
2023-08-02 14:48:56,48,52,9549,21524
2023-08-02 14:48:56,50,52,9549,21524
2023-08-02 14:48:57,50,53,9549,21524
2023-08-02 14:48:59,50,53,9549,21529
2023-08-02 14:49:01,50,52,9549,21529
2023-08-02 14:49:01,50,53,9549,21529
2023-08-02 14:49:06,50,52,9549,21529
2023-08-02 14:49:18,47,52,9549,21529
2023-08-02 14:49:18,48,52,9549,21529
2023-08-02 14:49:18,48,51,9549,21529
2023-08-02 14:49:18,48,52,9549,21529
2023-08-02 14:49:18,48,51,9549,21529
2023-08-02 14:49:20,47,51,9549,21529
2023-08-02 14:49:21,47,50,9549,21529
2023-08-02 14:49:22,47,53,9549,21529
2023-08-02 14:49:22,47,51,9549,21529
2023-08-02 14:49:22,47,50,9549,21529
2023-08-02 14:49:25,48,50,9549,21529
2023-08-02 14:49:26,48,51,9549,21529
2023-08-02 14:49:28,48,50,9549,21529
2023-08-02 14:49:28,48,51,9549,21529
2023-08-02 14:49:31,48,50,9549,21529
2023-08-02 14:49:32,48,51,9549,21529
2023-08-02 14:49:32,48,50,9549,21529
2023-08-02 14:49:45,48,51,9549,21529
2023-08-02 14:49:45,47,51,9549,21529
2023-08-02 14:49:52,48,51,9549,21529
2023-08-02 14:49:55,48,50,9549,21529
2023-08-02 14:49:59,48,52,9549,21529
2023-08-02 14:49:59,48,51,9549,21529
2023-08-02 14:50:01,48,52,9549,21529
2023-08-02 14:50:01,48,50,9549,21529
2023-08-02 14:50:10,48,52,9549,21529
2023-08-02 14:50:10,48,51,9549,21529
2023-08-02 14:50:32,48,52,9549,21529
2023-08-02 14:50:37,48,51,9549,21529
2023-08-02 14:50:44,48,50,9549,21529
2023-08-02 14:50:47,46,50,9547,21531
2023-08-02 14:50:50,46,51,9547,21531
2023-08-02 14:50:52,47,51,9547,21531
2023-08-02 14:50:52,47,52,9547,21531
2023-08-02 14:50:52,47,51,9547,21531
2023-08-02 14:50:52,47,52,9547,21531
2023-08-02 14:50:58,47,51,9547,21531
2023-08-02 14:50:58,47,52,9547,21531
2023-08-02 14:51:04,47,51,9547,21531
2023-08-02 14:51:06,46,51,9547,21531
2023-08-02 14:51:06,46,50,9547,21531
2023-08-02 14:51:11,46,49,9547,21531
2023-08-02 14:51:14,44,49,9547,21531
2023-08-02 14:51:14,44,48,9547,21531
2023-08-02 14:51:14,43,48,9547,21531
2023-08-02 14:51:25,44,48,9547,21531
2023-08-02 14:51:27,43,48,9547,21531
2023-08-02 14:51:33,44,48,9547,21531
2023-08-02 14:51:34,44,50,9547,21531
2023-08-02 14:51:41,46,49,9547,21531
2023-08-02 14:51:41,46,50,9547,21531
2023-08-02 14:51:41,46,50,9547,21532
2023-08-02 14:51:48,47,50,9547,21532
2023-08-02 14:51:48,47,52,9547,21532
2023-08-02 14:51:48,47,51,9547,21532
2023-08-02 14:51:50,47,52,9547,21532
2023-08-02 14:51:51,48,52,9547,21532
2023-08-02 14:51:53,47,52,9547,21532
2023-08-02 14:52:02,48,52,9547,21532
2023-08-02 14:52:08,47,52,9547,21532
2023-08-02 14:52:11,47,51,9547,21532
2023-08-02 14:52:15,46,51,9547,21532
2023-08-02 14:52:15,46,52,9547,21532
2023-08-02 14:52:15,46,50,9547,21532
2023-08-02 14:52:44,47,50,9547,21532
2023-08-02 14:52:44,47,52,9547,21532
2023-08-02 14:52:44,47,51,9547,21532
2023-08-02 14:52:50,47,50,9547,21532
2023-08-02 14:52:50,47,51,9547,21532
2023-08-02 14:52:55,47,50,9547,21532
2023-08-02 14:52:55,47,51,9547,21532
2023-08-02 14:53:02,46,51,9547,21532
2023-08-02 14:53:02,46,50,9547,21532
2023-08-02 14:53:02,46,51,9547,21532
2023-08-02 14:53:02,46,50,9547,21532
2023-08-02 14:53:10,46,49,9547,21532
2023-08-02 14:53:23,46,50,9547,21532
2023-08-02 14:53:23,46,49,9547,21532
2023-08-02 14:53:30,46,50,9547,21532
2023-08-02 14:53:36,46,48,9547,21532
2023-08-02 14:53:36,46,49,9547,21532
2023-08-02 14:53:39,46,48,9547,21532
2023-08-02 14:53:45,46,49,9547,21532
2023-08-02 14:53:45,46,48,9547,21532
2023-08-02 14:54:03,46,50,9547,21532
2023-08-02 14:54:03,46,49,9547,21532
2023-08-02 14:54:08,46,48,9547,21532
2023-08-02 14:54:10,44,48,9547,21532
2023-08-02 14:54:17,45,48,9547,21532
2023-08-02 14:54:26,45,50,9547,21532
2023-08-02 14:54:26,45,48,9547,21532
2023-08-02 14:54:26,45,50,9547,21532
2023-08-02 14:54:26,45,49,9547,21532
2023-08-02 14:54:34,47,49,9547,21532
2023-08-02 14:54:34,47,50,9547,21532
2023-08-02 14:54:38,47,52,9547,21532
2023-08-02 14:54:44,46,51,9547,21532
2023-08-02 14:54:44,45,51,9547,21532
2023-08-02 14:54:44,45,50,9547,21532
2023-08-02 14:54:44,45,49,9547,21532
2023-08-02 14:54:44,45,50,9547,21532
2023-08-02 14:55:07,45,48,9547,21532
2023-08-02 14:55:31,46,48,9547,21532
2023-08-02 14:55:32,45,48,9547,21532
2023-08-02 14:55:32,48,50,9497,21582
2023-08-02 14:55:32,48,50,9497,21593
2023-08-02 14:55:34,48,51,9497,21593
2023-08-02 14:55:36,48,52,9497,21593
2023-08-02 14:55:36,48,51,9497,21593
2023-08-02 14:55:48,49,51,9497,21593
2023-08-02 14:55:49,49,53,9497,21593
2023-08-02 14:55:49,49,52,9497,21593
2023-08-02 14:55:55,50,52,9497,21593
2023-08-02 14:55:56,50,53,9497,21593
2023-08-02 14:55:57,51,53,9497,21593
2023-08-02 14:55:58,50,53,9497,21593
2023-08-02 14:55:58,50,55,9497,21593
2023-08-02 14:56:01,50,54,9497,21593
2023-08-02 14:56:01,50,55,9497,21593
2023-08-02 14:56:01,50,54,9497,21593
2023-08-02 14:56:05,49,54,9497,21593
2023-08-02 14:56:05,49,53,9497,21593
2023-08-02 14:56:28,48,53,9497,21593
2023-08-02 14:56:29,48,52,9497,21593
2023-08-02 14:56:29,48,51,9497,21593
2023-08-02 14:56:32,47,51,9497,21593
2023-08-02 14:56:51,48,51,9497,21593
2023-08-02 14:56:51,48,52,9497,21593
2023-08-02 14:56:55,48,51,9497,21593
2023-08-02 14:56:55,48,52,9497,21593
2023-08-02 14:57:02,48,51,9497,21593
2023-08-02 14:57:02,48,52,9497,21593
2023-08-02 14:57:07,48,51,9497,21593
2023-08-02 14:57:07,48,52,9497,21593
2023-08-02 14:57:12,48,51,9497,21593
2023-08-02 14:57:12,48,52,9497,21593
2023-08-02 14:57:22,49,52,9497,21593
2023-08-02 14:57:23,49,54,9497,21593
2023-08-02 14:57:23,49,53,9497,21593
2023-08-02 14:57:39,48,53,9497,21593
2023-08-02 14:57:39,48,52,9497,21593
2023-08-02 14:57:44,48,51,9497,21593
2023-08-02 14:57:44,48,52,9497,21593
2023-08-02 14:57:44,48,51,9497,21593
2023-08-02 14:58:06,48,53,9497,21593
2023-08-02 14:58:06,48,52,9497,21593
2023-08-02 14:58:12,48,51,9497,21593
2023-08-02 14:58:12,48,52,9497,21593
2023-08-02 14:58:12,48,53,9497,21593
2023-08-02 14:58:12,48,51,9497,21593
2023-08-02 14:58:14,48,52,9497,21593
2023-08-02 14:58:14,48,51,9497,21593
2023-08-02 14:58:14,48,52,9497,21593
2023-08-02 14:58:16,49,52,9497,21593
2023-08-02 14:58:16,49,53,9497,21593
2023-08-02 14:58:30,50,53,9497,21593
2023-08-02 14:58:30,50,54,9497,21593
2023-08-02 14:58:34,51,54,9497,21593
2023-08-02 14:58:35,51,55,9497,21593
2023-08-02 14:58:35,51,54,9497,21593
2023-08-02 14:58:37,51,55,9497,21593
2023-08-02 14:58:41,51,54,9497,21593
2023-08-02 14:58:41,51,55,9497,21593
2023-08-02 14:58:47,51,57,9497,21593
2023-08-02 14:58:47,51,54,9497,21593
2023-08-02 14:58:59,51,55,9497,21593
2023-08-02 14:59:20,51,56,9497,21593
2023-08-02 14:59:23,50,54,9497,21593
2023-08-02 14:59:25,49,54,9497,21593
2023-08-02 14:59:25,49,53,9497,21593
2023-08-02 14:59:32,49,52,9497,21593
2023-08-02 14:59:32,49,53,9497,21593
2023-08-02 14:59:38,49,52,9497,21593
2023-08-02 14:59:38,49,53,9497,21593
2023-08-02 14:59:44,49,52,9497,21593
2023-08-02 14:59:44,49,53,9497,21593
2023-08-02 14:59:47,49,52,9497,21593
2023-08-02 14:59:48,48,52,9497,21593
2023-08-02 15:00:02,49,52,9497,21593
2023-08-02 15:00:02,49,53,9497,21593
2023-08-02 15:00:02,49,52,9497,21593
2023-08-02 15:00:08,48,52,9497,21593
2023-08-02 15:00:12,48,51,9497,21593
2023-08-02 15:00:12,48,50,9497,21593
2023-08-02 15:00:16,47,50,9497,21593
2023-08-02 15:00:16,46,50,9497,21593
2023-08-02 15:00:17,46,51,9497,21593
2023-08-02 15:00:17,46,50,9497,21593
2023-08-02 15:00:21,47,50,9497,21593
2023-08-02 15:00:23,47,51,9497,21593
2023-08-02 15:00:23,47,50,9497,21593
2023-08-02 15:00:25,46,50,9497,21593
2023-08-02 15:00:28,46,49,9497,21593
2023-08-02 15:00:31,45,49,9497,21593
2023-08-02 15:00:35,45,51,9497,21593
2023-08-02 15:00:35,45,50,9497,21593
2023-08-02 15:00:41,45,49,9497,21593
2023-08-02 15:00:46,45,48,9497,21593
2023-08-02 15:00:46,45,49,9497,21593
2023-08-02 15:00:49,45,51,9497,21593
2023-08-02 15:00:51,45,49,9497,21593
2023-08-02 15:00:55,45,48,9497,21593
2023-08-02 15:00:55,45,49,9497,21593
2023-08-02 15:00:59,46,49,9497,21593
2023-08-02 15:00:59,46,51,9497,21593
2023-08-02 15:00:59,46,50,9497,21593
2023-08-02 15:01:13,45,50,9497,21593
2023-08-02 15:01:22,45,49,9497,21593
2023-08-02 15:01:27,45,48,9497,21593
2023-08-02 15:01:27,45,49,9497,21593
2023-08-02 15:01:35,45,48,9497,21593
2023-08-02 15:01:35,45,49,9497,21593
2023-08-02 15:01:36,45,51,9497,21593
2023-08-02 15:01:36,45,48,9497,21593
2023-08-02 15:02:00,44,48,9497,21593
2023-08-02 15:02:00,44,47,9497,21593
2023-08-02 15:02:00,44,48,9497,21593
2023-08-02 15:02:10,44,47,9497,21593
2023-08-02 15:02:10,44,48,9497,21593
2023-08-02 15:02:15,44,47,9497,21593
2023-08-02 15:02:15,44,48,9497,21593
2023-08-02 15:02:23,44,48,9497,21613
2023-08-02 15:02:23,45,48,9497,21613
2023-08-02 15:02:49,46,48,9497,21613
2023-08-02 15:02:50,46,50,9497,21613
2023-08-02 15:02:50,46,49,9497,21613
2023-08-02 15:02:50,46,50,9497,21613
2023-08-02 15:02:54,45,50,9497,21613
2023-08-02 15:02:57,46,50,9497,21613
2023-08-02 15:03:01,46,51,9497,21613
2023-08-02 15:03:03,45,51,9497,21613
2023-08-02 15:03:03,45,50,9497,21613
2023-08-02 15:03:05,45,49,9497,21613
2023-08-02 15:03:05,45,50,9497,21613
2023-08-02 15:03:10,45,49,9497,21613
2023-08-02 15:03:22,45,48,9497,21613
2023-08-02 15:03:25,44,48,9497,21613
2023-08-02 15:03:26,44,49,9497,21613
2023-08-02 15:03:26,44,47,9497,21613
2023-08-02 15:03:40,44,46,9497,21613
2023-08-02 15:03:40,44,47,9497,21613
2023-08-02 15:03:41,44,46,9497,21613
2023-08-02 15:03:46,42,46,9495,21615
2023-08-02 15:03:47,42,47,9495,21615
2023-08-02 15:03:50,41,45,9495,21615
2023-08-02 15:03:51,41,46,9495,21615
2023-08-02 15:03:51,40,44,9495,21615
2023-08-02 15:04:05,40,43,9495,21615
2023-08-02 15:04:23,38,43,9495,21615
2023-08-02 15:04:24,38,42,9495,21615
2023-08-02 15:04:27,38,41,9495,21615
2023-08-02 15:04:40,38,42,9495,21615
2023-08-02 15:04:40,38,39,9495,21615
2023-08-02 15:04:53,38,42,9495,21615
2023-08-02 15:05:08,39,42,9495,21615
2023-08-02 15:05:08,39,44,9495,21615
2023-08-02 15:05:08,39,43,9495,21615
2023-08-02 15:05:14,38,43,9495,21615
2023-08-02 15:05:18,38,42,9495,21615
2023-08-02 15:05:26,38,44,9495,21615
2023-08-02 15:05:26,38,43,9495,21615
2023-08-02 15:05:27,39,43,9495,21615
2023-08-02 15:05:30,38,43,9495,21615
2023-08-02 15:05:36,39,43,9495,21615
2023-08-02 15:05:41,39,44,9495,21615
2023-08-02 15:05:42,41,44,9495,21615
2023-08-02 15:05:42,41,45,9495,21615
2023-08-02 15:05:43,42,45,9495,21615
2023-08-02 15:05:43,42,46,9495,21615
2023-08-02 15:05:47,42,49,9495,21615
2023-08-02 15:05:47,42,47,9495,21615
2023-08-02 15:05:49,42,46,9495,21615
2023-08-02 15:05:49,42,47,9495,21615
2023-08-02 15:05:55,42,46,9495,21615
2023-08-02 15:05:55,42,47,9495,21615
2023-08-02 15:05:57,44,47,9495,21615
2023-08-02 15:06:00,44,49,9495,21615
2023-08-02 15:06:10,44,50,9495,21615
2023-08-02 15:06:13,46,49,9495,21615
2023-08-02 15:06:13,46,50,9495,21615
2023-08-02 15:06:13,46,49,9495,21615
2023-08-02 15:06:13,46,50,9495,21615
2023-08-02 15:06:14,46,53,9495,21615
2023-08-02 15:06:14,46,51,9495,21615
2023-08-02 15:06:14,46,50,9495,21615
2023-08-02 15:06:20,46,51,9495,21615
2023-08-02 15:06:20,46,50,9495,21615
2023-08-02 15:06:24,47,50,9495,21615
2023-08-02 15:06:25,48,50,9495,21615
2023-08-02 15:06:26,48,50,9495,21617
2023-08-02 15:06:29,48,52,9495,21617
2023-08-02 15:06:29,48,53,9495,21617
2023-08-02 15:06:32,48,52,9495,21617
2023-08-02 15:06:32,48,53,9495,21617
2023-08-02 15:06:32,48,52,9495,21617
2023-08-02 15:06:33,49,52,9495,21617
2023-08-02 15:06:34,50,52,9495,21617
2023-08-02 15:06:35,51,52,9495,21617
2023-08-02 15:06:37,50,52,9495,21617
2023-08-02 15:06:38,50,54,9495,21617
2023-08-02 15:06:38,50,55,9495,21617
2023-08-02 15:06:38,50,54,9495,21617
2023-08-02 15:06:41,50,55,9495,21617
2023-08-02 15:06:42,50,54,9495,21617
2023-08-02 15:06:44,50,55,9495,21617
2023-08-02 15:06:46,51,55,9495,21617
2023-08-02 15:06:47,51,56,9495,21617
2023-08-02 15:06:47,51,54,9495,21617
2023-08-02 15:06:47,51,56,9495,21617
2023-08-02 15:06:49,52,56,9495,21617
2023-08-02 15:06:52,52,55,9495,21617
2023-08-02 15:06:53,52,56,9495,21617
2023-08-02 15:06:54,52,58,9495,21617
2023-08-02 15:07:06,54,57,9495,21617
2023-08-02 15:07:07,55,57,9495,21617
2023-08-02 15:07:09,55,59,9495,21617
2023-08-02 15:07:09,55,60,9495,21617
2023-08-02 15:07:09,55,59,9495,21617
2023-08-02 15:07:09,56,59,9495,21617
2023-08-02 15:07:11,56,61,9495,21617
2023-08-02 15:07:12,57,61,9495,21617
2023-08-02 15:07:15,57,62,9495,21617
2023-08-02 15:07:15,57,61,9495,21617
2023-08-02 15:07:17,58,61,9495,21617
2023-08-02 15:07:19,58,62,9495,21617
2023-08-02 15:07:19,59,62,9495,21617
2023-08-02 15:07:22,59,63,9495,21617
2023-08-02 15:07:22,59,64,9495,21617
2023-08-02 15:07:22,59,63,9495,21617
2023-08-02 15:07:22,58,63,9495,21617
2023-08-02 15:07:22,60,63,9495,21617
2023-08-02 15:07:23,60,65,9495,21617
2023-08-02 15:07:23,60,64,9495,21617
2023-08-02 15:07:29,60,65,9495,21617
2023-08-02 15:07:29,60,64,9495,21617
2023-08-02 15:07:32,61,64,9495,21617
2023-08-02 15:07:37,60,64,9495,21617
2023-08-02 15:07:41,60,65,9495,21617
2023-08-02 15:07:41,60,64,9495,21617
2023-08-02 15:07:42,60,65,9495,21617
2023-08-02 15:07:42,60,64,9495,21617
2023-08-02 15:07:46,61,64,9495,21617
2023-08-02 15:07:47,61,65,9495,21617
2023-08-02 15:07:52,61,65,9495,21617
2023-08-02 15:07:52,61,64,9495,21617
2023-08-02 15:07:59,62,64,9495,21617
2023-08-02 15:07:59,62,66,9495,21617
2023-08-02 15:07:59,62,64,9495,21617
2023-08-02 15:08:00,62,66,9495,21617
2023-08-02 15:08:00,62,65,9495,21617
2023-08-02 15:08:02,61,65,9495,21617
2023-08-02 15:08:02,63,65,9495,21617
2023-08-02 15:08:06,62,65,9495,21617
2023-08-02 15:08:08,61,65,9495,21617
2023-08-02 15:08:10,60,65,9495,21617
2023-08-02 15:08:15,61,65,9495,21617
2023-08-02 15:08:27,62,65,9495,21617
2023-08-02 15:08:29,62,66,9495,21617
2023-08-02 15:08:35,62,66,9495,21617
2023-08-02 15:08:36,63,66,9495,21617
2023-08-02 15:08:38,64,66,9495,21617
2023-08-02 15:08:48,64,68,9495,21617
2023-08-02 15:08:54,65,68,9495,21617
2023-08-02 15:08:55,65,67,9495,21617
2023-08-02 15:09:10,65,68,9495,21617
2023-08-02 15:09:10,65,67,9495,21617
2023-08-02 15:09:15,63,67,9495,21617
2023-08-02 15:09:17,64,67,9495,21617
2023-08-02 15:09:21,63,67,9495,21617
2023-08-02 15:09:34,62,67,9495,21617
2023-08-02 15:09:34,64,67,9495,21617
2023-08-02 15:09:35,63,67,9495,21617
2023-08-02 15:09:41,63,64,9495,21617
2023-08-02 15:09:43,62,64,9495,21617
2023-08-02 15:09:57,63,64,9495,21617
2023-08-02 15:10:25,64,68,9495,21618
2023-08-02 15:10:26,63,68,9495,21618
2023-08-02 15:10:27,64,68,9495,21618
2023-08-02 15:10:28,63,68,9495,21618
2023-08-02 15:10:30,64,68,9495,21618
2023-08-02 15:10:40,65,68,9495,21618
2023-08-02 15:10:43,65,70,9495,21618
2023-08-02 15:10:43,66,70,9495,21618
2023-08-02 15:10:49,67,70,9495,21618
2023-08-02 15:11:27,66,70,9495,21618
2023-08-02 15:11:28,66,69,9495,21618
2023-08-02 15:11:28,66,70,9495,21618
2023-08-02 15:11:29,65,70,9495,21618
2023-08-02 15:11:29,65,69,9495,21618
2023-08-02 15:11:32,64,69,9495,21618
2023-08-02 15:11:33,64,68,9495,21618
2023-08-02 15:11:38,64,69,9495,21618
2023-08-02 15:11:38,64,68,9495,21618
2023-08-02 15:11:40,65,68,9495,21618
2023-08-02 15:11:49,65,69,9495,21618
2023-08-02 15:11:49,65,68,9495,21618
2023-08-02 15:11:49,65,69,9495,21618
2023-08-02 15:11:51,65,70,9495,21618
2023-08-02 15:11:52,66,70,9495,21618
2023-08-02 15:11:53,65,70,9495,21618
2023-08-02 15:11:55,66,70,9495,21618
2023-08-02 15:11:59,67,70,9495,21618
2023-08-02 15:12:31,67,72,9495,21618
2023-08-02 15:12:33,68,72,9495,21618
2023-08-02 15:12:35,67,72,9495,21618
2023-08-02 15:12:37,68,72,9495,21618
2023-08-02 15:12:41,69,72,9495,21618
2023-08-02 15:12:41,69,71,9495,21618
2023-08-02 15:12:41,69,72,9495,21618
2023-08-02 15:12:46,69,71,9495,21618
2023-08-02 15:12:46,69,72,9495,21618
2023-08-02 15:12:52,69,71,9495,21618
2023-08-02 15:12:52,69,72,9495,21618
2023-08-02 15:12:57,69,71,9495,21618
2023-08-02 15:12:57,69,72,9495,21618
2023-08-02 15:13:02,69,71,9495,21618
2023-08-02 15:13:02,69,72,9495,21618
2023-08-02 15:13:08,69,71,9495,21618
2023-08-02 15:13:08,69,72,9495,21618
2023-08-02 15:13:11,68,72,9495,21618
2023-08-02 15:13:14,69,72,9495,21618
2023-08-02 15:13:14,69,71,9495,21618
2023-08-02 15:13:14,69,72,9495,21618
2023-08-02 15:13:20,69,71,9495,21618
2023-08-02 15:13:20,69,72,9495,21618
2023-08-02 15:13:21,71,72,9495,21618
2023-08-02 15:13:23,71,72,9495,21628
2023-08-02 15:13:29,71,73,9495,21628
2023-08-02 15:13:36,71,72,9495,21628
2023-08-02 15:13:41,71,73,9495,21628
2023-08-02 15:13:42,71,79,11495,23628
2023-08-02 15:13:42,71,74,11495,23628
2023-08-02 15:13:43,73,74,11495,23628
2023-08-02 15:13:43,76,79,11495,23723
2023-08-02 15:13:43,76,79,11495,23768
2023-08-02 15:13:43,76,78,11495,23768
2023-08-02 15:13:43,75,76,11495,23828
2023-08-02 15:13:43,75,76,11495,23873
2023-08-02 15:13:43,75,76,11495,23883
2023-08-02 15:13:43,75,76,11495,23983
2023-08-02 15:13:44,75,76,11495,24028
2023-08-02 15:13:47,74,76,11295,24228
2023-08-02 15:13:47,74,75,11295,24228
2023-08-02 15:14:05,74,76,11295,24228
2023-08-02 15:14:32,74,75,11295,24228
2023-08-02 15:14:32,74,76,11295,24228
2023-08-02 15:14:36,74,75,11295,24228
2023-08-02 15:14:36,74,75,11295,24273
2023-08-02 15:14:36,74,75,11295,24318
2023-08-02 15:14:46,74,76,11295,24318
2023-08-02 15:14:57,75,76,11295,24318
2023-08-02 15:15:05,75,76,11295,24408
2023-08-02 15:15:09,75,76,11236,24467
2023-08-02 15:15:10,76,77,11236,24517
2023-08-02 15:15:10,76,77,11236,24562
2023-08-02 15:15:11,75,77,11236,24617
2023-08-02 15:15:15,75,76,11236,24617
2023-08-02 15:15:17,74,76,11236,24698
2023-08-02 15:15:22,74,76,11236,24708
2023-08-02 15:15:24,74,77,11236,24708
2023-08-02 15:15:25,74,78,11236,24708
2023-08-02 15:16:07,75,78,11236,24708
2023-08-02 15:16:10,75,78,11257,24729
2023-08-02 15:16:17,74,78,11257,24729
2023-08-02 15:16:24,75,78,11257,24729
2023-08-02 15:16:39,74,78,11257,24729
2023-08-02 15:16:46,75,78,11257,24729
2023-08-02 15:17:09,76,78,11257,24729
2023-08-02 15:17:28,77,78,11257,24729
2023-08-02 15:17:28,77,78,11257,24784
2023-08-02 15:17:33,77,78,11257,24844
2023-08-02 15:17:40,77,78,11257,24909
2023-08-02 15:17:45,76,78,11257,24909
2023-08-02 15:17:56,77,78,11257,24909
2023-08-02 15:18:32,77,79,11371,25023
2023-08-02 15:19:08,76,79,11371,25023
2023-08-02 15:19:31,77,79,11371,25023
2023-08-02 15:19:35,76,79,11371,25023
2023-08-02 15:19:36,77,79,11371,25023
2023-08-02 15:19:42,76,79,11371,25023
2023-08-02 15:19:43,77,79,11371,25023
2023-08-02 15:19:45,76,79,11371,25023
2023-08-02 15:19:47,76,78,11371,25023
2023-08-02 15:19:51,77,78,11371,25023
2023-08-02 15:19:52,77,79,11371,25023
2023-08-02 15:20:01,77,80,11371,25023
2023-08-02 15:20:01,77,78,11371,25023
2023-08-02 15:20:03,77,79,11371,25023
2023-08-02 15:20:09,78,79,11371,25023
2023-08-02 15:20:14,77,79,11371,25023
2023-08-02 15:20:19,77,80,11371,25023
2023-08-02 15:20:19,77,78,11371,25023
2023-08-02 15:20:23,77,78,11371,25068
2023-08-02 15:20:23,77,78,11371,25087
2023-08-02 15:20:32,76,78,11371,25087
2023-08-02 15:20:36,76,78,11371,25132
2023-08-02 15:20:37,77,78,11371,25132
2023-08-02 15:20:37,76,78,11371,25177
2023-08-02 15:20:37,76,77,11371,25177
2023-08-02 15:20:38,76,78,11371,25222
2023-08-02 15:20:39,77,78,11371,25222
2023-08-02 15:21:16,77,82,11371,25267
2023-08-02 15:21:16,77,81,11371,25267
2023-08-02 15:21:16,77,78,11371,25267
2023-08-02 15:21:16,77,79,11371,25267
2023-08-02 15:21:19,78,79,11371,25267
2023-08-02 15:21:20,77,79,11371,25267
2023-08-02 15:21:21,78,79,11371,25267
2023-08-02 15:21:30,78,80,11371,25267
2023-08-02 15:21:35,78,82,11371,25267
2023-08-02 15:21:35,78,81,11371,25267
2023-08-02 15:21:45,78,82,11371,25267
2023-08-02 15:21:45,78,80,11371,25267
2023-08-02 15:21:52,78,82,11371,25267
2023-08-02 15:21:52,78,81,11371,25267
2023-08-02 15:21:55,78,80,11371,25267
2023-08-02 15:22:06,78,81,11371,25267
2023-08-02 15:22:12,78,82,11371,25267
2023-08-02 15:22:12,78,80,11371,25267
2023-08-02 15:22:26,79,80,11371,25267
2023-08-02 15:22:26,79,81,11371,25267
2023-08-02 15:22:58,79,82,11371,25267
2023-08-02 15:23:01,79,81,11371,25267
2023-08-02 15:23:06,79,82,11371,25267
2023-08-02 15:23:52,80,82,11371,25267
2023-08-02 15:23:52,80,82,11371,25327
2023-08-02 15:23:53,80,83,11371,25327
2023-08-02 15:23:53,80,82,11371,25327
2023-08-02 15:23:55,80,83,11371,25327
2023-08-02 15:24:22,80,84,11371,25327
2023-08-02 15:24:22,80,83,11371,25327
2023-08-02 15:24:22,80,84,11371,25327
2023-08-02 15:24:49,81,84,11371,25327
2023-08-02 15:24:56,80,84,11371,25327
2023-08-02 15:25:07,81,84,11371,25327
2023-08-02 15:25:09,80,84,11371,25327
2023-08-02 15:25:15,80,83,11371,25327
2023-08-02 15:25:20,81,83,11371,25327
2023-08-02 15:25:20,81,84,11371,25327
2023-08-02 15:25:29,81,85,11371,25327
2023-08-02 15:25:33,81,84,11371,25327
2023-08-02 15:25:43,81,85,11371,25327
2023-08-02 15:25:49,82,85,11371,25327
2023-08-02 15:26:11,83,85,11371,25327
2023-08-02 15:26:20,82,85,11371,25327
2023-08-02 15:26:20,84,85,11371,25327
2023-08-02 15:26:20,82,85,11371,25372
2023-08-02 15:26:59,83,85,11371,25372
2023-08-02 15:27:29,83,84,11371,25372
2023-08-02 15:27:29,82,84,11371,25372
2023-08-02 15:29:13,82,84,11371,25377
2023-08-02 15:29:17,82,84,11371,25422
2023-08-02 15:29:17,82,84,11371,25511
2023-08-02 15:29:19,82,84,11371,25534
2023-08-02 15:31:03,83,84,11371,25534
2023-08-02 15:31:24,83,84,11382,25545
2023-08-02 15:31:37,82,83,11382,25590
2023-08-02 15:32:17,82,83,11182,25790
2023-08-02 15:32:28,82,83,10982,25990
2023-08-02 15:32:35,82,83,10782,26190
2023-08-02 15:32:37,82,85,10782,26265
2023-08-02 15:33:20,83,85,10782,26265
2023-08-02 15:33:37,83,84,10782,26265
2023-08-02 15:33:37,83,84,10782,26395
2023-08-02 15:33:37,83,85,10782,26395
2023-08-02 15:33:39,83,84,10782,26525
2023-08-02 15:33:39,83,84,10782,26595
2023-08-02 15:33:42,83,84,10782,26640
2023-08-02 15:33:42,83,85,10782,26640
2023-08-02 15:33:42,83,84,10782,26640
2023-08-02 15:33:52,83,84,10782,26685
2023-08-02 15:33:58,83,85,10782,26685
2023-08-02 15:34:29,83,85,10782,26745
2023-08-02 15:34:30,84,85,10782,26745
2023-08-02 15:34:33,84,86,10782,26745
2023-08-02 15:35:04,85,86,10782,26745
2023-08-02 15:36:29,86,87,10737,26790
2023-08-02 15:37:03,86,87,10737,26835
2023-08-02 15:37:03,86,87,10768,26880
2023-08-02 15:37:03,86,87,10813,26925
2023-08-02 15:37:04,85,87,10813,26925
2023-08-02 15:37:04,85,86,10813,26925
2023-08-02 15:37:27,85,86,10858,26970
2023-08-02 15:37:29,84,85,10888,27000
2023-08-02 15:37:30,85,86,10903,27015
2023-08-02 15:37:31,84,86,10903,27015
2023-08-02 15:37:33,83,86,10903,27015
2023-08-02 15:37:36,83,85,10903,27015
2023-08-02 15:37:36,83,86,10903,27015
2023-08-02 15:37:36,83,85,10903,27015
2023-08-02 15:37:37,83,86,10903,27015
2023-08-02 15:37:37,83,85,10903,27015
2023-08-02 15:37:38,83,86,10903,27015
2023-08-02 15:37:38,83,85,10903,27015
2023-08-02 15:37:39,83,86,10903,27015
2023-08-02 15:37:39,83,85,10903,27015
2023-08-02 15:37:39,83,86,10903,27015
2023-08-02 15:37:39,83,85,10903,27015
2023-08-02 15:37:40,83,86,10903,27015
2023-08-02 15:37:40,83,85,10903,27015
2023-08-02 15:37:40,83,86,10903,27015
2023-08-02 15:37:40,83,85,10903,27015
2023-08-02 15:37:41,83,86,10903,27015
2023-08-02 15:37:41,83,85,10903,27015
2023-08-02 15:37:42,83,86,10903,27015
2023-08-02 15:37:42,83,85,10903,27015
2023-08-02 15:37:43,83,86,10903,27015
2023-08-02 15:37:43,83,85,10903,27015
2023-08-02 15:37:43,83,86,10903,27015
2023-08-02 15:37:43,83,85,10903,27015
2023-08-02 15:37:44,83,86,10903,27015
2023-08-02 15:37:44,83,85,10903,27015
2023-08-02 15:37:44,83,86,10903,27015
2023-08-02 15:37:44,83,85,10903,27015
2023-08-02 15:37:45,83,86,10903,27015
2023-08-02 15:37:45,83,85,10903,27015
2023-08-02 15:37:47,83,86,10903,27015
2023-08-02 15:37:47,83,84,10903,27015
2023-08-02 15:37:47,82,84,10903,27015
2023-08-02 15:37:50,83,84,10903,27015
2023-08-02 15:37:52,83,85,10903,27015
2023-08-02 15:37:52,83,84,10903,27015
2023-08-02 15:37:52,83,85,10903,27015
2023-08-02 15:37:53,83,86,10903,27015
2023-08-02 15:37:53,83,85,10903,27015
2023-08-02 15:37:53,83,86,10903,27015
2023-08-02 15:37:54,83,85,10903,27015
2023-08-02 15:37:54,83,86,10903,27015
2023-08-02 15:37:54,83,85,10903,27015
2023-08-02 15:37:55,83,86,10903,27015
2023-08-02 15:37:55,83,85,10903,27015
2023-08-02 15:37:56,83,86,10903,27015
2023-08-02 15:37:56,83,85,10903,27015
2023-08-02 15:37:56,83,86,10903,27015
2023-08-02 15:37:56,83,85,10903,27015
2023-08-02 15:37:57,83,86,10903,27015
2023-08-02 15:37:57,83,85,10903,27015
2023-08-02 15:37:57,83,86,10903,27015
2023-08-02 15:37:57,83,85,10903,27015
2023-08-02 15:37:58,83,86,10903,27015
2023-08-02 15:37:58,83,85,10903,27015
2023-08-02 15:38:01,82,85,10903,27015
2023-08-02 15:38:02,82,84,10903,27015
2023-08-02 15:38:15,83,84,10903,27015
2023-08-02 15:38:15,83,86,10903,27015
2023-08-02 15:38:15,83,85,10903,27015
2023-08-02 15:38:16,83,86,10903,27015
2023-08-02 15:38:16,83,85,10903,27015
2023-08-02 15:38:17,83,86,10903,27015
2023-08-02 15:38:17,83,85,10903,27015
2023-08-02 15:38:17,83,86,10903,27015
2023-08-02 15:38:17,83,85,10903,27015
2023-08-02 15:38:18,83,86,10903,27015
2023-08-02 15:38:18,83,85,10903,27015
2023-08-02 15:38:18,83,86,10903,27015
2023-08-02 15:38:18,83,85,10903,27015
2023-08-02 15:38:19,83,86,10903,27015
2023-08-02 15:38:19,83,85,10903,27015
2023-08-02 15:38:20,83,86,10903,27015
2023-08-02 15:38:20,83,85,10903,27015
2023-08-02 15:38:20,83,86,10903,27015
2023-08-02 15:38:20,83,85,10903,27015
2023-08-02 15:38:21,83,86,10903,27015
2023-08-02 15:38:21,83,85,10903,27015
2023-08-02 15:38:22,83,86,10903,27015
2023-08-02 15:38:22,83,85,10903,27015
2023-08-02 15:38:22,83,86,10903,27015
2023-08-02 15:38:22,83,85,10903,27015
2023-08-02 15:38:23,83,86,10903,27015
2023-08-02 15:38:23,83,85,10903,27015
2023-08-02 15:38:23,83,86,10903,27015
2023-08-02 15:38:23,83,85,10903,27015
2023-08-02 15:38:24,83,86,10903,27015
2023-08-02 15:38:24,83,85,10903,27015
2023-08-02 15:38:24,83,86,10903,27015
2023-08-02 15:38:24,83,85,10903,27015
2023-08-02 15:38:25,83,86,10903,27015
2023-08-02 15:38:25,83,85,10903,27015
2023-08-02 15:38:26,83,86,10903,27015
2023-08-02 15:38:26,83,85,10903,27015
2023-08-02 15:38:26,83,86,10903,27015
2023-08-02 15:38:26,83,85,10903,27015
2023-08-02 15:38:27,83,86,10903,27015
2023-08-02 15:38:27,83,85,10903,27015
2023-08-02 15:38:27,83,86,10903,27015
2023-08-02 15:38:27,83,85,10903,27015
2023-08-02 15:38:28,84,85,10903,27015
2023-08-02 15:38:28,84,86,10903,27015
2023-08-02 15:38:28,84,85,10903,27015
2023-08-02 15:38:29,85,86,10948,27060
2023-08-02 15:38:34,86,87,10993,27105
2023-08-02 15:38:34,86,88,10993,27105
2023-08-02 15:38:34,86,87,10993,27105
2023-08-02 15:38:56,85,87,10993,27105
2023-08-02 15:39:04,86,87,10993,27105
2023-08-02 15:39:40,86,88,10993,27105
2023-08-02 15:39:44,86,87,10993,27105
2023-08-02 15:39:47,85,87,10993,27105
2023-08-02 15:39:50,86,87,10993,27105
2023-08-02 15:40:00,85,87,10993,27105
2023-08-02 15:40:01,86,87,10993,27105
2023-08-02 15:40:03,85,87,10993,27105
2023-08-02 15:40:06,86,87,10993,27105
2023-08-02 15:40:07,86,88,10993,27105
2023-08-02 15:40:22,87,88,10993,27105
2023-08-02 15:40:23,87,89,10993,27105
2023-08-02 15:40:28,88,89,10993,27105
2023-08-02 15:40:39,87,89,10993,27105
2023-08-02 15:41:02,88,89,10993,27105
2023-08-02 15:41:02,88,90,10993,27105
2023-08-02 15:41:16,89,90,10993,27105
2023-08-02 15:41:18,88,90,10993,27105
2023-08-02 15:41:37,88,91,10993,27105
2023-08-02 15:41:37,89,91,10993,27105
2023-08-02 15:42:13,88,91,10993,27105
2023-08-02 15:42:22,89,91,10993,27105
2023-08-02 15:42:30,90,91,10993,27105
2023-08-02 15:42:31,90,92,10993,27105
2023-08-02 15:42:44,91,92,10993,27105
2023-08-02 15:42:44,91,92,11053,27165
2023-08-02 15:43:01,91,93,11053,27165
2023-08-02 15:43:01,91,92,11053,27165
2023-08-02 15:43:06,91,92,11113,27225
2023-08-02 15:43:07,91,93,11113,27225
2023-08-02 15:43:12,91,93,11113,27225
2023-08-02 15:43:12,91,92,11113,27225
2023-08-02 15:43:18,91,93,11113,27225
2023-08-02 15:43:18,91,92,11113,27225
2023-08-02 15:43:23,91,93,11113,27225
2023-08-02 15:43:27,91,93,11113,27225
2023-08-02 15:43:40,90,93,11113,27225
2023-08-02 15:43:57,89,93,11113,27225
2023-08-02 15:44:00,90,93,11113,27225
2023-08-02 15:44:06,89,93,11113,27225
2023-08-02 15:44:07,89,92,11113,27225
2023-08-02 15:44:10,88,92,11113,27225
2023-08-02 15:44:12,88,92,11113,27236
2023-08-02 15:44:13,88,91,11113,27236
2023-08-02 15:44:13,88,90,11113,27236
2023-08-02 15:44:13,87,90,11113,27236
2023-08-02 15:44:36,85,90,11113,27236
2023-08-02 15:44:36,88,90,11113,27236
2023-08-02 15:44:43,86,90,11113,27236
2023-08-02 15:44:43,85,90,11113,27236
2023-08-02 15:44:43,85,86,10913,27436
2023-08-02 15:44:43,80,86,10913,27436
2023-08-02 15:44:43,80,86,10853,27496
2023-08-02 15:44:43,82,86,10853,27496
2023-08-02 15:44:46,82,85,10853,27496
2023-08-02 15:44:46,79,85,10853,27496
2023-08-02 15:44:46,79,84,10853,27496
2023-08-02 15:44:46,80,84,10853,27496
2023-08-02 15:44:47,80,85,10853,27496
2023-08-02 15:44:48,78,85,10853,27496
2023-08-02 15:44:48,81,85,10853,27496
2023-08-02 15:44:49,79,85,10853,27496
2023-08-02 15:44:49,79,86,10853,27496
2023-08-02 15:44:49,82,86,10853,27496
2023-08-02 15:44:53,80,86,10853,27496
2023-08-02 15:44:53,80,87,10853,27496
2023-08-02 15:44:53,83,87,10853,27496
2023-08-02 15:45:00,81,87,10853,27496
2023-08-02 15:45:00,80,87,10853,27496
2023-08-02 15:45:00,82,87,10853,27496
2023-08-02 15:45:02,81,87,10853,27496
2023-08-02 15:45:02,83,87,10853,27496
2023-08-02 15:45:21,81,87,10853,27496
2023-08-02 15:45:21,84,87,10853,27496
2023-08-02 15:45:23,84,88,10853,27496
2023-08-02 15:45:26,81,88,10853,27496
2023-08-02 15:45:26,83,88,10853,27496
2023-08-02 15:45:27,83,87,10853,27496
2023-08-02 15:45:28,80,87,10853,27496
2023-08-02 15:45:28,82,87,10853,27496
2023-08-02 15:45:29,82,86,10853,27496
2023-08-02 15:45:32,82,87,10853,27496
2023-08-02 15:45:46,82,85,10853,27496
2023-08-02 15:45:48,80,85,10853,27496
2023-08-02 15:45:48,83,85,10853,27496
2023-08-02 15:46:01,80,85,10853,27496
2023-08-02 15:46:01,79,85,10853,27496
2023-08-02 15:46:01,82,85,10853,27496
2023-08-02 15:46:02,79,85,10853,27496
2023-08-02 15:46:02,78,85,10853,27496
2023-08-02 15:46:02,81,85,10853,27496
2023-08-02 15:46:05,78,85,10853,27496
2023-08-02 15:46:05,77,85,10853,27496
2023-08-02 15:46:05,79,85,10853,27496
2023-08-02 15:46:05,82,85,10853,27496
2023-08-02 15:46:06,80,85,10853,27496
2023-08-02 15:46:06,83,85,10853,27496
2023-08-02 15:46:10,80,85,10853,27496
2023-08-02 15:46:10,82,85,10853,27496
2023-08-02 15:46:13,79,85,10853,27496
2023-08-02 15:46:13,78,85,10853,27496
2023-08-02 15:46:13,81,85,10853,27496
2023-08-02 15:46:20,79,85,10853,27496
2023-08-02 15:46:20,82,85,10853,27496
2023-08-02 15:46:25,79,85,10853,27496
2023-08-02 15:46:25,78,85,10853,27496
2023-08-02 15:46:25,81,85,10853,27496
2023-08-02 15:46:27,78,85,10853,27496
2023-08-02 15:46:27,80,85,10853,27496
2023-08-02 15:46:29,80,84,10853,27496
2023-08-02 15:46:36,77,84,10853,27496
2023-08-02 15:46:36,76,84,10853,27496
2023-08-02 15:46:36,79,84,10853,27496
2023-08-02 15:46:40,79,83,10853,27496
2023-08-02 15:46:41,76,83,10853,27496
2023-08-02 15:46:41,75,83,10853,27496
2023-08-02 15:46:41,78,83,10853,27496
2023-08-02 15:46:45,75,83,10853,27496
2023-08-02 15:46:45,76,83,10853,27496
2023-08-02 15:46:45,79,83,10853,27496
2023-08-02 15:46:49,79,82,10853,27496
2023-08-02 15:46:49,76,82,10853,27496
2023-08-02 15:46:49,74,82,10853,27496
2023-08-02 15:46:49,77,82,10853,27496
2023-08-02 15:46:51,77,82,10876,27571
2023-08-02 15:46:52,77,83,10876,27571
2023-08-02 15:46:55,74,83,10876,27571
2023-08-02 15:46:55,78,83,10876,27571
2023-08-02 15:47:02,74,83,10876,27571
2023-08-02 15:47:02,77,83,10876,27571
2023-08-02 15:47:03,77,82,10876,27571
2023-08-02 15:47:06,74,82,10876,27571
2023-08-02 15:47:06,74,83,10876,27571
2023-08-02 15:47:06,78,83,10876,27571
2023-08-02 15:47:07,74,83,10876,27571
2023-08-02 15:47:07,77,83,10876,27571
2023-08-02 15:47:08,77,82,10876,27571
2023-08-02 15:47:09,74,82,10876,27571
2023-08-02 15:47:09,73,82,10876,27571
2023-08-02 15:47:09,76,82,10876,27571
2023-08-02 15:47:10,76,83,10876,27571
2023-08-02 15:47:14,73,81,10876,27571
2023-08-02 15:47:14,72,81,10876,27571
2023-08-02 15:47:14,75,81,10876,27571
2023-08-02 15:47:21,75,80,10876,27571
2023-08-02 15:47:23,71,80,10876,27571
2023-08-02 15:47:23,74,80,10876,27571
2023-08-02 15:47:32,70,80,10876,27571
2023-08-02 15:47:32,73,79,10876,27571
2023-08-02 15:47:42,70,79,10876,27571
2023-08-02 15:47:42,74,79,10876,27571
2023-08-02 15:47:43,74,80,10876,27571
2023-08-02 15:47:43,70,80,10876,27571
2023-08-02 15:47:43,75,80,10876,27571
2023-08-02 15:47:46,72,80,10876,27571
2023-08-02 15:47:46,71,80,10876,27571
2023-08-02 15:47:46,74,80,10876,27571
2023-08-02 15:47:48,72,80,10876,27571
2023-08-02 15:47:48,75,80,10876,27571
2023-08-02 15:47:49,75,81,10876,27571
2023-08-02 15:47:49,72,81,10876,27571
2023-08-02 15:47:49,76,81,10876,27571
2023-08-02 15:47:52,76,82,10876,27571
2023-08-02 15:47:52,73,82,10876,27571
2023-08-02 15:47:52,75,84,10876,27571
2023-08-02 15:47:52,78,84,10876,27571
2023-08-02 15:47:54,75,84,10876,27571
2023-08-02 15:47:54,79,84,10876,27571
2023-08-02 15:47:56,76,84,10876,27571
2023-08-02 15:47:56,77,84,10876,27571
2023-08-02 15:47:56,80,84,10876,27571
2023-08-02 15:47:57,80,85,10876,27571
2023-08-02 15:47:57,77,85,10876,27571
2023-08-02 15:47:57,81,85,10876,27571
2023-08-02 15:48:03,78,85,10876,27571
2023-08-02 15:48:03,82,85,10876,27571
2023-08-02 15:48:11,79,85,10876,27571
2023-08-02 15:48:11,80,85,10876,27571
2023-08-02 15:48:11,83,85,10876,27571
2023-08-02 15:48:14,80,85,10876,27571
2023-08-02 15:48:14,78,85,10876,27571
2023-08-02 15:48:14,82,85,10876,27571
2023-08-02 15:48:15,78,85,10876,27571
2023-08-02 15:48:15,76,85,10876,27571
