datetime,bid,ask,open_interest,volume
2023-05-03 09:31:04,39,40,1428,2273
2023-05-03 09:32:05,39,40,1428,2473
2023-05-03 09:33:01,40,41,1432,2521
2023-05-03 09:33:02,39,41,1432,2521
2023-05-03 09:33:06,40,41,1432,2521
2023-05-03 09:33:08,39,41,1432,2521
2023-05-03 09:33:09,40,41,1432,2521
2023-05-03 09:35:08,40,41,1624,2713
2023-05-03 09:35:09,40,41,1815,2913
2023-05-03 09:35:09,39,41,1815,2913
2023-05-03 09:35:26,40,41,1815,2913
2023-05-03 09:35:28,39,40,1815,2915
2023-05-03 09:35:28,39,41,1815,2915
2023-05-03 09:35:47,40,41,1815,2915
2023-05-03 09:35:50,39,40,1815,2917
2023-05-03 09:35:50,39,41,1815,2917
2023-05-03 09:36:07,40,41,1815,2917
2023-05-03 09:36:07,39,40,1815,2919
2023-05-03 09:36:07,39,41,1815,2919
2023-05-03 09:36:27,40,41,1815,2919
2023-05-03 09:36:29,39,40,1815,2921
2023-05-03 09:36:29,39,41,1815,2921
2023-05-03 09:36:50,40,41,1815,2921
2023-05-03 09:37:36,39,40,1813,2923
2023-05-03 09:37:36,39,40,1807,2948
2023-05-03 09:37:36,39,40,1807,2967
2023-05-03 09:37:37,39,40,1807,2986
2023-05-03 09:37:38,39,40,1807,3005
2023-05-03 09:37:39,39,40,1807,3024
2023-05-03 09:37:40,39,40,1807,3043
2023-05-03 09:37:41,39,40,1807,3062
2023-05-03 09:37:42,39,40,1807,3081
2023-05-03 09:37:43,39,40,1807,3100
2023-05-03 09:37:44,40,41,1807,3196
2023-05-03 09:37:48,40,41,2007,3396
2023-05-03 09:38:06,40,41,2007,3421
2023-05-03 09:38:25,39,40,2086,3501
2023-05-03 09:38:25,39,41,2086,3501
2023-05-03 09:38:29,40,41,2086,3501
2023-05-03 09:39:02,39,40,2136,3553
2023-05-03 09:39:02,39,41,2136,3553
2023-05-03 09:39:07,39,40,2136,3553
2023-05-03 09:40:10,39,40,2132,3578
2023-05-03 09:40:12,39,41,2132,3578
2023-05-03 09:40:13,40,41,2132,3578
2023-05-03 09:40:14,39,40,2132,3580
2023-05-03 09:40:14,39,41,2132,3580
2023-05-03 09:40:34,40,41,2132,3580
2023-05-03 09:40:35,39,40,2132,3582
2023-05-03 09:40:35,39,41,2132,3582
2023-05-03 09:40:40,39,41,2132,3607
2023-05-03 09:40:58,40,41,2132,3607
2023-05-03 09:40:59,39,40,2132,3609
2023-05-03 09:40:59,39,41,2132,3609
2023-05-03 09:41:10,39,40,2132,3609
2023-05-03 09:42:12,39,40,2132,3634
2023-05-03 09:42:15,39,41,2136,3638
2023-05-03 09:42:24,40,41,2136,3638
2023-05-03 09:42:25,39,40,2136,3640
2023-05-03 09:42:25,39,41,2136,3640
2023-05-03 09:42:41,39,41,2136,3740
2023-05-03 09:42:47,40,41,2136,3740
2023-05-03 09:42:48,39,40,2136,3744
2023-05-03 09:42:48,39,41,2136,3744
2023-05-03 09:42:48,39,40,2136,3744
2023-05-03 09:46:40,39,40,2161,3769
2023-05-03 09:47:43,39,40,2205,3813
2023-05-03 09:47:45,39,40,2216,3824
2023-05-03 09:48:15,39,40,2293,3901
2023-05-03 09:48:16,39,40,2304,3912
2023-05-03 09:48:47,39,40,2354,3962
2023-05-03 09:48:51,39,40,2368,3976
2023-05-03 09:49:19,40,41,2401,4009
2023-05-03 09:49:19,39,41,2418,4026
2023-05-03 09:49:32,40,41,2418,4026
2023-05-03 09:49:33,39,40,2418,4028
2023-05-03 09:49:33,39,41,2418,4028
2023-05-03 09:49:50,39,40,2418,4028
2023-05-03 09:50:47,39,40,2615,4228
2023-05-03 09:50:56,39,40,2614,4229
2023-05-03 09:51:27,39,40,2612,4231
2023-05-03 09:51:56,39,40,2636,4257
2023-05-03 09:52:01,38,39,2812,4433
2023-05-03 09:52:01,38,40,2812,4433
2023-05-03 09:52:03,38,40,2816,4443
2023-05-03 09:52:12,39,40,2816,4443
2023-05-03 09:52:13,38,39,2816,4445
2023-05-03 09:52:13,38,40,2816,4445
2023-05-03 09:52:24,38,39,2816,4445
2023-05-03 09:52:44,37,38,2876,4509
2023-05-03 09:52:44,37,39,2876,4509
2023-05-03 09:53:03,38,39,2876,4509
2023-05-03 09:53:04,37,38,2876,4511
2023-05-03 09:53:04,37,39,2876,4511
2023-05-03 09:55:58,37,38,2876,4511
2023-05-03 09:55:59,36,38,2976,4613
2023-05-03 09:56:22,37,38,2976,4613
2023-05-03 09:56:29,36,37,2974,4615
2023-05-03 09:56:59,36,37,3024,4665
2023-05-03 09:57:31,36,37,3074,4715
2023-05-03 09:59:41,36,38,3074,4715
2023-05-03 09:59:41,37,38,3074,4715
2023-05-03 10:00:08,36,37,3072,4717
2023-05-03 10:01:04,36,37,3080,4725
2023-05-03 10:01:04,36,37,3088,4733
2023-05-03 10:01:10,35,37,3132,4779
2023-05-03 10:01:10,36,37,3132,4779
2023-05-03 10:01:10,36,37,3186,4833
2023-05-03 10:01:10,36,37,3240,4887
2023-05-03 10:01:12,35,37,3332,4979
2023-05-03 10:01:43,36,37,3332,4979
2023-05-03 10:03:17,36,37,3341,4990
2023-05-03 10:04:16,37,38,3360,5009
2023-05-03 10:07:10,36,38,3360,5009
2023-05-03 10:07:23,37,38,3360,5009
2023-05-03 10:08:31,35,38,3252,5227
2023-05-03 10:08:31,35,36,3252,5227
2023-05-03 10:08:54,36,38,3256,5241
2023-05-03 10:08:54,36,37,3256,5241
2023-05-03 10:09:25,35,37,3256,5241
2023-05-03 10:09:25,36,37,3256,5241
2023-05-03 10:11:48,35,37,3256,5241
2023-05-03 10:11:59,36,37,3256,5241
2023-05-03 10:13:30,37,38,3260,5245
2023-05-03 10:18:11,38,39,3264,5259
2023-05-03 10:18:42,38,39,3258,5265
2023-05-03 10:26:51,39,40,3183,5344
2023-05-03 10:26:51,38,40,3183,5344
2023-05-03 10:26:58,39,40,3183,5344
2023-05-03 10:27:41,39,40,3237,5404
2023-05-03 10:28:09,39,40,3237,5414
2023-05-03 10:28:15,39,40,3235,5416
2023-05-03 10:30:20,38,39,3233,5442
2023-05-03 10:30:21,39,40,3184,5491
2023-05-03 10:30:21,38,40,3184,5491
2023-05-03 10:30:27,39,40,3184,5491
2023-05-03 10:31:20,39,40,3185,5492
2023-05-03 10:33:56,39,40,3182,5495
2023-05-03 10:34:25,38,40,3182,5495
2023-05-03 10:34:30,39,40,3182,5495
2023-05-03 10:34:58,38,40,3182,5495
2023-05-03 10:35:00,39,40,3182,5495
2023-05-03 10:35:33,39,40,3180,5497
2023-05-03 10:36:02,38,39,3178,5499
2023-05-03 10:36:05,39,40,3105,5572
2023-05-03 10:36:05,38,40,3105,5572
2023-05-03 10:36:08,37,40,3105,5572
2023-05-03 10:36:09,33,40,3105,5572
2023-05-03 10:36:09,34,40,3105,5572
2023-05-03 10:36:09,35,40,3105,5572
2023-05-03 10:36:09,36,40,3105,5572
2023-05-03 10:36:32,39,40,3105,5572
2023-05-03 10:37:01,36,40,3105,5572
2023-05-03 10:37:01,33,40,3105,5572
2023-05-03 10:37:02,35,40,3105,5572
2023-05-03 10:37:04,37,40,3105,5572
2023-05-03 10:37:04,39,40,3105,5572
2023-05-03 10:37:37,39,40,3103,5574
2023-05-03 10:38:05,38,39,3101,5576
2023-05-03 10:38:44,33,39,3101,5576
2023-05-03 10:38:44,36,39,3101,5576
2023-05-03 10:43:11,38,39,3101,5576
2023-05-03 10:46:39,38,39,3105,5711
2023-05-03 10:47:14,37,38,3103,5713
2023-05-03 10:48:14,31,38,3103,5713
2023-05-03 10:48:14,33,38,3103,5713
2023-05-03 10:48:17,37,38,3103,5713
2023-05-03 10:50:21,38,39,3107,5717
2023-05-03 10:53:25,32,39,3107,5717
2023-05-03 10:53:25,34,39,3107,5717
2023-05-03 10:53:26,36,39,3107,5717
2023-05-03 10:53:26,38,39,3107,5717
2023-05-03 10:54:25,37,38,3099,5725
2023-05-03 10:56:23,31,38,3099,5725
2023-05-03 10:56:24,32,38,3099,5725
2023-05-03 10:56:28,35,38,3099,5725
2023-05-03 10:56:28,37,38,3099,5725
2023-05-03 10:58:29,31,38,3099,5725
2023-05-03 10:58:30,32,38,3099,5725
2023-05-03 10:58:32,37,38,3099,5725
2023-05-03 10:59:32,32,38,3099,5725
2023-05-03 10:59:32,35,38,3099,5725
2023-05-03 10:59:32,37,38,3099,5725
2023-05-03 11:00:30,31,38,3099,5725
2023-05-03 11:00:31,32,38,3099,5725
2023-05-03 11:00:31,33,38,3099,5725
2023-05-03 11:00:35,34,38,3099,5725
2023-05-03 11:00:35,37,38,3099,5725
2023-05-03 11:01:35,37,38,3097,5727
2023-05-03 11:02:37,36,37,3095,5729
2023-05-03 11:04:37,31,37,3095,5729
2023-05-03 11:04:38,33,37,3095,5729
2023-05-03 11:04:38,34,37,3095,5729
2023-05-03 11:04:42,36,37,3095,5729
2023-05-03 11:08:46,36,37,3093,5731
2023-05-03 11:09:48,35,36,3091,5733
2023-05-03 11:13:54,36,37,3095,5737
2023-05-03 11:18:00,36,37,3099,5837
2023-05-03 11:22:58,36,37,3099,5857
2023-05-03 11:26:14,36,37,3199,5957
2023-05-03 11:26:15,35,36,3199,5967
2023-05-03 11:26:16,36,37,3199,6093
2023-05-03 11:26:16,35,37,3199,6093
2023-05-03 11:27:16,36,37,3199,6093
2023-05-03 11:32:25,36,37,3197,6095
2023-05-03 11:33:07,36,37,3001,6295
2023-05-03 11:33:13,37,38,2899,6397
2023-05-03 11:33:13,36,38,2899,6397
2023-05-03 11:33:13,36,37,2899,6397
2023-05-03 11:33:24,37,38,2901,6399
2023-05-03 11:36:31,38,39,2915,6413
2023-05-03 11:42:41,38,39,2899,6429
2023-05-03 11:43:42,37,38,2897,6431
2023-05-03 11:45:48,38,39,2901,6435
2023-05-03 11:55:38,37,39,3206,6746
2023-05-03 11:56:00,38,39,3206,6746
2023-05-03 12:00:07,39,40,3210,6750
2023-05-03 12:01:08,40,41,3224,7164
2023-05-03 12:02:10,40,41,3224,7464
2023-05-03 12:05:47,40,41,3382,7628
2023-05-03 12:06:17,40,41,3376,7634
2023-05-03 12:13:30,40,41,3364,7646
2023-05-03 12:14:21,40,41,3364,7652
2023-05-03 12:18:33,39,40,3362,7654
2023-05-03 12:20:16,39,40,3452,7754
2023-05-03 12:22:33,39,40,3456,7759
2023-05-03 12:38:34,39,40,3447,7959
2023-05-03 12:40:09,39,40,3448,7960
2023-05-03 12:52:29,39,40,3449,7961
2023-05-03 12:59:42,39,40,3549,8061
2023-05-03 13:00:37,39,40,3580,8261
2023-05-03 13:03:04,39,40,3780,8461
2023-05-03 13:05:20,39,40,3980,8661
2023-05-03 13:05:50,40,41,4095,8776
2023-05-03 13:06:53,39,40,4081,8790
2023-05-03 13:12:48,39,41,4085,8980
2023-05-03 13:13:00,40,41,4085,8980
2023-05-03 13:13:00,39,41,4178,9073
2023-05-03 13:13:01,40,41,4178,9073
2023-05-03 13:13:02,40,41,4176,9075
2023-05-03 13:14:23,40,41,4176,9077
2023-05-03 13:24:55,40,41,4174,9267
2023-05-03 13:25:17,39,40,4172,9269
2023-05-03 13:27:16,39,41,4176,9273
2023-05-03 13:27:16,39,41,4176,9273
2023-05-03 13:27:21,40,41,4176,9273
2023-05-03 13:28:20,39,40,4171,9278
2023-05-03 13:29:23,40,41,4175,9282
2023-05-03 13:30:25,40,41,4169,9288
2023-05-03 13:31:24,39,41,4169,9288
2023-05-03 13:31:26,40,41,4169,9288
2023-05-03 13:35:39,40,41,4173,9488
2023-05-03 13:35:55,40,42,4173,9722
2023-05-03 13:35:55,41,42,4173,9722
2023-05-03 13:37:32,41,42,4173,9801
2023-05-03 13:42:39,41,42,4173,9877
2023-05-03 13:52:53,35,42,4173,9877
2023-05-03 13:52:54,36,42,4173,9877
2023-05-03 13:52:55,38,42,4173,9877
2023-05-03 13:52:55,41,42,4173,9877
2023-05-03 13:53:55,35,42,4173,9877
2023-05-03 13:53:56,36,42,4173,9877
2023-05-03 13:53:59,38,42,4173,9877
2023-05-03 13:53:59,41,42,4173,9877
2023-05-03 13:53:59,41,42,4210,9914
2023-05-03 13:54:00,41,42,4222,9926
2023-05-03 13:54:00,41,42,4234,9938
2023-05-03 13:55:00,41,42,4228,9944
2023-05-03 13:56:02,40,41,4222,9950
2023-05-03 14:00:04,41,42,4224,9952
2023-05-03 14:00:04,40,42,4224,9952
2023-05-03 14:00:05,40,42,4228,10152
2023-05-03 14:00:13,40,42,4228,10153
2023-05-03 14:00:14,40,42,4229,10154
2023-05-03 14:00:15,40,42,4230,10155
2023-05-03 14:00:21,40,42,4224,10161
2023-05-03 14:00:21,40,41,4224,10161
2023-05-03 14:00:21,38,41,4224,10161
2023-05-03 14:00:22,38,40,4224,10161
2023-05-03 14:00:44,38,40,4226,10461
2023-05-03 14:00:45,38,39,4226,10461
2023-05-03 14:00:50,38,40,4226,10461
2023-05-03 14:00:52,38,39,4226,10461
2023-05-03 14:00:54,39,40,4228,10463
2023-05-03 14:00:54,38,40,4228,10463
2023-05-03 14:00:56,40,41,4229,10464
2023-05-03 14:00:56,38,41,4229,10464
2023-05-03 14:00:57,39,41,4229,10464
2023-05-03 14:00:57,39,40,4229,10464
2023-05-03 14:00:57,40,41,4230,10465
2023-05-03 14:00:57,39,41,4230,10465
2023-05-03 14:00:58,39,40,4230,10465
2023-05-03 14:01:02,40,41,4232,10467
2023-05-03 14:01:02,40,42,4232,10467
2023-05-03 14:01:02,41,42,4232,10467
2023-05-03 14:01:17,42,43,4235,10470
2023-05-03 14:01:17,41,43,4235,10470
2023-05-03 14:01:17,41,42,4235,10470
2023-05-03 14:01:19,42,43,4236,10471
2023-05-03 14:01:19,41,43,4236,10471
2023-05-03 14:01:29,41,42,4236,10471
2023-05-03 14:01:41,41,43,4236,10471
2023-05-03 14:01:46,42,43,4236,10471
2023-05-03 14:01:52,42,43,4336,10571
2023-05-03 14:02:34,43,44,4338,10573
2023-05-03 14:02:55,43,44,4174,10737
2023-05-03 14:04:02,42,44,4171,10942
2023-05-03 14:04:03,43,44,4171,10942
2023-05-03 14:05:12,44,45,4173,10944
2023-05-03 14:05:23,43,45,4170,11147
2023-05-03 14:05:31,43,44,4170,11147
2023-05-03 14:05:33,44,45,4209,11186
2023-05-03 14:05:42,44,45,4209,11196
2023-05-03 14:05:45,44,45,4212,11199
2023-05-03 14:06:08,44,48,4512,13201
2023-05-03 14:06:09,45,48,4512,13201
2023-05-03 14:06:31,45,48,4912,13601
2023-05-03 14:06:32,46,48,4912,13601
2023-05-03 14:06:33,46,48,4712,13801
2023-05-03 14:06:33,45,48,4712,13801
2023-05-03 14:06:40,46,48,4712,13801
2023-05-03 14:06:41,45,46,4710,13803
2023-05-03 14:06:41,45,48,4710,13803
2023-05-03 14:06:46,45,48,4727,13820
2023-05-03 14:06:51,46,48,4727,13820
2023-05-03 14:06:52,45,48,4527,14020
2023-05-03 14:06:53,45,47,4527,14020
2023-05-03 14:07:06,46,47,4527,14020
2023-05-03 14:07:06,45,46,4525,14022
2023-05-03 14:07:06,45,47,4525,14022
2023-05-03 14:07:28,46,47,4525,14022
2023-05-03 14:07:29,45,46,4523,14024
2023-05-03 14:07:29,45,47,4523,14024
2023-05-03 14:07:52,46,47,4523,14024
2023-05-03 14:07:53,45,46,4521,14026
2023-05-03 14:07:53,45,47,4521,14026
2023-05-03 14:08:01,45,47,4484,14226
2023-05-03 14:08:02,44,45,4484,14232
2023-05-03 14:08:02,44,47,4484,14232
2023-05-03 14:08:28,45,47,4484,14232
2023-05-03 14:08:29,44,45,4484,14234
2023-05-03 14:08:29,44,47,4484,14234
2023-05-03 14:08:37,45,47,4484,14234
2023-05-03 14:08:38,44,45,4484,14238
2023-05-03 14:08:38,44,47,4484,14238
2023-05-03 14:08:38,45,47,4484,14238
2023-05-03 14:08:40,44,45,4484,14239
2023-05-03 14:08:40,44,47,4484,14239
2023-05-03 14:08:58,45,47,4484,14239
2023-05-03 14:08:58,44,45,4484,14241
2023-05-03 14:08:58,44,47,4484,14241
2023-05-03 14:09:03,45,47,4484,14241
2023-05-03 14:09:25,46,47,4484,14241
2023-05-03 14:10:17,46,47,4567,14441
2023-05-03 14:11:03,45,47,4569,14445
2023-05-03 14:11:11,46,47,4569,14445
2023-05-03 14:13:05,45,46,4569,14447
2023-05-03 14:13:05,45,47,4569,14447
2023-05-03 14:13:06,45,46,4569,14447
2023-05-03 14:13:06,45,47,4569,14447
2023-05-03 14:13:08,45,46,4569,14447
2023-05-03 14:13:34,45,46,4579,14457
2023-05-03 14:13:34,45,46,4589,14467
2023-05-03 14:16:53,45,46,4589,14471
2023-05-03 14:16:53,45,46,4589,14475
2023-05-03 14:17:25,45,48,4635,14579
2023-05-03 14:17:25,46,48,4635,14579
2023-05-03 14:18:38,46,47,4635,14579
2023-05-03 14:18:49,45,46,4635,14624
2023-05-03 14:18:49,45,47,4635,14624
2023-05-03 14:19:13,44,47,4635,14632
2023-05-03 14:19:13,44,47,4635,14632
2023-05-03 14:19:16,44,47,4635,14632
2023-05-03 14:19:16,44,46,4635,14632
2023-05-03 14:19:33,45,46,4635,14632
2023-05-03 14:19:37,44,45,4635,14640
2023-05-03 14:19:37,44,46,4635,14640
2023-05-03 14:19:47,44,47,4659,14711
2023-05-03 14:19:48,45,47,4659,14711
2023-05-03 14:20:06,46,47,4659,14711
2023-05-03 14:20:06,46,47,4659,14719
2023-05-03 14:20:06,45,46,4659,14721
2023-05-03 14:20:52,45,46,4659,14729
2023-05-03 14:21:09,45,46,4665,14749
2023-05-03 14:22:43,45,46,4857,14949
2023-05-03 14:22:44,44,46,4857,14949
2023-05-03 14:23:08,45,46,4857,14949
2023-05-03 14:23:09,44,45,4857,14957
2023-05-03 14:23:09,44,46,4857,14957
2023-05-03 14:23:22,44,46,4866,14966
2023-05-03 14:23:22,44,45,4866,14966
2023-05-03 14:23:22,44,46,4866,14966
2023-05-03 14:23:23,44,45,4866,14966
2023-05-03 14:23:38,43,44,4866,14967
2023-05-03 14:23:38,43,45,4866,14967
2023-05-03 14:23:43,44,45,4866,14967
2023-05-03 14:24:11,43,45,4866,14975
2023-05-03 14:24:31,44,45,4866,14975
2023-05-03 14:24:31,43,45,4866,14983
2023-05-03 14:24:31,43,44,4866,14983
2023-05-03 14:24:41,44,45,4876,14993
2023-05-03 14:24:41,44,45,4908,15025
2023-05-03 14:24:49,43,45,4908,15025
2023-05-03 14:24:51,44,45,4908,15025
2023-05-03 14:25:44,44,46,5059,15425
2023-05-03 14:25:53,45,46,5059,15425
2023-05-03 14:25:53,44,46,5059,15433
2023-05-03 14:25:56,44,46,5168,15633
2023-05-03 14:25:59,44,46,5368,15833
2023-05-03 14:26:00,43,46,5368,15833
2023-05-03 14:26:04,43,45,5368,15833
2023-05-03 14:26:14,44,45,5368,15833
2023-05-03 14:26:16,43,44,5368,15889
2023-05-03 14:26:16,43,45,5368,15889
2023-05-03 14:26:21,43,45,5410,15931
2023-05-03 14:26:21,43,44,5410,15931
2023-05-03 14:26:21,43,45,5410,15931
2023-05-03 14:26:31,43,44,5410,15931
2023-05-03 14:26:31,43,44,5554,16075
2023-05-03 14:26:32,42,43,5554,16124
2023-05-03 14:26:32,42,44,5554,16124
2023-05-03 14:26:42,43,44,5554,16124
2023-05-03 14:26:42,42,43,5554,16132
2023-05-03 14:26:42,42,44,5554,16132
2023-05-03 14:27:06,42,43,5554,16132
2023-05-03 14:27:07,42,43,5546,16140
2023-05-03 14:27:12,42,43,5586,16180
2023-05-03 14:27:36,42,43,5594,16188
2023-05-03 14:27:53,42,44,5594,16188
2023-05-03 14:27:54,43,44,5594,16188
2023-05-03 14:27:59,42,44,5594,16196
2023-05-03 14:28:08,43,44,5594,16196
2023-05-03 14:28:28,44,45,5626,16228
2023-05-03 14:28:44,45,46,5658,16260
2023-05-03 14:28:44,45,46,5690,16292
2023-05-03 14:30:23,45,46,5690,16311
2023-05-03 14:30:23,44,46,5690,16332
2023-05-03 14:30:26,44,46,5698,16340
2023-05-03 14:30:26,44,45,5698,16340
2023-05-03 14:30:27,44,46,5698,16340
2023-05-03 14:30:31,44,47,5730,16372
2023-05-03 14:30:46,45,47,5730,16372
2023-05-03 14:30:53,45,46,5730,16372
2023-05-03 14:30:54,45,47,5730,16372
2023-05-03 14:31:09,45,46,5730,16372
2023-05-03 14:31:25,45,47,5762,16404
2023-05-03 14:31:30,46,47,5762,16404
2023-05-03 14:32:01,45,46,5784,16498
2023-05-03 14:32:01,45,47,5784,16498
2023-05-03 14:32:03,46,47,5784,16498
2023-05-03 14:33:01,46,47,5784,16508
2023-05-03 14:33:05,45,47,5764,16590
2023-05-03 14:33:15,45,46,5764,16590
2023-05-03 14:34:00,46,47,5798,16712
2023-05-03 14:34:18,46,47,5798,16744
2023-05-03 14:34:27,47,48,5837,17003
2023-05-03 14:38:17,48,49,5837,17057
2023-05-03 14:38:17,47,49,5837,17057
2023-05-03 14:38:17,47,49,5837,17089
2023-05-03 14:38:17,47,48,5837,17089
2023-05-03 14:38:18,47,49,5837,17089
2023-05-03 14:38:19,47,48,5837,17089
2023-05-03 14:38:38,48,49,5839,17091
2023-05-03 14:38:47,47,49,5839,17091
2023-05-03 14:38:50,47,48,5839,17091
2023-05-03 14:38:50,47,49,5839,17091
2023-05-03 14:38:51,47,48,5839,17091
2023-05-03 14:38:59,48,49,5871,17123
2023-05-03 14:39:08,48,49,5871,17131
2023-05-03 14:39:12,47,49,5871,17131
2023-05-03 14:39:54,48,49,5871,17131
2023-05-03 14:40:19,47,48,5871,17167
2023-05-03 14:40:19,47,49,5871,17167
2023-05-03 14:40:19,47,48,5871,17167
2023-05-03 14:40:20,47,49,5891,17467
2023-05-03 14:40:23,46,47,5933,17562
2023-05-03 14:40:23,46,49,5933,17562
2023-05-03 14:40:23,46,48,5933,17562
2023-05-03 14:40:23,46,47,5933,17562
2023-05-03 14:40:24,46,47,5958,17587
2023-05-03 14:40:25,45,46,6009,17638
2023-05-03 14:40:25,45,47,6009,17638
2023-05-03 14:40:25,45,46,6009,17638
2023-05-03 14:40:25,45,47,6009,17638
2023-05-03 14:40:25,45,47,6232,17938
2023-05-03 14:40:27,47,48,6452,18197
2023-05-03 14:40:27,47,48,6477,18222
2023-05-03 14:40:27,45,47,6493,18238
2023-05-03 14:40:27,46,47,6493,18238
2023-05-03 14:40:27,46,48,6493,18238
2023-05-03 14:40:28,46,47,6493,18238
2023-05-03 14:40:30,45,46,6493,18258
2023-05-03 14:40:30,45,47,6793,18558
2023-05-03 14:40:30,46,47,6793,18558
2023-05-03 14:40:31,45,46,6793,18578
2023-05-03 14:40:31,45,47,6793,18578
2023-05-03 14:40:31,47,48,6893,18754
2023-05-03 14:40:31,45,48,7017,18878
2023-05-03 14:40:31,45,47,7017,18878
2023-05-03 14:40:32,45,48,7017,18878
2023-05-03 14:40:32,45,47,7017,18878
2023-05-03 14:40:32,45,46,7017,18878
2023-05-03 14:40:32,45,47,7017,18878
2023-05-03 14:40:41,45,46,7017,18878
2023-05-03 14:40:42,44,45,7021,18882
2023-05-03 14:40:42,44,46,7021,18882
2023-05-03 14:40:42,44,45,7021,18882
2023-05-03 14:40:43,44,45,7131,19082
2023-05-03 14:40:43,43,45,7131,19082
2023-05-03 14:40:51,44,45,7131,19082
2023-05-03 14:40:56,45,46,7127,19106
2023-05-03 14:41:23,46,47,7125,19108
2023-05-03 14:41:28,47,48,7124,19284
2023-05-03 14:41:29,46,48,7124,19284
2023-05-03 14:41:45,46,48,6785,19684
2023-05-03 14:41:46,46,49,6824,19784
2023-05-03 14:41:46,48,49,6824,19784
2023-05-03 14:42:05,46,48,6824,19814
2023-05-03 14:42:19,47,48,6824,19814
2023-05-03 14:42:19,47,48,6824,19822
2023-05-03 14:42:19,47,49,6846,19844
2023-05-03 14:42:22,48,49,6846,19844
2023-05-03 14:42:39,48,50,6878,19876
2023-05-03 14:42:43,48,50,7078,20076
2023-05-03 14:42:44,49,50,7078,20076
2023-05-03 14:42:44,49,50,7078,20084
2023-05-03 14:42:50,50,51,7078,20118
2023-05-03 14:42:54,50,52,7078,20118
2023-05-03 14:42:56,51,52,7078,20118
2023-05-03 14:42:58,52,53,7078,20118
2023-05-03 14:43:31,52,54,7128,20168
2023-05-03 14:43:49,53,54,7128,20168
2023-05-03 14:44:13,52,54,7088,20208
2023-05-03 14:44:25,52,54,7148,20268
2023-05-03 14:44:41,53,54,7148,20268
2023-05-03 14:45:02,52,54,7140,20276
2023-05-03 14:45:20,52,53,7140,20276
2023-05-03 14:45:29,51,53,7089,20327
2023-05-03 14:45:31,51,52,7089,20327
2023-05-03 14:46:18,50,52,7061,20355
2023-05-03 14:46:26,51,52,7061,20355
2023-05-03 14:46:48,52,53,6848,20614
2023-05-03 14:47:07,53,54,6850,20616
2023-05-03 14:49:06,54,55,6882,20648
2023-05-03 14:49:13,55,56,6914,20680
2023-05-03 14:49:19,54,56,6914,20680
2023-05-03 14:49:23,54,56,6834,20780
2023-05-03 14:49:39,55,56,6834,20780
2023-05-03 14:49:49,55,56,7034,20980
2023-05-03 14:50:18,56,57,7034,21012
2023-05-03 14:51:52,57,58,7034,21044
2023-05-03 14:52:19,56,57,7034,21084
2023-05-03 14:52:19,56,57,7034,21124
2023-05-03 14:52:22,55,57,7034,21124
2023-05-03 14:52:30,55,57,7034,21125
2023-05-03 14:52:31,55,56,7034,21125
2023-05-03 14:52:48,55,56,7034,21137
2023-05-03 14:52:48,55,56,7034,21149
2023-05-03 14:52:54,56,57,7034,21151
2023-05-03 14:52:54,55,57,7034,21151
2023-05-03 14:52:54,56,57,7034,21151
2023-05-03 14:53:24,56,57,7134,21251
2023-05-03 14:53:36,57,58,7156,21273
2023-05-03 14:56:05,57,58,7197,21473
2023-05-03 14:56:05,56,57,7200,21488
2023-05-03 14:56:06,56,57,7215,21503
2023-05-03 14:56:22,55,56,7289,21577
2023-05-03 14:56:56,56,57,7257,21609
2023-05-03 14:56:57,55,57,7257,21609
2023-05-03 14:57:04,56,57,7257,21609
2023-05-03 14:57:06,57,58,7194,21672
2023-05-03 14:57:16,58,59,7187,21714
2023-05-03 14:57:18,58,60,7187,21714
2023-05-03 14:57:25,59,60,7187,21714
2023-05-03 14:57:31,59,60,7187,21727
2023-05-03 14:57:39,60,61,7187,21759
2023-05-03 14:57:39,59,61,7187,21759
2023-05-03 14:57:50,60,61,7187,21759
2023-05-03 14:57:51,59,61,7187,21767
2023-05-03 14:58:12,60,61,7187,21767
2023-05-03 14:58:32,59,61,7187,21799
2023-05-03 14:58:32,59,61,7187,21799
2023-05-03 14:58:41,59,60,7187,21799
2023-05-03 14:58:41,59,61,7187,21799
2023-05-03 14:58:42,59,61,7187,21799
2023-05-03 14:58:42,58,61,7203,21824
2023-05-03 14:58:43,58,60,7203,21824
2023-05-03 14:58:58,59,60,7203,21824
2023-05-03 14:58:59,59,60,7203,21844
2023-05-03 14:59:13,58,60,7203,21844
2023-05-03 14:59:16,59,60,7203,21844
2023-05-03 14:59:43,58,60,7203,21844
2023-05-03 14:59:47,59,60,7203,21844
2023-05-03 14:59:55,58,60,7203,21844
2023-05-03 14:59:55,59,60,7203,21844
2023-05-03 14:59:56,58,60,7203,21844
2023-05-03 14:59:59,59,60,7203,21844
2023-05-03 15:00:18,58,60,7203,21844
2023-05-03 15:00:27,59,60,7203,21844
2023-05-03 15:00:33,60,61,7201,21846
2023-05-03 15:00:42,59,61,7201,21846
2023-05-03 15:00:43,60,61,7201,21846
2023-05-03 15:01:01,59,60,7209,21854
2023-05-03 15:01:02,59,61,7209,21854
2023-05-03 15:01:02,59,60,7209,21854
2023-05-03 15:01:04,59,61,7209,21854
2023-05-03 15:01:09,60,61,7209,21854
2023-05-03 15:01:45,61,62,7187,21888
2023-05-03 15:02:12,62,63,7187,21920
2023-05-03 15:03:14,63,64,7187,21952
2023-05-03 15:03:15,62,64,7187,21952
2023-05-03 15:03:43,63,64,7187,21952
2023-05-03 15:04:45,63,64,7205,21970
2023-05-03 15:05:22,62,64,7205,22028
2023-05-03 15:05:42,62,63,7205,22028
2023-05-03 15:05:45,61,63,7234,22093
2023-05-03 15:05:45,61,63,7234,22093
2023-05-03 15:05:45,60,61,7269,22128
2023-05-03 15:05:46,57,60,7279,22138
2023-05-03 15:05:50,58,60,7279,22138
2023-05-03 15:05:51,58,59,7279,22138
2023-05-03 15:05:59,58,60,7279,22138
2023-05-03 15:06:03,59,60,7279,22138
2023-05-03 15:06:09,60,61,7247,22170
2023-05-03 15:06:09,60,62,7247,22170
2023-05-03 15:06:17,61,62,7247,22170
2023-05-03 15:06:20,62,63,7215,22202
2023-05-03 15:06:22,62,64,7215,22202
2023-05-03 15:06:24,63,64,7215,22202
2023-05-03 15:06:26,64,65,7215,22222
2023-05-03 15:06:28,63,65,7215,22222
2023-05-03 15:06:28,63,64,7215,22222
2023-05-03 15:06:44,64,65,7213,22224
2023-05-03 15:06:46,64,66,7213,22224
2023-05-03 15:06:52,65,66,7213,22224
2023-05-03 15:07:10,66,67,7205,22256
2023-05-03 15:07:19,67,68,7205,22278
2023-05-03 15:07:19,66,68,7205,22278
2023-05-03 15:07:37,67,68,7205,22278
2023-05-03 15:08:35,66,67,7205,22288
2023-05-03 15:09:15,66,67,7209,22308
2023-05-03 15:09:15,65,66,7224,22343
2023-05-03 15:09:19,63,65,7242,22361
2023-05-03 15:09:20,64,65,7242,22361
2023-05-03 15:10:09,63,64,7276,22395
2023-05-03 15:10:10,62,63,7276,22415
2023-05-03 15:10:10,62,63,7284,22423
2023-05-03 15:10:33,61,62,7285,22424
2023-05-03 15:10:35,60,62,7285,22424
2023-05-03 15:10:57,61,62,7285,22424
2023-05-03 15:10:58,60,61,7293,22432
2023-05-03 15:10:58,59,60,7318,22457
2023-05-03 15:10:59,59,61,7318,22457
2023-05-03 15:11:01,59,60,7318,22457
2023-05-03 15:11:01,58,60,7318,22457
2023-05-03 15:11:03,58,61,7318,22457
2023-05-03 15:11:03,58,60,7318,22457
2023-05-03 15:11:04,59,60,7318,22457
2023-05-03 15:11:06,58,60,7318,22457
2023-05-03 15:11:06,59,60,7318,22457
2023-05-03 15:11:11,58,59,7320,22459
2023-05-03 15:11:14,58,60,7320,22459
2023-05-03 15:11:21,58,59,7320,22459
2023-05-03 15:11:23,57,58,7352,22491
2023-05-03 15:11:41,57,58,7352,22691
2023-05-03 15:11:41,58,59,7319,22724
2023-05-03 15:11:42,59,60,7311,22732
2023-05-03 15:11:54,60,61,7269,22774
2023-05-03 15:11:55,61,62,7247,22796
2023-05-03 15:11:56,61,63,7247,22796
2023-05-03 15:11:57,61,62,7247,22796
2023-05-03 15:12:07,62,63,7245,22798
2023-05-03 15:12:07,61,63,7245,22798
2023-05-03 15:12:08,62,63,7245,22798
2023-05-03 15:12:14,62,63,7345,22898
2023-05-03 15:12:22,61,62,7353,22906
2023-05-03 15:12:22,60,61,7356,22909
2023-05-03 15:12:31,60,61,7324,23044
2023-05-03 15:12:33,59,61,7324,23044
2023-05-03 15:13:03,59,60,7324,23044
2023-05-03 15:13:03,59,61,7324,23086
2023-05-03 15:13:04,59,61,7324,23138
2023-05-03 15:13:04,59,60,7324,23138
2023-05-03 15:13:04,59,60,7324,23166
2023-05-03 15:13:04,59,61,7324,23166
2023-05-03 15:13:10,59,60,7324,23166
2023-05-03 15:13:10,59,60,7356,23198
2023-05-03 15:13:10,57,60,7356,23198
2023-05-03 15:13:11,57,59,7356,23198
2023-05-03 15:13:17,58,59,7356,23198
2023-05-03 15:13:37,59,60,7316,23258
2023-05-03 15:13:38,59,61,7316,23258
2023-05-03 15:13:38,60,61,7316,23258
2023-05-03 15:13:42,61,62,7211,23385
2023-05-03 15:13:43,60,62,7211,23385
2023-05-03 15:13:43,61,62,7211,23385
2023-05-03 15:13:46,62,63,7083,23513
2023-05-03 15:13:46,61,63,7083,23513
2023-05-03 15:13:46,61,62,7083,23513
2023-05-03 15:13:46,62,63,7083,23515
2023-05-03 15:13:46,61,63,7083,23515
2023-05-03 15:13:46,62,63,7083,23515
2023-05-03 15:14:01,61,62,7086,23518
2023-05-03 15:14:14,60,61,7135,23567
2023-05-03 15:14:15,60,62,7135,23567
2023-05-03 15:14:18,60,61,7135,23567
2023-05-03 15:14:19,60,62,7135,23567
2023-05-03 15:14:19,61,62,7135,23567
2023-05-03 15:14:44,60,61,7167,23599
2023-05-03 15:14:44,60,61,7209,23641
2023-05-03 15:14:54,60,62,7209,23641
2023-05-03 15:15:01,60,61,7209,23641
2023-05-03 15:15:02,59,60,7222,23654
2023-05-03 15:15:02,58,60,7222,23654
2023-05-03 15:15:06,58,59,7222,23654
2023-05-03 15:15:18,59,60,7214,23662
2023-05-03 15:15:18,58,60,7214,23662
2023-05-03 15:15:24,58,59,7214,23662
2023-05-03 15:15:30,58,60,7214,23662
2023-05-03 15:15:31,58,59,7214,23662
2023-05-03 15:15:51,57,59,7246,23694
2023-05-03 15:15:51,56,57,7278,23726
2023-05-03 15:15:52,55,57,7278,23726
2023-05-03 15:15:52,54,57,7278,23726
2023-05-03 15:16:00,54,56,7278,23726
2023-05-03 15:16:05,55,56,7278,23726
2023-05-03 15:16:05,54,56,7298,23746
2023-05-03 15:16:05,54,57,7298,23746
2023-05-03 15:16:05,54,56,7298,23746
2023-05-03 15:16:06,55,56,7298,23746
2023-05-03 15:16:07,56,57,7278,23766
2023-05-03 15:16:07,55,57,7278,23766
2023-05-03 15:16:07,55,56,7278,23766
2023-05-03 15:16:07,56,57,7281,23769
2023-05-03 15:16:07,55,57,7281,23769
2023-05-03 15:16:08,56,57,7281,23769
2023-05-03 15:16:15,57,59,7245,23805
2023-05-03 15:16:15,56,59,7245,23805
2023-05-03 15:16:15,56,57,7245,23805
2023-05-03 15:16:15,56,57,7265,23825
2023-05-03 15:16:16,57,59,7265,23848
2023-05-03 15:16:16,56,59,7265,23848
2023-05-03 15:16:16,56,60,7265,23848
2023-05-03 15:16:16,57,58,7265,23848
2023-05-03 15:16:17,58,60,7245,23868
2023-05-03 15:16:17,57,60,7245,23868
2023-05-03 15:16:17,58,60,7245,23868
2023-05-03 15:16:18,58,60,7245,24068
2023-05-03 15:16:18,59,60,7245,24068
2023-05-03 15:16:21,59,62,7245,24068
2023-05-03 15:16:24,59,61,7245,24068
2023-05-03 15:16:27,60,61,7245,24068
2023-05-03 15:16:28,59,61,7245,24068
2023-05-03 15:16:46,59,60,7245,24068
2023-05-03 15:16:50,59,61,7245,24068
2023-05-03 15:16:53,59,60,7245,24068
2023-05-03 15:17:03,60,61,7201,24112
2023-05-03 15:17:03,59,61,7201,24112
2023-05-03 15:17:04,60,61,7201,24112
2023-05-03 15:17:04,61,62,7090,24263
2023-05-03 15:17:04,60,62,7090,24263
2023-05-03 15:17:04,61,62,7090,24263
2023-05-03 15:17:05,62,63,7090,24337
2023-05-03 15:17:06,63,65,7088,24339
2023-05-03 15:17:09,64,65,7088,24339
2023-05-03 15:17:12,65,66,7088,24375
2023-05-03 15:17:12,64,66,7088,24375
2023-05-03 15:17:18,64,65,7088,24375
2023-05-03 15:17:41,65,66,7052,24453
2023-05-03 15:17:42,64,66,7052,24453
2023-05-03 15:17:51,65,66,7052,24453
2023-05-03 15:17:52,66,67,7052,24485
2023-05-03 15:17:52,65,67,7052,24485
2023-05-03 15:17:54,66,67,7052,24485
2023-05-03 15:17:54,67,68,7052,24487
2023-05-03 15:17:54,66,68,7052,24487
2023-05-03 15:17:57,66,68,7052,24687
2023-05-03 15:18:03,65,68,7052,24687
2023-05-03 15:18:04,67,68,7052,24687
2023-05-03 15:18:12,65,68,7052,24687
2023-05-03 15:18:17,66,68,7052,24687
2023-05-03 15:18:19,65,68,7052,24687
2023-05-03 15:18:22,65,67,7052,24687
2023-05-03 15:18:34,66,67,7052,24687
2023-05-03 15:18:39,65,67,7052,24687
2023-05-03 15:18:48,66,67,7052,24687
2023-05-03 15:19:26,66,67,7052,24727
2023-05-03 15:19:32,67,68,7052,24759
2023-05-03 15:19:35,66,68,7052,24759
2023-05-03 15:19:35,66,68,7052,24799
2023-05-03 15:19:37,67,68,7052,24799
2023-05-03 15:19:48,66,67,7052,24809
2023-05-03 15:19:48,66,68,7052,24809
2023-05-03 15:20:04,66,67,7052,24809
2023-05-03 15:20:04,65,67,7052,24847
2023-05-03 15:20:05,65,66,7052,24847
2023-05-03 15:20:06,64,65,7154,24967
2023-05-03 15:20:06,64,65,7227,25040
2023-05-03 15:20:08,63,64,7233,25046
2023-05-03 15:20:08,63,65,7233,25046
2023-05-03 15:20:09,62,63,7326,25139
2023-05-03 15:20:09,62,65,7326,25139
2023-05-03 15:20:09,62,64,7326,25139
2023-05-03 15:20:09,62,65,7326,25139
2023-05-03 15:20:11,62,63,7326,25139
2023-05-03 15:20:11,62,63,7326,25139
2023-05-03 15:20:12,61,62,7328,25141
2023-05-03 15:20:12,61,63,7328,25141
2023-05-03 15:20:14,60,63,7328,25141
2023-05-03 15:20:16,60,62,7328,25141
2023-05-03 15:20:24,58,60,7328,25143
2023-05-03 15:20:32,58,62,7328,25143
2023-05-03 15:20:32,58,61,7328,25143
2023-05-03 15:20:33,58,60,7328,25143
2023-05-03 15:20:36,59,60,7328,25143
2023-05-03 15:20:40,60,63,7325,25146
2023-05-03 15:20:40,61,63,7325,25146
2023-05-03 15:20:41,61,62,7325,25146
2023-05-03 15:20:41,61,63,7325,25146
2023-05-03 15:20:41,60,63,7325,25146
2023-05-03 15:20:44,59,63,7325,25146
2023-05-03 15:20:47,60,63,7325,25146
2023-05-03 15:20:47,60,62,7325,25146
2023-05-03 15:20:48,59,62,7325,25146
2023-05-03 15:20:49,60,62,7325,25146
2023-05-03 15:21:01,60,61,7325,25146
2023-05-03 15:21:03,60,62,7325,25146
2023-05-03 15:21:07,60,61,7325,25146
2023-05-03 15:21:08,60,62,7325,25146
2023-05-03 15:21:09,60,61,7325,25146
2023-05-03 15:21:12,59,61,7325,25146
2023-05-03 15:21:13,59,60,7325,25146
2023-05-03 15:21:18,58,60,7357,25178
2023-05-03 15:21:19,58,60,7357,25378
2023-05-03 15:21:19,58,59,7357,25378
2023-05-03 15:21:22,58,60,7357,25378
2023-05-03 15:21:27,58,59,7357,25378
2023-05-03 15:21:32,56,59,7357,25410
2023-05-03 15:21:33,54,59,7357,25410
2023-05-03 15:21:33,54,58,7357,25410
2023-05-03 15:21:34,53,58,7357,25410
2023-05-03 15:21:37,53,55,7357,25410
2023-05-03 15:21:57,53,54,7357,25410
2023-05-03 15:21:57,51,54,7389,25442
2023-05-03 15:21:58,51,53,7389,25442
2023-05-03 15:22:03,51,52,7389,25442
2023-05-03 15:22:05,49,51,7389,25444
2023-05-03 15:22:10,49,52,7389,25444
2023-05-03 15:22:10,49,51,7389,25444
2023-05-03 15:22:10,49,51,7389,25544
2023-05-03 15:22:12,48,49,7389,25546
2023-05-03 15:22:17,48,51,7389,25546
2023-05-03 15:22:20,48,50,7389,25546
2023-05-03 15:22:24,49,50,7389,25546
2023-05-03 15:22:24,49,51,7389,25546
2023-05-03 15:22:26,50,51,7389,25546
2023-05-03 15:22:28,51,53,7384,25551
2023-05-03 15:22:29,52,53,7384,25551
2023-05-03 15:22:30,51,53,7384,25551
2023-05-03 15:22:31,51,55,7384,25551
2023-05-03 15:22:31,52,55,7384,25551
2023-05-03 15:22:44,52,54,7384,25551
2023-05-03 15:22:45,52,55,7384,25551
2023-05-03 15:22:55,52,53,7384,25551
2023-05-03 15:22:58,54,55,7345,25610
2023-05-03 15:22:58,55,57,7301,25654
2023-05-03 15:22:58,55,58,7301,25654
2023-05-03 15:23:00,55,59,7301,25654
2023-05-03 15:23:00,55,58,7301,25654
2023-05-03 15:23:00,55,59,7301,25654
2023-05-03 15:23:01,56,59,7301,25654
2023-05-03 15:23:04,57,59,7301,25654
2023-05-03 15:23:04,57,61,7301,25654
2023-05-03 15:23:05,58,62,7301,25654
2023-05-03 15:23:05,59,62,7301,25654
2023-05-03 15:23:07,59,61,7301,25654
2023-05-03 15:23:15,60,61,7301,25654
2023-05-03 15:23:17,61,63,7300,25655
2023-05-03 15:23:17,60,63,7300,25655
2023-05-03 15:23:22,60,64,7300,25855
2023-05-03 15:23:24,60,65,7300,26055
2023-05-03 15:23:27,60,65,7300,26155
2023-05-03 15:23:28,60,64,7300,26155
2023-05-03 15:23:30,62,64,7300,26155
2023-05-03 15:23:30,63,64,7300,26155
2023-05-03 15:23:31,63,67,7212,26243
2023-05-03 15:23:31,64,67,7212,26243
2023-05-03 15:23:34,65,67,7212,26243
2023-05-03 15:23:42,66,67,7212,26243
2023-05-03 15:23:49,67,69,7196,26259
2023-05-03 15:23:49,67,70,7196,26259
2023-05-03 15:23:50,68,70,7196,26259
2023-05-03 15:23:52,68,69,7196,26259
2023-05-03 15:23:57,69,71,7143,26312
2023-05-03 15:23:58,68,71,7143,26312
2023-05-03 15:23:59,69,71,7143,26312
2023-05-03 15:24:00,68,71,6944,26512
2023-05-03 15:24:12,68,70,6944,26512
2023-05-03 15:24:13,68,71,6944,26512
2023-05-03 15:24:24,68,70,6944,26512
2023-05-03 15:24:40,68,69,6944,26512
2023-05-03 15:24:45,68,70,6944,26512
2023-05-03 15:24:55,68,69,6944,26512
2023-05-03 15:24:56,68,69,7144,26712
2023-05-03 15:24:58,68,69,7174,26742
2023-05-03 15:25:02,68,70,7174,26742
2023-05-03 15:25:02,68,69,7174,26742
2023-05-03 15:25:02,69,70,7142,26774
2023-05-03 15:25:03,70,71,7110,26806
2023-05-03 15:25:07,71,72,7078,26838
2023-05-03 15:25:07,70,72,7078,26838
2023-05-03 15:25:24,71,72,7078,26838
2023-05-03 15:25:33,72,74,7046,26870
2023-05-03 15:25:53,72,73,7046,26870
2023-05-03 15:26:07,72,73,7054,26878
2023-05-03 15:26:08,71,72,7079,26903
2023-05-03 15:26:08,71,73,7079,26903
2023-05-03 15:26:13,71,72,7079,26903
2023-05-03 15:26:26,70,72,7079,26903
2023-05-03 15:26:57,71,72,7079,26903
2023-05-03 15:27:11,72,73,7047,26935
2023-05-03 15:27:11,71,73,7047,26935
2023-05-03 15:28:02,72,73,7047,26935
2023-05-03 15:28:02,73,74,7015,26967
2023-05-03 15:28:02,72,74,7015,26967
2023-05-03 15:28:04,73,74,7015,26967
2023-05-03 15:28:07,71,73,7023,26975
2023-05-03 15:28:09,71,72,7023,26975
2023-05-03 15:28:10,70,71,7062,27014
2023-05-03 15:28:12,68,71,7062,27014
2023-05-03 15:28:14,68,72,7062,27014
2023-05-03 15:28:14,68,71,7062,27014
2023-05-03 15:28:17,69,71,7062,27014
2023-05-03 15:28:19,68,71,7062,27014
2023-05-03 15:28:27,68,70,7062,27014
2023-05-03 15:28:32,68,70,7262,27214
2023-05-03 15:28:34,68,70,7262,27248
2023-05-03 15:28:39,66,68,7293,27279
2023-05-03 15:28:39,66,70,7293,27279
2023-05-03 15:28:41,66,69,7293,27279
2023-05-03 15:28:42,66,68,7293,27279
2023-05-03 15:28:42,66,67,7293,27279
2023-05-03 15:28:42,63,67,7295,27433
2023-05-03 15:28:42,63,66,7295,27433
2023-05-03 15:28:42,63,67,7295,27433
2023-05-03 15:28:42,63,66,7295,27433
2023-05-03 15:28:44,60,66,7295,27433
2023-05-03 15:28:44,60,65,7295,27433
2023-05-03 15:28:46,63,65,7295,27433
2023-05-03 15:28:47,60,63,7297,27435
2023-05-03 15:28:47,60,65,7297,27435
2023-05-03 15:29:01,60,63,7297,27435
2023-05-03 15:29:03,60,62,7297,27435
2023-05-03 15:29:03,57,62,7299,27437
2023-05-03 15:29:05,57,60,7299,27437
2023-05-03 15:29:05,56,60,7299,27437
2023-05-03 15:29:07,56,59,7299,27437
2023-05-03 15:29:08,54,59,7299,27437
2023-05-03 15:29:09,54,57,7299,27437
2023-05-03 15:29:11,54,56,7299,27437
2023-05-03 15:29:12,54,56,7299,27469
2023-05-03 15:29:12,52,56,7549,27719
2023-05-03 15:29:12,52,55,7549,27719
2023-05-03 15:29:12,51,55,7549,27719
2023-05-03 15:29:12,51,54,7549,27719
2023-05-03 15:29:15,51,54,7695,27865
2023-05-03 15:29:15,49,51,7849,28019
2023-05-03 15:29:17,48,51,7849,28019
2023-05-03 15:29:19,49,51,7849,28019
2023-05-03 15:29:25,50,51,7849,28019
2023-05-03 15:29:27,49,51,7849,28019
2023-05-03 15:29:35,49,50,7849,28019
2023-05-03 15:29:41,50,51,7841,28027
2023-05-03 15:29:41,49,51,7841,28027
2023-05-03 15:29:45,51,55,7840,28174
2023-05-03 15:29:45,51,54,7840,28174
2023-05-03 15:29:47,50,54,7840,28174
2023-05-03 15:29:59,49,53,7840,28174
2023-05-03 15:30:02,48,49,7840,28206
2023-05-03 15:30:03,45,48,7840,28208
2023-05-03 15:30:05,46,48,7840,28208
2023-05-03 15:30:06,47,48,7840,28208
2023-05-03 15:30:06,46,47,7670,28408
2023-05-03 15:30:07,47,48,7570,28508
2023-05-03 15:30:07,46,48,7570,28508
2023-05-03 15:30:08,46,51,7570,28508
2023-05-03 15:30:08,46,50,7570,28508
2023-05-03 15:30:08,46,51,7570,28508
2023-05-03 15:30:12,46,50,7570,28508
2023-05-03 15:30:14,46,49,7570,28508
2023-05-03 15:30:15,49,50,7570,28526
2023-05-03 15:30:15,46,50,7570,28526
2023-05-03 15:30:18,46,49,7570,28526
2023-05-03 15:30:37,49,50,7535,28561
2023-05-03 15:30:37,46,50,7535,28561
2023-05-03 15:30:39,50,51,7493,28603
2023-05-03 15:30:39,46,51,7493,28603
2023-05-03 15:31:01,46,50,7493,28603
2023-05-03 15:31:03,46,49,7493,28603
2023-05-03 15:31:04,49,50,7485,28611
2023-05-03 15:31:04,46,50,7485,28611
2023-05-03 15:31:05,46,51,7485,28611
2023-05-03 15:31:07,48,51,7485,28611
2023-05-03 15:31:08,51,53,7484,28612
2023-05-03 15:31:08,48,53,7484,28612
2023-05-03 15:31:08,48,52,7484,28612
2023-05-03 15:31:08,48,53,7484,28612
2023-05-03 15:31:11,48,54,7484,28612
2023-05-03 15:31:11,48,53,7484,28612
2023-05-03 15:31:12,48,52,7484,28612
2023-05-03 15:31:19,48,51,7484,28612
2023-05-03 15:31:27,48,49,7484,28612
2023-05-03 15:31:29,46,48,7484,28614
2023-05-03 15:31:36,46,49,7484,28614
2023-05-03 15:31:37,46,47,7484,28614
2023-05-03 15:31:38,47,49,7476,28622
2023-05-03 15:31:38,46,49,7476,28622
2023-05-03 15:31:38,46,51,7476,28622
2023-05-03 15:31:44,46,50,7476,28622
2023-05-03 15:31:54,46,51,7476,28622
2023-05-03 15:31:57,45,46,7476,28654
2023-05-03 15:31:58,42,46,7476,28654
2023-05-03 15:32:00,42,45,7476,28654
2023-05-03 15:32:04,45,46,7468,28662
2023-05-03 15:32:04,42,46,7468,28662
2023-05-03 15:32:18,45,46,7468,28662
2023-05-03 15:32:19,42,45,7468,28862
2023-05-03 15:32:19,42,44,7468,28862
2023-05-03 15:32:20,42,43,7468,28862
2023-05-03 15:32:22,40,42,7468,28894
2023-05-03 15:32:25,40,43,7468,28894
2023-05-03 15:32:26,38,43,7468,28894
2023-05-03 15:32:26,37,43,7468,28894
2023-05-03 15:32:30,38,43,7468,28894
2023-05-03 15:32:33,38,42,7468,28894
2023-05-03 15:32:36,38,40,7468,28894
2023-05-03 15:32:36,38,40,7468,29094
2023-05-03 15:32:36,38,42,7268,29294
2023-05-03 15:32:38,42,44,7260,29302
2023-05-03 15:32:38,42,44,7250,29312
2023-05-03 15:32:38,38,44,7250,29312
2023-05-03 15:32:38,38,43,7250,29312
2023-05-03 15:32:39,40,43,7250,29312
2023-05-03 15:32:40,40,41,7250,29312
2023-05-03 15:32:53,38,40,7250,29315
2023-05-03 15:32:55,38,39,7250,29315
2023-05-03 15:32:59,38,40,7250,29365
2023-05-03 15:33:01,34,40,7403,29518
2023-05-03 15:33:02,35,40,7403,29518
2023-05-03 15:33:03,35,39,7403,29518
2023-05-03 15:33:05,35,38,7403,29518
2023-05-03 15:33:12,38,39,7361,29560
2023-05-03 15:33:12,35,39,7361,29560
2023-05-03 15:33:16,36,39,7361,29560
2023-05-03 15:33:24,36,38,7361,29560
2023-05-03 15:33:26,36,39,7361,29560
2023-05-03 15:33:27,36,38,7361,29560
2023-05-03 15:33:31,36,39,7361,29560
2023-05-03 15:33:37,39,40,7289,29632
2023-05-03 15:33:37,36,40,7289,29632
2023-05-03 15:33:38,38,40,7289,29632
2023-05-03 15:33:56,37,38,7289,29664
2023-05-03 15:34:02,36,37,7289,29667
2023-05-03 15:34:03,31,35,7289,29701
2023-05-03 15:34:05,31,34,7289,29701
2023-05-03 15:34:05,30,34,7289,29701
2023-05-03 15:34:07,30,34,7289,29702
2023-05-03 15:34:13,30,37,7289,29710
2023-05-03 15:34:13,30,36,7289,29710
2023-05-03 15:34:15,32,36,7289,29710
2023-05-03 15:34:17,36,38,7289,29718
2023-05-03 15:34:17,34,38,7289,29718
2023-05-03 15:34:20,35,38,7289,29718
2023-05-03 15:34:29,38,40,7228,29779
2023-05-03 15:34:29,35,40,7228,29779
2023-05-03 15:34:30,35,41,7228,29779
2023-05-03 15:34:30,35,43,7228,29779
2023-05-03 15:34:30,36,43,7228,29779
2023-05-03 15:34:30,36,42,7228,29779
2023-05-03 15:34:30,37,42,7228,29779
2023-05-03 15:34:33,38,42,7228,29779
2023-05-03 15:34:34,38,43,7228,29779
2023-05-03 15:34:36,38,41,7228,29779
2023-05-03 15:34:37,39,41,7228,29779
2023-05-03 15:34:37,41,44,7160,29847
2023-05-03 15:34:37,39,44,7160,29847
2023-05-03 15:34:38,39,46,7160,29847
2023-05-03 15:34:38,39,45,7160,29847
2023-05-03 15:34:48,39,43,7160,29847
2023-05-03 15:34:48,40,43,7160,29847
2023-05-03 15:34:54,40,45,7160,29847
2023-05-03 15:34:54,42,45,7160,29847
2023-05-03 15:35:00,42,44,7160,29847
2023-05-03 15:35:02,43,44,7160,29847
2023-05-03 15:35:04,44,45,7152,29855
2023-05-03 15:35:04,43,45,7152,29855
2023-05-03 15:35:05,45,48,7151,29856
2023-05-03 15:35:05,43,48,7151,29856
2023-05-03 15:35:11,43,47,7151,29856
2023-05-03 15:35:17,43,45,7151,29856
2023-05-03 15:35:26,43,44,7151,29856
2023-05-03 15:35:31,42,43,7151,29858
2023-05-03 15:35:34,40,42,7151,29891
2023-05-03 15:35:37,40,43,7151,29891
2023-05-03 15:35:44,40,43,7151,29911
2023-05-03 15:35:47,42,43,7151,29911
2023-05-03 15:35:53,40,42,7151,29937
2023-05-03 15:35:53,40,42,7151,29969
2023-05-03 15:35:56,40,43,7151,29969
2023-05-03 15:36:00,40,43,7151,29970
2023-05-03 15:36:03,40,43,7151,29990
2023-05-03 15:36:03,42,43,7151,29990
2023-05-03 15:36:03,43,44,7108,30033
2023-05-03 15:36:03,42,44,7108,30033
2023-05-03 15:36:04,44,45,7100,30041
2023-05-03 15:36:04,42,45,7100,30041
2023-05-03 15:36:05,45,48,7060,30081
2023-05-03 15:36:05,42,48,7060,30081
2023-05-03 15:36:06,42,49,7060,30081
2023-05-03 15:36:06,42,48,7060,30081
2023-05-03 15:36:07,42,49,7060,30081
2023-05-03 15:36:07,42,45,7060,30081
2023-05-03 15:36:08,45,49,7059,30082
2023-05-03 15:36:08,42,49,7059,30082
2023-05-03 15:36:08,42,50,7059,30082
2023-05-03 15:36:09,44,50,7059,30082
2023-05-03 15:36:09,45,50,7059,30082
2023-05-03 15:36:14,45,48,7059,30082
2023-05-03 15:36:16,43,48,7059,30082
2023-05-03 15:36:16,42,48,7059,30082
2023-05-03 15:36:16,43,48,7059,30082
2023-05-03 15:36:24,43,45,7059,30082
2023-05-03 15:36:29,42,45,7059,30082
2023-05-03 15:36:29,42,48,7059,30082
2023-05-03 15:36:29,42,47,7059,30082
2023-05-03 15:36:29,40,47,7059,30082
2023-05-03 15:36:30,40,44,7059,30082
2023-05-03 15:36:31,43,44,7059,30082
2023-05-03 15:36:32,44,48,7051,30090
2023-05-03 15:36:32,43,48,7051,30090
2023-05-03 15:36:35,44,48,7051,30090
2023-05-03 15:36:46,46,48,7051,30090
2023-05-03 15:36:47,46,47,7051,30090
2023-05-03 15:36:47,44,46,7051,30091
2023-05-03 15:36:51,44,47,7051,30091
2023-05-03 15:36:52,44,48,7051,30091
2023-05-03 15:36:54,42,48,7051,30091
2023-05-03 15:36:55,42,47,7051,30091
2023-05-03 15:36:55,44,47,7051,30091
2023-05-03 15:36:57,44,45,7051,30091
2023-05-03 15:36:58,45,47,7051,30141
2023-05-03 15:36:59,44,47,7051,30141
2023-05-03 15:36:59,45,47,7051,30141
2023-05-03 15:37:02,46,47,7051,30141
2023-05-03 15:37:04,47,48,7043,30149
2023-05-03 15:37:04,46,48,7043,30149
2023-05-03 15:37:05,48,51,7042,30150
2023-05-03 15:37:05,46,51,7042,30150
2023-05-03 15:37:06,45,51,7042,30150
2023-05-03 15:37:07,46,51,7042,30150
2023-05-03 15:37:09,46,49,7042,30150
2023-05-03 15:37:12,46,48,7042,30150
2023-05-03 15:37:12,46,49,7042,30150
2023-05-03 15:37:16,46,47,7042,30150
2023-05-03 15:37:18,45,46,7042,30152
2023-05-03 15:37:21,42,45,7042,30154
2023-05-03 15:37:23,42,47,7042,30154
2023-05-03 15:37:24,43,47,7042,30154
2023-05-03 15:37:25,43,45,7042,30154
2023-05-03 15:37:26,44,45,7042,30154
2023-05-03 15:37:29,44,47,7042,30157
2023-05-03 15:37:38,45,47,7042,30157
2023-05-03 15:37:38,45,46,7042,30157
2023-05-03 15:37:46,45,49,7042,30157
2023-05-03 15:37:46,46,49,7042,30157
2023-05-03 15:37:47,47,49,7042,30157
2023-05-03 15:37:52,46,49,7042,30157
2023-05-03 15:37:52,46,48,7042,30157
2023-05-03 15:37:57,45,46,7042,30169
2023-05-03 15:37:59,44,45,7042,30171
2023-05-03 15:38:04,44,46,7042,30171
2023-05-03 15:38:05,45,46,7042,30171
2023-05-03 15:38:05,45,48,7042,30171
2023-05-03 15:38:05,44,45,7042,30191
2023-05-03 15:38:13,43,44,7074,30223
2023-05-03 15:38:13,43,45,7074,30223
2023-05-03 15:38:13,43,44,7074,30223
2023-05-03 15:38:14,43,45,7074,30223
2023-05-03 15:38:20,44,45,7074,30223
2023-05-03 15:38:22,43,45,7074,30223
2023-05-03 15:38:30,43,46,7074,30226
2023-05-03 15:38:32,43,45,7074,30226
2023-05-03 15:38:39,43,46,7074,30226
2023-05-03 15:38:40,43,49,7074,30226
2023-05-03 15:38:40,43,48,7074,30226
2023-05-03 15:38:44,44,48,7074,30226
2023-05-03 15:38:47,44,46,7074,30226
2023-05-03 15:38:51,43,46,7074,30226
2023-05-03 15:38:52,44,46,7074,30226
2023-05-03 15:38:59,46,49,7014,30286
2023-05-03 15:38:59,44,49,7014,30286
2023-05-03 15:38:59,44,48,7014,30286
2023-05-03 15:38:59,44,49,7014,30286
2023-05-03 15:39:08,44,47,7014,30286
2023-05-03 15:39:17,44,46,7014,30286
2023-05-03 15:39:20,43,44,7014,30318
2023-05-03 15:39:25,43,46,7014,30318
2023-05-03 15:39:26,43,44,7014,30318
2023-05-03 15:39:30,39,43,7014,30353
2023-05-03 15:39:34,40,43,7014,30353
2023-05-03 15:39:37,39,43,7014,30353
2023-05-03 15:40:00,39,42,7014,30353
2023-05-03 15:40:01,39,40,7014,30353
2023-05-03 15:40:02,38,39,7014,30355
2023-05-03 15:40:03,37,38,7014,30387
2023-05-03 15:40:05,36,37,7036,30409
2023-05-03 15:40:05,36,38,7036,30409
2023-05-03 15:40:07,34,36,7037,30410
2023-05-03 15:40:07,34,38,7037,30410
2023-05-03 15:40:08,34,37,7037,30410
2023-05-03 15:40:11,34,36,7037,30410
2023-05-03 15:40:12,33,34,7069,30442
2023-05-03 15:40:12,33,36,7069,30442
2023-05-03 15:40:12,33,35,7069,30442
2023-05-03 15:40:14,31,33,7113,30486
2023-05-03 15:40:14,31,35,7113,30486
2023-05-03 15:40:14,31,34,7113,30486
2023-05-03 15:40:14,31,35,7113,30486
2023-05-03 15:40:15,30,35,7113,30486
2023-05-03 15:40:22,30,34,7113,30486
2023-05-03 15:40:23,30,32,7113,30486
2023-05-03 15:40:25,28,30,7118,30491
2023-05-03 15:40:25,28,32,7118,30491
2023-05-03 15:40:27,27,32,7118,30491
2023-05-03 15:40:30,30,32,7118,30491
2023-05-03 15:40:36,30,31,7118,30491
2023-05-03 15:40:41,26,30,7150,30576
2023-05-03 15:40:41,26,31,7150,30576
2023-05-03 15:40:55,26,30,7150,30576
2023-05-03 15:41:11,26,29,7150,30576
2023-05-03 15:41:13,26,30,7150,30576
2023-05-03 15:41:21,28,30,7150,30576
2023-05-03 15:41:33,28,30,7150,30596
2023-05-03 15:41:34,28,30,7150,30616
2023-05-03 15:41:42,28,31,7150,30636
2023-05-03 15:41:48,31,32,7150,30671
2023-05-03 15:41:49,32,37,7090,30731
2023-05-03 15:41:49,31,37,7090,30731
2023-05-03 15:41:53,31,36,7090,30731
2023-05-03 15:42:00,31,35,7090,30731
2023-05-03 15:42:06,31,34,7090,30731
2023-05-03 15:42:06,31,35,7090,30731
2023-05-03 15:42:06,31,34,7090,30731
2023-05-03 15:42:08,31,32,7090,30731
2023-05-03 15:42:09,31,34,7090,30731
2023-05-03 15:42:09,31,33,7090,30731
2023-05-03 15:42:09,28,30,7090,30792
2023-05-03 15:42:09,25,30,7090,30792
2023-05-03 15:42:09,27,30,7090,30792
2023-05-03 15:42:14,25,30,7090,30792
2023-05-03 15:42:15,27,30,7090,30792
2023-05-03 15:42:15,27,29,7090,30792
2023-05-03 15:42:22,25,29,7090,30792
2023-05-03 15:42:32,27,29,7090,30792
2023-05-03 15:42:34,27,29,7115,30817
2023-05-03 15:42:36,27,30,7115,30817
2023-05-03 15:42:40,28,30,7115,30817
2023-05-03 15:42:46,27,30,7115,30817
2023-05-03 15:42:52,27,30,7117,30819
2023-05-03 15:42:53,28,30,7117,30819
2023-05-03 15:42:53,29,30,7117,30819
2023-05-03 15:42:53,28,30,7117,30819
2023-05-03 15:42:59,28,31,7117,30820
2023-05-03 15:43:00,29,31,7117,30820
2023-05-03 15:43:01,30,31,7117,30820
2023-05-03 15:43:02,31,32,7117,30860
2023-05-03 15:43:03,32,37,7076,30901
2023-05-03 15:43:03,31,37,7076,30901
2023-05-03 15:43:05,33,37,7076,30901
2023-05-03 15:43:09,35,37,7076,30901
2023-05-03 15:43:11,35,40,7076,30902
2023-05-03 15:43:14,36,40,7076,30902
2023-05-03 15:43:19,36,40,7076,30922
2023-05-03 15:43:23,34,40,7076,30922
2023-05-03 15:43:23,36,40,7076,30922
2023-05-03 15:43:23,36,39,7076,30922
2023-05-03 15:43:24,36,40,7076,30930
2023-05-03 15:43:24,37,40,7076,30930
2023-05-03 15:43:32,37,39,7076,30930
2023-05-03 15:43:33,37,39,7096,30950
2023-05-03 15:43:34,37,40,7096,30950
2023-05-03 15:43:35,37,39,7108,30962
2023-05-03 15:43:35,37,40,7108,30962
2023-05-03 15:43:35,37,39,7108,30962
2023-05-03 15:43:36,37,40,7108,30962
2023-05-03 15:43:37,37,40,7110,30964
2023-05-03 15:43:38,38,40,7110,30964
2023-05-03 15:43:45,39,40,7110,30964
2023-05-03 15:43:48,38,39,7130,30984
2023-05-03 15:43:48,38,40,7130,30984
2023-05-03 15:43:48,39,40,7130,30984
2023-05-03 15:43:49,38,39,7150,31004
2023-05-03 15:43:49,38,40,7150,31004
2023-05-03 15:43:50,39,40,7150,31004
2023-05-03 15:43:52,38,39,7170,31024
2023-05-03 15:43:52,38,40,7170,31024
2023-05-03 15:43:53,38,39,7170,31024
2023-05-03 15:43:54,37,38,7202,31056
2023-05-03 15:43:54,37,39,7202,31056
2023-05-03 15:43:55,37,38,7202,31056
2023-05-03 15:43:55,37,39,7202,31056
2023-05-03 15:44:03,38,39,7202,31056
2023-05-03 15:44:21,37,38,7234,31088
2023-05-03 15:44:21,37,39,7234,31088
2023-05-03 15:44:22,36,37,7236,31090
2023-05-03 15:44:22,36,39,7236,31090
2023-05-03 15:44:24,36,39,7236,31092
2023-05-03 15:44:25,36,38,7236,31092
2023-05-03 15:44:28,36,39,7236,31092
2023-05-03 15:44:29,37,39,7236,31092
2023-05-03 15:44:29,37,38,7236,31092
2023-05-03 15:44:29,37,38,7236,31112
2023-05-03 15:44:32,37,39,7223,31125
2023-05-03 15:44:32,37,38,7223,31125
2023-05-03 15:44:34,38,39,7223,31138
2023-05-03 15:44:40,38,40,7223,31176
2023-05-03 15:44:40,39,40,7223,31176
2023-05-03 15:44:47,38,39,7225,31178
2023-05-03 15:44:47,38,40,7225,31178
2023-05-03 15:44:53,37,38,7225,31180
2023-05-03 15:44:54,37,38,7225,31230
2023-05-03 15:44:54,35,37,7227,31232
2023-05-03 15:44:54,35,38,7227,31232
2023-05-03 15:45:01,35,37,7227,31232
2023-05-03 15:45:01,35,37,7227,31234
2023-05-03 15:45:01,33,35,7259,31316
2023-05-03 15:45:01,33,37,7259,31316
2023-05-03 15:45:02,33,36,7259,31316
2023-05-03 15:45:05,30,36,7259,31316
2023-05-03 15:45:05,30,37,7259,31316
2023-05-03 15:45:06,31,37,7259,31316
2023-05-03 15:45:07,30,37,7259,31316
2023-05-03 15:45:07,30,36,7259,31316
2023-05-03 15:45:10,31,36,7259,31316
2023-05-03 15:45:11,30,36,7259,31316
2023-05-03 15:45:13,31,36,7259,31316
2023-05-03 15:45:14,32,36,7259,31316
2023-05-03 15:45:14,33,36,7259,31316
2023-05-03 15:45:17,34,36,7259,31316
2023-05-03 15:45:18,35,36,7259,31316
2023-05-03 15:45:20,35,37,7228,31347
2023-05-03 15:45:20,36,37,7228,31347
2023-05-03 15:45:22,40,41,7228,31413
2023-05-03 15:45:23,36,41,7228,31413
2023-05-03 15:45:23,41,42,7228,31453
2023-05-03 15:45:27,41,43,7228,31493
2023-05-03 15:45:28,41,42,7228,31493
2023-05-03 15:45:29,41,42,7228,31513
2023-05-03 15:45:30,41,42,7228,31533
2023-05-03 15:45:37,41,43,7228,31537
2023-05-03 15:45:37,42,43,7228,31537
2023-05-03 15:45:43,42,43,7228,31561
2023-05-03 15:45:45,41,42,7273,31606
2023-05-03 15:45:45,41,43,7273,31606
2023-05-03 15:45:45,41,42,7273,31606
2023-05-03 15:45:46,41,42,7273,31626
2023-05-03 15:45:51,41,43,7273,31626
2023-05-03 15:45:52,37,41,7273,31658
2023-05-03 15:45:53,38,41,7273,31658
2023-05-03 15:45:56,37,41,7273,31658
2023-05-03 15:45:57,37,40,7273,31658
2023-05-03 15:45:58,37,39,7273,31658
2023-05-03 15:45:59,32,37,7305,31690
2023-05-03 15:45:59,32,39,7305,31690
2023-05-03 15:45:59,34,39,7305,31690
2023-05-03 15:46:02,33,39,7305,31690
2023-05-03 15:46:02,33,38,7305,31690
2023-05-03 15:46:02,34,38,7305,31690
2023-05-03 15:46:02,34,37,7305,31690
2023-05-03 15:46:03,34,36,7305,31690
2023-05-03 15:46:04,34,35,7305,31690
2023-05-03 15:46:05,32,34,7307,31692
2023-05-03 15:46:05,32,35,7307,31692
2023-05-03 15:46:05,32,34,7307,31692
2023-05-03 15:46:07,30,34,7307,31692
2023-05-03 15:46:12,30,33,7307,31692
2023-05-03 15:46:19,30,31,7307,31692
2023-05-03 15:46:19,27,30,7312,31697
2023-05-03 15:46:19,27,31,7312,31697
2023-05-03 15:46:20,27,30,7312,31697
2023-05-03 15:46:20,27,31,7312,31697
2023-05-03 15:46:20,25,31,7312,31697
2023-05-03 15:46:21,25,29,7312,31697
2023-05-03 15:46:22,25,28,7312,31697
2023-05-03 15:46:25,25,27,7312,31697
2023-05-03 15:46:27,25,26,7312,31697
2023-05-03 15:46:33,25,27,7312,31697
2023-05-03 15:46:40,25,28,7312,31717
2023-05-03 15:46:40,26,28,7312,31717
2023-05-03 15:46:46,26,27,7312,31717
2023-05-03 15:46:46,25,26,7364,31769
2023-05-03 15:46:47,25,27,7364,31769
2023-05-03 15:46:47,25,26,7364,31769
2023-05-03 15:46:48,21,25,7370,31775
2023-05-03 15:46:48,21,26,7370,31775
2023-05-03 15:46:48,21,25,7370,31775
2023-05-03 15:46:49,21,24,7370,31775
2023-05-03 15:46:53,21,23,7370,31775
2023-05-03 15:46:54,20,23,7370,31775
2023-05-03 15:46:54,21,23,7370,31775
2023-05-03 15:46:55,21,24,7370,31795
2023-05-03 15:46:56,22,24,7370,31795
2023-05-03 15:47:02,23,24,7370,31795
2023-05-03 15:47:04,28,29,7370,31796
2023-05-03 15:47:05,23,29,7420,31846
2023-05-03 15:47:06,23,24,7420,31846
2023-05-03 15:47:08,22,24,7420,31846
2023-05-03 15:47:21,22,23,7420,31846
2023-05-03 15:47:23,21,22,7472,31898
2023-05-03 15:47:23,21,23,7472,31898
2023-05-03 15:47:24,21,22,7472,31898
2023-05-03 15:47:42,22,24,7472,31931
2023-05-03 15:47:48,22,24,7472,31951
2023-05-03 15:47:49,22,27,7472,32011
2023-05-03 15:47:55,23,27,7472,32011
2023-05-03 15:47:55,24,27,7472,32011
2023-05-03 15:47:56,27,32,7471,32012
2023-05-03 15:47:56,24,32,7471,32012
2023-05-03 15:47:57,25,32,7471,32012
2023-05-03 15:47:58,26,32,7471,32012
2023-05-03 15:47:58,27,32,7471,32012
2023-05-03 15:47:59,27,36,7471,32012
2023-05-03 15:48:00,28,36,7471,32012
2023-05-03 15:48:00,29,36,7471,32012
2023-05-03 15:48:02,30,36,7471,32012
2023-05-03 15:48:04,30,35,7471,32012
2023-05-03 15:48:08,29,35,7471,32012
2023-05-03 15:48:09,30,35,7471,32012
2023-05-03 15:48:09,30,34,7471,32012
2023-05-03 15:48:16,28,34,7471,32012
2023-05-03 15:48:16,27,34,7471,32012
2023-05-03 15:48:16,28,34,7471,32012
2023-05-03 15:48:17,29,34,7471,32012
2023-05-03 15:48:19,32,34,7471,32012
2023-05-03 15:48:20,34,35,7470,32013
2023-05-03 15:48:20,32,35,7470,32013
2023-05-03 15:48:20,33,35,7470,32013
2023-05-03 15:48:20,34,35,7470,32013
2023-05-03 15:48:20,32,35,7470,32013
2023-05-03 15:48:21,22,35,7470,32613
2023-05-03 15:48:21,20,35,7470,32613
2023-05-03 15:48:21,20,33,7470,32613
2023-05-03 15:48:21,20,29,7470,32613
2023-05-03 15:48:22,20,29,7470,32633
2023-05-03 15:48:22,29,33,7310,32813
2023-05-03 15:48:22,20,33,7310,32813
2023-05-03 15:48:22,29,33,7310,32813
2023-05-03 15:48:22,30,33,7310,32813
2023-05-03 15:48:23,29,33,7310,32813
2023-05-03 15:48:23,29,35,7110,33013
2023-05-03 15:48:23,30,35,7110,33013
2023-05-03 15:48:23,32,35,7110,33013
2023-05-03 15:48:27,32,34,7110,33013
2023-05-03 15:48:38,26,34,7110,33013
2023-05-03 15:48:38,27,34,7110,33013
2023-05-03 15:48:40,28,34,7110,33013
2023-05-03 15:48:40,30,34,7110,33013
2023-05-03 15:48:40,30,33,7110,33013
2023-05-03 15:48:41,30,31,7110,33013
2023-05-03 15:48:42,28,31,7110,33025
2023-05-03 15:48:42,27,28,7110,33088
2023-05-03 15:48:43,27,28,7110,33100
2023-05-03 15:48:50,26,28,7110,33102
2023-05-03 15:48:50,26,27,7110,33102
2023-05-03 15:48:53,26,28,7110,33102
2023-05-03 15:48:54,26,27,7110,33102
2023-05-03 15:49:01,26,27,7110,33122
2023-05-03 15:49:02,25,26,7122,33134
2023-05-03 15:49:02,25,27,7122,33134
2023-05-03 15:49:02,21,24,7122,33156
2023-05-03 15:49:02,21,24,7122,33158
2023-05-03 15:49:02,21,24,7122,33162
2023-05-03 15:49:04,20,24,7122,33162
2023-05-03 15:49:04,20,23,7122,33162
2023-05-03 15:49:04,20,22,7122,33162
2023-05-03 15:49:06,20,21,7122,33162
2023-05-03 15:49:07,20,22,7122,33162
2023-05-03 15:49:10,20,21,7122,33162
2023-05-03 15:49:11,20,22,7122,33162
2023-05-03 15:49:19,20,21,7122,33162
2023-05-03 15:49:33,16,21,7122,33262
2023-05-03 15:49:33,21,22,7114,33270
2023-05-03 15:49:33,16,22,7114,33270
2023-05-03 15:49:33,19,22,7114,33270
2023-05-03 15:49:34,21,22,7114,33270
2023-05-03 15:49:42,22,23,7113,33271
2023-05-03 15:49:42,21,23,7113,33271
2023-05-03 15:49:46,21,24,7113,33271
2023-05-03 15:49:47,21,23,7113,33271
2023-05-03 15:49:48,21,23,7118,33276
2023-05-03 15:49:58,21,22,7118,33276
2023-05-03 15:50:01,17,22,7118,33276
2023-05-03 15:50:02,17,20,7118,33276
2023-05-03 15:50:03,17,21,7118,33276
2023-05-03 15:50:03,17,20,7118,33276
2023-05-03 15:50:05,17,21,7118,33276
2023-05-03 15:50:05,17,22,7118,33276
2023-05-03 15:50:06,17,21,7118,33276
2023-05-03 15:50:10,17,22,7118,33276
2023-05-03 15:50:11,18,22,7118,33276
2023-05-03 15:50:12,20,22,7118,33276
2023-05-03 15:50:14,21,22,7118,33276
2023-05-03 15:50:15,22,25,7118,33315
2023-05-03 15:50:17,22,25,7118,33316
2023-05-03 15:50:17,21,25,7118,33316
2023-05-03 15:50:19,20,25,7118,33316
2023-05-03 15:50:19,22,25,7118,33316
2023-05-03 15:50:19,24,25,7118,33316
2023-05-03 15:50:19,20,22,7199,33397
2023-05-03 15:50:19,20,22,7470,33668
2023-05-03 15:50:25,20,21,7470,33668
2023-05-03 15:50:29,20,21,7470,33678
2023-05-03 15:50:29,20,21,7470,33686
2023-05-03 15:50:30,21,22,7470,33707
2023-05-03 15:50:34,21,22,7470,33947
2023-05-03 15:50:34,22,29,7678,34156
2023-05-03 15:50:35,22,31,7678,34156
2023-05-03 15:50:35,22,30,7678,34156
2023-05-03 15:50:36,22,29,7678,34156
2023-05-03 15:50:38,22,28,7678,34156
2023-05-03 15:50:39,24,28,7678,34156
2023-05-03 15:50:40,24,27,7678,34156
2023-05-03 15:50:41,24,27,7678,34157
2023-05-03 15:50:41,24,26,7678,34157
2023-05-03 15:50:43,22,26,7678,34157
2023-05-03 15:50:43,22,25,7678,34157
2023-05-03 15:50:43,22,24,7678,34157
2023-05-03 15:50:43,22,23,7678,34157
2023-05-03 15:50:45,22,24,7678,34157
2023-05-03 15:50:46,22,25,7678,34157
2023-05-03 15:50:47,22,27,7678,34157
2023-05-03 15:50:51,22,28,7678,34157
2023-05-03 15:50:52,22,29,7678,34157
2023-05-03 15:50:55,22,28,7678,34157
2023-05-03 15:51:02,22,27,7678,34157
2023-05-03 15:51:03,22,26,7678,34157
2023-05-03 15:51:06,21,26,7678,34157
2023-05-03 15:51:08,21,26,7678,34157
2023-05-03 15:51:09,21,25,7678,34157
2023-05-03 15:51:10,21,24,7678,34157
2023-05-03 15:51:15,21,23,7678,34157
2023-05-03 15:51:17,21,22,7678,34157
2023-05-03 15:51:17,18,22,7678,34157
2023-05-03 15:51:47,18,22,7683,34162
2023-05-03 15:52:01,19,22,7683,34162
2023-05-03 15:52:01,20,22,7683,34162
2023-05-03 15:52:02,22,23,7683,34222
2023-05-03 15:52:03,23,32,7683,34230
2023-05-03 15:52:05,24,32,7683,34230
2023-05-03 15:52:08,24,31,7683,34230
2023-05-03 15:52:08,24,30,7683,34230
2023-05-03 15:52:12,24,32,7683,34230
2023-05-03 15:52:16,24,31,7683,34230
2023-05-03 15:52:17,22,31,7683,34230
2023-05-03 15:52:18,20,26,7683,34230
2023-05-03 15:52:19,18,26,7683,34230
2023-05-03 15:52:19,18,25,7683,34230
2023-05-03 15:52:20,20,25,7683,34230
2023-05-03 15:52:22,20,24,7683,34230
2023-05-03 15:52:23,20,23,7683,34230
2023-05-03 15:52:23,20,24,7683,34250
2023-05-03 15:52:23,22,24,7683,34250
2023-05-03 15:52:24,20,22,7683,34270
2023-05-03 15:52:25,20,21,7683,34270
2023-05-03 15:52:26,18,20,7683,34274
2023-05-03 15:52:31,18,19,7683,34274
2023-05-03 15:52:36,15,19,7683,34301
2023-05-03 15:52:42,15,19,7933,34551
2023-05-03 15:52:45,15,20,7933,34595
2023-05-03 15:52:45,18,20,7933,34595
2023-05-03 15:52:46,18,19,7933,34595
2023-05-03 15:52:47,13,15,7958,34620
2023-05-03 15:53:04,13,15,7977,34639
2023-05-03 15:53:19,13,16,7977,34639
2023-05-03 15:53:19,13,15,7977,34639
2023-05-03 15:53:20,13,15,7982,34644
2023-05-03 15:53:21,9,15,7982,34649
2023-05-03 15:53:24,9,17,8002,34769
2023-05-03 15:53:24,9,16,8002,34769
2023-05-03 15:53:25,9,17,8002,34769
2023-05-03 15:53:25,9,16,8002,34769
2023-05-03 15:53:44,11,16,8002,34769
2023-05-03 15:53:46,12,16,8002,34769
2023-05-03 15:53:46,14,16,8002,34769
2023-05-03 15:53:50,14,16,8007,34774
2023-05-03 15:53:56,14,20,8007,34874
2023-05-03 15:53:56,14,19,8007,34874
2023-05-03 15:53:57,14,18,8007,34874
2023-05-03 15:53:58,12,18,8007,34874
2023-05-03 15:53:58,11,18,8007,34874
2023-05-03 15:53:58,11,17,8007,34874
2023-05-03 15:53:58,11,18,8007,34874
2023-05-03 15:53:58,11,17,8007,34874
2023-05-03 15:54:01,10,17,8007,34874
2023-05-03 15:54:03,10,16,8007,34874
2023-05-03 15:54:03,10,17,8007,34874
2023-05-03 15:54:04,10,16,8007,34874
2023-05-03 15:54:08,11,16,8007,34874
2023-05-03 15:54:08,11,16,8087,34954
2023-05-03 15:54:09,11,15,8087,34954
2023-05-03 15:54:09,11,14,8087,34954
2023-05-03 15:54:12,11,14,8087,34969
2023-05-03 15:54:13,11,15,8087,34969
2023-05-03 15:54:13,11,14,8087,34969
2023-05-03 15:54:22,10,14,8155,35037
2023-05-03 15:54:30,10,14,8156,35038
2023-05-03 15:54:33,10,13,8156,35038
2023-05-03 15:54:33,10,12,8156,35038
2023-05-03 15:54:33,10,13,8156,35038
2023-05-03 15:54:40,11,12,8156,35038
2023-05-03 15:54:41,10,12,8156,35038
2023-05-03 15:54:41,10,12,8170,35056
2023-05-03 15:54:53,10,12,8175,35061
2023-05-03 15:54:55,10,12,8201,35098
2023-05-03 15:54:55,10,13,8201,35098
2023-05-03 15:54:56,11,13,8201,35098
2023-05-03 15:54:58,10,13,8201,35098
2023-05-03 15:55:04,10,13,8206,35103
2023-05-03 15:55:06,10,11,8206,35103
2023-05-03 15:55:16,9,10,8206,35125
2023-05-03 15:55:21,4,8,8253,35307
2023-05-03 15:55:22,4,7,8253,35307
2023-05-03 15:55:29,4,6,8253,35307
2023-05-03 15:55:29,4,5,8253,35307
2023-05-03 15:55:31,4,5,8260,35314
2023-05-03 15:55:31,4,5,8270,35324
2023-05-03 15:55:31,4,6,8270,35324
2023-05-03 15:55:31,4,5,8270,35324
2023-05-03 15:55:34,4,5,8486,35540
2023-05-03 15:55:34,3,4,8512,35566
2023-05-03 15:55:37,3,4,8665,35766
2023-05-03 15:55:40,4,9,8832,35936
2023-05-03 15:55:46,4,13,9014,36118
2023-05-03 15:55:46,4,12,9014,36118
2023-05-03 15:55:51,4,11,9014,36118
2023-05-03 15:55:51,4,10,9014,36118
2023-05-03 15:55:51,4,11,9014,36118
2023-05-03 15:55:52,4,10,9014,36118
2023-05-03 15:55:52,4,11,9014,36118
2023-05-03 15:55:55,5,11,9014,36118
2023-05-03 15:55:56,4,11,9014,36118
2023-05-03 15:55:58,4,14,9014,36118
2023-05-03 15:55:58,4,13,9014,36118
2023-05-03 15:55:59,5,13,9014,36118
2023-05-03 15:56:00,5,14,9014,36118
2023-05-03 15:56:01,6,14,9014,36118
2023-05-03 15:56:04,5,14,9014,36118
2023-05-03 15:56:05,4,14,9014,36118
2023-05-03 15:56:06,4,12,9014,36118
2023-05-03 15:56:11,4,11,9014,36118
2023-05-03 15:56:21,5,11,9014,36118
2023-05-03 15:56:25,5,11,9014,36123
2023-05-03 15:56:26,5,10,9014,36123
2023-05-03 15:56:27,5,11,9014,36123
2023-05-03 15:56:27,5,10,9014,36123
2023-05-03 15:56:32,4,10,9014,36218
2023-05-03 15:56:33,5,10,9014,36218
2023-05-03 15:56:34,5,8,9014,36218
2023-05-03 15:56:36,4,8,9046,36250
2023-05-03 15:56:37,3,8,9078,36282
2023-05-03 15:56:40,2,4,9080,36284
2023-05-03 15:56:48,3,4,9080,36284
2023-05-03 15:56:49,2,4,9582,36786
2023-05-03 15:57:00,2,3,9582,36786
2023-05-03 15:57:03,1,3,9582,36787
2023-05-03 15:57:14,1,2,9582,36787
2023-05-03 15:57:27,1,2,9582,36937
2023-05-03 15:57:28,0,1,9636,37944
