datetime,bid,ask,open_interest,volume
2023-10-11 09:30:01,61,67,27,47
2023-10-11 09:30:01,1,67,27,47
2023-10-11 09:30:01,1,75,27,47
2023-10-11 09:30:35,66,75,27,47
2023-10-11 09:30:35,66,72,27,47
2023-10-11 09:30:35,66,70,27,47
2023-10-11 09:30:50,1,70,27,47
2023-10-11 09:30:50,1,75,27,47
2023-10-11 09:30:50,68,75,27,47
2023-10-11 09:30:50,68,73,27,47
2023-10-11 09:30:50,68,72,27,47
2023-10-11 09:31:11,68,75,27,47
2023-10-11 09:31:11,1,75,27,47
2023-10-11 09:31:11,66,75,27,47
2023-10-11 09:31:11,66,70,27,47
2023-10-11 09:31:35,1,70,27,47
2023-10-11 09:31:35,1,75,27,47
2023-10-11 09:31:35,68,75,27,47
2023-10-11 09:31:35,68,74,27,47
2023-10-11 09:31:35,68,72,27,47
2023-10-11 09:31:50,1,72,27,47
2023-10-11 09:31:50,1,75,27,47
2023-10-11 09:31:50,67,75,27,47
2023-10-11 09:31:50,69,75,27,47
2023-10-11 09:31:50,69,73,27,47
2023-10-11 09:32:05,1,73,27,47
2023-10-11 09:32:05,1,75,27,47
2023-10-11 09:32:05,69,75,27,47
2023-10-11 09:32:05,71,75,27,47
2023-10-11 09:33:05,69,75,27,47
2023-10-11 09:33:06,69,75,27,47
2023-10-11 09:33:06,71,75,27,47
2023-10-11 09:33:06,71,74,27,47
2023-10-11 09:33:40,74,75,52,72
2023-10-11 09:33:43,69,73,127,147
2023-10-11 09:34:43,69,75,127,147
2023-10-11 09:34:44,68,75,127,147
2023-10-11 09:34:44,70,75,127,147
2023-10-11 09:34:44,70,74,127,147
2023-10-11 09:35:44,1,74,127,147
2023-10-11 09:35:44,68,75,127,147
2023-10-11 09:35:44,70,75,127,147
2023-10-11 09:35:44,70,74,127,147
2023-10-11 09:36:44,70,75,127,147
2023-10-11 09:36:45,71,75,127,147
2023-10-11 09:36:45,71,74,127,147
2023-10-11 09:37:45,69,74,127,147
2023-10-11 09:37:46,70,75,127,147
2023-10-11 09:37:46,72,75,127,147
2023-10-11 09:38:16,1,75,127,147
2023-10-11 09:38:16,68,75,127,147
2023-10-11 09:38:16,70,75,127,147
2023-10-11 09:38:16,70,74,127,147
2023-10-11 09:38:24,70,75,127,147
2023-10-11 09:38:24,1,75,127,147
2023-10-11 09:38:24,69,75,127,147
2023-10-11 09:38:24,69,73,127,147
2023-10-11 09:38:37,69,75,127,147
2023-10-11 09:38:37,1,75,127,147
2023-10-11 09:38:37,67,75,127,147
2023-10-11 09:38:37,67,73,127,147
2023-10-11 09:38:37,67,72,127,147
2023-10-11 09:39:24,1,72,127,147
2023-10-11 09:39:24,1,75,127,147
2023-10-11 09:39:24,68,75,127,147
2023-10-11 09:39:24,68,72,127,147
2023-10-11 09:39:55,1,72,127,147
2023-10-11 09:39:55,1,75,127,147
2023-10-11 09:39:55,69,75,127,147
2023-10-11 09:39:55,69,73,127,147
2023-10-11 09:40:29,69,75,127,147
2023-10-11 09:40:29,1,75,127,147
2023-10-11 09:40:29,68,75,127,147
2023-10-11 09:40:29,68,72,127,147
2023-10-11 09:40:34,68,75,127,147
2023-10-11 09:40:34,1,75,127,147
2023-10-11 09:40:34,65,75,127,147
2023-10-11 09:40:34,67,75,127,147
2023-10-11 09:40:34,67,72,127,147
2023-10-11 09:40:47,1,72,127,147
2023-10-11 09:40:47,1,75,127,147
2023-10-11 09:40:47,68,75,127,147
2023-10-11 09:40:47,68,72,127,147
2023-10-11 09:40:54,1,72,127,147
2023-10-11 09:40:54,1,75,127,147
2023-10-11 09:40:54,67,75,127,147
2023-10-11 09:40:54,69,75,127,147
2023-10-11 09:40:54,69,73,127,147
2023-10-11 09:41:26,69,75,127,147
2023-10-11 09:41:26,1,75,127,147
2023-10-11 09:41:26,66,75,127,147
2023-10-11 09:41:26,68,75,127,147
2023-10-11 09:41:26,68,72,127,147
2023-10-11 09:41:40,68,75,127,147
2023-10-11 09:41:40,1,75,127,147
2023-10-11 09:41:40,64,75,127,147
2023-10-11 09:41:40,66,75,127,147
2023-10-11 09:41:40,66,70,127,147
2023-10-11 09:41:43,66,75,127,147
2023-10-11 09:41:43,1,75,127,147
2023-10-11 09:41:43,65,75,127,147
2023-10-11 09:41:43,65,72,127,147
2023-10-11 09:41:43,65,69,127,147
2023-10-11 09:41:59,1,69,127,147
2023-10-11 09:41:59,1,75,127,147
2023-10-11 09:41:59,65,75,127,147
2023-10-11 09:41:59,67,75,127,147
2023-10-11 09:41:59,67,72,127,147
2023-10-11 09:42:30,1,72,127,147
2023-10-11 09:42:30,1,75,127,147
2023-10-11 09:42:30,68,75,127,147
2023-10-11 09:42:30,68,72,127,147
2023-10-11 09:43:30,68,74,127,147
2023-10-11 09:43:31,67,75,127,147
2023-10-11 09:43:31,67,72,127,147
2023-10-11 09:44:24,67,75,127,147
2023-10-11 09:44:24,1,75,127,147
2023-10-11 09:44:24,66,75,127,147
2023-10-11 09:44:24,66,72,127,147
2023-10-11 09:44:24,66,70,127,147
2023-10-11 09:45:24,66,75,127,147
2023-10-11 09:45:25,64,75,127,147
2023-10-11 09:45:25,66,75,127,147
2023-10-11 09:45:25,66,70,127,147
2023-10-11 09:46:24,1,70,127,147
2023-10-11 09:46:24,1,75,127,147
2023-10-11 09:46:24,66,75,127,147
2023-10-11 09:46:24,68,75,127,147
2023-10-11 09:46:24,68,74,127,147
2023-10-11 09:46:24,68,72,127,147
2023-10-11 09:46:51,1,72,127,147
2023-10-11 09:46:51,1,75,127,147
2023-10-11 09:46:51,67,75,127,147
2023-10-11 09:46:51,69,75,127,147
2023-10-11 09:46:51,69,73,127,147
2023-10-11 09:47:51,67,73,127,147
2023-10-11 09:47:52,68,75,127,147
2023-10-11 09:47:52,68,74,127,147
2023-10-11 09:47:52,68,72,127,147
2023-10-11 09:48:40,1,72,127,147
2023-10-11 09:48:40,1,75,127,147
2023-10-11 09:48:40,70,75,127,147
2023-10-11 09:48:40,70,74,127,147
2023-10-11 09:49:37,70,75,127,147
2023-10-11 09:49:37,1,75,127,147
2023-10-11 09:49:37,68,75,127,147
2023-10-11 09:49:37,68,74,127,147
2023-10-11 09:49:37,68,72,127,147
2023-10-11 09:50:37,68,74,127,147
2023-10-11 09:50:38,66,75,127,147
2023-10-11 09:50:38,68,75,127,147
2023-10-11 09:50:38,68,74,127,147
2023-10-11 09:50:38,68,72,127,147
2023-10-11 09:50:53,68,75,127,147
2023-10-11 09:50:53,1,75,127,147
2023-10-11 09:50:53,67,75,127,147
2023-10-11 09:50:53,67,72,127,147
2023-10-11 09:50:53,67,70,127,147
2023-10-11 09:51:00,67,75,127,147
2023-10-11 09:51:00,1,75,127,147
2023-10-11 09:51:00,65,75,127,147
2023-10-11 09:51:00,65,72,127,147
2023-10-11 09:51:00,65,69,127,147
2023-10-11 09:51:26,65,75,127,147
2023-10-11 09:51:26,1,75,127,147
2023-10-11 09:51:26,63,75,127,147
2023-10-11 09:51:26,63,69,127,147
2023-10-11 09:51:26,63,67,127,147
2023-10-11 09:51:31,63,75,127,147
2023-10-11 09:51:31,1,75,127,147
2023-10-11 09:51:31,60,75,127,147
2023-10-11 09:51:31,62,75,127,147
2023-10-11 09:51:31,62,68,127,147
2023-10-11 09:51:31,62,66,127,147
2023-10-11 09:51:51,62,75,127,147
2023-10-11 09:51:51,1,75,127,147
2023-10-11 09:51:51,57,75,127,147
2023-10-11 09:51:51,60,75,127,147
2023-10-11 09:51:51,60,64,127,147
2023-10-11 09:52:12,1,64,127,147
2023-10-11 09:52:12,1,75,127,147
2023-10-11 09:52:12,62,75,127,147
2023-10-11 09:52:12,62,66,127,147
2023-10-11 09:53:12,1,66,127,147
2023-10-11 09:53:13,61,75,127,147
2023-10-11 09:53:13,63,75,127,147
2023-10-11 09:53:13,63,69,127,147
2023-10-11 09:53:13,63,67,127,147
2023-10-11 09:54:03,63,75,127,147
2023-10-11 09:54:03,1,75,127,147
2023-10-11 09:54:03,59,75,127,147
2023-10-11 09:54:03,61,75,127,147
2023-10-11 09:54:03,61,67,127,147
2023-10-11 09:54:03,61,65,127,147
2023-10-11 09:54:19,61,75,127,147
2023-10-11 09:54:19,1,75,127,147
2023-10-11 09:54:19,59,75,127,147
2023-10-11 09:54:19,59,63,127,147
2023-10-11 09:55:04,1,63,127,147
2023-10-11 09:55:04,1,75,127,147
2023-10-11 09:55:04,61,75,127,147
2023-10-11 09:55:04,61,64,127,147
2023-10-11 09:56:04,61,66,127,147
2023-10-11 09:56:05,59,75,127,147
2023-10-11 09:56:05,61,75,127,147
2023-10-11 09:56:05,61,67,127,147
2023-10-11 09:56:05,61,65,127,147
2023-10-11 09:57:05,1,65,127,147
2023-10-11 09:57:05,1,75,127,147
2023-10-11 09:57:05,61,75,127,147
2023-10-11 09:57:05,61,67,127,147
2023-10-11 09:57:05,61,65,127,147
2023-10-11 09:58:05,1,65,127,147
2023-10-11 09:58:06,59,75,127,147
2023-10-11 09:58:06,61,75,127,147
2023-10-11 09:58:06,61,67,127,147
2023-10-11 09:58:06,61,65,127,147
2023-10-11 09:59:06,61,67,127,147
2023-10-11 09:59:06,60,75,127,147
2023-10-11 09:59:06,62,75,127,147
2023-10-11 09:59:06,62,66,127,147
2023-10-11 09:59:26,62,75,127,147
2023-10-11 09:59:26,1,75,127,147
2023-10-11 09:59:26,60,75,127,147
2023-10-11 09:59:26,60,66,127,147
2023-10-11 09:59:26,60,64,127,147
2023-10-11 09:59:46,1,64,127,147
2023-10-11 09:59:46,1,75,127,147
2023-10-11 09:59:46,61,75,127,147
2023-10-11 09:59:46,61,65,127,147
2023-10-11 10:00:17,61,75,127,147
2023-10-11 10:00:17,1,75,127,147
2023-10-11 10:00:17,57,75,127,147
2023-10-11 10:00:17,60,75,127,147
2023-10-11 10:00:17,60,64,127,147
2023-10-11 10:00:19,60,75,127,147
2023-10-11 10:00:19,1,75,127,147
2023-10-11 10:00:19,55,75,127,147
2023-10-11 10:00:19,55,67,127,147
2023-10-11 10:00:19,55,65,127,147
2023-10-11 10:01:05,55,75,127,147
2023-10-11 10:01:05,1,75,127,147
2023-10-11 10:01:05,55,75,127,147
2023-10-11 10:01:05,56,75,127,147
2023-10-11 10:01:05,56,63,127,147
2023-10-11 10:01:05,56,61,127,147
2023-10-11 10:01:29,1,61,127,147
2023-10-11 10:01:29,1,75,127,147
2023-10-11 10:01:29,57,75,127,147
2023-10-11 10:01:29,57,64,127,147
2023-10-11 10:01:29,57,62,127,147
2023-10-11 10:02:00,1,62,127,147
2023-10-11 10:02:00,1,75,127,147
2023-10-11 10:02:00,57,75,127,147
2023-10-11 10:02:00,60,75,127,147
2023-10-11 10:02:00,60,64,127,147
2023-10-11 10:02:18,60,75,127,147
2023-10-11 10:02:18,1,75,127,147
2023-10-11 10:02:18,55,75,127,147
2023-10-11 10:02:18,56,75,127,147
2023-10-11 10:02:18,56,65,127,147
2023-10-11 10:02:18,56,63,127,147
2023-10-11 10:03:18,56,65,127,147
2023-10-11 10:03:19,55,75,127,147
2023-10-11 10:03:19,56,75,127,147
2023-10-11 10:03:19,56,65,127,147
2023-10-11 10:03:19,56,63,127,147
2023-10-11 10:03:42,56,75,127,147
2023-10-11 10:03:42,1,75,127,147
2023-10-11 10:03:42,54,75,127,147
2023-10-11 10:03:42,56,75,127,147
2023-10-11 10:03:42,56,62,127,147
2023-10-11 10:03:50,1,62,127,147
2023-10-11 10:03:50,1,75,127,147
2023-10-11 10:03:50,56,75,127,147
2023-10-11 10:03:50,56,63,127,147
2023-10-11 10:04:50,56,65,127,147
2023-10-11 10:04:51,56,75,127,147
2023-10-11 10:04:51,56,65,127,147
2023-10-11 10:04:51,56,63,127,147
2023-10-11 10:05:06,1,63,127,147
2023-10-11 10:05:06,1,75,127,147
2023-10-11 10:05:06,55,75,127,147
2023-10-11 10:05:06,57,75,127,147
2023-10-11 10:05:06,57,64,127,147
2023-10-11 10:05:13,1,64,127,147
2023-10-11 10:05:13,1,75,127,147
2023-10-11 10:05:13,57,75,127,147
2023-10-11 10:05:13,60,75,127,147
2023-10-11 10:05:13,60,67,127,147
2023-10-11 10:05:13,60,65,127,147
2023-10-11 10:05:27,1,65,127,147
2023-10-11 10:05:27,1,75,127,147
2023-10-11 10:05:27,61,75,127,147
2023-10-11 10:05:27,61,67,127,147
2023-10-11 10:06:27,61,69,127,147
2023-10-11 10:06:28,57,75,127,147
2023-10-11 10:06:28,61,75,127,147
2023-10-11 10:06:28,61,67,127,147
2023-10-11 10:07:28,61,69,127,147
2023-10-11 10:07:29,57,75,127,147
2023-10-11 10:07:29,60,75,127,147
2023-10-11 10:07:29,60,68,127,147
2023-10-11 10:07:29,60,66,127,147
2023-10-11 10:07:50,60,75,127,147
2023-10-11 10:07:50,1,75,127,147
2023-10-11 10:07:50,59,75,127,147
2023-10-11 10:07:50,59,65,127,147
2023-10-11 10:08:20,59,75,127,147
2023-10-11 10:08:20,1,75,127,147
2023-10-11 10:08:20,56,75,127,147
2023-10-11 10:08:20,57,75,127,147
2023-10-11 10:08:20,57,64,127,147
2023-10-11 10:09:20,57,66,127,147
2023-10-11 10:09:21,57,75,127,147
2023-10-11 10:09:21,57,64,127,147
2023-10-11 10:10:07,1,64,127,147
2023-10-11 10:10:07,1,75,127,147
2023-10-11 10:10:07,57,75,127,147
2023-10-11 10:10:07,60,75,127,147
2023-10-11 10:10:07,60,65,127,147
2023-10-11 10:10:42,60,75,127,147
2023-10-11 10:10:42,1,75,127,147
2023-10-11 10:10:42,56,75,127,147
2023-10-11 10:10:42,57,75,127,147
2023-10-11 10:10:42,57,64,127,147
2023-10-11 10:10:52,57,75,127,147
2023-10-11 10:10:52,1,75,127,147
2023-10-11 10:10:52,56,75,127,147
2023-10-11 10:10:52,56,63,127,147
2023-10-11 10:11:30,1,63,127,147
2023-10-11 10:11:30,1,75,127,147
2023-10-11 10:11:30,55,75,127,147
2023-10-11 10:11:30,57,75,127,147
2023-10-11 10:11:30,57,64,127,147
2023-10-11 10:11:47,57,75,127,147
2023-10-11 10:11:47,1,75,127,147
2023-10-11 10:11:47,56,75,127,147
2023-10-11 10:11:47,56,63,127,147
2023-10-11 10:12:11,56,75,127,147
2023-10-11 10:12:11,1,75,127,147
2023-10-11 10:12:11,54,75,127,147
2023-10-11 10:12:11,56,75,127,147
2023-10-11 10:12:11,56,64,127,147
2023-10-11 10:12:11,56,62,127,147
2023-10-11 10:12:43,56,75,127,147
2023-10-11 10:12:43,1,75,127,147
2023-10-11 10:12:43,51,75,127,147
2023-10-11 10:12:43,54,75,127,147
2023-10-11 10:12:43,54,60,127,147
2023-10-11 10:13:01,51,60,145,272
2023-10-11 10:13:12,51,62,208,353
2023-10-11 10:13:43,1,62,208,353
2023-10-11 10:13:44,52,75,208,353
2023-10-11 10:13:44,54,75,208,353
2023-10-11 10:13:44,54,62,208,353
2023-10-11 10:13:44,54,60,208,353
2023-10-11 10:14:34,54,75,208,353
2023-10-11 10:14:34,1,75,208,353
2023-10-11 10:14:34,51,75,208,353
2023-10-11 10:14:34,53,75,208,353
2023-10-11 10:14:34,53,59,208,353
2023-10-11 10:14:49,53,75,208,353
2023-10-11 10:14:49,1,75,208,353
2023-10-11 10:14:49,52,75,208,353
2023-10-11 10:14:49,52,58,208,353
2023-10-11 10:15:31,52,75,208,353
2023-10-11 10:15:31,1,75,208,353
2023-10-11 10:15:31,47,75,208,353
2023-10-11 10:15:31,50,75,208,353
2023-10-11 10:15:31,50,56,208,353
2023-10-11 10:16:22,1,56,208,353
2023-10-11 10:16:22,1,75,208,353
2023-10-11 10:16:22,52,75,208,353
2023-10-11 10:16:22,52,60,208,353
2023-10-11 10:16:22,52,57,208,353
2023-10-11 10:16:40,1,57,208,353
2023-10-11 10:16:40,1,75,208,353
2023-10-11 10:16:40,51,75,208,353
2023-10-11 10:16:40,53,75,208,353
2023-10-11 10:16:40,53,59,208,353
2023-10-11 10:17:19,1,59,208,353
2023-10-11 10:17:19,1,75,208,353
2023-10-11 10:17:19,51,75,208,353
2023-10-11 10:17:19,54,75,208,353
2023-10-11 10:17:19,54,62,208,353
2023-10-11 10:17:19,54,60,208,353
2023-10-11 10:18:19,51,60,208,353
2023-10-11 10:18:20,54,75,208,353
2023-10-11 10:18:20,54,61,208,353
2023-10-11 10:18:20,54,59,208,353
2023-10-11 10:19:17,54,75,208,353
2023-10-11 10:19:17,1,75,208,353
2023-10-11 10:19:17,49,75,208,353
2023-10-11 10:19:17,52,75,208,353
2023-10-11 10:19:17,52,61,208,353
2023-10-11 10:19:17,52,58,208,353
2023-10-11 10:20:17,52,61,208,353
2023-10-11 10:20:18,52,75,208,353
2023-10-11 10:20:18,52,58,208,353
2023-10-11 10:20:35,1,58,208,353
2023-10-11 10:20:35,1,75,208,353
2023-10-11 10:20:35,54,75,208,353
2023-10-11 10:20:35,54,60,208,353
2023-10-11 10:20:48,1,60,208,353
2023-10-11 10:20:48,1,75,208,353
2023-10-11 10:20:48,52,75,208,353
2023-10-11 10:20:48,55,75,208,353
2023-10-11 10:20:48,55,61,208,353
2023-10-11 10:21:48,1,61,208,353
2023-10-11 10:21:49,52,75,208,353
2023-10-11 10:21:49,55,75,208,353
2023-10-11 10:21:49,55,61,208,353
2023-10-11 10:22:49,55,75,208,353
2023-10-11 10:22:50,53,75,208,353
2023-10-11 10:22:50,55,75,208,353
2023-10-11 10:22:50,55,61,208,353
2023-10-11 10:23:02,55,75,208,353
2023-10-11 10:23:02,1,75,208,353
2023-10-11 10:23:02,53,75,208,353
2023-10-11 10:23:02,53,61,208,353
2023-10-11 10:23:02,53,59,208,353
2023-10-11 10:23:25,1,59,208,353
2023-10-11 10:23:25,1,75,208,353
2023-10-11 10:23:25,53,75,208,353
2023-10-11 10:23:25,55,75,208,353
2023-10-11 10:23:25,55,63,208,353
2023-10-11 10:23:25,55,61,208,353
2023-10-11 10:23:51,55,75,208,353
2023-10-11 10:23:51,1,75,208,353
2023-10-11 10:23:51,53,75,208,353
2023-10-11 10:23:51,53,59,208,353
2023-10-11 10:24:45,1,59,208,353
2023-10-11 10:24:45,1,75,208,353
2023-10-11 10:24:45,55,75,208,353
2023-10-11 10:24:45,55,61,208,353
2023-10-11 10:25:27,55,75,208,353
2023-10-11 10:25:27,1,75,208,353
2023-10-11 10:25:27,53,75,208,353
2023-10-11 10:25:27,53,61,208,353
2023-10-11 10:25:27,53,59,208,353
2023-10-11 10:26:15,53,75,208,353
2023-10-11 10:26:15,1,75,208,353
2023-10-11 10:26:15,50,75,208,353
2023-10-11 10:26:15,52,75,208,353
2023-10-11 10:26:15,52,60,208,353
2023-10-11 10:26:15,52,58,208,353
2023-10-11 10:26:55,52,75,208,353
2023-10-11 10:26:55,1,75,208,353
2023-10-11 10:26:55,47,75,208,353
2023-10-11 10:26:55,50,75,208,353
2023-10-11 10:26:55,50,59,208,353
2023-10-11 10:26:55,50,56,208,353
2023-10-11 10:27:21,1,56,208,353
2023-10-11 10:27:21,1,75,208,353
2023-10-11 10:27:21,52,75,208,353
2023-10-11 10:27:21,52,58,208,353
2023-10-11 10:28:21,50,58,208,353
2023-10-11 10:28:22,52,75,208,353
2023-10-11 10:28:22,52,58,208,353
2023-10-11 10:28:39,52,75,208,353
2023-10-11 10:28:39,1,75,208,353
2023-10-11 10:28:39,49,75,208,353
2023-10-11 10:28:39,51,75,208,353
2023-10-11 10:28:39,51,59,208,353
2023-10-11 10:28:39,51,57,208,353
2023-10-11 10:28:50,1,57,208,353
2023-10-11 10:28:50,1,75,208,353
2023-10-11 10:28:50,48,75,208,353
2023-10-11 10:28:50,51,75,208,353
2023-10-11 10:28:50,51,62,208,353
2023-10-11 10:29:50,51,65,208,353
2023-10-11 10:29:51,54,75,208,353
2023-10-11 10:29:51,54,60,208,353
2023-10-11 10:30:43,54,75,208,353
2023-10-11 10:30:43,1,75,208,353
2023-10-11 10:30:43,49,75,208,353
2023-10-11 10:30:43,52,75,208,353
2023-10-11 10:30:43,52,58,208,353
2023-10-11 10:31:16,1,58,208,353
2023-10-11 10:31:16,1,75,208,353
2023-10-11 10:31:16,54,75,208,353
2023-10-11 10:31:16,54,60,208,353
2023-10-11 10:31:54,1,60,208,353
2023-10-11 10:31:54,1,75,208,353
2023-10-11 10:31:54,55,75,208,353
2023-10-11 10:31:54,55,61,208,353
2023-10-11 10:32:22,55,75,208,353
2023-10-11 10:32:22,1,75,208,353
2023-10-11 10:32:22,54,75,208,353
2023-10-11 10:32:22,54,60,208,353
2023-10-11 10:33:07,1,60,208,353
2023-10-11 10:33:07,1,75,208,353
2023-10-11 10:33:07,55,75,208,353
2023-10-11 10:33:07,55,63,208,353
2023-10-11 10:33:07,55,61,208,353
2023-10-11 10:34:07,55,63,208,353
2023-10-11 10:34:08,54,75,208,353
2023-10-11 10:34:08,56,75,208,353
2023-10-11 10:34:08,56,64,208,353
2023-10-11 10:34:08,56,62,208,353
2023-10-11 10:35:08,56,64,208,353
2023-10-11 10:35:09,56,75,208,353
2023-10-11 10:35:09,56,64,208,353
2023-10-11 10:35:09,56,62,208,353
2023-10-11 10:35:38,56,75,208,353
2023-10-11 10:35:38,1,75,208,353
2023-10-11 10:35:38,51,75,208,353
2023-10-11 10:35:38,54,75,208,353
2023-10-11 10:35:38,54,62,208,353
2023-10-11 10:35:38,54,60,208,353
2023-10-11 10:35:43,54,75,208,353
2023-10-11 10:35:43,1,75,208,353
2023-10-11 10:35:43,51,75,208,353
2023-10-11 10:35:43,53,75,208,353
2023-10-11 10:35:43,53,59,208,353
2023-10-11 10:36:09,1,59,208,353
2023-10-11 10:36:09,1,75,208,353
2023-10-11 10:36:09,54,75,208,353
2023-10-11 10:36:09,54,62,208,353
2023-10-11 10:36:09,54,60,208,353
2023-10-11 10:36:31,54,75,208,353
2023-10-11 10:36:31,1,75,208,353
2023-10-11 10:36:31,51,75,208,353
2023-10-11 10:36:31,53,75,208,353
2023-10-11 10:36:31,53,59,208,353
2023-10-11 10:36:58,53,75,208,353
2023-10-11 10:36:58,1,75,208,353
2023-10-11 10:36:58,50,75,208,353
2023-10-11 10:36:58,52,75,208,353
2023-10-11 10:36:58,52,57,208,353
2023-10-11 10:37:40,52,53,208,353
2023-10-11 10:37:58,50,53,208,353
2023-10-11 10:37:59,52,53,208,353
2023-10-11 10:38:59,1,53,208,353
2023-10-11 10:38:59,50,53,208,353
2023-10-11 10:38:59,52,53,208,353
2023-10-11 10:39:27,1,53,208,353
2023-10-11 10:39:27,54,75,208,395
2023-10-11 10:39:27,54,60,208,395
2023-10-11 10:39:31,1,60,208,395
2023-10-11 10:39:31,1,75,208,395
2023-10-11 10:39:31,55,75,208,395
2023-10-11 10:39:31,55,63,208,395
2023-10-11 10:39:31,55,61,208,395
2023-10-11 10:39:33,1,61,208,395
2023-10-11 10:39:33,1,75,208,395
2023-10-11 10:39:33,54,75,208,395
2023-10-11 10:39:33,56,75,208,395
2023-10-11 10:39:33,56,63,208,395
2023-10-11 10:39:51,56,75,208,395
2023-10-11 10:39:51,1,75,208,395
2023-10-11 10:39:51,54,75,208,395
2023-10-11 10:39:51,56,75,208,395
2023-10-11 10:39:51,56,63,208,395
2023-10-11 10:39:51,56,61,208,395
2023-10-11 10:40:30,55,61,208,395
2023-10-11 10:40:30,55,75,208,395
2023-10-11 10:40:30,56,75,208,395
2023-10-11 10:40:30,56,65,208,395
2023-10-11 10:40:30,56,63,208,395
2023-10-11 10:40:51,56,75,208,395
2023-10-11 10:40:51,55,75,208,395
2023-10-11 10:40:51,56,75,208,395
2023-10-11 10:40:51,56,65,208,395
2023-10-11 10:40:51,56,62,208,395
2023-10-11 10:41:29,56,75,208,395
2023-10-11 10:41:29,55,75,208,395
2023-10-11 10:41:29,55,62,208,395
2023-10-11 10:41:29,55,60,208,395
2023-10-11 10:41:44,55,75,208,395
2023-10-11 10:41:44,56,75,208,395
2023-10-11 10:41:44,56,61,208,395
2023-10-11 10:42:04,56,75,208,395
2023-10-11 10:42:04,55,75,208,395
2023-10-11 10:42:04,55,62,208,395
2023-10-11 10:42:04,55,60,208,395
2023-10-11 10:42:49,55,75,208,395
2023-10-11 10:42:49,55,59,208,395
2023-10-11 10:43:49,55,61,208,395
2023-10-11 10:43:50,55,59,208,395
2023-10-11 10:44:42,55,75,208,395
2023-10-11 10:44:42,55,63,208,395
2023-10-11 10:45:25,55,75,208,395
2023-10-11 10:45:25,55,61,208,395
2023-10-11 10:45:25,55,59,208,395
2023-10-11 10:45:40,55,75,208,395
2023-10-11 10:45:40,55,58,208,395
2023-10-11 10:46:02,55,75,208,395
2023-10-11 10:46:02,55,56,208,395
2023-10-11 10:47:02,55,59,208,395
2023-10-11 10:47:03,55,56,208,395
2023-10-11 10:47:28,55,75,208,395
2023-10-11 10:47:28,55,58,208,395
2023-10-11 10:47:28,50,55,209,396
2023-10-11 10:48:05,50,75,209,396
2023-10-11 10:48:05,50,56,209,396
2023-10-11 10:48:05,50,54,209,396
2023-10-11 10:48:13,50,75,209,396
2023-10-11 10:48:13,50,58,209,396
2023-10-11 10:48:13,50,55,209,396
2023-10-11 10:48:30,50,75,209,396
2023-10-11 10:48:30,50,56,209,396
2023-10-11 10:48:59,50,75,209,396
2023-10-11 10:48:59,52,75,209,396
2023-10-11 10:48:59,52,59,209,396
2023-10-11 10:48:59,52,57,209,396
2023-10-11 10:49:59,52,75,209,396
2023-10-11 10:50:00,51,75,209,396
2023-10-11 10:50:00,51,57,209,396
2023-10-11 10:50:09,50,57,209,396
2023-10-11 10:50:09,50,75,209,396
2023-10-11 10:50:09,53,75,209,396
2023-10-11 10:50:09,53,59,209,396
2023-10-11 10:50:13,50,59,209,396
2023-10-11 10:50:13,50,75,209,396
2023-10-11 10:50:13,54,75,209,396
2023-10-11 10:50:13,54,62,209,396
2023-10-11 10:50:13,54,60,209,396
2023-10-11 10:51:07,50,60,209,396
2023-10-11 10:51:07,50,75,209,396
2023-10-11 10:51:07,56,75,209,396
2023-10-11 10:51:07,56,61,209,396
2023-10-11 10:51:14,56,64,209,396
2023-10-11 10:51:14,56,63,209,396
2023-10-11 10:51:32,56,66,209,396
2023-10-11 10:51:32,57,66,209,396
2023-10-11 10:51:32,57,64,209,396
2023-10-11 10:52:22,56,64,209,396
2023-10-11 10:52:22,56,75,209,396
2023-10-11 10:52:22,60,75,209,396
2023-10-11 10:52:22,60,68,209,396
2023-10-11 10:52:22,60,66,209,396
2023-10-11 10:52:38,56,66,209,396
2023-10-11 10:52:38,56,75,209,396
2023-10-11 10:52:38,59,75,209,396
2023-10-11 10:52:38,61,75,209,396
2023-10-11 10:52:38,61,67,209,396
2023-10-11 10:52:43,50,67,209,396
2023-10-11 10:52:43,50,70,209,396
2023-10-11 10:52:43,63,70,209,396
2023-10-11 10:52:43,63,69,209,396
2023-10-11 10:53:31,63,71,209,396
2023-10-11 10:53:31,61,71,209,396
2023-10-11 10:53:31,61,67,209,396
2023-10-11 10:54:31,61,75,209,396
2023-10-11 10:54:32,61,67,209,396
2023-10-11 10:55:12,61,70,209,396
2023-10-11 10:55:12,60,70,209,396
2023-10-11 10:55:12,60,68,209,396
2023-10-11 10:55:12,60,66,209,396
2023-10-11 10:55:20,66,68,209,496
2023-10-11 10:55:22,60,68,209,521
2023-10-11 10:55:32,50,68,209,521
2023-10-11 10:55:32,50,70,209,521
2023-10-11 10:55:32,59,70,209,521
2023-10-11 10:55:32,61,70,209,521
2023-10-11 10:55:32,61,67,209,521
2023-10-11 10:56:32,59,67,209,521
2023-10-11 10:56:33,60,75,209,521
2023-10-11 10:56:33,62,75,209,521
2023-10-11 10:56:33,62,70,209,521
2023-10-11 10:56:33,62,68,209,521
2023-10-11 10:57:11,62,75,209,521
2023-10-11 10:57:11,61,75,209,521
2023-10-11 10:57:11,61,67,209,521
2023-10-11 10:58:11,61,69,209,521
2023-10-11 10:58:12,61,69,209,521
2023-10-11 10:58:12,61,67,209,521
2023-10-11 10:59:12,61,69,209,521
2023-10-11 10:59:12,61,69,209,521
2023-10-11 10:59:12,61,67,209,521
2023-10-11 10:59:31,59,67,209,521
2023-10-11 10:59:31,59,75,209,521
2023-10-11 10:59:31,61,75,209,521
2023-10-11 10:59:31,63,75,209,521
2023-10-11 10:59:31,63,70,209,521
2023-10-11 10:59:31,63,68,209,521
2023-10-11 11:00:31,63,71,209,521
2023-10-11 11:00:31,62,75,209,521
2023-10-11 11:00:32,63,75,209,521
2023-10-11 11:00:32,63,72,209,521
2023-10-11 11:00:32,63,69,209,521
2023-10-11 11:01:17,62,69,209,521
2023-10-11 11:01:17,62,71,209,521
2023-10-11 11:01:17,64,71,209,521
2023-10-11 11:01:17,64,70,209,521
2023-10-11 11:01:40,62,70,209,521
2023-10-11 11:01:40,62,73,209,521
2023-10-11 11:01:40,64,73,209,521
2023-10-11 11:01:40,66,73,209,521
2023-10-11 11:01:40,66,72,209,521
2023-10-11 11:02:40,66,74,209,521
2023-10-11 11:02:40,64,75,209,521
2023-10-11 11:02:41,65,75,209,521
2023-10-11 11:02:41,67,75,209,521
2023-10-11 11:02:41,67,74,209,521
2023-10-11 11:02:41,67,72,209,521
2023-10-11 11:02:58,67,73,209,521
2023-10-11 11:02:58,64,73,209,521
2023-10-11 11:02:58,65,73,209,521
2023-10-11 11:02:58,65,72,209,521
2023-10-11 11:03:58,65,73,209,521
2023-10-11 11:03:59,62,73,209,521
2023-10-11 11:03:59,64,73,209,521
2023-10-11 11:03:59,64,70,209,521
2023-10-11 11:04:33,64,75,209,521
2023-10-11 11:04:33,50,75,209,521
2023-10-11 11:04:33,61,75,209,521
2023-10-11 11:04:33,63,75,209,521
2023-10-11 11:04:33,63,69,209,521
2023-10-11 11:05:33,62,69,209,521
2023-10-11 11:05:34,64,71,209,521
2023-10-11 11:05:34,64,69,209,521
2023-10-11 11:05:40,62,69,209,521
2023-10-11 11:05:40,62,73,209,521
2023-10-11 11:05:40,65,73,209,521
2023-10-11 11:05:40,65,72,209,521
2023-10-11 11:06:40,62,72,209,521
2023-10-11 11:06:41,65,73,209,521
2023-10-11 11:06:41,65,72,209,521
2023-10-11 11:07:41,65,73,209,521
2023-10-11 11:07:42,65,73,209,521
2023-10-11 11:07:42,65,72,209,521
2023-10-11 11:08:26,65,73,209,521
2023-10-11 11:08:26,50,73,209,521
2023-10-11 11:08:26,64,73,209,521
2023-10-11 11:08:26,64,69,209,521
2023-10-11 11:09:26,62,69,209,521
2023-10-11 11:09:27,64,75,209,521
2023-10-11 11:09:27,64,72,209,521
2023-10-11 11:09:27,64,70,209,521
2023-10-11 11:10:16,50,70,209,521
2023-10-11 11:10:16,50,72,209,521
2023-10-11 11:10:16,63,72,209,521
2023-10-11 11:10:16,65,72,209,521
2023-10-11 11:10:55,65,74,209,521
2023-10-11 11:10:55,50,74,209,521
2023-10-11 11:10:55,64,74,209,521
2023-10-11 11:10:55,64,72,209,521
2023-10-11 11:10:55,64,70,209,521
2023-10-11 11:11:16,64,74,209,521
2023-10-11 11:11:16,50,74,209,521
2023-10-11 11:11:16,61,74,209,521
2023-10-11 11:11:16,63,74,209,521
2023-10-11 11:11:16,63,70,209,521
2023-10-11 11:11:16,63,68,209,521
2023-10-11 11:12:11,61,68,209,521
2023-10-11 11:12:11,61,75,209,521
2023-10-11 11:12:11,62,75,209,521
2023-10-11 11:12:11,64,75,209,521
2023-10-11 11:12:11,64,72,209,521
2023-10-11 11:12:11,64,70,209,521
2023-10-11 11:13:08,64,73,209,521
2023-10-11 11:13:08,50,73,209,521
2023-10-11 11:13:08,63,73,209,521
2023-10-11 11:13:08,63,68,209,521
2023-10-11 11:13:25,63,73,209,521
2023-10-11 11:13:25,60,73,209,521
2023-10-11 11:13:25,61,73,209,521
2023-10-11 11:13:25,61,67,209,521
2023-10-11 11:14:25,59,67,209,521
2023-10-11 11:14:26,60,75,209,521
2023-10-11 11:14:26,60,68,209,521
2023-10-11 11:14:26,60,66,209,521
2023-10-11 11:15:11,60,68,209,521
2023-10-11 11:15:11,58,68,209,521
2023-10-11 11:15:11,59,68,209,521
2023-10-11 11:15:11,59,65,209,521
2023-10-11 11:15:26,59,68,209,521
2023-10-11 11:15:26,58,68,209,521
2023-10-11 11:15:26,58,63,209,521
2023-10-11 11:15:28,57,63,209,521
2023-10-11 11:15:33,57,68,209,521
2023-10-11 11:15:33,55,68,209,521
2023-10-11 11:15:33,56,68,209,521
2023-10-11 11:15:33,56,64,209,521
2023-10-11 11:15:33,56,62,209,521
2023-10-11 11:15:36,56,68,209,521
2023-10-11 11:15:36,50,68,209,521
2023-10-11 11:15:36,53,68,209,521
2023-10-11 11:15:36,55,68,209,521
2023-10-11 11:15:36,55,62,209,521
2023-10-11 11:15:36,55,60,209,521
2023-10-11 11:15:38,55,68,209,521
2023-10-11 11:15:38,50,68,209,521
2023-10-11 11:15:38,53,68,209,521
2023-10-11 11:15:38,53,59,209,521
2023-10-11 11:15:51,50,59,209,521
2023-10-11 11:15:51,50,68,209,521
2023-10-11 11:15:51,53,68,209,521
2023-10-11 11:15:51,55,68,209,521
2023-10-11 11:15:51,55,61,209,521
2023-10-11 11:16:38,55,68,209,521
2023-10-11 11:16:38,50,68,209,521
2023-10-11 11:16:38,51,68,209,521
2023-10-11 11:16:38,53,68,209,521
2023-10-11 11:16:38,53,61,209,521
2023-10-11 11:16:38,53,59,209,521
2023-10-11 11:16:48,53,75,209,521
2023-10-11 11:16:48,50,75,209,521
2023-10-11 11:16:48,52,75,209,521
2023-10-11 11:16:48,52,61,209,521
2023-10-11 11:16:48,52,58,209,521
2023-10-11 11:17:25,52,59,209,521
2023-10-11 11:17:25,50,59,209,521
2023-10-11 11:17:25,50,58,209,521
2023-10-11 11:17:25,50,56,209,521
2023-10-11 11:17:35,50,59,209,521
2023-10-11 11:17:35,50,55,209,521
2023-10-11 11:18:35,50,59,209,521
2023-10-11 11:18:35,50,53,209,521
2023-10-11 11:18:52,50,59,209,521
2023-10-11 11:18:52,50,52,209,521
2023-10-11 11:18:53,50,59,209,521
2023-10-11 11:18:53,50,53,209,521
2023-10-11 11:18:53,50,51,209,521
2023-10-11 11:19:03,45,51,210,522
2023-10-11 11:19:23,44,51,210,522
2023-10-11 11:19:23,44,75,210,522
2023-10-11 11:19:23,46,75,210,522
2023-10-11 11:19:23,46,54,210,522
2023-10-11 11:19:23,46,52,210,522
2023-10-11 11:19:48,47,52,210,522
2023-10-11 11:20:24,47,51,210,522
2023-10-11 11:21:20,47,52,210,522
2023-10-11 11:22:20,47,54,210,522
2023-10-11 11:22:21,47,55,210,522
2023-10-11 11:22:21,47,52,210,522
2023-10-11 11:22:48,47,75,210,522
2023-10-11 11:22:48,48,75,210,522
2023-10-11 11:22:48,48,56,210,522
2023-10-11 11:22:48,48,54,210,522
2023-10-11 11:23:26,47,54,210,522
2023-10-11 11:23:26,47,75,210,522
2023-10-11 11:23:26,49,75,210,522
2023-10-11 11:23:26,49,58,210,522
2023-10-11 11:23:26,49,55,210,522
2023-10-11 11:24:26,49,58,210,522
2023-10-11 11:24:27,50,75,210,522
2023-10-11 11:24:27,50,56,210,522
2023-10-11 11:25:27,47,56,210,522
2023-10-11 11:25:28,48,75,210,522
2023-10-11 11:25:28,50,75,210,522
2023-10-11 11:25:28,50,56,210,522
2023-10-11 11:26:27,50,75,210,522
2023-10-11 11:26:27,47,75,210,522
2023-10-11 11:26:27,49,75,210,522
2023-10-11 11:26:27,49,57,210,522
2023-10-11 11:26:27,49,55,210,522
2023-10-11 11:26:48,41,55,439,873
2023-10-11 11:26:59,1,55,440,874
2023-10-11 11:27:02,1,75,440,874
2023-10-11 11:27:02,46,75,440,874
2023-10-11 11:27:02,48,75,440,874
2023-10-11 11:27:02,48,56,440,874
2023-10-11 11:27:02,48,54,440,874
2023-10-11 11:27:04,48,54,441,875
2023-10-11 11:27:15,48,75,441,875
2023-10-11 11:27:15,1,75,441,875
2023-10-11 11:27:15,46,75,441,875
2023-10-11 11:27:15,46,52,441,875
2023-10-11 11:27:18,43,52,566,1000
2023-10-11 11:27:25,1,52,566,1000
2023-10-11 11:27:25,1,75,566,1000
2023-10-11 11:27:25,42,75,566,1000
2023-10-11 11:27:25,45,75,566,1000
2023-10-11 11:27:25,45,54,566,1000
2023-10-11 11:27:25,45,51,566,1000
2023-10-11 11:27:30,42,51,668,1102
2023-10-11 11:28:05,1,51,668,1102
2023-10-11 11:28:05,1,75,668,1102
2023-10-11 11:28:05,46,75,668,1102
2023-10-11 11:28:05,46,54,668,1102
2023-10-11 11:28:05,46,52,668,1102
2023-10-11 11:29:05,43,52,668,1102
2023-10-11 11:29:06,46,75,668,1102
2023-10-11 11:29:06,46,55,668,1102
2023-10-11 11:29:06,46,52,668,1102
2023-10-11 11:29:50,46,75,668,1102
2023-10-11 11:29:50,1,75,668,1102
2023-10-11 11:29:50,43,75,668,1102
2023-10-11 11:29:50,45,75,668,1102
2023-10-11 11:29:50,45,51,668,1102
2023-10-11 11:30:13,1,51,668,1102
2023-10-11 11:30:13,1,75,668,1102
2023-10-11 11:30:13,47,75,668,1102
2023-10-11 11:30:13,47,54,668,1102
2023-10-11 11:30:13,47,52,668,1102
2023-10-11 11:30:43,1,52,668,1102
2023-10-11 11:30:43,1,75,668,1102
2023-10-11 11:30:43,46,75,668,1102
2023-10-11 11:30:43,48,75,668,1102
2023-10-11 11:30:43,48,56,668,1102
2023-10-11 11:30:43,48,54,668,1102
2023-10-11 11:30:58,48,57,668,1102
2023-10-11 11:30:58,49,57,668,1102
2023-10-11 11:30:58,49,55,668,1102
2023-10-11 11:31:58,48,55,668,1102
2023-10-11 11:31:59,49,57,668,1102
2023-10-11 11:31:59,49,55,668,1102
2023-10-11 11:32:59,49,57,668,1102
2023-10-11 11:32:59,48,56,668,1102
2023-10-11 11:32:59,48,54,668,1102
2023-10-11 11:33:59,47,54,668,1102
2023-10-11 11:34:00,48,56,668,1102
2023-10-11 11:34:00,48,53,668,1102
2023-10-11 11:34:23,47,53,668,1102
2023-10-11 11:34:23,47,56,668,1102
2023-10-11 11:34:23,49,56,668,1102
2023-10-11 11:34:23,49,55,668,1102
2023-10-11 11:35:23,49,75,668,1102
2023-10-11 11:35:24,49,75,668,1102
2023-10-11 11:35:24,49,58,668,1102
2023-10-11 11:35:24,49,55,668,1102
2023-10-11 11:36:24,47,55,668,1102
2023-10-11 11:36:24,48,57,668,1102
2023-10-11 11:36:24,48,54,668,1102
2023-10-11 11:37:10,48,75,668,1102
2023-10-11 11:37:10,1,75,668,1102
2023-10-11 11:37:10,47,75,668,1102
2023-10-11 11:37:10,47,55,668,1102
2023-10-11 11:37:10,47,53,668,1102
2023-10-11 11:37:31,46,53,668,1102
2023-10-11 11:37:31,46,75,668,1102
2023-10-11 11:37:31,48,75,668,1102
2023-10-11 11:37:31,48,54,668,1102
2023-10-11 11:38:11,48,57,668,1102
2023-10-11 11:38:11,46,57,668,1102
2023-10-11 11:38:11,47,57,668,1102
2023-10-11 11:38:11,47,53,668,1102
2023-10-11 11:38:51,47,75,668,1102
2023-10-11 11:38:51,46,75,668,1102
2023-10-11 11:38:51,46,52,668,1102
2023-10-11 11:39:05,46,53,668,1102
2023-10-11 11:39:05,1,53,668,1102
2023-10-11 11:39:05,42,53,668,1102
2023-10-11 11:39:05,44,53,668,1102
2023-10-11 11:39:05,44,52,668,1102
2023-10-11 11:39:05,44,50,668,1102
2023-10-11 11:39:20,45,50,668,1102
2023-10-11 11:39:45,45,54,668,1102
2023-10-11 11:39:45,46,54,668,1102
2023-10-11 11:39:45,46,52,668,1102
2023-10-11 11:40:45,45,52,668,1102
2023-10-11 11:40:46,41,54,668,1102
2023-10-11 11:40:46,45,54,668,1102
2023-10-11 11:40:46,45,53,668,1102
2023-10-11 11:40:46,45,51,668,1102
2023-10-11 11:41:29,45,52,668,1102
2023-10-11 11:41:29,44,52,668,1102
2023-10-11 11:41:29,44,50,668,1102
2023-10-11 11:42:29,44,52,668,1102
2023-10-11 11:42:30,45,52,668,1102
2023-10-11 11:42:30,45,50,668,1102
2023-10-11 11:43:23,45,52,668,1102
2023-10-11 11:43:23,44,52,668,1102
2023-10-11 11:43:23,44,49,668,1102
2023-10-11 11:43:52,43,49,668,1102
2023-10-11 11:44:23,43,51,668,1102
2023-10-11 11:44:24,43,51,668,1102
2023-10-11 11:44:24,43,49,668,1102
2023-10-11 11:45:10,43,51,668,1102
2023-10-11 11:45:10,44,51,668,1102
2023-10-11 11:45:10,44,50,668,1102
2023-10-11 11:45:24,43,50,668,1102
2023-10-11 11:45:24,43,75,668,1102
2023-10-11 11:45:24,46,75,668,1102
2023-10-11 11:45:24,46,51,668,1102
2023-10-11 11:45:51,43,51,668,1102
2023-10-11 11:45:51,43,75,668,1102
2023-10-11 11:45:51,47,75,668,1102
2023-10-11 11:45:51,47,53,668,1102
2023-10-11 11:46:05,43,53,668,1102
2023-10-11 11:46:05,43,57,668,1102
2023-10-11 11:46:05,45,57,668,1102
2023-10-11 11:46:05,48,57,668,1102
2023-10-11 11:46:05,48,54,668,1102
2023-10-11 11:46:30,48,57,668,1102
2023-10-11 11:46:30,43,57,668,1102
2023-10-11 11:46:30,44,57,668,1102
2023-10-11 11:46:30,47,57,668,1102
2023-10-11 11:46:30,47,56,668,1102
2023-10-11 11:46:30,47,53,668,1102
2023-10-11 11:46:41,47,53,677,1111
2023-10-11 11:46:51,40,53,677,1111
2023-10-11 11:46:51,40,57,677,1111
2023-10-11 11:46:51,46,57,677,1111
2023-10-11 11:46:51,48,57,677,1111
2023-10-11 11:46:51,48,56,677,1111
2023-10-11 11:46:51,48,54,677,1111
2023-10-11 11:46:52,49,54,677,1111
2023-10-11 11:47:11,49,57,677,1111
2023-10-11 11:47:11,50,57,677,1111
2023-10-11 11:47:11,50,56,677,1111
2023-10-11 11:47:20,50,75,677,1111
2023-10-11 11:47:20,49,75,677,1111
2023-10-11 11:47:20,49,54,677,1111
2023-10-11 11:48:20,47,54,677,1111
2023-10-11 11:48:21,48,56,677,1111
2023-10-11 11:48:21,48,54,677,1111
2023-10-11 11:49:21,48,57,677,1111
2023-10-11 11:49:21,48,57,677,1111
2023-10-11 11:49:21,48,54,677,1111
2023-10-11 11:50:21,48,56,677,1111
2023-10-11 11:50:22,49,56,677,1111
2023-10-11 11:50:22,49,54,677,1111
2023-10-11 11:51:16,48,54,677,1111
2023-10-11 11:51:16,48,58,677,1111
2023-10-11 11:51:16,50,58,677,1111
2023-10-11 11:51:16,50,56,677,1111
2023-10-11 11:51:47,48,56,677,1111
2023-10-11 11:51:47,48,60,677,1111
2023-10-11 11:51:47,51,60,677,1111
2023-10-11 11:51:47,51,59,677,1111
2023-10-11 11:51:47,51,57,677,1111
2023-10-11 11:52:00,52,57,677,1111
2023-10-11 11:52:23,52,61,677,1111
2023-10-11 11:52:23,53,61,677,1111
2023-10-11 11:52:23,53,58,677,1111
2023-10-11 11:52:28,52,58,677,1111
2023-10-11 11:52:28,52,63,677,1111
2023-10-11 11:52:28,54,63,677,1111
2023-10-11 11:52:28,54,60,677,1111
2023-10-11 11:53:28,54,64,677,1111
2023-10-11 11:53:29,53,64,677,1111
2023-10-11 11:53:29,53,61,677,1111
2023-10-11 11:53:29,53,59,677,1111
2023-10-11 11:53:43,53,64,677,1111
2023-10-11 11:53:43,52,64,677,1111
2023-10-11 11:53:43,52,58,677,1111
2023-10-11 11:54:11,53,58,677,1111
2023-10-11 11:54:43,52,58,677,1111
2023-10-11 11:54:43,52,60,677,1111
2023-10-11 11:54:44,52,58,677,1111
2023-10-11 11:55:02,52,59,677,1111
2023-10-11 11:55:02,52,56,677,1111
2023-10-11 11:55:25,52,59,677,1111
2023-10-11 11:55:25,52,57,677,1111
2023-10-11 11:55:25,52,55,677,1111
2023-10-11 11:55:46,52,59,677,1111
2023-10-11 11:55:46,52,56,677,1111
2023-10-11 11:55:46,52,54,677,1111
2023-10-11 11:56:11,48,54,677,1111
2023-10-11 11:56:46,47,54,677,1111
2023-10-11 11:56:47,47,53,677,1111
2023-10-11 11:57:10,47,57,677,1111
2023-10-11 11:57:10,49,57,677,1111
2023-10-11 11:57:10,49,55,677,1111
2023-10-11 11:58:09,49,57,677,1111
2023-10-11 11:58:09,48,57,677,1111
2023-10-11 11:58:09,48,55,677,1111
2023-10-11 11:58:09,48,53,677,1111
2023-10-11 11:58:09,47,53,677,1111
2023-10-11 11:59:06,47,54,677,1111
2023-10-11 11:59:06,40,54,677,1111
2023-10-11 11:59:06,46,54,677,1111
2023-10-11 11:59:06,46,52,677,1111
2023-10-11 12:00:06,46,54,677,1111
2023-10-11 12:00:07,46,52,677,1111
2023-10-11 12:00:35,46,54,677,1111
2023-10-11 12:00:35,44,54,677,1111
2023-10-11 12:00:35,45,54,677,1111
2023-10-11 12:00:35,45,50,677,1111
2023-10-11 12:01:16,44,50,677,1111
2023-10-11 12:01:16,44,75,677,1111
2023-10-11 12:01:16,46,75,677,1111
2023-10-11 12:01:16,46,54,677,1111
2023-10-11 12:01:16,46,52,677,1111
2023-10-11 12:01:26,46,54,677,1111
2023-10-11 12:01:26,44,54,677,1111
2023-10-11 12:01:26,45,54,677,1111
2023-10-11 12:01:26,45,52,677,1111
2023-10-11 12:01:26,45,50,677,1111
2023-10-11 12:02:26,43,50,677,1111
2023-10-11 12:02:27,44,54,677,1111
2023-10-11 12:02:27,44,52,677,1111
2023-10-11 12:02:27,44,50,677,1111
2023-10-11 12:02:53,43,50,677,1111
2023-10-11 12:02:53,43,54,677,1111
2023-10-11 12:02:53,46,54,677,1111
2023-10-11 12:02:53,46,52,677,1111
2023-10-11 12:03:16,46,75,677,1111
2023-10-11 12:03:16,43,75,677,1111
2023-10-11 12:03:16,44,75,677,1111
2023-10-11 12:03:16,44,50,677,1111
2023-10-11 12:04:16,43,50,677,1111
2023-10-11 12:04:17,44,75,677,1111
2023-10-11 12:04:17,44,50,677,1111
2023-10-11 12:05:17,43,50,677,1111
2023-10-11 12:05:17,43,48,677,1111
2023-10-11 12:05:17,42,48,677,1111
2023-10-11 12:06:17,41,48,677,1111
2023-10-11 12:06:18,42,52,677,1111
2023-10-11 12:06:18,42,48,677,1111
2023-10-11 12:07:04,40,48,677,1111
2023-10-11 12:07:04,40,75,677,1111
2023-10-11 12:07:04,43,75,677,1111
2023-10-11 12:07:04,43,49,677,1111
2023-10-11 12:07:31,40,49,677,1111
2023-10-11 12:07:31,40,52,677,1111
2023-10-11 12:07:31,44,52,677,1111
2023-10-11 12:07:31,44,50,677,1111
2023-10-11 12:07:45,40,50,677,1111
2023-10-11 12:07:45,40,54,677,1111
2023-10-11 12:07:45,44,54,677,1111
2023-10-11 12:07:45,46,54,677,1111
2023-10-11 12:07:45,46,52,677,1111
2023-10-11 12:08:45,45,52,677,1111
2023-10-11 12:08:45,45,50,677,1111
2023-10-11 12:09:12,45,55,677,1111
2023-10-11 12:09:12,46,55,677,1111
2023-10-11 12:09:12,46,52,677,1111
2023-10-11 12:10:12,46,54,677,1111
2023-10-11 12:10:13,46,54,677,1111
2023-10-11 12:10:13,46,52,677,1111
2023-10-11 12:10:59,46,54,677,1111
2023-10-11 12:10:59,45,54,677,1111
2023-10-11 12:10:59,45,53,677,1111
2023-10-11 12:10:59,45,51,677,1111
2023-10-11 12:11:59,45,52,677,1111
2023-10-11 12:12:00,44,50,677,1111
2023-10-11 12:12:48,44,52,677,1111
2023-10-11 12:12:48,42,52,677,1111
2023-10-11 12:12:48,42,48,677,1111
2023-10-11 12:13:30,42,52,677,1111
2023-10-11 12:13:30,44,52,677,1111
2023-10-11 12:13:30,44,49,677,1111
2023-10-11 12:14:14,44,53,677,1111
2023-10-11 12:14:14,42,53,677,1111
2023-10-11 12:14:14,42,48,677,1111
2023-10-11 12:15:01,42,53,677,1111
2023-10-11 12:15:01,40,53,677,1111
2023-10-11 12:15:01,41,53,677,1111
2023-10-11 12:15:01,41,49,677,1111
2023-10-11 12:15:01,41,47,677,1111
2023-10-11 12:15:26,41,53,677,1111
2023-10-11 12:15:26,40,53,677,1111
2023-10-11 12:15:26,40,48,677,1111
2023-10-11 12:15:26,40,45,677,1111
2023-10-11 12:15:52,40,75,677,1111
2023-10-11 12:15:52,40,44,677,1111
2023-10-11 12:16:13,40,75,677,1111
2023-10-11 12:16:13,40,47,677,1111
2023-10-11 12:16:13,40,45,677,1111
2023-10-11 12:16:51,40,48,677,1111
2023-10-11 12:16:51,40,46,677,1111
2023-10-11 12:16:51,40,44,677,1111
2023-10-11 12:17:29,40,48,677,1111
2023-10-11 12:17:29,40,44,677,1111
2023-10-11 12:17:29,40,43,677,1111
2023-10-11 12:18:10,40,75,677,1111
2023-10-11 12:18:10,40,41,677,1111
2023-10-11 12:18:16,37,41,678,1112
2023-10-11 12:19:09,37,44,678,1112
2023-10-11 12:20:09,37,45,678,1112
2023-10-11 12:20:10,37,44,678,1112
2023-10-11 12:20:38,37,45,678,1112
2023-10-11 12:20:38,37,43,678,1112
2023-10-11 12:21:11,37,45,678,1112
2023-10-11 12:21:11,37,41,678,1112
2023-10-11 12:22:11,37,75,678,1112
2023-10-11 12:22:12,37,43,678,1112
2023-10-11 12:22:12,37,41,678,1112
2023-10-11 12:23:09,37,75,678,1112
2023-10-11 12:23:09,37,45,678,1112
2023-10-11 12:23:09,37,43,678,1112
2023-10-11 12:23:35,37,75,678,1112
2023-10-11 12:23:35,37,41,678,1112
2023-10-11 12:24:35,37,43,678,1112
2023-10-11 12:24:35,37,41,678,1112
2023-10-11 12:25:35,37,43,678,1112
2023-10-11 12:25:36,37,41,678,1112
2023-10-11 12:26:36,37,43,678,1112
2023-10-11 12:26:36,37,40,678,1112
2023-10-11 12:27:11,37,75,678,1112
2023-10-11 12:27:11,37,41,678,1112
2023-10-11 12:27:11,37,39,678,1112
2023-10-11 12:27:52,37,75,678,1112
2023-10-11 12:27:52,37,42,678,1112
2023-10-11 12:27:52,37,41,678,1112
2023-10-11 12:28:32,37,44,678,1112
2023-10-11 12:28:32,37,43,678,1112
2023-10-11 12:28:32,37,40,678,1112
2023-10-11 12:29:09,37,44,678,1112
2023-10-11 12:29:09,37,41,678,1112
2023-10-11 12:29:46,37,44,678,1112
2023-10-11 12:29:46,37,43,678,1112
2023-10-11 12:30:46,37,44,678,1112
2023-10-11 12:30:47,37,41,678,1112
2023-10-11 12:31:14,37,75,678,1112
2023-10-11 12:31:14,37,45,678,1112
2023-10-11 12:31:14,37,44,678,1112
2023-10-11 12:31:38,38,44,678,1112
2023-10-11 12:31:41,38,46,678,1112
2023-10-11 12:31:41,38,44,678,1112
2023-10-11 12:32:41,37,44,678,1112
2023-10-11 12:32:42,38,48,678,1112
2023-10-11 12:32:42,38,46,678,1112
2023-10-11 12:32:42,38,44,678,1112
2023-10-11 12:33:42,38,46,678,1112
2023-10-11 12:33:43,37,45,678,1112
2023-10-11 12:33:43,37,44,678,1112
2023-10-11 12:34:09,37,45,678,1112
2023-10-11 12:34:09,37,43,678,1112
2023-10-11 12:34:14,37,45,678,1112
2023-10-11 12:34:14,37,44,678,1112
2023-10-11 12:35:14,37,45,678,1112
2023-10-11 12:35:15,37,44,678,1112
2023-10-11 12:35:15,37,43,678,1112
2023-10-11 12:35:34,37,45,678,1112
2023-10-11 12:35:34,37,44,678,1112
2023-10-11 12:35:34,37,41,678,1112
2023-10-11 12:36:09,37,45,678,1112
2023-10-11 12:36:09,37,44,678,1112
2023-10-11 12:36:09,37,43,678,1112
2023-10-11 12:36:28,37,75,678,1112
2023-10-11 12:36:28,38,75,678,1112
2023-10-11 12:36:28,38,44,678,1112
2023-10-11 12:36:43,37,44,678,1112
2023-10-11 12:36:43,37,75,678,1112
2023-10-11 12:36:43,39,75,678,1112
2023-10-11 12:36:43,39,47,678,1112
2023-10-11 12:36:43,39,45,678,1112
2023-10-11 12:37:27,37,45,678,1112
2023-10-11 12:37:27,37,75,678,1112
2023-10-11 12:37:27,40,75,678,1112
2023-10-11 12:37:27,40,48,678,1112
2023-10-11 12:37:27,40,46,678,1112
2023-10-11 12:38:27,40,48,678,1112
2023-10-11 12:38:28,40,46,678,1112
2023-10-11 12:39:28,40,48,678,1112
2023-10-11 12:39:28,41,75,678,1112
2023-10-11 12:39:28,41,50,678,1112
2023-10-11 12:39:28,41,47,678,1112
2023-10-11 12:40:28,41,49,678,1112
2023-10-11 12:40:29,40,46,678,1112
2023-10-11 12:41:29,40,75,678,1112
2023-10-11 12:41:29,40,48,678,1112
2023-10-11 12:41:29,40,46,678,1112
2023-10-11 12:41:44,37,46,678,1112
2023-10-11 12:41:44,37,75,678,1112
2023-10-11 12:41:44,42,75,678,1112
2023-10-11 12:41:44,42,50,678,1112
2023-10-11 12:41:44,42,48,678,1112
2023-10-11 12:42:11,41,48,651,1193
2023-10-11 12:42:44,41,50,651,1193
2023-10-11 12:42:45,41,49,651,1193
2023-10-11 12:42:45,41,47,651,1193
2023-10-11 12:43:27,41,75,651,1193
2023-10-11 12:43:27,40,75,651,1193
2023-10-11 12:43:27,40,49,651,1193
2023-10-11 12:43:27,40,46,651,1193
2023-10-11 12:43:56,40,47,651,1193
2023-10-11 12:43:56,39,47,651,1193
2023-10-11 12:43:56,39,44,651,1193
2023-10-11 12:43:58,38,44,651,1193
2023-10-11 12:44:56,38,47,651,1193
2023-10-11 12:44:57,38,47,651,1193
2023-10-11 12:44:57,38,44,651,1193
2023-10-11 12:45:14,38,75,651,1193
2023-10-11 12:45:14,37,75,651,1193
2023-10-11 12:45:14,37,44,651,1193
2023-10-11 12:46:14,37,45,651,1193
2023-10-11 12:46:15,37,45,651,1193
2023-10-11 12:46:15,37,44,651,1193
2023-10-11 12:46:48,37,47,651,1193
2023-10-11 12:46:48,38,47,651,1193
2023-10-11 12:46:48,38,44,651,1193
2023-10-11 12:47:48,37,44,651,1193
2023-10-11 12:47:49,37,44,651,1193
2023-10-11 12:48:49,37,45,651,1193
2023-10-11 12:48:49,37,43,651,1193
2023-10-11 12:49:14,37,75,651,1193
2023-10-11 12:49:14,37,44,651,1193
2023-10-11 12:50:14,37,46,651,1193
2023-10-11 12:50:15,37,45,651,1193
2023-10-11 12:50:15,37,44,651,1193
2023-10-11 12:50:28,38,44,651,1193
2023-10-11 12:51:15,38,45,651,1193
2023-10-11 12:51:16,38,47,651,1193
2023-10-11 12:51:16,38,44,651,1193
2023-10-11 12:51:31,38,47,651,1193
2023-10-11 12:51:31,37,47,651,1193
2023-10-11 12:51:31,37,46,651,1193
2023-10-11 12:51:31,37,44,651,1193
2023-10-11 12:51:40,37,47,651,1193
2023-10-11 12:51:40,37,44,651,1193
2023-10-11 12:51:40,37,41,651,1193
2023-10-11 12:52:23,37,47,651,1193
2023-10-11 12:52:23,37,40,651,1193
2023-10-11 12:53:06,37,75,651,1193
2023-10-11 12:53:06,37,39,651,1193
2023-10-11 12:53:33,35,39,651,1194
2023-10-11 12:53:35,35,40,651,1194
2023-10-11 12:53:35,35,39,651,1194
2023-10-11 12:53:35,35,37,651,1194
2023-10-11 12:54:35,35,40,651,1194
2023-10-11 12:54:36,35,38,651,1194
2023-10-11 12:55:36,35,40,651,1194
2023-10-11 12:55:37,35,38,651,1194
2023-10-11 12:56:32,35,75,651,1194
2023-10-11 12:56:32,35,41,651,1194
2023-10-11 12:56:32,35,39,651,1194
2023-10-11 12:56:59,35,75,651,1194
2023-10-11 12:56:59,35,43,651,1194
2023-10-11 12:56:59,35,40,651,1194
2023-10-11 12:57:31,35,44,651,1194
2023-10-11 12:57:31,36,44,651,1194
2023-10-11 12:57:31,36,43,651,1194
2023-10-11 12:58:15,35,43,651,1194
2023-10-11 12:58:15,35,75,651,1194
2023-10-11 12:58:15,37,75,651,1194
2023-10-11 12:58:15,37,46,651,1194
2023-10-11 12:58:15,37,44,651,1194
2023-10-11 12:58:19,38,44,651,1194
2023-10-11 12:58:39,38,46,651,1194
2023-10-11 12:58:39,39,46,651,1194
2023-10-11 12:58:39,39,44,651,1194
2023-10-11 12:59:31,38,44,651,1194
2023-10-11 12:59:31,38,47,651,1194
2023-10-11 12:59:31,40,47,651,1194
2023-10-11 12:59:31,40,46,651,1194
2023-10-11 13:00:31,38,46,651,1194
2023-10-11 13:00:32,37,48,651,1194
2023-10-11 13:00:32,40,48,651,1194
2023-10-11 13:00:32,40,46,651,1194
2023-10-11 13:01:32,40,50,651,1194
2023-10-11 13:01:32,41,50,651,1194
2023-10-11 13:01:32,41,47,651,1194
2023-10-11 13:02:05,41,50,651,1194
2023-10-11 13:02:05,40,50,651,1194
2023-10-11 13:02:05,40,46,651,1194
2023-10-11 13:02:08,40,50,651,1194
2023-10-11 13:02:08,40,45,651,1194
2023-10-11 13:02:08,40,43,651,1194
2023-10-11 13:02:19,36,43,651,1194
2023-10-11 13:03:08,36,75,651,1194
2023-10-11 13:03:09,36,75,651,1194
2023-10-11 13:03:09,36,43,651,1194
2023-10-11 13:04:09,35,43,651,1194
2023-10-11 13:04:10,37,44,651,1194
2023-10-11 13:04:10,37,43,651,1194
2023-10-11 13:05:10,35,43,651,1194
2023-10-11 13:05:11,37,44,651,1194
2023-10-11 13:05:11,37,43,651,1194
2023-10-11 13:06:11,35,43,651,1194
2023-10-11 13:06:12,37,44,651,1194
2023-10-11 13:06:51,37,45,651,1194
2023-10-11 13:06:51,38,45,651,1194
2023-10-11 13:06:51,38,44,651,1194
2023-10-11 13:07:51,37,44,651,1194
2023-10-11 13:07:52,38,47,651,1194
2023-10-11 13:07:52,38,44,651,1194
2023-10-11 13:08:52,38,47,651,1194
2023-10-11 13:08:52,38,55,651,1194
2023-10-11 13:08:52,38,44,651,1194
2023-10-11 13:09:43,38,75,651,1194
2023-10-11 13:09:43,39,75,651,1194
2023-10-11 13:09:43,39,47,651,1194
2023-10-11 13:09:43,39,45,651,1194
2023-10-11 13:10:22,40,45,651,1194
2023-10-11 13:10:29,40,50,651,1194
2023-10-11 13:10:29,41,50,651,1194
2023-10-11 13:10:29,41,47,651,1194
2023-10-11 13:11:29,39,47,651,1194
2023-10-11 13:11:30,38,50,651,1194
2023-10-11 13:11:30,40,50,651,1194
2023-10-11 13:11:30,40,49,651,1194
2023-10-11 13:11:30,40,46,651,1194
2023-10-11 13:12:01,40,50,651,1194
2023-10-11 13:12:01,41,50,651,1194
2023-10-11 13:12:01,41,49,651,1194
2023-10-11 13:12:01,41,47,651,1194
2023-10-11 13:13:01,35,47,651,1194
2023-10-11 13:13:02,41,75,651,1194
2023-10-11 13:13:02,41,47,651,1194
2023-10-11 13:14:02,41,49,651,1194
2023-10-11 13:14:03,41,49,651,1194
2023-10-11 13:14:03,41,47,651,1194
2023-10-11 13:14:58,40,47,651,1194
2023-10-11 13:14:58,40,50,651,1194
2023-10-11 13:14:58,42,50,651,1194
2023-10-11 13:14:58,42,48,651,1194
2023-10-11 13:15:33,42,51,651,1194
2023-10-11 13:15:33,42,50,651,1194
2023-10-11 13:15:33,42,47,651,1194
2023-10-11 13:15:36,41,47,651,1194
2023-10-11 13:15:39,35,47,651,1194
2023-10-11 13:15:39,35,51,651,1194
2023-10-11 13:15:39,40,51,651,1194
2023-10-11 13:15:39,42,51,651,1194
2023-10-11 13:15:39,42,48,651,1194
2023-10-11 13:15:39,43,48,651,1194
2023-10-11 13:15:43,42,48,651,1194
2023-10-11 13:15:46,43,48,651,1194
2023-10-11 13:15:55,42,48,651,1194
2023-10-11 13:16:01,42,51,651,1194
2023-10-11 13:16:01,35,51,651,1194
2023-10-11 13:16:01,39,51,651,1194
2023-10-11 13:16:01,41,51,651,1194
2023-10-11 13:16:01,41,47,651,1194
2023-10-11 13:16:08,41,51,651,1194
2023-10-11 13:16:08,35,51,651,1194
2023-10-11 13:16:08,37,51,651,1194
2023-10-11 13:16:08,39,51,651,1194
2023-10-11 13:16:08,39,45,651,1194
2023-10-11 13:16:22,39,51,651,1194
2023-10-11 13:16:22,35,51,651,1194
2023-10-11 13:16:22,38,51,651,1194
2023-10-11 13:16:22,38,44,651,1194
2023-10-11 13:17:22,37,44,651,1194
2023-10-11 13:17:30,35,44,651,1194
2023-10-11 13:17:30,35,41,651,1194
2023-10-11 13:18:04,35,44,651,1194
2023-10-11 13:18:04,35,40,651,1194
2023-10-11 13:18:42,35,75,651,1194
2023-10-11 13:18:42,35,38,651,1194
2023-10-11 13:18:54,35,75,651,1194
2023-10-11 13:18:54,35,37,651,1194
2023-10-11 13:19:08,35,39,651,1194
2023-10-11 13:19:08,35,38,651,1194
2023-10-11 13:19:08,35,36,651,1194
2023-10-11 13:19:11,30,36,651,1195
2023-10-11 13:19:27,30,39,651,1195
2023-10-11 13:19:27,0,39,651,1195
2023-10-11 13:19:27,28,39,651,1195
2023-10-11 13:19:27,28,36,651,1195
2023-10-11 13:19:27,28,34,651,1195
2023-10-11 13:20:27,26,34,651,1195
2023-10-11 13:20:28,28,39,651,1195
2023-10-11 13:20:28,28,34,651,1195
2023-10-11 13:21:28,26,34,651,1195
2023-10-11 13:21:28,28,37,651,1195
2023-10-11 13:21:28,28,35,651,1195
2023-10-11 13:21:33,28,35,654,1198
2023-10-11 13:21:50,26,35,654,1198
2023-10-11 13:21:50,26,75,654,1198
2023-10-11 13:21:50,30,75,654,1198
2023-10-11 13:21:50,30,38,654,1198
2023-10-11 13:21:50,30,36,654,1198
2023-10-11 13:22:10,30,37,654,1198
2023-10-11 13:22:10,0,37,654,1198
2023-10-11 13:22:10,27,37,654,1198
2023-10-11 13:22:10,28,37,654,1198
2023-10-11 13:22:10,28,35,654,1198
2023-10-11 13:23:10,28,37,654,1198
2023-10-11 13:23:11,28,37,654,1198
2023-10-11 13:23:11,28,35,654,1198
2023-10-11 13:23:53,27,35,654,1198
2023-10-11 13:23:53,27,75,654,1198
2023-10-11 13:23:53,28,75,654,1198
2023-10-11 13:23:53,30,75,654,1198
2023-10-11 13:23:53,30,38,654,1198
2023-10-11 13:23:53,30,36,654,1198
2023-10-11 13:24:03,27,36,654,1198
2023-10-11 13:24:03,27,75,654,1198
2023-10-11 13:24:03,31,75,654,1198
2023-10-11 13:24:03,31,39,654,1198
2023-10-11 13:24:03,31,37,654,1198
2023-10-11 13:24:34,0,37,654,1198
2023-10-11 13:24:34,0,40,654,1198
2023-10-11 13:24:34,32,40,654,1198
2023-10-11 13:24:34,32,38,654,1198
2023-10-11 13:24:54,32,40,654,1198
2023-10-11 13:24:54,31,40,654,1198
2023-10-11 13:24:54,31,37,654,1198
2023-10-11 13:25:08,31,40,654,1198
2023-10-11 13:25:08,0,40,654,1198
2023-10-11 13:25:08,30,40,654,1198
2023-10-11 13:25:08,30,36,654,1198
2023-10-11 13:25:32,28,36,654,1198
2023-10-11 13:25:32,28,40,654,1198
2023-10-11 13:25:32,30,40,654,1198
2023-10-11 13:25:32,32,40,654,1198
2023-10-11 13:25:32,32,39,654,1198
2023-10-11 13:25:32,32,37,654,1198
2023-10-11 13:25:55,28,37,654,1198
2023-10-11 13:25:55,28,40,654,1198
2023-10-11 13:25:55,31,40,654,1198
2023-10-11 13:25:55,33,40,654,1198
2023-10-11 13:25:55,33,39,654,1198
2023-10-11 13:26:55,31,39,654,1198
2023-10-11 13:26:56,32,41,654,1198
2023-10-11 13:26:56,32,38,654,1198
2023-10-11 13:27:48,32,38,704,1248
2023-10-11 13:27:56,32,40,704,1248
2023-10-11 13:27:56,32,75,704,1248
2023-10-11 13:27:56,32,38,704,1248
2023-10-11 13:28:56,32,75,704,1248
2023-10-11 13:28:57,32,75,704,1248
2023-10-11 13:28:57,32,40,704,1248
2023-10-11 13:28:57,32,38,704,1248
2023-10-11 13:29:57,32,40,704,1248
2023-10-11 13:29:57,31,40,704,1248
2023-10-11 13:29:57,31,37,704,1248
2023-10-11 13:30:08,31,40,704,1248
2023-10-11 13:30:08,31,36,704,1248
2023-10-11 13:30:41,31,75,704,1248
2023-10-11 13:30:41,31,37,704,1248
2023-10-11 13:30:41,31,35,704,1248
2023-10-11 13:31:39,31,36,704,1248
2023-10-11 13:31:39,31,33,704,1248
2023-10-11 13:31:47,27,33,677,1298
2023-10-11 13:32:39,27,35,677,1298
2023-10-11 13:32:40,27,36,677,1298
2023-10-11 13:32:40,27,33,677,1298
2023-10-11 13:33:40,25,33,677,1298
2023-10-11 13:33:41,27,35,677,1298
2023-10-11 13:33:41,27,33,677,1298
2023-10-11 13:34:41,25,33,677,1298
2023-10-11 13:34:41,26,75,677,1298
2023-10-11 13:34:41,26,34,677,1298
2023-10-11 13:34:41,26,32,677,1298
2023-10-11 13:35:07,26,75,677,1298
2023-10-11 13:35:07,25,75,677,1298
2023-10-11 13:35:07,25,31,677,1298
2023-10-11 13:36:07,25,32,677,1298
2023-10-11 13:36:07,19,32,677,1298
2023-10-11 13:36:07,15,32,677,1298
2023-10-11 13:36:07,11,32,677,1298
2023-10-11 13:36:07,0,32,677,1298
2023-10-11 13:36:08,22,32,677,1298
2023-10-11 13:36:08,24,32,677,1298
2023-10-11 13:36:08,24,30,677,1298
2023-10-11 13:36:32,0,30,677,1298
2023-10-11 13:36:32,0,32,677,1298
2023-10-11 13:36:32,25,32,677,1298
2023-10-11 13:36:32,25,31,677,1298
2023-10-11 13:37:02,0,31,677,1298
2023-10-11 13:37:02,0,75,677,1298
2023-10-11 13:37:02,25,75,677,1298
2023-10-11 13:37:02,27,75,677,1298
2023-10-11 13:37:02,27,34,677,1298
2023-10-11 13:37:02,27,32,677,1298
2023-10-11 13:38:02,26,32,677,1298
2023-10-11 13:38:03,27,75,677,1298
2023-10-11 13:38:03,27,33,677,1298
2023-10-11 13:38:21,24,33,677,1298
2023-10-11 13:38:21,25,33,677,1298
2023-10-11 13:38:21,25,31,677,1298
2023-10-11 13:38:51,25,33,677,1298
2023-10-11 13:38:51,23,33,677,1298
2023-10-11 13:38:51,24,33,677,1298
2023-10-11 13:38:51,24,30,677,1298
2023-10-11 13:39:51,24,32,677,1298
2023-10-11 13:39:52,24,32,677,1298
2023-10-11 13:39:52,24,30,677,1298
2023-10-11 13:40:52,22,30,677,1298
2023-10-11 13:40:52,23,32,677,1298
2023-10-11 13:40:52,25,32,677,1298
2023-10-11 13:40:52,25,31,677,1298
2023-10-11 13:41:28,25,31,754,1375
2023-10-11 13:41:32,22,31,754,1375
2023-10-11 13:41:32,22,34,754,1375
2023-10-11 13:41:32,24,34,754,1375
2023-10-11 13:41:32,26,34,754,1375
2023-10-11 13:41:32,26,32,754,1375
2023-10-11 13:41:41,24,32,904,1525
2023-10-11 13:41:58,24,32,1048,1669
2023-10-11 13:42:19,24,34,1048,1669
2023-10-11 13:42:19,25,34,1048,1669
2023-10-11 13:42:19,25,33,1048,1669
2023-10-11 13:42:19,25,31,1048,1669
2023-10-11 13:42:22,24,31,1173,1794
2023-10-11 13:43:19,24,32,1173,1794
2023-10-11 13:43:20,22,32,1173,1794
2023-10-11 13:43:37,22,31,1173,1794
2023-10-11 13:43:37,24,31,1173,1794
2023-10-11 13:44:01,22,31,1225,1869
2023-10-11 13:44:20,20,31,1225,1869
2023-10-11 13:44:21,20,31,1225,1869
2023-10-11 13:44:21,22,31,1225,1869
2023-10-11 13:44:24,23,31,1225,1869
2023-10-11 13:44:58,24,31,1225,1869
2023-10-11 13:45:12,23,31,1229,1873
2023-10-11 13:46:01,24,31,1229,1873
2023-10-11 13:46:03,23,31,1233,1877
2023-10-11 13:46:15,17,31,1233,1877
2023-10-11 13:46:15,21,31,1233,1877
2023-10-11 13:46:17,22,31,1233,1877
2023-10-11 13:46:28,23,31,1233,1877
2023-10-11 13:47:35,21,31,1237,1881
2023-10-11 13:47:37,21,32,1237,1881
2023-10-11 13:47:42,21,31,1237,1881
2023-10-11 13:47:51,17,31,1237,1881
2023-10-11 13:47:51,18,31,1237,1881
2023-10-11 13:47:51,20,31,1237,1881
2023-10-11 13:47:56,21,31,1237,1881
2023-10-11 13:49:39,22,31,1237,1881
2023-10-11 13:49:52,22,30,1237,1881
2023-10-11 13:50:30,22,31,1237,1881
2023-10-11 13:51:14,23,31,1237,1881
2023-10-11 13:51:28,22,31,1237,1881
2023-10-11 13:51:28,24,31,1237,1881
2023-10-11 13:51:42,24,34,1237,1881
2023-10-11 13:51:47,24,33,1237,1881
2023-10-11 13:51:59,27,33,1237,1881
2023-10-11 13:52:01,24,33,1237,1881
2023-10-11 13:52:05,26,33,1237,1881
2023-10-11 13:52:17,27,33,1237,1881
2023-10-11 13:52:51,27,37,1259,1903
2023-10-11 13:52:55,27,36,1259,1903
2023-10-11 13:53:55,29,36,1259,1903
2023-10-11 13:54:09,27,36,1259,1903
2023-10-11 13:54:45,26,36,1259,1903
2023-10-11 13:54:45,28,36,1259,1903
2023-10-11 13:55:45,26,36,1259,1903
2023-10-11 13:55:46,27,36,1259,1903
2023-10-11 13:56:26,27,38,1259,1903
2023-10-11 13:56:33,27,37,1259,1903
2023-10-11 13:56:46,26,37,1259,1903
2023-10-11 13:56:47,28,37,1259,1903
2023-10-11 13:56:53,28,39,1259,1903
2023-10-11 13:56:56,28,38,1259,1903
2023-10-11 13:57:00,28,39,1259,1903
2023-10-11 13:57:04,28,38,1259,1903
2023-10-11 13:57:10,28,39,1259,1903
2023-10-11 13:57:34,26,39,1259,1903
2023-10-11 13:57:34,28,39,1259,1903
2023-10-11 13:57:34,30,39,1259,1903
2023-10-11 13:57:47,30,40,1259,1903
2023-10-11 13:58:05,26,40,1259,1903
2023-10-11 13:58:05,26,41,1259,1903
2023-10-11 13:58:05,31,41,1259,1903
2023-10-11 13:58:25,32,41,1259,1903
2023-10-11 13:59:03,32,40,1259,1903
2023-10-11 14:00:03,32,41,1259,1903
2023-10-11 14:00:04,32,40,1259,1903
2023-10-11 14:00:05,32,41,1259,1903
2023-10-11 14:00:07,32,44,1259,1903
2023-10-11 14:00:17,32,43,1259,1903
2023-10-11 14:00:34,32,44,1259,1903
2023-10-11 14:00:43,34,44,1259,1903
2023-10-11 14:00:44,32,44,1259,1903
2023-10-11 14:00:44,36,44,1259,1903
2023-10-11 14:00:48,32,44,1259,1903
2023-10-11 14:00:48,35,44,1259,1903
2023-10-11 14:00:48,37,44,1259,1903
2023-10-11 14:00:51,32,44,1259,1903
2023-10-11 14:00:51,39,44,1259,1903
2023-10-11 14:00:53,32,44,1259,1903
2023-10-11 14:00:53,35,44,1259,1903
2023-10-11 14:00:53,38,44,1259,1903
2023-10-11 14:01:03,32,44,1259,1903
2023-10-11 14:01:03,34,44,1259,1903
2023-10-11 14:01:03,36,44,1259,1903
2023-10-11 14:01:10,36,47,1292,1936
2023-10-11 14:01:15,32,47,1292,1936
2023-10-11 14:01:15,32,75,1292,1936
2023-10-11 14:01:15,39,75,1292,1936
2023-10-11 14:01:15,39,52,1292,1936
2023-10-11 14:01:15,39,49,1292,1936
2023-10-11 14:01:25,39,75,1292,1936
2023-10-11 14:01:25,32,75,1292,1936
2023-10-11 14:01:25,37,75,1292,1936
2023-10-11 14:01:25,37,47,1292,1936
2023-10-11 14:01:32,37,75,1292,1936
2023-10-11 14:01:32,32,75,1292,1936
2023-10-11 14:01:32,34,75,1292,1936
2023-10-11 14:01:32,36,75,1292,1936
2023-10-11 14:01:32,36,46,1292,1936
2023-10-11 14:01:50,36,46,1283,1945
2023-10-11 14:01:57,36,46,1235,1993
2023-10-11 14:02:01,36,49,1217,2011
2023-10-11 14:02:22,36,53,1217,2011
2023-10-11 14:02:22,32,53,1217,2011
2023-10-11 14:02:22,37,53,1217,2011
2023-10-11 14:02:22,37,50,1217,2011
2023-10-11 14:02:22,37,47,1217,2011
2023-10-11 14:02:25,37,50,1192,2036
2023-10-11 14:02:27,0,50,1192,2036
2023-10-11 14:02:27,0,75,1192,2036
2023-10-11 14:02:27,38,75,1192,2036
2023-10-11 14:02:27,38,49,1192,2036
2023-10-11 14:02:42,39,49,1192,2036
2023-10-11 14:02:50,39,53,1192,2036
2023-10-11 14:02:50,39,50,1192,2036
2023-10-11 14:02:50,39,47,1192,2036
2023-10-11 14:02:59,39,50,1167,2061
2023-10-11 14:03:24,39,75,1167,2061
2023-10-11 14:03:24,39,52,1167,2061
2023-10-11 14:03:24,39,49,1167,2061
2023-10-11 14:03:28,39,52,1067,2161
2023-10-11 14:03:50,39,56,1067,2161
2023-10-11 14:03:50,39,50,1067,2161
2023-10-11 14:03:50,39,47,1067,2161
2023-10-11 14:04:00,39,56,1067,2161
2023-10-11 14:04:00,39,48,1067,2161
2023-10-11 14:04:00,39,45,1067,2161
2023-10-11 14:04:22,39,56,1067,2161
2023-10-11 14:04:22,39,46,1067,2161
2023-10-11 14:04:48,39,56,1067,2161
2023-10-11 14:04:48,39,48,1067,2161
2023-10-11 14:04:48,39,45,1067,2161
2023-10-11 14:04:53,39,56,1067,2161
2023-10-11 14:04:53,0,56,1043,2185
2023-10-11 14:04:53,30,56,1043,2185
2023-10-11 14:04:53,32,56,1043,2185
2023-10-11 14:04:53,32,46,1043,2185
2023-10-11 14:04:53,32,44,1043,2185
2023-10-11 14:05:13,33,44,1043,2185
2023-10-11 14:05:53,33,46,1043,2185
2023-10-11 14:05:54,33,47,1043,2185
2023-10-11 14:05:54,33,44,1043,2185
2023-10-11 14:06:19,33,56,1043,2185
2023-10-11 14:06:19,35,56,1043,2185
2023-10-11 14:06:19,35,47,1043,2185
2023-10-11 14:06:19,35,45,1043,2185
2023-10-11 14:06:43,33,45,1043,2185
2023-10-11 14:06:43,33,56,1043,2185
2023-10-11 14:06:43,36,56,1043,2185
2023-10-11 14:06:43,36,47,1043,2185
2023-10-11 14:06:45,36,47,1038,2190
2023-10-11 14:07:00,36,56,1038,2190
2023-10-11 14:07:00,33,56,1038,2190
2023-10-11 14:07:00,35,56,1038,2190
2023-10-11 14:07:00,35,48,1038,2190
2023-10-11 14:07:00,35,45,1038,2190
2023-10-11 14:07:16,35,48,1013,2215
2023-10-11 14:07:50,35,51,1013,2215
2023-10-11 14:07:50,33,51,1013,2215
2023-10-11 14:07:50,34,51,1013,2215
2023-10-11 14:07:50,34,47,1013,2215
2023-10-11 14:07:50,34,44,1013,2215
2023-10-11 14:08:23,33,44,1013,2215
2023-10-11 14:08:23,33,51,1013,2215
2023-10-11 14:08:23,35,51,1013,2215
2023-10-11 14:08:23,35,46,1013,2215
2023-10-11 14:09:01,35,51,1013,2215
2023-10-11 14:09:01,33,51,1013,2215
2023-10-11 14:09:01,34,51,1013,2215
2023-10-11 14:09:01,34,47,1013,2215
2023-10-11 14:09:01,34,44,1013,2215
2023-10-11 14:09:03,34,51,1013,2215
2023-10-11 14:09:03,33,51,1013,2215
2023-10-11 14:09:03,33,46,1013,2215
2023-10-11 14:09:03,33,44,1013,2215
2023-10-11 14:09:26,34,44,1013,2215
2023-10-11 14:10:02,34,51,1013,2215
2023-10-11 14:10:02,34,44,1013,2215
2023-10-11 14:10:02,34,43,1013,2215
2023-10-11 14:10:31,34,51,1013,2215
2023-10-11 14:10:31,34,40,1013,2215
2023-10-11 14:10:31,30,40,1013,2215
2023-10-11 14:10:35,0,40,1013,2215
2023-10-11 14:10:35,0,51,1013,2215
2023-10-11 14:10:35,28,51,1013,2215
2023-10-11 14:10:35,31,51,1013,2215
2023-10-11 14:10:35,31,44,1013,2215
2023-10-11 14:10:35,31,41,1013,2215
2023-10-11 14:11:01,31,51,1013,2215
2023-10-11 14:11:01,32,51,1013,2215
2023-10-11 14:11:01,32,45,1013,2215
2023-10-11 14:11:01,32,43,1013,2215
2023-10-11 14:11:07,31,43,1013,2215
2023-10-11 14:11:07,31,51,1013,2215
2023-10-11 14:11:07,33,51,1013,2215
2023-10-11 14:11:07,33,47,1013,2215
2023-10-11 14:11:07,33,44,1013,2215
2023-10-11 14:11:21,31,44,1013,2215
2023-10-11 14:11:21,31,51,1013,2215
2023-10-11 14:11:21,33,51,1013,2215
2023-10-11 14:11:21,35,51,1013,2215
2023-10-11 14:11:21,35,45,1013,2215
2023-10-11 14:11:58,31,45,1013,2215
2023-10-11 14:11:58,31,49,1013,2215
2023-10-11 14:11:58,35,49,1013,2215
2023-10-11 14:11:58,37,49,1013,2215
2023-10-11 14:11:58,37,47,1013,2215
2023-10-11 14:12:09,37,50,1013,2215
2023-10-11 14:12:09,31,50,1013,2215
2023-10-11 14:12:09,35,50,1013,2215
2023-10-11 14:12:09,35,46,1013,2215
2023-10-11 14:12:14,35,50,1013,2215
2023-10-11 14:12:14,31,50,1013,2215
2023-10-11 14:12:14,34,50,1013,2215
2023-10-11 14:12:14,34,44,1013,2215
2023-10-11 14:12:47,31,44,1013,2215
2023-10-11 14:12:47,31,50,1013,2215
2023-10-11 14:12:47,35,50,1013,2215
2023-10-11 14:12:47,35,46,1013,2215
2023-10-11 14:13:47,35,49,1013,2215
2023-10-11 14:13:48,35,50,1013,2215
2023-10-11 14:13:48,35,45,1013,2215
2023-10-11 14:14:00,35,48,1013,2240
2023-10-11 14:14:20,35,50,1013,2240
2023-10-11 14:14:20,31,50,1013,2240
2023-10-11 14:14:20,33,50,1013,2240
2023-10-11 14:14:20,33,47,1013,2240
2023-10-11 14:14:20,33,44,1013,2240
2023-10-11 14:14:44,34,44,1013,2240
2023-10-11 14:15:10,34,50,1013,2240
2023-10-11 14:15:10,35,50,1013,2240
2023-10-11 14:15:10,35,45,1013,2240
2023-10-11 14:15:25,35,45,991,2262
2023-10-11 14:15:27,34,45,991,2262
2023-10-11 14:15:27,34,75,991,2262
2023-10-11 14:15:27,37,75,991,2262
2023-10-11 14:15:27,37,50,991,2262
2023-10-11 14:15:27,37,47,991,2262
2023-10-11 14:15:46,37,50,916,2337
2023-10-11 14:15:46,37,75,916,2337
2023-10-11 14:15:46,34,75,916,2337
2023-10-11 14:15:46,36,75,916,2337
2023-10-11 14:15:46,38,75,916,2337
2023-10-11 14:15:46,38,49,916,2337
2023-10-11 14:15:49,34,49,916,2337
2023-10-11 14:15:49,34,75,916,2337
2023-10-11 14:15:49,40,75,916,2337
2023-10-11 14:15:49,40,53,916,2337
2023-10-11 14:15:49,40,50,916,2337
2023-10-11 14:15:51,34,50,916,2337
2023-10-11 14:15:51,34,75,916,2337
2023-10-11 14:15:51,39,75,916,2337
2023-10-11 14:15:51,41,75,916,2337
2023-10-11 14:15:51,41,53,916,2337
2023-10-11 14:15:51,41,51,916,2337
2023-10-11 14:15:53,41,75,916,2337
2023-10-11 14:15:53,34,75,916,2337
2023-10-11 14:15:53,37,75,916,2337
2023-10-11 14:15:53,39,75,916,2337
2023-10-11 14:15:53,39,52,916,2337
2023-10-11 14:15:53,39,50,916,2337
2023-10-11 14:16:05,34,50,916,2337
2023-10-11 14:16:05,34,75,916,2337
2023-10-11 14:16:05,39,75,916,2337
2023-10-11 14:16:05,41,75,916,2337
2023-10-11 14:16:05,41,54,916,2337
2023-10-11 14:16:05,41,51,916,2337
2023-10-11 14:16:09,34,51,916,2337
2023-10-11 14:16:09,34,75,916,2337
2023-10-11 14:16:09,39,75,916,2337
2023-10-11 14:16:09,42,75,916,2337
2023-10-11 14:16:09,42,55,916,2337
2023-10-11 14:16:09,42,52,916,2337
2023-10-11 14:16:33,43,52,916,2337
2023-10-11 14:16:45,43,75,916,2337
2023-10-11 14:16:45,43,51,916,2337
2023-10-11 14:16:54,43,54,841,2412
2023-10-11 14:17:43,43,58,841,2412
2023-10-11 14:17:43,43,52,841,2412
2023-10-11 14:18:43,43,55,841,2412
2023-10-11 14:18:44,43,55,841,2412
2023-10-11 14:18:44,43,52,841,2412
2023-10-11 14:18:46,44,52,841,2412
2023-10-11 14:19:18,44,58,841,2412
2023-10-11 14:19:18,44,53,841,2412
2023-10-11 14:19:18,44,50,841,2412
2023-10-11 14:19:21,44,58,841,2412
2023-10-11 14:19:21,44,48,841,2412
2023-10-11 14:19:22,43,48,814,2439
2023-10-11 14:20:13,43,58,814,2439
2023-10-11 14:20:13,43,50,814,2439
2023-10-11 14:20:27,43,58,814,2439
2023-10-11 14:20:27,43,52,814,2439
2023-10-11 14:21:27,43,55,814,2439
2023-10-11 14:21:28,43,54,814,2439
2023-10-11 14:21:28,43,51,814,2439
2023-10-11 14:21:53,43,55,814,2439
2023-10-11 14:21:53,43,53,814,2439
2023-10-11 14:22:00,43,75,814,2439
2023-10-11 14:22:00,44,75,814,2439
2023-10-11 14:22:00,44,54,814,2439
2023-10-11 14:22:01,44,57,789,2464
2023-10-11 14:22:05,43,57,789,2464
2023-10-11 14:22:05,43,61,789,2464
2023-10-11 14:22:05,46,61,789,2464
2023-10-11 14:22:05,46,56,789,2464
2023-10-11 14:22:35,46,56,776,2477
2023-10-11 14:22:56,46,56,719,2534
2023-10-11 14:22:59,46,59,714,2539
2023-10-11 14:23:00,43,59,714,2539
2023-10-11 14:23:00,43,62,714,2539
2023-10-11 14:23:00,44,62,714,2539
2023-10-11 14:23:00,47,62,714,2539
2023-10-11 14:23:00,47,58,714,2539
2023-10-11 14:23:03,43,58,714,2539
2023-10-11 14:23:03,43,62,714,2539
2023-10-11 14:23:03,46,62,714,2539
2023-10-11 14:23:03,49,62,714,2539
2023-10-11 14:23:03,49,61,714,2539
2023-10-11 14:23:03,49,59,714,2539
2023-10-11 14:23:06,49,59,681,2572
2023-10-11 14:23:23,49,61,664,2589
2023-10-11 14:23:32,43,61,664,2589
2023-10-11 14:23:32,43,65,664,2589
2023-10-11 14:23:32,50,65,664,2589
2023-10-11 14:23:32,50,61,664,2589
2023-10-11 14:23:47,51,61,664,2589
2023-10-11 14:24:03,51,65,664,2589
2023-10-11 14:24:03,52,65,664,2589
2023-10-11 14:24:03,52,64,664,2589
2023-10-11 14:24:03,52,62,664,2589
2023-10-11 14:24:19,52,62,655,2598
2023-10-11 14:24:22,51,62,655,2598
2023-10-11 14:24:22,51,67,655,2598
2023-10-11 14:24:22,53,67,655,2598
2023-10-11 14:24:22,53,63,655,2598
2023-10-11 14:24:25,53,65,645,2623
2023-10-11 14:24:29,51,65,645,2623
2023-10-11 14:24:29,51,67,645,2623
2023-10-11 14:24:29,54,67,645,2623
2023-10-11 14:24:29,54,65,645,2623
2023-10-11 14:24:40,51,65,645,2623
2023-10-11 14:24:40,51,67,645,2623
2023-10-11 14:24:40,53,67,645,2623
2023-10-11 14:24:40,56,67,645,2623
2023-10-11 14:24:40,56,66,645,2623
2023-10-11 14:24:59,56,66,645,2667
2023-10-11 14:25:19,51,66,645,2667
2023-10-11 14:25:19,51,67,645,2667
2023-10-11 14:25:19,56,67,645,2667
2023-10-11 14:25:41,51,67,645,2667
2023-10-11 14:25:41,59,67,645,2667
2023-10-11 14:25:43,59,70,645,2695
2023-10-11 14:25:44,51,70,645,2695
2023-10-11 14:25:44,51,75,645,2695
2023-10-11 14:25:44,59,75,645,2695
2023-10-11 14:25:44,61,75,645,2695
2023-10-11 14:25:44,61,73,645,2695
2023-10-11 14:25:44,61,72,645,2695
2023-10-11 14:25:46,51,72,645,2695
2023-10-11 14:25:46,51,75,645,2695
2023-10-11 14:25:46,59,75,645,2695
2023-10-11 14:25:46,62,75,645,2695
2023-10-11 14:25:46,62,72,645,2695
2023-10-11 14:26:05,62,75,645,2695
2023-10-11 14:26:05,51,75,645,2695
2023-10-11 14:26:05,60,75,645,2695
2023-10-11 14:26:05,60,72,645,2695
2023-10-11 14:26:26,60,75,645,2695
2023-10-11 14:26:26,51,75,645,2695
2023-10-11 14:26:26,56,75,645,2695
2023-10-11 14:26:26,59,75,645,2695
2023-10-11 14:26:26,59,70,645,2695
2023-10-11 14:26:41,51,70,645,2695
2023-10-11 14:26:41,51,75,645,2695
2023-10-11 14:26:41,60,75,645,2695
2023-10-11 14:26:41,60,73,645,2695
2023-10-11 14:26:41,60,72,645,2695
2023-10-11 14:26:56,60,75,645,2695
2023-10-11 14:26:56,51,75,645,2695
2023-10-11 14:26:56,56,75,645,2695
2023-10-11 14:26:56,59,75,645,2695
2023-10-11 14:26:56,59,72,645,2695
2023-10-11 14:26:56,59,70,645,2695
2023-10-11 14:27:26,59,75,645,2695
2023-10-11 14:27:26,51,75,645,2695
2023-10-11 14:27:26,54,75,645,2695
2023-10-11 14:27:26,56,75,645,2695
2023-10-11 14:27:26,56,70,645,2695
2023-10-11 14:27:26,56,68,645,2695
2023-10-11 14:27:29,56,75,645,2695
2023-10-11 14:27:29,51,75,645,2695
2023-10-11 14:27:29,53,75,645,2695
2023-10-11 14:27:29,56,75,645,2695
2023-10-11 14:27:29,56,68,645,2695
2023-10-11 14:27:29,56,66,645,2695
2023-10-11 14:27:33,56,75,645,2695
2023-10-11 14:27:33,51,75,645,2695
2023-10-11 14:27:33,53,75,645,2695
2023-10-11 14:27:33,53,66,645,2695
2023-10-11 14:27:33,53,63,645,2695
2023-10-11 14:27:36,53,75,645,2695
2023-10-11 14:27:36,51,75,645,2695
2023-10-11 14:27:36,51,64,645,2695
2023-10-11 14:27:36,51,62,645,2695
2023-10-11 14:27:38,51,75,645,2695
2023-10-11 14:27:38,51,60,645,2695
2023-10-11 14:27:54,52,60,645,2695
2023-10-11 14:27:54,52,75,645,2695
2023-10-11 14:27:54,52,61,645,2695
2023-10-11 14:28:12,52,75,645,2695
2023-10-11 14:28:12,52,62,645,2695
2023-10-11 14:28:12,52,60,645,2695
2023-10-11 14:28:43,52,75,645,2695
2023-10-11 14:28:43,52,62,645,2695
2023-10-11 14:29:17,52,75,645,2695
2023-10-11 14:29:17,52,62,645,2695
2023-10-11 14:29:17,52,60,645,2695
2023-10-11 14:29:38,52,75,645,2695
2023-10-11 14:29:38,52,61,645,2695
2023-10-11 14:29:38,52,59,645,2695
2023-10-11 14:29:43,52,75,645,2695
2023-10-11 14:29:43,52,60,645,2695
2023-10-11 14:29:43,52,57,645,2695
2023-10-11 14:30:38,52,75,645,2695
2023-10-11 14:30:38,52,59,645,2695
2023-10-11 14:31:09,52,60,645,2695
2023-10-11 14:31:09,52,58,645,2695
2023-10-11 14:31:20,52,75,645,2695
2023-10-11 14:31:20,52,61,645,2695
2023-10-11 14:31:20,52,59,645,2695
2023-10-11 14:31:28,52,75,645,2695
2023-10-11 14:31:28,52,61,645,2695
2023-10-11 14:31:54,51,61,645,2695
2023-10-11 14:31:56,52,61,645,2695
2023-10-11 14:32:10,52,75,645,2695
2023-10-11 14:32:10,52,62,645,2695
2023-10-11 14:32:17,52,75,645,2695
2023-10-11 14:32:17,53,75,645,2695
2023-10-11 14:32:17,53,63,645,2695
2023-10-11 14:32:24,53,66,645,2720
2023-10-11 14:32:25,52,66,645,2720
2023-10-11 14:32:25,52,75,645,2720
2023-10-11 14:32:25,55,75,645,2720
2023-10-11 14:32:25,55,65,645,2720
2023-10-11 14:32:45,55,65,645,2723
2023-10-11 14:33:07,55,75,645,2723
2023-10-11 14:33:07,53,75,645,2723
2023-10-11 14:33:07,54,75,645,2723
2023-10-11 14:33:07,54,64,645,2723
2023-10-11 14:33:27,55,64,645,2723
2023-10-11 14:33:59,55,75,645,2723
2023-10-11 14:33:59,55,65,645,2723
2023-10-11 14:34:29,55,75,645,2723
2023-10-11 14:34:29,55,63,645,2723
2023-10-11 14:35:03,55,75,645,2723
2023-10-11 14:35:03,55,65,645,2723
2023-10-11 14:35:11,54,65,645,2723
2023-10-11 14:35:25,52,65,645,2723
2023-10-11 14:35:25,52,75,645,2723
2023-10-11 14:35:25,53,75,645,2723
2023-10-11 14:35:25,56,75,645,2723
2023-10-11 14:35:25,56,68,645,2723
2023-10-11 14:35:25,56,66,645,2723
2023-10-11 14:35:46,52,66,645,2723
2023-10-11 14:35:46,52,75,645,2723
2023-10-11 14:35:46,56,75,645,2723
2023-10-11 14:35:46,56,70,645,2723
2023-10-11 14:35:46,56,68,645,2723
2023-10-11 14:36:23,57,68,645,2723
2023-10-11 14:36:27,57,68,645,2729
2023-10-11 14:36:30,57,68,645,2733
2023-10-11 14:36:47,57,75,645,2733
2023-10-11 14:36:47,57,70,645,2733
2023-10-11 14:36:47,57,68,645,2733
2023-10-11 14:37:09,57,75,645,2733
2023-10-11 14:37:09,57,68,645,2733
2023-10-11 14:37:09,57,66,645,2733
2023-10-11 14:37:14,57,66,645,2738
2023-10-11 14:37:19,57,75,645,2738
2023-10-11 14:37:19,57,69,645,2738
2023-10-11 14:37:19,57,67,645,2738
2023-10-11 14:37:45,57,75,645,2738
2023-10-11 14:37:45,57,68,645,2738
2023-10-11 14:37:45,57,66,645,2738
2023-10-11 14:37:52,57,66,645,2747
2023-10-11 14:38:31,57,75,645,2747
2023-10-11 14:38:31,57,65,645,2747
2023-10-11 14:39:31,57,67,645,2747
2023-10-11 14:39:32,57,64,645,2747
2023-10-11 14:39:55,57,75,645,2747
2023-10-11 14:39:55,57,63,645,2747
2023-10-11 14:40:22,57,75,645,2747
2023-10-11 14:40:22,57,61,645,2747
2023-10-11 14:40:23,51,61,645,2747
2023-10-11 14:40:26,52,61,645,2747
2023-10-11 14:40:44,52,75,645,2747
2023-10-11 14:40:44,53,75,645,2747
2023-10-11 14:40:44,53,63,645,2747
2023-10-11 14:40:58,52,63,645,2747
2023-10-11 14:40:58,52,75,645,2747
2023-10-11 14:40:58,54,75,645,2747
2023-10-11 14:40:58,54,64,645,2747
2023-10-11 14:41:09,52,64,645,2747
2023-10-11 14:41:09,52,75,645,2747
2023-10-11 14:41:09,55,75,645,2747
2023-10-11 14:41:09,55,67,645,2747
2023-10-11 14:41:09,55,65,645,2747
2023-10-11 14:41:15,52,65,645,2747
2023-10-11 14:41:15,52,75,645,2747
2023-10-11 14:41:15,54,75,645,2747
2023-10-11 14:41:15,56,75,645,2747
2023-10-11 14:41:15,56,67,645,2747
2023-10-11 14:41:24,56,67,645,2795
2023-10-11 14:41:26,52,67,645,2795
2023-10-11 14:41:26,52,75,645,2795
2023-10-11 14:41:26,56,75,645,2795
2023-10-11 14:41:26,57,75,645,2795
2023-10-11 14:41:26,57,68,645,2795
2023-10-11 14:41:51,58,68,645,2795
2023-10-11 14:42:06,58,75,645,2795
2023-10-11 14:42:06,59,75,645,2795
2023-10-11 14:42:06,59,72,645,2795
2023-10-11 14:42:06,59,70,645,2795
2023-10-11 14:43:04,59,75,645,2795
2023-10-11 14:43:04,58,75,645,2795
2023-10-11 14:43:04,58,68,645,2795
2023-10-11 14:43:06,58,75,645,2795
2023-10-11 14:43:06,58,67,645,2795
2023-10-11 14:43:26,56,67,645,2795
2023-10-11 14:43:30,56,75,645,2795
2023-10-11 14:43:30,52,75,645,2795
2023-10-11 14:43:30,54,75,645,2795
2023-10-11 14:43:30,54,65,645,2795
2023-10-11 14:43:50,52,65,645,2795
2023-10-11 14:43:50,52,75,645,2795
2023-10-11 14:43:50,56,75,645,2795
2023-10-11 14:43:50,56,68,645,2795
2023-10-11 14:43:50,56,66,645,2795
2023-10-11 14:44:06,52,66,645,2795
2023-10-11 14:44:06,52,75,645,2795
2023-10-11 14:44:06,56,75,645,2795
2023-10-11 14:44:06,56,69,645,2795
2023-10-11 14:44:06,56,67,645,2795
2023-10-11 14:44:36,57,67,645,2795
2023-10-11 14:44:53,57,75,645,2795
2023-10-11 14:44:53,59,75,645,2795
2023-10-11 14:44:53,59,72,645,2795
2023-10-11 14:44:53,59,69,645,2795
2023-10-11 14:45:43,59,75,645,2795
2023-10-11 14:45:43,57,75,645,2795
2023-10-11 14:45:43,57,69,645,2795
2023-10-11 14:45:43,57,67,645,2795
2023-10-11 14:45:53,57,75,645,2795
2023-10-11 14:45:53,57,68,645,2795
2023-10-11 14:45:53,57,66,645,2795
2023-10-11 14:46:11,57,75,645,2795
2023-10-11 14:46:11,57,69,645,2795
2023-10-11 14:46:11,57,67,645,2795
2023-10-11 14:46:52,58,67,645,2795
2023-10-11 14:46:55,58,75,645,2795
2023-10-11 14:46:55,58,68,645,2795
2023-10-11 14:46:55,58,66,645,2795
2023-10-11 14:47:04,57,66,645,2795
2023-10-11 14:47:37,57,75,645,2795
2023-10-11 14:47:37,57,67,645,2795
2023-10-11 14:47:47,57,75,645,2795
2023-10-11 14:47:47,57,72,645,2795
2023-10-11 14:47:47,57,69,645,2795
2023-10-11 14:47:59,58,69,645,2795
2023-10-11 14:48:04,58,75,645,2795
2023-10-11 14:48:04,58,67,645,2795
2023-10-11 14:48:13,58,75,645,2795
2023-10-11 14:48:13,58,69,645,2795
2023-10-11 14:48:16,58,75,645,2795
2023-10-11 14:48:16,60,75,645,2795
2023-10-11 14:48:16,60,70,645,2795
2023-10-11 14:48:43,58,70,645,2795
2023-10-11 14:48:43,58,75,645,2795
2023-10-11 14:48:43,61,75,645,2795
2023-10-11 14:48:43,61,73,645,2795
2023-10-11 14:48:43,61,72,645,2795
2023-10-11 14:48:44,62,72,645,2795
2023-10-11 14:48:46,62,75,645,2795
2023-10-11 14:48:46,63,75,645,2795
2023-10-11 14:48:46,63,73,645,2795
2023-10-11 14:48:49,62,73,645,2795
2023-10-11 14:48:49,62,75,645,2795
2023-10-11 14:48:49,64,75,645,2795
2023-10-11 14:48:49,64,74,645,2795
2023-10-11 14:48:52,62,74,645,2795
2023-10-11 14:48:52,62,75,645,2795
2023-10-11 14:48:52,63,75,645,2795
2023-10-11 14:48:52,65,75,645,2795
2023-10-11 14:49:06,62,75,645,2795
2023-10-11 14:49:06,64,75,645,2795
2023-10-11 14:49:06,64,74,645,2795
2023-10-11 14:49:32,64,74,645,2826
2023-10-11 14:49:48,64,75,645,2826
2023-10-11 14:49:48,62,75,645,2826
2023-10-11 14:49:48,62,74,645,2826
2023-10-11 14:49:48,62,72,645,2826
2023-10-11 14:50:02,62,75,645,2826
2023-10-11 14:50:02,62,72,645,2826
2023-10-11 14:50:54,62,75,645,2826
2023-10-11 14:50:54,62,69,645,2826
2023-10-11 14:51:05,62,75,645,2826
2023-10-11 14:51:05,62,72,645,2826
2023-10-11 14:51:30,62,75,645,2826
2023-10-11 14:51:30,62,73,645,2826
2023-10-11 14:51:52,62,73,645,2876
2023-10-11 14:51:57,62,75,645,2876
2023-10-11 14:51:57,64,75,645,2876
2023-10-11 14:51:57,64,74,645,2876
2023-10-11 14:52:13,64,75,570,2951
2023-10-11 14:52:46,65,75,570,2951
2023-10-11 14:52:58,65,74,570,2951
2023-10-11 14:53:02,65,75,570,2951
2023-10-11 14:53:24,66,75,570,2951
2023-10-11 14:53:47,66,77,570,2956
2023-10-11 14:53:51,66,99,570,2956
2023-10-11 14:53:51,65,99,570,2956
2023-10-11 14:53:51,65,75,570,2956
2023-10-11 14:54:29,65,99,570,2956
2023-10-11 14:54:29,66,99,570,2956
2023-10-11 14:54:29,66,79,570,2956
2023-10-11 14:54:29,66,77,570,2956
2023-10-11 14:55:29,66,79,570,2956
2023-10-11 14:55:30,67,99,570,2956
2023-10-11 14:55:30,67,77,570,2956
2023-10-11 14:55:39,65,77,570,2956
2023-10-11 14:55:39,65,99,570,2956
2023-10-11 14:55:39,66,99,570,2956
2023-10-11 14:55:39,68,99,570,2956
2023-10-11 14:55:39,68,81,570,2956
2023-10-11 14:55:39,68,79,570,2956
2023-10-11 14:55:51,68,81,467,3131
2023-10-11 14:55:53,68,99,467,3131
2023-10-11 14:55:53,65,99,467,3131
2023-10-11 14:55:53,66,99,467,3131
2023-10-11 14:55:53,66,76,467,3131
2023-10-11 14:56:02,65,76,467,3131
2023-10-11 14:56:02,65,99,467,3131
2023-10-11 14:56:02,67,99,467,3131
2023-10-11 14:56:02,67,77,467,3131
2023-10-11 14:56:42,67,99,467,3131
2023-10-11 14:56:42,65,99,467,3131
2023-10-11 14:56:42,66,99,467,3131
2023-10-11 14:56:42,66,78,467,3131
2023-10-11 14:56:42,66,76,467,3131
2023-10-11 14:56:55,67,76,467,3131
2023-10-11 14:57:14,67,99,467,3131
2023-10-11 14:57:14,67,75,467,3131
2023-10-11 14:57:30,67,99,467,3131
2023-10-11 14:57:30,67,73,467,3131
2023-10-11 14:57:58,67,99,467,3131
2023-10-11 14:57:58,67,72,467,3131
2023-10-11 14:58:00,61,72,467,3131
2023-10-11 14:58:03,61,99,467,3131
2023-10-11 14:58:03,1,99,467,3131
2023-10-11 14:58:03,57,99,467,3131
2023-10-11 14:58:03,60,99,467,3131
2023-10-11 14:58:03,60,72,467,3131
2023-10-11 14:58:03,60,70,467,3131
2023-10-11 14:58:03,61,70,467,3131
2023-10-11 14:58:08,61,99,467,3131
2023-10-11 14:58:08,61,70,467,3131
2023-10-11 14:58:08,61,68,467,3131
2023-10-11 14:58:14,61,99,467,3131
2023-10-11 14:58:14,61,72,467,3131
2023-10-11 14:58:14,61,70,467,3131
2023-10-11 14:58:20,61,99,467,3131
2023-10-11 14:58:20,61,72,467,3131
2023-10-11 14:58:52,61,99,467,3131
2023-10-11 14:58:52,61,72,467,3131
2023-10-11 14:58:52,61,70,467,3131
2023-10-11 14:59:47,61,99,467,3131
2023-10-11 14:59:47,61,74,467,3131
2023-10-11 14:59:47,61,72,467,3131
2023-10-11 15:00:00,61,99,467,3131
2023-10-11 15:00:00,63,99,467,3131
2023-10-11 15:00:00,63,73,467,3131
2023-10-11 15:00:59,61,73,467,3131
2023-10-11 15:00:59,61,99,467,3131
2023-10-11 15:00:59,62,99,467,3131
2023-10-11 15:00:59,64,99,467,3131
2023-10-11 15:00:59,64,74,467,3131
2023-10-11 15:01:01,61,74,467,3131
2023-10-11 15:01:01,61,99,467,3131
2023-10-11 15:01:01,66,99,467,3131
2023-10-11 15:01:01,66,78,467,3131
2023-10-11 15:01:01,66,76,467,3131
2023-10-11 15:01:07,66,99,467,3131
2023-10-11 15:01:07,61,99,467,3131
2023-10-11 15:01:07,64,99,467,3131
2023-10-11 15:01:07,64,77,467,3131
2023-10-11 15:01:07,64,75,467,3131
2023-10-11 15:01:08,64,75,467,3134
2023-10-11 15:01:32,61,75,467,3134
2023-10-11 15:01:32,61,99,467,3134
2023-10-11 15:01:32,64,99,467,3134
2023-10-11 15:01:32,66,99,467,3134
2023-10-11 15:01:32,66,78,467,3134
2023-10-11 15:01:32,66,76,467,3134
2023-10-11 15:02:05,1,76,467,3134
2023-10-11 15:02:05,1,99,467,3134
2023-10-11 15:02:05,67,99,467,3134
2023-10-11 15:02:05,67,77,467,3134
2023-10-11 15:02:05,68,77,467,3134
2023-10-11 15:02:23,68,79,467,3159
2023-10-11 15:02:24,68,99,467,3159
2023-10-11 15:02:24,68,81,467,3159
2023-10-11 15:02:24,68,79,467,3159
2023-10-11 15:02:30,68,99,467,3159
2023-10-11 15:02:30,70,99,467,3159
2023-10-11 15:02:30,70,80,467,3159
2023-10-11 15:02:40,70,82,467,3234
2023-10-11 15:02:47,68,82,467,3234
2023-10-11 15:02:47,68,99,467,3234
2023-10-11 15:02:47,70,99,467,3234
2023-10-11 15:02:47,70,83,467,3234
2023-10-11 15:02:47,70,82,467,3234
2023-10-11 15:02:50,68,82,467,3234
2023-10-11 15:02:50,68,99,467,3234
2023-10-11 15:02:50,70,99,467,3234
2023-10-11 15:02:50,71,99,467,3234
2023-10-11 15:02:50,71,84,467,3234
2023-10-11 15:02:52,68,84,467,3234
2023-10-11 15:02:52,68,99,467,3234
2023-10-11 15:02:52,72,99,467,3234
2023-10-11 15:02:52,73,99,467,3234
2023-10-11 15:02:52,73,87,467,3234
2023-10-11 15:02:52,73,86,467,3234
2023-10-11 15:02:56,73,99,467,3234
2023-10-11 15:02:56,68,99,467,3234
2023-10-11 15:02:56,71,99,467,3234
2023-10-11 15:02:56,72,99,467,3234
2023-10-11 15:02:56,72,85,467,3234
2023-10-11 15:02:56,72,84,467,3234
2023-10-11 15:03:04,68,84,467,3234
2023-10-11 15:03:04,68,99,467,3234
2023-10-11 15:03:04,74,99,467,3234
2023-10-11 15:03:04,74,86,467,3234
2023-10-11 15:03:09,74,99,467,3234
2023-10-11 15:03:09,68,99,467,3234
2023-10-11 15:03:09,71,99,467,3234
2023-10-11 15:03:09,72,99,467,3234
2023-10-11 15:03:09,72,85,467,3234
2023-10-11 15:03:28,72,86,467,3409
2023-10-11 15:03:37,72,86,467,3459
2023-10-11 15:03:59,72,99,467,3459
2023-10-11 15:03:59,68,99,467,3459
2023-10-11 15:03:59,70,99,467,3459
2023-10-11 15:03:59,71,99,467,3459
2023-10-11 15:03:59,71,83,467,3459
2023-10-11 15:04:07,71,99,467,3459
2023-10-11 15:04:07,68,99,467,3459
2023-10-11 15:04:07,69,99,467,3459
2023-10-11 15:04:07,69,82,467,3459
2023-10-11 15:04:07,69,81,467,3459
2023-10-11 15:04:29,68,81,467,3459
2023-10-11 15:04:29,68,99,467,3459
2023-10-11 15:04:29,69,99,467,3459
2023-10-11 15:04:29,70,99,467,3459
2023-10-11 15:04:29,70,83,467,3459
2023-10-11 15:05:06,70,99,467,3459
2023-10-11 15:05:06,68,99,467,3459
2023-10-11 15:05:06,68,81,467,3459
2023-10-11 15:05:06,68,80,467,3459
2023-10-11 15:05:25,68,99,467,3459
2023-10-11 15:05:25,68,78,467,3459
2023-10-11 15:06:06,66,78,467,3459
2023-10-11 15:06:07,66,99,467,3459
2023-10-11 15:06:07,1,99,467,3459
2023-10-11 15:06:07,64,99,467,3459
2023-10-11 15:06:07,64,78,467,3459
2023-10-11 15:06:07,64,77,467,3459
2023-10-11 15:06:08,65,77,467,3459
2023-10-11 15:06:13,65,99,467,3459
2023-10-11 15:06:13,66,99,467,3459
2023-10-11 15:06:13,66,79,467,3459
2023-10-11 15:06:13,66,78,467,3459
2023-10-11 15:06:26,65,78,467,3459
2023-10-11 15:06:26,65,99,467,3459
2023-10-11 15:06:26,67,99,467,3459
2023-10-11 15:06:26,67,80,467,3459
2023-10-11 15:07:07,67,99,467,3459
2023-10-11 15:07:07,65,99,467,3459
2023-10-11 15:07:07,66,99,467,3459
2023-10-11 15:07:07,66,79,467,3459
2023-10-11 15:07:07,66,78,467,3459
2023-10-11 15:07:16,66,99,467,3459
2023-10-11 15:07:16,65,99,467,3459
2023-10-11 15:07:16,65,76,467,3459
2023-10-11 15:08:05,65,99,467,3459
2023-10-11 15:08:05,65,75,467,3459
2023-10-11 15:08:10,65,99,467,3459
2023-10-11 15:08:10,65,77,467,3459
2023-10-11 15:08:33,65,99,467,3459
2023-10-11 15:08:33,66,99,467,3459
2023-10-11 15:08:33,66,79,467,3459
2023-10-11 15:08:33,66,78,467,3459
2023-10-11 15:08:50,66,99,467,3459
2023-10-11 15:08:50,65,99,467,3459
2023-10-11 15:08:50,65,78,467,3459
2023-10-11 15:08:50,65,77,467,3459
2023-10-11 15:08:59,65,99,467,3459
2023-10-11 15:08:59,65,76,467,3459
2023-10-11 15:09:14,65,99,467,3459
2023-10-11 15:09:14,65,78,467,3459
2023-10-11 15:09:14,65,77,467,3459
2023-10-11 15:09:15,65,99,467,3459
2023-10-11 15:09:15,66,99,467,3459
2023-10-11 15:09:15,66,79,467,3459
2023-10-11 15:09:15,66,78,467,3459
2023-10-11 15:09:19,65,78,467,3459
2023-10-11 15:09:19,65,99,467,3459
2023-10-11 15:09:19,67,99,467,3459
2023-10-11 15:09:19,68,99,467,3459
2023-10-11 15:09:19,68,80,467,3459
2023-10-11 15:09:30,65,80,467,3459
2023-10-11 15:09:30,65,99,467,3459
2023-10-11 15:09:30,69,99,467,3459
2023-10-11 15:09:30,69,83,467,3459
2023-10-11 15:09:30,69,82,467,3459
2023-10-11 15:09:41,65,82,467,3459
2023-10-11 15:09:41,65,99,467,3459
2023-10-11 15:09:41,70,99,467,3459
2023-10-11 15:09:41,71,99,467,3459
2023-10-11 15:09:41,71,83,467,3459
2023-10-11 15:10:09,72,83,467,3459
2023-10-11 15:10:26,72,99,467,3459
2023-10-11 15:10:26,72,85,467,3459
2023-10-11 15:10:26,72,84,467,3459
2023-10-11 15:11:05,72,99,467,3459
2023-10-11 15:11:05,73,99,467,3459
2023-10-11 15:11:05,74,99,467,3459
2023-10-11 15:11:05,74,86,467,3459
2023-10-11 15:11:17,74,99,467,3459
2023-10-11 15:11:17,72,99,467,3459
2023-10-11 15:11:17,72,86,467,3459
2023-10-11 15:11:17,72,85,467,3459
2023-10-11 15:11:32,72,99,467,3459
2023-10-11 15:11:32,73,99,467,3459
2023-10-11 15:11:32,74,99,467,3459
2023-10-11 15:11:32,74,87,467,3459
2023-10-11 15:11:32,74,86,467,3459
2023-10-11 15:12:01,74,99,467,3459
2023-10-11 15:12:01,72,99,467,3459
2023-10-11 15:12:01,72,85,467,3459
2023-10-11 15:12:12,72,99,467,3459
2023-10-11 15:12:12,73,99,467,3459
2023-10-11 15:12:12,74,99,467,3459
2023-10-11 15:12:12,74,86,467,3459
2023-10-11 15:12:29,74,99,467,3459
2023-10-11 15:12:29,72,99,467,3459
2023-10-11 15:12:29,72,85,467,3459
2023-10-11 15:12:56,72,99,467,3459
2023-10-11 15:12:56,72,84,467,3459
2023-10-11 15:12:56,72,83,467,3459
2023-10-11 15:13:14,72,99,467,3459
2023-10-11 15:13:14,72,81,467,3459
2023-10-11 15:13:23,72,99,467,3459
2023-10-11 15:13:23,72,81,467,3459
2023-10-11 15:13:23,72,80,467,3459
2023-10-11 15:13:34,72,99,467,3459
2023-10-11 15:13:34,72,82,467,3459
2023-10-11 15:13:34,72,81,467,3459
2023-10-11 15:13:53,72,99,467,3459
2023-10-11 15:13:53,72,84,467,3459
2023-10-11 15:13:53,72,83,467,3459
2023-10-11 15:14:06,72,99,467,3459
2023-10-11 15:14:06,72,82,467,3459
2023-10-11 15:14:06,72,81,467,3459
2023-10-11 15:14:10,69,81,467,3459
2023-10-11 15:14:12,70,81,467,3459
2023-10-11 15:14:44,70,99,467,3459
2023-10-11 15:14:44,70,81,467,3459
2023-10-11 15:14:44,70,80,467,3459
2023-10-11 15:15:10,70,99,467,3459
2023-10-11 15:15:10,70,78,467,3459
2023-10-11 15:15:13,66,78,467,3459
2023-10-11 15:15:14,66,99,467,3459
2023-10-11 15:15:14,0,99,467,3459
2023-10-11 15:15:14,63,99,467,3459
2023-10-11 15:15:14,64,99,467,3459
2023-10-11 15:15:14,64,78,467,3459
2023-10-11 15:15:14,64,77,467,3459
2023-10-11 15:15:17,65,77,467,3459
2023-10-11 15:15:17,65,99,467,3459
2023-10-11 15:15:17,66,99,467,3459
2023-10-11 15:15:17,66,79,467,3459
2023-10-11 15:15:17,66,78,467,3459
2023-10-11 15:15:27,65,78,467,3459
2023-10-11 15:15:27,65,99,467,3459
2023-10-11 15:15:27,66,99,467,3459
2023-10-11 15:15:27,67,99,467,3459
2023-10-11 15:15:27,67,79,467,3459
2023-10-11 15:15:59,67,99,467,3459
2023-10-11 15:15:59,65,99,467,3459
2023-10-11 15:15:59,66,99,467,3459
2023-10-11 15:15:59,66,79,467,3459
2023-10-11 15:15:59,66,78,467,3459
2023-10-11 15:16:05,66,99,467,3459
2023-10-11 15:16:05,65,99,467,3459
2023-10-11 15:16:05,65,76,467,3459
2023-10-11 15:16:19,65,99,467,3459
2023-10-11 15:16:19,66,99,467,3459
2023-10-11 15:16:19,66,78,467,3459
2023-10-11 15:17:13,65,78,442,3484
2023-10-11 15:17:17,65,99,442,3484
2023-10-11 15:17:17,65,77,442,3484
2023-10-11 15:18:07,65,99,442,3484
2023-10-11 15:18:07,66,99,442,3484
2023-10-11 15:18:07,66,80,442,3484
2023-10-11 15:18:07,66,79,442,3484
2023-10-11 15:18:12,65,79,442,3484
2023-10-11 15:18:12,65,99,442,3484
2023-10-11 15:18:12,67,99,442,3484
2023-10-11 15:18:12,68,99,442,3484
2023-10-11 15:18:12,68,80,442,3484
2023-10-11 15:18:22,65,80,442,3484
2023-10-11 15:18:22,65,99,442,3484
2023-10-11 15:18:22,69,99,442,3484
2023-10-11 15:18:22,69,82,442,3484
2023-10-11 15:18:22,69,81,442,3484
2023-10-11 15:19:01,69,99,442,3484
2023-10-11 15:19:01,65,99,442,3484
2023-10-11 15:19:01,67,99,442,3484
2023-10-11 15:19:01,67,80,442,3484
2023-10-11 15:19:09,67,99,442,3484
2023-10-11 15:19:09,65,99,442,3484
2023-10-11 15:19:09,66,99,442,3484
2023-10-11 15:19:09,66,79,442,3484
2023-10-11 15:19:09,66,78,442,3484
2023-10-11 15:19:18,67,78,442,3484
2023-10-11 15:19:24,67,99,442,3484
2023-10-11 15:19:24,68,99,442,3484
2023-10-11 15:19:24,68,80,442,3484
2023-10-11 15:19:37,67,80,442,3484
2023-10-11 15:19:37,67,99,442,3484
2023-10-11 15:19:37,68,99,442,3484
2023-10-11 15:19:37,69,99,442,3484
2023-10-11 15:19:37,69,82,442,3484
2023-10-11 15:19:37,69,81,442,3484
2023-10-11 15:19:38,67,81,442,3484
2023-10-11 15:19:38,67,99,442,3484
2023-10-11 15:19:38,71,99,442,3484
2023-10-11 15:19:38,71,83,442,3484
2023-10-11 15:19:52,67,83,442,3484
2023-10-11 15:19:52,67,99,442,3484
2023-10-11 15:19:52,72,99,442,3484
2023-10-11 15:19:52,72,84,442,3484
2023-10-11 15:20:20,72,99,442,3484
2023-10-11 15:20:20,67,99,442,3484
2023-10-11 15:20:20,71,99,442,3484
2023-10-11 15:20:20,71,83,442,3484
2023-10-11 15:20:43,71,99,442,3484
2023-10-11 15:20:43,67,99,442,3484
2023-10-11 15:20:43,68,99,442,3484
2023-10-11 15:20:43,69,99,442,3484
2023-10-11 15:20:43,69,82,442,3484
2023-10-11 15:21:15,67,82,442,3484
2023-10-11 15:21:15,67,99,442,3484
2023-10-11 15:21:15,70,99,442,3484
2023-10-11 15:21:15,71,99,442,3484
2023-10-11 15:21:15,71,83,442,3484
2023-10-11 15:21:43,67,83,442,3484
2023-10-11 15:21:43,67,99,442,3484
2023-10-11 15:21:43,72,99,442,3484
2023-10-11 15:21:43,72,85,442,3484
2023-10-11 15:21:43,72,84,442,3484
2023-10-11 15:21:55,72,99,442,3484
2023-10-11 15:21:55,67,99,442,3484
2023-10-11 15:21:55,68,99,442,3484
2023-10-11 15:21:55,69,99,442,3484
2023-10-11 15:21:55,69,83,442,3484
2023-10-11 15:21:55,69,82,442,3484
2023-10-11 15:22:12,69,99,442,3484
2023-10-11 15:22:12,67,99,442,3484
2023-10-11 15:22:12,68,99,442,3484
2023-10-11 15:22:12,68,82,442,3484
2023-10-11 15:22:12,68,81,442,3484
2023-10-11 15:22:32,67,81,442,3484
2023-10-11 15:22:32,67,99,442,3484
2023-10-11 15:22:32,69,99,442,3484
2023-10-11 15:22:32,70,99,442,3484
2023-10-11 15:22:32,70,83,442,3484
2023-10-11 15:22:32,70,82,442,3484
2023-10-11 15:22:33,67,82,442,3484
2023-10-11 15:22:33,67,99,442,3484
2023-10-11 15:22:33,72,99,442,3484
2023-10-11 15:22:33,72,84,442,3484
2023-10-11 15:23:15,67,84,442,3484
2023-10-11 15:23:15,67,99,442,3484
2023-10-11 15:23:15,72,99,442,3484
2023-10-11 15:23:15,73,99,442,3484
2023-10-11 15:23:15,73,85,442,3484
2023-10-11 15:23:24,74,85,442,3484
2023-10-11 15:23:42,74,99,442,3484
2023-10-11 15:23:42,74,87,442,3484
2023-10-11 15:23:44,74,99,442,3484
2023-10-11 15:23:44,75,99,442,3484
2023-10-11 15:23:44,76,99,442,3484
2023-10-11 15:23:44,76,89,442,3484
2023-10-11 15:23:44,76,88,442,3484
2023-10-11 15:24:20,74,88,442,3484
2023-10-11 15:24:20,74,99,442,3484
2023-10-11 15:24:20,77,99,442,3484
2023-10-11 15:24:20,77,90,442,3484
2023-10-11 15:24:20,77,89,442,3484
2023-10-11 15:25:01,74,89,442,3484
2023-10-11 15:25:01,74,99,442,3484
2023-10-11 15:25:01,78,99,442,3484
2023-10-11 15:25:01,78,91,442,3484
2023-10-11 15:25:10,78,99,442,3484
2023-10-11 15:25:10,74,99,442,3484
2023-10-11 15:25:10,76,99,442,3484
2023-10-11 15:25:10,77,99,442,3484
2023-10-11 15:25:10,77,90,442,3484
2023-10-11 15:25:10,77,89,442,3484
2023-10-11 15:26:10,77,90,442,3484
2023-10-11 15:26:10,76,99,442,3484
2023-10-11 15:26:10,76,88,442,3484
2023-10-11 15:26:13,76,99,442,3484
2023-10-11 15:26:13,74,99,442,3484
2023-10-11 15:26:13,75,99,442,3484
2023-10-11 15:26:13,75,88,442,3484
2023-10-11 15:26:13,75,87,442,3484
2023-10-11 15:26:47,74,87,442,3484
2023-10-11 15:26:47,74,99,442,3484
2023-10-11 15:26:47,76,99,442,3484
2023-10-11 15:26:47,77,99,442,3484
2023-10-11 15:26:47,77,89,442,3484
2023-10-11 15:27:04,77,99,442,3484
2023-10-11 15:27:04,74,99,442,3484
2023-10-11 15:27:04,75,99,442,3484
2023-10-11 15:27:04,75,88,442,3484
2023-10-11 15:27:11,75,99,442,3484
2023-10-11 15:27:11,74,99,442,3484
2023-10-11 15:27:11,74,87,442,3484
2023-10-11 15:27:11,74,86,442,3484
2023-10-11 15:27:24,75,86,442,3484
2023-10-11 15:27:37,75,99,442,3484
2023-10-11 15:27:37,75,89,442,3484
2023-10-11 15:27:37,75,88,442,3484
2023-10-11 15:27:54,75,99,442,3484
2023-10-11 15:27:54,75,86,442,3484
2023-10-11 15:28:14,75,99,442,3484
2023-10-11 15:28:14,75,89,442,3484
2023-10-11 15:28:14,75,88,442,3484
2023-10-11 15:28:22,75,99,442,3484
2023-10-11 15:28:22,76,99,442,3484
2023-10-11 15:28:22,77,99,442,3484
2023-10-11 15:28:22,77,90,442,3484
2023-10-11 15:28:22,77,89,442,3484
2023-10-11 15:28:34,75,89,442,3484
2023-10-11 15:28:34,75,99,442,3484
2023-10-11 15:28:34,78,99,442,3484
2023-10-11 15:28:34,79,99,442,3484
2023-10-11 15:28:34,79,92,442,3484
2023-10-11 15:28:34,79,91,442,3484
2023-10-11 15:28:40,75,91,442,3484
2023-10-11 15:28:40,75,99,442,3484
2023-10-11 15:28:40,79,99,442,3484
2023-10-11 15:28:40,80,99,442,3484
2023-10-11 15:28:40,80,94,442,3484
2023-10-11 15:28:40,80,93,442,3484
2023-10-11 15:28:46,75,93,442,3484
2023-10-11 15:28:46,75,99,442,3484
2023-10-11 15:28:46,81,99,442,3484
2023-10-11 15:28:46,82,99,442,3484
2023-10-11 15:28:46,82,94,442,3484
2023-10-11 15:28:58,75,94,442,3484
2023-10-11 15:28:58,75,99,442,3484
2023-10-11 15:28:58,84,99,442,3484
2023-10-11 15:28:58,84,97,442,3484
2023-10-11 15:28:58,84,96,442,3484
2023-10-11 15:29:01,75,96,442,3484
2023-10-11 15:29:01,75,99,442,3484
2023-10-11 15:29:01,85,99,442,3484
2023-10-11 15:29:01,85,98,442,3484
2023-10-11 15:29:01,85,97,442,3484
2023-10-11 15:29:47,85,99,442,3484
2023-10-11 15:29:47,75,99,442,3484
2023-10-11 15:29:47,83,99,442,3484
2023-10-11 15:29:47,84,99,442,3484
2023-10-11 15:29:47,84,96,442,3484
2023-10-11 15:30:05,84,99,442,3484
2023-10-11 15:30:05,75,99,442,3484
2023-10-11 15:30:05,81,99,442,3484
2023-10-11 15:30:05,82,99,442,3484
2023-10-11 15:30:05,82,94,442,3484
2023-10-11 15:30:29,82,99,442,3484
2023-10-11 15:30:29,75,99,442,3484
2023-10-11 15:30:29,80,99,442,3484
2023-10-11 15:30:29,81,99,442,3484
2023-10-11 15:30:29,81,93,442,3484
2023-10-11 15:31:01,75,93,442,3484
2023-10-11 15:31:01,75,99,442,3484
2023-10-11 15:31:01,81,99,442,3484
2023-10-11 15:31:01,82,99,442,3484
2023-10-11 15:31:01,82,95,442,3484
2023-10-11 15:31:06,75,95,442,3484
2023-10-11 15:31:06,75,99,442,3484
2023-10-11 15:31:06,83,99,442,3484
2023-10-11 15:31:06,84,99,442,3484
2023-10-11 15:31:06,84,97,442,3484
2023-10-11 15:31:06,84,96,442,3484
2023-10-11 15:31:29,85,96,442,3484
2023-10-11 15:31:41,85,99,442,3484
2023-10-11 15:31:41,85,97,442,3484
2023-10-11 15:32:00,85,98,442,3484
2023-10-11 15:32:00,85,99,442,3484
2023-10-11 15:35:29,1,99,442,3484
2023-10-11 15:35:34,2,99,442,3484
2023-10-11 15:39:11,90,99,442,3484
2023-10-11 15:39:36,91,99,442,3484
2023-10-11 15:40:34,92,99,442,3484
2023-10-11 15:41:38,91,99,442,3484
2023-10-11 15:43:36,93,99,442,3484
2023-10-11 15:45:09,87,99,442,3484
2023-10-11 15:45:16,93,99,442,3484
2023-10-11 15:45:32,93,98,442,3484
2023-10-11 15:45:54,93,97,442,3484
2023-10-11 15:46:15,93,98,442,3487
2023-10-11 15:46:33,87,98,442,3487
2023-10-11 15:46:42,0,99,442,3496
2023-10-11 15:46:56,93,99,442,3496
2023-10-11 15:48:15,87,99,442,3496
2023-10-11 15:56:48,0,100,442,3506
