datetime,bid,ask,open_interest,volume
2023-03-21 09:30:32,5,14,383,743
2023-03-21 09:30:48,6,14,383,743
2023-03-21 09:30:48,6,9,383,743
2023-03-21 09:31:03,5,9,383,743
2023-03-21 09:31:17,5,8,383,743
2023-03-21 09:31:46,5,8,483,843
2023-03-21 09:31:48,6,8,483,843
2023-03-21 09:32:05,6,7,483,843
2023-03-21 09:32:34,5,7,611,971
2023-03-21 09:32:52,5,7,621,981
2023-03-21 09:33:01,5,7,643,1003
2023-03-21 09:33:06,5,8,643,1003
2023-03-21 09:33:23,5,8,649,1009
2023-03-21 09:34:06,5,7,649,1009
2023-03-21 09:34:14,4,7,649,1009
2023-03-21 09:34:54,4,6,649,1009
2023-03-21 09:35:18,4,6,651,1011
2023-03-21 09:35:34,4,7,651,1011
2023-03-21 09:36:03,4,8,1361,1939
2023-03-21 09:36:12,4,8,1461,2039
2023-03-21 09:36:33,5,8,1461,2039
2023-03-21 09:36:43,6,8,1461,2039
2023-03-21 09:36:48,5,8,1461,2039
2023-03-21 09:36:49,6,8,1461,2039
2023-03-21 09:39:04,6,8,1511,2089
2023-03-21 09:39:06,7,8,1511,2089
2023-03-21 09:39:11,6,8,1511,2089
2023-03-21 09:39:11,7,8,1511,2089
2023-03-21 09:39:21,6,8,1511,2089
2023-03-21 09:39:22,7,8,1511,2089
2023-03-21 09:39:25,6,8,1511,2089
2023-03-21 09:39:54,7,8,1511,2089
2023-03-21 09:40:05,6,8,1511,2089
2023-03-21 09:40:45,7,8,1511,2089
2023-03-21 09:40:49,6,8,1511,2089
2023-03-21 09:40:49,7,8,1511,2089
2023-03-21 09:40:53,6,8,1511,2089
2023-03-21 09:41:04,7,8,1511,2089
2023-03-21 09:41:13,6,8,1511,2089
2023-03-21 09:42:18,6,7,1511,2089
2023-03-21 09:42:22,6,8,1511,2089
2023-03-21 09:42:22,6,7,1511,2089
2023-03-21 09:42:24,5,7,1511,2089
2023-03-21 09:42:31,5,8,1511,2089
2023-03-21 09:42:37,5,8,1556,2134
2023-03-21 09:42:40,5,7,1556,2134
2023-03-21 09:42:48,5,8,1556,2134
2023-03-21 09:42:48,5,7,1556,2134
2023-03-21 09:43:05,5,8,1556,2134
2023-03-21 09:43:05,5,7,1556,2134
2023-03-21 09:43:28,5,8,1556,2134
2023-03-21 09:43:45,6,8,1556,2134
2023-03-21 09:44:00,5,8,1556,2134
2023-03-21 09:44:02,6,8,1556,2134
2023-03-21 09:44:17,5,8,1556,2134
2023-03-21 09:44:18,6,8,1556,2134
2023-03-21 09:44:21,5,8,1556,2134
2023-03-21 09:44:22,6,8,1556,2134
2023-03-21 09:45:04,5,8,1556,2134
2023-03-21 09:45:04,6,8,1556,2134
2023-03-21 09:45:11,5,8,1556,2134
2023-03-21 09:45:11,6,8,1556,2134
2023-03-21 09:45:16,5,8,1556,2134
2023-03-21 09:45:16,6,8,1556,2134
2023-03-21 09:45:18,5,8,1556,2134
2023-03-21 09:45:18,6,8,1556,2134
2023-03-21 09:45:22,5,8,1556,2134
2023-03-21 09:45:22,6,8,1556,2134
2023-03-21 09:45:30,5,8,1556,2134
2023-03-21 09:45:30,6,8,1556,2134
2023-03-21 09:45:33,5,8,1556,2134
2023-03-21 09:45:33,6,8,1556,2134
2023-03-21 09:45:37,5,8,1556,2134
2023-03-21 09:45:37,6,8,1556,2134
2023-03-21 09:45:44,5,8,1556,2134
2023-03-21 09:45:44,6,8,1556,2134
2023-03-21 09:45:44,7,8,1556,2134
2023-03-21 09:45:59,5,8,1556,2134
2023-03-21 09:46:00,6,8,1556,2134
2023-03-21 09:46:16,5,8,1556,2134
2023-03-21 09:46:21,5,7,1556,2134
2023-03-21 09:46:29,5,8,1556,2134
2023-03-21 09:46:29,6,8,1556,2134
2023-03-21 09:46:46,5,8,1556,2134
2023-03-21 09:46:47,6,8,1556,2134
2023-03-21 09:46:48,6,8,1556,2189
2023-03-21 09:46:52,5,8,1556,2189
2023-03-21 09:47:02,5,7,1556,2189
2023-03-21 09:47:26,6,7,1556,2189
2023-03-21 09:47:30,5,7,1556,2189
2023-03-21 09:47:30,6,7,1556,2189
2023-03-21 09:47:40,5,7,1556,2189
2023-03-21 09:47:40,6,7,1556,2189
2023-03-21 09:47:46,5,7,1556,2189
2023-03-21 09:47:49,6,7,1556,2189
2023-03-21 09:47:51,5,7,1556,2189
2023-03-21 09:47:57,6,7,1556,2189
2023-03-21 09:48:02,5,7,1556,2189
2023-03-21 09:48:02,6,7,1556,2189
2023-03-21 09:48:06,5,7,1556,2189
2023-03-21 09:48:06,6,7,1556,2189
2023-03-21 09:48:09,5,7,1556,2189
2023-03-21 09:48:09,6,7,1556,2189
2023-03-21 09:48:16,5,7,1556,2189
2023-03-21 09:48:16,6,7,1556,2189
2023-03-21 09:48:21,5,7,1556,2189
2023-03-21 09:48:21,6,7,1556,2189
2023-03-21 09:48:29,6,8,1556,2189
2023-03-21 09:48:46,6,9,1556,2189
2023-03-21 09:48:46,7,9,1556,2189
2023-03-21 09:48:46,8,9,1556,2189
2023-03-21 09:48:49,8,10,1556,2189
2023-03-21 09:48:54,7,10,1556,2189
2023-03-21 09:48:54,8,10,1556,2189
2023-03-21 09:48:58,7,10,1556,2189
2023-03-21 09:48:58,8,10,1556,2189
2023-03-21 09:49:01,8,9,1556,2189
2023-03-21 09:49:05,7,9,1556,2189
2023-03-21 09:49:12,6,9,1556,2189
2023-03-21 09:49:12,7,9,1556,2189
2023-03-21 09:49:15,6,9,1556,2189
2023-03-21 09:49:29,7,9,1556,2189
2023-03-21 09:49:43,7,9,1566,2199
2023-03-21 09:49:45,7,8,1566,2199
2023-03-21 09:50:10,5,8,1566,2199
2023-03-21 09:50:17,6,8,1566,2199
2023-03-21 09:51:04,6,7,1566,2199
2023-03-21 09:51:52,6,7,1602,2235
2023-03-21 09:52:18,6,8,1647,2363
2023-03-21 09:53:30,7,8,1647,2363
2023-03-21 09:53:31,6,8,1647,2363
2023-03-21 09:54:11,6,7,1647,2363
2023-03-21 09:54:31,6,7,1687,2403
2023-03-21 09:54:42,5,7,1687,2403
2023-03-21 09:54:46,5,7,1694,2410
2023-03-21 09:55:01,5,7,1700,2416
2023-03-21 09:55:06,5,8,1700,2416
2023-03-21 09:55:06,5,7,1700,2416
2023-03-21 09:55:06,5,6,1700,2416
2023-03-21 09:55:21,5,7,1700,2416
2023-03-21 09:55:50,5,6,1700,2416
2023-03-21 09:55:52,5,7,1700,2416
2023-03-21 09:55:56,5,6,1700,2416
2023-03-21 09:56:05,5,7,1700,2416
2023-03-21 09:56:10,5,6,1700,2416
2023-03-21 09:56:34,4,6,1738,2499
2023-03-21 09:57:25,5,6,1738,2499
2023-03-21 09:57:33,4,6,1738,2499
2023-03-21 09:58:41,4,5,1738,2499
2023-03-21 09:58:43,4,6,1738,2499
2023-03-21 09:58:52,4,5,1738,2499
2023-03-21 09:59:01,4,6,1738,2499
2023-03-21 09:59:01,4,5,1738,2499
2023-03-21 09:59:08,4,6,1738,2499
2023-03-21 09:59:14,4,5,1738,2499
2023-03-21 09:59:23,4,6,1738,2499
2023-03-21 09:59:23,4,5,1738,2499
2023-03-21 09:59:27,4,6,1738,2499
2023-03-21 09:59:28,4,5,1738,2499
2023-03-21 09:59:42,4,6,1738,2499
2023-03-21 09:59:57,4,5,1738,2499
2023-03-21 10:00:19,4,5,2138,2899
2023-03-21 10:00:45,4,5,2154,2915
2023-03-21 10:01:08,3,5,2220,2981
2023-03-21 10:01:12,3,5,2229,2990
2023-03-21 10:01:12,3,5,2238,2999
2023-03-21 10:01:12,3,5,2272,3033
2023-03-21 10:01:12,2,3,2280,3041
2023-03-21 10:02:52,2,4,2297,3058
2023-03-21 10:02:53,3,4,2297,3058
2023-03-21 10:03:14,2,4,2297,3058
2023-03-21 10:03:38,3,4,2297,3058
2023-03-21 10:03:57,2,4,2297,3058
2023-03-21 10:03:58,3,4,2297,3058
2023-03-21 10:04:00,3,4,2297,3064
2023-03-21 10:04:05,2,4,2297,3064
2023-03-21 10:04:06,3,4,2297,3064
2023-03-21 10:04:14,3,5,2297,3064
2023-03-21 10:04:16,3,7,2297,3064
2023-03-21 10:04:17,3,7,2297,3066
2023-03-21 10:04:17,5,7,2297,3066
2023-03-21 10:04:18,5,6,2297,3066
2023-03-21 10:04:22,4,6,2297,3066
2023-03-21 10:04:23,3,6,2297,3066
2023-03-21 10:04:23,4,6,2297,3066
2023-03-21 10:04:30,4,6,2297,3068
2023-03-21 10:04:39,3,6,2297,3068
2023-03-21 10:04:39,4,6,2297,3068
2023-03-21 10:04:54,3,6,2297,3068
2023-03-21 10:04:54,4,6,2297,3068
2023-03-21 10:05:54,5,6,2297,3068
2023-03-21 10:06:03,5,7,2297,3068
2023-03-21 10:06:08,6,7,2297,3068
2023-03-21 10:06:10,6,8,2297,3068
2023-03-21 10:06:11,7,8,2297,3068
2023-03-21 10:06:17,5,8,2297,3068
2023-03-21 10:06:17,6,8,2297,3068
2023-03-21 10:06:17,7,8,2297,3068
2023-03-21 10:06:26,6,8,2297,3068
2023-03-21 10:06:26,5,8,2297,3068
2023-03-21 10:06:27,7,8,2297,3068
2023-03-21 10:06:41,6,8,2297,3068
2023-03-21 10:06:41,7,8,2297,3068
2023-03-21 10:06:59,8,9,2297,3070
2023-03-21 10:07:08,7,9,2297,3070
2023-03-21 10:07:10,6,9,2297,3070
2023-03-21 10:07:11,7,9,2297,3070
2023-03-21 10:07:37,6,9,2297,3070
2023-03-21 10:07:47,5,9,2297,3070
2023-03-21 10:07:47,5,7,2297,3070
2023-03-21 10:07:52,5,8,2297,3070
2023-03-21 10:07:52,5,9,2297,3070
2023-03-21 10:07:52,6,9,2297,3070
2023-03-21 10:07:52,6,8,2297,3070
2023-03-21 10:07:54,5,8,2297,3070
2023-03-21 10:07:54,5,9,2297,3070
2023-03-21 10:07:54,6,9,2297,3070
2023-03-21 10:07:54,6,8,2297,3070
2023-03-21 10:07:58,5,8,2297,3070
2023-03-21 10:07:58,5,9,2297,3070
2023-03-21 10:07:58,6,9,2297,3070
2023-03-21 10:07:58,6,8,2297,3070
2023-03-21 10:07:59,5,8,2297,3070
2023-03-21 10:07:59,6,8,2297,3070
2023-03-21 10:08:14,5,8,2297,3070
2023-03-21 10:08:14,5,9,2297,3070
2023-03-21 10:08:14,6,9,2297,3070
2023-03-21 10:08:14,6,8,2297,3070
2023-03-21 10:08:15,6,7,2297,3070
2023-03-21 10:08:34,6,8,2297,3070
2023-03-21 10:08:41,5,8,2297,3070
2023-03-21 10:08:41,5,9,2297,3070
2023-03-21 10:08:41,6,9,2297,3070
2023-03-21 10:08:41,7,9,2297,3070
2023-03-21 10:08:43,6,9,2297,3070
2023-03-21 10:08:43,7,9,2297,3070
2023-03-21 10:08:58,5,9,2297,3070
2023-03-21 10:08:58,6,9,2297,3070
2023-03-21 10:08:58,6,8,2297,3070
2023-03-21 10:09:04,6,7,2297,3070
2023-03-21 10:09:12,5,7,2297,3070
2023-03-21 10:09:12,6,7,2297,3070
2023-03-21 10:09:40,5,7,2297,3070
2023-03-21 10:09:54,4,7,2297,3070
2023-03-21 10:10:12,4,6,2297,3070
2023-03-21 10:10:18,4,7,2297,3070
2023-03-21 10:10:23,4,6,2297,3070
2023-03-21 10:10:26,4,7,2297,3070
2023-03-21 10:10:34,4,6,2297,3070
2023-03-21 10:10:58,4,7,2297,3070
2023-03-21 10:10:59,4,6,2297,3070
2023-03-21 10:11:06,4,7,2297,3070
2023-03-21 10:11:06,4,6,2297,3070
2023-03-21 10:11:51,4,6,2304,3077
2023-03-21 10:12:09,4,7,2304,3077
2023-03-21 10:12:09,4,6,2304,3077
2023-03-21 10:12:20,4,7,2304,3077
2023-03-21 10:12:20,4,6,2304,3077
2023-03-21 10:12:43,4,7,2304,3077
2023-03-21 10:12:43,4,6,2304,3077
2023-03-21 10:12:56,4,7,2304,3077
2023-03-21 10:12:56,4,6,2304,3077
2023-03-21 10:13:19,4,7,2304,3077
2023-03-21 10:13:39,4,6,2304,3077
2023-03-21 10:14:07,4,7,2304,3077
2023-03-21 10:14:09,4,6,2304,3077
2023-03-21 10:14:22,5,6,2304,3077
2023-03-21 10:14:22,5,7,2304,3077
2023-03-21 10:14:23,6,7,2304,3077
2023-03-21 10:14:38,5,7,2304,3077
2023-03-21 10:14:40,6,7,2304,3077
2023-03-21 10:14:54,5,7,2304,3077
2023-03-21 10:14:54,6,7,2304,3077
2023-03-21 10:15:17,5,7,2304,3077
2023-03-21 10:15:18,6,7,2304,3077
2023-03-21 10:15:20,6,9,2304,3077
2023-03-21 10:15:25,7,9,2304,3077
2023-03-21 10:15:29,8,9,2304,3077
2023-03-21 10:15:32,7,9,2304,3077
2023-03-21 10:15:32,6,9,2304,3077
2023-03-21 10:15:33,8,9,2304,3077
2023-03-21 10:15:33,9,10,2242,3245
2023-03-21 10:15:35,8,10,2242,3245
2023-03-21 10:15:35,9,10,2242,3245
2023-03-21 10:15:41,9,11,2242,3245
2023-03-21 10:15:42,7,11,2242,3245
2023-03-21 10:15:42,8,11,2242,3245
2023-03-21 10:15:42,8,10,2242,3245
2023-03-21 10:15:44,7,10,2242,3245
2023-03-21 10:15:44,7,11,2242,3245
2023-03-21 10:15:44,8,11,2242,3245
2023-03-21 10:15:44,8,10,2242,3245
2023-03-21 10:15:45,7,10,2242,3245
2023-03-21 10:15:45,7,11,2242,3245
2023-03-21 10:15:45,9,11,2242,3245
2023-03-21 10:15:47,9,10,2242,3245
2023-03-21 10:15:53,8,10,2242,3245
2023-03-21 10:15:53,7,10,2242,3245
2023-03-21 10:15:53,7,11,2242,3245
2023-03-21 10:15:53,8,11,2242,3245
2023-03-21 10:15:53,8,10,2242,3245
2023-03-21 10:15:56,7,10,2242,3245
2023-03-21 10:15:56,7,11,2242,3245
2023-03-21 10:15:57,7,10,2242,3245
2023-03-21 10:16:05,7,11,2242,3245
2023-03-21 10:16:05,8,11,2242,3245
2023-03-21 10:16:09,9,11,2242,3245
2023-03-21 10:16:11,9,10,2242,3245
2023-03-21 10:16:12,9,11,2242,3245
2023-03-21 10:16:15,8,11,2242,3245
2023-03-21 10:16:15,7,11,2242,3245
2023-03-21 10:16:16,9,11,2242,3245
2023-03-21 10:16:20,8,11,2242,3245
2023-03-21 10:16:20,7,11,2242,3245
2023-03-21 10:16:21,9,11,2242,3245
2023-03-21 10:16:28,9,10,2242,3245
2023-03-21 10:16:36,8,10,2242,3245
2023-03-21 10:16:36,7,10,2242,3245
2023-03-21 10:16:37,7,11,2242,3245
2023-03-21 10:16:37,7,10,2242,3245
2023-03-21 10:16:42,7,11,2242,3245
2023-03-21 10:16:42,8,11,2242,3245
2023-03-21 10:17:00,8,10,2242,3245
2023-03-21 10:17:03,8,9,2242,3245
2023-03-21 10:17:07,7,9,2242,3245
2023-03-21 10:17:07,7,11,2242,3245
2023-03-21 10:17:07,7,10,2242,3245
2023-03-21 10:17:07,7,9,2242,3245
2023-03-21 10:17:15,7,8,2242,3245
2023-03-21 10:17:20,7,9,2242,3245
2023-03-21 10:17:20,7,10,2242,3245
2023-03-21 10:17:20,7,9,2242,3245
2023-03-21 10:17:37,7,10,2242,3245
2023-03-21 10:17:38,7,8,2242,3245
2023-03-21 10:17:38,6,8,2242,3245
2023-03-21 10:17:54,6,9,2242,3245
2023-03-21 10:17:55,6,8,2242,3245
2023-03-21 10:18:05,6,7,2242,3245
2023-03-21 10:18:40,7,8,2242,3258
2023-03-21 10:18:57,7,10,2242,3258
2023-03-21 10:19:01,8,10,2242,3258
2023-03-21 10:19:23,9,10,2242,3258
2023-03-21 10:19:26,7,10,2242,3258
2023-03-21 10:19:27,8,10,2242,3258
2023-03-21 10:19:30,8,9,2242,3258
2023-03-21 10:19:53,7,9,2242,3258
2023-03-21 10:19:53,7,10,2242,3258
2023-03-21 10:19:54,7,9,2242,3258
2023-03-21 10:20:11,7,10,2242,3258
2023-03-21 10:20:11,7,9,2242,3258
2023-03-21 10:20:20,7,10,2242,3258
2023-03-21 10:20:20,7,9,2242,3258
2023-03-21 10:20:24,7,10,2242,3258
2023-03-21 10:20:25,7,9,2242,3258
2023-03-21 10:20:29,8,9,2242,3258
2023-03-21 10:20:33,7,9,2242,3258
2023-03-21 10:20:35,8,9,2242,3258
2023-03-21 10:20:38,7,9,2242,3258
2023-03-21 10:20:39,7,10,2242,3258
2023-03-21 10:20:41,7,9,2242,3258
2023-03-21 10:20:45,7,10,2242,3258
2023-03-21 10:20:45,8,10,2242,3258
2023-03-21 10:21:02,7,10,2242,3258
2023-03-21 10:21:03,7,9,2242,3258
2023-03-21 10:21:15,7,10,2242,3258
2023-03-21 10:21:16,7,9,2242,3258
2023-03-21 10:21:34,7,10,2242,3258
2023-03-21 10:21:34,7,9,2242,3258
2023-03-21 10:21:41,7,10,2242,3258
2023-03-21 10:21:41,7,9,2242,3258
2023-03-21 10:21:46,6,9,2242,3258
2023-03-21 10:21:52,6,8,2242,3258
2023-03-21 10:22:06,6,9,2242,3258
2023-03-21 10:22:06,6,8,2242,3258
2023-03-21 10:22:16,6,9,2242,3258
2023-03-21 10:22:17,7,9,2242,3258
2023-03-21 10:22:19,8,9,2242,3258
2023-03-21 10:22:25,7,9,2242,3258
2023-03-21 10:22:25,6,9,2242,3258
2023-03-21 10:22:26,8,9,2242,3258
2023-03-21 10:22:35,6,9,2242,3258
2023-03-21 10:22:35,7,9,2242,3258
2023-03-21 10:22:53,6,9,2242,3258
2023-03-21 10:22:55,7,9,2242,3258
2023-03-21 10:23:09,6,9,2242,3258
2023-03-21 10:23:12,7,9,2242,3258
2023-03-21 10:23:12,8,9,2242,3258
2023-03-21 10:23:15,8,9,2250,3332
2023-03-21 10:23:17,8,9,2407,3532
2023-03-21 10:23:22,9,10,2483,3608
2023-03-21 10:23:27,9,11,2483,3608
2023-03-21 10:23:37,10,11,2483,3608
2023-03-21 10:23:55,8,11,2483,3608
2023-03-21 10:23:57,9,11,2483,3608
2023-03-21 10:23:57,10,11,2483,3608
2023-03-21 10:24:10,9,11,2483,3608
2023-03-21 10:24:11,10,11,2483,3608
2023-03-21 10:24:14,9,11,2483,3608
2023-03-21 10:24:14,10,11,2483,3608
2023-03-21 10:24:16,11,12,2433,3658
2023-03-21 10:24:25,11,13,2433,3658
2023-03-21 10:24:32,9,13,2433,3658
2023-03-21 10:24:32,9,14,2433,3658
2023-03-21 10:24:33,10,14,2433,3658
2023-03-21 10:24:33,11,14,2433,3658
2023-03-21 10:24:59,10,14,2433,3658
2023-03-21 10:24:59,10,15,2433,3658
2023-03-21 10:24:59,11,15,2433,3658
2023-03-21 10:24:59,11,14,2433,3658
2023-03-21 10:25:07,11,12,2433,3658
2023-03-21 10:25:15,10,12,2433,3658
2023-03-21 10:25:16,11,12,2433,3658
2023-03-21 10:25:24,11,13,2433,3658
2023-03-21 10:25:25,10,13,2433,3658
2023-03-21 10:25:25,10,14,2433,3658
2023-03-21 10:25:25,11,14,2433,3658
2023-03-21 10:25:27,11,15,2433,3658
2023-03-21 10:25:27,11,16,2433,3658
2023-03-21 10:25:27,11,14,2433,3658
2023-03-21 10:25:31,12,14,2433,3658
2023-03-21 10:25:33,12,13,2433,3658
2023-03-21 10:25:45,12,13,2425,3708
2023-03-21 10:25:49,10,13,2425,3708
2023-03-21 10:25:49,11,13,2425,3708
2023-03-21 10:26:04,12,13,2425,3708
2023-03-21 10:26:27,11,13,2425,3708
2023-03-21 10:26:27,10,13,2425,3708
2023-03-21 10:26:27,11,13,2425,3708
2023-03-21 10:26:29,10,13,2425,3708
2023-03-21 10:26:29,11,13,2425,3708
2023-03-21 10:27:01,12,13,2425,3708
2023-03-21 10:27:11,12,14,2425,3708
2023-03-21 10:27:15,11,14,2425,3708
2023-03-21 10:27:15,11,16,2425,3708
2023-03-21 10:27:15,11,17,2425,3708
2023-03-21 10:27:15,11,16,2425,3708
2023-03-21 10:27:15,12,16,2425,3708
2023-03-21 10:27:16,12,15,2425,3708
2023-03-21 10:27:27,12,13,2425,3708
2023-03-21 10:27:28,11,13,2425,3708
2023-03-21 10:27:28,12,13,2425,3708
2023-03-21 10:27:48,12,14,2425,3708
2023-03-21 10:27:52,11,14,2425,3708
2023-03-21 10:27:52,11,16,2425,3708
2023-03-21 10:27:53,11,14,2425,3708
2023-03-21 10:28:03,11,17,2425,3708
2023-03-21 10:28:03,11,15,2425,3708
2023-03-21 10:28:03,11,14,2425,3708
2023-03-21 10:28:16,11,15,2425,3708
2023-03-21 10:28:16,11,17,2425,3708
2023-03-21 10:28:16,11,16,2425,3708
2023-03-21 10:28:16,11,14,2425,3708
2023-03-21 10:28:16,11,13,2425,3708
2023-03-21 10:29:07,11,12,2425,3708
2023-03-21 10:29:08,11,13,2425,3708
2023-03-21 10:30:41,11,12,2425,3708
2023-03-21 10:33:14,9,12,2425,3708
2023-03-21 10:33:14,10,12,2425,3708
2023-03-21 10:33:51,9,12,2425,3708
2023-03-21 10:33:51,10,12,2425,3708
2023-03-21 10:34:03,12,13,2553,3836
2023-03-21 10:34:13,11,13,2553,3836
2023-03-21 10:34:18,10,13,2553,3836
2023-03-21 10:34:18,10,14,2553,3836
2023-03-21 10:34:18,11,14,2553,3836
2023-03-21 10:34:18,11,13,2553,3836
2023-03-21 10:34:38,10,13,2553,3836
2023-03-21 10:34:38,10,14,2553,3836
2023-03-21 10:34:38,11,14,2553,3836
2023-03-21 10:34:38,11,13,2553,3836
2023-03-21 10:35:00,12,13,2553,3836
2023-03-21 10:35:08,11,13,2553,3836
2023-03-21 10:35:08,10,13,2553,3836
2023-03-21 10:35:08,10,16,2553,3836
2023-03-21 10:35:08,11,16,2553,3836
2023-03-21 10:35:08,11,14,2553,3836
2023-03-21 10:35:19,10,14,2553,3836
2023-03-21 10:35:19,10,16,2553,3836
2023-03-21 10:35:19,11,16,2553,3836
2023-03-21 10:35:19,11,14,2553,3836
2023-03-21 10:35:29,12,14,2553,3836
2023-03-21 10:35:37,12,15,2553,3836
2023-03-21 10:35:37,12,14,2553,3836
2023-03-21 10:36:00,12,14,2593,3876
2023-03-21 10:36:29,12,15,2593,3876
2023-03-21 10:36:35,12,14,2593,3876
2023-03-21 10:36:54,12,15,2593,3876
2023-03-21 10:36:55,12,14,2593,3876
2023-03-21 10:37:58,12,13,2593,3876
2023-03-21 10:38:05,11,12,2593,3902
2023-03-21 10:38:12,11,13,2593,3902
2023-03-21 10:38:23,10,13,2593,3902
2023-03-21 10:38:24,10,12,2593,3902
2023-03-21 10:38:31,10,13,2593,3902
2023-03-21 10:38:31,10,12,2593,3902
2023-03-21 10:38:54,10,13,2593,3902
2023-03-21 10:38:54,10,12,2593,3902
2023-03-21 10:39:15,10,13,2593,3902
2023-03-21 10:39:16,10,12,2593,3902
2023-03-21 10:39:19,9,12,2593,3902
2023-03-21 10:39:20,10,12,2593,3902
2023-03-21 10:39:39,9,12,2593,3902
2023-03-21 10:39:42,9,11,2593,3902
2023-03-21 10:39:54,9,12,2593,3902
2023-03-21 10:40:47,9,11,2593,3902
2023-03-21 10:40:53,9,12,2593,3902
2023-03-21 10:41:07,9,11,2593,3902
2023-03-21 10:41:26,9,12,2593,3902
2023-03-21 10:42:31,10,12,2593,3902
2023-03-21 10:42:40,9,12,2593,3902
2023-03-21 10:42:42,10,12,2593,3902
2023-03-21 10:42:47,10,13,2593,3902
2023-03-21 10:42:47,10,12,2593,3902
2023-03-21 10:42:55,10,13,2593,3902
2023-03-21 10:42:55,11,13,2593,3902
2023-03-21 10:42:58,11,12,2593,3902
2023-03-21 10:43:13,10,12,2593,3902
2023-03-21 10:43:13,10,13,2593,3902
2023-03-21 10:43:13,10,14,2593,3902
2023-03-21 10:43:13,11,14,2593,3902
2023-03-21 10:43:18,11,13,2593,3902
2023-03-21 10:43:39,10,13,2593,3902
2023-03-21 10:43:40,10,12,2593,3902
2023-03-21 10:43:44,11,12,2593,3902
2023-03-21 10:44:22,10,12,2593,3902
2023-03-21 10:44:22,10,14,2593,3902
2023-03-21 10:44:24,10,13,2593,3902
2023-03-21 10:44:24,10,12,2593,3902
2023-03-21 10:44:32,10,14,2593,3902
2023-03-21 10:44:33,10,13,2593,3902
2023-03-21 10:44:41,10,14,2593,3902
2023-03-21 10:44:41,10,13,2593,3902
2023-03-21 10:44:41,10,12,2593,3902
2023-03-21 10:44:57,10,13,2593,3902
2023-03-21 10:45:11,10,12,2593,3902
2023-03-21 10:45:33,10,11,2593,3902
2023-03-21 10:45:53,9,11,2593,3902
2023-03-21 10:45:55,9,12,2593,3902
2023-03-21 10:45:56,9,11,2593,3902
2023-03-21 10:46:02,9,12,2593,3902
2023-03-21 10:46:02,9,11,2593,3902
2023-03-21 10:46:22,9,12,2593,3902
2023-03-21 10:46:23,9,11,2593,3902
2023-03-21 10:46:28,9,12,2593,3902
2023-03-21 10:46:28,9,11,2593,3902
2023-03-21 10:46:50,8,11,2593,3902
2023-03-21 10:46:50,8,10,2593,3902
2023-03-21 10:46:52,9,10,2593,3902
2023-03-21 10:47:13,8,10,2593,3902
2023-03-21 10:47:14,8,11,2593,3902
2023-03-21 10:47:14,8,10,2593,3902
2023-03-21 10:47:28,8,11,2593,3902
2023-03-21 10:47:58,8,10,2593,3902
2023-03-21 10:48:16,8,11,2593,3902
2023-03-21 10:48:32,10,11,2593,3902
2023-03-21 10:48:48,9,10,2543,3952
2023-03-21 10:48:54,9,11,2543,3952
2023-03-21 10:49:12,8,11,2543,3952
2023-03-21 10:49:36,8,10,2543,3952
2023-03-21 10:49:51,8,11,2543,3952
2023-03-21 10:50:06,8,10,2543,3952
2023-03-21 10:50:28,8,11,2543,3952
2023-03-21 10:50:37,9,11,2543,3952
2023-03-21 10:51:08,10,11,2543,3952
2023-03-21 10:51:38,10,11,2793,4202
2023-03-21 10:51:50,10,11,3176,4585
2023-03-21 10:51:54,10,11,3376,4785
2023-03-21 10:51:54,10,11,3376,4898
2023-03-21 10:51:54,10,12,3376,4898
2023-03-21 10:51:58,11,12,3376,4898
2023-03-21 10:52:00,11,12,3371,4903
2023-03-21 10:52:03,11,13,3414,5003
2023-03-21 10:52:06,11,13,3614,5203
2023-03-21 10:52:09,11,14,3614,5203
2023-03-21 10:52:09,12,14,3614,5203
2023-03-21 10:52:09,13,14,3614,5203
2023-03-21 10:52:12,13,15,3614,5203
2023-03-21 10:52:12,15,20,3571,5331
2023-03-21 10:52:12,15,18,3571,5331
2023-03-21 10:52:14,13,15,3499,5403
2023-03-21 10:52:15,14,15,3499,5403
2023-03-21 10:52:22,14,17,3499,5403
2023-03-21 10:52:22,14,16,3499,5403
2023-03-21 10:52:23,13,16,3499,5403
2023-03-21 10:52:24,15,16,3499,5403
2023-03-21 10:52:24,15,16,3499,5453
2023-03-21 10:52:26,16,19,3499,5531
2023-03-21 10:52:28,16,19,3299,5731
2023-03-21 10:52:32,15,16,3177,5853
2023-03-21 10:52:32,14,16,3177,5853
2023-03-21 10:52:32,16,19,3099,5931
2023-03-21 10:52:40,14,19,3099,5931
2023-03-21 10:52:40,13,19,3099,5931
2023-03-21 10:52:40,16,19,3099,5931
2023-03-21 10:52:47,16,18,3099,5931
2023-03-21 10:52:48,16,18,3014,6131
2023-03-21 10:52:50,16,17,3014,6131
2023-03-21 10:52:52,15,17,3014,6131
2023-03-21 10:52:52,15,16,3014,6131
2023-03-21 10:53:03,13,16,3014,6131
2023-03-21 10:53:08,14,16,3014,6131
2023-03-21 10:53:09,14,17,3014,6131
2023-03-21 10:53:14,14,16,3014,6131
2023-03-21 10:53:25,14,15,3014,6131
2023-03-21 10:54:23,14,16,3014,6131
2023-03-21 10:54:23,14,17,3014,6131
2023-03-21 10:54:53,15,17,3014,6131
2023-03-21 10:55:08,15,16,3014,6131
2023-03-21 10:55:10,14,16,3014,6131
2023-03-21 10:55:11,15,16,3014,6131
2023-03-21 10:55:47,14,16,3014,6131
2023-03-21 10:56:09,14,15,3014,6131
2023-03-21 10:56:23,14,16,3014,6131
2023-03-21 10:57:20,14,17,3014,6131
2023-03-21 10:57:30,14,16,3014,6131
2023-03-21 10:57:45,14,17,3014,6131
2023-03-21 10:57:46,14,16,3014,6131
2023-03-21 10:57:48,14,17,3014,6131
2023-03-21 10:57:48,14,16,3014,6131
2023-03-21 10:57:52,14,17,3014,6131
2023-03-21 10:57:54,14,16,3014,6131
2023-03-21 10:58:07,14,17,3014,6131
2023-03-21 10:58:08,14,16,3014,6131
2023-03-21 10:58:25,14,17,3014,6131
2023-03-21 10:58:25,15,17,3014,6131
2023-03-21 10:58:42,15,17,3014,6151
2023-03-21 10:58:43,14,17,3014,6151
2023-03-21 10:58:43,14,18,3014,6151
2023-03-21 10:58:43,15,18,3014,6151
2023-03-21 10:58:43,17,18,3014,6151
2023-03-21 10:58:45,15,18,3014,6151
2023-03-21 10:58:45,14,18,3014,6151
2023-03-21 10:58:46,16,18,3014,6151
2023-03-21 10:58:50,14,20,3014,6151
2023-03-21 10:58:50,16,20,3014,6151
2023-03-21 10:58:50,16,19,3014,6151
2023-03-21 10:59:05,14,19,3014,6151
2023-03-21 10:59:05,14,20,3014,6151
2023-03-21 10:59:06,14,19,3014,6151
2023-03-21 10:59:06,14,17,3014,6151
2023-03-21 10:59:08,14,19,3014,6151
2023-03-21 10:59:08,14,18,3014,6151
2023-03-21 10:59:08,14,16,3014,6151
2023-03-21 10:59:12,14,18,3014,6151
2023-03-21 10:59:12,14,19,3014,6151
2023-03-21 10:59:12,14,18,3014,6151
2023-03-21 10:59:12,14,19,3014,6151
2023-03-21 10:59:12,14,17,3014,6151
2023-03-21 10:59:14,15,17,3014,6151
2023-03-21 10:59:19,15,16,3014,6151
2023-03-21 10:59:31,14,15,3080,6217
2023-03-21 10:59:53,14,16,3080,6217
2023-03-21 11:00:25,14,15,3080,6217
2023-03-21 11:00:52,14,16,3080,6217
2023-03-21 11:00:52,14,15,3080,6217
2023-03-21 11:01:00,14,16,3080,6217
2023-03-21 11:01:00,14,15,3080,6217
2023-03-21 11:01:40,12,14,3080,6345
2023-03-21 11:01:56,14,15,3302,6567
2023-03-21 11:01:57,14,15,3402,6667
2023-03-21 11:01:59,14,15,3602,6867
2023-03-21 11:02:02,12,14,3800,7065
2023-03-21 11:02:07,12,15,3800,7065
2023-03-21 11:02:08,11,15,3800,7065
2023-03-21 11:02:08,10,15,3800,7065
2023-03-21 11:02:08,10,16,3800,7065
2023-03-21 11:02:08,10,13,3800,7065
2023-03-21 11:02:08,12,13,3800,7065
2023-03-21 11:02:10,11,13,3800,7065
2023-03-21 11:02:10,12,13,3800,7065
2023-03-21 11:02:25,11,13,3800,7065
2023-03-21 11:03:17,12,13,3800,7065
2023-03-21 11:03:21,13,15,3928,7193
2023-03-21 11:03:25,13,16,3928,7193
2023-03-21 11:03:25,13,15,3928,7193
2023-03-21 11:03:35,12,15,3928,7193
2023-03-21 11:04:39,13,15,3928,7193
2023-03-21 11:04:43,13,16,3928,7193
2023-03-21 11:04:51,13,15,3928,7193
2023-03-21 11:04:53,12,15,3928,7193
2023-03-21 11:04:54,13,15,3928,7193
2023-03-21 11:05:30,13,14,3928,7193
2023-03-21 11:06:08,12,14,3928,7193
2023-03-21 11:06:44,12,15,3928,7193
2023-03-21 11:06:49,13,15,3928,7193
2023-03-21 11:06:51,13,15,3928,7321
2023-03-21 11:06:51,14,15,3928,7321
2023-03-21 11:06:53,13,15,3928,7321
2023-03-21 11:06:53,12,15,3928,7321
2023-03-21 11:06:53,12,16,3928,7321
2023-03-21 11:06:54,13,16,3928,7321
2023-03-21 11:07:24,13,15,3928,7321
2023-03-21 11:07:29,14,15,3928,7321
2023-03-21 11:07:29,14,15,3928,7371
2023-03-21 11:07:41,14,15,3928,7387
2023-03-21 11:07:41,14,15,3928,7403
2023-03-21 11:07:54,14,16,3928,7403
2023-03-21 11:07:54,14,17,3928,7403
2023-03-21 11:07:55,14,15,3928,7403
2023-03-21 11:08:18,14,15,3928,7423
2023-03-21 11:08:22,12,14,3928,7449
2023-03-21 11:08:25,11,14,3928,7449
2023-03-21 11:08:25,12,14,3928,7449
2023-03-21 11:08:27,11,15,3928,7449
2023-03-21 11:08:27,11,17,3928,7449
2023-03-21 11:08:27,11,15,3928,7449
2023-03-21 11:08:27,11,14,3928,7449
2023-03-21 11:08:29,11,15,3928,7449
2023-03-21 11:08:29,11,14,3928,7449
2023-03-21 11:08:38,11,15,3928,7449
2023-03-21 11:08:38,11,14,3928,7449
2023-03-21 11:08:53,11,15,3928,7449
2023-03-21 11:08:53,11,14,3928,7449
2023-03-21 11:09:09,11,15,3928,7449
2023-03-21 11:09:09,11,14,3928,7449
2023-03-21 11:09:24,11,15,3928,7449
2023-03-21 11:09:24,11,14,3928,7449
2023-03-21 11:09:24,11,13,3928,7449
2023-03-21 11:09:28,11,15,3928,7449
2023-03-21 11:09:29,11,14,3928,7449
2023-03-21 11:09:29,11,13,3928,7449
2023-03-21 11:09:31,10,13,3928,7449
2023-03-21 11:10:13,10,12,3928,7449
2023-03-21 11:10:27,10,13,3928,7449
2023-03-21 11:10:27,10,12,3928,7449
2023-03-21 11:10:35,10,13,3928,7449
2023-03-21 11:10:35,10,12,3928,7449
2023-03-21 11:10:39,10,13,3928,7449
2023-03-21 11:10:39,10,12,3928,7449
2023-03-21 11:10:41,10,13,3928,7449
2023-03-21 11:11:09,10,13,3928,7469
2023-03-21 11:11:53,10,12,3928,7469
2023-03-21 11:11:57,10,11,3928,7469
2023-03-21 11:11:57,9,11,3928,7469
2023-03-21 11:12:42,8,11,3928,7469
2023-03-21 11:13:57,8,10,3928,7469
2023-03-21 11:14:27,8,10,3928,7519
2023-03-21 11:14:27,8,9,3928,7519
2023-03-21 11:14:27,7,9,3928,7519
2023-03-21 11:14:29,5,9,3928,7519
2023-03-21 11:14:29,5,8,3928,7519
2023-03-21 11:14:31,6,8,3928,7519
2023-03-21 11:14:38,4,8,3928,7519
2023-03-21 11:14:38,4,10,3928,7519
2023-03-21 11:14:39,5,10,3928,7519
2023-03-21 11:14:39,5,9,3928,7519
2023-03-21 11:14:39,5,8,3928,7519
2023-03-21 11:14:50,4,8,3928,7519
2023-03-21 11:14:50,4,9,3928,7519
2023-03-21 11:14:51,5,9,3928,7519
2023-03-21 11:14:51,5,8,3928,7519
2023-03-21 11:15:06,4,8,3928,7519
2023-03-21 11:15:06,4,9,3928,7519
2023-03-21 11:15:07,5,9,3928,7519
2023-03-21 11:15:07,5,8,3928,7519
2023-03-21 11:15:21,4,8,3928,7519
2023-03-21 11:15:21,4,9,3928,7519
2023-03-21 11:15:22,4,7,3928,7519
2023-03-21 11:15:28,4,5,3928,7519
2023-03-21 11:15:29,5,7,3928,7535
2023-03-21 11:15:38,4,8,3928,7535
2023-03-21 11:15:38,4,7,3928,7535
2023-03-21 11:15:52,4,8,3928,7535
2023-03-21 11:15:52,5,8,3928,7535
2023-03-21 11:16:07,4,8,3928,7535
2023-03-21 11:16:07,5,8,3928,7535
2023-03-21 11:16:09,5,7,3928,7535
2023-03-21 11:16:25,4,7,3928,7535
2023-03-21 11:16:41,4,8,3928,7535
2023-03-21 11:16:41,4,7,3928,7535
2023-03-21 11:16:43,5,7,3928,7535
2023-03-21 11:16:55,5,8,3928,7535
2023-03-21 11:17:12,5,7,3928,7535
2023-03-21 11:17:29,5,8,3928,7535
2023-03-21 11:17:29,5,7,3928,7535
2023-03-21 11:17:30,6,7,3928,7535
2023-03-21 11:17:51,6,8,3928,7535
2023-03-21 11:17:52,6,7,3928,7535
2023-03-21 11:18:11,6,8,3928,7535
2023-03-21 11:18:11,6,7,3928,7535
2023-03-21 11:18:47,6,8,3928,7535
2023-03-21 11:18:47,6,7,3928,7535
2023-03-21 11:18:56,6,8,3928,7535
2023-03-21 11:18:59,6,7,3928,7535
2023-03-21 11:19:15,6,8,3928,7535
2023-03-21 11:19:26,6,8,3930,7537
2023-03-21 11:19:32,6,7,3930,7537
2023-03-21 11:19:55,6,8,3930,7537
2023-03-21 11:19:55,6,7,3930,7537
2023-03-21 11:20:13,6,8,3930,7537
2023-03-21 11:20:13,6,7,3930,7537
2023-03-21 11:20:22,6,8,3930,7537
2023-03-21 11:20:22,6,7,3930,7537
2023-03-21 11:20:37,6,8,3930,7537
2023-03-21 11:20:38,6,7,3930,7537
2023-03-21 11:20:54,6,8,3930,7537
2023-03-21 11:20:54,6,7,3930,7537
2023-03-21 11:21:09,6,8,3930,7537
2023-03-21 11:21:10,6,7,3930,7537
2023-03-21 11:21:26,6,8,3930,7537
2023-03-21 11:21:26,6,7,3930,7537
2023-03-21 11:21:40,6,8,3930,7537
2023-03-21 11:21:40,6,7,3930,7537
2023-03-21 11:21:49,6,8,3930,7537
2023-03-21 11:21:50,6,7,3930,7537
2023-03-21 11:21:52,6,8,3930,7537
2023-03-21 11:21:52,6,7,3930,7537
2023-03-21 11:21:57,6,9,3930,7537
2023-03-21 11:22:04,6,8,3930,7537
2023-03-21 11:22:06,6,9,3930,7537
2023-03-21 11:22:15,6,8,3930,7537
2023-03-21 11:22:22,6,9,3930,7537
2023-03-21 11:22:43,6,8,3930,7537
2023-03-21 11:23:01,6,9,3930,7537
2023-03-21 11:23:02,6,8,3930,7537
2023-03-21 11:23:10,6,9,3930,7537
2023-03-21 11:23:16,7,9,3930,7537
2023-03-21 11:23:22,6,9,3930,7537
2023-03-21 11:23:39,7,9,3930,7537
2023-03-21 11:23:46,7,8,3930,7537
2023-03-21 11:23:48,6,8,3930,7537
2023-03-21 11:23:48,6,7,3930,7537
2023-03-21 11:23:55,6,8,3930,7537
2023-03-21 11:23:55,6,9,3930,7537
2023-03-21 11:24:37,7,9,3930,7537
2023-03-21 11:24:39,7,8,3930,7537
2023-03-21 11:24:52,6,8,3930,7537
2023-03-21 11:24:52,6,9,3930,7537
2023-03-21 11:24:53,6,8,3930,7537
2023-03-21 11:24:55,6,9,3930,7537
2023-03-21 11:24:58,6,7,3930,7537
2023-03-21 11:25:14,6,9,3930,7537
2023-03-21 11:25:14,6,8,3930,7537
2023-03-21 11:25:25,6,9,3930,7537
2023-03-21 11:25:42,8,9,3930,7537
2023-03-21 11:25:47,6,9,3930,7537
2023-03-21 11:25:55,6,7,3930,7537
2023-03-21 11:25:57,7,8,4130,7737
2023-03-21 11:25:58,7,9,4130,7737
2023-03-21 11:25:58,7,8,4130,7737
2023-03-21 11:26:12,6,8,4130,7737
2023-03-21 11:26:21,6,9,4130,7737
2023-03-21 11:26:32,7,9,4130,7737
2023-03-21 11:26:44,7,10,4130,7737
2023-03-21 11:26:44,7,11,4130,7737
2023-03-21 11:26:44,7,10,4130,7737
2023-03-21 11:26:56,7,11,4130,7737
2023-03-21 11:26:56,8,11,4130,7737
2023-03-21 11:27:13,7,11,4130,7737
2023-03-21 11:27:20,7,10,4130,7737
2023-03-21 11:27:38,7,11,4130,7737
2023-03-21 11:27:38,8,11,4130,7737
2023-03-21 11:27:42,7,11,4130,7737
2023-03-21 11:27:42,7,10,4130,7737
2023-03-21 11:28:06,7,9,4130,7737
2023-03-21 11:28:06,7,8,4130,7737
2023-03-21 11:28:09,7,9,4130,7737
2023-03-21 11:28:09,7,10,4130,7737
2023-03-21 11:28:10,7,8,4130,7737
2023-03-21 11:28:10,7,8,4130,7787
2023-03-21 11:28:22,6,7,4130,7865
2023-03-21 11:28:39,6,8,4130,7865
2023-03-21 11:28:39,6,7,4130,7865
2023-03-21 11:28:44,6,8,4130,7865
2023-03-21 11:28:44,6,10,4130,7865
2023-03-21 11:28:44,6,9,4130,7865
2023-03-21 11:28:48,6,10,4130,7865
2023-03-21 11:28:48,6,9,4130,7865
2023-03-21 11:28:54,7,9,4130,7865
2023-03-21 11:29:09,6,9,4130,7865
2023-03-21 11:29:09,7,9,4130,7865
2023-03-21 11:29:18,6,9,4130,7865
2023-03-21 11:29:37,7,9,4130,7865
2023-03-21 11:29:47,6,9,4130,7865
2023-03-21 11:29:47,7,9,4130,7865
2023-03-21 11:29:52,6,9,4130,7865
2023-03-21 11:29:52,7,9,4130,7865
2023-03-21 11:30:03,7,8,4130,7865
2023-03-21 11:30:09,6,8,4130,7865
2023-03-21 11:30:09,7,8,4130,7865
2023-03-21 11:30:24,6,8,4130,7865
2023-03-21 11:30:24,7,8,4130,7865
2023-03-21 11:30:37,7,9,4130,7865
2023-03-21 11:30:39,6,9,4130,7865
2023-03-21 11:30:39,7,9,4130,7865
2023-03-21 11:30:43,6,9,4130,7865
2023-03-21 11:30:43,7,9,4130,7865
2023-03-21 11:30:49,6,9,4130,7865
2023-03-21 11:30:49,7,9,4130,7865
2023-03-21 11:30:58,6,9,4130,7865
2023-03-21 11:30:58,7,9,4130,7865
2023-03-21 11:31:07,6,9,4130,7865
2023-03-21 11:31:09,7,9,4130,7865
2023-03-21 11:31:16,6,9,4130,7865
2023-03-21 11:31:16,7,9,4130,7865
2023-03-21 11:31:31,6,9,4130,7865
2023-03-21 11:31:54,7,9,4130,7865
2023-03-21 11:32:30,6,9,4130,7865
2023-03-21 11:32:33,6,8,4130,7865
2023-03-21 11:32:51,6,9,4130,7865
2023-03-21 11:32:52,6,8,4130,7865
2023-03-21 11:33:05,6,7,4130,7865
2023-03-21 11:33:07,6,8,4130,7865
2023-03-21 11:33:08,6,7,4130,7865
2023-03-21 11:33:12,5,7,4130,7865
2023-03-21 11:33:23,5,8,4130,7865
2023-03-21 11:33:23,5,7,4130,7865
2023-03-21 11:34:10,5,8,4130,7865
2023-03-21 11:34:10,5,7,4130,7865
2023-03-21 11:34:24,5,7,4130,7875
2023-03-21 11:34:27,5,8,4130,7875
2023-03-21 11:34:27,5,7,4130,7875
2023-03-21 11:34:37,6,7,4130,7875
2023-03-21 11:34:41,6,8,4130,7875
2023-03-21 11:34:41,7,8,4130,7875
2023-03-21 11:34:41,7,8,4630,8375
2023-03-21 11:34:49,7,8,4634,8379
2023-03-21 11:34:51,8,9,4762,8507
2023-03-21 11:35:06,6,9,4762,8507
2023-03-21 11:35:12,7,9,4762,8507
2023-03-21 11:35:17,6,9,4762,8507
2023-03-21 11:35:24,7,9,4762,8507
2023-03-21 11:35:27,6,9,4762,8507
2023-03-21 11:35:28,7,9,4762,8507
2023-03-21 11:35:32,7,10,4762,8507
2023-03-21 11:35:45,7,8,4762,8507
2023-03-21 11:35:46,7,9,4762,8507
2023-03-21 11:35:46,7,10,4762,8507
2023-03-21 11:35:47,7,9,4762,8507
2023-03-21 11:35:49,7,10,4762,8507
2023-03-21 11:35:49,7,9,4762,8507
2023-03-21 11:35:50,7,10,4762,8507
2023-03-21 11:36:14,8,10,4762,8507
2023-03-21 11:36:15,8,10,4762,8519
2023-03-21 11:36:18,8,11,4762,8519
2023-03-21 11:36:21,9,11,4762,8519
2023-03-21 11:36:25,8,11,4762,8519
2023-03-21 11:37:19,9,11,4762,8519
2023-03-21 11:37:23,8,11,4762,8519
2023-03-21 11:37:45,8,10,4762,8519
2023-03-21 11:38:19,8,9,4762,8519
2023-03-21 11:38:19,7,8,4885,8763
2023-03-21 11:38:22,6,8,4885,8763
2023-03-21 11:38:26,7,8,4885,8763
2023-03-21 11:38:32,6,8,4885,8763
2023-03-21 11:38:32,7,8,4885,8763
2023-03-21 11:38:35,6,8,4885,8763
2023-03-21 11:38:39,7,8,4885,8763
2023-03-21 11:38:39,8,10,4885,8813
2023-03-21 11:38:44,7,10,4885,8813
2023-03-21 11:38:44,8,10,4885,8813
2023-03-21 11:38:49,8,9,4885,8813
2023-03-21 11:38:51,8,9,4785,8913
2023-03-21 11:38:52,8,10,4785,8913
2023-03-21 11:38:55,9,10,4785,8913
2023-03-21 11:39:10,8,10,4785,8913
2023-03-21 11:39:10,7,10,4785,8913
2023-03-21 11:39:11,8,10,4785,8913
2023-03-21 11:39:15,7,10,4785,8913
2023-03-21 11:39:16,8,10,4785,8913
2023-03-21 11:39:16,8,11,4785,8913
2023-03-21 11:39:19,10,11,4785,8913
2023-03-21 11:39:24,9,11,4785,8913
2023-03-21 11:39:27,9,11,4762,8936
2023-03-21 11:39:27,9,11,4762,9197
2023-03-21 11:39:29,8,11,4762,9197
2023-03-21 11:39:29,9,11,4762,9197
2023-03-21 11:39:31,10,11,4762,9197
2023-03-21 11:39:31,11,13,4762,9325
2023-03-21 11:39:31,11,13,4762,9375
2023-03-21 11:39:31,11,12,4762,9375
2023-03-21 11:39:31,11,12,4762,9425
2023-03-21 11:39:31,11,12,4762,9453
2023-03-21 11:39:31,11,13,4762,9453
2023-03-21 11:39:33,11,14,4762,9453
2023-03-21 11:39:41,10,14,4762,9453
2023-03-21 11:39:41,9,14,4762,9453
2023-03-21 11:39:41,7,14,4762,9453
2023-03-21 11:39:41,8,14,4762,9453
2023-03-21 11:39:41,10,14,4762,9453
2023-03-21 11:39:43,11,14,4762,9453
2023-03-21 11:39:43,12,14,4762,9453
2023-03-21 11:40:05,12,13,4762,9453
2023-03-21 11:40:08,12,14,4762,9453
2023-03-21 11:40:10,12,13,4762,9453
2023-03-21 11:40:21,11,13,4762,9453
2023-03-21 11:40:24,11,14,4762,9453
2023-03-21 11:40:24,11,15,4762,9453
2023-03-21 11:40:24,11,14,4762,9453
2023-03-21 11:40:27,11,15,4762,9453
2023-03-21 11:40:27,11,14,4762,9453
2023-03-21 11:40:31,11,14,4762,9455
2023-03-21 11:40:55,11,13,4762,9455
2023-03-21 11:40:59,11,14,4762,9455
2023-03-21 11:41:00,11,13,4762,9455
2023-03-21 11:41:00,12,13,4762,9455
2023-03-21 11:41:02,12,14,4762,9455
2023-03-21 11:41:02,12,13,4762,9455
2023-03-21 11:41:06,12,13,4762,9541
2023-03-21 11:41:10,12,14,4762,9541
2023-03-21 11:41:10,12,15,4762,9541
2023-03-21 11:41:13,13,15,4762,9541
2023-03-21 11:41:15,13,17,4762,9541
2023-03-21 11:41:15,13,16,4762,9541
2023-03-21 11:41:18,12,16,4762,9541
2023-03-21 11:41:18,12,17,4762,9541
2023-03-21 11:41:18,13,17,4762,9541
2023-03-21 11:41:18,13,16,4762,9541
2023-03-21 11:41:20,12,16,4762,9541
2023-03-21 11:41:20,12,17,4762,9541
2023-03-21 11:41:20,15,17,4762,9541
2023-03-21 11:41:21,15,17,4762,9591
2023-03-21 11:41:21,15,17,4762,9641
2023-03-21 11:41:23,14,17,4762,9641
2023-03-21 11:41:23,15,17,4762,9641
2023-03-21 11:41:26,14,17,4762,9641
2023-03-21 11:41:27,15,17,4762,9641
2023-03-21 11:41:40,14,17,4762,9641
2023-03-21 11:41:53,14,16,4762,9641
2023-03-21 11:41:55,13,16,4762,9641
2023-03-21 11:41:55,14,16,4762,9641
2023-03-21 11:42:03,13,16,4762,9641
2023-03-21 11:42:03,14,16,4762,9641
2023-03-21 11:42:09,13,16,4762,9641
2023-03-21 11:42:14,13,15,4762,9641
2023-03-21 11:42:17,13,16,4762,9641
2023-03-21 11:42:17,13,15,4762,9641
2023-03-21 11:42:19,12,15,4762,9641
2023-03-21 11:42:19,12,14,4762,9641
2023-03-21 11:42:22,12,13,4762,9641
2023-03-21 11:42:26,12,14,4762,9641
2023-03-21 11:42:52,12,15,4762,9641
2023-03-21 11:43:11,12,14,4762,9641
2023-03-21 11:43:13,12,13,4762,9641
2023-03-21 11:43:15,12,15,4762,9641
2023-03-21 11:43:16,12,14,4762,9641
2023-03-21 11:43:16,12,13,4762,9641
2023-03-21 11:43:29,12,14,4762,9641
2023-03-21 11:43:29,12,13,4762,9641
2023-03-21 11:43:48,12,14,4762,9641
2023-03-21 11:43:48,12,15,4762,9641
2023-03-21 11:43:48,12,14,4762,9641
2023-03-21 11:43:55,12,15,4762,9641
2023-03-21 11:43:55,12,14,4762,9641
2023-03-21 11:44:05,13,14,4762,9641
2023-03-21 11:44:09,13,15,4762,9641
2023-03-21 11:44:09,13,16,4762,9641
2023-03-21 11:44:10,14,16,4762,9641
2023-03-21 11:44:12,13,16,4762,9641
2023-03-21 11:44:12,14,16,4762,9641
2023-03-21 11:44:25,13,16,4762,9641
2023-03-21 11:44:55,14,16,4762,9641
2023-03-21 11:44:58,13,16,4762,9641
2023-03-21 11:45:02,14,16,4762,9641
2023-03-21 11:45:06,14,17,4762,9641
2023-03-21 11:45:11,15,17,4762,9641
2023-03-21 11:45:30,14,17,4762,9641
2023-03-21 11:45:44,14,17,4763,9642
2023-03-21 11:45:50,14,16,4763,9642
2023-03-21 11:46:02,13,16,4763,9642
2023-03-21 11:46:09,14,16,4763,9642
2023-03-21 11:46:13,14,17,4763,9642
2023-03-21 11:46:15,13,17,4763,9642
2023-03-21 11:46:15,15,17,4763,9642
2023-03-21 11:46:31,13,17,4763,9642
2023-03-21 11:46:32,15,17,4763,9642
2023-03-21 11:46:33,15,18,4763,9642
2023-03-21 11:46:36,17,18,4763,9642
2023-03-21 11:46:55,15,18,4763,9642
2023-03-21 11:46:56,17,18,4763,9642
2023-03-21 11:47:00,15,18,4763,9642
2023-03-21 11:47:01,15,18,4763,9742
2023-03-21 11:47:01,16,18,4763,9742
2023-03-21 11:47:01,16,20,4763,9742
2023-03-21 11:47:06,16,19,4763,9742
2023-03-21 11:47:18,15,19,4763,9742
2023-03-21 11:47:18,15,20,4763,9742
2023-03-21 11:47:18,15,18,4763,9742
2023-03-21 11:47:22,15,20,4763,9742
2023-03-21 11:47:23,15,19,4763,9742
2023-03-21 11:47:23,15,18,4763,9742
2023-03-21 11:47:29,15,17,4763,9742
2023-03-21 11:48:03,14,17,4763,9742
2023-03-21 11:49:03,15,17,4763,9742
2023-03-21 11:49:06,15,18,4763,9742
2023-03-21 11:49:33,15,17,4763,9742
2023-03-21 11:49:33,14,17,4763,9742
2023-03-21 11:50:04,14,16,4763,9742
2023-03-21 11:50:12,13,14,4763,9870
2023-03-21 11:50:15,12,14,4763,9870
2023-03-21 11:50:21,12,16,4763,9870
2023-03-21 11:50:22,12,15,4763,9870
2023-03-21 11:50:22,12,14,4763,9870
2023-03-21 11:50:29,11,14,4763,9870
2023-03-21 11:50:29,11,15,4763,9870
2023-03-21 11:50:30,11,14,4763,9870
2023-03-21 11:50:31,11,15,4763,9870
2023-03-21 11:50:31,11,14,4763,9870
2023-03-21 11:50:31,11,13,4763,9870
2023-03-21 11:50:46,11,14,4763,9870
2023-03-21 11:50:46,11,13,4763,9870
2023-03-21 11:51:01,11,14,4763,9870
2023-03-21 11:51:01,11,13,4763,9870
2023-03-21 11:51:15,12,13,4763,9870
2023-03-21 11:51:17,11,13,4763,9870
2023-03-21 11:51:17,11,14,4763,9870
2023-03-21 11:51:56,12,14,4763,9870
2023-03-21 11:52:12,11,14,4763,9870
2023-03-21 11:52:14,12,14,4763,9870
2023-03-21 11:52:18,11,14,4763,9870
2023-03-21 11:52:36,11,13,4763,9870
2023-03-21 11:52:44,11,15,4763,9870
2023-03-21 11:52:44,12,15,4763,9870
2023-03-21 11:52:48,11,15,4763,9870
2023-03-21 11:52:48,12,15,4763,9870
2023-03-21 11:52:56,11,15,4763,9870
2023-03-21 11:53:00,12,15,4763,9870
2023-03-21 11:53:02,12,14,4763,9870
2023-03-21 11:53:21,11,14,4763,9870
2023-03-21 11:53:24,12,14,4763,9870
2023-03-21 11:53:28,11,14,4763,9870
2023-03-21 11:53:28,12,14,4763,9870
2023-03-21 11:53:31,11,14,4763,9870
2023-03-21 11:54:23,11,13,4763,9870
2023-03-21 11:54:39,11,14,4763,9870
2023-03-21 11:54:39,11,13,4763,9870
2023-03-21 11:54:56,11,14,4763,9870
2023-03-21 11:54:56,11,13,4763,9870
2023-03-21 11:54:58,11,12,4763,9870
2023-03-21 11:55:06,11,13,4763,9870
2023-03-21 11:55:18,11,12,4763,9870
2023-03-21 11:55:26,11,13,4763,9870
2023-03-21 11:55:26,11,12,4763,9870
2023-03-21 11:55:29,10,12,4763,9870
2023-03-21 11:55:41,10,11,4763,9870
2023-03-21 11:55:44,10,12,4763,9870
2023-03-21 11:55:52,10,11,4763,9870
2023-03-21 11:56:07,10,12,4763,9870
2023-03-21 11:56:07,10,13,4763,9870
2023-03-21 11:56:08,10,12,4763,9870
2023-03-21 11:56:15,10,13,4763,9870
2023-03-21 11:56:17,12,13,4763,9870
2023-03-21 11:56:19,10,13,4763,9870
2023-03-21 11:56:19,10,12,4763,9870
2023-03-21 11:56:22,10,13,4763,9870
2023-03-21 11:56:25,10,12,4763,9870
2023-03-21 11:56:37,10,13,4763,9870
2023-03-21 11:56:37,10,12,4763,9870
2023-03-21 11:56:43,11,12,4763,9870
2023-03-21 11:56:54,11,13,4763,9870
2023-03-21 11:56:54,11,12,4763,9870
2023-03-21 11:56:55,11,12,4763,9920
2023-03-21 11:57:16,11,13,4763,9920
2023-03-21 11:57:33,11,12,4763,9920
2023-03-21 11:58:01,10,13,4763,9920
2023-03-21 11:58:09,11,13,4763,9920
2023-03-21 11:58:11,10,13,4763,9920
2023-03-21 11:58:11,11,13,4763,9920
2023-03-21 11:58:27,10,13,4763,9920
2023-03-21 11:58:27,11,13,4763,9920
2023-03-21 11:58:30,10,13,4763,9920
2023-03-21 11:58:30,11,13,4763,9920
2023-03-21 11:58:43,11,14,4763,9920
2023-03-21 11:58:44,10,14,4763,9920
2023-03-21 11:58:49,11,14,4763,9920
2023-03-21 11:59:06,11,13,4763,9920
2023-03-21 11:59:13,10,13,4763,9920
2023-03-21 11:59:29,11,13,4763,9920
2023-03-21 11:59:44,10,13,4763,9920
2023-03-21 12:00:01,12,13,4763,9920
2023-03-21 12:00:01,12,14,4763,9920
2023-03-21 12:00:07,12,15,4763,9920
2023-03-21 12:00:11,12,14,4763,9920
2023-03-21 12:00:13,12,15,4763,9920
2023-03-21 12:00:24,12,14,4763,9920
2023-03-21 12:00:26,12,13,4763,9920
2023-03-21 12:00:28,12,15,4763,9920
2023-03-21 12:00:28,12,14,4763,9920
2023-03-21 12:00:28,12,13,4763,9920
2023-03-21 12:00:32,12,14,4763,9920
2023-03-21 12:00:33,12,13,4763,9920
2023-03-21 12:00:48,12,14,4763,9920
2023-03-21 12:00:48,12,13,4763,9920
2023-03-21 12:00:59,12,14,4763,9920
2023-03-21 12:00:59,12,13,4763,9920
2023-03-21 12:01:00,10,12,4763,10048
2023-03-21 12:01:06,10,13,4763,10048
2023-03-21 12:01:11,9,13,4763,10048
2023-03-21 12:01:11,9,16,4763,10048
2023-03-21 12:01:11,11,16,4763,10048
2023-03-21 12:01:11,11,15,4763,10048
2023-03-21 12:01:15,9,15,4763,10048
2023-03-21 12:01:15,9,16,4763,10048
2023-03-21 12:01:16,10,16,4763,10048
2023-03-21 12:01:16,11,16,4763,10048
2023-03-21 12:01:16,11,15,4763,10048
2023-03-21 12:01:18,10,15,4763,10048
2023-03-21 12:01:18,10,16,4763,10048
2023-03-21 12:01:18,11,16,4763,10048
2023-03-21 12:01:18,11,14,4763,10048
2023-03-21 12:01:27,10,14,4763,10048
2023-03-21 12:01:27,10,15,4763,10048
2023-03-21 12:01:27,10,16,4763,10048
2023-03-21 12:01:27,11,16,4763,10048
2023-03-21 12:01:27,11,15,4763,10048
2023-03-21 12:01:29,11,14,4763,10048
2023-03-21 12:01:34,13,14,4763,10048
2023-03-21 12:01:34,13,14,4763,10176
2023-03-21 12:01:34,13,14,4763,10203
2023-03-21 12:01:36,13,15,4763,10203
2023-03-21 12:01:36,13,16,4763,10203
2023-03-21 12:01:36,13,15,4763,10203
2023-03-21 12:01:49,11,15,4763,10203
2023-03-21 12:01:50,11,16,4763,10203
2023-03-21 12:01:50,11,14,4763,10203
2023-03-21 12:01:53,13,14,4763,10203
2023-03-21 12:01:55,11,14,4763,10203
2023-03-21 12:01:55,11,15,4763,10203
2023-03-21 12:02:03,11,15,4763,10220
2023-03-21 12:02:06,11,13,4763,10220
2023-03-21 12:02:25,11,14,4763,10220
2023-03-21 12:02:25,11,15,4763,10220
2023-03-21 12:02:25,11,13,4763,10220
2023-03-21 12:02:40,11,14,4763,10220
2023-03-21 12:02:40,11,13,4763,10220
2023-03-21 12:02:51,11,14,4763,10220
2023-03-21 12:02:51,11,13,4763,10220
2023-03-21 12:03:06,11,14,4763,10220
2023-03-21 12:03:06,11,13,4763,10220
2023-03-21 12:03:08,11,12,4763,10220
2023-03-21 12:03:12,11,14,4763,10220
2023-03-21 12:03:12,11,13,4763,10220
2023-03-21 12:03:12,11,12,4763,10220
2023-03-21 12:03:13,10,12,4763,10220
2023-03-21 12:03:14,10,11,4763,10220
2023-03-21 12:03:21,10,12,4763,10220
2023-03-21 12:03:21,10,11,4763,10220
2023-03-21 12:03:27,10,12,4763,10220
2023-03-21 12:03:27,10,13,4763,10220
2023-03-21 12:03:27,10,12,4763,10220
2023-03-21 12:03:44,10,13,4763,10220
2023-03-21 12:03:44,10,11,4763,10220
2023-03-21 12:03:58,10,12,4763,10220
2023-03-21 12:03:58,10,11,4763,10220
2023-03-21 12:04:14,10,13,4763,10220
2023-03-21 12:04:14,10,12,4763,10220
2023-03-21 12:04:15,10,13,4763,10220
2023-03-21 12:04:15,10,12,4763,10220
2023-03-21 12:04:30,10,13,4763,10220
2023-03-21 12:04:31,10,12,4763,10220
2023-03-21 12:04:32,10,13,4763,10220
2023-03-21 12:04:32,10,12,4763,10220
2023-03-21 12:04:48,10,13,4763,10220
2023-03-21 12:04:55,11,13,4763,10220
2023-03-21 12:05:04,11,14,4763,10220
2023-03-21 12:05:05,11,13,4763,10220
2023-03-21 12:05:13,10,13,4763,10220
2023-03-21 12:05:15,10,14,4763,10220
2023-03-21 12:05:15,10,13,4763,10220
2023-03-21 12:05:33,10,12,4763,10220
2023-03-21 12:05:52,10,11,4763,10220
2023-03-21 12:06:03,10,12,4763,10220
2023-03-21 12:06:03,10,11,4763,10220
2023-03-21 12:06:15,9,11,4763,10220
2023-03-21 12:06:16,9,11,4763,10221
2023-03-21 12:06:24,9,12,4763,10221
2023-03-21 12:06:24,9,10,4763,10221
2023-03-21 12:06:39,9,10,4763,10321
2023-03-21 12:06:39,6,10,4763,10321
2023-03-21 12:06:46,5,10,4763,10321
2023-03-21 12:06:46,5,11,4763,10321
2023-03-21 12:06:47,6,11,4763,10321
2023-03-21 12:06:47,7,11,4763,10321
2023-03-21 12:06:47,7,10,4763,10321
2023-03-21 12:06:49,8,10,4763,10321
2023-03-21 12:07:01,8,11,4763,10321
2023-03-21 12:07:01,8,10,4763,10321
2023-03-21 12:07:19,8,11,4763,10321
2023-03-21 12:07:19,8,10,4763,10321
2023-03-21 12:07:27,8,11,4763,10321
2023-03-21 12:07:37,8,10,4763,10321
2023-03-21 12:07:46,8,11,4763,10321
2023-03-21 12:07:59,8,10,4763,10321
2023-03-21 12:08:14,8,11,4763,10321
2023-03-21 12:08:14,8,10,4763,10321
2023-03-21 12:08:14,8,9,4763,10321
2023-03-21 12:08:29,8,10,4763,10321
2023-03-21 12:08:39,8,11,4763,10321
2023-03-21 12:08:39,8,10,4763,10321
2023-03-21 12:08:52,7,10,4763,10321
2023-03-21 12:08:57,7,9,4763,10321
2023-03-21 12:09:12,7,10,4763,10321
2023-03-21 12:09:12,7,9,4763,10321
2023-03-21 12:09:25,7,10,4763,10321
2023-03-21 12:09:28,7,9,4763,10321
2023-03-21 12:09:37,7,10,4763,10321
2023-03-21 12:09:38,7,9,4763,10321
2023-03-21 12:10:03,7,10,4763,10321
2023-03-21 12:10:21,7,9,4763,10321
2023-03-21 12:10:21,7,8,4763,10321
2023-03-21 12:10:39,7,9,4763,10321
2023-03-21 12:10:51,7,8,4763,10321
2023-03-21 12:10:56,7,9,4763,10321
2023-03-21 12:10:57,7,8,4763,10321
2023-03-21 12:10:59,7,8,4763,10345
2023-03-21 12:11:05,7,8,4763,10371
2023-03-21 12:11:05,7,8,4763,10396
2023-03-21 12:11:09,7,10,4763,10396
2023-03-21 12:11:10,7,9,4763,10396
2023-03-21 12:11:10,7,8,4763,10396
2023-03-21 12:11:13,5,8,4763,10396
2023-03-21 12:11:16,4,8,4763,10396
2023-03-21 12:11:16,4,10,4763,10396
2023-03-21 12:11:16,5,10,4763,10396
2023-03-21 12:11:16,5,9,4763,10396
2023-03-21 12:11:16,5,8,4763,10396
2023-03-21 12:11:24,4,8,4763,10396
2023-03-21 12:11:24,4,9,4763,10396
2023-03-21 12:11:24,4,8,4763,10396
2023-03-21 12:11:24,4,7,4763,10396
2023-03-21 12:11:27,4,8,4763,10396
2023-03-21 12:11:27,4,9,4763,10396
2023-03-21 12:11:27,5,9,4763,10396
2023-03-21 12:11:27,5,8,4763,10396
2023-03-21 12:11:33,4,8,4763,10396
2023-03-21 12:11:33,4,9,4763,10396
2023-03-21 12:11:33,5,9,4763,10396
2023-03-21 12:11:33,5,8,4763,10396
2023-03-21 12:11:40,5,7,4763,10396
2023-03-21 12:11:43,5,8,4763,10396
2023-03-21 12:11:44,5,7,4763,10396
2023-03-21 12:11:44,5,6,4763,10396
2023-03-21 12:11:47,5,7,4763,10396
2023-03-21 12:11:49,5,6,4763,10396
2023-03-21 12:11:58,5,7,4763,10396
2023-03-21 12:11:58,5,6,4763,10396
2023-03-21 12:12:10,5,7,4763,10396
2023-03-21 12:12:10,5,8,4763,10396
2023-03-21 12:12:12,5,7,4763,10396
2023-03-21 12:12:14,5,8,4763,10396
2023-03-21 12:12:14,5,7,4763,10396
2023-03-21 12:12:14,5,6,4763,10396
2023-03-21 12:12:16,5,7,4763,10396
2023-03-21 12:12:16,5,6,4763,10396
2023-03-21 12:12:16,5,6,4763,10397
2023-03-21 12:12:31,5,8,4763,10397
2023-03-21 12:12:38,5,7,4763,10397
2023-03-21 12:12:41,4,5,4860,10524
2023-03-21 12:12:44,5,7,4860,10597
2023-03-21 12:12:44,5,8,4860,10597
2023-03-21 12:12:45,5,7,4860,10597
2023-03-21 12:12:46,5,6,4860,10597
2023-03-21 12:12:48,5,7,4860,10597
2023-03-21 12:12:56,4,7,4860,10597
2023-03-21 12:13:05,4,6,4860,10597
2023-03-21 12:14:24,4,7,4860,10597
2023-03-21 12:14:25,4,6,4860,10597
2023-03-21 12:14:28,4,7,4860,10597
2023-03-21 12:14:28,4,8,4860,10597
2023-03-21 12:14:31,4,7,4860,10597
2023-03-21 12:14:34,4,8,4860,10597
2023-03-21 12:14:34,4,7,4860,10597
2023-03-21 12:14:45,4,8,4860,10597
2023-03-21 12:14:45,4,6,4860,10597
2023-03-21 12:14:47,4,7,4860,10597
2023-03-21 12:14:47,4,6,4860,10597
2023-03-21 12:15:07,4,7,4860,10597
2023-03-21 12:15:07,4,6,4860,10597
2023-03-21 12:15:18,4,7,4860,10597
2023-03-21 12:15:18,4,8,4860,10597
2023-03-21 12:15:18,4,7,4860,10597
2023-03-21 12:15:21,4,8,4860,10597
2023-03-21 12:15:21,4,7,4860,10597
2023-03-21 12:15:21,4,6,4860,10597
2023-03-21 12:15:23,4,7,4860,10597
2023-03-21 12:15:23,4,6,4860,10597
2023-03-21 12:15:25,4,7,4860,10597
2023-03-21 12:15:25,4,6,4860,10597
2023-03-21 12:15:39,4,7,4860,10597
2023-03-21 12:15:39,4,6,4860,10597
2023-03-21 12:15:54,4,7,4860,10597
2023-03-21 12:15:54,4,6,4860,10597
2023-03-21 12:16:01,4,7,4860,10597
2023-03-21 12:16:03,4,6,4860,10597
2023-03-21 12:16:06,4,7,4860,10597
2023-03-21 12:16:07,4,6,4860,10597
2023-03-21 12:16:25,4,7,4860,10597
2023-03-21 12:16:25,4,6,4860,10597
2023-03-21 12:17:46,4,5,4860,10597
2023-03-21 12:18:04,4,5,4905,10642
2023-03-21 12:18:06,4,6,4905,10642
2023-03-21 12:18:24,4,7,4905,10642
2023-03-21 12:18:27,4,7,5055,10792
2023-03-21 12:18:40,4,8,5055,10792
2023-03-21 12:18:41,5,8,5055,10792
2023-03-21 12:19:32,4,8,5055,10792
2023-03-21 12:19:32,4,6,5055,10792
2023-03-21 12:21:06,3,6,5055,10792
2023-03-21 12:23:04,3,5,5055,10792
2023-03-21 12:23:05,3,6,5055,10792
2023-03-21 12:23:23,3,5,5055,10792
2023-03-21 12:23:36,3,6,5055,10792
2023-03-21 12:24:04,3,5,5055,10792
2023-03-21 12:24:52,3,6,5055,10792
2023-03-21 12:25:44,4,6,5055,10792
2023-03-21 12:25:48,3,6,5055,10792
2023-03-21 12:26:46,3,5,5055,10792
2023-03-21 12:31:38,2,5,5055,10792
2023-03-21 12:32:08,2,4,5055,10792
2023-03-21 12:41:27,2,5,5055,10792
2023-03-21 12:42:00,2,4,5055,10792
2023-03-21 12:44:27,3,4,5055,10792
2023-03-21 12:44:45,2,4,5055,10792
2023-03-21 12:45:24,2,5,5055,10792
2023-03-21 12:46:14,3,5,5055,10792
2023-03-21 12:46:29,2,5,5055,10792
2023-03-21 12:46:29,3,5,5055,10792
2023-03-21 12:46:38,2,5,5055,10792
2023-03-21 12:46:38,3,5,5055,10792
2023-03-21 12:46:51,2,5,5055,10792
2023-03-21 12:46:51,3,5,5055,10792
2023-03-21 12:46:53,2,5,5055,10792
2023-03-21 12:47:08,3,5,5055,10792
2023-03-21 12:47:25,2,5,5055,10792
2023-03-21 12:47:30,2,3,5055,10792
2023-03-21 12:47:32,3,5,5055,10805
2023-03-21 12:47:49,2,5,5055,10805
2023-03-21 12:48:17,2,5,5056,10806
2023-03-21 12:50:15,2,4,5056,10806
2023-03-21 12:52:39,2,3,5056,10806
2023-03-21 12:54:56,2,4,5056,10806
2023-03-21 12:57:49,2,3,5056,10806
2023-03-21 13:06:03,2,5,4800,11062
2023-03-21 13:09:05,3,5,4800,11062
2023-03-21 13:09:34,2,5,4800,11062
2023-03-21 13:10:24,2,4,4800,11062
2023-03-21 13:13:03,2,4,4807,11069
2023-03-21 13:13:03,2,3,4807,11069
2023-03-21 13:13:03,2,4,4807,11069
2023-03-21 13:14:04,2,4,4826,11088
2023-03-21 13:19:48,2,4,4870,11132
2023-03-21 13:19:50,1,4,4899,11161
2023-03-21 13:22:00,2,4,4899,11161
2023-03-21 13:28:58,1,4,4899,11161
2023-03-21 13:28:58,1,3,4899,11161
2023-03-21 13:31:36,1,4,4899,11161
2023-03-21 13:34:11,1,3,4899,11161
2023-03-21 13:34:36,1,4,4899,11161
2023-03-21 13:35:00,1,3,4899,11161
2023-03-21 13:35:43,1,4,4899,11161
2023-03-21 13:36:05,1,3,4899,11161
2023-03-21 13:36:08,1,3,4899,11199
2023-03-21 13:36:09,1,3,4899,11234
2023-03-21 13:36:09,1,3,4899,11234
2023-03-21 13:37:57,1,3,4899,11284
2023-03-21 13:37:57,1,2,4899,11284
2023-03-21 13:37:57,1,3,4899,11284
2023-03-21 13:38:11,1,3,4899,11298
2023-03-21 13:38:11,1,3,4899,11312
2023-03-21 13:40:19,1,3,4913,11337
2023-03-21 13:59:56,1,4,4913,11337
2023-03-21 13:59:56,2,4,4913,11337
2023-03-21 14:04:03,2,4,4950,11388
2023-03-21 14:04:03,2,4,5001,11439
2023-03-21 14:04:03,2,3,5001,11439
2023-03-21 14:04:03,2,4,5001,11439
2023-03-21 14:04:08,1,4,5001,11439
2023-03-21 14:04:43,1,3,5001,11439
2023-03-21 14:12:09,1,3,5001,11487
2023-03-21 14:12:10,1,3,5001,11535
2023-03-21 14:12:10,1,2,5001,11535
2023-03-21 14:12:10,1,3,5001,11535
2023-03-21 14:13:23,1,3,5001,11558
2023-03-21 14:13:49,1,3,5001,11628
2023-03-21 14:13:57,0,3,5001,11675
2023-03-21 14:13:57,0,1,5001,11675
2023-03-21 15:49:19,0,1,5001,11677
