datetime,bid,ask,open_interest,volume
2023-05-15 09:30:07,36,45,924,1778
2023-05-15 09:30:19,45,46,929,1783
2023-05-15 09:30:19,36,46,929,1783
2023-05-15 09:30:30,36,45,929,1783
2023-05-15 09:30:31,36,46,929,1783
2023-05-15 09:30:31,36,45,929,1783
2023-05-15 09:30:32,36,46,929,1783
2023-05-15 09:30:50,46,47,937,1791
2023-05-15 09:30:50,36,47,937,1791
2023-05-15 09:31:03,36,40,937,1791
2023-05-15 09:31:03,37,40,937,1791
2023-05-15 09:31:04,37,40,1137,1991
2023-05-15 09:31:05,37,40,1337,2191
2023-05-15 09:31:06,38,40,1337,2191
2023-05-15 09:31:06,38,40,1537,2391
2023-05-15 09:31:06,38,40,1552,2491
2023-05-15 09:31:07,38,40,1752,2691
2023-05-15 09:31:07,38,40,1852,2791
2023-05-15 09:31:08,40,41,1952,2891
2023-05-15 09:31:08,38,41,1952,2891
2023-05-15 09:31:09,40,41,1952,2891
2023-05-15 09:31:09,40,41,2152,3091
2023-05-15 09:31:10,40,41,2352,3291
2023-05-15 09:31:11,40,41,2552,3491
2023-05-15 09:31:12,40,47,2752,3691
2023-05-15 09:31:12,40,46,2752,3691
2023-05-15 09:31:14,39,46,2752,3691
2023-05-15 09:34:10,42,46,2752,3691
2023-05-15 09:34:48,42,45,2752,3691
2023-05-15 09:34:49,42,46,2752,3691
2023-05-15 09:34:49,42,45,2752,3691
2023-05-15 09:34:49,45,46,2839,3778
2023-05-15 09:34:49,42,46,2839,3778
2023-05-15 09:34:49,42,45,2839,3778
2023-05-15 09:34:50,45,46,2901,3840
2023-05-15 09:34:50,42,46,2901,3840
2023-05-15 09:34:59,45,46,2901,3840
2023-05-15 09:35:43,42,45,2901,3840
2023-05-15 09:35:52,42,45,2901,3940
2023-05-15 09:35:53,42,45,2901,4040
2023-05-15 09:35:55,42,45,2946,4140
2023-05-15 09:35:56,42,45,3046,4240
2023-05-15 09:35:58,42,45,3146,4340
2023-05-15 09:35:59,42,45,3246,4440
2023-05-15 09:36:00,42,45,3346,4540
2023-05-15 09:36:01,42,45,3446,4640
2023-05-15 09:36:03,45,46,3530,4724
2023-05-15 09:36:03,42,46,3546,4740
2023-05-15 09:36:04,42,46,3646,4840
2023-05-15 09:36:10,42,44,3646,4840
2023-05-15 09:36:12,42,44,3671,4865
2023-05-15 09:36:13,42,44,3771,4965
2023-05-15 09:36:14,42,46,3871,5065
2023-05-15 09:36:15,44,46,3871,5065
2023-05-15 09:36:56,42,46,3871,5065
2023-05-15 09:36:57,43,46,3871,5065
2023-05-15 09:37:10,42,46,3871,5065
2023-05-15 09:37:10,44,46,3871,5065
2023-05-15 09:37:10,44,46,3871,5078
2023-05-15 09:37:54,42,46,3871,5078
2023-05-15 09:39:00,39,46,3871,5078
2023-05-15 09:48:09,43,46,3871,5078
2023-05-15 09:48:52,44,46,3871,5078
2023-05-15 09:49:02,45,46,3871,5078
2023-05-15 09:49:05,44,46,3871,5078
2023-05-15 09:49:06,45,46,3871,5078
2023-05-15 09:49:18,46,47,3871,5083
2023-05-15 09:49:43,47,53,3871,5096
2023-05-15 09:49:45,46,53,3671,5296
2023-05-15 09:49:45,46,49,3671,5296
2023-05-15 09:49:49,47,49,3671,5296
2023-05-15 09:49:56,47,49,3671,5696
2023-05-15 09:49:58,46,49,3471,5896
2023-05-15 09:50:04,47,49,3471,5896
2023-05-15 09:50:05,47,48,3471,5896
2023-05-15 09:50:26,47,48,3471,6096
2023-05-15 09:50:46,48,49,3471,6103
2023-05-15 09:50:47,47,48,3278,6296
2023-05-15 09:50:47,47,49,3278,6296
2023-05-15 09:50:53,47,49,3278,6396
2023-05-15 09:51:11,47,49,3418,6536
2023-05-15 09:51:25,47,49,3218,6736
2023-05-15 09:51:26,47,49,3018,6936
2023-05-15 09:51:27,47,48,3018,6936
2023-05-15 09:51:44,47,49,3018,6936
2023-05-15 09:51:45,47,48,3018,6936
2023-05-15 09:52:04,47,49,3018,6936
2023-05-15 09:52:05,47,48,3018,6936
2023-05-15 09:52:05,46,48,3018,7136
2023-05-15 09:52:07,46,49,3018,7136
2023-05-15 09:53:05,46,48,3018,7136
2023-05-15 09:53:10,46,49,3018,7136
2023-05-15 09:53:30,47,49,3018,7136
2023-05-15 09:53:57,46,49,3018,7136
2023-05-15 09:54:01,47,49,3018,7136
2023-05-15 09:54:19,46,49,3018,7136
2023-05-15 09:54:19,47,49,3018,7136
2023-05-15 09:54:51,46,49,3018,7136
2023-05-15 09:54:51,48,49,3018,7136
2023-05-15 09:55:24,46,49,3018,7136
2023-05-15 09:55:24,47,49,3018,7136
2023-05-15 09:55:24,47,49,3018,7336
2023-05-15 09:55:25,48,49,3018,7336
2023-05-15 09:55:59,48,49,3013,7341
2023-05-15 09:56:52,47,49,3013,7341
2023-05-15 09:58:15,47,49,2913,7441
2023-05-15 09:58:17,47,49,2813,7541
2023-05-15 09:58:18,47,49,2713,7641
2023-05-15 09:58:19,47,49,2613,7741
2023-05-15 09:58:20,46,47,2608,7746
2023-05-15 09:58:24,46,49,2608,7746
2023-05-15 09:59:11,47,49,2608,7746
2023-05-15 09:59:32,46,49,2608,7746
2023-05-15 09:59:48,46,48,2608,7746
2023-05-15 10:00:34,47,48,2608,7746
2023-05-15 10:01:20,46,48,2608,7746
2023-05-15 10:01:20,47,48,2608,7746
2023-05-15 10:01:51,46,48,2608,7746
2023-05-15 10:01:52,47,48,2608,7746
2023-05-15 10:02:20,48,49,2608,7752
2023-05-15 10:03:53,47,49,2608,7752
2023-05-15 10:03:56,48,49,2608,7752
2023-05-15 10:04:55,49,50,2613,7757
2023-05-15 10:04:55,48,50,2613,7757
2023-05-15 10:04:58,49,50,2613,7757
2023-05-15 10:05:20,49,50,2613,7842
2023-05-15 10:05:20,49,50,2613,7857
2023-05-15 10:05:21,49,50,2613,7942
2023-05-15 10:05:22,49,50,2613,7957
2023-05-15 10:05:41,49,50,2613,8012
2023-05-15 10:05:43,48,50,2613,8012
2023-05-15 10:06:21,48,49,2613,8012
2023-05-15 10:06:26,47,48,2608,8017
2023-05-15 10:06:35,47,48,2508,8117
2023-05-15 10:06:36,46,48,2508,8117
2023-05-15 10:06:36,46,47,2508,8117
2023-05-15 10:07:04,45,46,2498,8127
2023-05-15 10:07:07,46,47,2503,8222
2023-05-15 10:07:07,45,47,2503,8222
2023-05-15 10:07:08,46,47,2503,8222
2023-05-15 10:07:40,45,47,2503,8222
2023-05-15 10:07:57,45,47,2503,8222
2023-05-15 10:08:01,45,46,2503,8222
2023-05-15 10:08:02,44,46,2503,8222
2023-05-15 10:08:32,44,45,2503,8222
2023-05-15 10:08:37,43,44,2498,8227
2023-05-15 10:08:40,43,45,2498,8227
2023-05-15 10:08:40,43,44,2498,8227
2023-05-15 10:08:41,44,45,2581,8310
2023-05-15 10:08:41,43,45,2581,8310
2023-05-15 10:08:41,43,44,2581,8310
2023-05-15 10:08:41,43,45,2581,8310
2023-05-15 10:08:41,43,44,2581,8310
2023-05-15 10:08:43,43,45,2581,8310
2023-05-15 10:08:44,42,45,2581,9120
2023-05-15 10:08:44,42,44,2581,9120
2023-05-15 10:09:18,41,44,2581,9120
2023-05-15 10:09:24,41,43,2581,9120
2023-05-15 10:09:56,42,43,2581,9120
2023-05-15 10:10:08,43,44,2586,9125
2023-05-15 10:10:08,42,44,2586,9125
2023-05-15 10:12:40,42,43,2586,9125
2023-05-15 10:12:50,41,42,2581,9130
2023-05-15 10:13:36,42,44,2668,9217
2023-05-15 10:13:36,41,44,2668,9217
2023-05-15 10:13:37,41,43,2668,9217
2023-05-15 10:13:37,41,44,2668,9217
2023-05-15 10:13:52,42,44,2668,9217
2023-05-15 10:14:36,41,44,2668,9217
2023-05-15 10:15:12,41,43,2668,9217
2023-05-15 10:15:12,43,44,2669,9218
2023-05-15 10:15:12,41,44,2669,9218
2023-05-15 10:15:21,41,43,2669,9218
2023-05-15 10:15:24,41,44,2669,9218
2023-05-15 10:15:25,41,43,2669,9218
2023-05-15 10:15:46,42,43,2669,9218
2023-05-15 10:16:18,41,43,2669,9218
2023-05-15 10:16:18,42,43,2669,9218
2023-05-15 10:16:49,41,43,2669,9218
2023-05-15 10:18:23,42,43,2669,9218
2023-05-15 10:18:24,42,43,2669,9294
2023-05-15 10:18:36,43,44,2675,9300
2023-05-15 10:18:37,42,44,2675,9300
2023-05-15 10:18:48,43,44,2675,9300
2023-05-15 10:19:17,42,44,2675,9300
2023-05-15 10:19:20,43,44,2675,9300
2023-05-15 10:19:49,44,45,2675,9305
2023-05-15 10:20:20,43,45,2675,9305
2023-05-15 10:20:20,44,45,2675,9305
2023-05-15 10:20:37,44,45,2670,9405
2023-05-15 10:20:38,44,45,2670,9505
2023-05-15 10:20:40,44,45,2670,9605
2023-05-15 10:20:41,44,45,2670,9705
2023-05-15 10:20:42,44,45,2670,9805
2023-05-15 10:20:43,44,45,2670,9905
2023-05-15 10:20:44,42,45,2670,9905
2023-05-15 10:20:44,42,44,2670,9905
2023-05-15 10:20:44,43,44,2670,9905
2023-05-15 10:20:44,43,45,2670,9905
2023-05-15 10:20:44,43,44,2670,9905
2023-05-15 10:20:46,43,44,2670,10005
2023-05-15 10:20:47,42,44,2750,10105
2023-05-15 10:20:49,42,45,2750,10105
2023-05-15 10:20:56,42,44,2750,10105
2023-05-15 10:21:28,42,44,2755,10305
2023-05-15 10:21:29,42,43,2755,10305
2023-05-15 10:21:31,42,45,2755,10305
2023-05-15 10:21:38,43,45,2755,10305
2023-05-15 10:21:49,44,45,2755,10305
2023-05-15 10:21:59,45,46,2755,10310
2023-05-15 10:22:01,46,47,2760,10315
2023-05-15 10:22:30,44,47,2760,10315
2023-05-15 10:22:33,45,47,2760,10315
2023-05-15 10:22:47,46,47,2760,10315
2023-05-15 10:23:15,45,47,2760,10315
2023-05-15 10:23:19,46,47,2760,10315
2023-05-15 10:23:30,46,48,2960,10515
2023-05-15 10:23:30,47,48,2960,10515
2023-05-15 10:24:41,48,49,2965,10520
2023-05-15 10:27:21,48,49,3046,10601
2023-05-15 10:27:22,47,48,3046,10620
2023-05-15 10:27:22,47,49,3046,10620
2023-05-15 10:27:54,48,49,3046,10620
2023-05-15 10:28:24,47,49,3046,10620
2023-05-15 10:28:26,48,49,3046,10620
2023-05-15 10:28:58,49,50,3051,10625
2023-05-15 10:29:26,48,50,3051,10625
2023-05-15 10:29:29,47,50,3051,10625
2023-05-15 10:29:30,48,50,3051,10625
2023-05-15 10:29:44,48,50,3151,10725
2023-05-15 10:29:50,48,49,3151,10725
2023-05-15 10:30:03,47,49,3151,10730
2023-05-15 10:30:07,47,48,3151,10730
2023-05-15 10:30:08,47,49,3151,10730
2023-05-15 10:30:08,47,48,3151,10730
2023-05-15 10:30:31,48,49,3156,10735
2023-05-15 10:30:31,47,49,3156,10735
2023-05-15 10:30:32,48,49,3156,10735
2023-05-15 10:30:45,48,50,3166,10745
2023-05-15 10:30:59,49,50,3166,10745
2023-05-15 10:30:59,49,50,3171,10750
2023-05-15 10:31:26,48,50,3171,10750
2023-05-15 10:31:48,48,49,3171,10750
2023-05-15 10:32:08,48,50,3171,10750
2023-05-15 10:32:19,47,49,3171,10750
2023-05-15 10:32:20,47,50,3171,10750
2023-05-15 10:32:35,47,49,3171,10750
2023-05-15 10:32:45,47,50,3171,10750
2023-05-15 10:33:04,47,49,3171,10750
2023-05-15 10:33:10,48,49,3171,10750
2023-05-15 10:33:13,48,50,3171,10750
2023-05-15 10:33:13,49,50,3171,10750
2023-05-15 10:33:18,50,51,3176,10755
2023-05-15 10:33:36,51,52,3181,10760
2023-05-15 10:33:36,51,52,3188,10767
2023-05-15 10:33:47,52,53,3197,10776
2023-05-15 10:33:47,52,53,3217,10796
2023-05-15 10:34:14,51,53,3217,10796
2023-05-15 10:34:15,51,52,3217,10796
2023-05-15 10:34:41,51,53,3217,10796
2023-05-15 10:34:45,52,53,3217,10796
2023-05-15 10:34:53,53,54,3227,10806
2023-05-15 10:34:53,53,54,3237,10816
2023-05-15 10:34:53,53,54,3247,10826
2023-05-15 10:34:53,53,54,3267,10846
2023-05-15 10:35:14,54,55,3270,10849
2023-05-15 10:35:14,53,55,3270,10849
2023-05-15 10:35:15,54,55,3270,10849
2023-05-15 10:35:32,53,55,3270,10849
2023-05-15 10:35:33,53,55,3470,11049
2023-05-15 10:35:33,54,55,3470,11049
2023-05-15 10:35:33,54,56,3470,11049
2023-05-15 10:36:04,55,56,3470,11049
2023-05-15 10:36:32,55,57,3470,11049
2023-05-15 10:36:32,55,56,3470,11049
2023-05-15 10:37:01,55,57,3470,11049
2023-05-15 10:37:01,56,57,3470,11049
2023-05-15 10:38:05,57,58,3470,11054
2023-05-15 10:38:05,57,58,3470,11059
2023-05-15 10:41:12,57,58,3470,11089
2023-05-15 10:42:59,58,59,3470,11094
2023-05-15 10:43:31,58,59,3470,11097
2023-05-15 10:43:38,58,59,3470,11116
2023-05-15 10:43:38,58,59,3470,11120
2023-05-15 10:43:38,58,59,3470,11135
2023-05-15 10:44:32,58,60,3527,11192
2023-05-15 10:44:32,58,59,3527,11192
2023-05-15 10:44:33,58,59,3527,11212
2023-05-15 10:44:34,58,60,3527,11212
2023-05-15 10:44:36,58,60,3527,11212
2023-05-15 10:44:42,58,59,3527,11212
2023-05-15 10:44:42,58,60,3527,11212
2023-05-15 10:44:42,58,59,3527,11212
2023-05-15 10:45:00,58,60,3527,11212
2023-05-15 10:45:01,58,59,3527,11212
2023-05-15 10:45:02,58,59,3527,11219
2023-05-15 10:45:24,58,59,3527,11248
2023-05-15 10:45:24,58,60,3527,11248
2023-05-15 10:45:24,58,59,3527,11248
2023-05-15 10:45:51,58,60,3527,11248
2023-05-15 10:45:56,58,59,3527,11248
2023-05-15 10:46:23,58,60,3527,11248
2023-05-15 10:46:24,58,60,3527,11255
2023-05-15 10:46:43,58,59,3527,11255
2023-05-15 10:47:12,59,60,3527,11260
2023-05-15 10:47:14,59,60,3527,11270
2023-05-15 10:47:14,59,60,3527,11280
2023-05-15 10:47:14,59,60,3527,11290
2023-05-15 10:48:10,59,60,3527,11297
2023-05-15 10:49:11,59,60,3527,11299
2023-05-15 10:51:25,59,61,3582,11354
2023-05-15 10:51:25,59,60,3582,11354
2023-05-15 10:51:26,60,61,3582,11364
2023-05-15 10:51:26,59,61,3582,11364
2023-05-15 10:51:26,60,61,3582,11364
2023-05-15 10:53:12,60,61,3582,11369
2023-05-15 10:53:12,60,61,3582,11374
2023-05-15 10:53:12,60,61,3582,11379
2023-05-15 10:53:12,60,61,3582,11384
2023-05-15 10:53:12,60,61,3582,11389
2023-05-15 10:53:24,61,62,3582,11399
2023-05-15 10:53:25,61,62,3583,11400
2023-05-15 10:53:31,60,61,3583,11601
2023-05-15 10:53:43,60,61,3582,11602
2023-05-15 10:54:08,60,62,3582,11602
2023-05-15 10:55:15,60,61,3582,11602
2023-05-15 10:55:41,60,62,3582,11602
2023-05-15 10:55:47,60,61,3582,11602
2023-05-15 10:55:55,61,62,3582,11605
2023-05-15 10:56:08,61,62,3582,11728
2023-05-15 10:56:08,60,62,3615,11805
2023-05-15 10:56:08,60,61,3615,11805
2023-05-15 10:57:56,60,61,3610,12005
2023-05-15 10:57:58,59,61,3610,12005
2023-05-15 10:58:20,59,61,3611,12006
2023-05-15 10:58:24,59,61,3619,12014
2023-05-15 10:59:11,59,60,3619,12014
2023-05-15 10:59:13,58,60,3661,12066
2023-05-15 10:59:24,58,59,3661,12066
2023-05-15 10:59:33,58,60,3661,12066
2023-05-15 11:00:06,58,59,3661,12066
2023-05-15 11:00:21,58,60,3661,12066
2023-05-15 11:00:32,59,60,3661,12066
2023-05-15 11:00:40,59,60,3918,12323
2023-05-15 11:00:52,58,60,3918,12323
2023-05-15 11:00:52,60,61,3923,12328
2023-05-15 11:00:57,60,61,4486,12891
2023-05-15 11:01:12,59,60,4918,13323
2023-05-15 11:01:13,60,61,5010,13415
2023-05-15 11:01:20,61,62,5084,13489
2023-05-15 11:01:29,60,61,5410,13815
2023-05-15 11:01:44,60,62,5410,13815
2023-05-15 11:01:46,59,60,6010,14420
2023-05-15 11:01:47,60,62,6088,14498
2023-05-15 11:01:47,59,62,6088,14498
2023-05-15 11:01:52,60,62,6088,14498
2023-05-15 11:01:54,60,62,6088,14593
2023-05-15 11:02:04,60,62,6707,15212
2023-05-15 11:02:21,60,62,7143,15648
2023-05-15 11:02:38,59,62,7143,15735
2023-05-15 11:03:02,60,62,7143,15735
2023-05-15 11:03:11,59,60,7543,16135
2023-05-15 11:03:11,59,60,7743,16335
2023-05-15 11:03:11,60,62,7801,16393
2023-05-15 11:03:12,59,62,7801,16393
2023-05-15 11:03:31,60,62,7801,16393
2023-05-15 11:03:45,59,60,8001,16593
2023-05-15 11:03:56,59,61,8001,16593
2023-05-15 11:04:14,59,60,8001,16593
2023-05-15 11:04:17,59,61,8001,16593
2023-05-15 11:05:12,59,60,8001,16593
2023-05-15 11:05:19,59,61,8001,16593
2023-05-15 11:05:53,59,62,8001,16593
2023-05-15 11:07:01,61,62,8001,16593
2023-05-15 11:08:56,60,62,8201,16793
2023-05-15 11:08:56,60,61,8201,16793
2023-05-15 11:08:56,59,60,8201,16813
2023-05-15 11:08:56,59,60,8201,17013
2023-05-15 11:08:57,59,60,8201,17213
2023-05-15 11:08:58,60,61,8201,17393
2023-05-15 11:08:58,59,61,8201,17393
2023-05-15 11:08:59,60,61,8201,17393
2023-05-15 11:09:10,59,61,8201,17393
2023-05-15 11:09:19,59,61,8401,17593
2023-05-15 11:09:28,59,62,8401,17593
2023-05-15 11:09:28,59,60,8401,17593
2023-05-15 11:10:03,58,60,8401,17593
2023-05-15 11:10:03,58,61,8401,17593
2023-05-15 11:10:03,58,59,8401,17593
2023-05-15 11:10:31,59,61,8401,17613
2023-05-15 11:10:31,59,62,8401,17613
2023-05-15 11:10:31,59,61,8401,17613
2023-05-15 11:10:33,59,62,8401,17613
2023-05-15 11:10:39,58,62,8401,17613
2023-05-15 11:10:39,59,62,8401,17613
2023-05-15 11:10:39,59,61,8401,17613
2023-05-15 11:11:06,59,62,8401,17613
2023-05-15 11:11:07,58,62,8401,17613
2023-05-15 11:11:08,54,62,8401,17613
2023-05-15 11:11:13,56,62,8401,17613
2023-05-15 11:11:13,59,62,8401,17613
2023-05-15 11:12:12,54,62,8401,17613
2023-05-15 11:12:14,56,62,8401,17613
2023-05-15 11:12:14,59,62,8401,17613
2023-05-15 11:12:15,59,61,8401,17613
2023-05-15 11:12:37,59,62,8401,17613
2023-05-15 11:12:45,59,61,8401,17613
2023-05-15 11:13:23,58,61,8401,17613
2023-05-15 11:13:27,59,61,8401,17613
2023-05-15 11:14:28,60,61,8401,17613
2023-05-15 11:14:54,59,61,8401,17613
2023-05-15 11:15:28,59,60,8401,17613
2023-05-15 11:15:28,59,61,8401,17613
2023-05-15 11:15:42,59,60,8401,17613
2023-05-15 11:16:07,58,60,8401,17613
2023-05-15 11:16:09,58,61,8401,17613
2023-05-15 11:16:12,59,61,8401,17613
2023-05-15 11:16:12,59,60,8401,17613
2023-05-15 11:16:39,59,61,8401,17613
2023-05-15 11:16:41,58,61,8401,17613
2023-05-15 11:16:42,55,61,8401,17613
2023-05-15 11:16:42,56,61,8401,17613
2023-05-15 11:16:44,59,61,8401,17613
2023-05-15 11:16:44,59,60,8401,17613
2023-05-15 11:17:10,59,61,8401,17613
2023-05-15 11:17:10,59,60,8401,17613
2023-05-15 11:17:16,55,60,8401,17613
2023-05-15 11:17:16,56,60,8401,17613
2023-05-15 11:17:16,57,60,8401,17613
2023-05-15 11:17:43,57,61,8401,17613
2023-05-15 11:17:45,56,61,8401,17613
2023-05-15 11:17:47,59,61,8401,17613
2023-05-15 11:18:14,59,60,8401,17613
2023-05-15 11:18:17,59,61,8401,17613
2023-05-15 11:18:18,59,60,8401,17613
2023-05-15 11:18:36,57,60,8401,17613
2023-05-15 11:18:45,57,59,8401,17613
2023-05-15 11:18:53,57,60,8401,17613
2023-05-15 11:18:54,57,59,8401,17613
2023-05-15 11:19:36,57,58,8401,17613
2023-05-15 11:19:41,57,59,8401,17613
2023-05-15 11:19:41,57,58,8401,17613
2023-05-15 11:19:43,57,59,8401,17613
2023-05-15 11:20:07,57,58,8401,17613
2023-05-15 11:20:11,57,58,8386,17638
2023-05-15 11:20:12,57,58,8386,17838
2023-05-15 11:20:29,56,58,8386,17838
2023-05-15 11:21:02,56,57,8386,17838
2023-05-15 11:21:06,56,57,8366,17888
2023-05-15 11:21:07,56,57,8366,17913
2023-05-15 11:21:08,56,57,8366,17938
2023-05-15 11:21:16,56,57,8366,17963
2023-05-15 11:21:18,56,57,8366,17988
2023-05-15 11:21:49,56,58,8366,17988
2023-05-15 11:21:54,56,57,8366,17988
2023-05-15 11:22:16,56,58,8366,17988
2023-05-15 11:22:23,56,57,8366,17988
2023-05-15 11:22:29,56,58,8366,17988
2023-05-15 11:23:17,54,58,8366,17988
2023-05-15 11:23:29,54,57,8366,17988
2023-05-15 11:24:00,54,58,8366,17988
2023-05-15 11:24:22,54,57,8366,17988
2023-05-15 11:24:39,54,56,8366,17988
2023-05-15 11:26:00,54,55,8366,17988
2023-05-15 11:26:01,54,56,8366,17988
2023-05-15 11:26:09,54,55,8366,17988
2023-05-15 11:26:17,54,55,8286,18088
2023-05-15 11:26:17,54,56,8286,18088
2023-05-15 11:26:51,54,57,8286,18088
2023-05-15 11:26:59,54,56,8286,18088
2023-05-15 11:27:18,53,56,8286,18088
2023-05-15 11:27:21,53,55,8286,18088
2023-05-15 11:27:28,53,54,8286,18088
2023-05-15 11:27:33,53,55,8286,18088
2023-05-15 11:28:02,53,56,8286,18088
2023-05-15 11:28:16,53,55,8286,18088
2023-05-15 11:28:23,52,55,8286,18088
2023-05-15 11:28:35,53,55,8286,18088
2023-05-15 11:28:39,53,56,8286,18088
2023-05-15 11:28:42,53,55,8286,18088
2023-05-15 11:28:44,53,56,8286,18088
2023-05-15 11:29:06,54,56,8286,18088
2023-05-15 11:29:20,54,57,8286,18088
2023-05-15 11:29:26,55,57,8286,18088
2023-05-15 11:30:10,55,58,8286,18088
2023-05-15 11:30:16,56,58,8286,18088
2023-05-15 11:30:36,56,59,8286,18088
2023-05-15 11:30:36,56,58,8286,18088
2023-05-15 11:30:39,57,58,8286,18088
2023-05-15 11:30:41,57,59,8286,18088
2023-05-15 11:31:49,56,57,8686,18488
2023-05-15 11:32:07,56,58,8686,18488
2023-05-15 11:32:15,55,58,8686,18488
2023-05-15 11:32:17,55,59,8686,18488
2023-05-15 11:32:17,54,59,8686,18488
2023-05-15 11:32:17,56,59,8686,18488
2023-05-15 11:32:19,57,59,8686,18488
2023-05-15 11:32:48,56,59,8686,18488
2023-05-15 11:32:48,55,59,8686,18488
2023-05-15 11:32:50,57,59,8686,18488
2023-05-15 11:32:59,56,59,8686,18488
2023-05-15 11:33:03,56,58,8686,18488
2023-05-15 11:33:04,56,59,8686,18488
2023-05-15 11:33:08,56,58,8686,18488
2023-05-15 11:33:18,56,57,8686,18488
2023-05-15 11:33:21,55,57,8686,18488
2023-05-15 11:33:21,56,57,8686,18488
2023-05-15 11:33:29,56,57,9086,18888
2023-05-15 11:33:42,56,58,9086,18888
2023-05-15 11:33:48,55,58,9086,18888
2023-05-15 11:33:48,56,58,9086,18888
2023-05-15 11:33:49,54,58,9086,18888
2023-05-15 11:33:50,55,58,9086,18888
2023-05-15 11:33:52,56,58,9086,18888
2023-05-15 11:34:00,56,59,9086,18888
2023-05-15 11:34:05,56,58,9086,18888
2023-05-15 11:34:06,56,59,9086,18888
2023-05-15 11:34:07,56,59,9086,18888
2023-05-15 11:34:20,55,59,9086,18888
2023-05-15 11:34:24,54,59,9086,18888
2023-05-15 11:34:25,55,59,9086,18888
2023-05-15 11:34:32,56,59,9086,18888
2023-05-15 11:34:33,56,58,9086,18888
2023-05-15 11:34:38,56,57,9086,18888
2023-05-15 11:34:40,56,58,9086,18888
2023-05-15 11:34:42,56,57,9086,18888
2023-05-15 11:34:43,56,58,9086,18888
2023-05-15 11:35:00,55,57,9086,18888
2023-05-15 11:35:04,55,56,9086,18888
2023-05-15 11:35:16,55,56,9086,19063
2023-05-15 11:35:25,55,57,9086,19063
2023-05-15 11:35:50,55,56,9086,19063
2023-05-15 11:35:57,55,57,9086,19063
2023-05-15 11:36:01,55,56,9086,19063
2023-05-15 11:36:03,55,56,9504,19481
2023-05-15 11:36:05,54,56,9504,19481
2023-05-15 11:36:25,54,55,9504,19481
2023-05-15 11:36:32,53,55,9504,19481
2023-05-15 11:36:45,53,54,9504,19481
2023-05-15 11:36:54,52,54,9504,19481
2023-05-15 11:36:55,53,54,9504,19481
2023-05-15 11:37:08,52,54,9504,19481
2023-05-15 11:37:08,52,55,9504,19481
2023-05-15 11:37:09,53,55,9504,19481
2023-05-15 11:37:21,53,56,9504,19481
2023-05-15 11:37:29,55,56,9504,19481
2023-05-15 11:38:03,54,55,9684,19661
2023-05-15 11:38:13,54,56,9684,19661
2023-05-15 11:38:13,54,55,9684,19661
2023-05-15 11:38:14,54,55,9684,19686
2023-05-15 11:38:15,54,55,9684,19711
2023-05-15 11:38:16,53,55,9684,19711
2023-05-15 11:38:16,53,54,9684,19711
2023-05-15 11:38:33,53,55,9684,19736
2023-05-15 11:38:34,53,54,9684,19736
2023-05-15 11:38:39,53,55,9684,19761
2023-05-15 11:38:40,53,54,9684,19761
2023-05-15 11:38:47,53,55,9684,19786
2023-05-15 11:39:08,53,56,9684,19986
2023-05-15 11:39:19,53,55,9684,19986
2023-05-15 11:39:46,53,56,9684,19986
2023-05-15 11:39:49,54,56,9684,19986
2023-05-15 11:40:00,55,56,9684,19986
2023-05-15 11:40:06,55,57,9684,19986
2023-05-15 11:40:10,54,57,9684,19986
2023-05-15 11:40:16,55,57,9684,19986
2023-05-15 11:40:19,56,57,9684,19986
2023-05-15 11:40:44,56,58,9684,19986
2023-05-15 11:41:09,57,58,9684,19986
2023-05-15 11:41:19,57,59,9684,19986
2023-05-15 11:41:49,56,57,9684,20186
2023-05-15 11:41:53,56,59,9684,20186
2023-05-15 11:41:59,57,59,9684,20186
2023-05-15 11:42:16,56,57,9684,20386
2023-05-15 11:42:21,56,59,9684,20386
2023-05-15 11:42:27,58,59,9684,20386
2023-05-15 11:42:41,57,59,9684,20386
2023-05-15 11:42:46,56,59,9684,20386
2023-05-15 11:42:53,56,58,9684,20386
2023-05-15 11:43:06,58,59,9684,20441
2023-05-15 11:43:22,57,59,9684,20441
2023-05-15 11:43:43,56,59,9684,20441
2023-05-15 11:43:57,56,58,9684,20441
2023-05-15 11:43:58,56,59,9684,20441
2023-05-15 11:43:59,56,58,9684,20441
2023-05-15 11:44:00,56,59,9684,20441
2023-05-15 11:44:04,56,58,9684,20441
2023-05-15 11:44:11,56,57,9684,20441
2023-05-15 11:44:16,56,57,10098,20855
2023-05-15 11:44:20,55,57,10098,20855
2023-05-15 11:44:35,56,57,10098,20855
2023-05-15 11:44:42,56,58,10098,20855
2023-05-15 11:44:53,56,59,10098,20855
2023-05-15 11:45:03,58,59,10098,20855
2023-05-15 11:45:31,58,60,10125,21055
2023-05-15 11:45:31,59,60,10125,21055
2023-05-15 11:45:32,59,61,10125,21055
2023-05-15 11:45:33,59,60,10125,21055
2023-05-15 11:45:43,59,61,10125,21055
2023-05-15 11:45:51,59,60,10125,21055
2023-05-15 11:45:53,59,61,10125,21055
2023-05-15 11:45:53,59,60,10125,21055
2023-05-15 11:45:56,59,61,10125,21055
2023-05-15 11:46:44,59,60,10125,21055
2023-05-15 11:46:50,57,59,10125,21075
2023-05-15 11:46:52,55,59,10125,21075
2023-05-15 11:46:54,56,59,10125,21075
2023-05-15 11:47:07,56,60,10125,21075
2023-05-15 11:47:07,56,59,10125,21075
2023-05-15 11:47:13,56,58,10125,21075
2023-05-15 11:47:17,56,57,10125,21075
2023-05-15 11:47:24,56,57,10120,21080
2023-05-15 11:47:25,56,57,10120,21085
2023-05-15 11:47:26,56,57,10120,21090
2023-05-15 11:47:27,55,57,10120,21090
2023-05-15 11:47:27,55,56,10120,21090
2023-05-15 11:47:28,55,56,10115,21285
2023-05-15 11:47:30,55,56,10115,21485
2023-05-15 11:47:38,54,56,10115,21485
2023-05-15 11:47:58,55,56,10115,21485
2023-05-15 11:48:00,56,58,10115,21505
2023-05-15 11:48:03,55,58,10115,21505
2023-05-15 11:48:16,55,57,10115,21505
2023-05-15 11:48:27,54,57,10115,21505
2023-05-15 11:49:02,54,56,10115,21505
2023-05-15 11:49:16,54,57,10115,21505
2023-05-15 11:49:31,53,57,10115,21505
2023-05-15 11:49:31,54,57,10115,21505
2023-05-15 11:49:33,54,55,10115,21505
2023-05-15 11:49:39,53,55,10115,21505
2023-05-15 11:49:40,53,54,10115,21505
2023-05-15 11:49:42,53,54,10115,21605
2023-05-15 11:49:43,53,55,10115,21605
2023-05-15 11:49:54,53,54,10115,21605
2023-05-15 11:49:56,52,53,10115,21655
2023-05-15 11:49:57,52,53,10115,21755
2023-05-15 11:49:59,53,54,10115,21805
2023-05-15 11:50:01,53,55,10115,21805
2023-05-15 11:50:02,52,55,10115,21805
2023-05-15 11:50:10,53,55,10115,21805
2023-05-15 11:50:21,52,55,10115,21805
2023-05-15 11:50:39,53,55,10115,21805
2023-05-15 11:50:42,53,56,10115,21805
2023-05-15 11:50:43,52,56,10115,21805
2023-05-15 11:50:46,53,56,10115,21805
2023-05-15 11:50:46,53,55,10115,21805
2023-05-15 11:51:04,53,54,10115,21805
2023-05-15 11:51:09,52,54,10115,21805
2023-05-15 11:51:09,52,53,10115,21805
2023-05-15 11:51:12,51,52,10115,21855
2023-05-15 11:51:15,51,52,10129,21869
2023-05-15 11:51:15,51,52,10129,22069
2023-05-15 11:51:18,50,51,10535,22475
2023-05-15 11:51:20,51,52,10566,22506
2023-05-15 11:51:20,51,52,10566,22526
2023-05-15 11:51:20,49,52,10566,22726
2023-05-15 11:51:20,49,51,10566,22726
2023-05-15 11:51:21,48,51,10566,22726
2023-05-15 11:51:22,50,51,10566,22726
2023-05-15 11:51:23,48,51,10566,22926
2023-05-15 11:51:29,51,52,10566,22946
2023-05-15 11:51:30,48,51,10566,23026
2023-05-15 11:51:30,48,52,10566,23026
2023-05-15 11:51:30,50,52,10566,23026
2023-05-15 11:51:31,51,52,10566,23026
2023-05-15 11:51:32,50,51,10566,23126
2023-05-15 11:51:32,50,52,10566,23126
2023-05-15 11:51:35,49,50,10586,23146
2023-05-15 11:51:35,48,50,10586,23146
2023-05-15 11:51:36,48,50,10686,23246
2023-05-15 11:51:37,48,50,10786,23346
2023-05-15 11:51:39,48,50,10886,23446
2023-05-15 11:51:40,48,50,10986,23546
2023-05-15 11:51:41,49,50,10986,23546
2023-05-15 11:51:41,49,50,11086,23646
2023-05-15 11:51:42,49,50,11186,23746
2023-05-15 11:51:46,49,51,11186,23746
2023-05-15 11:52:53,50,51,11186,23746
2023-05-15 11:53:26,51,53,11186,23766
2023-05-15 11:53:46,50,53,11186,23766
2023-05-15 11:53:47,50,52,11186,23766
2023-05-15 11:54:13,50,53,11186,23766
2023-05-15 11:54:17,49,53,11186,23766
2023-05-15 11:54:18,50,53,11186,23766
2023-05-15 11:54:25,51,53,11186,23766
2023-05-15 11:54:25,52,53,11186,23766
2023-05-15 11:54:25,52,53,11186,23966
2023-05-15 11:54:29,52,55,11186,23966
2023-05-15 11:54:29,52,54,11186,23966
2023-05-15 11:54:29,53,54,11186,23966
2023-05-15 11:54:29,53,55,11186,23966
2023-05-15 11:54:45,52,55,11186,23966
2023-05-15 11:54:45,53,55,11186,23966
2023-05-15 11:54:50,53,56,11186,23966
2023-05-15 11:54:50,54,56,11186,23966
2023-05-15 11:54:50,55,56,11206,24166
2023-05-15 11:54:53,55,57,11206,24166
2023-05-15 11:55:26,55,56,11206,24166
2023-05-15 11:55:33,53,55,11186,24186
2023-05-15 11:55:34,54,55,11186,24186
2023-05-15 11:55:41,54,56,11186,24186
2023-05-15 11:55:46,54,55,11186,24186
2023-05-15 11:55:51,53,55,11186,24186
2023-05-15 11:56:03,52,55,11186,24186
2023-05-15 11:56:18,52,54,11186,24186
2023-05-15 11:56:24,51,54,11186,24186
2023-05-15 11:56:25,52,54,11186,24186
2023-05-15 11:56:56,51,54,11186,24186
2023-05-15 11:56:56,53,54,11186,24186
2023-05-15 11:57:15,51,54,11186,24386
2023-05-15 11:57:15,51,53,11186,24386
2023-05-15 11:57:17,51,52,11186,24386
2023-05-15 11:57:46,50,52,11186,24386
2023-05-15 11:57:51,51,52,11186,24386
2023-05-15 11:58:01,51,52,11186,24586
2023-05-15 11:58:16,51,52,11186,24786
2023-05-15 11:58:17,50,52,11186,24786
2023-05-15 11:58:17,49,51,11186,24786
2023-05-15 11:58:18,50,51,11186,24786
2023-05-15 11:58:35,50,51,11186,24986
2023-05-15 11:58:36,49,51,11186,24986
2023-05-15 11:58:43,49,51,11185,25186
2023-05-15 11:58:43,49,50,11185,25186
2023-05-15 11:58:58,49,50,11185,25386
2023-05-15 11:59:26,48,49,11180,25391
2023-05-15 11:59:26,48,50,11180,25391
2023-05-15 11:59:28,48,51,11180,25391
2023-05-15 11:59:28,48,49,11180,25391
2023-05-15 12:00:23,47,48,11169,25402
2023-05-15 12:00:23,47,49,11169,25402
2023-05-15 12:01:05,48,49,11169,25402
2023-05-15 12:01:33,47,49,11169,25402
2023-05-15 12:01:39,47,50,11169,25402
2023-05-15 12:01:39,47,48,11169,25402
2023-05-15 12:02:02,47,50,11169,25402
2023-05-15 12:02:02,47,49,11169,25402
2023-05-15 12:02:37,48,49,11169,25402
2023-05-15 12:02:42,48,51,11169,25402
2023-05-15 12:02:42,49,51,11169,25402
2023-05-15 12:02:42,50,51,11169,25402
2023-05-15 12:02:42,50,51,11169,25602
2023-05-15 12:02:43,50,51,11169,25702
2023-05-15 12:02:44,50,51,11169,25902
2023-05-15 12:02:44,51,53,11169,25922
2023-05-15 12:02:44,51,54,11169,25922
2023-05-15 12:03:03,51,53,11169,25922
2023-05-15 12:03:19,52,53,11169,25922
2023-05-15 12:03:22,52,54,11169,25922
2023-05-15 12:03:51,51,54,11169,25922
2023-05-15 12:04:20,50,54,11169,25922
2023-05-15 12:04:25,51,54,11169,25922
2023-05-15 12:04:43,51,53,11169,25922
2023-05-15 12:04:48,51,54,11169,25922
2023-05-15 12:04:49,51,53,11169,25922
2023-05-15 12:04:52,50,54,11169,25922
2023-05-15 12:04:57,51,54,11169,25922
2023-05-15 12:05:12,52,54,11169,25922
2023-05-15 12:05:13,52,55,11169,25922
2023-05-15 12:05:20,53,55,11169,25922
2023-05-15 12:05:22,52,55,11169,25922
2023-05-15 12:05:22,53,55,11169,25922
2023-05-15 12:05:25,52,55,11169,25922
2023-05-15 12:05:43,52,54,11169,25922
2023-05-15 12:05:47,51,54,11169,25922
2023-05-15 12:05:53,52,54,11169,25922
2023-05-15 12:06:11,52,55,11169,25922
2023-05-15 12:06:17,52,54,11169,25922
2023-05-15 12:06:47,51,54,11169,25922
2023-05-15 12:06:47,52,54,11169,25922
2023-05-15 12:06:49,52,55,11169,25922
2023-05-15 12:07:06,53,55,11169,25922
2023-05-15 12:07:08,52,55,11169,25922
2023-05-15 12:07:09,53,55,11169,25922
2023-05-15 12:07:15,52,55,11169,25922
2023-05-15 12:07:15,52,56,11169,25922
2023-05-15 12:07:36,52,55,11169,25922
2023-05-15 12:08:10,52,54,11169,25922
2023-05-15 12:08:39,51,55,11169,25922
2023-05-15 12:08:40,52,55,11169,25922
2023-05-15 12:09:11,52,54,11169,25922
2023-05-15 12:09:20,51,54,11169,25922
2023-05-15 12:09:39,51,55,11169,25922
2023-05-15 12:09:41,52,55,11169,25922
2023-05-15 12:10:06,53,55,11169,25922
2023-05-15 12:10:08,53,56,11169,25922
2023-05-15 12:10:09,53,55,11169,25922
2023-05-15 12:10:39,53,56,11169,25922
2023-05-15 12:10:41,53,55,11169,25922
2023-05-15 12:10:56,53,55,11169,26027
2023-05-15 12:10:58,52,55,11169,26027
2023-05-15 12:11:08,52,54,11169,26027
2023-05-15 12:11:19,52,53,11169,26027
2023-05-15 12:11:21,52,54,11169,26027
2023-05-15 12:11:26,52,53,11169,26027
2023-05-15 12:11:32,51,53,11169,26027
2023-05-15 12:11:32,52,53,11169,26027
2023-05-15 12:12:01,51,54,11169,26027
2023-05-15 12:12:05,52,54,11169,26027
2023-05-15 12:12:05,52,53,11169,26027
2023-05-15 12:12:17,52,54,11169,26027
2023-05-15 12:12:24,52,55,11169,26027
2023-05-15 12:12:31,53,55,11169,26027
2023-05-15 12:12:52,53,56,11169,26027
2023-05-15 12:12:59,52,56,11169,26027
2023-05-15 12:13:04,53,56,11169,26027
2023-05-15 12:13:04,53,55,11169,26027
2023-05-15 12:13:34,52,56,11169,26027
2023-05-15 12:13:34,52,55,11169,26027
2023-05-15 12:14:00,52,56,11169,26027
2023-05-15 12:14:04,52,55,11169,26027
2023-05-15 12:14:05,53,55,11169,26027
2023-05-15 12:14:35,52,55,11169,26027
2023-05-15 12:14:37,53,55,11169,26027
2023-05-15 12:14:43,53,56,11169,26027
2023-05-15 12:15:04,52,56,11169,26027
2023-05-15 12:15:08,53,56,11169,26027
2023-05-15 12:15:41,53,57,11169,26027
2023-05-15 12:15:43,53,56,11169,26027
2023-05-15 12:16:20,53,57,11169,26027
2023-05-15 12:16:43,53,56,11169,26027
2023-05-15 12:17:02,53,55,11169,26027
2023-05-15 12:17:02,52,55,11169,26027
2023-05-15 12:17:29,51,55,11169,26027
2023-05-15 12:17:29,52,55,11169,26027
2023-05-15 12:17:32,53,55,11169,26027
2023-05-15 12:17:45,53,55,11169,26227
2023-05-15 12:17:50,52,55,11169,26227
2023-05-15 12:17:59,52,54,11169,26227
2023-05-15 12:18:00,52,53,11169,26227
2023-05-15 12:18:03,51,53,11169,26227
2023-05-15 12:18:15,51,54,11169,26227
2023-05-15 12:18:34,52,54,11169,26227
2023-05-15 12:18:41,52,53,11169,26227
2023-05-15 12:18:51,50,53,11169,26227
2023-05-15 12:18:51,51,53,11169,26227
2023-05-15 12:18:58,51,52,11169,26227
2023-05-15 12:19:08,50,52,11169,26427
2023-05-15 12:19:10,50,52,11169,26427
2023-05-15 12:19:12,49,52,11169,26427
2023-05-15 12:19:38,49,53,11169,26427
2023-05-15 12:19:41,49,52,11169,26427
2023-05-15 12:20:13,49,51,11169,26427
2023-05-15 12:20:34,49,52,11169,26427
2023-05-15 12:20:34,50,52,11169,26427
2023-05-15 12:20:53,50,53,11169,26427
2023-05-15 12:20:54,51,53,11169,26427
2023-05-15 12:20:58,51,54,11169,26427
2023-05-15 12:21:24,51,55,11169,26427
2023-05-15 12:21:24,52,55,11169,26427
2023-05-15 12:21:50,51,55,11169,26427
2023-05-15 12:21:54,51,56,11189,26447
2023-05-15 12:21:54,51,55,11189,26447
2023-05-15 12:21:54,53,55,11189,26447
2023-05-15 12:21:58,53,56,11189,26447
2023-05-15 12:22:06,51,56,11189,26467
2023-05-15 12:22:28,52,56,11189,26467
2023-05-15 12:22:37,52,57,11189,26467
2023-05-15 12:22:47,53,57,11189,26467
2023-05-15 12:22:53,52,57,11189,26467
2023-05-15 12:23:08,53,57,11189,26467
2023-05-15 12:23:10,52,57,11189,26467
2023-05-15 12:23:13,53,57,11189,26467
2023-05-15 12:23:17,52,57,11189,26467
2023-05-15 12:23:20,53,57,11189,26467
2023-05-15 12:23:21,52,57,11189,26467
2023-05-15 12:23:24,53,57,11189,26467
2023-05-15 12:23:24,54,57,11189,26467
2023-05-15 12:23:26,54,58,11189,26467
2023-05-15 12:23:50,53,58,11189,26467
2023-05-15 12:24:09,54,58,11189,26467
2023-05-15 12:24:18,55,58,11189,26467
2023-05-15 12:24:23,55,59,11189,26467
2023-05-15 12:25:08,54,59,11189,26467
2023-05-15 12:25:16,55,59,11189,26467
2023-05-15 12:25:27,57,59,11189,26467
2023-05-15 12:25:35,57,60,11189,26467
2023-05-15 12:25:47,58,60,11189,26467
2023-05-15 12:25:50,58,61,11189,26467
2023-05-15 12:25:55,59,61,11189,26467
2023-05-15 12:25:58,60,61,11189,26467
2023-05-15 12:26:04,59,61,11189,26467
2023-05-15 12:26:43,58,61,11189,26467
2023-05-15 12:26:51,59,61,11189,26467
2023-05-15 12:26:58,58,61,11189,26467
2023-05-15 12:27:05,58,60,11189,26467
2023-05-15 12:27:05,58,59,11189,26467
2023-05-15 12:27:06,58,59,11189,26667
2023-05-15 12:27:08,58,59,11189,26867
2023-05-15 12:27:19,57,59,11189,26867
2023-05-15 12:27:21,57,61,11189,26867
2023-05-15 12:27:21,57,58,11189,26867
2023-05-15 12:27:51,57,60,11189,26867
2023-05-15 12:27:51,57,58,11189,26867
2023-05-15 12:28:19,56,59,11189,26867
2023-05-15 12:28:27,56,57,11189,26867
2023-05-15 12:28:27,55,57,11189,26867
2023-05-15 12:28:53,55,58,11189,26867
2023-05-15 12:28:57,55,57,11189,26867
2023-05-15 12:28:58,54,57,11189,26867
2023-05-15 12:29:25,53,57,11189,26867
2023-05-15 12:29:25,54,57,11189,26867
2023-05-15 12:29:30,54,56,11189,26867
2023-05-15 12:29:53,54,58,11189,26867
2023-05-15 12:29:53,54,57,11189,26867
2023-05-15 12:29:59,55,57,11189,26867
2023-05-15 12:30:08,54,57,11189,26867
2023-05-15 12:30:24,54,58,11189,26867
2023-05-15 12:30:26,54,56,11189,26867
2023-05-15 12:30:29,54,56,11189,26897
2023-05-15 12:30:32,55,56,11189,26897
2023-05-15 12:30:34,54,56,11189,26897
2023-05-15 12:30:35,55,56,11189,26897
2023-05-15 12:30:42,56,58,11189,27067
2023-05-15 12:30:42,55,58,11189,27067
2023-05-15 12:30:51,55,57,11189,27067
2023-05-15 12:30:51,55,58,11189,27067
2023-05-15 12:30:53,55,58,11214,27092
2023-05-15 12:30:53,56,58,11214,27092
2023-05-15 12:30:55,57,58,11214,27092
2023-05-15 12:31:01,56,58,11214,27092
2023-05-15 12:31:04,57,58,11214,27092
2023-05-15 12:31:06,56,58,11214,27092
2023-05-15 12:31:07,56,59,11214,27092
2023-05-15 12:31:07,56,58,11214,27092
2023-05-15 12:31:26,56,59,11214,27092
2023-05-15 12:31:34,56,60,11214,27092
2023-05-15 12:31:34,56,59,11214,27092
2023-05-15 12:31:55,58,59,11214,27092
2023-05-15 12:31:57,58,60,11214,27092
2023-05-15 12:32:19,59,60,11214,27092
2023-05-15 12:32:24,59,61,11214,27092
2023-05-15 12:32:25,60,61,11214,27092
2023-05-15 12:32:28,59,61,11214,27092
2023-05-15 12:32:33,60,61,11214,27092
2023-05-15 12:32:42,60,61,11237,27292
2023-05-15 12:32:43,60,62,11237,27292
2023-05-15 12:32:44,60,61,11237,27292
2023-05-15 12:32:44,60,62,11237,27292
2023-05-15 12:32:44,60,61,11237,27292
2023-05-15 12:32:48,60,62,11237,27292
2023-05-15 12:32:52,61,62,11237,27292
2023-05-15 12:33:12,60,61,11237,27312
2023-05-15 12:33:15,60,61,11437,27512
2023-05-15 12:33:17,61,62,11547,27622
2023-05-15 12:33:18,60,62,11547,27622
2023-05-15 12:33:25,62,63,11551,27626
2023-05-15 12:33:25,60,63,11551,27626
2023-05-15 12:33:25,61,63,11551,27626
2023-05-15 12:34:05,60,63,11551,27626
2023-05-15 12:35:02,59,63,11551,27626
2023-05-15 12:35:02,59,61,11551,27626
2023-05-15 12:35:20,59,60,11551,27626
2023-05-15 12:35:29,58,60,11551,27626
2023-05-15 12:36:01,57,60,11551,27626
2023-05-15 12:36:03,57,59,11551,27626
2023-05-15 12:36:05,57,58,11551,27626
2023-05-15 12:36:07,56,58,11551,27626
2023-05-15 12:36:28,56,59,11551,27626
2023-05-15 12:36:28,56,58,11551,27626
2023-05-15 12:36:33,55,58,11551,27626
2023-05-15 12:36:39,56,58,11551,27626
2023-05-15 12:36:50,56,58,11551,27826
2023-05-15 12:36:51,55,58,11551,27826
2023-05-15 12:36:54,55,57,11551,27826
2023-05-15 12:37:02,55,58,11551,27826
2023-05-15 12:37:23,56,58,11551,27826
2023-05-15 12:37:27,56,59,11551,27826
2023-05-15 12:37:36,59,60,11571,27846
2023-05-15 12:37:37,56,60,11571,27846
2023-05-15 12:37:37,58,60,11571,27846
2023-05-15 12:37:57,58,61,11571,27846
2023-05-15 12:38:03,58,60,11571,27846
2023-05-15 12:38:09,58,59,11571,27846
2023-05-15 12:38:27,56,59,11571,27846
2023-05-15 12:38:27,57,59,11571,27846
2023-05-15 12:38:58,56,59,11571,27846
2023-05-15 12:38:58,58,59,11571,27846
2023-05-15 12:39:17,56,59,11571,27846
2023-05-15 12:39:17,57,59,11571,27846
2023-05-15 12:39:23,56,59,11571,27846
2023-05-15 12:39:23,58,59,11571,27846
2023-05-15 12:39:26,58,60,11571,27846
2023-05-15 12:39:26,58,59,11571,27846
2023-05-15 12:39:46,58,60,11571,27846
2023-05-15 12:39:57,58,61,11571,27846
2023-05-15 12:39:57,59,61,11571,27846
2023-05-15 12:41:13,58,61,11571,27846
2023-05-15 12:41:13,60,61,11571,27846
2023-05-15 12:41:16,60,62,11571,28046
2023-05-15 12:42:13,59,60,11551,28066
2023-05-15 12:42:18,59,62,11551,28066
2023-05-15 12:42:31,58,62,11551,28066
2023-05-15 12:42:32,58,61,11551,28066
2023-05-15 12:42:49,58,62,11551,28066
2023-05-15 12:42:50,59,62,11551,28066
2023-05-15 12:43:08,60,62,11551,28066
2023-05-15 12:43:10,60,63,11551,28066
2023-05-15 12:43:10,60,62,11551,28066
2023-05-15 12:43:23,60,62,11568,28083
2023-05-15 12:43:24,60,63,11568,28083
2023-05-15 12:43:31,61,63,11568,28083
2023-05-15 12:43:40,61,62,11568,28083
2023-05-15 12:43:42,61,63,11568,28083
2023-05-15 12:43:59,61,62,11568,28083
2023-05-15 12:44:28,59,62,11568,28083
2023-05-15 12:44:28,60,62,11568,28083
2023-05-15 12:44:31,60,61,11568,28083
2023-05-15 12:44:44,59,60,11551,28100
2023-05-15 12:45:01,58,60,11551,28100
2023-05-15 12:45:02,57,60,11551,28100
2023-05-15 12:45:02,56,60,11551,28100
2023-05-15 12:45:04,57,60,11551,28100
2023-05-15 12:45:06,58,60,11551,28100
2023-05-15 12:45:15,57,60,11551,28100
2023-05-15 12:45:19,57,59,11551,28100
2023-05-15 12:45:20,56,59,11551,28300
2023-05-15 12:45:23,56,58,11551,28300
2023-05-15 12:45:44,55,58,11551,28300
2023-05-15 12:45:46,55,56,11551,28300
2023-05-15 12:45:50,54,56,11551,28300
2023-05-15 12:45:52,55,56,11551,28300
2023-05-15 12:46:18,55,56,11551,28500
2023-05-15 12:46:19,54,56,11551,28500
2023-05-15 12:46:21,54,57,11551,28500
2023-05-15 12:46:24,55,57,11551,28500
2023-05-15 12:46:24,55,58,11551,28500
2023-05-15 12:46:42,56,58,11551,28500
2023-05-15 12:46:42,56,59,11551,28500
2023-05-15 12:46:42,56,58,11551,28500
2023-05-15 12:46:57,56,59,11551,28500
2023-05-15 12:47:40,56,60,11551,28500
2023-05-15 12:47:44,56,59,11551,28500
2023-05-15 12:47:49,57,59,11551,28500
2023-05-15 12:47:57,57,60,11551,28500
2023-05-15 12:47:57,57,59,11551,28500
2023-05-15 12:47:57,57,60,11551,28500
2023-05-15 12:48:02,57,58,11551,28500
2023-05-15 12:48:03,58,60,11553,28502
2023-05-15 12:48:03,57,60,11553,28502
2023-05-15 12:48:17,58,60,11553,28502
2023-05-15 12:48:27,58,61,11553,28502
2023-05-15 12:48:27,59,61,11553,28502
2023-05-15 12:48:49,57,61,11553,28502
2023-05-15 12:49:00,57,60,11553,28502
2023-05-15 12:49:08,57,59,11553,28502
2023-05-15 12:49:24,56,59,11553,28502
2023-05-15 12:49:39,56,60,11553,28502
2023-05-15 12:49:39,56,59,11553,28502
2023-05-15 12:49:55,56,59,11553,28518
2023-05-15 12:50:04,57,59,11553,28518
2023-05-15 12:50:05,57,60,11553,28518
2023-05-15 12:50:31,56,60,11553,28518
2023-05-15 12:51:03,56,59,11553,28518
2023-05-15 12:51:31,55,59,11553,28518
2023-05-15 12:51:34,56,59,11553,28518
2023-05-15 12:51:34,56,58,11553,28518
2023-05-15 12:52:01,55,59,11553,28518
2023-05-15 12:52:07,56,59,11553,28518
2023-05-15 12:52:23,56,58,11553,28518
2023-05-15 12:52:26,55,58,11553,28518
2023-05-15 12:52:28,55,56,11553,28518
2023-05-15 12:52:32,54,56,11553,28518
2023-05-15 12:52:53,54,55,11553,28518
2023-05-15 12:52:59,53,55,11553,28518
2023-05-15 12:53:00,54,55,11553,28518
2023-05-15 12:53:00,53,55,11653,28618
2023-05-15 12:53:00,53,54,11653,28618
2023-05-15 12:53:26,53,56,11653,28618
2023-05-15 12:53:29,53,55,11653,28618
2023-05-15 12:53:29,54,55,11653,28618
2023-05-15 12:53:30,54,56,11653,28618
2023-05-15 12:53:38,54,56,11653,28718
2023-05-15 12:53:56,53,56,11653,28718
2023-05-15 12:53:56,53,57,11653,28718
2023-05-15 12:53:57,53,56,11653,28718
2023-05-15 12:54:01,54,56,11653,28718
2023-05-15 12:54:10,54,56,11673,28743
2023-05-15 12:54:20,55,56,11673,28743
2023-05-15 12:54:28,55,57,11673,28743
2023-05-15 12:54:37,55,58,11673,28743
2023-05-15 12:54:37,55,57,11673,28743
2023-05-15 12:54:48,56,57,11673,28743
2023-05-15 12:55:02,55,57,11673,28763
2023-05-15 12:55:05,55,58,11673,28763
2023-05-15 12:55:06,56,58,11673,28763
2023-05-15 12:55:32,55,59,11673,28763
2023-05-15 12:55:35,56,59,11673,28763
2023-05-15 12:55:51,56,58,11673,28763
2023-05-15 12:55:53,55,58,11673,28763
2023-05-15 12:55:53,56,58,11673,28763
2023-05-15 12:56:01,56,58,11673,28963
2023-05-15 12:56:01,56,57,11673,28963
2023-05-15 12:56:01,56,58,11673,28963
2023-05-15 12:56:24,55,58,11673,28963
2023-05-15 12:56:26,56,58,11673,28963
2023-05-15 12:56:26,56,57,11673,28963
2023-05-15 12:56:42,54,57,11673,28963
2023-05-15 12:56:42,54,56,11673,28963
2023-05-15 12:56:44,54,55,11673,28963
2023-05-15 12:56:46,54,55,11673,29163
2023-05-15 12:56:48,53,55,11673,29163
2023-05-15 12:56:48,53,54,11673,29163
2023-05-15 12:56:54,53,55,11673,29163
2023-05-15 12:56:54,52,55,11673,29163
2023-05-15 12:57:30,51,55,11673,29163
2023-05-15 12:57:50,51,56,11673,29163
2023-05-15 12:57:55,52,56,11673,29163
2023-05-15 12:58:06,51,56,11673,29163
2023-05-15 12:58:16,51,55,11673,29163
2023-05-15 12:58:20,51,53,11673,29163
2023-05-15 12:58:26,51,52,11673,29163
2023-05-15 12:58:28,49,51,11671,29165
2023-05-15 12:58:51,50,51,11671,29165
2023-05-15 12:58:54,50,54,11671,29165
2023-05-15 12:58:54,50,53,11671,29165
2023-05-15 12:58:54,50,52,11671,29165
2023-05-15 12:59:04,49,52,11671,29165
2023-05-15 12:59:04,49,53,11671,29165
2023-05-15 12:59:04,49,51,11671,29165
2023-05-15 12:59:31,48,52,11671,29165
2023-05-15 12:59:36,48,50,11671,29165
2023-05-15 12:59:44,47,50,11671,29165
2023-05-15 12:59:44,47,49,11671,29165
2023-05-15 13:00:03,47,48,11671,29165
2023-05-15 13:00:39,46,47,11664,29172
2023-05-15 13:00:46,46,47,11664,29272
2023-05-15 13:00:47,47,48,11664,29365
2023-05-15 13:00:52,46,48,11664,29365
2023-05-15 13:00:52,46,48,11664,29365
2023-05-15 13:01:17,46,48,11664,29465
2023-05-15 13:01:29,46,49,11664,29565
2023-05-15 13:01:42,47,49,11664,29565
2023-05-15 13:02:09,47,50,11664,29565
2023-05-15 13:02:09,46,50,11664,29565
2023-05-15 13:02:11,46,50,11674,29575
2023-05-15 13:02:11,48,50,11674,29575
2023-05-15 13:02:30,49,50,11674,29575
2023-05-15 13:02:41,49,51,11674,29575
2023-05-15 13:02:41,49,50,11674,29575
2023-05-15 13:03:06,49,51,11674,29575
2023-05-15 13:03:06,50,51,11674,29575
2023-05-15 13:03:33,50,52,11674,29575
2023-05-15 13:03:46,51,52,11674,29575
2023-05-15 13:04:02,50,52,11674,29575
2023-05-15 13:04:07,50,51,11674,29575
2023-05-15 13:04:09,48,51,11674,29575
2023-05-15 13:04:09,49,51,11674,29575
2023-05-15 13:04:11,49,50,11674,29575
2023-05-15 13:04:25,47,49,11664,29685
2023-05-15 13:04:25,47,50,11664,29685
2023-05-15 13:04:39,46,50,11664,29685
2023-05-15 13:04:44,47,50,11664,29685
2023-05-15 13:04:44,47,49,11664,29685
2023-05-15 13:04:49,47,48,11664,29685
2023-05-15 13:04:49,47,49,11664,29685
2023-05-15 13:04:55,47,48,11664,29685
2023-05-15 13:05:09,47,49,11664,29685
2023-05-15 13:05:10,47,50,11664,29685
2023-05-15 13:05:14,46,50,11664,29685
2023-05-15 13:05:18,47,50,11664,29685
2023-05-15 13:05:18,47,49,11664,29685
2023-05-15 13:05:42,47,48,11664,29685
2023-05-15 13:05:44,46,48,11664,29885
2023-05-15 13:05:49,46,47,11664,29885
2023-05-15 13:05:49,46,48,11664,29885
2023-05-15 13:06:41,46,48,11656,30085
2023-05-15 13:06:42,47,48,11656,30085
2023-05-15 13:06:47,47,48,11656,30090
2023-05-15 13:07:03,46,47,11654,30092
2023-05-15 13:07:03,46,48,11654,30092
2023-05-15 13:07:06,46,47,11654,30092
2023-05-15 13:07:06,45,47,11654,30292
2023-05-15 13:07:07,45,46,11654,30292
2023-05-15 13:07:11,43,45,11651,30295
2023-05-15 13:07:38,43,46,11651,30295
2023-05-15 13:07:44,43,45,11651,30295
2023-05-15 13:08:05,43,44,11651,30295
2023-05-15 13:08:21,42,43,11631,30315
2023-05-15 13:08:21,42,44,11631,30315
2023-05-15 13:08:36,42,43,11631,30315
2023-05-15 13:08:40,42,43,11630,30316
2023-05-15 13:08:42,41,42,11605,30341
2023-05-15 13:08:42,41,43,11605,30341
2023-05-15 13:08:47,41,44,11605,30341
2023-05-15 13:08:51,40,41,11587,30479
2023-05-15 13:08:51,40,44,11587,30479
2023-05-15 13:08:51,40,43,11587,30479
2023-05-15 13:08:51,40,44,11587,30479
2023-05-15 13:08:51,40,43,11587,30479
2023-05-15 13:08:52,40,44,11587,30479
2023-05-15 13:08:52,41,44,11587,30479
2023-05-15 13:08:52,41,42,11587,30479
2023-05-15 13:08:53,42,44,11587,30499
2023-05-15 13:08:54,41,42,11587,30579
2023-05-15 13:08:54,41,44,11587,30579
2023-05-15 13:08:54,41,43,11587,30579
2023-05-15 13:08:54,41,42,11587,30579
2023-05-15 13:08:57,40,42,11587,30579
2023-05-15 13:09:03,39,40,11587,30629
2023-05-15 13:09:03,39,42,11587,30629
2023-05-15 13:09:12,39,41,11587,30629
2023-05-15 13:09:19,38,41,11587,30629
2023-05-15 13:09:36,38,39,11587,30629
2023-05-15 13:09:37,37,39,11587,30629
2023-05-15 13:09:37,37,39,11587,30729
2023-05-15 13:09:38,37,41,11587,30829
2023-05-15 13:09:59,37,40,11587,30829
2023-05-15 13:09:59,37,41,11587,30829
2023-05-15 13:10:01,37,40,11587,30829
2023-05-15 13:10:03,36,40,11587,30829
2023-05-15 13:10:09,35,40,11587,30829
2023-05-15 13:10:09,35,39,11587,30829
2023-05-15 13:10:10,34,35,11587,30849
2023-05-15 13:10:10,34,39,11587,30849
2023-05-15 13:10:10,34,38,11587,30849
2023-05-15 13:10:10,34,37,11587,30849
2023-05-15 13:10:12,34,38,11587,30849
2023-05-15 13:10:12,34,36,11587,30849
2023-05-15 13:10:14,33,34,11577,31009
2023-05-15 13:10:14,33,36,11577,31009
2023-05-15 13:10:17,33,37,11577,31009
2023-05-15 13:10:17,33,35,11577,31009
2023-05-15 13:10:19,32,33,11574,31012
2023-05-15 13:10:19,32,34,11574,31012
2023-05-15 13:10:19,32,35,11574,31012
2023-05-15 13:10:23,32,35,11580,31024
2023-05-15 13:10:26,32,37,11580,31024
2023-05-15 13:10:26,32,35,11580,31024
2023-05-15 13:10:26,32,34,11580,31024
2023-05-15 13:10:26,31,32,11596,31088
2023-05-15 13:10:26,31,34,11596,31088
2023-05-15 13:10:27,31,33,11596,31088
2023-05-15 13:10:27,29,30,11636,31136
2023-05-15 13:10:28,29,34,11649,31149
2023-05-15 13:10:28,29,33,11649,31149
2023-05-15 13:10:29,29,32,11649,31149
2023-05-15 13:10:29,29,33,11649,31149
2023-05-15 13:10:30,29,34,11649,31149
2023-05-15 13:10:30,29,32,11649,31149
2023-05-15 13:10:31,28,29,11749,31249
2023-05-15 13:10:31,28,32,11749,31249
2023-05-15 13:10:35,28,31,11749,31249
2023-05-15 13:10:40,28,32,11749,31249
2023-05-15 13:10:41,28,33,11749,31249
2023-05-15 13:10:45,28,35,11749,31249
2023-05-15 13:10:45,28,34,11749,31249
2023-05-15 13:10:45,28,32,11749,31249
2023-05-15 13:10:55,31,32,11749,31249
2023-05-15 13:10:56,28,31,11849,31349
2023-05-15 13:10:56,28,32,11849,31349
2023-05-15 13:10:57,31,32,11849,31349
2023-05-15 13:11:06,28,32,11849,31349
2023-05-15 13:11:15,32,34,11849,31442
2023-05-15 13:11:15,32,33,11849,31442
2023-05-15 13:11:22,32,35,11849,31442
2023-05-15 13:11:22,33,35,11849,31442
2023-05-15 13:11:24,33,36,11849,31442
2023-05-15 13:11:33,32,36,11849,31442
2023-05-15 13:11:35,32,37,11849,31442
2023-05-15 13:11:42,33,37,11849,31442
2023-05-15 13:11:45,32,37,11849,31442
2023-05-15 13:11:52,34,37,11849,31442
2023-05-15 13:12:07,34,36,11849,31442
2023-05-15 13:12:11,31,34,11849,31447
2023-05-15 13:12:11,31,36,11849,31447
2023-05-15 13:12:12,31,35,11849,31447
2023-05-15 13:12:12,30,35,11849,31447
2023-05-15 13:12:14,30,34,11849,31447
2023-05-15 13:12:14,30,35,11849,31447
2023-05-15 13:12:17,30,35,11849,31451
2023-05-15 13:12:18,32,35,11849,31451
2023-05-15 13:12:18,30,35,11849,31451
2023-05-15 13:12:18,33,35,11849,31451
2023-05-15 13:12:19,30,33,11849,31455
2023-05-15 13:12:19,30,35,11849,31455
2023-05-15 13:12:22,30,34,11849,31455
2023-05-15 13:12:22,30,35,11849,31455
2023-05-15 13:12:29,31,35,11849,31455
2023-05-15 13:12:29,31,36,11849,31455
2023-05-15 13:12:44,31,37,11849,31455
2023-05-15 13:12:44,31,36,11849,31455
2023-05-15 13:12:46,32,36,11849,31455
2023-05-15 13:12:46,32,33,11849,31455
2023-05-15 13:12:47,32,33,11849,31555
2023-05-15 13:12:48,33,35,11910,31616
2023-05-15 13:12:49,32,35,11949,31655
2023-05-15 13:12:49,32,33,11949,31655
2023-05-15 13:12:49,32,33,12010,31716
2023-05-15 13:12:50,33,35,12049,31755
2023-05-15 13:12:50,33,34,12049,31755
2023-05-15 13:12:51,33,35,12049,31755
2023-05-15 13:12:51,32,33,12210,31916
2023-05-15 13:12:51,32,35,12210,31916
2023-05-15 13:13:09,32,37,12210,31916
2023-05-15 13:13:09,33,37,12210,31916
2023-05-15 13:13:09,33,35,12210,31916
2023-05-15 13:13:19,33,35,12410,32116
2023-05-15 13:13:20,33,35,12610,32316
2023-05-15 13:13:20,32,35,12610,32316
2023-05-15 13:13:20,32,33,12610,32316
2023-05-15 13:13:25,32,33,12604,32322
2023-05-15 13:13:34,32,33,12604,32422
2023-05-15 13:13:36,33,35,12604,32516
2023-05-15 13:13:36,33,34,12604,32516
2023-05-15 13:13:38,32,34,12604,32516
2023-05-15 13:13:39,33,34,12604,32516
2023-05-15 13:13:47,33,35,12604,32516
2023-05-15 13:13:51,33,34,12604,32516
2023-05-15 13:14:14,33,34,12595,32525
2023-05-15 13:14:14,32,33,12595,32528
2023-05-15 13:14:14,32,34,12595,32528
2023-05-15 13:14:14,32,34,12653,32589
2023-05-15 13:14:14,32,33,12653,32589
2023-05-15 13:14:17,31,34,12653,32589
2023-05-15 13:14:22,31,33,12653,32589
2023-05-15 13:14:41,32,33,12653,32589
2023-05-15 13:14:49,32,34,12653,32589
2023-05-15 13:14:50,32,35,12653,32589
2023-05-15 13:14:51,32,34,12653,32589
2023-05-15 13:14:55,33,34,12653,32589
2023-05-15 13:14:56,32,33,12653,32592
2023-05-15 13:14:56,32,34,12653,32592
2023-05-15 13:14:56,32,33,12653,32592
2023-05-15 13:15:07,32,33,12849,32792
2023-05-15 13:15:08,32,33,13049,32992
2023-05-15 13:15:08,32,34,13049,32992
2023-05-15 13:15:08,31,32,13053,32996
2023-05-15 13:15:31,31,32,13054,33096
2023-05-15 13:15:32,32,33,13054,33097
2023-05-15 13:15:32,32,33,13059,33102
2023-05-15 13:15:50,31,32,13052,33109
2023-05-15 13:15:50,30,32,13054,33116
2023-05-15 13:15:57,30,31,13054,33116
2023-05-15 13:16:03,30,32,13051,33119
2023-05-15 13:16:06,30,31,13051,33119
2023-05-15 13:16:21,30,31,13051,33219
2023-05-15 13:16:22,30,31,13051,33319
2023-05-15 13:16:22,30,33,13051,33319
2023-05-15 13:16:23,30,32,13051,33319
2023-05-15 13:16:24,31,32,13051,33319
2023-05-15 13:16:29,30,32,13051,33319
2023-05-15 13:16:34,30,33,12851,33519
2023-05-15 13:16:37,29,33,13471,34145
2023-05-15 13:16:38,29,32,13471,34145
2023-05-15 13:16:45,29,33,13471,34145
2023-05-15 13:16:45,29,31,13471,34145
2023-05-15 13:16:46,31,33,13471,34165
2023-05-15 13:16:49,29,33,13471,34165
2023-05-15 13:16:52,30,33,13471,34165
2023-05-15 13:16:52,30,32,13471,34165
2023-05-15 13:16:52,30,31,13471,34165
2023-05-15 13:16:57,30,32,13471,34165
2023-05-15 13:17:19,29,32,13471,34165
2023-05-15 13:17:19,31,32,13471,34165
2023-05-15 13:17:21,31,33,13471,34165
2023-05-15 13:17:21,31,32,13471,34165
2023-05-15 13:17:23,31,33,13471,34165
2023-05-15 13:17:25,31,32,13471,34165
2023-05-15 13:17:35,31,32,13471,34215
2023-05-15 13:17:41,30,31,13474,34218
2023-05-15 13:17:41,29,31,13474,34218
2023-05-15 13:17:41,29,32,13474,34218
2023-05-15 13:17:41,29,30,13474,34218
2023-05-15 13:18:11,29,31,13474,34218
2023-05-15 13:18:11,29,30,13474,34218
2023-05-15 13:18:12,28,30,13474,34228
2023-05-15 13:18:12,28,29,13474,34228
2023-05-15 13:18:20,28,29,13464,34340
2023-05-15 13:18:23,28,30,13474,34350
2023-05-15 13:18:34,28,31,13474,34350
2023-05-15 13:18:34,28,29,13474,34350
2023-05-15 13:18:43,27,29,13474,34350
2023-05-15 13:18:43,27,31,13474,34350
2023-05-15 13:18:43,28,31,13474,34350
2023-05-15 13:18:43,28,30,13474,34350
2023-05-15 13:19:10,28,31,13474,34350
2023-05-15 13:19:19,28,32,13474,34350
2023-05-15 13:19:19,30,32,13474,34350
2023-05-15 13:19:32,29,32,13474,34350
2023-05-15 13:19:33,30,32,13474,34350
2023-05-15 13:19:33,32,33,13494,34370
2023-05-15 13:19:49,31,32,13574,34450
2023-05-15 13:19:49,31,33,13574,34450
2023-05-15 13:19:58,30,33,13574,34450
2023-05-15 13:19:58,32,33,13574,34450
2023-05-15 13:19:59,32,34,13574,34450
2023-05-15 13:20:12,33,34,13574,34450
2023-05-15 13:20:15,33,35,13574,34450
2023-05-15 13:20:15,33,34,13574,34450
2023-05-15 13:20:15,34,35,13579,34455
2023-05-15 13:20:16,34,35,13779,34655
2023-05-15 13:20:20,34,36,13779,34655
2023-05-15 13:20:34,35,36,13779,34655
2023-05-15 13:20:35,34,35,13779,34675
2023-05-15 13:20:35,34,36,13779,34675
2023-05-15 13:20:40,33,36,13779,34675
2023-05-15 13:20:40,33,37,13779,34675
2023-05-15 13:20:40,35,37,13779,34675
2023-05-15 13:21:07,33,37,13779,34675
2023-05-15 13:21:12,35,37,13779,34675
2023-05-15 13:21:31,34,37,13779,34675
2023-05-15 13:21:31,35,37,13779,34675
2023-05-15 13:21:31,37,38,13784,34680
2023-05-15 13:21:59,36,39,13784,34680
2023-05-15 13:22:00,35,39,13784,34680
2023-05-15 13:22:00,34,39,13784,34680
2023-05-15 13:22:00,33,39,13784,34680
2023-05-15 13:22:00,35,39,13784,34680
2023-05-15 13:22:02,36,39,13784,34680
2023-05-15 13:22:02,38,39,13784,34680
2023-05-15 13:22:02,38,40,13784,34680
2023-05-15 13:22:29,37,40,13784,34680
2023-05-15 13:22:29,36,40,13784,34680
2023-05-15 13:22:29,35,40,13784,34680
2023-05-15 13:22:34,37,40,13784,34680
2023-05-15 13:22:34,39,40,13784,34680
2023-05-15 13:23:00,37,41,13784,34680
2023-05-15 13:23:04,37,40,13784,34680
2023-05-15 13:23:04,39,40,13784,34680
2023-05-15 13:23:05,39,41,13784,34680
2023-05-15 13:23:06,39,40,13784,34680
2023-05-15 13:23:14,39,41,13784,34680
2023-05-15 13:23:31,37,41,13784,34680
2023-05-15 13:23:35,39,41,13784,34680
2023-05-15 13:23:35,39,40,13784,34680
2023-05-15 13:24:02,37,41,13784,34680
2023-05-15 13:24:05,38,41,13784,34680
2023-05-15 13:24:05,40,41,13784,34680
2023-05-15 13:24:32,38,41,13784,34680
2023-05-15 13:24:33,36,40,13784,34680
2023-05-15 13:24:33,35,40,13784,34680
2023-05-15 13:24:34,36,40,13784,34680
2023-05-15 13:24:34,38,40,13784,34680
2023-05-15 13:24:49,38,41,13784,34680
2023-05-15 13:24:49,39,41,13784,34680
2023-05-15 13:25:03,41,42,13789,34685
2023-05-15 13:25:29,39,42,13789,34685
2023-05-15 13:25:29,37,42,13789,34685
2023-05-15 13:25:29,39,42,13789,34685
2023-05-15 13:25:29,39,41,13789,34685
2023-05-15 13:25:38,40,41,13789,34685
2023-05-15 13:25:45,40,42,13789,34685
2023-05-15 13:25:45,42,43,13794,34690
2023-05-15 13:25:51,43,44,13799,34695
2023-05-15 13:26:07,42,43,13894,34790
2023-05-15 13:26:07,42,44,13894,34790
2023-05-15 13:26:09,42,43,13894,34790
2023-05-15 13:26:12,40,43,13894,34790
2023-05-15 13:26:12,41,43,13894,34790
2023-05-15 13:26:19,41,43,13899,34795
2023-05-15 13:26:19,42,43,13899,34795
2023-05-15 13:26:19,42,44,13899,34795
2023-05-15 13:26:28,43,44,13899,34795
2023-05-15 13:26:59,44,46,13904,34800
2023-05-15 13:27:13,44,45,13904,34800
2023-05-15 13:27:40,44,46,13904,34800
2023-05-15 13:28:01,45,46,13904,34800
2023-05-15 13:28:01,44,46,13904,34800
2023-05-15 13:28:01,44,46,13899,34805
2023-05-15 13:28:02,46,48,13704,35000
2023-05-15 13:28:02,44,48,13704,35000
2023-05-15 13:28:02,45,48,13704,35000
2023-05-15 13:28:03,45,50,13704,35000
2023-05-15 13:28:03,46,50,13704,35000
2023-05-15 13:28:03,48,50,13704,35000
2023-05-15 13:28:04,48,51,13704,35000
2023-05-15 13:28:04,48,50,13704,35000
2023-05-15 13:28:07,48,51,13704,35000
2023-05-15 13:28:11,47,51,13704,35000
2023-05-15 13:28:11,51,52,13724,35020
2023-05-15 13:28:11,51,52,13749,35045
2023-05-15 13:28:11,51,52,13774,35070
2023-05-15 13:28:11,51,52,13799,35095
2023-05-15 13:28:17,49,51,13799,35200
2023-05-15 13:28:27,49,51,13865,35286
2023-05-15 13:28:47,47,51,13865,35286
2023-05-15 13:28:47,47,50,13865,35286
2023-05-15 13:28:50,49,50,13865,35286
2023-05-15 13:28:53,49,51,13865,35286
2023-05-15 13:28:53,49,50,13865,35286
2023-05-15 13:29:16,48,51,13865,35286
2023-05-15 13:29:16,47,51,13865,35286
2023-05-15 13:29:19,49,51,13865,35286
2023-05-15 13:29:46,48,51,13865,35286
2023-05-15 13:29:46,47,51,13865,35286
2023-05-15 13:29:52,50,51,13865,35286
2023-05-15 13:29:58,52,53,13949,35470
2023-05-15 13:29:58,50,52,13965,35486
2023-05-15 13:29:58,50,53,13965,35486
2023-05-15 13:29:59,51,53,13965,35486
2023-05-15 13:29:59,50,53,13965,35486
2023-05-15 13:30:00,51,53,13965,35486
2023-05-15 13:30:00,50,53,13965,35486
2023-05-15 13:30:00,50,54,14026,35586
2023-05-15 13:30:00,51,54,14026,35586
2023-05-15 13:30:00,51,56,14026,35586
2023-05-15 13:30:00,51,55,14026,35586
2023-05-15 13:30:00,52,55,14026,35586
2023-05-15 13:30:00,52,56,14026,35586
2023-05-15 13:30:05,53,56,14026,35586
2023-05-15 13:30:10,56,57,14046,35606
2023-05-15 13:31:02,57,58,14046,35611
2023-05-15 13:31:02,56,58,14046,35611
2023-05-15 13:31:02,57,58,14046,35611
2023-05-15 13:31:06,58,59,13946,35716
2023-05-15 13:31:06,57,59,13946,35716
2023-05-15 13:31:06,56,59,13946,35716
2023-05-15 13:31:06,57,59,13946,35716
2023-05-15 13:31:06,58,59,13946,35716
2023-05-15 13:31:12,59,60,13946,35781
2023-05-15 13:31:12,58,60,13946,35781
2023-05-15 13:31:12,58,59,13946,35781
2023-05-15 13:31:12,58,59,13946,35801
2023-05-15 13:31:12,58,62,13946,35801
2023-05-15 13:31:12,60,62,14000,35855
2023-05-15 13:31:15,58,62,14000,35855
2023-05-15 13:31:16,61,62,14000,35855
2023-05-15 13:31:19,62,63,14000,35860
2023-05-15 13:31:19,61,63,14000,35860
2023-05-15 13:31:32,61,62,14000,35860
2023-05-15 13:31:35,60,61,13995,35865
2023-05-15 13:31:40,60,61,13995,35965
2023-05-15 13:31:40,57,60,13990,35970
2023-05-15 13:32:04,58,60,13990,35970
2023-05-15 13:32:08,57,60,13990,35970
2023-05-15 13:32:12,59,60,13990,35970
2023-05-15 13:32:14,59,60,14190,36170
2023-05-15 13:32:15,57,60,14190,36370
2023-05-15 13:32:15,57,59,14190,36370
2023-05-15 13:32:17,57,58,14190,36370
2023-05-15 13:32:22,56,57,14190,36375
2023-05-15 13:32:22,56,58,14190,36375
2023-05-15 13:32:24,54,58,14190,36375
2023-05-15 13:32:24,55,58,14190,36375
2023-05-15 13:32:24,55,57,14190,36375
2023-05-15 13:32:25,56,57,14190,36375
2023-05-15 13:32:50,56,58,14190,36375
2023-05-15 13:33:19,56,59,14190,36375
2023-05-15 13:33:20,56,59,14190,36375
2023-05-15 13:33:49,57,59,14190,36375
2023-05-15 13:34:21,56,59,14190,36375
2023-05-15 13:34:51,57,59,14190,36375
2023-05-15 13:35:04,59,60,14195,36380
2023-05-15 13:35:14,61,62,14205,36390
2023-05-15 13:35:14,61,62,14215,36400
2023-05-15 13:35:14,61,63,14215,36400
2023-05-15 13:35:40,59,63,14215,36400
2023-05-15 13:35:44,60,63,14215,36400
2023-05-15 13:35:44,60,62,14215,36400
2023-05-15 13:36:11,60,63,14215,36400
2023-05-15 13:36:16,61,63,14215,36400
2023-05-15 13:36:23,62,63,14215,36400
2023-05-15 13:36:32,60,63,14215,36400
2023-05-15 13:36:32,61,63,14215,36400
2023-05-15 13:36:55,60,63,14215,36700
2023-05-15 13:37:02,60,62,14215,36700
2023-05-15 13:37:21,60,61,14215,36700
2023-05-15 13:37:48,60,62,14215,36700
2023-05-15 13:37:51,60,61,14215,36700
2023-05-15 13:38:11,60,61,14215,36703
2023-05-15 13:38:20,60,62,14215,36703
2023-05-15 13:38:22,60,61,14215,36703
2023-05-15 13:38:40,60,61,14015,36903
2023-05-15 13:38:49,60,62,14015,36903
2023-05-15 13:38:50,60,63,14015,36903
2023-05-15 13:38:51,59,63,14010,36908
2023-05-15 13:38:53,59,61,14010,36908
2023-05-15 13:38:54,59,61,13810,37108
2023-05-15 13:39:00,59,62,13610,37308
2023-05-15 13:39:07,60,62,13610,37308
2023-05-15 13:39:35,59,62,13610,37308
2023-05-15 13:39:37,61,62,13610,37308
2023-05-15 13:40:05,60,62,13610,37308
2023-05-15 13:40:10,61,62,13610,37308
2023-05-15 13:40:37,60,62,13610,37308
2023-05-15 13:41:08,61,62,13610,37308
2023-05-15 13:41:08,60,62,13610,37308
2023-05-15 13:41:08,61,62,13610,37308
2023-05-15 13:41:09,62,63,13610,37313
2023-05-15 13:41:09,61,63,13610,37313
2023-05-15 13:41:11,62,63,13610,37313
2023-05-15 13:41:21,63,64,13610,37318
2023-05-15 13:41:21,62,64,13610,37318
2023-05-15 13:41:27,62,64,13415,37518
2023-05-15 13:41:27,63,64,13415,37518
2023-05-15 13:41:28,63,65,13415,37518
2023-05-15 13:41:28,63,64,13415,37518
2023-05-15 13:41:32,63,66,13215,37718
2023-05-15 13:41:39,63,67,13215,37718
2023-05-15 13:41:39,63,66,13215,37718
2023-05-15 13:41:49,64,66,13215,37718
2023-05-15 13:41:49,64,65,13215,37718
2023-05-15 13:41:49,65,66,13215,37818
2023-05-15 13:41:49,65,66,13220,37823
2023-05-15 13:41:49,65,66,13230,37833
2023-05-15 13:41:50,65,66,13283,37886
2023-05-15 13:41:50,65,66,13315,38024
2023-05-15 13:41:51,64,66,13315,38024
2023-05-15 13:41:51,64,65,13315,38024
2023-05-15 13:41:57,65,66,13315,38133
2023-05-15 13:41:57,64,66,13315,38133
2023-05-15 13:41:57,64,65,13315,38133
2023-05-15 13:41:58,65,66,13315,38148
2023-05-15 13:41:58,64,66,13315,38148
2023-05-15 13:41:59,66,67,13315,38153
2023-05-15 13:41:59,64,67,13315,38153
2023-05-15 13:41:59,65,67,13315,38153
2023-05-15 13:42:01,65,67,13124,38353
2023-05-15 13:42:02,65,67,13124,38553
2023-05-15 13:42:02,66,67,13124,38553
2023-05-15 13:42:02,68,69,13129,38558
2023-05-15 13:42:02,66,69,13324,38753
2023-05-15 13:42:02,66,68,13324,38753
2023-05-15 13:42:03,68,69,13377,38806
2023-05-15 13:42:03,66,69,13377,38806
2023-05-15 13:42:03,66,68,13377,38806
2023-05-15 13:42:03,66,69,13377,38806
2023-05-15 13:42:03,66,68,13377,38806
2023-05-15 13:42:04,66,68,13430,39006
2023-05-15 13:42:05,66,68,13430,39206
2023-05-15 13:42:05,67,68,13430,39206
2023-05-15 13:42:05,67,68,13481,39257
2023-05-15 13:42:05,67,69,13481,39257
2023-05-15 13:42:06,68,69,13481,39257
2023-05-15 13:42:06,70,71,13521,39297
2023-05-15 13:42:06,70,71,13541,39317
2023-05-15 13:42:06,70,71,13561,39337
2023-05-15 13:42:06,68,71,13581,39357
2023-05-15 13:42:06,68,70,13581,39357
2023-05-15 13:42:06,68,70,13601,39377
2023-05-15 13:42:06,68,71,13601,39377
2023-05-15 13:42:18,68,70,13601,39377
2023-05-15 13:42:28,68,71,13601,39377
2023-05-15 13:42:29,68,70,13601,39377
2023-05-15 13:42:32,68,71,13601,39377
2023-05-15 13:42:35,70,71,13601,39377
2023-05-15 13:42:41,70,72,13601,39377
2023-05-15 13:42:41,70,71,13601,39377
2023-05-15 13:42:48,71,72,13669,39445
2023-05-15 13:42:49,71,72,13732,39508
2023-05-15 13:43:15,70,72,13732,39508
2023-05-15 13:43:18,70,72,13732,39508
2023-05-15 13:43:24,71,72,13732,39508
2023-05-15 13:43:25,70,72,13692,39841
2023-05-15 13:43:27,72,73,13745,39894
2023-05-15 13:43:28,72,73,13798,39947
2023-05-15 13:43:29,72,74,13798,39947
2023-05-15 13:43:29,72,73,13798,39947
2023-05-15 13:43:29,72,74,13798,39947
2023-05-15 13:43:29,73,74,13798,39947
2023-05-15 13:43:32,74,75,13869,40018
2023-05-15 13:43:40,72,75,13869,40018
2023-05-15 13:43:40,73,75,13869,40018
2023-05-15 13:43:41,73,74,13869,40018
2023-05-15 13:43:49,73,74,13919,40068
2023-05-15 13:43:49,73,74,13939,40088
2023-05-15 13:43:49,72,73,13969,40118
2023-05-15 13:43:56,71,72,13949,40138
2023-05-15 13:43:56,71,73,13949,40138
2023-05-15 13:44:12,71,73,13949,40471
2023-05-15 13:44:16,71,73,13949,40671
2023-05-15 13:44:16,70,71,13949,40738
2023-05-15 13:44:25,70,71,13959,40748
2023-05-15 13:44:46,69,71,13959,40748
2023-05-15 13:44:46,68,71,13959,40748
2023-05-15 13:44:47,69,71,13959,40748
2023-05-15 13:44:48,69,70,13959,40748
2023-05-15 13:44:49,68,70,13959,40748
2023-05-15 13:45:08,69,70,13959,40748
2023-05-15 13:45:08,68,70,13959,40748
2023-05-15 13:45:09,69,70,13959,40748
2023-05-15 13:45:09,69,71,13959,40748
2023-05-15 13:45:15,69,72,13959,40748
2023-05-15 13:45:15,69,71,13959,40748
2023-05-15 13:45:15,69,70,13959,40748
2023-05-15 13:45:27,69,72,13959,40748
2023-05-15 13:45:27,69,71,13959,40748
2023-05-15 13:45:40,70,71,13959,40748
2023-05-15 13:46:00,71,72,14015,40814
2023-05-15 13:46:00,70,72,14015,40814
2023-05-15 13:46:06,70,73,14015,40814
2023-05-15 13:46:09,71,73,14015,40814
2023-05-15 13:46:09,71,72,14015,40814
2023-05-15 13:46:22,70,72,14015,40814
2023-05-15 13:46:22,70,73,14015,40814
2023-05-15 13:46:22,70,72,14015,40814
2023-05-15 13:46:24,70,71,14015,40814
2023-05-15 13:46:52,71,72,14083,40882
2023-05-15 13:46:52,71,73,14083,40882
2023-05-15 13:47:16,72,73,14083,40882
2023-05-15 13:47:16,72,73,14088,40887
2023-05-15 13:47:16,72,73,14093,40892
2023-05-15 13:47:43,71,73,14098,40897
2023-05-15 13:47:47,73,74,14118,40917
2023-05-15 13:47:47,73,74,14143,40942
2023-05-15 13:47:47,73,74,14168,40967
2023-05-15 13:47:47,71,74,14198,40997
2023-05-15 13:47:48,71,73,14198,40997
2023-05-15 13:48:18,72,73,14198,40997
2023-05-15 13:48:41,70,73,14198,40997
2023-05-15 13:48:42,71,73,14198,40997
2023-05-15 13:48:42,71,72,14198,40997
2023-05-15 13:48:42,71,73,14198,40997
2023-05-15 13:48:43,71,73,14254,41053
2023-05-15 13:48:56,71,73,14257,41056
2023-05-15 13:48:58,71,72,14257,41056
2023-05-15 13:49:08,70,73,14257,41056
2023-05-15 13:49:14,70,72,14257,41056
2023-05-15 13:49:14,71,72,14257,41056
2023-05-15 13:49:41,70,73,14257,41056
2023-05-15 13:49:46,71,73,14257,41056
2023-05-15 13:49:52,71,72,14257,41056
2023-05-15 13:50:00,70,72,14257,41056
2023-05-15 13:50:00,69,72,14257,41056
2023-05-15 13:50:00,70,72,14257,41056
2023-05-15 13:50:00,70,71,14257,41056
2023-05-15 13:50:01,70,71,14318,41117
2023-05-15 13:50:02,70,71,14379,41178
2023-05-15 13:50:06,70,71,14379,41378
2023-05-15 13:50:07,69,70,14379,41456
2023-05-15 13:50:07,69,71,14379,41456
2023-05-15 13:50:11,69,70,14379,41456
2023-05-15 13:50:13,69,71,14379,41456
2023-05-15 13:50:14,69,70,14379,41456
2023-05-15 13:50:23,69,71,14379,41456
2023-05-15 13:50:29,70,71,14379,41456
2023-05-15 13:50:31,70,72,14379,41456
2023-05-15 13:50:36,70,73,14379,41456
2023-05-15 13:50:36,71,73,14379,41456
2023-05-15 13:50:36,71,73,14384,41461
2023-05-15 13:50:36,71,72,14384,41461
2023-05-15 13:50:36,71,72,14389,41466
2023-05-15 13:50:36,71,73,14389,41466
2023-05-15 13:50:36,71,72,14389,41466
2023-05-15 13:50:43,71,72,14389,41799
2023-05-15 13:50:53,70,72,14389,41799
2023-05-15 13:50:53,70,72,14447,41857
2023-05-15 13:50:54,70,71,14447,41857
2023-05-15 13:51:13,70,71,14447,42057
2023-05-15 13:51:14,68,71,14447,42057
2023-05-15 13:51:14,69,71,14447,42057
2023-05-15 13:51:14,69,70,14447,42057
2023-05-15 13:51:16,68,70,14447,42057
2023-05-15 13:51:16,68,69,14447,42057
2023-05-15 13:51:33,68,69,14497,42107
2023-05-15 13:51:36,67,69,14497,42107
2023-05-15 13:51:36,67,68,14497,42107
2023-05-15 13:51:38,66,68,14497,42107
2023-05-15 13:51:52,66,67,14497,42107
2023-05-15 13:51:52,65,67,14517,42127
2023-05-15 13:51:52,65,66,14517,42127
2023-05-15 13:52:22,65,66,14520,42130
2023-05-15 13:52:22,62,66,14520,42130
2023-05-15 13:52:22,62,65,14520,42130
2023-05-15 13:52:48,62,66,14520,42130
2023-05-15 13:52:48,62,64,14520,42130
2023-05-15 13:53:07,62,66,14520,42130
2023-05-15 13:53:07,62,65,14520,42130
2023-05-15 13:53:13,62,63,14520,42130
2023-05-15 13:53:13,61,63,14475,42230
2023-05-15 13:53:13,61,62,14475,42230
2023-05-15 13:53:14,62,63,14523,42278
2023-05-15 13:53:14,61,63,14523,42278
2023-05-15 13:53:14,61,62,14523,42278
2023-05-15 13:53:15,62,63,14675,42430
2023-05-15 13:53:15,61,63,14675,42430
2023-05-15 13:53:16,61,63,14675,42630
2023-05-15 13:53:16,61,62,14675,42630
2023-05-15 13:53:17,62,63,14715,42670
2023-05-15 13:53:17,61,63,14715,42670
2023-05-15 13:53:18,61,63,14715,42870
2023-05-15 13:53:19,61,63,14715,43070
2023-05-15 13:53:20,61,63,14715,43270
2023-05-15 13:53:29,61,64,14715,43270
2023-05-15 13:53:29,61,62,14715,43270
2023-05-15 13:53:29,59,60,14715,43690
2023-05-15 13:53:29,60,62,14715,43770
2023-05-15 13:53:29,59,62,14715,43770
2023-05-15 13:53:29,59,61,14715,43770
2023-05-15 13:53:29,59,62,14715,43770
2023-05-15 13:53:30,59,62,14715,43970
2023-05-15 13:53:30,60,62,14715,43970
2023-05-15 13:53:31,59,62,14715,43970
2023-05-15 13:53:32,59,62,14715,44170
2023-05-15 13:53:33,59,62,14715,44370
2023-05-15 13:53:35,59,63,14715,44370
2023-05-15 13:53:35,61,63,14715,44370
2023-05-15 13:53:47,61,62,14715,44370
2023-05-15 13:53:48,59,62,14715,44370
2023-05-15 13:53:49,60,62,14715,44370
2023-05-15 13:53:52,60,62,14715,44385
2023-05-15 13:53:52,60,61,14715,44385
2023-05-15 13:54:03,60,61,14715,44570
2023-05-15 13:54:04,60,62,14715,44570
2023-05-15 13:54:04,58,62,14715,44570
2023-05-15 13:54:05,58,63,14715,44570
2023-05-15 13:54:05,58,61,14715,44570
2023-05-15 13:54:06,57,61,14715,44570
2023-05-15 13:54:19,56,61,14715,44570
2023-05-15 13:54:19,56,60,14715,44570
2023-05-15 13:54:20,56,61,14715,44570
2023-05-15 13:54:20,56,59,14715,44570
2023-05-15 13:54:20,55,59,14715,44570
2023-05-15 13:54:30,54,59,14715,44570
2023-05-15 13:54:31,54,60,14715,44570
2023-05-15 13:54:31,54,58,14715,44570
2023-05-15 13:54:43,54,60,14715,44650
2023-05-15 13:54:44,55,60,14715,44650
2023-05-15 13:54:44,56,60,14715,44650
2023-05-15 13:54:48,55,60,14715,44650
2023-05-15 13:54:51,55,59,14715,44650
2023-05-15 13:54:56,54,59,14715,44650
2023-05-15 13:55:03,53,59,14715,44650
2023-05-15 13:55:04,62,63,14795,44930
2023-05-15 13:55:04,60,63,14815,44950
2023-05-15 13:55:04,60,62,14815,44950
2023-05-15 13:55:04,60,63,14815,44950
2023-05-15 13:55:05,60,62,14815,44950
2023-05-15 13:55:28,60,61,14815,44950
2023-05-15 13:55:29,60,61,14815,45150
2023-05-15 13:55:30,58,61,14815,45150
2023-05-15 13:55:30,58,61,14815,45150
2023-05-15 13:55:33,56,61,14815,45150
2023-05-15 13:55:34,59,61,14815,45150
2023-05-15 13:55:35,61,62,14820,45155
2023-05-15 13:55:36,61,62,14820,45355
2023-05-15 13:55:37,59,61,14820,45550
2023-05-15 13:55:37,59,62,14820,45550
2023-05-15 13:55:40,59,61,14820,45550
2023-05-15 13:56:06,60,61,14820,45550
2023-05-15 13:56:13,60,61,14820,45750
2023-05-15 13:56:14,60,61,14820,45950
2023-05-15 13:56:17,60,61,14820,45960
2023-05-15 13:56:28,60,61,14720,46160
2023-05-15 13:56:31,59,60,14715,46165
2023-05-15 13:56:31,59,61,14715,46165
2023-05-15 13:56:36,59,60,14715,46165
2023-05-15 13:56:36,59,60,14710,46365
2023-05-15 13:56:36,59,60,14710,46565
2023-05-15 13:56:36,59,61,14710,46565
2023-05-15 13:56:37,59,60,14710,46565
2023-05-15 13:56:37,58,59,14710,46570
2023-05-15 13:56:37,58,60,14710,46570
2023-05-15 13:56:38,56,58,14705,46575
2023-05-15 13:56:38,56,60,14705,46575
2023-05-15 13:56:58,57,60,14705,46575
2023-05-15 13:57:05,57,59,14705,46575
2023-05-15 13:57:06,55,59,14705,46775
2023-05-15 13:57:07,56,59,14705,46775
2023-05-15 13:57:07,56,58,14705,46775
2023-05-15 13:57:08,56,58,14705,46975
2023-05-15 13:57:09,55,58,14765,47175
2023-05-15 13:57:18,54,58,14765,47175
2023-05-15 13:57:21,55,58,14765,47175
2023-05-15 13:57:22,55,57,14765,47175
2023-05-15 13:57:24,55,57,14965,47375
2023-05-15 13:57:26,54,55,15065,47475
2023-05-15 13:57:26,54,57,15065,47475
2023-05-15 13:57:46,54,56,15065,47475
2023-05-15 13:58:14,53,56,15065,47475
2023-05-15 13:58:19,54,56,15065,47475
2023-05-15 13:58:19,54,55,15065,47475
2023-05-15 13:58:47,53,55,15065,47475
2023-05-15 13:58:50,53,54,15065,47475
2023-05-15 13:59:07,52,54,15065,47475
2023-05-15 13:59:17,52,55,15065,47475
2023-05-15 13:59:20,52,54,15065,47475
2023-05-15 13:59:51,52,53,15065,47475
2023-05-15 14:00:06,50,52,15065,47485
2023-05-15 14:00:08,50,52,15120,47540
2023-05-15 14:00:08,50,51,15120,47540
2023-05-15 14:00:26,48,51,15120,47540
2023-05-15 14:00:26,48,50,15120,47540
2023-05-15 14:00:53,47,50,15120,47540
2023-05-15 14:00:53,46,50,15120,47540
2023-05-15 14:00:53,48,50,15120,47540
2023-05-15 14:00:54,47,50,15120,47540
2023-05-15 14:00:56,48,50,15120,47540
2023-05-15 14:00:58,47,50,15120,47540
2023-05-15 14:00:59,49,50,15120,47540
2023-05-15 14:01:10,47,49,15318,47738
2023-05-15 14:01:10,47,50,15318,47738
2023-05-15 14:01:10,47,51,15318,47738
2023-05-15 14:01:10,47,49,15318,47738
2023-05-15 14:01:17,47,51,15318,47738
2023-05-15 14:01:17,47,50,15318,47738
2023-05-15 14:01:24,47,51,15318,47738
2023-05-15 14:01:24,47,49,15318,47738
2023-05-15 14:01:26,47,49,15318,47748
2023-05-15 14:01:29,48,49,15318,47748
2023-05-15 14:01:36,48,49,15518,47948
2023-05-15 14:01:37,48,49,15518,47958
2023-05-15 14:01:37,46,48,15604,48044
2023-05-15 14:01:37,46,49,15604,48044
2023-05-15 14:01:38,45,49,15604,48044
2023-05-15 14:01:38,47,49,15604,48044
2023-05-15 14:01:38,45,47,15702,48142
2023-05-15 14:01:38,45,49,15702,48142
2023-05-15 14:01:40,45,48,15702,48142
2023-05-15 14:01:40,45,49,15702,48142
2023-05-15 14:01:41,45,48,15702,48142
2023-05-15 14:01:41,45,47,15702,48142
2023-05-15 14:02:00,45,49,15702,48142
2023-05-15 14:02:00,46,49,15702,48142
2023-05-15 14:02:00,46,48,15702,48142
2023-05-15 14:02:07,45,48,15702,48142
2023-05-15 14:02:07,43,48,15702,48142
2023-05-15 14:02:07,45,48,15702,48142
2023-05-15 14:02:07,45,47,15702,48142
2023-05-15 14:02:11,45,47,15702,48145
2023-05-15 14:02:34,45,49,15702,48145
2023-05-15 14:02:35,46,49,15702,48145
2023-05-15 14:02:35,46,48,15702,48145
2023-05-15 14:02:41,47,48,15702,48145
2023-05-15 14:02:53,46,47,15717,48160
2023-05-15 14:02:53,46,48,15717,48160
2023-05-15 14:02:55,44,48,15717,48160
2023-05-15 14:02:55,45,48,15717,48160
2023-05-15 14:02:55,45,47,15717,48160
2023-05-15 14:02:57,45,47,15771,48214
2023-05-15 14:02:57,45,47,15825,48268
2023-05-15 14:02:57,45,47,15825,48278
2023-05-15 14:02:57,45,46,15825,48278
2023-05-15 14:02:58,44,46,15825,48278
2023-05-15 14:03:05,44,47,15825,48278
2023-05-15 14:03:05,44,45,15825,48278
2023-05-15 14:03:10,44,47,15825,48278
2023-05-15 14:03:10,44,46,15825,48278
2023-05-15 14:03:28,46,48,15825,48289
2023-05-15 14:03:28,46,49,15825,48289
2023-05-15 14:03:28,46,50,15825,48289
2023-05-15 14:03:28,46,48,15825,48289
2023-05-15 14:03:30,47,48,15825,48289
2023-05-15 14:03:45,46,48,15825,48289
2023-05-15 14:03:45,46,49,15825,48289
2023-05-15 14:03:45,47,49,15825,48289
2023-05-15 14:03:45,49,50,15904,48368
2023-05-15 14:03:48,49,51,15904,48368
2023-05-15 14:03:51,49,50,15904,48368
2023-05-15 14:04:03,47,49,16018,48482
2023-05-15 14:04:03,47,50,16018,48482
2023-05-15 14:04:03,47,49,16018,48482
2023-05-15 14:04:03,46,49,16018,48482
2023-05-15 14:04:03,47,49,16018,48482
2023-05-15 14:04:29,47,51,16018,48482
2023-05-15 14:04:29,47,50,16018,48482
2023-05-15 14:04:31,47,51,16018,48482
2023-05-15 14:04:36,49,51,16018,48482
2023-05-15 14:05:03,47,51,16018,48482
2023-05-15 14:05:08,49,51,16018,48482
2023-05-15 14:05:30,48,51,16018,48482
2023-05-15 14:05:30,49,51,16018,48482
2023-05-15 14:05:30,51,52,16023,48487
2023-05-15 14:05:35,50,52,16023,48487
2023-05-15 14:05:35,52,53,16028,48492
2023-05-15 14:05:35,52,54,16028,48492
2023-05-15 14:05:57,50,54,16028,48492
2023-05-15 14:05:57,49,54,16028,48492
2023-05-15 14:05:57,50,54,16028,48492
2023-05-15 14:05:57,50,52,16028,48492
2023-05-15 14:06:20,50,54,16028,48492
2023-05-15 14:06:20,50,53,16028,48492
2023-05-15 14:06:20,52,53,16028,48492
2023-05-15 14:06:20,52,54,16028,48492
2023-05-15 14:06:50,51,54,16028,48492
2023-05-15 14:06:53,50,54,16028,48492
2023-05-15 14:06:53,52,54,16028,48492
2023-05-15 14:07:14,52,53,16028,48492
2023-05-15 14:07:18,50,53,16028,48680
2023-05-15 14:07:21,50,52,16028,48680
2023-05-15 14:07:47,50,53,16028,48680
2023-05-15 14:07:52,50,52,16028,48680
2023-05-15 14:08:10,50,51,16028,48680
2023-05-15 14:08:15,49,50,16028,48685
2023-05-15 14:08:15,49,51,16028,48685
2023-05-15 14:08:17,49,51,16228,48885
2023-05-15 14:08:18,49,50,16228,48885
2023-05-15 14:08:18,47,49,16307,48969
2023-05-15 14:08:18,47,50,16307,48969
2023-05-15 14:08:20,47,49,16307,48969
2023-05-15 14:08:21,47,49,16347,49009
2023-05-15 14:08:21,47,48,16347,49009
2023-05-15 14:08:36,46,48,16347,49009
2023-05-15 14:08:59,46,47,16347,49009
2023-05-15 14:09:03,44,47,16347,49009
2023-05-15 14:09:05,43,47,16347,49009
2023-05-15 14:09:06,45,47,16347,49009
2023-05-15 14:09:09,45,46,16347,49009
2023-05-15 14:09:33,43,46,16347,49009
2023-05-15 14:09:39,44,46,16347,49009
2023-05-15 14:10:10,45,46,16347,49009
2023-05-15 14:10:13,45,47,16347,49009
2023-05-15 14:10:20,45,47,16347,49109
2023-05-15 14:10:22,47,48,16347,49192
2023-05-15 14:10:29,48,49,16347,49212
2023-05-15 14:10:33,49,50,16352,49217
2023-05-15 14:10:34,49,50,16357,49222
2023-05-15 14:10:34,49,51,16357,49222
2023-05-15 14:10:39,49,50,16357,49222
2023-05-15 14:11:00,47,50,16357,49222
2023-05-15 14:11:05,49,50,16357,49222
2023-05-15 14:11:31,47,50,16357,49222
2023-05-15 14:11:31,48,50,16357,49222
2023-05-15 14:11:48,48,49,16357,49222
2023-05-15 14:11:48,48,49,16557,49422
2023-05-15 14:11:49,47,48,16552,49427
2023-05-15 14:11:54,47,49,16552,49427
2023-05-15 14:11:54,47,48,16552,49427
2023-05-15 14:11:54,45,48,16552,49432
2023-05-15 14:11:54,45,47,16552,49432
2023-05-15 14:11:54,45,46,16552,49432
2023-05-15 14:12:00,45,46,16752,49632
2023-05-15 14:12:00,44,46,16752,49632
2023-05-15 14:12:00,44,47,16752,49632
2023-05-15 14:12:00,44,45,16752,49632
2023-05-15 14:12:12,43,45,16752,49632
2023-05-15 14:12:18,43,46,16752,49632
2023-05-15 14:12:19,43,44,16752,49632
2023-05-15 14:12:45,43,46,16752,49632
2023-05-15 14:12:46,43,45,16752,49632
2023-05-15 14:12:51,43,44,16752,49632
2023-05-15 14:13:02,43,44,16752,49637
2023-05-15 14:13:17,43,45,16752,49637
2023-05-15 14:13:17,43,44,16752,49637
2023-05-15 14:13:48,43,45,16752,49637
2023-05-15 14:13:49,43,46,16752,49637
2023-05-15 14:13:49,43,45,16752,49637
2023-05-15 14:14:11,43,44,16752,49637
2023-05-15 14:14:20,43,46,16752,49637
2023-05-15 14:14:20,43,45,16752,49637
2023-05-15 14:15:01,43,46,16752,49637
2023-05-15 14:15:01,43,44,16752,49637
2023-05-15 14:15:01,43,45,16752,49637
2023-05-15 14:15:01,43,46,16752,49637
2023-05-15 14:15:01,43,44,16752,49637
2023-05-15 14:15:01,43,46,16752,49637
2023-05-15 14:15:01,43,45,16752,49637
2023-05-15 14:15:07,43,44,16752,49637
2023-05-15 14:15:07,40,44,16752,49647
2023-05-15 14:15:09,41,43,16752,49647
2023-05-15 14:15:16,40,43,16752,49647
2023-05-15 14:15:33,40,45,16752,49647
2023-05-15 14:15:33,40,44,16752,49647
2023-05-15 14:15:35,41,44,16752,49647
2023-05-15 14:15:57,42,44,16752,49647
2023-05-15 14:15:58,42,44,16752,49747
2023-05-15 14:15:58,43,44,16752,49747
2023-05-15 14:15:58,43,47,16752,49747
2023-05-15 14:15:58,43,45,16752,49747
2023-05-15 14:15:59,44,45,16752,49747
2023-05-15 14:16:01,44,45,16752,49847
2023-05-15 14:16:03,44,45,16752,49947
2023-05-15 14:16:04,45,47,16752,50007
2023-05-15 14:16:04,45,46,16752,50007
2023-05-15 14:16:05,43,46,16752,50007
2023-05-15 14:16:09,43,47,16752,50007
2023-05-15 14:16:23,44,47,16752,50007
2023-05-15 14:16:23,44,48,16752,50007
2023-05-15 14:16:23,44,47,16752,50007
2023-05-15 14:16:25,43,47,16752,50007
2023-05-15 14:16:25,45,47,16752,50007
2023-05-15 14:16:29,47,49,16580,50179
2023-05-15 14:16:29,45,49,16580,50179
2023-05-15 14:16:29,45,48,16580,50179
2023-05-15 14:16:32,45,49,16580,50179
2023-05-15 14:16:34,46,49,16580,50179
2023-05-15 14:16:34,48,49,16580,50179
2023-05-15 14:16:34,48,50,16580,50179
2023-05-15 14:16:34,48,49,16580,50179
2023-05-15 14:16:38,48,50,16580,50179
2023-05-15 14:16:47,48,50,16595,50194
2023-05-15 14:16:47,48,50,16610,50209
2023-05-15 14:16:57,48,50,16610,50409
2023-05-15 14:16:58,48,50,16410,50609
2023-05-15 14:16:59,49,50,16410,50609
2023-05-15 14:16:59,50,52,16293,50731
2023-05-15 14:16:59,49,52,16293,50731
2023-05-15 14:17:00,50,52,16293,50731
2023-05-15 14:17:00,50,52,16093,50931
2023-05-15 14:17:01,50,54,16093,50931
2023-05-15 14:17:01,52,54,16093,50931
2023-05-15 14:17:03,52,54,16093,51131
2023-05-15 14:17:03,52,53,16093,51131
2023-05-15 14:17:05,50,53,16093,51131
2023-05-15 14:17:05,51,53,16093,51131
2023-05-15 14:17:05,53,54,16113,51151
2023-05-15 14:17:05,53,54,16133,51171
2023-05-15 14:17:06,53,54,16153,51191
2023-05-15 14:17:24,51,54,16153,51191
2023-05-15 14:17:24,52,54,16153,51191
2023-05-15 14:17:24,54,55,16311,51349
2023-05-15 14:17:24,52,55,16409,51447
2023-05-15 14:17:25,52,54,16409,51447
2023-05-15 14:17:26,53,54,16409,51447
2023-05-15 14:17:31,53,55,16409,51447
2023-05-15 14:17:34,52,53,16494,51532
2023-05-15 14:17:46,52,55,16494,51532
2023-05-15 14:17:46,52,54,16494,51532
2023-05-15 14:17:48,52,53,16494,51532
2023-05-15 14:17:49,52,53,16694,51732
2023-05-15 14:17:50,51,52,16694,51737
2023-05-15 14:17:50,51,53,16694,51737
2023-05-15 14:17:50,51,52,16694,51737
2023-05-15 14:17:50,51,53,16694,51737
2023-05-15 14:17:50,51,52,16694,51737
2023-05-15 14:17:50,51,53,16694,51737
2023-05-15 14:17:51,51,53,16894,51937
2023-05-15 14:17:51,51,53,17064,52107
2023-05-15 14:17:51,49,51,17205,52248
2023-05-15 14:17:53,49,51,17325,52448
2023-05-15 14:17:56,49,51,17388,52511
2023-05-15 14:17:57,49,51,17588,52711
2023-05-15 14:18:04,47,49,17583,52716
2023-05-15 14:18:06,47,50,17583,52716
2023-05-15 14:18:06,47,48,17583,52716
2023-05-15 14:18:06,45,46,17583,52756
2023-05-15 14:18:07,44,46,17583,52756
2023-05-15 14:18:07,45,46,17583,52756
2023-05-15 14:18:08,45,46,17583,52776
2023-05-15 14:18:10,44,46,17583,52776
2023-05-15 14:18:13,44,47,17583,52776
2023-05-15 14:18:14,44,46,17583,52776
2023-05-15 14:18:14,43,44,17583,52818
2023-05-15 14:18:28,43,44,17383,53018
2023-05-15 14:18:29,44,46,17371,53030
2023-05-15 14:18:29,43,46,17371,53030
2023-05-15 14:18:29,43,45,17371,53030
2023-05-15 14:18:30,44,45,17371,53030
2023-05-15 14:18:31,44,46,17371,53030
2023-05-15 14:18:31,44,45,17371,53030
2023-05-15 14:18:33,44,46,17371,53030
2023-05-15 14:18:39,45,46,17371,53030
2023-05-15 14:18:43,44,46,17371,53030
2023-05-15 14:18:57,43,46,17371,53030
2023-05-15 14:18:58,43,47,17371,53030
2023-05-15 14:18:59,46,47,17371,53030
2023-05-15 14:19:01,47,48,17291,53134
2023-05-15 14:19:01,46,48,17291,53134
2023-05-15 14:19:04,46,48,17091,53334
2023-05-15 14:19:06,46,49,17091,53334
2023-05-15 14:19:06,47,49,17091,53334
2023-05-15 14:19:24,45,49,17091,53334
2023-05-15 14:19:25,45,47,17091,53334
2023-05-15 14:19:32,46,47,17091,53334
2023-05-15 14:19:37,46,49,17091,53334
2023-05-15 14:19:37,47,49,17091,53334
2023-05-15 14:19:38,47,48,17091,53334
2023-05-15 14:19:52,47,49,17091,53334
2023-05-15 14:20:04,45,48,17091,53334
2023-05-15 14:20:04,44,48,17091,53334
2023-05-15 14:20:04,45,48,17091,53334
2023-05-15 14:20:11,46,48,17091,53334
2023-05-15 14:20:19,46,49,17091,53334
2023-05-15 14:20:20,45,49,17091,53334
2023-05-15 14:20:20,47,49,17091,53334
2023-05-15 14:20:27,49,50,17096,53339
2023-05-15 14:20:28,49,51,17096,53339
2023-05-15 14:20:49,49,50,17096,53339
2023-05-15 14:20:51,47,49,17257,53500
2023-05-15 14:20:51,47,50,17257,53500
2023-05-15 14:20:53,46,50,17257,53500
2023-05-15 14:20:54,46,50,17257,53500
2023-05-15 14:20:54,48,50,17257,53500
2023-05-15 14:21:28,48,49,17257,53500
2023-05-15 14:21:30,45,49,17257,53500
2023-05-15 14:21:30,46,49,17257,53500
2023-05-15 14:21:30,46,48,17257,53500
2023-05-15 14:21:58,46,50,17257,53500
2023-05-15 14:22:03,47,50,17257,53500
2023-05-15 14:22:03,47,49,17257,53500
2023-05-15 14:22:30,47,50,17257,53500
2023-05-15 14:22:33,48,50,17257,53500
2023-05-15 14:22:39,48,49,17257,53500
2023-05-15 14:22:46,47,48,17252,53505
2023-05-15 14:23:13,47,49,17252,53505
2023-05-15 14:23:44,47,50,17252,53505
2023-05-15 14:23:45,47,49,17252,53505
2023-05-15 14:23:53,47,50,17252,53505
2023-05-15 14:23:53,48,50,17252,53505
2023-05-15 14:24:06,50,51,17257,53510
2023-05-15 14:24:20,48,51,17257,53510
2023-05-15 14:24:20,47,51,17257,53510
2023-05-15 14:24:20,48,51,17257,53510
2023-05-15 14:24:20,48,50,17257,53510
2023-05-15 14:24:50,49,50,17257,53510
2023-05-15 14:25:01,50,51,17257,53576
2023-05-15 14:25:09,50,51,17336,53655
2023-05-15 14:25:09,50,52,17336,53655
2023-05-15 14:25:09,50,51,17336,53655
2023-05-15 14:25:10,50,52,17336,53655
2023-05-15 14:25:11,50,51,17336,53655
2023-05-15 14:25:31,52,53,17257,53938
2023-05-15 14:25:39,52,54,17257,53938
2023-05-15 14:25:39,50,54,16980,54215
2023-05-15 14:25:40,50,53,16980,54215
2023-05-15 14:25:43,51,53,16980,54215
2023-05-15 14:25:44,51,52,16980,54215
2023-05-15 14:25:47,51,53,16980,54215
2023-05-15 14:25:58,51,52,16980,54215
2023-05-15 14:26:00,49,52,16980,54215
2023-05-15 14:26:00,49,51,16980,54215
2023-05-15 14:26:02,48,51,17058,54298
2023-05-15 14:26:02,48,49,17058,54298
2023-05-15 14:26:06,50,51,17145,54385
2023-05-15 14:26:06,50,52,17145,54385
2023-05-15 14:26:17,50,53,17145,54385
2023-05-15 14:26:17,52,53,17145,54385
2023-05-15 14:26:22,52,54,17145,54385
2023-05-15 14:26:34,51,54,17145,54385
2023-05-15 14:26:34,53,54,17145,54385
2023-05-15 14:26:40,54,55,17145,54390
2023-05-15 14:26:40,53,55,17145,54390
2023-05-15 14:26:41,54,55,17145,54390
2023-05-15 14:26:41,54,55,16990,54590
2023-05-15 14:26:41,54,57,16990,54590
2023-05-15 14:26:42,55,57,16990,54590
2023-05-15 14:26:42,55,57,16995,54595
2023-05-15 14:26:57,55,57,16998,54598
2023-05-15 14:27:04,53,57,16998,54598
2023-05-15 14:27:04,54,57,16998,54598
2023-05-15 14:27:04,54,56,16998,54598
2023-05-15 14:27:07,54,55,16998,54598
2023-05-15 14:27:14,52,55,16998,54598
2023-05-15 14:27:15,49,55,16998,54598
2023-05-15 14:27:19,49,54,16998,54598
2023-05-15 14:27:24,49,53,16998,54598
2023-05-15 14:27:40,49,54,16998,54598
2023-05-15 14:27:54,51,54,16998,54598
2023-05-15 14:27:54,51,53,16998,54598
2023-05-15 14:28:21,51,55,16998,54598
2023-05-15 14:28:22,51,54,16998,54598
2023-05-15 14:28:26,52,54,16998,54598
2023-05-15 14:28:45,54,56,17062,54662
2023-05-15 14:28:46,54,55,17062,54662
2023-05-15 14:28:46,54,55,17116,54716
2023-05-15 14:28:58,52,55,17111,54831
2023-05-15 14:29:10,53,55,17111,54831
2023-05-15 14:29:12,53,54,17111,54831
2023-05-15 14:29:41,52,53,17106,54836
2023-05-15 14:29:42,51,53,17106,54836
2023-05-15 14:30:09,49,53,17106,54836
2023-05-15 14:30:09,48,55,17106,54836
2023-05-15 14:30:15,49,55,17106,54836
2023-05-15 14:30:16,52,55,17106,54836
2023-05-15 14:30:16,52,54,17106,54836
2023-05-15 14:30:43,51,54,17106,54836
2023-05-15 14:30:43,47,54,17106,54836
2023-05-15 14:30:46,49,54,17106,54836
2023-05-15 14:30:46,51,54,17106,54836
2023-05-15 14:30:46,51,53,17106,54836
2023-05-15 14:31:13,51,54,17106,54836
2023-05-15 14:31:14,50,54,17106,54836
2023-05-15 14:31:14,47,54,17106,54836
2023-05-15 14:31:15,47,55,17106,54836
2023-05-15 14:31:16,52,55,17106,54836
2023-05-15 14:31:16,52,54,17106,54836
2023-05-15 14:31:18,53,54,17106,54836
2023-05-15 14:31:34,53,54,16906,55036
2023-05-15 14:31:35,54,55,16811,55136
2023-05-15 14:31:35,53,55,16811,55136
2023-05-15 14:31:36,55,57,16874,55199
2023-05-15 14:31:36,55,56,16874,55199
2023-05-15 14:32:02,53,56,16874,55199
2023-05-15 14:32:02,52,56,16874,55199
2023-05-15 14:32:07,55,56,16874,55199
2023-05-15 14:32:20,56,57,16874,55204
2023-05-15 14:32:20,55,57,16874,55204
2023-05-15 14:32:21,56,57,16874,55204
2023-05-15 14:32:21,57,59,16801,55277
2023-05-15 14:32:21,56,59,16801,55277
2023-05-15 14:32:23,57,59,16801,55277
2023-05-15 14:32:23,57,60,16801,55277
2023-05-15 14:32:25,57,60,16862,55338
2023-05-15 14:32:26,57,60,16898,55374
2023-05-15 14:32:31,56,60,16898,55374
2023-05-15 14:32:32,57,60,16898,55374
2023-05-15 14:32:32,60,61,16923,55399
2023-05-15 14:32:42,60,61,16943,55419
2023-05-15 14:32:44,59,60,16943,55423
2023-05-15 14:32:52,58,59,17015,55500
2023-05-15 14:32:52,58,60,17015,55500
2023-05-15 14:33:02,58,59,17015,55500
2023-05-15 14:33:03,57,58,17015,55505
2023-05-15 14:33:03,57,59,17015,55505
2023-05-15 14:33:04,57,58,17015,55505
2023-05-15 14:33:06,56,58,17015,55505
2023-05-15 14:33:08,54,56,17159,55669
2023-05-15 14:33:08,54,58,17159,55669
2023-05-15 14:33:08,54,57,17159,55669
2023-05-15 14:33:09,53,57,17159,55669
2023-05-15 14:33:09,55,57,17159,55669
2023-05-15 14:33:09,55,56,17159,55669
2023-05-15 14:33:10,53,55,17231,55741
2023-05-15 14:33:10,53,56,17231,55741
2023-05-15 14:33:13,54,56,17231,55741
2023-05-15 14:33:15,54,56,17231,55745
2023-05-15 14:34:20,54,56,17253,55772
2023-05-15 14:34:40,53,56,17253,55772
2023-05-15 14:34:44,53,55,17253,55772
2023-05-15 14:34:44,54,55,17253,55772
2023-05-15 14:35:08,53,55,17253,55843
2023-05-15 14:35:14,50,55,17253,55843
2023-05-15 14:35:17,51,55,17253,55843
2023-05-15 14:35:17,53,55,17253,55843
2023-05-15 14:35:36,51,53,17248,55848
2023-05-15 14:35:36,51,53,17253,55853
2023-05-15 14:35:38,51,53,17280,55880
2023-05-15 14:36:07,51,52,17280,55880
2023-05-15 14:36:07,52,53,17280,55935
2023-05-15 14:36:07,51,53,17280,55935
2023-05-15 14:36:08,51,52,17280,55935
2023-05-15 14:36:08,51,53,17280,55935
2023-05-15 14:36:08,51,52,17280,55935
2023-05-15 14:36:08,51,53,17280,55935
2023-05-15 14:36:08,52,53,17280,55935
2023-05-15 14:36:08,51,53,17280,55935
2023-05-15 14:36:09,51,52,17280,55935
2023-05-15 14:36:10,52,53,17337,55992
2023-05-15 14:36:12,53,54,17337,56062
2023-05-15 14:36:12,52,54,17337,56062
2023-05-15 14:36:16,51,54,17559,56284
2023-05-15 14:36:32,51,53,17559,56284
2023-05-15 14:36:34,51,52,17559,56284
2023-05-15 14:36:45,50,51,17559,56289
2023-05-15 14:36:45,50,52,17559,56289
2023-05-15 14:36:45,50,51,17559,56289
2023-05-15 14:36:47,48,50,17549,56299
2023-05-15 14:36:49,48,50,17640,56390
2023-05-15 14:36:49,48,50,17698,56448
2023-05-15 14:37:03,49,50,17698,56448
2023-05-15 14:37:04,50,52,17722,56472
2023-05-15 14:37:04,50,51,17722,56472
2023-05-15 14:37:05,49,51,17767,56517
2023-05-15 14:37:13,50,51,17767,56517
2023-05-15 14:37:16,51,54,17772,56522
2023-05-15 14:37:16,51,53,17772,56522
2023-05-15 14:37:19,51,53,17840,56590
2023-05-15 14:37:20,51,54,17840,56590
2023-05-15 14:37:20,51,53,17840,56590
2023-05-15 14:37:40,53,55,17840,56595
2023-05-15 14:37:40,51,55,17840,56595
2023-05-15 14:37:40,51,54,17840,56595
2023-05-15 14:37:44,51,55,17840,56595
2023-05-15 14:37:45,52,55,17840,56595
2023-05-15 14:37:45,54,55,17840,56595
2023-05-15 14:38:12,53,55,17840,56595
2023-05-15 14:38:13,52,55,17840,56595
2023-05-15 14:38:13,55,56,17845,56600
2023-05-15 14:38:41,52,56,17845,56600
2023-05-15 14:38:45,55,56,17845,56600
2023-05-15 14:38:50,52,56,17845,56600
2023-05-15 14:38:50,52,55,17845,56600
2023-05-15 14:38:50,53,55,17845,56600
2023-05-15 14:38:51,53,55,17946,56701
2023-05-15 14:38:52,53,55,18013,56768
2023-05-15 14:39:01,53,54,18013,56768
2023-05-15 14:39:08,53,55,18013,56768
2023-05-15 14:39:21,53,54,18013,56768
2023-05-15 14:39:23,52,54,18013,56773
2023-05-15 14:39:51,48,54,18013,56773
2023-05-15 14:39:54,51,54,18013,56773
2023-05-15 14:39:54,51,53,18013,56773
2023-05-15 14:40:07,51,52,18013,56773
2023-05-15 14:40:07,50,52,18013,56778
2023-05-15 14:40:11,51,52,18068,56833
2023-05-15 14:40:11,51,52,18124,56889
2023-05-15 14:40:21,51,53,18124,56889
2023-05-15 14:40:24,49,53,18124,56889
2023-05-15 14:40:29,50,53,18124,56889
2023-05-15 14:40:29,52,53,18124,56889
2023-05-15 14:40:37,52,53,18142,56907
2023-05-15 14:40:41,49,52,18142,56907
2023-05-15 14:40:42,48,52,18142,56907
2023-05-15 14:40:43,50,52,18142,56907
2023-05-15 14:40:43,50,51,18142,56907
2023-05-15 14:40:56,50,52,18142,56907
2023-05-15 14:40:59,50,51,18142,56907
2023-05-15 14:41:12,50,52,18142,56907
2023-05-15 14:41:15,50,51,18142,56907
2023-05-15 14:41:20,50,53,18142,56907
2023-05-15 14:41:20,51,53,18142,56907
2023-05-15 14:41:32,50,53,18142,56907
2023-05-15 14:41:36,52,53,18142,56907
2023-05-15 14:41:49,50,53,18142,56907
2023-05-15 14:41:51,51,53,18142,56907
2023-05-15 14:42:03,50,53,18142,56907
2023-05-15 14:42:08,51,53,18142,56907
2023-05-15 14:42:18,51,53,18197,56962
2023-05-15 14:42:19,50,53,18197,56962
2023-05-15 14:42:23,52,53,18197,56962
2023-05-15 14:42:23,52,53,18252,57017
2023-05-15 14:42:35,51,53,18252,57017
2023-05-15 14:42:35,50,53,18252,57017
2023-05-15 14:42:35,53,54,18252,57022
2023-05-15 14:42:35,50,54,18252,57022
2023-05-15 14:42:36,51,54,18252,57022
2023-05-15 14:42:36,50,54,18252,57022
2023-05-15 14:42:38,53,54,18252,57022
2023-05-15 14:42:43,50,54,18252,57022
2023-05-15 14:42:43,51,54,18252,57022
2023-05-15 14:42:43,51,53,18252,57022
2023-05-15 14:42:45,51,53,18350,57120
2023-05-15 14:42:55,51,54,18350,57120
2023-05-15 14:42:59,51,53,18350,57120
2023-05-15 14:42:59,51,52,18350,57120
2023-05-15 14:43:11,50,52,18350,57120
2023-05-15 14:43:11,50,53,18350,57120
2023-05-15 14:43:12,49,53,18350,57120
2023-05-15 14:43:15,51,53,18350,57120
2023-05-15 14:43:23,50,53,18350,57120
2023-05-15 14:43:23,52,53,18350,57120
2023-05-15 14:43:23,52,54,18350,57120
2023-05-15 14:43:23,52,53,18350,57120
2023-05-15 14:43:27,52,54,18350,57120
2023-05-15 14:43:33,52,54,18445,57215
2023-05-15 14:43:52,50,54,18445,57215
2023-05-15 14:43:52,52,54,18445,57215
2023-05-15 14:43:54,52,53,18445,57215
2023-05-15 14:43:59,50,52,18440,57220
2023-05-15 14:44:11,50,51,18440,57220
2023-05-15 14:44:12,49,51,18440,57220
2023-05-15 14:44:13,49,50,18440,57220
2023-05-15 14:44:16,48,50,18425,57235
2023-05-15 14:44:28,48,51,18425,57235
2023-05-15 14:44:29,48,50,18425,57235
2023-05-15 14:44:31,48,49,18425,57235
2023-05-15 14:44:42,46,48,18420,57240
2023-05-15 14:44:44,45,48,18482,57302
2023-05-15 14:44:47,44,48,18482,57302
2023-05-15 14:44:51,44,46,18482,57302
2023-05-15 14:44:51,44,45,18482,57302
2023-05-15 14:45:06,46,48,18530,57350
2023-05-15 14:45:10,44,48,18800,57620
2023-05-15 14:45:10,44,47,18800,57620
2023-05-15 14:45:15,45,47,18800,57620
2023-05-15 14:45:17,44,47,18800,57620
2023-05-15 14:45:17,44,48,18800,57620
2023-05-15 14:45:17,44,47,18800,57620
2023-05-15 14:45:17,44,46,18800,57620
2023-05-15 14:45:17,44,47,18800,57620
2023-05-15 14:45:17,44,45,18800,57620
2023-05-15 14:45:18,45,47,18800,57660
2023-05-15 14:45:18,47,48,18917,57777
2023-05-15 14:45:19,45,47,19049,57909
2023-05-15 14:45:19,45,48,19049,57909
2023-05-15 14:45:20,45,47,19049,57909
2023-05-15 14:45:21,45,46,19049,57909
2023-05-15 14:45:30,44,46,19049,57909
2023-05-15 14:45:32,42,46,19111,57991
2023-05-15 14:45:34,42,45,19111,57991
2023-05-15 14:45:34,42,44,19111,57991
2023-05-15 14:45:34,41,44,19111,57991
2023-05-15 14:45:34,42,44,19111,57991
2023-05-15 14:45:45,41,44,19111,57991
2023-05-15 14:46:03,40,44,19111,57991
2023-05-15 14:46:06,40,43,19111,57991
2023-05-15 14:46:17,40,44,19111,57991
2023-05-15 14:46:18,40,43,19111,57991
2023-05-15 14:46:23,39,43,19111,57991
2023-05-15 14:46:23,39,41,19111,57991
2023-05-15 14:46:29,38,41,19111,57991
2023-05-15 14:46:29,38,39,19111,57991
2023-05-15 14:46:38,37,38,19111,58091
2023-05-15 14:46:48,37,39,19111,58091
2023-05-15 14:46:48,38,39,19111,58091
2023-05-15 14:47:00,37,39,19111,58091
2023-05-15 14:47:05,38,39,19111,58091
2023-05-15 14:47:17,35,39,19111,58091
2023-05-15 14:47:21,39,43,19151,58131
2023-05-15 14:47:21,39,41,19151,58131
2023-05-15 14:47:27,40,41,19151,58131
2023-05-15 14:47:28,41,43,19151,58136
2023-05-15 14:47:28,40,43,19151,58136
2023-05-15 14:47:28,41,43,19151,58136
2023-05-15 14:47:30,41,45,19151,58136
2023-05-15 14:47:30,43,45,19151,58136
2023-05-15 14:47:36,43,45,19191,58176
2023-05-15 14:47:37,43,45,19251,58236
2023-05-15 14:47:42,41,45,19251,58236
2023-05-15 14:47:42,39,45,19251,58236
2023-05-15 14:47:47,41,45,19251,58236
2023-05-15 14:47:47,43,45,19251,58236
2023-05-15 14:48:00,41,45,19251,58236
2023-05-15 14:48:00,37,45,19251,58236
2023-05-15 14:48:04,40,45,19251,58236
2023-05-15 14:48:04,42,45,19251,58236
2023-05-15 14:48:04,42,44,19251,58236
2023-05-15 14:48:16,40,44,19251,58236
2023-05-15 14:48:16,37,44,19251,58236
2023-05-15 14:48:17,37,45,19251,58236
2023-05-15 14:48:18,38,45,19251,58236
2023-05-15 14:48:18,39,45,19251,58236
2023-05-15 14:48:18,40,45,19251,58236
2023-05-15 14:48:20,42,45,19251,58236
2023-05-15 14:48:20,42,44,19251,58236
2023-05-15 14:48:33,41,45,19251,58236
2023-05-15 14:48:35,42,45,19251,58236
2023-05-15 14:48:35,42,44,19251,58236
2023-05-15 14:48:46,40,45,19251,58236
2023-05-15 14:48:46,39,45,19251,58236
2023-05-15 14:48:46,41,45,19251,58236
2023-05-15 14:48:51,43,45,19251,58236
2023-05-15 14:48:51,43,44,19251,58236
2023-05-15 14:49:03,41,45,19251,58236
2023-05-15 14:49:08,43,45,19251,58236
2023-05-15 14:49:21,41,45,19251,58236
2023-05-15 14:49:25,43,45,19251,58236
2023-05-15 14:49:36,41,45,19251,58236
2023-05-15 14:49:39,43,45,19251,58236
2023-05-15 14:49:51,42,45,19251,58236
2023-05-15 14:49:52,41,45,19251,58236
2023-05-15 14:49:52,39,45,19251,58236
2023-05-15 14:49:52,40,45,19251,58236
2023-05-15 14:49:59,43,45,19251,58236
2023-05-15 14:50:10,41,45,19251,58236
2023-05-15 14:50:16,43,45,19251,58236
2023-05-15 14:50:28,42,45,19251,58236
2023-05-15 14:50:28,40,45,19251,58236
2023-05-15 14:50:28,42,45,19251,58236
2023-05-15 14:50:28,41,45,19251,58236
2023-05-15 14:50:32,43,45,19251,58236
2023-05-15 14:50:43,41,45,19251,58236
2023-05-15 14:50:44,42,45,19251,58236
2023-05-15 14:50:46,44,45,19251,58236
2023-05-15 14:51:01,43,45,19251,58236
2023-05-15 14:51:07,41,45,19251,58236
2023-05-15 14:51:08,43,45,19251,58236
2023-05-15 14:51:20,42,45,19251,58236
2023-05-15 14:51:20,41,45,19251,58236
2023-05-15 14:51:23,45,46,19256,58241
2023-05-15 14:51:26,46,47,19256,58246
2023-05-15 14:51:26,45,47,19256,58246
2023-05-15 14:51:29,46,47,19256,58246
2023-05-15 14:51:30,47,48,19256,58251
2023-05-15 14:51:30,46,48,19256,58251
2023-05-15 14:51:31,47,48,19256,58251
2023-05-15 14:51:32,47,48,19142,58451
2023-05-15 14:51:32,47,50,19142,58451
2023-05-15 14:51:33,47,51,19142,58451
2023-05-15 14:51:34,49,51,19142,58451
2023-05-15 14:51:34,49,50,19142,58451
2023-05-15 14:51:37,49,51,19142,58519
2023-05-15 14:51:37,49,51,19142,58519
2023-05-15 14:51:37,49,50,19142,58519
2023-05-15 14:51:38,50,51,19142,58524
2023-05-15 14:51:38,49,51,19142,58524
2023-05-15 14:51:44,51,52,18971,58700
2023-05-15 14:51:44,49,51,18971,58724
2023-05-15 14:51:45,49,52,18971,58724
2023-05-15 14:51:48,51,52,18971,58724
2023-05-15 14:51:49,51,53,18971,58724
2023-05-15 14:51:51,51,52,18971,58724
2023-05-15 14:51:59,49,52,18971,58724
2023-05-15 14:52:02,51,52,18971,58724
2023-05-15 14:52:04,52,53,18971,58785
2023-05-15 14:52:04,51,53,18971,58785
2023-05-15 14:52:05,50,53,18971,58785
2023-05-15 14:52:05,53,54,18976,58790
2023-05-15 14:52:07,53,54,19016,58830
2023-05-15 14:52:14,54,56,18960,58886
2023-05-15 14:52:14,53,56,18960,58886
2023-05-15 14:52:14,53,54,18960,58886
2023-05-15 14:52:15,53,56,18960,58886
2023-05-15 14:52:16,52,56,18960,58886
2023-05-15 14:52:16,54,56,18960,58886
2023-05-15 14:52:16,56,57,19019,58945
2023-05-15 14:52:16,56,57,19039,58965
2023-05-15 14:52:27,55,57,19039,58965
2023-05-15 14:52:29,55,58,19039,58965
2023-05-15 14:52:29,56,58,19039,58965
2023-05-15 14:52:41,55,58,19039,58965
2023-05-15 14:52:47,56,58,19039,58965
2023-05-15 14:52:54,56,59,19039,58965
2023-05-15 14:53:01,52,59,19039,58965
2023-05-15 14:53:01,55,58,19039,58965
2023-05-15 14:53:03,55,57,19039,58965
2023-05-15 14:53:03,56,57,19039,58965
2023-05-15 14:53:03,56,58,19039,58965
2023-05-15 14:53:03,56,57,19039,58965
2023-05-15 14:53:11,56,57,19039,58975
2023-05-15 14:53:15,55,57,19039,58975
2023-05-15 14:53:19,56,57,19039,58975
2023-05-15 14:53:30,55,57,19039,58975
