datetime,bid,ask,open_interest,volume
2023-01-30 09:30:01,41,53,1234,1256
2023-01-30 09:30:02,41,49,1234,1256
2023-01-30 09:30:03,47,49,1234,1256
2023-01-30 09:30:04,47,56,1234,1256
2023-01-30 09:30:04,47,55,1234,1256
2023-01-30 09:30:11,47,53,1234,1256
2023-01-30 09:30:11,45,53,1234,1256
2023-01-30 09:30:45,45,49,1234,1256
2023-01-30 09:31:15,45,53,1234,1256
2023-01-30 09:31:15,45,50,1234,1256
2023-01-30 09:31:26,49,50,1234,1256
2023-01-30 09:31:27,45,50,1234,1256
2023-01-30 09:31:28,43,50,1234,1256
2023-01-30 09:31:45,43,51,1234,1256
2023-01-30 09:31:46,43,48,1234,1256
2023-01-30 09:31:58,45,48,1234,1256
2023-01-30 09:32:13,43,48,1234,1256
2023-01-30 09:32:16,43,51,1234,1256
2023-01-30 09:32:16,43,49,1234,1256
2023-01-30 09:32:22,42,49,1234,1256
2023-01-30 09:32:22,45,49,1234,1256
2023-01-30 09:32:46,45,52,1234,1256
2023-01-30 09:32:46,45,50,1234,1256
2023-01-30 09:33:16,45,52,1234,1256
2023-01-30 09:33:17,45,50,1234,1256
2023-01-30 09:33:47,45,52,1234,1256
2023-01-30 09:33:47,45,49,1234,1256
2023-01-30 09:33:59,43,49,1234,1256
2023-01-30 09:34:00,43,48,1234,1256
2023-01-30 09:34:27,42,48,1234,1256
2023-01-30 09:34:27,45,48,1234,1256
2023-01-30 09:34:27,45,49,1234,1256
2023-01-30 09:34:49,45,53,1234,1256
2023-01-30 09:34:49,45,52,1234,1256
2023-01-30 09:35:19,45,53,1234,1256
2023-01-30 09:35:20,45,50,1234,1256
2023-01-30 09:35:50,45,51,1234,1256
2023-01-30 09:36:36,47,51,1234,1256
2023-01-30 09:36:44,50,51,1234,1256
2023-01-30 09:36:49,47,55,1234,1256
2023-01-30 09:36:49,47,52,1234,1256
2023-01-30 09:37:15,48,52,1234,1256
2023-01-30 09:37:19,48,55,1234,1256
2023-01-30 09:37:20,48,50,1234,1256
2023-01-30 09:37:50,48,53,1234,1256
2023-01-30 09:37:50,48,50,1234,1256
2023-01-30 09:38:16,45,50,1234,1256
2023-01-30 09:38:20,45,53,1234,1256
2023-01-30 09:38:20,45,49,1234,1256
2023-01-30 09:38:36,42,49,1234,1256
2023-01-30 09:38:37,50,55,1234,1264
2023-01-30 09:38:38,50,51,1234,1264
2023-01-30 09:38:51,50,51,1234,1272
2023-01-30 09:38:56,40,43,1243,1281
2023-01-30 09:40:52,41,43,1243,1281
2023-01-30 09:40:53,41,46,1244,1282
2023-01-30 09:41:19,42,46,1244,1282
2023-01-30 09:41:22,43,46,1244,1282
2023-01-30 09:41:47,44,46,1244,1282
2023-01-30 09:42:17,42,46,1244,1282
2023-01-30 09:42:23,43,46,1244,1282
2023-01-30 09:42:27,43,48,1244,1287
2023-01-30 09:42:28,44,48,1244,1287
2023-01-30 09:42:46,44,50,1244,1287
2023-01-30 09:42:53,44,49,1244,1287
2023-01-30 09:43:17,44,48,1244,1287
2023-01-30 09:43:46,44,49,1244,1287
2023-01-30 09:44:14,44,49,1294,1337
2023-01-30 09:44:21,44,51,1294,1337
2023-01-30 09:44:24,44,53,1294,1337
2023-01-30 09:44:24,44,50,1294,1337
2023-01-30 09:44:47,44,49,1294,1337
2023-01-30 09:45:07,44,49,1284,1347
2023-01-30 09:45:20,42,49,1284,1347
2023-01-30 09:45:20,42,48,1284,1347
2023-01-30 09:45:25,42,46,1284,1347
2023-01-30 09:45:30,42,45,1284,1347
2023-01-30 09:45:41,42,45,1274,1357
2023-01-30 09:45:49,39,45,1274,1357
2023-01-30 09:46:00,39,44,1274,1357
2023-01-30 09:46:18,38,44,1274,1357
2023-01-30 09:46:19,38,43,1274,1357
2023-01-30 09:47:17,38,42,1274,1357
2023-01-30 09:47:17,36,42,1274,1357
2023-01-30 09:48:02,36,41,1274,1357
2023-01-30 09:48:17,34,41,1274,1357
2023-01-30 09:48:17,35,41,1274,1357
2023-01-30 09:48:46,34,41,1274,1357
2023-01-30 09:48:47,34,39,1274,1357
2023-01-30 09:48:54,36,39,1274,1357
2023-01-30 09:49:18,36,41,1274,1357
2023-01-30 09:49:30,38,41,1274,1357
2023-01-30 09:49:46,38,43,1274,1357
2023-01-30 09:50:03,37,43,1274,1357
2023-01-30 09:50:03,37,42,1274,1357
2023-01-30 09:50:23,35,42,1274,1357
2023-01-30 09:50:24,36,42,1274,1357
2023-01-30 09:50:48,36,41,1274,1357
2023-01-30 09:51:18,36,43,1274,1357
2023-01-30 09:51:19,36,42,1274,1357
2023-01-30 09:51:20,37,42,1274,1357
2023-01-30 09:51:23,37,41,1274,1357
2023-01-30 09:51:48,36,41,1274,1357
2023-01-30 09:51:54,36,42,1274,1357
2023-01-30 09:51:54,36,41,1274,1357
2023-01-30 09:52:54,36,40,1274,1357
2023-01-30 09:53:17,35,40,1274,1357
2023-01-30 09:53:40,36,40,1274,1357
2023-01-30 09:54:01,38,40,1274,1357
2023-01-30 09:54:13,38,40,1279,1362
2023-01-30 09:54:14,36,40,1279,1362
2023-01-30 09:54:18,36,42,1279,1362
2023-01-30 09:54:23,38,42,1279,1362
2023-01-30 09:54:25,41,42,1279,1362
2023-01-30 09:54:32,41,42,1612,1695
2023-01-30 09:54:39,41,44,1670,1753
2023-01-30 09:54:47,43,44,1670,1753
2023-01-30 09:54:47,43,44,1665,1758
2023-01-30 09:54:47,43,44,1647,1776
2023-01-30 09:54:50,43,50,1647,1776
2023-01-30 09:54:56,43,47,1647,1776
2023-01-30 09:54:57,44,47,1647,1776
2023-01-30 09:55:26,44,50,1647,1776
2023-01-30 09:55:26,44,49,1647,1776
2023-01-30 09:55:48,45,49,1647,1776
2023-01-30 09:55:56,45,50,1647,1776
2023-01-30 09:55:56,45,48,1647,1776
2023-01-30 09:56:27,45,48,1629,1794
2023-01-30 09:56:33,45,46,1629,1794
2023-01-30 09:56:44,45,48,1629,1794
2023-01-30 09:56:46,43,48,1629,1794
2023-01-30 09:56:46,40,48,1629,1794
2023-01-30 09:56:47,40,47,1629,1794
2023-01-30 09:56:48,41,47,1629,1794
2023-01-30 09:56:57,41,44,1629,1794
2023-01-30 09:57:27,41,46,1629,1794
2023-01-30 09:57:27,41,43,1629,1794
2023-01-30 09:57:44,41,43,1611,1812
2023-01-30 09:57:45,39,43,1611,1812
2023-01-30 09:58:03,39,45,1611,1812
2023-01-30 09:58:03,39,43,1611,1812
2023-01-30 09:58:16,38,43,1611,1812
2023-01-30 09:58:25,38,44,1611,1812
2023-01-30 09:58:26,38,43,1611,1812
2023-01-30 09:58:46,39,43,1611,1812
2023-01-30 09:59:04,39,45,1611,1812
2023-01-30 09:59:04,39,42,1611,1812
2023-01-30 09:59:17,38,42,1611,1812
2023-01-30 09:59:25,38,44,1611,1812
2023-01-30 09:59:26,38,42,1611,1812
2023-01-30 09:59:45,38,40,1611,1812
2023-01-30 09:59:47,37,40,1611,1812
2023-01-30 10:00:05,37,43,1611,1812
2023-01-30 10:00:05,37,40,1611,1812
2023-01-30 10:00:27,37,41,1611,1812
2023-01-30 10:00:27,37,40,1611,1812
2023-01-30 10:00:47,37,42,1611,1812
2023-01-30 10:00:50,37,41,1611,1812
2023-01-30 10:00:55,36,41,1611,1812
2023-01-30 10:01:00,37,41,1611,1812
2023-01-30 10:01:01,36,41,1611,1812
2023-01-30 10:01:06,36,40,1611,1812
2023-01-30 10:01:18,37,40,1611,1812
2023-01-30 10:01:26,37,43,1611,1812
2023-01-30 10:01:28,37,40,1611,1812
2023-01-30 10:01:47,37,39,1611,1812
2023-01-30 10:01:47,37,38,1611,1812
2023-01-30 10:01:47,36,38,1611,1812
2023-01-30 10:02:08,36,39,1611,1812
2023-01-30 10:02:10,36,39,1593,1830
2023-01-30 10:02:18,32,39,1593,1830
2023-01-30 10:02:18,33,39,1593,1830
2023-01-30 10:02:23,33,37,1593,1830
2023-01-30 10:02:43,33,39,1593,1830
2023-01-30 10:02:43,33,36,1593,1830
2023-01-30 10:02:46,32,36,1593,1830
2023-01-30 10:03:04,32,37,1593,1830
2023-01-30 10:03:05,32,36,1593,1830
2023-01-30 10:03:19,31,36,1593,1830
2023-01-30 10:03:28,31,37,1593,1830
2023-01-30 10:03:44,32,37,1593,1830
2023-01-30 10:03:47,33,37,1593,1830
2023-01-30 10:03:48,33,38,1593,1830
2023-01-30 10:04:05,33,37,1593,1830
2023-01-30 10:04:17,31,37,1593,1830
2023-01-30 10:04:18,32,37,1593,1830
2023-01-30 10:04:25,32,38,1593,1830
2023-01-30 10:04:25,32,36,1593,1830
2023-01-30 10:04:45,32,38,1593,1830
2023-01-30 10:04:45,31,38,1593,1830
2023-01-30 10:04:46,31,36,1593,1830
2023-01-30 10:05:06,31,35,1593,1830
2023-01-30 10:05:26,31,36,1593,1830
2023-01-30 10:05:26,31,34,1593,1830
2023-01-30 10:05:46,31,36,1593,1830
2023-01-30 10:05:47,31,34,1593,1830
2023-01-30 10:05:47,30,34,1593,1830
2023-01-30 10:06:46,30,35,1593,1830
2023-01-30 10:06:47,30,34,1593,1830
2023-01-30 10:07:08,30,35,1593,1830
2023-01-30 10:07:09,30,34,1593,1830
2023-01-30 10:07:48,30,35,1593,1830
2023-01-30 10:07:49,30,34,1593,1830
2023-01-30 10:08:09,30,35,1593,1830
2023-01-30 10:08:09,30,34,1593,1830
2023-01-30 10:08:44,31,34,1593,1830
2023-01-30 10:08:46,31,35,1593,1830
2023-01-30 10:08:50,31,36,1593,1830
2023-01-30 10:09:30,31,37,1593,1830
2023-01-30 10:09:31,31,35,1593,1830
2023-01-30 10:09:51,31,36,1593,1830
2023-01-30 10:10:10,30,36,1593,1830
2023-01-30 10:10:11,30,34,1593,1830
2023-01-30 10:10:24,32,34,1593,1830
2023-01-30 10:10:31,32,37,1593,1830
2023-01-30 10:10:31,32,35,1593,1830
2023-01-30 10:10:48,30,35,1593,1830
2023-01-30 10:11:10,31,35,1593,1830
2023-01-30 10:11:18,31,36,1593,1830
2023-01-30 10:11:33,31,35,1593,1830
2023-01-30 10:11:53,31,36,1593,1830
2023-01-30 10:12:13,31,35,1593,1830
2023-01-30 10:12:17,32,35,1593,1830
2023-01-30 10:12:33,32,38,1593,1830
2023-01-30 10:12:34,32,36,1593,1830
2023-01-30 10:12:54,32,37,1593,1830
2023-01-30 10:12:54,32,35,1593,1830
2023-01-30 10:13:14,32,37,1593,1830
2023-01-30 10:13:14,32,36,1593,1830
2023-01-30 10:13:16,31,36,1593,1830
2023-01-30 10:13:21,31,35,1593,1830
2023-01-30 10:13:48,33,35,1593,1830
2023-01-30 10:14:00,33,35,1593,1835
2023-01-30 10:14:07,32,35,1593,1835
2023-01-30 10:14:11,35,36,1593,1837
2023-01-30 10:14:12,35,36,1593,1840
2023-01-30 10:14:15,31,36,1593,1840
2023-01-30 10:14:15,32,36,1593,1840
2023-01-30 10:14:18,32,37,1593,1840
2023-01-30 10:14:18,34,37,1593,1840
2023-01-30 10:14:48,33,37,1593,1840
2023-01-30 10:14:48,35,37,1593,1840
2023-01-30 10:15:20,34,37,1593,1840
2023-01-30 10:15:26,34,35,1593,1840
2023-01-30 10:15:36,34,38,1593,1840
2023-01-30 10:15:36,34,40,1593,1840
2023-01-30 10:15:36,34,37,1593,1840
2023-01-30 10:15:41,34,39,1593,1840
2023-01-30 10:15:47,33,39,1593,1840
2023-01-30 10:15:48,33,38,1593,1840
2023-01-30 10:15:57,35,38,1593,1840
2023-01-30 10:16:06,35,38,1926,2173
2023-01-30 10:16:17,32,38,1926,2173
2023-01-30 10:16:18,34,38,1926,2173
2023-01-30 10:16:18,35,38,1926,2173
2023-01-30 10:16:19,36,38,1926,2173
2023-01-30 10:16:19,36,39,1926,2173
2023-01-30 10:16:32,36,41,1926,2173
2023-01-30 10:16:45,37,41,1926,2173
2023-01-30 10:17:17,40,41,1926,2173
2023-01-30 10:18:07,40,41,1921,2178
2023-01-30 10:18:08,40,42,1921,2178
2023-01-30 10:18:17,38,42,1921,2178
2023-01-30 10:18:20,38,44,1921,2178
2023-01-30 10:18:20,38,43,1921,2178
2023-01-30 10:18:40,38,44,1921,2178
2023-01-30 10:18:46,39,44,1921,2178
2023-01-30 10:19:18,40,44,1921,2178
2023-01-30 10:19:21,40,46,1921,2178
2023-01-30 10:19:21,40,43,1921,2178
2023-01-30 10:19:41,40,46,1921,2178
2023-01-30 10:19:41,40,43,1921,2178
2023-01-30 10:20:02,40,46,1921,2178
2023-01-30 10:20:02,40,44,1921,2178
2023-01-30 10:20:22,40,46,1921,2178
2023-01-30 10:20:22,40,43,1921,2178
2023-01-30 10:20:42,40,45,1921,2178
2023-01-30 10:20:42,40,42,1921,2178
2023-01-30 10:20:48,38,42,1921,2178
2023-01-30 10:20:49,39,42,1921,2178
2023-01-30 10:21:02,39,44,1921,2178
2023-01-30 10:21:03,39,42,1921,2178
2023-01-30 10:21:19,38,42,1921,2178
2023-01-30 10:21:23,38,43,1921,2178
2023-01-30 10:21:44,40,43,1921,2178
2023-01-30 10:21:50,40,44,1921,2178
2023-01-30 10:22:03,40,45,1921,2178
2023-01-30 10:22:17,40,46,1921,2178
2023-01-30 10:22:17,41,46,1921,2178
2023-01-30 10:22:24,41,45,1921,2178
2023-01-30 10:22:44,41,46,1921,2178
2023-01-30 10:22:44,41,45,1921,2178
2023-01-30 10:23:04,41,47,1921,2178
2023-01-30 10:23:05,41,44,1921,2178
2023-01-30 10:23:16,43,44,1921,2178
2023-01-30 10:23:22,41,44,1921,2178
2023-01-30 10:23:25,41,47,1921,2178
2023-01-30 10:23:25,43,47,1921,2178
2023-01-30 10:23:27,43,46,1921,2178
2023-01-30 10:23:38,43,46,2254,2511
2023-01-30 10:23:46,43,48,2254,2511
2023-01-30 10:24:06,43,49,2254,2511
2023-01-30 10:24:06,43,48,2254,2511
2023-01-30 10:24:19,44,48,2254,2511
2023-01-30 10:24:26,44,50,2254,2511
2023-01-30 10:24:26,44,48,2254,2511
2023-01-30 10:24:45,43,48,2254,2511
2023-01-30 10:24:45,45,48,2254,2511
2023-01-30 10:24:45,47,48,2254,2511
2023-01-30 10:24:46,47,51,2254,2511
2023-01-30 10:24:47,47,48,2254,2511
2023-01-30 10:25:07,47,51,2254,2511
2023-01-30 10:25:07,47,49,2254,2511
2023-01-30 10:25:22,47,49,1921,2844
2023-01-30 10:25:27,47,49,1921,2862
2023-01-30 10:25:34,45,49,1856,2927
2023-01-30 10:25:35,45,51,1856,2927
2023-01-30 10:25:46,45,50,1856,2927
2023-01-30 10:25:48,45,48,1856,2927
2023-01-30 10:26:08,45,50,1856,2927
2023-01-30 10:26:08,45,49,1856,2927
2023-01-30 10:26:28,45,50,1856,2927
2023-01-30 10:26:28,45,49,1856,2927
2023-01-30 10:26:47,46,49,1856,2927
2023-01-30 10:26:48,46,52,1856,2927
2023-01-30 10:26:49,46,51,1856,2927
2023-01-30 10:27:09,46,52,1856,2927
2023-01-30 10:27:09,46,50,1856,2927
2023-01-30 10:27:13,47,50,1856,2927
2023-01-30 10:27:26,49,50,1856,2927
2023-01-30 10:27:29,49,52,1856,2927
2023-01-30 10:27:47,50,52,1856,2927
2023-01-30 10:27:49,50,53,1856,2927
2023-01-30 10:27:49,50,55,1856,2927
2023-01-30 10:27:50,50,51,1856,2927
2023-01-30 10:28:10,50,55,1856,2927
2023-01-30 10:28:10,50,55,1856,2945
2023-01-30 10:28:18,48,55,1856,2945
2023-01-30 10:28:18,48,54,1856,2945
2023-01-30 10:28:30,48,49,1856,2945
2023-01-30 10:28:50,48,53,1856,2945
2023-01-30 10:28:51,48,49,1856,2945
2023-01-30 10:29:11,48,53,1856,2945
2023-01-30 10:29:11,48,49,1856,2945
2023-01-30 10:29:17,46,49,1856,2945
2023-01-30 10:29:18,45,49,1856,2945
2023-01-30 10:29:18,47,49,1856,2945
2023-01-30 10:29:31,47,53,1856,2945
2023-01-30 10:29:31,47,53,1856,2963
2023-01-30 10:29:45,45,53,1856,2963
2023-01-30 10:29:46,45,52,1856,2963
2023-01-30 10:29:46,46,52,1856,2963
2023-01-30 10:29:52,46,47,1856,2963
2023-01-30 10:30:12,46,51,1856,2963
2023-01-30 10:30:12,46,51,1856,2981
2023-01-30 10:30:23,44,51,1856,2981
2023-01-30 10:30:23,43,51,1856,2981
2023-01-30 10:30:25,43,50,1856,2981
2023-01-30 10:30:25,45,50,1856,2981
2023-01-30 10:30:33,45,47,1856,2981
2023-01-30 10:30:46,44,47,1856,2981
2023-01-30 10:30:52,45,47,1856,2981
2023-01-30 10:30:53,45,50,1856,2981
2023-01-30 10:30:53,45,49,1856,2981
2023-01-30 10:31:13,45,50,1856,2981
2023-01-30 10:31:13,45,49,1856,2981
2023-01-30 10:31:18,46,49,1856,2981
2023-01-30 10:31:33,46,51,1856,2981
2023-01-30 10:31:34,46,47,1856,2981
2023-01-30 10:31:47,45,47,1856,2981
2023-01-30 10:31:54,45,51,1856,2981
2023-01-30 10:31:54,45,49,1856,2981
2023-01-30 10:32:14,45,51,1856,2981
2023-01-30 10:32:14,45,49,1856,2981
2023-01-30 10:32:19,46,49,1856,2981
2023-01-30 10:32:30,47,49,1856,2981
2023-01-30 10:32:34,47,52,1856,2981
2023-01-30 10:32:35,47,51,1856,2981
2023-01-30 10:32:48,48,51,1856,2981
2023-01-30 10:32:55,48,53,1856,2981
2023-01-30 10:32:55,48,50,1856,2981
2023-01-30 10:33:15,48,53,1856,2981
2023-01-30 10:33:15,48,53,1856,2999
2023-01-30 10:33:36,48,49,1856,2999
2023-01-30 10:33:48,47,49,1856,2999
2023-01-30 10:33:56,47,53,1856,2999
2023-01-30 10:33:56,47,50,1856,2999
2023-01-30 10:34:16,47,53,1856,2999
2023-01-30 10:34:17,47,52,1856,2999
2023-01-30 10:34:37,47,53,1856,2999
2023-01-30 10:34:37,47,52,1856,2999
2023-01-30 10:34:37,49,52,1856,2999
2023-01-30 10:34:57,49,54,1856,2999
2023-01-30 10:34:58,49,52,1856,2999
2023-01-30 10:35:20,49,54,1856,2999
2023-01-30 10:35:20,49,56,1856,2999
2023-01-30 10:35:21,50,56,1856,2999
2023-01-30 10:35:26,50,51,1856,2999
2023-01-30 10:35:46,48,51,1856,2999
2023-01-30 10:35:47,47,51,1856,2999
2023-01-30 10:35:47,49,51,1856,2999
2023-01-30 10:35:58,49,55,1856,2999
2023-01-30 10:35:58,49,53,1856,2999
2023-01-30 10:36:06,51,53,1856,2999
2023-01-30 10:36:18,51,55,1856,2999
2023-01-30 10:36:19,51,54,1856,2999
2023-01-30 10:36:39,51,55,1856,2999
2023-01-30 10:36:47,52,55,1856,2999
2023-01-30 10:36:47,52,56,1856,2999
2023-01-30 10:36:59,52,58,1856,2999
2023-01-30 10:36:59,52,55,1856,2999
2023-01-30 10:37:17,51,55,1856,2999
2023-01-30 10:37:17,53,55,1856,2999
2023-01-30 10:37:20,53,58,1856,2999
2023-01-30 10:37:20,53,56,1856,2999
2023-01-30 10:37:40,53,58,1856,2999
2023-01-30 10:37:40,53,56,1856,2999
2023-01-30 10:37:46,54,56,1856,2999
2023-01-30 10:38:00,54,60,1856,2999
2023-01-30 10:38:01,54,57,1856,2999
2023-01-30 10:38:17,53,57,1856,2999
2023-01-30 10:38:19,55,57,1856,2999
2023-01-30 10:38:21,55,60,1856,2999
2023-01-30 10:38:21,55,61,1856,2999
2023-01-30 10:38:41,55,61,1856,2999
2023-01-30 10:38:41,55,57,1856,2999
2023-01-30 10:39:01,55,61,1856,2999
2023-01-30 10:39:02,55,57,1856,2999
2023-01-30 10:39:22,55,61,1856,2999
2023-01-30 10:39:22,55,57,1856,2999
2023-01-30 10:39:42,55,61,1856,2999
2023-01-30 10:39:42,55,57,1856,2999
2023-01-30 10:40:02,55,60,1856,2999
2023-01-30 10:40:02,55,57,1856,2999
2023-01-30 10:40:23,55,60,1856,2999
2023-01-30 10:40:23,55,57,1856,2999
2023-01-30 10:40:43,55,61,1856,2999
2023-01-30 10:40:43,55,58,1856,2999
2023-01-30 10:40:50,57,58,1856,2999
2023-01-30 10:41:03,57,63,1856,2999
2023-01-30 10:41:04,57,60,1856,2999
2023-01-30 10:41:19,57,63,1881,3029
2023-01-30 10:41:24,57,60,1881,3029
2023-01-30 10:41:44,57,63,1881,3029
2023-01-30 10:41:44,57,59,1881,3029
2023-01-30 10:41:47,58,59,1881,3029
2023-01-30 10:42:04,58,63,1881,3029
2023-01-30 10:42:05,58,61,1881,3029
2023-01-30 10:42:19,57,61,1881,3029
2023-01-30 10:42:21,59,61,1881,3029
2023-01-30 10:42:26,59,64,1881,3029
2023-01-30 10:42:26,59,61,1881,3029
2023-01-30 10:43:06,59,64,1881,3029
2023-01-30 10:43:06,59,61,1881,3029
2023-01-30 10:43:26,59,65,1881,3029
2023-01-30 10:43:26,59,61,1881,3029
2023-01-30 10:43:46,59,65,1881,3029
2023-01-30 10:43:47,59,61,1881,3029
2023-01-30 10:44:07,59,65,1881,3029
2023-01-30 10:44:07,59,61,1881,3029
2023-01-30 10:44:17,57,61,1881,3029
2023-01-30 10:44:18,58,61,1881,3029
2023-01-30 10:44:27,58,64,1881,3029
2023-01-30 10:44:27,58,62,1881,3029
2023-01-30 10:44:46,57,62,1881,3029
2023-01-30 10:44:47,57,64,1881,3029
2023-01-30 10:44:47,59,64,1881,3029
2023-01-30 10:44:48,59,61,1881,3029
2023-01-30 10:45:08,59,64,1881,3029
2023-01-30 10:45:08,59,61,1881,3029
2023-01-30 10:45:28,59,64,1881,3029
2023-01-30 10:45:28,59,61,1881,3029
2023-01-30 10:45:48,57,64,1881,3029
2023-01-30 10:45:49,58,64,1881,3029
2023-01-30 10:45:50,58,61,1881,3029
2023-01-30 10:46:09,58,64,1881,3029
2023-01-30 10:46:09,58,61,1881,3029
2023-01-30 10:46:29,58,64,1881,3029
2023-01-30 10:46:29,58,61,1881,3029
2023-01-30 10:46:37,59,61,1881,3029
2023-01-30 10:46:49,59,64,1881,3029
2023-01-30 10:46:50,59,61,1881,3029
2023-01-30 10:47:10,59,64,1881,3029
2023-01-30 10:47:10,59,62,1881,3029
2023-01-30 10:47:32,59,64,1881,3029
2023-01-30 10:47:32,59,62,1881,3029
2023-01-30 10:47:48,60,62,1881,3029
2023-01-30 10:47:56,60,65,1881,3029
2023-01-30 10:47:57,60,63,1881,3029
2023-01-30 10:48:17,60,65,1881,3029
2023-01-30 10:48:17,60,63,1881,3029
2023-01-30 10:48:37,60,65,1881,3029
2023-01-30 10:48:37,60,62,1881,3029
2023-01-30 10:48:46,59,62,1881,3029
2023-01-30 10:48:57,59,65,1881,3029
2023-01-30 10:48:58,59,62,1881,3029
2023-01-30 10:49:18,59,65,1881,3029
2023-01-30 10:49:18,59,64,1881,3029
2023-01-30 10:49:18,59,62,1881,3029
2023-01-30 10:49:38,59,64,1881,3029
2023-01-30 10:49:38,59,62,1881,3029
2023-01-30 10:49:46,57,62,1881,3029
2023-01-30 10:49:46,58,62,1881,3029
2023-01-30 10:49:58,58,63,1881,3029
2023-01-30 10:49:59,58,61,1881,3029
2023-01-30 10:50:19,58,63,1881,3029
2023-01-30 10:50:19,58,61,1881,3029
2023-01-30 10:50:23,57,61,1881,3029
2023-01-30 10:50:39,57,63,1881,3029
2023-01-30 10:50:39,57,60,1881,3029
2023-01-30 10:50:47,55,60,1881,3029
2023-01-30 10:50:59,55,61,1881,3029
2023-01-30 10:51:00,55,59,1881,3029
2023-01-30 10:51:20,55,60,1881,3029
2023-01-30 10:51:40,55,59,1881,3029
2023-01-30 10:51:48,55,58,1881,3029
2023-01-30 10:52:20,57,58,1881,3029
2023-01-30 10:52:21,57,60,1881,3029
2023-01-30 10:52:21,57,59,1881,3029
2023-01-30 10:52:47,57,60,1881,3029
2023-01-30 10:53:02,57,61,1881,3029
2023-01-30 10:53:02,57,60,1881,3029
2023-01-30 10:53:22,57,62,1881,3029
2023-01-30 10:53:41,59,62,1881,3029
2023-01-30 10:53:51,59,63,1881,3029
2023-01-30 10:54:03,59,64,1881,3029
2023-01-30 10:54:03,59,63,1881,3029
2023-01-30 10:54:23,59,64,1881,3029
2023-01-30 10:54:23,59,62,1881,3029
2023-01-30 10:54:43,59,64,1881,3029
2023-01-30 10:54:44,59,61,1881,3029
2023-01-30 10:55:04,59,65,1881,3029
2023-01-30 10:55:04,59,62,1881,3029
2023-01-30 10:55:24,59,65,1881,3029
2023-01-30 10:55:24,59,63,1881,3029
2023-01-30 10:55:24,59,62,1881,3029
2023-01-30 10:55:34,58,62,1881,3029
2023-01-30 10:55:44,58,63,1881,3029
2023-01-30 10:55:45,58,60,1881,3029
2023-01-30 10:56:05,58,63,1881,3029
2023-01-30 10:56:05,58,61,1881,3029
2023-01-30 10:56:18,57,61,1881,3029
2023-01-30 10:56:25,57,60,1881,3029
2023-01-30 10:56:45,57,61,1881,3029
2023-01-30 10:56:46,57,60,1881,3029
2023-01-30 10:57:06,57,62,1881,3029
2023-01-30 10:57:06,57,60,1881,3029
2023-01-30 10:57:26,57,62,1881,3029
2023-01-30 10:57:26,57,61,1881,3029
2023-01-30 10:57:46,57,62,1881,3029
2023-01-30 10:57:47,57,60,1881,3029
2023-01-30 10:58:07,57,62,1881,3029
2023-01-30 10:58:07,57,60,1881,3029
2023-01-30 10:58:27,57,61,1881,3029
2023-01-30 10:58:28,57,60,1881,3029
2023-01-30 10:58:38,56,60,1881,3029
2023-01-30 10:58:47,55,60,1881,3029
2023-01-30 10:58:48,55,59,1881,3029
2023-01-30 10:59:08,55,60,1881,3029
2023-01-30 10:59:08,55,57,1881,3029
2023-01-30 10:59:20,53,57,1881,3029
2023-01-30 10:59:28,53,59,1881,3029
2023-01-30 10:59:29,53,57,1881,3029
2023-01-30 10:59:49,53,58,1881,3029
2023-01-30 10:59:49,53,57,1881,3029
2023-01-30 11:00:09,53,58,1881,3029
2023-01-30 11:00:25,53,57,1881,3029
2023-01-30 11:00:47,53,58,1881,3029
2023-01-30 11:00:50,53,56,1881,3029
2023-01-30 11:01:11,53,58,1881,3029
2023-01-30 11:01:19,53,57,1881,3029
2023-01-30 11:01:32,53,56,1881,3029
2023-01-30 11:01:52,53,58,1881,3029
2023-01-30 11:01:52,53,57,1881,3029
2023-01-30 11:02:12,53,58,1881,3029
2023-01-30 11:02:13,53,57,1881,3029
2023-01-30 11:02:53,53,59,1881,3029
2023-01-30 11:02:53,53,56,1881,3029
2023-01-30 11:03:13,53,59,1881,3029
2023-01-30 11:03:14,53,56,1881,3029
2023-01-30 11:03:34,53,57,1881,3029
2023-01-30 11:03:54,53,58,1881,3029
2023-01-30 11:03:54,54,58,1881,3029
2023-01-30 11:04:04,55,58,1881,3029
2023-01-30 11:04:07,54,58,1881,3029
2023-01-30 11:04:15,54,57,1881,3029
2023-01-30 11:04:15,55,57,1881,3029
2023-01-30 11:04:28,57,58,1899,3047
2023-01-30 11:04:49,57,59,1899,3047
2023-01-30 11:04:55,57,58,1899,3047
2023-01-30 11:05:01,55,58,1899,3047
2023-01-30 11:05:15,55,59,1899,3047
2023-01-30 11:05:16,55,58,1899,3047
2023-01-30 11:05:36,55,59,1899,3047
2023-01-30 11:05:36,55,57,1899,3047
2023-01-30 11:05:56,55,58,1899,3047
2023-01-30 11:06:05,55,59,2250,3398
2023-01-30 11:06:16,55,60,2250,3398
2023-01-30 11:06:17,55,58,2250,3398
2023-01-30 11:06:18,56,58,2250,3398
2023-01-30 11:06:31,57,58,2250,3398
2023-01-30 11:06:37,57,61,2250,3398
2023-01-30 11:06:37,57,59,2250,3398
2023-01-30 11:06:57,57,60,2250,3398
2023-01-30 11:06:57,57,58,2250,3398
2023-01-30 11:07:02,57,60,2268,3416
2023-01-30 11:07:08,58,60,2268,3416
2023-01-30 11:07:17,58,62,2268,3416
2023-01-30 11:07:18,58,59,2268,3416
2023-01-30 11:07:38,58,61,2268,3416
2023-01-30 11:07:38,58,60,2268,3416
2023-01-30 11:07:58,58,62,2268,3416
2023-01-30 11:07:58,58,61,2268,3416
2023-01-30 11:08:19,58,62,2268,3416
2023-01-30 11:08:19,58,61,2268,3416
2023-01-30 11:08:39,58,62,2268,3416
2023-01-30 11:08:39,58,59,2268,3416
2023-01-30 11:08:59,58,63,2268,3416
2023-01-30 11:09:00,58,59,2268,3416
2023-01-30 11:09:20,58,61,2268,3416
2023-01-30 11:09:20,58,60,2268,3416
2023-01-30 11:09:40,58,61,2268,3416
2023-01-30 11:09:40,58,60,2268,3416
2023-01-30 11:10:01,58,61,2268,3416
2023-01-30 11:10:01,58,61,2286,3434
2023-01-30 11:10:11,58,62,2286,3434
2023-01-30 11:10:20,58,61,2286,3434
2023-01-30 11:10:21,58,61,2304,3452
2023-01-30 11:10:41,58,61,2322,3470
2023-01-30 11:10:42,58,60,2322,3470
2023-01-30 11:10:48,53,60,2322,3476
2023-01-30 11:10:49,53,59,2322,3476
2023-01-30 11:10:49,53,57,2322,3476
2023-01-30 11:11:02,53,56,2322,3476
2023-01-30 11:11:21,52,56,2322,3476
2023-01-30 11:11:22,52,58,2322,3476
2023-01-30 11:11:22,52,54,2322,3476
2023-01-30 11:11:42,52,58,2322,3476
2023-01-30 11:11:43,52,53,2322,3476
2023-01-30 11:11:48,50,53,2322,3476
2023-01-30 11:11:49,51,53,2322,3476
2023-01-30 11:11:52,50,53,2322,3476
2023-01-30 11:11:53,51,53,2322,3476
2023-01-30 11:11:55,50,53,2322,3476
2023-01-30 11:12:03,50,56,2322,3476
2023-01-30 11:12:03,50,52,2322,3476
2023-01-30 11:12:22,49,52,2322,3476
2023-01-30 11:12:24,49,55,2322,3476
2023-01-30 11:12:24,49,51,2322,3476
2023-01-30 11:12:44,49,50,2322,3476
2023-01-30 11:12:48,45,50,2322,3476
2023-01-30 11:12:49,46,50,2322,3476
2023-01-30 11:12:52,47,50,2322,3476
2023-01-30 11:13:04,47,52,2322,3476
2023-01-30 11:13:04,47,51,2322,3476
2023-01-30 11:13:18,47,50,2322,3476
2023-01-30 11:13:39,47,50,2322,3484
2023-01-30 11:13:41,49,50,2322,3484
2023-01-30 11:13:47,49,52,2322,3484
2023-01-30 11:13:49,49,53,2322,3484
2023-01-30 11:14:25,49,52,2322,3484
2023-01-30 11:14:46,49,53,2322,3484
2023-01-30 11:14:46,49,52,2322,3484
2023-01-30 11:15:03,47,52,2322,3484
2023-01-30 11:15:03,51,52,2322,3484
2023-01-30 11:15:21,51,54,2322,3484
2023-01-30 11:15:27,51,53,2322,3484
2023-01-30 11:15:27,49,53,2322,3484
2023-01-30 11:15:47,49,54,2322,3484
2023-01-30 11:15:47,49,52,2322,3484
2023-01-30 11:15:50,48,52,2322,3484
2023-01-30 11:16:07,48,53,2322,3484
2023-01-30 11:16:07,48,52,2322,3484
2023-01-30 11:16:27,48,53,2322,3484
2023-01-30 11:16:28,48,51,2322,3484
2023-01-30 11:16:47,48,52,2322,3484
2023-01-30 11:16:47,46,52,2322,3484
2023-01-30 11:16:48,46,48,2322,3484
2023-01-30 11:17:08,46,52,2322,3484
2023-01-30 11:17:08,46,50,2322,3484
2023-01-30 11:17:18,46,49,2322,3484
2023-01-30 11:17:33,48,49,2322,3484
2023-01-30 11:17:47,48,51,2322,3484
2023-01-30 11:17:47,48,52,2322,3484
2023-01-30 11:18:09,48,51,2322,3484
2023-01-30 11:18:29,47,51,2322,3484
2023-01-30 11:18:29,47,53,2322,3484
2023-01-30 11:18:30,47,51,2322,3484
2023-01-30 11:18:49,46,51,2322,3484
2023-01-30 11:18:50,46,50,2322,3484
2023-01-30 11:19:10,46,51,2322,3484
2023-01-30 11:19:10,46,50,2322,3484
2023-01-30 11:19:31,46,49,2322,3484
2023-01-30 11:19:40,45,49,2322,3484
2023-01-30 11:19:43,46,49,2322,3484
2023-01-30 11:19:51,46,50,2322,3484
2023-01-30 11:20:32,46,51,2322,3484
2023-01-30 11:21:18,46,52,2322,3484
2023-01-30 11:21:33,46,51,2322,3484
2023-01-30 11:21:51,49,51,2322,3484
2023-01-30 11:22:17,49,52,2322,3484
2023-01-30 11:22:47,51,52,2322,3484
2023-01-30 11:22:48,51,54,2322,3484
2023-01-30 11:22:48,51,53,2322,3484
2023-01-30 11:23:19,51,54,2322,3484
2023-01-30 11:23:31,49,54,2322,3484
2023-01-30 11:23:31,53,54,2322,3484
2023-01-30 11:23:35,53,55,2322,3484
2023-01-30 11:24:18,54,55,2322,3484
2023-01-30 11:24:19,54,55,2327,3489
2023-01-30 11:24:21,54,58,2327,3489
2023-01-30 11:24:47,56,58,2327,3489
2023-01-30 11:24:55,56,58,2322,3494
2023-01-30 11:24:56,56,59,2322,3494
2023-01-30 11:24:57,56,61,2322,3494
2023-01-30 11:24:58,56,57,2322,3494
2023-01-30 11:25:10,56,57,1989,3827
2023-01-30 11:25:18,56,61,1989,3827
2023-01-30 11:25:18,56,58,1989,3827
2023-01-30 11:25:24,55,58,1989,3827
2023-01-30 11:25:38,55,60,1989,3827
2023-01-30 11:25:48,56,60,1989,3827
2023-01-30 11:25:51,56,59,1989,3827
2023-01-30 11:25:51,56,60,1989,3827
2023-01-30 11:25:58,56,61,1989,3827
2023-01-30 11:25:59,56,60,1989,3827
2023-01-30 11:26:03,57,60,1989,3827
2023-01-30 11:26:19,57,61,1989,3827
2023-01-30 11:26:39,57,62,1989,3827
2023-01-30 11:26:39,57,60,1989,3827
2023-01-30 11:26:59,57,62,1989,3827
2023-01-30 11:27:00,57,61,1989,3827
2023-01-30 11:28:00,57,62,1989,3827
2023-01-30 11:28:01,57,60,1989,3827
2023-01-30 11:28:21,57,61,1989,3827
2023-01-30 11:28:21,57,61,1989,3845
2023-01-30 11:28:22,55,61,1989,3845
2023-01-30 11:28:41,55,57,1989,3845
2023-01-30 11:28:47,53,57,1989,3845
2023-01-30 11:28:56,52,57,1989,3845
2023-01-30 11:29:01,52,58,1989,3845
2023-01-30 11:29:01,53,58,1989,3845
2023-01-30 11:29:02,53,56,1989,3845
2023-01-30 11:29:18,53,55,1989,3845
2023-01-30 11:29:54,51,55,1989,3845
2023-01-30 11:29:56,53,55,1989,3845
2023-01-30 11:29:58,51,55,1989,3845
2023-01-30 11:30:13,50,55,1989,3845
2023-01-30 11:30:23,50,54,1989,3845
2023-01-30 11:30:43,50,55,1989,3845
2023-01-30 11:30:43,50,52,1989,3845
2023-01-30 11:30:50,50,51,1989,3845
2023-01-30 11:30:51,49,51,1989,3845
2023-01-30 11:31:19,49,53,1989,3845
2023-01-30 11:31:20,49,52,1989,3845
2023-01-30 11:32:13,49,52,1994,3850
2023-01-30 11:32:18,49,54,1994,3850
2023-01-30 11:32:19,49,53,1994,3850
2023-01-30 11:32:25,50,53,1994,3850
2023-01-30 11:32:46,49,53,1994,3850
2023-01-30 11:32:46,50,53,1994,3850
2023-01-30 11:32:46,50,55,1994,3850
2023-01-30 11:32:47,50,54,1994,3850
2023-01-30 11:33:05,52,54,1994,3850
2023-01-30 11:33:15,52,54,2327,4183
2023-01-30 11:33:18,52,56,2327,4183
2023-01-30 11:33:26,51,56,2327,4183
2023-01-30 11:33:48,51,57,2327,4183
2023-01-30 11:34:18,53,57,2327,4183
2023-01-30 11:34:23,53,55,2327,4183
2023-01-30 11:34:46,51,55,2327,4183
2023-01-30 11:34:46,52,55,2327,4183
2023-01-30 11:35:47,53,55,2327,4183
2023-01-30 11:36:18,51,55,2327,4183
2023-01-30 11:36:18,50,55,2327,4183
2023-01-30 11:36:18,52,55,2327,4183
2023-01-30 11:36:46,51,55,2327,4183
2023-01-30 11:36:50,52,55,2327,4183
2023-01-30 11:36:51,52,57,2327,4183
2023-01-30 11:37:11,54,57,2327,4183
2023-01-30 11:37:18,54,59,2327,4183
2023-01-30 11:37:46,57,59,2327,4183
2023-01-30 11:38:15,57,59,2322,4188
2023-01-30 11:38:17,55,59,2322,4188
2023-01-30 11:38:18,54,59,2322,4188
2023-01-30 11:38:19,56,59,2322,4188
2023-01-30 11:38:32,56,62,2322,4188
2023-01-30 11:38:32,56,59,2322,4188
2023-01-30 11:38:52,56,61,2322,4188
2023-01-30 11:39:18,57,61,2322,4188
2023-01-30 11:39:18,57,62,2322,4188
2023-01-30 11:39:34,57,61,2322,4188
2023-01-30 11:40:14,57,63,2322,4188
2023-01-30 11:40:14,57,60,2322,4188
2023-01-30 11:40:34,57,62,2322,4188
2023-01-30 11:40:35,57,61,2322,4188
2023-01-30 11:40:49,56,61,2322,4188
2023-01-30 11:40:54,56,62,2322,4188
2023-01-30 11:40:55,56,60,2322,4188
2023-01-30 11:41:15,56,62,2322,4188
2023-01-30 11:41:15,56,60,2322,4188
2023-01-30 11:41:36,56,61,2322,4188
2023-01-30 11:41:43,58,61,2322,4188
2023-01-30 11:41:56,58,62,2322,4188
2023-01-30 11:42:16,58,61,2322,4188
2023-01-30 11:42:36,58,64,2322,4188
2023-01-30 11:42:36,58,61,2322,4188
2023-01-30 11:42:46,56,61,2322,4188
2023-01-30 11:42:57,56,62,2322,4188
2023-01-30 11:42:57,56,61,2322,4188
2023-01-30 11:43:06,58,61,2322,4188
2023-01-30 11:43:17,58,62,2322,4188
2023-01-30 11:43:58,58,63,2322,4188
2023-01-30 11:43:58,58,62,2322,4188
2023-01-30 11:44:18,58,63,2322,4188
2023-01-30 11:44:39,58,64,2322,4188
2023-01-30 11:44:39,58,63,2322,4188
2023-01-30 11:44:55,60,63,2322,4188
2023-01-30 11:44:57,58,63,2322,4188
2023-01-30 11:44:59,58,64,2322,4188
2023-01-30 11:44:59,58,63,2322,4188
2023-01-30 11:45:05,60,63,2322,4188
2023-01-30 11:45:19,60,64,2322,4188
2023-01-30 11:45:40,60,63,2322,4188
2023-01-30 11:45:41,59,63,2322,4188
2023-01-30 11:45:46,58,63,2322,4188
2023-01-30 11:45:47,60,63,2322,4188
2023-01-30 11:46:00,60,64,2322,4188
2023-01-30 11:46:00,60,61,2322,4188
2023-01-30 11:46:20,58,63,2322,4188
2023-01-30 11:46:20,58,60,2322,4188
2023-01-30 11:46:41,58,63,2322,4188
2023-01-30 11:46:41,58,61,2322,4188
2023-01-30 11:46:45,56,61,2322,4188
2023-01-30 11:46:47,59,61,2322,4188
2023-01-30 11:46:48,56,61,2322,4188
2023-01-30 11:46:51,59,61,2322,4188
2023-01-30 11:46:56,56,61,2322,4188
2023-01-30 11:47:01,56,62,2322,4188
2023-01-30 11:47:05,59,62,2322,4188
2023-01-30 11:47:06,56,62,2322,4188
2023-01-30 11:47:20,58,62,2322,4188
2023-01-30 11:47:21,58,63,2322,4188
2023-01-30 11:47:21,58,61,2322,4188
2023-01-30 11:47:42,58,63,2322,4188
2023-01-30 11:47:42,58,62,2322,4188
2023-01-30 11:47:47,56,62,2322,4188
2023-01-30 11:47:47,57,62,2322,4188
2023-01-30 11:47:50,59,62,2322,4188
2023-01-30 11:47:51,57,62,2322,4188
2023-01-30 11:47:58,59,62,2322,4188
2023-01-30 11:48:00,57,62,2322,4188
2023-01-30 11:48:02,59,62,2322,4188
2023-01-30 11:48:07,57,62,2322,4188
2023-01-30 11:48:13,59,62,2322,4188
2023-01-30 11:48:22,59,63,2322,4188
2023-01-30 11:48:46,59,64,2322,4188
2023-01-30 11:49:03,59,63,2322,4188
2023-01-30 11:49:11,61,63,2322,4188
2023-01-30 11:49:23,61,65,2322,4188
2023-01-30 11:49:47,62,65,2322,4188
2023-01-30 11:50:00,62,65,2332,4198
2023-01-30 11:50:04,62,66,2332,4198
2023-01-30 11:50:04,62,64,2332,4198
2023-01-30 11:50:23,61,64,2332,4198
2023-01-30 11:50:24,61,66,2332,4198
2023-01-30 11:50:25,61,64,2332,4198
2023-01-30 11:50:45,61,66,2332,4198
2023-01-30 11:50:45,61,63,2332,4198
2023-01-30 11:50:49,60,63,2332,4198
2023-01-30 11:51:05,60,65,2332,4198
2023-01-30 11:51:05,60,63,2332,4198
2023-01-30 11:51:19,59,63,2332,4198
2023-01-30 11:51:25,59,64,2332,4198
2023-01-30 11:51:48,59,65,2332,4198
2023-01-30 11:51:54,61,65,2332,4198
2023-01-30 11:52:06,61,64,2332,4198
2023-01-30 11:52:26,61,66,2332,4198
2023-01-30 11:52:27,61,65,2332,4198
2023-01-30 11:52:47,61,66,2332,4198
2023-01-30 11:52:47,61,65,2332,4198
2023-01-30 11:53:07,61,66,2332,4198
2023-01-30 11:53:08,61,64,2332,4198
2023-01-30 11:53:18,59,64,2332,4198
2023-01-30 11:53:18,60,64,2332,4198
2023-01-30 11:53:28,60,66,2332,4198
2023-01-30 11:53:28,60,64,2332,4198
2023-01-30 11:53:39,61,64,2332,4198
2023-01-30 11:53:48,61,68,2332,4198
2023-01-30 11:53:48,61,69,2332,4198
2023-01-30 11:53:48,61,67,2332,4198
2023-01-30 11:53:48,61,65,2332,4198
2023-01-30 11:54:49,61,66,2332,4198
2023-01-30 11:55:00,60,66,2332,4198
2023-01-30 11:55:00,63,66,2332,4198
2023-01-30 11:55:19,61,66,2332,4198
2023-01-30 11:55:19,65,66,2332,4198
2023-01-30 11:55:20,65,67,2332,4198
2023-01-30 11:55:48,66,67,2332,4198
2023-01-30 11:55:48,66,69,2332,4198
2023-01-30 11:55:50,66,71,2332,4198
2023-01-30 11:55:50,66,67,2332,4198
2023-01-30 11:56:10,66,71,2332,4198
2023-01-30 11:56:11,66,67,2332,4198
2023-01-30 11:56:19,65,67,2332,4198
2023-01-30 11:56:31,65,70,2332,4198
2023-01-30 11:56:31,65,67,2332,4198
2023-01-30 11:56:46,64,67,2332,4198
2023-01-30 11:56:51,64,69,2332,4198
2023-01-30 11:56:51,64,68,2332,4198
2023-01-30 11:56:56,64,67,2332,4198
2023-01-30 11:57:11,64,69,2332,4198
2023-01-30 11:57:12,64,67,2332,4198
2023-01-30 11:57:18,62,67,2332,4198
2023-01-30 11:57:32,62,68,2332,4198
2023-01-30 11:57:32,62,66,2332,4198
2023-01-30 11:57:49,61,66,2332,4198
2023-01-30 11:57:53,61,64,2332,4198
2023-01-30 11:58:13,61,66,2332,4198
2023-01-30 11:58:13,61,63,2332,4198
2023-01-30 11:58:18,59,63,2332,4198
2023-01-30 11:58:33,59,65,2332,4198
2023-01-30 11:58:33,59,62,2332,4198
2023-01-30 11:58:47,57,62,2332,4198
2023-01-30 11:58:47,57,61,2332,4198
2023-01-30 11:59:07,56,61,2332,4198
2023-01-30 11:59:14,56,60,2332,4198
2023-01-30 11:59:17,54,60,2332,4198
2023-01-30 11:59:17,55,60,2332,4198
2023-01-30 11:59:34,55,61,2332,4198
2023-01-30 11:59:34,55,60,2332,4198
2023-01-30 11:59:46,54,60,2332,4198
2023-01-30 11:59:47,54,58,2332,4198
2023-01-30 11:59:53,56,58,2332,4198
2023-01-30 11:59:54,52,58,2332,4198
2023-01-30 11:59:54,54,58,2332,4198
2023-01-30 11:59:55,56,58,2332,4198
2023-01-30 11:59:59,54,58,2332,4198
2023-01-30 12:00:01,56,58,2332,4198
2023-01-30 12:00:26,56,60,2332,4198
2023-01-30 12:00:27,56,59,2332,4198
2023-01-30 12:00:27,56,57,2332,4198
2023-01-30 12:00:47,56,59,2332,4198
2023-01-30 12:00:47,56,58,2332,4198
2023-01-30 12:01:18,54,58,2332,4198
2023-01-30 12:01:19,54,59,2332,4198
2023-01-30 12:01:46,53,59,2332,4198
2023-01-30 12:01:48,56,57,2332,4198
2023-01-30 12:02:12,55,57,2332,4198
2023-01-30 12:02:13,56,57,2332,4198
2023-01-30 12:02:16,51,57,2332,4198
2023-01-30 12:02:16,54,57,2332,4198
2023-01-30 12:02:18,54,59,2332,4198
2023-01-30 12:02:21,53,59,2332,4198
2023-01-30 12:02:21,56,59,2332,4198
2023-01-30 12:02:24,54,59,2332,4198
2023-01-30 12:02:37,54,58,2332,4198
2023-01-30 12:02:48,54,57,2332,4198
2023-01-30 12:03:17,54,58,2332,4198
2023-01-30 12:03:19,54,56,2332,4198
2023-01-30 12:03:21,54,56,2337,4203
2023-01-30 12:03:21,54,56,2342,4208
2023-01-30 12:03:22,54,55,2342,4208
2023-01-30 12:03:58,53,55,2342,4208
2023-01-30 12:03:59,54,55,2342,4208
2023-01-30 12:04:19,53,55,2342,4208
2023-01-30 12:04:39,55,58,2337,4213
2023-01-30 12:04:46,55,59,2337,4213
2023-01-30 12:05:12,55,60,2337,4213
2023-01-30 12:05:13,55,57,2337,4213
2023-01-30 12:05:20,54,57,2337,4213
2023-01-30 12:05:20,53,57,2337,4213
2023-01-30 12:05:21,55,57,2337,4213
2023-01-30 12:05:23,55,59,2337,4213
2023-01-30 12:05:28,55,57,2337,4213
2023-01-30 12:05:46,53,57,2337,4213
2023-01-30 12:06:09,53,59,2337,4213
2023-01-30 12:06:10,53,57,2337,4213
2023-01-30 12:06:36,53,58,2337,4213
2023-01-30 12:06:39,53,57,2337,4213
2023-01-30 12:06:48,53,58,2337,4213
2023-01-30 12:07:01,53,57,2337,4213
2023-01-30 12:07:02,54,57,2337,4213
2023-01-30 12:07:47,53,57,2337,4213
2023-01-30 12:08:03,52,57,2337,4213
2023-01-30 12:08:44,53,57,2337,4213
2023-01-30 12:09:06,53,58,2337,4213
2023-01-30 12:09:24,54,58,2337,4213
2023-01-30 12:09:45,53,58,2337,4213
2023-01-30 12:09:46,53,59,2337,4213
2023-01-30 12:09:46,54,59,2337,4213
2023-01-30 12:10:25,53,59,2337,4213
2023-01-30 12:10:47,53,58,2337,4213
2023-01-30 12:11:07,54,59,2337,4213
2023-01-30 12:11:18,54,58,2337,4213
2023-01-30 12:11:53,54,59,2337,4213
2023-01-30 12:12:08,56,59,2337,4213
2023-01-30 12:12:28,54,59,2337,4213
2023-01-30 12:13:09,55,59,2337,4213
2023-01-30 12:13:49,56,59,2337,4213
2023-01-30 12:14:10,55,59,2337,4213
2023-01-30 12:14:30,55,56,2337,4213
2023-01-30 12:14:47,53,56,2337,4213
2023-01-30 12:14:48,52,56,2337,4213
2023-01-30 12:15:23,52,57,2337,4213
2023-01-30 12:15:32,53,57,2337,4213
2023-01-30 12:15:47,53,58,2337,4213
2023-01-30 12:15:51,54,58,2337,4213
2023-01-30 12:16:12,56,58,2337,4213
2023-01-30 12:16:20,56,59,2337,4213
2023-01-30 12:16:32,54,59,2337,4213
2023-01-30 12:16:53,55,59,2337,4213
2023-01-30 12:17:04,55,60,2337,4213
2023-01-30 12:17:13,56,60,2337,4213
2023-01-30 12:17:33,58,60,2337,4213
2023-01-30 12:17:46,58,61,2337,4213
2023-01-30 12:18:01,58,63,2337,4213
2023-01-30 12:18:46,59,63,2337,4213
2023-01-30 12:19:16,60,63,2337,4213
2023-01-30 12:19:47,58,63,2337,4213
2023-01-30 12:19:47,59,63,2337,4213
2023-01-30 12:21:15,59,64,2337,4213
2023-01-30 12:21:18,61,64,2337,4213
2023-01-30 12:21:19,61,65,2337,4213
2023-01-30 12:21:20,61,64,2337,4213
2023-01-30 12:21:48,61,65,2337,4213
2023-01-30 12:21:48,62,65,2337,4213
2023-01-30 12:22:16,62,65,2332,4218
2023-01-30 12:22:16,60,65,2332,4218
2023-01-30 12:22:16,61,65,2332,4218
2023-01-30 12:22:17,61,66,2332,4218
2023-01-30 12:22:19,61,64,2332,4218
2023-01-30 12:22:39,61,66,2332,4218
2023-01-30 12:22:47,60,66,2332,4218
2023-01-30 12:22:47,60,64,2332,4218
2023-01-30 12:22:54,61,64,2332,4218
2023-01-30 12:23:46,61,66,2332,4218
2023-01-30 12:24:21,61,64,2332,4218
2023-01-30 12:24:41,61,66,2332,4218
2023-01-30 12:24:41,61,65,2332,4218
2023-01-30 12:25:08,60,65,2332,4218
2023-01-30 12:25:09,61,65,2332,4218
2023-01-30 12:25:23,60,65,2332,4218
2023-01-30 12:25:24,61,65,2332,4218
2023-01-30 12:25:25,60,65,2332,4218
2023-01-30 12:25:28,61,65,2332,4218
2023-01-30 12:26:23,62,65,2332,4218
2023-01-30 12:26:23,62,65,2332,4228
2023-01-30 12:26:25,63,65,2332,4228
2023-01-30 12:26:43,63,65,2337,4246
2023-01-30 12:26:51,63,68,2337,4246
2023-01-30 12:27:03,65,68,2337,4246
2023-01-30 12:27:18,66,68,2337,4246
2023-01-30 12:28:10,66,68,2332,4251
2023-01-30 12:28:10,66,69,2332,4251
2023-01-30 12:28:17,64,69,2332,4251
2023-01-30 12:28:19,63,69,2332,4251
2023-01-30 12:28:19,65,69,2332,4251
2023-01-30 12:28:20,65,68,2332,4251
2023-01-30 12:28:45,65,71,2332,4251
2023-01-30 12:28:45,65,68,2332,4251
2023-01-30 12:28:47,63,68,2332,4251
2023-01-30 12:29:05,63,69,2332,4251
2023-01-30 12:29:46,63,70,2332,4251
2023-01-30 12:29:47,63,68,2332,4251
2023-01-30 12:29:49,63,67,2332,4251
2023-01-30 12:30:01,63,68,2332,4251
2023-01-30 12:30:01,63,67,2332,4251
2023-01-30 12:30:02,63,68,2332,4251
2023-01-30 12:30:19,63,66,2332,4251
2023-01-30 12:30:25,59,66,2332,4251
2023-01-30 12:30:25,60,66,2332,4251
2023-01-30 12:30:41,61,66,2332,4251
2023-01-30 12:30:46,60,66,2332,4251
2023-01-30 12:30:48,59,66,2332,4251
2023-01-30 12:30:48,59,65,2332,4251
2023-01-30 12:30:49,61,65,2332,4251
2023-01-30 12:30:51,59,65,2332,4251
2023-01-30 12:30:51,61,65,2332,4251
2023-01-30 12:30:54,59,65,2332,4251
2023-01-30 12:30:58,61,65,2332,4251
2023-01-30 12:31:00,59,65,2332,4251
2023-01-30 12:31:09,61,65,2332,4251
2023-01-30 12:31:12,59,65,2332,4251
2023-01-30 12:31:15,61,65,2332,4251
2023-01-30 12:31:44,62,65,2332,4251
2023-01-30 12:31:47,62,67,2332,4251
2023-01-30 12:32:17,62,70,2332,4251
2023-01-30 12:32:17,63,70,2332,4251
2023-01-30 12:32:17,63,68,2332,4251
2023-01-30 12:32:25,63,67,2332,4251
2023-01-30 12:32:39,63,68,2332,4251
2023-01-30 12:32:48,63,67,2332,4251
2023-01-30 12:32:48,61,67,2332,4251
2023-01-30 12:32:48,62,67,2332,4251
2023-01-30 12:32:52,63,67,2332,4251
2023-01-30 12:33:15,62,67,2332,4251
2023-01-30 12:33:17,61,67,2332,4251
2023-01-30 12:33:18,61,68,2332,4251
2023-01-30 12:33:19,63,68,2332,4251
2023-01-30 12:33:27,63,67,2332,4251
2023-01-30 12:33:43,63,68,2332,4251
2023-01-30 12:34:19,64,68,2332,4251
2023-01-30 12:34:24,64,69,2332,4251
2023-01-30 12:34:28,64,68,2332,4251
2023-01-30 12:34:44,64,69,2332,4251
2023-01-30 12:34:44,64,68,2332,4251
2023-01-30 12:34:46,63,68,2332,4251
2023-01-30 12:35:48,63,70,2332,4251
2023-01-30 12:35:49,63,69,2332,4251
2023-01-30 12:36:19,64,69,2332,4251
2023-01-30 12:36:26,64,68,2332,4251
2023-01-30 12:36:29,64,67,2332,4251
2023-01-30 12:36:47,64,69,2332,4251
2023-01-30 12:36:47,64,68,2332,4251
2023-01-30 12:36:48,64,67,2332,4251
2023-01-30 12:36:48,62,67,2332,4251
2023-01-30 12:37:16,62,68,2332,4251
2023-01-30 12:37:29,62,67,2332,4251
2023-01-30 12:37:44,62,68,2332,4251
2023-01-30 12:37:46,63,68,2332,4251
2023-01-30 12:37:59,63,67,2332,4251
2023-01-30 12:38:19,62,67,2332,4251
2023-01-30 12:39:15,64,67,2332,4251
2023-01-30 12:39:18,64,69,2332,4251
2023-01-30 12:39:19,64,68,2332,4251
2023-01-30 12:39:37,63,68,2332,4251
2023-01-30 12:39:48,63,70,2332,4251
2023-01-30 12:39:49,65,70,2332,4251
2023-01-30 12:39:59,65,68,2332,4251
2023-01-30 12:40:23,65,70,2332,4251
2023-01-30 12:40:23,64,69,2332,4251
2023-01-30 12:40:48,64,70,2332,4251
2023-01-30 12:40:48,65,70,2332,4251
2023-01-30 12:41:11,65,69,2332,4251
2023-01-30 12:41:30,65,67,2332,4251
2023-01-30 12:41:48,65,69,2332,4251
2023-01-30 12:41:49,65,67,2332,4251
2023-01-30 12:41:50,62,67,2332,4251
2023-01-30 12:42:06,62,67,2332,4266
2023-01-30 12:42:17,61,67,2332,4266
2023-01-30 12:42:33,61,66,2332,4266
2023-01-30 12:42:45,61,67,2332,4266
2023-01-30 12:42:46,61,65,2332,4266
2023-01-30 12:43:17,61,68,2332,4266
2023-01-30 12:43:19,61,66,2332,4266
2023-01-30 12:43:26,63,66,2332,4266
2023-01-30 12:44:17,63,68,2332,4266
2023-01-30 12:44:56,63,66,2332,4266
2023-01-30 12:45:25,62,66,2332,4266
2023-01-30 12:45:25,65,66,2332,4266
2023-01-30 12:46:48,65,69,2332,4266
2023-01-30 12:46:53,67,70,2332,4266
2023-01-30 12:47:15,67,69,2332,4266
2023-01-30 12:47:46,70,72,2332,4286
2023-01-30 12:47:47,70,73,2332,4286
2023-01-30 12:47:54,70,75,2332,4286
2023-01-30 12:47:58,70,74,2332,4286
2023-01-30 12:48:09,70,73,2332,4286
2023-01-30 12:48:28,70,75,2332,4286
2023-01-30 12:48:39,70,73,2332,4286
2023-01-30 12:48:59,70,75,2332,4286
2023-01-30 12:49:10,70,73,2332,4286
2023-01-30 12:49:35,70,74,2332,4286
2023-01-30 12:49:41,70,72,2332,4286
2023-01-30 12:49:47,68,72,2332,4286
2023-01-30 12:49:47,69,72,2332,4286
2023-01-30 12:50:00,69,74,2332,4286
2023-01-30 12:50:14,69,71,2332,4286
2023-01-30 12:50:23,67,71,2332,4286
2023-01-30 12:50:23,68,71,2332,4286
2023-01-30 12:50:33,68,73,2332,4286
2023-01-30 12:50:33,69,73,2332,4286
2023-01-30 12:50:48,69,74,2332,4286
2023-01-30 12:51:20,69,75,2332,4286
2023-01-30 12:51:20,71,75,2332,4286
2023-01-30 12:51:42,71,76,2332,4286
2023-01-30 12:51:48,71,75,2332,4286
2023-01-30 12:52:02,71,76,2332,4286
2023-01-30 12:52:06,71,74,2332,4286
2023-01-30 12:52:18,71,76,2332,4286
2023-01-30 12:52:19,71,74,2332,4286
2023-01-30 12:52:42,71,73,2332,4286
2023-01-30 12:52:47,69,73,2332,4286
2023-01-30 12:52:47,71,73,2332,4286
2023-01-30 12:52:54,71,72,2332,4286
2023-01-30 12:53:16,69,72,2332,4286
2023-01-30 12:53:18,69,75,2332,4286
2023-01-30 12:53:20,69,72,2332,4286
2023-01-30 12:53:44,69,75,2332,4286
2023-01-30 12:53:44,69,74,2332,4286
2023-01-30 12:54:03,69,72,2332,4286
2023-01-30 12:54:17,69,74,2332,4286
2023-01-30 12:54:17,67,74,2332,4286
2023-01-30 12:54:17,67,72,2332,4286
2023-01-30 12:54:45,68,72,2332,4286
2023-01-30 12:54:47,68,75,2332,4286
2023-01-30 12:54:50,68,73,2332,4286
2023-01-30 12:55:15,69,73,2332,4286
2023-01-30 12:55:38,68,73,2332,4286
2023-01-30 12:55:50,68,74,2332,4286
2023-01-30 12:55:50,67,74,2332,4286
2023-01-30 12:55:51,68,74,2332,4286
2023-01-30 12:56:06,68,72,2332,4286
2023-01-30 12:56:18,68,75,2332,4286
2023-01-30 12:56:19,68,73,2332,4286
2023-01-30 12:56:35,69,73,2332,4286
2023-01-30 12:56:37,69,72,2332,4286
2023-01-30 12:57:17,69,74,2332,4286
2023-01-30 12:57:17,69,73,2332,4286
2023-01-30 12:57:50,69,74,2332,4286
2023-01-30 12:58:18,69,77,2332,4286
2023-01-30 12:58:19,70,77,2332,4286
2023-01-30 12:58:19,70,75,2332,4286
2023-01-30 12:58:47,69,75,2332,4286
2023-01-30 12:58:48,69,77,2332,4286
2023-01-30 12:58:48,69,76,2332,4286
2023-01-30 12:58:49,71,76,2332,4286
2023-01-30 12:59:06,71,75,2332,4286
2023-01-30 12:59:18,71,76,2332,4286
2023-01-30 12:59:18,71,74,2332,4286
2023-01-30 12:59:30,71,76,2332,4286
2023-01-30 12:59:30,71,74,2332,4286
2023-01-30 12:59:42,71,73,2332,4286
2023-01-30 12:59:46,70,73,2332,4286
2023-01-30 13:00:03,71,73,2332,4286
2023-01-30 13:00:11,71,75,2332,4286
2023-01-30 13:00:50,72,75,2332,4286
2023-01-30 13:01:12,72,77,2332,4286
2023-01-30 13:01:16,72,75,2332,4286
2023-01-30 13:01:32,72,77,2332,4286
2023-01-30 13:01:46,72,75,2332,4286
2023-01-30 13:02:13,72,77,2332,4286
2023-01-30 13:02:16,72,76,2332,4286
2023-01-30 13:02:17,73,76,2332,4286
2023-01-30 13:02:33,73,78,2332,4286
2023-01-30 13:02:47,73,76,2332,4286
2023-01-30 13:02:47,71,76,2332,4286
2023-01-30 13:02:49,72,76,2332,4286
2023-01-30 13:02:49,74,76,2332,4286
2023-01-30 13:03:14,74,79,2332,4286
2023-01-30 13:03:17,74,76,2332,4286
2023-01-30 13:03:34,74,79,2332,4286
2023-01-30 13:03:47,74,76,2332,4286
2023-01-30 13:04:06,74,79,2332,4286
2023-01-30 13:04:20,74,76,2332,4286
2023-01-30 13:04:22,72,76,2332,4286
2023-01-30 13:04:22,74,76,2332,4286
2023-01-30 13:04:36,74,79,2332,4286
2023-01-30 13:04:50,74,75,2332,4286
2023-01-30 13:05:16,74,79,2332,4286
2023-01-30 13:05:16,74,77,2332,4286
2023-01-30 13:05:20,72,77,2332,4286
2023-01-30 13:05:21,70,77,2332,4286
2023-01-30 13:05:21,72,77,2332,4286
2023-01-30 13:05:23,72,74,2332,4286
2023-01-30 13:05:37,72,77,2332,4286
2023-01-30 13:05:50,70,77,2332,4286
2023-01-30 13:05:51,70,76,2332,4286
2023-01-30 13:05:54,70,73,2332,4286
2023-01-30 13:06:18,70,76,2332,4286
2023-01-30 13:06:20,70,75,2332,4286
2023-01-30 13:06:26,70,73,2332,4286
2023-01-30 13:06:38,70,75,2332,4286
2023-01-30 13:06:48,69,75,2332,4286
2023-01-30 13:06:48,69,76,2332,4286
2023-01-30 13:06:48,69,74,2332,4286
2023-01-30 13:06:56,69,73,2332,4286
2023-01-30 13:07:18,69,74,2332,4286
2023-01-30 13:07:30,70,74,2332,4286
2023-01-30 13:07:47,70,76,2332,4286
2023-01-30 13:07:48,70,75,2332,4286
2023-01-30 13:07:56,70,73,2332,4286
2023-01-30 13:08:12,70,75,2332,4286
2023-01-30 13:08:12,71,75,2332,4286
2023-01-30 13:08:47,72,75,2332,4286
2023-01-30 13:08:48,72,77,2332,4286
2023-01-30 13:08:56,72,75,2332,4286
2023-01-30 13:09:13,72,77,2332,4286
2023-01-30 13:09:17,72,76,2332,4286
2023-01-30 13:09:18,71,76,2332,4286
2023-01-30 13:09:27,71,74,2332,4286
2023-01-30 13:09:42,71,76,2332,4286
2023-01-30 13:09:47,72,76,2332,4286
2023-01-30 13:09:49,72,77,2332,4286
2023-01-30 13:09:57,72,74,2332,4286
2023-01-30 13:10:22,72,77,2332,4286
2023-01-30 13:10:23,70,77,2332,4286
2023-01-30 13:10:24,70,76,2332,4286
2023-01-30 13:10:24,71,76,2332,4286
2023-01-30 13:10:28,71,74,2332,4286
2023-01-30 13:10:42,71,76,2332,4286
2023-01-30 13:10:58,71,74,2332,4286
2023-01-30 13:11:18,71,76,2332,4286
2023-01-30 13:11:19,71,75,2332,4286
2023-01-30 13:11:19,70,75,2332,4286
2023-01-30 13:11:28,70,73,2332,4286
2023-01-30 13:11:43,70,75,2332,4286
2023-01-30 13:11:48,70,76,2332,4286
2023-01-30 13:11:49,71,76,2332,4286
2023-01-30 13:11:53,71,76,2462,4416
2023-01-30 13:11:58,71,73,2462,4416
2023-01-30 13:12:18,71,75,2462,4416
2023-01-30 13:12:18,69,75,2462,4416
2023-01-30 13:12:19,70,75,2462,4416
2023-01-30 13:12:29,70,73,2462,4416
2023-01-30 13:12:44,70,75,2462,4416
2023-01-30 13:12:59,70,73,2462,4416
2023-01-30 13:13:18,70,75,2462,4416
2023-01-30 13:13:29,70,73,2462,4416
2023-01-30 13:13:46,70,75,2462,4416
2023-01-30 13:13:59,70,72,2462,4416
2023-01-30 13:14:17,70,75,2462,4416
2023-01-30 13:14:24,71,75,2462,4416
2023-01-30 13:14:29,71,73,2462,4416
2023-01-30 13:14:46,71,75,2462,4416
2023-01-30 13:14:46,71,77,2462,4416
2023-01-30 13:14:46,71,76,2462,4416
2023-01-30 13:15:00,71,74,2462,4416
2023-01-30 13:15:21,71,76,2462,4416
2023-01-30 13:15:30,71,74,2462,4416
2023-01-30 13:15:48,71,76,2462,4416
2023-01-30 13:15:50,71,78,2462,4416
2023-01-30 13:15:50,71,76,2462,4416
2023-01-30 13:16:02,72,76,2462,4416
2023-01-30 13:16:03,72,75,2462,4416
2023-01-30 13:16:14,72,76,2462,4416
2023-01-30 13:16:21,72,77,2462,4416
2023-01-30 13:16:21,73,77,2462,4416
2023-01-30 13:16:29,73,75,2462,4416
2023-01-30 13:16:33,71,72,2462,4727
2023-01-30 13:16:49,71,75,2462,4727
2023-01-30 13:16:49,63,75,2462,4727
2023-01-30 13:16:49,63,78,2462,4727
2023-01-30 13:16:49,65,77,2462,4727
2023-01-30 13:16:49,66,77,2462,4727
2023-01-30 13:16:49,66,75,2462,4727
2023-01-30 13:16:49,66,71,2462,4727
2023-01-30 13:16:54,67,71,2462,4727
2023-01-30 13:17:04,67,70,2462,4727
2023-01-30 13:17:17,67,71,2462,4727
2023-01-30 13:17:19,67,70,2462,4727
2023-01-30 13:17:22,66,70,2462,4727
2023-01-30 13:17:30,65,70,2462,4727
2023-01-30 13:17:34,65,69,2462,4727
2023-01-30 13:17:50,63,69,2462,4727
2023-01-30 13:17:51,61,69,2462,4727
2023-01-30 13:17:51,61,67,2462,4727
2023-01-30 13:17:52,62,67,2462,4727
2023-01-30 13:17:56,62,66,2462,4727
2023-01-30 13:18:10,62,67,2462,4727
2023-01-30 13:18:18,61,67,2462,4727
2023-01-30 13:18:19,61,65,2462,4727
2023-01-30 13:18:19,61,63,2462,4727
2023-01-30 13:18:50,58,61,2467,4732
2023-01-30 13:18:50,57,61,2467,4732
2023-01-30 13:18:51,59,61,2467,4732
2023-01-30 13:19:04,61,63,2742,5007
2023-01-30 13:19:18,61,64,2742,5007
2023-01-30 13:20:25,60,64,2742,5007
2023-01-30 13:20:26,61,64,2742,5007
2023-01-30 13:20:52,59,64,2742,5007
2023-01-30 13:20:52,59,66,2742,5007
2023-01-30 13:20:53,59,65,2742,5007
2023-01-30 13:20:53,60,65,2742,5007
2023-01-30 13:20:53,60,64,2742,5007
2023-01-30 13:20:53,61,64,2742,5007
2023-01-30 13:21:13,60,64,2742,5007
2023-01-30 13:21:16,61,64,2742,5007
2023-01-30 13:21:23,61,67,2742,5007
2023-01-30 13:21:24,61,66,2742,5007
2023-01-30 13:21:48,61,64,2742,5007
2023-01-30 13:21:49,61,66,2742,5007
2023-01-30 13:21:49,61,67,2742,5007
2023-01-30 13:21:49,61,66,2742,5007
2023-01-30 13:21:50,62,66,2742,5007
2023-01-30 13:23:18,60,66,2742,5007
2023-01-30 13:23:19,61,66,2742,5007
2023-01-30 13:23:49,62,66,2742,5007
2023-01-30 13:24:18,60,66,2742,5007
2023-01-30 13:24:19,59,66,2742,5007
2023-01-30 13:24:20,61,66,2742,5007
2023-01-30 13:24:36,61,65,2742,5007
2023-01-30 13:24:50,60,65,2742,5007
2023-01-30 13:25:21,60,66,2742,5007
2023-01-30 13:25:48,59,66,2742,5007
2023-01-30 13:25:48,62,66,2742,5007
2023-01-30 13:26:09,61,66,2742,5007
2023-01-30 13:26:19,62,66,2742,5007
2023-01-30 13:26:48,61,66,2742,5007
2023-01-30 13:26:49,62,66,2742,5007
2023-01-30 13:27:22,62,67,2742,5007
2023-01-30 13:27:30,65,67,2742,5007
2023-01-30 13:27:46,65,68,2742,5007
2023-01-30 13:28:11,66,68,2742,5007
2023-01-30 13:28:47,67,68,2742,5007
2023-01-30 13:29:11,67,71,2742,5012
2023-01-30 13:29:14,67,70,2742,5012
2023-01-30 13:29:32,67,71,2742,5012
2023-01-30 13:29:46,66,71,2742,5012
2023-01-30 13:29:47,66,70,2742,5012
2023-01-30 13:30:13,68,70,2742,5012
2023-01-30 13:30:21,69,70,2742,5012
2023-01-30 13:30:23,69,71,2742,5012
2023-01-30 13:30:39,68,71,2742,5012
2023-01-30 13:30:49,70,71,2742,5012
2023-01-30 13:31:14,70,71,2724,5030
2023-01-30 13:31:24,70,74,2724,5030
2023-01-30 13:31:34,71,75,2724,5030
2023-01-30 13:31:47,71,76,2724,5030
2023-01-30 13:31:48,72,76,2724,5030
2023-01-30 13:31:51,72,74,2724,5030
2023-01-30 13:32:12,72,76,2724,5030
2023-01-30 13:32:21,72,75,2724,5030
2023-01-30 13:32:35,73,76,2724,5030
2023-01-30 13:32:48,75,76,2724,5030
2023-01-30 13:33:11,75,79,2724,5030
2023-01-30 13:33:24,75,76,2724,5030
2023-01-30 13:33:39,75,79,2724,5030
2023-01-30 13:33:55,75,76,2724,5030
2023-01-30 13:34:07,75,79,2724,5030
2023-01-30 13:34:25,75,76,2724,5030
2023-01-30 13:34:38,75,79,2724,5030
2023-01-30 13:34:43,75,79,2730,5155
2023-01-30 13:34:44,76,79,2730,5155
2023-01-30 13:34:53,75,79,2730,5160
2023-01-30 13:34:59,75,76,2730,5160
2023-01-30 13:35:23,75,79,2730,5160
2023-01-30 13:35:25,74,79,2730,5160
2023-01-30 13:35:30,74,76,2730,5160
2023-01-30 13:35:48,74,79,2730,5160
2023-01-30 13:35:50,76,79,2730,5160
2023-01-30 13:36:03,74,76,2730,5453
2023-01-30 13:36:18,74,79,2730,5453
2023-01-30 13:36:33,74,76,2730,5453
2023-01-30 13:36:46,75,79,2730,5453
2023-01-30 13:37:03,75,76,2730,5453
2023-01-30 13:37:18,75,79,2730,5453
2023-01-30 13:37:34,75,76,2730,5453
2023-01-30 13:37:46,75,79,2730,5453
2023-01-30 13:38:04,75,76,2730,5453
2023-01-30 13:38:18,75,79,2730,5453
2023-01-30 13:38:37,75,77,2730,5453
2023-01-30 13:38:47,76,77,2730,5453
2023-01-30 13:38:48,76,79,2730,5453
2023-01-30 13:38:58,76,81,2730,5453
2023-01-30 13:39:07,76,77,2730,5453
2023-01-30 13:39:19,76,80,2730,5453
2023-01-30 13:39:32,76,81,2730,5453
2023-01-30 13:39:32,76,80,2730,5453
2023-01-30 13:39:36,76,79,2730,5453
2023-01-30 13:39:37,74,76,2730,5882
2023-01-30 13:39:47,75,76,2730,5882
2023-01-30 13:39:48,75,79,2730,5882
2023-01-30 13:39:58,76,79,2730,5882
2023-01-30 13:40:07,76,79,3206,6358
2023-01-30 13:40:08,76,79,3207,6359
2023-01-30 13:40:37,75,76,3731,6884
2023-01-30 13:40:49,73,80,3731,6884
2023-01-30 13:40:49,74,80,3731,6884
2023-01-30 13:40:50,74,79,3731,6884
2023-01-30 13:41:00,75,79,3731,6884
2023-01-30 13:41:09,75,77,3731,6884
2023-01-30 13:41:20,76,77,3731,6884
2023-01-30 13:41:34,76,80,3731,6884
2023-01-30 13:41:40,76,77,3731,6884
2023-01-30 13:41:49,75,77,3731,6884
2023-01-30 13:41:54,75,80,3731,6884
2023-01-30 13:42:11,75,78,3731,6884
2023-01-30 13:42:18,77,78,3731,6884
2023-01-30 13:42:35,77,81,3731,6884
2023-01-30 13:42:43,77,78,3731,6884
2023-01-30 13:42:55,77,81,3731,6884
2023-01-30 13:43:15,77,82,3731,6884
2023-01-30 13:43:17,77,78,3731,6884
2023-01-30 13:43:36,77,82,3731,6884
2023-01-30 13:43:48,79,82,3731,6884
2023-01-30 13:43:48,79,82,3731,7135
2023-01-30 13:44:00,79,81,3731,7135
2023-01-30 13:44:19,78,81,3731,7135
2023-01-30 13:44:20,76,78,3731,7446
2023-01-30 13:44:37,76,81,3731,7446
2023-01-30 13:44:51,76,78,3731,7446
2023-01-30 13:45:18,76,81,3731,7446
2023-01-30 13:45:21,76,78,3731,7446
2023-01-30 13:45:22,75,78,3731,7446
2023-01-30 13:45:38,75,80,3731,7446
2023-01-30 13:45:54,75,77,3731,7446
2023-01-30 13:46:16,75,80,3731,7446
2023-01-30 13:46:25,75,77,3731,7446
2023-01-30 13:46:39,75,80,3731,7446
2023-01-30 13:46:57,75,77,3731,7446
2023-01-30 13:47:18,75,80,3731,7446
2023-01-30 13:47:27,75,77,3731,7446
2023-01-30 13:47:40,75,80,3731,7446
2023-01-30 13:47:44,76,80,3731,7446
2023-01-30 13:47:58,76,78,3731,7446
2023-01-30 13:48:18,76,82,3731,7446
2023-01-30 13:48:20,76,81,3731,7446
2023-01-30 13:48:28,76,78,3731,7446
2023-01-30 13:48:42,76,81,3731,7446
2023-01-30 13:48:48,77,81,3731,7446
2023-01-30 13:48:49,77,82,3731,7446
2023-01-30 13:48:58,77,78,3731,7446
2023-01-30 13:49:17,77,82,3731,7446
2023-01-30 13:49:18,77,81,3731,7446
2023-01-30 13:49:29,77,78,3731,7446
2023-01-30 13:49:43,77,81,3731,7446
2023-01-30 13:49:59,75,77,3731,7806
2023-01-30 13:50:23,75,81,3731,7806
2023-01-30 13:50:26,75,80,3731,7806
2023-01-30 13:50:26,75,78,3731,7806
2023-01-30 13:50:29,75,77,3731,7806
2023-01-30 13:50:44,74,78,3731,7806
2023-01-30 13:50:49,74,81,3731,7806
2023-01-30 13:50:49,75,81,3731,7806
2023-01-30 13:50:50,75,79,3731,7806
2023-01-30 13:51:01,75,76,3731,7806
2023-01-30 13:51:18,75,79,3731,7806
2023-01-30 13:51:18,74,79,3731,7806
2023-01-30 13:51:18,74,77,3731,7806
2023-01-30 13:51:25,75,77,3731,7806
2023-01-30 13:51:45,76,77,3731,7806
2023-01-30 13:51:50,76,79,3731,7806
2023-01-30 13:52:02,76,78,3731,7806
2023-01-30 13:52:18,76,79,3731,7806
2023-01-30 13:52:18,76,81,3731,7806
2023-01-30 13:52:32,76,79,3731,7806
2023-01-30 13:52:46,76,81,3731,7806
2023-01-30 13:52:48,77,81,3731,7806
2023-01-30 13:53:03,77,79,3731,7806
2023-01-30 13:53:17,77,82,3731,7806
2023-01-30 13:53:33,77,78,3731,7806
2023-01-30 13:53:47,77,82,3731,7806
2023-01-30 13:53:47,75,82,3731,7806
2023-01-30 13:53:47,76,82,3731,7806
2023-01-30 13:53:48,76,81,3731,7806
2023-01-30 13:54:03,76,78,3731,7806
2023-01-30 13:54:17,76,81,3731,7806
2023-01-30 13:54:17,76,82,3731,7806
2023-01-30 13:54:18,77,82,3731,7806
2023-01-30 13:54:33,77,79,3731,7806
2023-01-30 13:54:46,77,82,3731,7806
2023-01-30 13:54:46,75,82,3731,7806
2023-01-30 13:54:47,76,82,3731,7806
2023-01-30 13:54:50,76,81,3731,7806
2023-01-30 13:55:03,76,77,3731,7806
2023-01-30 13:55:20,76,81,3731,7806
2023-01-30 13:55:21,75,81,3731,7806
2023-01-30 13:55:22,75,80,3731,7806
2023-01-30 13:55:34,75,77,3731,7806
2023-01-30 13:55:48,75,80,3731,7806
2023-01-30 13:56:06,75,77,3731,7806
2023-01-30 13:56:19,75,80,3731,7806
2023-01-30 13:56:20,75,81,3731,7806
2023-01-30 13:56:20,75,80,3731,7806
2023-01-30 13:56:30,76,80,3731,7806
2023-01-30 13:56:36,76,78,3731,7806
2023-01-30 13:56:47,77,78,3731,7806
2023-01-30 13:56:50,77,82,3731,7806
2023-01-30 13:57:07,77,78,3731,7806
2023-01-30 13:57:19,76,82,3731,7806
2023-01-30 13:57:19,78,82,3731,7806
2023-01-30 13:57:38,78,79,3731,7806
2023-01-30 13:57:51,78,82,3731,7806
2023-01-30 13:58:08,76,78,3731,8069
2023-01-30 13:58:18,76,78,3733,8305
2023-01-30 13:58:32,76,82,3733,8305
2023-01-30 13:58:40,76,78,3733,8305
2023-01-30 13:58:46,77,78,3733,8305
2023-01-30 13:58:52,77,82,3733,8305
2023-01-30 13:59:11,77,78,3733,8305
2023-01-30 13:59:21,75,78,3733,8305
2023-01-30 13:59:25,75,80,3733,8305
2023-01-30 13:59:42,75,76,3733,8305
2023-01-30 13:59:48,74,76,3733,8305
2023-01-30 13:59:54,74,78,3733,8305
2023-01-30 14:00:12,74,76,3733,8305
2023-01-30 14:00:14,73,76,3733,8305
2023-01-30 14:00:24,73,80,3733,8305
2023-01-30 14:00:24,73,77,3733,8305
2023-01-30 14:00:34,74,77,3733,8305
2023-01-30 14:00:50,74,76,3733,8305
2023-01-30 14:00:54,73,76,3731,8323
2023-01-30 14:01:17,73,78,3731,8323
2023-01-30 14:01:18,74,78,3731,8323
2023-01-30 14:01:19,74,79,3731,8323
2023-01-30 14:01:46,74,78,3731,8323
2023-01-30 14:01:47,73,78,3731,8323
2023-01-30 14:02:16,73,79,3731,8323
2023-01-30 14:02:16,74,79,3731,8323
2023-01-30 14:02:46,74,77,3731,8323
2023-01-30 14:02:47,73,77,3731,8323
2023-01-30 14:03:17,73,79,3731,8323
2023-01-30 14:03:18,73,78,3731,8323
2023-01-30 14:03:18,73,76,3731,8323
2023-01-30 14:03:49,73,78,3731,8323
2023-01-30 14:04:22,73,76,3731,8323
2023-01-30 14:04:41,71,76,3731,8323
2023-01-30 14:04:47,71,77,3731,8323
2023-01-30 14:04:47,72,77,3731,8323
2023-01-30 14:05:19,73,77,3731,8323
2023-01-30 14:05:21,73,75,3731,8323
2023-01-30 14:05:40,71,75,3731,8323
2023-01-30 14:06:08,73,75,3731,8323
2023-01-30 14:06:20,73,76,3731,8323
2023-01-30 14:07:18,73,75,3731,8323
2023-01-30 14:07:19,71,75,3731,8323
2023-01-30 14:08:07,73,75,3731,8323
2023-01-30 14:08:19,73,77,3731,8323
2023-01-30 14:08:50,75,77,3731,8323
2023-01-30 14:08:52,75,80,3731,8323
2023-01-30 14:09:10,76,80,3731,8323
2023-01-30 14:09:11,75,80,3731,8323
2023-01-30 14:09:47,75,83,3731,8323
2023-01-30 14:09:47,78,83,3731,8323
2023-01-30 14:09:56,78,82,3731,8323
2023-01-30 14:10:11,78,83,3731,8323
2023-01-30 14:10:28,78,82,3731,8323
2023-01-30 14:10:49,78,83,3731,8323
2023-01-30 14:10:50,78,82,3731,8323
2023-01-30 14:11:31,78,81,3731,8323
2023-01-30 14:11:46,78,82,3731,8323
2023-01-30 14:11:47,78,81,3731,8323
2023-01-30 14:11:47,76,81,3731,8323
2023-01-30 14:11:47,77,81,3731,8323
2023-01-30 14:12:07,78,81,3731,8323
2023-01-30 14:12:17,79,81,3731,8323
2023-01-30 14:12:19,79,82,3731,8323
2023-01-30 14:12:21,79,84,3731,8323
2023-01-30 14:12:34,79,83,3731,8323
2023-01-30 14:12:46,78,83,3731,8323
2023-01-30 14:12:47,77,83,3731,8323
2023-01-30 14:12:47,78,83,3731,8323
2023-01-30 14:12:47,80,83,3731,8323
2023-01-30 14:13:28,80,84,3731,8323
2023-01-30 14:13:33,83,84,3731,8323
2023-01-30 14:14:09,82,83,3756,8348
2023-01-30 14:14:20,81,83,3756,8348
2023-01-30 14:14:29,81,84,3756,8348
2023-01-30 14:14:41,81,83,3756,8348
2023-01-30 14:14:45,79,83,3756,8348
2023-01-30 14:14:45,80,83,3756,8348
2023-01-30 14:15:10,80,84,3756,8348
2023-01-30 14:15:11,83,84,3756,8348
2023-01-30 14:15:11,80,82,3766,8358
2023-01-30 14:15:20,79,82,3766,8358
2023-01-30 14:15:30,79,84,3766,8358
2023-01-30 14:15:47,80,84,3766,8358
2023-01-30 14:16:05,83,84,3766,8358
2023-01-30 14:16:54,83,85,3766,8358
2023-01-30 14:18:39,83,85,3771,8363
2023-01-30 14:18:46,84,85,3771,8363
2023-01-30 14:20:24,83,85,3771,8363
2023-01-30 14:20:50,84,85,3771,8363
2023-01-30 14:21:51,83,85,3771,8363
2023-01-30 14:23:16,84,85,3771,8363
2023-01-30 14:24:12,84,86,3771,8363
2023-01-30 14:24:16,83,86,3771,8363
2023-01-30 14:24:17,85,86,3771,8363
2023-01-30 14:24:47,86,87,3771,8364
2023-01-30 14:25:48,85,87,3771,8364
2023-01-30 14:26:19,84,87,3771,8364
2023-01-30 14:26:19,86,87,3771,8364
2023-01-30 14:26:47,87,88,3771,8368
2023-01-30 14:27:03,87,91,3771,8368
2023-01-30 14:27:03,87,88,3771,8368
2023-01-30 14:27:17,86,88,3771,8368
2023-01-30 14:27:23,86,90,3771,8368
2023-01-30 14:27:24,86,89,3771,8368
2023-01-30 14:27:44,86,90,3771,8368
2023-01-30 14:27:44,86,89,3771,8368
2023-01-30 14:27:46,87,89,3771,8368
2023-01-30 14:28:04,87,91,3771,8368
2023-01-30 14:28:04,87,89,3771,8368
2023-01-30 14:28:24,87,91,3771,8368
2023-01-30 14:28:25,87,89,3771,8368
2023-01-30 14:28:45,87,91,3771,8368
2023-01-30 14:28:45,87,89,3771,8368
2023-01-30 14:28:48,86,89,3771,8368
2023-01-30 14:28:48,87,89,3771,8368
2023-01-30 14:29:05,87,91,3771,8368
2023-01-30 14:29:05,87,89,3771,8368
2023-01-30 14:29:25,87,91,3771,8368
2023-01-30 14:29:26,87,89,3771,8368
2023-01-30 14:29:46,87,91,3771,8368
2023-01-30 14:29:47,87,89,3771,8368
2023-01-30 14:30:07,87,91,3771,8368
2023-01-30 14:30:08,87,89,3771,8368
2023-01-30 14:30:24,88,89,3771,8368
2023-01-30 14:30:47,88,91,3771,8368
2023-01-30 14:30:48,88,89,3771,8368
2023-01-30 14:31:08,88,91,3771,8368
2023-01-30 14:31:08,88,90,3771,8368
2023-01-30 14:31:28,88,91,3771,8368
2023-01-30 14:31:28,88,89,3771,8368
2023-01-30 14:31:48,88,91,3771,8368
2023-01-30 14:31:49,88,90,3771,8368
2023-01-30 14:31:49,87,90,3771,8368
2023-01-30 14:32:09,87,91,3771,8368
2023-01-30 14:32:09,87,89,3771,8368
2023-01-30 14:32:18,88,89,3771,8368
2023-01-30 14:32:29,88,91,3771,8368
2023-01-30 14:32:29,88,89,3771,8368
2023-01-30 14:32:49,88,91,3771,8368
2023-01-30 14:32:49,88,89,3771,8368
2023-01-30 14:33:30,88,91,3771,8368
2023-01-30 14:33:30,88,90,3771,8368
2023-01-30 14:33:50,88,91,3771,8368
2023-01-30 14:33:50,88,89,3771,8368
2023-01-30 14:34:11,88,91,3771,8368
2023-01-30 14:34:11,88,90,3771,8368
2023-01-30 14:34:17,89,90,3771,8368
2023-01-30 14:34:31,89,91,3771,8368
2023-01-30 14:34:31,89,90,3771,8368
2023-01-30 14:34:47,88,90,3771,8368
2023-01-30 14:34:51,88,91,3771,8368
2023-01-30 14:34:52,88,90,3771,8368
2023-01-30 14:35:12,88,91,3771,8368
2023-01-30 14:35:12,88,90,3771,8368
2023-01-30 14:35:20,89,90,3771,8368
2023-01-30 14:35:32,89,91,3771,8368
2023-01-30 14:35:32,89,90,3771,8368
2023-01-30 14:35:52,89,91,3771,8368
2023-01-30 14:35:53,89,90,3771,8368
2023-01-30 14:36:13,89,91,3771,8368
2023-01-30 14:36:13,89,90,3771,8368
2023-01-30 14:36:18,88,90,3771,8368
2023-01-30 14:36:33,88,91,3771,8368
2023-01-30 14:36:33,88,90,3771,8368
2023-01-30 14:36:53,88,92,3771,8368
2023-01-30 14:36:54,88,91,3771,8368
2023-01-30 14:37:14,88,92,3771,8368
2023-01-30 14:37:14,88,90,3771,8368
2023-01-30 14:37:16,89,90,3771,8368
2023-01-30 14:37:34,89,93,3771,8368
2023-01-30 14:37:34,89,90,3771,8368
2023-01-30 14:37:39,89,90,3760,8418
2023-01-30 14:37:46,90,93,3765,8423
2023-01-30 14:37:55,90,93,3770,8428
2023-01-30 14:38:15,90,93,3775,8433
2023-01-30 14:38:17,89,93,3775,8433
2023-01-30 14:38:21,89,91,3775,8433
2023-01-30 14:38:26,88,91,3775,8627
2023-01-30 14:38:35,88,89,3775,8627
2023-01-30 14:38:50,87,89,3775,8627
2023-01-30 14:38:55,87,91,3775,8627
2023-01-30 14:38:56,87,89,3775,8627
2023-01-30 14:39:16,87,91,3775,8627
2023-01-30 14:39:16,87,90,3775,8627
2023-01-30 14:39:36,87,91,3775,8627
2023-01-30 14:39:36,87,90,3775,8627
2023-01-30 14:39:51,88,90,3775,8627
2023-01-30 14:39:56,88,92,3775,8627
2023-01-30 14:39:57,88,89,3775,8627
2023-01-30 14:40:17,88,92,3775,8627
2023-01-30 14:40:17,88,89,3775,8627
2023-01-30 14:40:28,87,89,3775,8627
2023-01-30 14:40:37,87,91,3775,8627
2023-01-30 14:40:37,87,90,3775,8627
2023-01-30 14:40:49,88,90,3775,8627
2023-01-30 14:40:49,89,90,3775,8627
2023-01-30 14:40:58,89,92,3775,8627
2023-01-30 14:40:58,89,91,3775,8627
2023-01-30 14:41:00,89,91,3800,8652
2023-01-30 14:41:18,89,92,3800,8652
2023-01-30 14:41:18,89,91,3800,8652
2023-01-30 14:41:20,90,91,3800,8652
2023-01-30 14:41:38,90,93,3800,8652
2023-01-30 14:41:38,90,91,3800,8652
2023-01-30 14:41:59,90,93,3800,8652
2023-01-30 14:41:59,90,91,3800,8652
2023-01-30 14:42:19,90,93,3800,8652
2023-01-30 14:42:20,90,93,3805,8657
2023-01-30 14:42:40,90,91,3805,8657
2023-01-30 14:43:00,90,93,3805,8657
2023-01-30 14:43:00,90,91,3805,8657
2023-01-30 14:43:18,91,92,3810,8662
2023-01-30 14:43:21,91,92,3815,8667
2023-01-30 14:43:41,91,92,3820,8672
2023-01-30 14:44:01,91,92,3825,8677
2023-01-30 14:44:21,91,92,3830,8682
2023-01-30 14:44:42,91,92,3835,8687
2023-01-30 14:44:48,90,92,3835,8687
2023-01-30 14:45:02,90,91,3835,8687
2023-01-30 14:45:22,91,92,3835,8687
2023-01-30 14:45:22,91,92,3840,8692
2023-01-30 14:45:39,90,92,3986,8838
2023-01-30 14:45:43,90,91,3986,8838
2023-01-30 14:45:49,91,92,3991,8843
2023-01-30 14:46:23,91,92,3996,8848
2023-01-30 14:47:46,92,95,4018,8870
2023-01-30 14:48:05,92,95,4023,8875
2023-01-30 14:48:11,92,95,4028,8880
2023-01-30 14:48:26,92,93,4028,8880
2023-01-30 14:48:46,92,95,4028,8880
2023-01-30 14:48:46,92,93,4028,8880
2023-01-30 14:49:06,92,95,4028,8880
2023-01-30 14:49:06,92,93,4028,8880
2023-01-30 14:49:26,92,95,4028,8880
2023-01-30 14:49:27,92,93,4028,8880
2023-01-30 14:49:47,92,95,4028,8880
2023-01-30 14:49:47,92,95,4033,8885
2023-01-30 14:50:07,92,95,4038,8890
2023-01-30 14:50:21,91,95,4038,8890
2023-01-30 14:50:22,92,95,4038,8890
2023-01-30 14:50:28,92,93,4038,8890
2023-01-30 14:50:48,92,95,4038,8890
2023-01-30 14:50:48,92,93,4038,8890
2023-01-30 14:51:09,92,95,4038,8890
2023-01-30 14:51:09,92,93,4038,8890
2023-01-30 14:51:29,92,95,4038,8890
2023-01-30 14:51:29,92,93,4038,8890
2023-01-30 14:51:49,92,95,4038,8890
2023-01-30 14:51:51,92,93,4038,8890
2023-01-30 14:52:12,92,95,4038,8890
2023-01-30 14:52:12,92,93,4038,8890
2023-01-30 14:52:31,92,93,4043,8895
2023-01-30 14:52:47,92,95,4043,8895
2023-01-30 14:52:52,92,95,4048,8900
2023-01-30 14:53:14,92,95,4053,8905
2023-01-30 14:53:33,92,95,4058,8910
2023-01-30 14:53:49,93,95,4058,8910
2023-01-30 14:53:54,93,95,4063,8915
2023-01-30 14:54:14,93,95,4068,8920
2023-01-30 14:54:32,93,95,4073,8925
2023-01-30 14:55:18,93,95,4078,8930
2023-01-30 14:55:39,93,95,4083,8935
2023-01-30 14:56:00,93,95,4088,8940
2023-01-30 14:56:21,93,95,4093,8945
2023-01-30 14:56:41,93,95,4098,8950
2023-01-30 14:57:02,93,95,4103,8955
2023-01-30 14:57:22,93,95,4108,8960
2023-01-30 14:57:48,94,95,4108,8960
2023-01-30 14:57:50,94,95,4113,8965
2023-01-30 14:58:01,94,95,4118,8970
2023-01-30 14:58:11,94,97,4118,8970
2023-01-30 14:58:22,94,97,4123,8975
2023-01-30 14:58:24,94,96,4123,8975
2023-01-30 14:58:43,94,96,4128,8980
2023-01-30 14:59:00,94,95,4128,8980
2023-01-30 14:59:20,94,96,4128,8980
2023-01-30 15:00:01,94,95,4128,8980
2023-01-30 15:00:32,94,96,4128,8980
2023-01-30 15:01:04,94,95,4128,8980
2023-01-30 15:01:05,94,96,4128,8980
2023-01-30 15:01:47,95,96,4128,8980
2023-01-30 15:02:57,95,96,4133,8985
2023-01-30 15:03:14,94,96,4133,9132
2023-01-30 15:03:18,94,95,4133,9132
2023-01-30 15:03:38,94,96,4133,9132
2023-01-30 15:03:38,94,95,4133,9132
2023-01-30 15:03:58,94,96,4133,9132
2023-01-30 15:03:58,94,95,4133,9132
2023-01-30 15:04:18,94,96,4133,9132
2023-01-30 15:04:19,93,96,4133,9132
2023-01-30 15:04:19,93,95,4133,9132
2023-01-30 15:04:39,93,96,4133,9132
2023-01-30 15:04:39,93,95,4133,9132
2023-01-30 15:04:59,93,96,4133,9132
2023-01-30 15:04:59,93,95,4133,9132
2023-01-30 15:05:19,93,96,4133,9132
2023-01-30 15:05:20,94,96,4133,9132
2023-01-30 15:05:21,94,95,4133,9132
2023-01-30 15:06:01,94,96,4133,9132
2023-01-30 15:06:02,94,95,4133,9132
2023-01-30 15:06:23,94,98,4133,9132
2023-01-30 15:06:23,94,96,4133,9132
2023-01-30 15:06:43,94,98,4133,9132
2023-01-30 15:06:43,94,96,4133,9132
2023-01-30 15:06:47,95,96,4133,9132
2023-01-30 15:07:04,95,98,4133,9132
2023-01-30 15:07:04,95,96,4133,9132
2023-01-30 15:07:24,95,99,4133,9132
2023-01-30 15:07:25,95,96,4133,9132
2023-01-30 15:07:47,96,99,4138,9137
2023-01-30 15:08:05,96,99,4143,9142
2023-01-30 15:08:19,95,99,4143,9142
2023-01-30 15:08:21,92,99,4143,9142
2023-01-30 15:08:21,92,97,4143,9142
2023-01-30 15:08:23,92,96,4143,9142
2023-01-30 15:08:43,92,97,4143,9142
2023-01-30 15:08:43,92,96,4143,9142
2023-01-30 15:08:46,93,96,4143,9142
2023-01-30 15:08:46,95,96,4143,9142
2023-01-30 15:09:03,95,97,4143,9142
2023-01-30 15:09:03,95,96,4143,9142
2023-01-30 15:09:17,94,96,4143,9142
2023-01-30 15:09:17,93,96,4143,9142
2023-01-30 15:09:17,92,96,4143,9142
2023-01-30 15:09:23,92,97,4143,9142
2023-01-30 15:09:24,92,96,4143,9142
2023-01-30 15:09:42,93,96,4143,9142
2023-01-30 15:09:44,93,97,4143,9142
2023-01-30 15:09:44,93,96,4143,9142
2023-01-30 15:10:04,93,97,4143,9142
2023-01-30 15:10:05,93,96,4143,9142
2023-01-30 15:10:15,92,96,4143,9142
2023-01-30 15:10:25,92,99,4143,9142
2023-01-30 15:10:25,92,96,4143,9142
2023-01-30 15:10:32,89,96,4143,9142
2023-01-30 15:10:32,94,96,4143,9142
2023-01-30 15:10:45,94,100,4143,9142
2023-01-30 15:10:45,94,97,4143,9142
2023-01-30 15:11:05,94,100,4143,9142
2023-01-30 15:11:06,94,97,4143,9142
2023-01-30 15:11:26,94,99,4143,9142
2023-01-30 15:11:26,94,97,4143,9142
2023-01-30 15:11:46,94,100,4143,9142
2023-01-30 15:11:46,94,97,4143,9142
2023-01-30 15:12:06,94,100,4143,9142
2023-01-30 15:12:07,94,98,4143,9142
2023-01-30 15:12:27,94,99,4143,9142
2023-01-30 15:12:27,94,98,4143,9142
2023-01-30 15:13:06,94,100,4143,9142
2023-01-30 15:13:06,94,98,4143,9142
2023-01-30 15:13:26,94,99,4143,9142
2023-01-30 15:13:28,94,97,4143,9142
2023-01-30 15:13:48,94,100,4143,9142
2023-01-30 15:13:48,94,98,4143,9142
2023-01-30 15:14:08,94,99,4143,9142
2023-01-30 15:14:08,94,98,4143,9142
2023-01-30 15:14:29,94,99,4143,9142
2023-01-30 15:14:29,94,100,4143,9142
2023-01-30 15:14:29,94,98,4143,9142
2023-01-30 15:14:50,94,100,4143,9142
2023-01-30 15:14:50,94,97,4143,9142
2023-01-30 15:15:10,94,100,4143,9142
2023-01-30 15:15:11,94,97,4143,9142
2023-01-30 15:15:31,94,99,4143,9142
2023-01-30 15:15:32,94,97,4143,9142
2023-01-30 15:16:50,94,99,4143,9142
2023-01-30 15:16:50,94,98,4143,9142
2023-01-30 15:16:50,94,97,4143,9142
2023-01-30 15:17:10,94,98,4143,9142
2023-01-30 15:17:10,94,97,4143,9142
2023-01-30 15:17:30,94,98,4143,9142
2023-01-30 15:17:31,94,97,4143,9142
2023-01-30 15:17:46,94,96,4143,9142
2023-01-30 15:18:29,94,97,4143,9142
2023-01-30 15:18:31,94,98,4143,9142
2023-01-30 15:18:55,94,96,4143,9142
2023-01-30 15:19:21,94,97,4143,9142
2023-01-30 15:19:32,94,99,4143,9142
2023-01-30 15:19:33,94,97,4143,9142
2023-01-30 15:19:53,94,99,4143,9142
2023-01-30 15:19:53,94,97,4143,9142
2023-01-30 15:20:14,94,99,4143,9142
2023-01-30 15:20:14,94,98,4143,9142
2023-01-30 15:20:20,96,98,4143,9142
2023-01-30 15:20:34,96,99,4143,9142
2023-01-30 15:20:35,96,98,4143,9142
2023-01-30 15:20:55,96,99,4143,9142
2023-01-30 15:21:15,96,100,4143,9142
2023-01-30 15:21:15,96,99,4143,9142
2023-01-30 15:21:54,96,98,4143,9142
2023-01-30 15:22:04,94,98,4143,9142
2023-01-30 15:22:27,94,97,4143,9142
2023-01-30 15:22:52,94,98,4143,9142
2023-01-30 15:23:32,96,98,4143,9142
2023-01-30 15:24:19,96,97,4143,9142
2023-01-30 15:24:33,94,97,4143,9142
2023-01-30 15:24:39,94,98,4143,9142
2023-01-30 15:24:39,94,97,4143,9142
2023-01-30 15:24:59,94,98,4143,9142
2023-01-30 15:24:59,94,97,4143,9142
2023-01-30 15:25:19,94,98,4143,9142
2023-01-30 15:25:20,94,97,4143,9142
2023-01-30 15:25:40,94,98,4143,9142
2023-01-30 15:26:01,94,97,4143,9142
2023-01-30 15:26:21,94,98,4143,9142
2023-01-30 15:26:22,94,97,4143,9142
2023-01-30 15:26:23,89,97,4143,9142
2023-01-30 15:26:23,96,97,4143,9142
2023-01-30 15:26:42,96,98,4143,9142
2023-01-30 15:28:46,96,97,4143,9142
2023-01-30 15:29:06,96,98,4143,9142
2023-01-30 15:30:25,96,97,4143,9142
2023-01-30 15:30:45,96,98,4143,9142
2023-01-30 15:30:45,96,97,4143,9142
2023-01-30 15:31:05,96,98,4143,9142
2023-01-30 15:31:33,96,98,4138,9147
2023-01-30 15:31:33,93,98,4138,9147
2023-01-30 15:31:42,93,98,4138,9172
2023-01-30 15:32:34,93,100,4138,9172
2023-01-30 15:32:41,93,96,4138,9172
2023-01-30 15:32:46,93,100,4178,9212
2023-01-30 15:32:53,93,99,4178,9212
2023-01-30 15:34:14,95,99,4178,9212
2023-01-30 15:35:25,96,99,4178,9212
2023-01-30 15:35:36,96,100,4178,9323
2023-01-30 15:35:56,96,99,4178,9323
2023-01-30 15:38:08,96,100,4178,9434
2023-01-30 15:38:22,96,99,4178,9434
2023-01-30 15:42:13,96,99,4178,9534
2023-01-30 15:43:07,96,100,4428,9789
2023-01-30 15:43:17,99,100,4428,9789
2023-01-30 15:43:30,98,100,4428,9789
2023-01-30 15:44:05,99,100,4428,9789
