datetime,bid,ask,open_interest,volume
2023-11-22 09:30:01,1,47,452,452
2023-11-22 09:30:01,1,50,452,452
2023-11-22 09:30:01,1,99,452,452
2023-11-22 09:30:34,2,99,452,452
2023-11-22 09:30:34,2,98,452,452
2023-11-22 09:30:34,2,97,452,452
2023-11-22 09:30:38,2,98,452,452
2023-11-22 09:30:39,2,96,452,452
2023-11-22 09:31:00,2,51,452,452
2023-11-22 09:31:00,2,49,452,452
2023-11-22 09:31:00,44,49,452,452
2023-11-22 09:31:00,46,49,452,452
2023-11-22 09:31:00,46,48,452,452
2023-11-22 09:31:06,46,49,452,452
2023-11-22 09:31:17,46,48,452,452
2023-11-22 09:31:21,46,49,452,452
2023-11-22 09:32:06,47,49,452,452
2023-11-22 09:33:02,47,48,452,452
2023-11-22 09:33:03,47,49,452,452
2023-11-22 09:33:04,47,48,452,452
2023-11-22 09:33:05,47,49,452,452
2023-11-22 09:33:07,47,48,452,452
2023-11-22 09:33:12,47,49,596,596
2023-11-22 09:33:12,47,48,596,596
2023-11-22 09:33:24,47,49,727,727
2023-11-22 09:33:24,47,48,727,727
2023-11-22 09:33:51,47,49,887,887
2023-11-22 09:33:51,47,48,887,887
2023-11-22 09:34:11,48,49,1051,1051
2023-11-22 09:34:12,47,49,1051,1051
2023-11-22 09:34:16,48,49,1051,1051
2023-11-22 09:34:54,48,50,1051,1051
2023-11-22 09:34:54,48,49,1051,1051
2023-11-22 09:35:15,48,50,1051,1051
2023-11-22 09:35:15,48,49,1051,1051
2023-11-22 09:35:16,48,50,1051,1051
2023-11-22 09:35:16,48,49,1051,1051
2023-11-22 09:35:49,48,51,1051,1051
2023-11-22 09:37:01,48,50,1051,1051
2023-11-22 09:38:26,48,51,1051,1051
2023-11-22 09:38:37,49,51,1051,1051
2023-11-22 09:40:14,50,51,1051,1051
2023-11-22 09:41:08,49,51,1051,1051
2023-11-22 09:41:27,50,51,1051,1051
2023-11-22 09:42:02,49,51,1251,1251
2023-11-22 09:42:34,48,51,1251,1251
2023-11-22 09:42:35,49,51,1251,1251
2023-11-22 09:43:07,50,51,1251,1251
2023-11-22 09:43:52,49,51,1251,1251
2023-11-22 09:44:54,50,51,1251,1251
2023-11-22 09:45:01,49,51,1251,1251
2023-11-22 09:45:05,49,50,1251,1251
2023-11-22 09:45:24,49,50,1601,1601
2023-11-22 09:45:45,49,51,1751,1751
2023-11-22 09:46:57,50,51,1751,1751
2023-11-22 09:46:59,50,52,1751,1751
2023-11-22 09:47:08,51,52,1751,1751
2023-11-22 09:47:13,51,52,1751,1754
2023-11-22 09:47:50,51,53,1751,1754
2023-11-22 09:48:07,52,53,1751,1754
2023-11-22 09:48:10,51,53,1751,1754
2023-11-22 09:48:11,52,53,1751,1754
2023-11-22 09:48:12,51,53,1751,1754
2023-11-22 09:48:12,52,53,1751,1754
2023-11-22 09:48:46,51,53,1751,1754
2023-11-22 09:48:46,52,53,1751,1754
2023-11-22 09:49:36,51,53,1751,1754
2023-11-22 09:49:36,52,53,1751,1754
2023-11-22 09:50:05,51,53,1751,1754
2023-11-22 09:50:17,52,53,1751,1754
2023-11-22 09:50:26,51,53,1751,1754
2023-11-22 09:50:26,52,53,1751,1754
2023-11-22 09:52:08,51,53,1751,1754
2023-11-22 09:52:14,50,53,1751,1754
2023-11-22 09:52:15,50,52,1751,1754
2023-11-22 09:52:16,50,51,1751,1754
2023-11-22 09:52:18,49,51,1751,1754
2023-11-22 09:52:24,49,52,1751,1754
2023-11-22 09:52:25,50,52,1751,1754
2023-11-22 09:52:29,49,52,1751,1754
2023-11-22 09:52:37,49,51,1751,1754
2023-11-22 09:52:38,50,51,1751,1754
2023-11-22 09:52:40,49,51,1751,1754
2023-11-22 09:52:40,50,51,1751,1754
2023-11-22 09:52:41,49,51,1751,1754
2023-11-22 09:52:48,49,52,1751,1754
2023-11-22 09:52:48,50,52,1751,1754
2023-11-22 09:52:50,49,52,1751,1754
2023-11-22 09:52:51,50,52,1751,1754
2023-11-22 09:52:52,49,52,1751,1754
2023-11-22 09:52:58,49,51,1751,1754
2023-11-22 09:53:14,49,50,1751,1754
2023-11-22 09:53:16,48,50,1751,1754
2023-11-22 09:53:16,48,49,1751,1754
2023-11-22 09:53:26,48,49,1551,1954
2023-11-22 09:53:27,46,49,1551,1954
2023-11-22 09:53:30,47,49,1551,1954
2023-11-22 09:53:35,47,49,1801,2204
2023-11-22 09:53:35,46,49,1801,2204
2023-11-22 09:53:35,46,48,1801,2204
2023-11-22 09:53:43,46,47,1801,2204
2023-11-22 09:53:51,46,47,1861,2264
2023-11-22 09:53:52,45,47,2001,2404
2023-11-22 09:53:59,46,47,2001,2404
2023-11-22 09:54:03,45,47,2001,2404
2023-11-22 09:54:03,45,46,2001,2404
2023-11-22 09:54:06,44,46,2001,2404
2023-11-22 09:54:08,44,46,2251,2654
2023-11-22 09:54:10,44,45,2251,2654
2023-11-22 09:54:15,43,45,2251,2654
2023-11-22 09:54:16,44,45,2251,2654
2023-11-22 09:54:33,43,45,2251,2654
2023-11-22 09:54:35,44,45,2251,2654
2023-11-22 09:54:44,44,45,2501,2904
2023-11-22 09:55:07,43,45,2501,2904
2023-11-22 09:55:09,44,45,2501,2904
2023-11-22 09:55:13,43,45,2501,2904
2023-11-22 09:55:40,43,44,2501,2904
2023-11-22 09:55:53,42,44,2501,2904
2023-11-22 09:55:54,42,43,2501,2904
2023-11-22 09:55:55,41,43,2501,2904
2023-11-22 09:56:08,41,43,2751,3154
2023-11-22 09:56:09,41,42,2751,3154
2023-11-22 09:56:22,40,41,2451,3454
2023-11-22 09:56:22,39,41,2451,3454
2023-11-22 09:56:30,39,41,2701,3704
2023-11-22 09:56:42,39,41,2745,4148
2023-11-22 09:56:42,39,42,2745,4148
2023-11-22 09:56:46,39,42,2995,4398
2023-11-22 09:56:58,39,41,2995,4398
2023-11-22 09:57:05,39,42,2995,4398
2023-11-22 09:57:07,40,42,2995,4398
2023-11-22 09:57:15,41,42,2995,4398
2023-11-22 09:57:15,41,43,2995,4398
2023-11-22 09:57:21,41,44,2995,4598
2023-11-22 09:57:23,42,44,2995,4598
2023-11-22 09:57:28,41,44,2995,4598
2023-11-22 09:57:29,42,44,2995,4598
2023-11-22 09:57:35,42,45,3084,4798
2023-11-22 09:57:42,43,45,3084,4798
2023-11-22 09:57:42,43,45,3528,5242
2023-11-22 09:58:06,44,45,3528,5242
2023-11-22 09:58:08,44,45,3528,5362
2023-11-22 09:59:25,44,46,3528,5362
2023-11-22 09:59:27,45,46,3528,5362
2023-11-22 09:59:29,45,47,3728,6412
2023-11-22 10:00:00,45,46,3728,6412
2023-11-22 10:00:00,44,46,3728,6412
2023-11-22 10:00:01,44,47,3728,6412
2023-11-22 10:00:01,45,47,3728,6412
2023-11-22 10:00:10,45,46,3728,6412
2023-11-22 10:00:10,44,46,3728,6412
2023-11-22 10:00:22,44,45,3728,6412
2023-11-22 10:00:26,44,45,3728,6472
2023-11-22 10:00:31,43,45,3728,6472
2023-11-22 10:00:31,42,44,3728,6472
2023-11-22 10:00:31,42,44,3728,6492
2023-11-22 10:00:46,41,44,3728,6672
2023-11-22 10:00:47,41,43,3728,6672
2023-11-22 10:00:50,41,43,3788,6732
2023-11-22 10:00:54,41,42,3788,6732
2023-11-22 10:00:57,40,42,3788,6732
2023-11-22 10:01:10,40,41,3788,6732
2023-11-22 10:01:14,40,41,3788,6753
2023-11-22 10:01:16,40,41,3788,6873
2023-11-22 10:01:17,39,41,3788,6873
2023-11-22 10:01:18,39,40,3788,6873
2023-11-22 10:01:24,38,40,3788,6873
2023-11-22 10:01:25,38,39,3788,6873
2023-11-22 10:01:28,37,39,3788,6873
2023-11-22 10:01:33,37,38,3788,6873
2023-11-22 10:01:37,37,39,3788,6873
2023-11-22 10:01:41,38,39,3788,6873
2023-11-22 10:01:41,38,40,3788,6873
2023-11-22 10:01:42,38,41,3788,6873
2023-11-22 10:01:43,39,41,3788,6873
2023-11-22 10:01:51,39,42,3788,6873
2023-11-22 10:01:54,39,41,3788,6873
2023-11-22 10:02:05,38,41,3788,6873
2023-11-22 10:02:05,38,41,3788,7123
2023-11-22 10:02:05,39,41,3788,7123
2023-11-22 10:02:06,39,40,3788,7123
2023-11-22 10:02:08,38,40,3788,7123
2023-11-22 10:02:08,39,40,3788,7123
2023-11-22 10:02:08,38,40,3788,7123
2023-11-22 10:02:10,39,40,3788,7123
2023-11-22 10:02:10,38,40,3788,7123
2023-11-22 10:02:15,39,40,3788,7123
2023-11-22 10:02:18,38,40,3788,7123
2023-11-22 10:02:20,39,40,3788,7123
2023-11-22 10:02:21,38,40,3788,7123
2023-11-22 10:02:22,38,39,3788,7123
2023-11-22 10:02:26,37,39,3788,7123
2023-11-22 10:02:27,37,38,3788,7123
2023-11-22 10:02:29,37,39,3788,7123
2023-11-22 10:02:30,37,38,3788,7123
2023-11-22 10:02:49,37,39,3788,7123
2023-11-22 10:02:53,37,38,3788,7123
2023-11-22 10:02:57,37,38,3790,7125
2023-11-22 10:02:59,37,39,3790,7125
2023-11-22 10:02:59,38,39,3790,7125
2023-11-22 10:02:59,37,39,3790,7175
2023-11-22 10:03:01,37,40,3790,7175
2023-11-22 10:03:02,38,40,3790,7175
2023-11-22 10:03:03,38,40,3790,7185
2023-11-22 10:03:04,37,40,3790,7185
2023-11-22 10:03:06,38,40,3790,7185
2023-11-22 10:03:08,37,40,3790,7185
2023-11-22 10:03:09,37,39,3790,7185
2023-11-22 10:03:17,37,38,3790,7185
2023-11-22 10:03:22,37,39,3790,7185
2023-11-22 10:03:24,37,40,3790,7185
2023-11-22 10:03:29,38,40,3790,7185
2023-11-22 10:03:38,38,39,3790,7185
2023-11-22 10:03:38,37,39,3790,7185
2023-11-22 10:03:43,38,39,3790,7185
2023-11-22 10:03:46,37,39,3790,7185
2023-11-22 10:03:47,37,40,3790,7185
2023-11-22 10:03:47,38,40,3790,7185
2023-11-22 10:03:58,38,41,3790,7185
2023-11-22 10:03:59,38,40,3790,7185
2023-11-22 10:04:01,37,40,3790,7185
2023-11-22 10:04:03,38,40,3790,7185
2023-11-22 10:04:04,39,40,3790,7185
2023-11-22 10:04:05,39,41,3790,7185
2023-11-22 10:04:11,39,40,3790,7185
2023-11-22 10:04:11,38,40,3790,7185
2023-11-22 10:04:17,37,40,3790,7185
2023-11-22 10:04:18,38,40,3790,7185
2023-11-22 10:04:20,38,39,3790,7185
2023-11-22 10:04:20,37,39,3790,7185
2023-11-22 10:04:29,37,38,3790,7185
2023-11-22 10:04:31,36,38,3790,7185
2023-11-22 10:05:11,37,38,3790,7185
2023-11-22 10:05:12,36,39,3790,7185
2023-11-22 10:05:15,37,39,3790,7185
2023-11-22 10:05:16,36,39,3790,7185
2023-11-22 10:05:22,37,39,3790,7185
2023-11-22 10:05:22,36,39,3790,7185
2023-11-22 10:05:23,37,39,3790,7185
2023-11-22 10:05:23,37,38,3790,7185
2023-11-22 10:05:23,36,38,3790,7185
2023-11-22 10:05:33,37,38,3790,7185
2023-11-22 10:05:35,37,39,3790,7185
2023-11-22 10:05:50,37,40,3790,7185
2023-11-22 10:05:50,38,40,3790,7185
2023-11-22 10:05:57,37,40,3790,7185
2023-11-22 10:05:57,38,40,3790,7185
2023-11-22 10:06:07,39,40,3790,7185
2023-11-22 10:06:12,39,41,3790,7185
2023-11-22 10:06:15,39,40,3790,7185
2023-11-22 10:06:28,38,40,3790,7185
2023-11-22 10:06:32,38,39,3790,7185
2023-11-22 10:06:32,37,39,3790,7185
2023-11-22 10:06:33,37,40,3790,7185
2023-11-22 10:06:33,38,40,3790,7185
2023-11-22 10:06:42,38,39,3790,7185
2023-11-22 10:06:42,37,39,3790,7185
2023-11-22 10:06:46,36,38,3790,7185
2023-11-22 10:06:49,36,39,3790,7185
2023-11-22 10:07:11,36,38,3790,7185
2023-11-22 10:07:32,37,38,3790,7185
2023-11-22 10:07:34,37,39,3790,7185
2023-11-22 10:07:38,37,40,3790,7185
2023-11-22 10:07:44,37,39,3790,7185
2023-11-22 10:08:01,37,38,3790,7185
2023-11-22 10:08:17,37,39,3790,7185
2023-11-22 10:08:26,37,38,3790,7185
2023-11-22 10:08:33,36,37,3890,7285
2023-11-22 10:08:36,35,37,3890,7285
2023-11-22 10:08:47,36,37,3890,7285
2023-11-22 10:08:51,35,38,3890,7285
2023-11-22 10:09:09,35,37,3890,7285
2023-11-22 10:09:12,35,38,3890,7285
2023-11-22 10:09:18,36,38,3890,7285
2023-11-22 10:09:19,35,38,3890,7285
2023-11-22 10:09:20,36,38,3890,7285
2023-11-22 10:09:21,35,38,3890,7285
2023-11-22 10:09:21,36,38,3890,7285
2023-11-22 10:09:24,35,38,3890,7285
2023-11-22 10:09:38,35,37,3890,7285
2023-11-22 10:09:55,35,38,3890,7285
2023-11-22 10:09:57,35,37,3890,7285
2023-11-22 10:10:24,35,38,3890,7285
2023-11-22 10:10:28,36,38,3890,7285
2023-11-22 10:10:29,35,38,3890,7285
2023-11-22 10:10:30,36,38,3890,7285
2023-11-22 10:10:32,35,38,3890,7285
2023-11-22 10:10:37,36,38,3890,7285
2023-11-22 10:10:41,36,39,3890,7285
2023-11-22 10:10:42,37,39,3890,7285
2023-11-22 10:11:05,36,39,3890,7285
2023-11-22 10:11:05,37,39,3890,7285
2023-11-22 10:11:08,36,39,3890,7285
2023-11-22 10:11:09,37,39,3890,7285
2023-11-22 10:11:11,36,39,3890,7285
2023-11-22 10:11:11,37,39,3890,7285
2023-11-22 10:11:13,36,39,3890,7285
2023-11-22 10:11:13,37,39,3890,7285
2023-11-22 10:11:17,36,39,3890,7285
2023-11-22 10:11:17,37,39,3890,7285
2023-11-22 10:11:20,36,39,3890,7285
2023-11-22 10:11:23,36,38,3890,7285
2023-11-22 10:11:24,35,38,3890,7285
2023-11-22 10:11:26,36,38,3890,7285
2023-11-22 10:11:28,36,39,3890,7285
2023-11-22 10:11:29,36,38,3890,7285
2023-11-22 10:11:31,35,38,3890,7285
2023-11-22 10:11:32,36,38,3890,7285
2023-11-22 10:11:36,36,39,3890,7285
2023-11-22 10:11:44,37,39,3890,7285
2023-11-22 10:11:46,36,39,3890,7285
2023-11-22 10:12:01,37,39,3890,7285
2023-11-22 10:12:03,36,39,3890,7285
2023-11-22 10:12:05,37,39,3890,7285
2023-11-22 10:12:09,37,40,3890,7285
2023-11-22 10:12:22,38,40,3890,7285
2023-11-22 10:12:27,37,40,3890,7285
2023-11-22 10:12:28,38,40,3890,7285
2023-11-22 10:12:33,38,39,3890,7285
2023-11-22 10:12:33,37,39,3890,7285
2023-11-22 10:12:34,37,40,3890,7285
2023-11-22 10:12:35,37,39,3890,7285
2023-11-22 10:12:38,37,40,3890,7285
2023-11-22 10:12:41,38,40,3890,7285
2023-11-22 10:12:53,39,40,3890,7285
2023-11-22 10:12:55,39,41,3890,7285
2023-11-22 10:12:56,40,41,3890,7285
2023-11-22 10:12:59,40,42,3890,7285
2023-11-22 10:13:04,40,42,4334,7729
2023-11-22 10:13:06,40,41,4334,7729
2023-11-22 10:13:21,39,41,4334,7729
2023-11-22 10:13:22,39,40,4334,7729
2023-11-22 10:13:26,39,41,4334,7729
2023-11-22 10:13:32,40,41,4334,7729
2023-11-22 10:13:45,39,41,4334,7729
2023-11-22 10:13:49,40,41,4334,7729
2023-11-22 10:13:52,40,42,4334,7729
2023-11-22 10:14:00,41,42,4334,7729
2023-11-22 10:14:14,40,42,4334,7729
2023-11-22 10:14:23,40,41,4334,7729
2023-11-22 10:14:24,39,41,4334,7729
2023-11-22 10:14:31,39,40,4334,7729
2023-11-22 10:14:31,38,40,4334,7729
2023-11-22 10:14:35,39,40,4334,7729
2023-11-22 10:14:36,39,41,4334,7729
2023-11-22 10:14:48,40,41,4334,7729
2023-11-22 10:14:50,40,42,4334,7729
2023-11-22 10:15:00,40,43,4334,7729
2023-11-22 10:15:00,41,43,4334,7729
2023-11-22 10:15:06,40,43,4334,7729
2023-11-22 10:15:06,40,42,4334,7729
2023-11-22 10:15:19,40,43,4334,7729
2023-11-22 10:15:19,41,43,4334,7729
2023-11-22 10:15:21,41,42,4334,7729
2023-11-22 10:15:35,41,42,4334,7729
2023-11-22 10:15:38,40,42,4334,7729
2023-11-22 10:15:38,39,42,4334,7729
2023-11-22 10:15:38,40,42,4334,7729
2023-11-22 10:15:50,40,43,4334,7729
2023-11-22 10:15:50,41,43,4334,7729
2023-11-22 10:16:03,41,42,4334,7729
2023-11-22 10:16:05,40,42,4334,7729
2023-11-22 10:16:06,40,43,4334,7729
2023-11-22 10:16:06,41,43,4334,7729
2023-11-22 10:16:13,41,42,4334,7729
2023-11-22 10:16:17,40,42,4334,7729
2023-11-22 10:16:20,40,43,4334,7729
2023-11-22 10:16:20,41,43,4334,7729
2023-11-22 10:16:28,40,43,4334,7729
2023-11-22 10:16:28,42,43,4334,7729
2023-11-22 10:16:35,40,43,4334,7729
2023-11-22 10:16:35,41,43,4334,7729
2023-11-22 10:16:54,41,42,4334,7729
2023-11-22 10:16:54,40,42,4334,7729
2023-11-22 10:17:05,40,41,4334,7729
2023-11-22 10:17:05,38,41,4334,7729
2023-11-22 10:17:05,39,41,4334,7729
2023-11-22 10:17:06,38,41,4334,7729
2023-11-22 10:17:07,38,40,4334,7729
2023-11-22 10:17:21,38,39,4334,7729
2023-11-22 10:17:30,37,40,4334,7729
2023-11-22 10:17:32,38,40,4334,7729
2023-11-22 10:18:03,37,40,4334,7729
2023-11-22 10:18:03,37,39,4334,7729
2023-11-22 10:18:06,36,39,4334,7729
2023-11-22 10:18:06,36,38,4334,7729
2023-11-22 10:18:09,36,37,4334,7729
2023-11-22 10:18:10,36,38,4334,7729
2023-11-22 10:18:13,36,37,4334,7729
2023-11-22 10:18:13,35,37,4334,7729
2023-11-22 10:18:28,35,38,4334,7729
2023-11-22 10:18:28,36,38,4334,7729
2023-11-22 10:18:30,37,38,4334,7729
2023-11-22 10:18:36,37,39,4334,7729
2023-11-22 10:18:37,38,39,4334,7729
2023-11-22 10:18:38,38,40,4334,7729
2023-11-22 10:18:47,38,39,4334,7729
2023-11-22 10:18:48,36,39,4334,7729
2023-11-22 10:18:48,37,39,4334,7729
2023-11-22 10:18:49,37,40,4334,7729
2023-11-22 10:18:49,38,40,4334,7729
2023-11-22 10:19:08,39,40,4334,7729
2023-11-22 10:19:11,37,40,4334,7729
2023-11-22 10:19:11,38,40,4334,7729
2023-11-22 10:19:16,39,40,4334,7729
2023-11-22 10:19:28,39,41,4334,7729
2023-11-22 10:19:28,40,41,4334,7729
2023-11-22 10:19:45,40,42,4334,7729
2023-11-22 10:19:45,41,42,4334,7729
2023-11-22 10:20:08,39,42,4334,7729
2023-11-22 10:20:08,40,42,4334,7729
2023-11-22 10:20:19,39,42,4334,7729
2023-11-22 10:20:19,41,42,4334,7729
2023-11-22 10:20:25,39,42,4334,7729
2023-11-22 10:20:25,40,42,4334,7729
2023-11-22 10:20:26,39,42,4334,7729
2023-11-22 10:20:26,40,42,4334,7729
2023-11-22 10:21:05,41,43,4334,7729
2023-11-22 10:21:05,42,43,4334,7729
2023-11-22 10:21:12,42,44,4334,7729
2023-11-22 10:21:12,43,44,4334,7729
2023-11-22 10:21:34,43,45,4334,7729
2023-11-22 10:21:34,44,45,4334,7729
2023-11-22 10:22:01,44,46,4334,7729
2023-11-22 10:22:01,45,46,4334,7729
2023-11-22 10:22:24,45,46,4464,7859
2023-11-22 10:22:31,45,47,4534,7929
2023-11-22 10:22:31,46,47,4534,7929
2023-11-22 10:23:36,46,48,4534,7929
2023-11-22 10:23:36,47,48,4534,7929
2023-11-22 10:24:19,47,49,4664,8059
2023-11-22 10:24:19,48,49,4664,8059
2023-11-22 10:24:51,48,50,4664,8059
2023-11-22 10:24:51,49,50,4664,8059
2023-11-22 10:25:05,49,51,4864,8259
2023-11-22 10:25:11,50,51,4864,8259
2023-11-22 10:25:15,49,51,4864,8259
2023-11-22 10:25:18,50,51,4864,8259
2023-11-22 10:25:33,49,51,4864,8259
2023-11-22 10:25:37,49,50,4864,8259
2023-11-22 10:25:45,49,51,4864,8259
2023-11-22 10:26:11,50,51,4864,8259
2023-11-22 10:27:27,49,51,4864,8303
2023-11-22 10:27:33,48,51,4864,8303
2023-11-22 10:27:36,48,51,4864,8406
2023-11-22 10:27:36,48,50,4864,8406
2023-11-22 10:27:43,47,50,4864,8406
2023-11-22 10:27:46,47,49,4864,8406
2023-11-22 10:27:47,47,50,4864,8406
2023-11-22 10:27:49,48,50,4864,8406
2023-11-22 10:27:51,47,50,4864,8406
2023-11-22 10:27:56,47,49,4864,8406
2023-11-22 10:28:03,47,48,4864,8406
2023-11-22 10:28:03,46,48,4864,8406
2023-11-22 10:28:03,46,47,4864,8406
2023-11-22 10:28:49,46,49,4864,8606
2023-11-22 10:28:52,47,49,4864,8606
2023-11-22 10:29:05,47,50,4864,8606
2023-11-22 10:29:07,48,50,4864,8606
2023-11-22 10:29:14,49,50,4864,8606
2023-11-22 10:29:30,49,51,4864,8606
2023-11-22 10:29:30,50,51,4864,8606
2023-11-22 10:29:37,49,51,4864,8606
2023-11-22 10:29:38,50,51,4864,8606
2023-11-22 10:30:04,50,52,4864,8606
2023-11-22 10:30:05,51,52,4864,8606
2023-11-22 10:30:05,50,52,4864,8606
2023-11-22 10:30:09,51,52,4864,8606
2023-11-22 10:30:26,51,53,4864,8606
2023-11-22 10:30:27,52,53,4864,8606
2023-11-22 10:30:32,52,54,5064,8806
2023-11-22 10:30:43,53,54,5064,8806
2023-11-22 10:30:56,53,54,5064,8906
2023-11-22 10:30:58,53,55,5064,8906
2023-11-22 10:30:58,54,55,5064,8906
2023-11-22 10:31:14,53,55,5064,8906
2023-11-22 10:31:16,54,55,5064,8906
2023-11-22 10:31:17,53,55,5064,8906
2023-11-22 10:31:19,54,55,5064,8906
2023-11-22 10:31:24,53,55,5064,8906
2023-11-22 10:31:25,54,55,5064,8906
2023-11-22 10:31:31,53,55,5064,8906
2023-11-22 10:31:41,54,55,5064,8906
2023-11-22 10:31:43,53,55,5064,8906
2023-11-22 10:32:01,54,55,5064,8906
2023-11-22 10:32:16,54,55,5414,9256
2023-11-22 10:32:18,54,55,5764,9606
2023-11-22 10:32:21,54,55,6114,9956
2023-11-22 10:32:35,54,55,6114,10156
2023-11-22 10:33:55,54,56,6114,10156
2023-11-22 10:33:55,55,56,6114,10156
2023-11-22 10:36:21,55,57,6114,10156
2023-11-22 10:36:21,56,57,6114,10156
2023-11-22 10:36:27,55,57,6114,10156
2023-11-22 10:36:27,56,57,6114,10156
2023-11-22 10:37:07,55,57,6114,10156
2023-11-22 10:37:07,56,57,6114,10156
2023-11-22 10:37:16,55,57,6114,10156
2023-11-22 10:37:16,56,57,6114,10156
2023-11-22 10:37:21,55,57,6114,10156
2023-11-22 10:37:21,56,57,6114,10156
2023-11-22 10:38:31,55,57,6114,10156
2023-11-22 10:38:37,56,57,6114,10156
2023-11-22 10:38:38,55,57,6114,10156
2023-11-22 10:38:38,56,57,6114,10156
2023-11-22 10:38:45,55,57,6114,10156
2023-11-22 10:38:45,56,57,6114,10156
2023-11-22 10:39:39,55,57,6114,10156
2023-11-22 10:39:40,56,57,6114,10156
2023-11-22 10:39:41,55,57,6114,10156
2023-11-22 10:39:42,56,57,6114,10156
2023-11-22 10:39:54,55,57,6114,10156
2023-11-22 10:39:54,56,57,6114,10156
2023-11-22 10:39:59,55,57,6114,10156
2023-11-22 10:39:59,56,57,6114,10156
2023-11-22 10:40:31,55,57,6114,10156
2023-11-22 10:40:31,56,57,6114,10156
2023-11-22 10:41:56,55,57,6114,10156
2023-11-22 10:41:56,56,57,6114,10156
2023-11-22 10:42:05,55,57,6114,10156
2023-11-22 10:42:05,56,57,6114,10156
2023-11-22 10:42:07,55,57,6114,10156
2023-11-22 10:42:07,56,57,6114,10156
2023-11-22 10:42:20,55,57,6114,10156
2023-11-22 10:42:25,56,57,6114,10156
2023-11-22 10:42:27,55,57,6114,10156
2023-11-22 10:42:27,56,57,6114,10156
2023-11-22 10:42:28,55,57,6114,10156
2023-11-22 10:42:35,54,57,6114,10156
2023-11-22 10:42:35,55,57,6114,10156
2023-11-22 10:43:05,56,57,6114,10156
2023-11-22 10:43:08,55,57,6114,10156
2023-11-22 10:43:08,56,57,6114,10156
2023-11-22 10:43:51,56,58,6114,10156
2023-11-22 10:43:51,57,58,6114,10156
2023-11-22 10:44:02,56,58,6114,10156
2023-11-22 10:44:02,57,58,6114,10156
2023-11-22 10:44:35,56,58,6114,10156
2023-11-22 10:44:35,57,58,6114,10156
2023-11-22 10:46:33,56,58,6114,10156
2023-11-22 10:46:48,57,58,6114,10156
2023-11-22 10:46:58,56,58,6114,10156
2023-11-22 10:46:58,57,58,6114,10156
2023-11-22 10:47:05,56,58,6114,10156
2023-11-22 10:47:05,57,58,6114,10156
2023-11-22 10:47:09,56,58,6114,10156
2023-11-22 10:47:09,57,58,6114,10156
2023-11-22 10:47:13,56,58,6114,10156
2023-11-22 10:47:13,57,58,6114,10156
2023-11-22 10:47:25,56,58,6114,10156
2023-11-22 10:47:25,57,58,6114,10156
2023-11-22 10:47:58,56,58,6114,10156
2023-11-22 10:47:58,57,58,6114,10156
2023-11-22 10:48:22,57,59,6114,10156
2023-11-22 10:48:22,58,59,6114,10156
2023-11-22 10:48:29,56,59,6114,10156
2023-11-22 10:48:29,57,59,6114,10156
2023-11-22 10:48:29,58,59,6114,10156
2023-11-22 10:48:29,57,59,6114,10156
2023-11-22 10:48:29,58,59,6114,10156
2023-11-22 10:48:33,57,59,6114,10156
2023-11-22 10:48:33,58,59,6114,10156
2023-11-22 10:48:35,57,59,6114,10156
2023-11-22 10:49:05,56,59,6114,10156
2023-11-22 10:49:05,57,59,6114,10156
2023-11-22 10:49:12,57,58,6114,10156
2023-11-22 10:49:13,56,58,6114,10156
2023-11-22 10:49:18,56,59,6114,10156
2023-11-22 10:49:19,57,59,6114,10156
2023-11-22 10:49:21,57,58,6114,10156
2023-11-22 10:49:21,57,59,6114,10156
2023-11-22 10:49:24,57,58,6114,10156
2023-11-22 10:49:25,57,59,6114,10156
2023-11-22 10:49:26,57,58,6114,10156
2023-11-22 10:49:38,56,58,6114,10156
2023-11-22 10:49:48,57,58,6114,10156
2023-11-22 10:49:51,56,58,6114,10156
2023-11-22 10:49:51,57,58,6114,10156
2023-11-22 10:49:55,56,58,6114,10156
2023-11-22 10:50:13,57,58,6114,10156
2023-11-22 10:50:15,56,58,6114,10156
2023-11-22 10:50:28,57,58,6114,10156
2023-11-22 10:50:33,57,59,6114,10156
2023-11-22 10:50:34,57,58,6114,10156
2023-11-22 10:50:36,56,58,6114,10156
2023-11-22 10:50:37,57,58,6114,10156
2023-11-22 10:50:38,56,58,6114,10156
2023-11-22 10:50:38,57,58,6114,10156
2023-11-22 10:50:44,57,59,6114,10156
2023-11-22 10:51:19,58,59,6114,10156
2023-11-22 10:51:44,57,59,6114,10156
2023-11-22 10:51:49,56,59,6114,10156
2023-11-22 10:51:51,56,58,6114,10156
2023-11-22 10:51:57,55,58,6114,10156
2023-11-22 10:52:02,56,58,6114,10156
2023-11-22 10:52:02,55,58,6114,10156
2023-11-22 10:52:02,56,58,6114,10156
2023-11-22 10:52:03,55,58,6114,10156
2023-11-22 10:52:03,56,58,6114,10156
2023-11-22 10:52:04,56,57,6114,10156
2023-11-22 10:52:04,55,57,6114,10156
2023-11-22 10:52:06,54,57,6114,10156
2023-11-22 10:52:09,54,56,6114,10156
2023-11-22 10:52:10,53,56,6114,10156
2023-11-22 10:52:11,54,56,6114,10156
2023-11-22 10:52:15,53,56,6114,10156
2023-11-22 10:52:17,54,56,6114,10156
2023-11-22 10:52:19,53,56,6114,10156
2023-11-22 10:52:24,53,55,6114,10156
2023-11-22 10:52:36,53,54,6114,10156
2023-11-22 10:52:36,53,55,6114,10156
2023-11-22 10:52:37,53,54,6114,10156
2023-11-22 10:52:39,52,54,6114,10156
2023-11-22 10:52:51,52,53,6114,10156
2023-11-22 10:52:53,51,53,6114,10156
2023-11-22 10:52:54,51,52,6114,10156
2023-11-22 10:52:59,51,53,6114,10156
2023-11-22 10:53:06,51,52,6114,10156
2023-11-22 10:53:06,51,53,6114,10156
2023-11-22 10:53:07,51,52,6114,10156
2023-11-22 10:53:13,51,53,6114,10156
2023-11-22 10:53:15,51,52,6114,10156
2023-11-22 10:53:17,50,52,6114,10156
2023-11-22 10:53:19,49,52,6114,10156
2023-11-22 10:53:20,49,51,6114,10156
2023-11-22 10:53:29,48,51,6114,10156
2023-11-22 10:53:34,47,50,6114,10156
2023-11-22 10:53:36,47,49,6114,10156
2023-11-22 10:53:38,47,48,6114,10156
2023-11-22 10:53:39,46,48,6114,10156
2023-11-22 10:53:50,45,48,6114,10156
2023-11-22 10:53:50,45,47,6114,10156
2023-11-22 10:53:54,45,46,6114,10156
2023-11-22 10:54:03,44,46,6114,10156
2023-11-22 10:54:03,44,45,6114,10156
2023-11-22 10:54:14,44,46,6114,10156
2023-11-22 10:54:15,44,47,6114,10156
2023-11-22 10:54:25,45,47,6114,10156
2023-11-22 10:54:28,45,48,6114,10156
2023-11-22 10:54:30,46,48,6114,10156
2023-11-22 10:54:35,47,48,6114,10156
2023-11-22 10:54:35,47,49,6114,10156
2023-11-22 10:54:42,47,49,5984,10286
2023-11-22 10:54:43,46,49,5984,10286
2023-11-22 10:54:44,47,49,5984,10286
2023-11-22 10:54:53,46,49,5984,10286
2023-11-22 10:55:06,47,49,5984,10286
2023-11-22 10:55:12,47,48,5984,10286
2023-11-22 10:55:19,46,49,5984,10286
2023-11-22 10:55:19,46,48,5984,10286
2023-11-22 10:55:21,45,48,5984,10286
2023-11-22 10:55:29,47,48,5984,10286
2023-11-22 10:55:35,47,49,5984,10286
2023-11-22 10:55:35,47,48,5984,10286
2023-11-22 10:55:48,47,49,5984,10286
2023-11-22 10:55:48,47,48,5984,10286
2023-11-22 10:55:53,47,49,5984,10286
2023-11-22 10:55:54,47,50,5984,10286
2023-11-22 10:55:54,48,50,5984,10286
2023-11-22 10:55:55,49,50,5984,10286
2023-11-22 10:55:55,48,50,5984,10286
2023-11-22 10:56:04,47,50,5984,10286
2023-11-22 10:56:08,48,50,5984,10286
2023-11-22 10:56:10,48,49,5984,10286
2023-11-22 10:56:11,48,50,5984,10286
2023-11-22 10:56:18,48,49,5984,10286
2023-11-22 10:56:24,48,50,5984,10286
2023-11-22 10:56:32,48,49,5984,10286
2023-11-22 10:56:35,48,49,6184,10486
2023-11-22 10:56:41,48,49,6384,10686
2023-11-22 10:57:01,48,50,6384,10686
2023-11-22 10:57:01,48,49,6384,10686
2023-11-22 10:57:18,47,49,6484,10786
2023-11-22 10:57:18,46,49,6484,10786
2023-11-22 10:57:18,46,48,6484,10786
2023-11-22 10:57:18,46,47,6484,10786
2023-11-22 10:57:36,45,47,6484,10786
2023-11-22 10:57:39,45,48,6484,10786
2023-11-22 10:57:39,45,47,6484,10786
2023-11-22 10:57:43,45,46,6484,10786
2023-11-22 10:57:47,45,47,6484,10786
2023-11-22 10:57:47,45,48,6484,10786
2023-11-22 10:57:47,45,47,6484,10786
2023-11-22 10:57:49,45,46,6484,10786
2023-11-22 10:57:51,46,47,6484,10914
2023-11-22 10:57:52,45,47,6484,10914
2023-11-22 10:57:54,46,47,6484,10914
2023-11-22 10:57:54,46,48,6484,10914
2023-11-22 10:57:55,46,47,6484,10914
2023-11-22 10:57:56,46,48,6484,10914
2023-11-22 10:57:57,45,48,6484,10914
2023-11-22 10:57:57,45,47,6484,10914
2023-11-22 10:57:58,46,47,6484,10914
2023-11-22 10:57:58,46,48,6484,10914
2023-11-22 10:57:59,46,47,6484,10914
2023-11-22 10:58:00,46,48,6484,10914
2023-11-22 10:58:00,46,47,6484,10914
2023-11-22 10:58:01,46,48,6484,10914
2023-11-22 10:58:04,46,49,6484,10914
2023-11-22 10:58:05,47,49,6484,10914
2023-11-22 10:58:09,46,49,6484,10914
2023-11-22 10:58:10,46,48,6484,10914
2023-11-22 10:58:16,46,49,6484,10914
2023-11-22 10:58:17,46,48,6484,10914
2023-11-22 10:58:20,47,48,6484,10914
2023-11-22 10:58:49,47,49,6484,10914
2023-11-22 10:58:50,47,48,6484,10914
2023-11-22 10:58:53,47,50,6484,10914
2023-11-22 10:58:54,47,49,6484,10914
2023-11-22 10:58:54,47,48,6484,10914
2023-11-22 10:58:57,47,50,6484,10914
2023-11-22 10:58:57,47,49,6484,10914
2023-11-22 10:59:21,48,49,6484,11073
2023-11-22 10:59:21,48,50,6484,11073
2023-11-22 10:59:21,48,49,6484,11073
2023-11-22 10:59:22,47,49,6484,11073
2023-11-22 10:59:25,48,49,6484,11073
2023-11-22 10:59:25,48,50,6484,11073
2023-11-22 10:59:31,47,50,6484,11073
2023-11-22 10:59:33,47,49,6484,11073
2023-11-22 10:59:33,47,50,6484,11073
2023-11-22 10:59:34,47,49,6484,11073
2023-11-22 10:59:45,48,49,6484,11073
2023-11-22 10:59:46,47,49,6484,11073
2023-11-22 10:59:46,48,49,6484,11073
2023-11-22 10:59:49,47,49,6484,11073
2023-11-22 11:00:14,47,48,6484,11073
2023-11-22 11:00:32,48,49,6484,11231
2023-11-22 11:00:32,48,50,6484,11231
2023-11-22 11:01:04,47,50,6484,11231
2023-11-22 11:01:04,47,49,6484,11231
2023-11-22 11:01:10,47,50,6484,11231
2023-11-22 11:01:11,47,49,6484,11231
2023-11-22 11:01:12,47,50,6484,11231
2023-11-22 11:01:18,48,50,6484,11231
2023-11-22 11:01:34,49,50,6484,11231
2023-11-22 11:01:48,50,51,6484,11231
2023-11-22 11:02:01,50,51,6484,11581
2023-11-22 11:02:03,50,52,6484,11731
2023-11-22 11:02:03,51,52,6484,11731
2023-11-22 11:02:09,51,53,6484,11731
2023-11-22 11:02:25,52,53,6484,11731
2023-11-22 11:02:26,52,54,6484,11731
2023-11-22 11:02:45,53,54,6484,11731
2023-11-22 11:02:46,53,55,6484,11731
2023-11-22 11:02:51,54,55,6484,11731
2023-11-22 11:02:53,53,55,6484,11731
2023-11-22 11:02:55,54,55,6484,11731
2023-11-22 11:02:56,54,56,6484,11731
2023-11-22 11:03:37,54,55,6484,11731
2023-11-22 11:03:46,54,56,6484,11731
2023-11-22 11:03:46,54,55,6484,11731
2023-11-22 11:04:11,53,55,6484,11731
2023-11-22 11:04:11,53,54,6484,11731
2023-11-22 11:04:15,52,54,6484,11731
2023-11-22 11:04:27,52,53,6484,11731
2023-11-22 11:04:28,52,54,6484,11731
2023-11-22 11:04:30,53,54,6484,11731
2023-11-22 11:04:52,54,56,6484,11831
2023-11-22 11:04:53,53,56,6484,11831
2023-11-22 11:04:56,54,56,6484,11831
2023-11-22 11:05:18,53,56,6484,11831
2023-11-22 11:05:33,53,55,6484,11831
2023-11-22 11:05:39,53,56,6484,11831
2023-11-22 11:05:39,53,55,6484,11831
2023-11-22 11:05:56,54,55,6484,11831
2023-11-22 11:05:56,54,56,6484,11831
2023-11-22 11:06:20,55,56,6484,11831
2023-11-22 11:06:31,55,57,6484,11831
2023-11-22 11:06:31,55,56,6484,11831
2023-11-22 11:06:57,55,57,6484,11831
2023-11-22 11:06:57,55,56,6484,11831
2023-11-22 11:07:26,54,56,6484,11831
2023-11-22 11:07:26,54,57,6484,11831
2023-11-22 11:07:26,54,55,6484,11831
2023-11-22 11:07:26,54,56,6484,11831
2023-11-22 11:07:26,54,55,6484,11831
2023-11-22 11:07:34,54,56,6484,11831
2023-11-22 11:07:39,54,55,6484,11831
2023-11-22 11:07:45,53,55,6484,11831
2023-11-22 11:07:45,53,54,6484,11831
2023-11-22 11:07:46,53,55,6484,11831
2023-11-22 11:07:48,53,56,6484,11831
2023-11-22 11:07:48,53,55,6484,11831
2023-11-22 11:07:51,53,54,6484,11831
2023-11-22 11:07:51,53,55,6484,11831
2023-11-22 11:07:52,53,54,6484,11831
2023-11-22 11:07:53,53,55,6484,11831
2023-11-22 11:07:59,54,55,6484,11831
2023-11-22 11:08:01,53,55,6484,11831
2023-11-22 11:08:07,53,56,6484,11831
2023-11-22 11:08:07,53,55,6484,11831
2023-11-22 11:08:08,53,54,6484,11831
2023-11-22 11:08:12,53,55,6484,11831
2023-11-22 11:08:14,53,54,6484,11831
2023-11-22 11:08:27,53,55,6484,11831
2023-11-22 11:08:27,53,54,6484,11831
2023-11-22 11:08:31,53,56,6484,11831
2023-11-22 11:08:31,53,54,6484,11831
2023-11-22 11:08:35,53,55,6484,11831
2023-11-22 11:08:39,54,55,6484,11831
2023-11-22 11:08:57,55,56,6484,12025
2023-11-22 11:09:05,55,57,6484,12025
2023-11-22 11:09:05,55,56,6484,12025
2023-11-22 11:09:07,54,56,6484,12025
2023-11-22 11:09:12,54,55,6484,12025
2023-11-22 11:09:21,53,55,6484,12025
2023-11-22 11:09:22,54,55,6484,12025
2023-11-22 11:09:27,54,56,6484,12025
2023-11-22 11:09:31,54,55,6484,12025
2023-11-22 11:09:37,53,55,6484,12025
2023-11-22 11:09:38,53,56,6484,12025
2023-11-22 11:09:38,53,55,6484,12025
2023-11-22 11:09:39,54,55,6484,12025
2023-11-22 11:09:41,54,56,6484,12025
2023-11-22 11:09:41,54,55,6484,12025
2023-11-22 11:09:42,53,55,6484,12025
2023-11-22 11:09:46,53,56,6484,12025
2023-11-22 11:09:47,53,55,6484,12025
2023-11-22 11:09:52,54,55,6484,12025
2023-11-22 11:09:54,53,55,6484,12025
2023-11-22 11:10:00,53,56,6484,12025
2023-11-22 11:10:00,53,55,6484,12025
2023-11-22 11:10:08,53,54,6484,12025
2023-11-22 11:10:09,53,55,6484,12025
2023-11-22 11:10:11,54,55,6484,12025
2023-11-22 11:10:13,53,55,6484,12025
2023-11-22 11:10:15,54,55,6484,12025
2023-11-22 11:10:25,53,55,6484,12025
2023-11-22 11:10:27,53,54,6484,12025
2023-11-22 11:10:32,53,55,6484,12025
2023-11-22 11:10:32,53,56,6484,12025
2023-11-22 11:10:32,53,55,6484,12025
2023-11-22 11:10:34,53,55,6484,12025
2023-11-22 11:10:35,53,54,6484,12025
2023-11-22 11:10:38,53,55,6484,12025
2023-11-22 11:10:40,53,54,6484,12025
2023-11-22 11:10:49,53,56,6484,12025
2023-11-22 11:10:50,53,55,6484,12025
2023-11-22 11:10:50,53,54,6484,12025
2023-11-22 11:10:53,53,55,6484,12025
2023-11-22 11:10:54,54,55,6484,12025
2023-11-22 11:11:01,54,56,6484,12025
2023-11-22 11:11:01,54,55,6484,12025
2023-11-22 11:11:02,54,56,6484,12025
2023-11-22 11:11:03,55,56,6484,12025
2023-11-22 11:11:35,55,57,6484,12025
2023-11-22 11:11:35,55,56,6484,12025
2023-11-22 11:11:47,54,56,6484,12025
2023-11-22 11:12:04,55,56,6484,12025
2023-11-22 11:12:07,54,56,6484,12025
2023-11-22 11:12:07,54,55,6484,12025
2023-11-22 11:12:17,53,55,6484,12025
2023-11-22 11:12:21,54,55,6484,12025
2023-11-22 11:12:22,54,56,6484,12025
2023-11-22 11:12:23,54,55,6484,12025
2023-11-22 11:12:24,54,56,6484,12025
2023-11-22 11:12:26,55,56,6484,12025
2023-11-22 11:12:28,54,56,6484,12025
2023-11-22 11:12:31,55,56,6484,12025
2023-11-22 11:12:32,55,57,6484,12025
2023-11-22 11:12:43,56,57,6484,12025
2023-11-22 11:12:56,56,57,6834,12375
2023-11-22 11:12:58,56,57,7184,12725
2023-11-22 11:12:59,56,57,7534,13075
2023-11-22 11:13:01,56,57,7884,13425
2023-11-22 11:13:03,56,57,8234,13775
2023-11-22 11:13:04,56,57,8234,13975
2023-11-22 11:13:05,57,58,8234,14025
2023-11-22 11:13:18,57,59,8234,14025
2023-11-22 11:13:18,58,59,8234,14025
2023-11-22 11:13:19,57,59,8234,14025
2023-11-22 11:13:20,58,59,8234,14025
2023-11-22 11:14:04,58,59,8234,14225
2023-11-22 11:14:47,57,59,8234,14225
2023-11-22 11:14:47,58,59,8234,14225
2023-11-22 11:14:51,57,59,8234,14225
2023-11-22 11:14:53,58,59,8234,14225
2023-11-22 11:15:01,57,59,8234,14225
2023-11-22 11:15:13,57,58,8234,14225
2023-11-22 11:15:16,57,59,8234,14225
2023-11-22 11:15:17,57,58,8234,14225
2023-11-22 11:15:18,57,59,8234,14225
2023-11-22 11:15:19,57,58,8234,14225
2023-11-22 11:15:34,57,59,8234,14225
2023-11-22 11:15:34,57,58,8234,14225
2023-11-22 11:15:35,57,59,8234,14225
2023-11-22 11:15:47,58,59,8234,14225
2023-11-22 11:15:50,57,59,8234,14225
2023-11-22 11:15:51,58,59,8234,14225
2023-11-22 11:15:54,57,59,8234,14225
2023-11-22 11:15:55,57,58,8234,14225
2023-11-22 11:16:01,57,59,8234,14225
2023-11-22 11:16:09,57,58,8234,14225
2023-11-22 11:16:17,56,58,8234,14225
2023-11-22 11:16:20,56,57,8234,14225
2023-11-22 11:16:22,55,57,8234,14225
2023-11-22 11:16:36,55,56,8234,14225
2023-11-22 11:16:39,55,57,8234,14225
2023-11-22 11:16:40,55,56,8234,14225
2023-11-22 11:16:41,55,57,8234,14225
2023-11-22 11:16:43,56,57,8234,14225
2023-11-22 11:16:43,56,58,8234,14225
2023-11-22 11:16:49,57,58,8234,14225
2023-11-22 11:17:03,57,58,8234,14425
2023-11-22 11:17:06,57,58,8262,14625
2023-11-22 11:17:07,57,58,8462,14825
2023-11-22 11:17:07,57,58,8812,15175
2023-11-22 11:17:08,57,58,9162,15525
2023-11-22 11:17:09,57,58,9512,15875
2023-11-22 11:17:10,57,59,9862,16225
2023-11-22 11:17:10,58,59,9862,16225
2023-11-22 11:17:24,58,59,9662,16425
2023-11-22 11:17:24,56,59,9662,16425
2023-11-22 11:17:25,56,58,9662,16425
2023-11-22 11:17:36,55,58,9662,16425
2023-11-22 11:17:36,56,58,9662,16425
2023-11-22 11:17:38,57,58,9662,16425
2023-11-22 11:17:39,56,58,9662,16425
2023-11-22 11:17:39,57,58,9662,16425
2023-11-22 11:17:39,56,58,9662,16425
2023-11-22 11:17:39,57,58,9662,16425
2023-11-22 11:17:57,56,57,9634,16619
2023-11-22 11:17:58,56,58,9634,16619
2023-11-22 11:17:58,55,58,9634,16619
2023-11-22 11:17:59,56,58,9634,16619
2023-11-22 11:17:59,55,58,9634,16619
2023-11-22 11:18:00,56,58,9634,16619
2023-11-22 11:18:00,55,58,9634,16619
2023-11-22 11:18:01,56,58,9634,16619
2023-11-22 11:18:02,55,58,9634,16619
2023-11-22 11:18:05,56,58,9634,16619
2023-11-22 11:18:05,55,58,9634,16619
2023-11-22 11:18:06,56,58,9634,16619
2023-11-22 11:18:59,56,57,9634,16619
2023-11-22 11:19:00,55,57,9634,16619
2023-11-22 11:19:13,56,57,9634,16619
2023-11-22 11:19:14,55,57,9634,16619
2023-11-22 11:19:21,55,56,9634,16619
2023-11-22 11:19:21,54,56,9634,16619
2023-11-22 11:20:17,54,55,9634,16619
2023-11-22 11:20:21,54,56,9634,16619
2023-11-22 11:20:37,54,55,9634,16619
2023-11-22 11:20:38,54,56,9634,16619
2023-11-22 11:20:39,54,55,9634,16619
2023-11-22 11:20:56,54,56,9634,16619
2023-11-22 11:20:57,54,55,9634,16619
2023-11-22 11:21:06,54,56,9634,16619
2023-11-22 11:21:07,54,55,9634,16619
2023-11-22 11:21:08,54,56,9634,16619
2023-11-22 11:21:28,55,56,9634,16619
2023-11-22 11:21:32,54,56,9634,16619
2023-11-22 11:21:49,55,56,9634,16619
2023-11-22 11:21:58,54,56,9634,16619
2023-11-22 11:22:02,54,55,9634,16619
2023-11-22 11:22:04,53,55,9634,16619
2023-11-22 11:22:14,54,55,9634,16619
2023-11-22 11:22:19,54,56,9634,16619
2023-11-22 11:22:27,55,56,9634,16619
2023-11-22 11:22:30,54,56,9634,16619
2023-11-22 11:22:31,55,56,9634,16619
2023-11-22 11:22:31,54,56,9634,16619
2023-11-22 11:22:34,55,56,9634,16619
2023-11-22 11:22:34,54,56,9634,16619
2023-11-22 11:22:35,55,56,9634,16619
2023-11-22 11:22:48,55,57,9634,16619
2023-11-22 11:22:48,56,57,9634,16619
2023-11-22 11:23:00,54,57,9634,16619
2023-11-22 11:23:00,55,57,9634,16619
2023-11-22 11:23:00,56,57,9634,16619
2023-11-22 11:23:07,56,57,9734,16719
2023-11-22 11:23:21,55,57,9734,16719
2023-11-22 11:23:23,54,57,9734,16719
2023-11-22 11:23:28,55,57,9734,16719
2023-11-22 11:23:32,54,57,9734,16719
2023-11-22 11:23:38,55,57,9734,16719
2023-11-22 11:23:54,56,57,9734,16719
2023-11-22 11:24:46,56,57,9768,16919
2023-11-22 11:24:47,56,57,10118,17269
2023-11-22 11:24:48,56,57,10468,17619
2023-11-22 11:24:49,56,57,10818,17969
2023-11-22 11:24:52,56,57,11168,18319
2023-11-22 11:24:53,56,57,11368,18519
2023-11-22 11:24:53,56,59,11468,18619
2023-11-22 11:24:53,57,59,11468,18619
2023-11-22 11:24:58,56,59,11468,18619
2023-11-22 11:24:58,57,59,11468,18619
2023-11-22 11:25:00,56,59,11468,18619
2023-11-22 11:25:00,57,59,11468,18619
2023-11-22 11:25:02,57,58,11468,18619
2023-11-22 11:25:02,56,58,11468,18619
2023-11-22 11:25:03,55,58,11468,18619
2023-11-22 11:25:03,56,58,11468,18619
2023-11-22 11:25:19,55,58,11468,18619
2023-11-22 11:25:23,56,58,11468,18619
2023-11-22 11:25:24,55,58,11468,18619
2023-11-22 11:25:24,56,58,11468,18619
2023-11-22 11:25:30,55,58,11468,18619
2023-11-22 11:25:30,56,58,11468,18619
2023-11-22 11:25:41,56,59,11468,18619
2023-11-22 11:25:52,56,58,11468,18619
2023-11-22 11:25:56,57,58,11468,18619
2023-11-22 11:25:57,56,58,11468,18619
2023-11-22 11:26:03,55,58,11468,18619
2023-11-22 11:26:07,56,58,11468,18619
2023-11-22 11:26:13,56,59,11468,18619
2023-11-22 11:26:13,56,58,11468,18619
2023-11-22 11:26:14,56,59,11468,18619
2023-11-22 11:26:18,56,58,11468,18619
2023-11-22 11:26:28,56,59,11468,18619
2023-11-22 11:26:29,56,58,11468,18619
2023-11-22 11:26:30,57,58,11468,18619
2023-11-22 11:26:32,56,58,11468,18619
2023-11-22 11:26:35,57,58,11468,18619
2023-11-22 11:26:40,56,58,11468,18619
2023-11-22 11:26:46,56,59,11468,18619
2023-11-22 11:26:46,56,58,11468,18619
2023-11-22 11:27:06,56,57,11468,18619
2023-11-22 11:27:06,56,58,11468,18619
2023-11-22 11:27:07,56,57,11468,18619
2023-11-22 11:27:10,55,57,11468,18619
2023-11-22 11:27:11,54,57,11468,18619
2023-11-22 11:27:23,55,57,11468,18619
2023-11-22 11:27:25,54,57,11468,18619
2023-11-22 11:27:26,55,57,11468,18619
2023-11-22 11:27:37,55,56,11468,18619
2023-11-22 11:27:41,55,57,11468,18619
2023-11-22 11:27:47,55,58,11468,18619
2023-11-22 11:27:57,55,57,11468,18619
2023-11-22 11:27:57,54,57,11468,18619
2023-11-22 11:28:06,54,56,11468,18619
2023-11-22 11:28:07,53,56,11468,18619
2023-11-22 11:28:12,54,56,11468,18619
2023-11-22 11:28:12,54,57,11468,18619
2023-11-22 11:28:13,54,56,11468,18619
2023-11-22 11:28:27,54,55,11468,18619
2023-11-22 11:28:27,54,56,11468,18619
2023-11-22 11:28:34,54,57,11468,18619
2023-11-22 11:28:35,54,56,11468,18619
2023-11-22 11:29:01,53,56,11468,18619
2023-11-22 11:29:01,53,57,11468,18619
2023-11-22 11:29:01,54,57,11468,18619
2023-11-22 11:29:01,54,56,11468,18619
2023-11-22 11:29:04,53,56,11468,18619
2023-11-22 11:29:04,54,56,11468,18619
2023-11-22 11:29:08,55,56,11468,18619
2023-11-22 11:29:08,55,57,11468,18619
2023-11-22 11:29:18,55,58,11468,18619
2023-11-22 11:29:25,56,58,11468,18619
2023-11-22 11:29:30,56,57,11468,18619
2023-11-22 11:29:31,56,58,11468,18619
2023-11-22 11:29:46,57,58,11468,18619
2023-11-22 11:29:51,57,59,11468,18619
2023-11-22 11:30:05,58,59,11468,18619
2023-11-22 11:30:06,57,59,11468,18619
2023-11-22 11:30:08,58,59,11468,18619
2023-11-22 11:30:35,58,59,11818,18969
2023-11-22 11:30:36,58,59,12168,19319
2023-11-22 11:30:37,58,59,12518,19669
2023-11-22 11:30:40,58,59,12718,19869
2023-11-22 11:30:40,58,59,13068,20219
2023-11-22 11:30:43,58,59,13068,20319
2023-11-22 11:30:43,58,60,13418,20669
2023-11-22 11:30:43,59,60,13418,20669
2023-11-22 11:30:48,59,61,13418,20669
2023-11-22 11:30:48,60,61,13418,20669
2023-11-22 11:31:12,60,62,13418,20669
2023-11-22 11:31:12,61,62,13418,20669
2023-11-22 11:31:26,60,62,13418,20669
2023-11-22 11:31:26,61,62,13418,20669
2023-11-22 11:31:43,60,62,13418,20669
2023-11-22 11:31:45,61,62,13418,20669
2023-11-22 11:31:49,60,62,13418,20669
2023-11-22 11:32:02,61,62,13418,20669
2023-11-22 11:32:05,60,62,13418,20669
2023-11-22 11:32:11,61,62,13418,20669
2023-11-22 11:32:11,60,62,13418,20669
2023-11-22 11:32:19,61,62,13418,20669
2023-11-22 11:32:21,60,62,13418,20669
2023-11-22 11:32:21,61,62,13418,20669
2023-11-22 11:32:26,60,62,13418,20669
2023-11-22 11:33:19,61,62,13418,20669
2023-11-22 11:34:06,60,62,13418,20669
2023-11-22 11:34:06,61,62,13418,20669
2023-11-22 11:34:13,60,62,13418,20669
2023-11-22 11:34:14,61,62,13418,20669
2023-11-22 11:34:56,60,62,13418,20669
2023-11-22 11:34:56,61,62,13418,20669
2023-11-22 11:34:58,60,62,13418,20669
2023-11-22 11:35:02,59,62,13418,20669
2023-11-22 11:35:10,60,62,13418,20669
2023-11-22 11:35:14,59,62,13418,20669
2023-11-22 11:35:17,59,61,13418,20669
2023-11-22 11:35:17,60,61,13418,20669
2023-11-22 11:35:23,60,62,13418,20669
2023-11-22 11:35:38,60,61,13418,20669
2023-11-22 11:35:40,59,61,13418,20669
2023-11-22 11:35:42,59,62,13418,20669
2023-11-22 11:35:42,59,61,13418,20669
2023-11-22 11:35:53,58,61,13418,20669
2023-11-22 11:35:53,59,61,13418,20669
2023-11-22 11:35:54,58,61,13418,20669
2023-11-22 11:35:56,59,61,13418,20669
2023-11-22 11:35:57,58,61,13418,20669
2023-11-22 11:35:57,58,60,13418,20669
2023-11-22 11:36:07,59,60,13418,20669
2023-11-22 11:36:48,58,60,13418,20669
2023-11-22 11:36:48,59,60,13418,20669
2023-11-22 11:36:54,58,60,13418,20669
2023-11-22 11:36:54,59,60,13418,20669
2023-11-22 11:37:13,58,60,13418,20669
2023-11-22 11:37:13,59,60,13418,20669
2023-11-22 11:37:19,58,60,13418,20669
2023-11-22 11:37:54,57,60,13418,20669
2023-11-22 11:37:54,58,60,13418,20669
2023-11-22 11:38:26,59,60,13418,20669
2023-11-22 11:38:26,58,60,13418,20669
2023-11-22 11:38:27,59,60,13418,20669
2023-11-22 11:38:28,58,60,13418,20669
2023-11-22 11:38:29,59,60,13418,20669
2023-11-22 11:38:30,58,60,13418,20669
2023-11-22 11:38:30,59,60,13418,20669
2023-11-22 11:38:50,58,60,13418,20669
2023-11-22 11:38:50,59,60,13418,20669
2023-11-22 11:38:53,58,60,13418,20669
2023-11-22 11:38:53,59,60,13418,20669
2023-11-22 11:38:56,58,60,13418,20669
2023-11-22 11:38:56,59,60,13418,20669
2023-11-22 11:39:09,58,60,13418,20669
2023-11-22 11:39:16,59,60,13418,20669
2023-11-22 11:39:17,58,60,13418,20669
2023-11-22 11:39:19,59,60,13418,20669
2023-11-22 11:39:21,58,60,13418,20669
2023-11-22 11:39:22,59,60,13418,20669
2023-11-22 11:39:23,58,60,13418,20669
2023-11-22 11:39:24,59,60,13418,20669
2023-11-22 11:39:39,58,60,13418,20669
2023-11-22 11:39:47,57,60,13418,20669
2023-11-22 11:39:55,57,59,13418,20669
2023-11-22 11:39:57,57,60,13418,20669
2023-11-22 11:40:00,58,60,13418,20669
2023-11-22 11:40:01,58,59,13418,20669
2023-11-22 11:40:01,57,59,13418,20669
2023-11-22 11:40:01,57,60,13418,20669
2023-11-22 11:40:01,58,60,13418,20669
2023-11-22 11:40:03,58,59,13418,20669
2023-11-22 11:40:06,58,60,13418,20669
2023-11-22 11:40:06,57,60,13418,20669
2023-11-22 11:40:06,58,60,13418,20669
2023-11-22 11:40:06,58,59,13418,20669
2023-11-22 11:40:16,57,59,13418,20669
2023-11-22 11:40:21,58,59,13418,20669
2023-11-22 11:40:23,58,60,13418,20669
2023-11-22 11:40:45,59,60,13418,20669
2023-11-22 11:40:57,58,60,13418,20669
2023-11-22 11:40:58,59,60,13418,20669
2023-11-22 11:41:01,58,60,13418,20669
2023-11-22 11:41:01,59,60,13418,20669
2023-11-22 11:41:14,58,60,13418,20669
2023-11-22 11:41:14,59,60,13418,20669
2023-11-22 11:41:18,58,60,13418,20669
2023-11-22 11:41:19,59,60,13418,20669
2023-11-22 11:41:21,57,60,13418,20669
2023-11-22 11:41:21,58,60,13418,20669
2023-11-22 11:41:21,59,60,13418,20669
2023-11-22 11:41:21,58,60,13418,20669
2023-11-22 11:41:21,59,60,13418,20669
2023-11-22 11:41:23,57,60,13418,20669
2023-11-22 11:41:24,58,60,13418,20669
2023-11-22 11:41:24,59,60,13418,20669
2023-11-22 11:41:46,58,60,13418,20669
2023-11-22 11:41:46,59,60,13418,20669
2023-11-22 11:41:54,58,60,13418,20669
2023-11-22 11:41:54,59,60,13418,20669
2023-11-22 11:42:05,58,60,13418,20669
2023-11-22 11:42:06,59,60,13418,20669
2023-11-22 11:42:17,57,60,13418,20669
2023-11-22 11:42:17,58,60,13418,20669
2023-11-22 11:42:26,59,60,13418,20669
2023-11-22 11:42:29,58,60,13418,20669
2023-11-22 11:42:30,59,60,13418,20669
2023-11-22 11:42:34,58,60,13418,20669
2023-11-22 11:42:37,57,60,13418,20669
2023-11-22 11:42:38,58,60,13418,20669
2023-11-22 11:42:44,59,60,13418,20669
2023-11-22 11:42:50,58,60,13418,20669
2023-11-22 11:42:50,59,60,13418,20669
2023-11-22 11:42:58,59,60,13768,21019
2023-11-22 11:43:01,59,60,14118,21369
2023-11-22 11:43:03,59,60,14468,21719
2023-11-22 11:43:04,59,60,14818,22069
2023-11-22 11:43:16,59,60,15018,22269
2023-11-22 11:43:18,59,60,15018,22369
2023-11-22 11:43:32,59,62,15318,22669
2023-11-22 11:43:32,60,62,15318,22669
2023-11-22 11:43:32,61,62,15318,22669
2023-11-22 11:43:59,60,62,15318,22669
2023-11-22 11:43:59,61,62,15318,22669
2023-11-22 11:44:05,60,62,15318,22669
2023-11-22 11:44:06,61,62,15318,22669
2023-11-22 11:44:36,61,62,15218,22769
2023-11-22 11:44:38,61,62,15218,22829
2023-11-22 11:44:44,62,63,15258,22869
2023-11-22 11:44:55,62,63,15158,22969
2023-11-22 11:44:57,62,64,15158,22969
2023-11-22 11:44:57,63,64,15158,22969
2023-11-22 11:45:01,62,64,15158,22969
2023-11-22 11:45:01,63,64,15158,22969
2023-11-22 11:45:15,63,65,15158,22969
2023-11-22 11:45:15,64,65,15158,22969
2023-11-22 11:46:02,63,65,15158,22969
2023-11-22 11:46:04,63,64,15158,22969
2023-11-22 11:46:11,63,65,15158,22969
2023-11-22 11:46:12,64,65,15158,22969
2023-11-22 11:46:12,63,64,15158,23077
2023-11-22 11:46:12,63,65,15158,23077
2023-11-22 11:46:12,63,64,15158,23077
2023-11-22 11:46:14,63,65,15158,23077
2023-11-22 11:46:14,64,65,15158,23077
2023-11-22 11:46:15,63,65,15158,23077
2023-11-22 11:46:15,63,64,15158,23077
2023-11-22 11:46:19,63,65,15158,23077
2023-11-22 11:46:19,64,65,15158,23077
2023-11-22 11:46:21,63,65,15158,23077
2023-11-22 11:46:21,64,65,15158,23077
2023-11-22 11:46:30,63,65,15158,23077
2023-11-22 11:46:35,64,65,15158,23077
2023-11-22 11:46:44,64,66,15158,23077
2023-11-22 11:46:56,65,66,15158,23077
2023-11-22 11:47:13,64,66,15158,23077
2023-11-22 11:47:15,65,66,15158,23077
2023-11-22 11:47:16,64,66,15158,23077
2023-11-22 11:47:18,65,66,15158,23077
2023-11-22 11:47:19,64,66,15158,23077
2023-11-22 11:47:27,65,66,15158,23077
2023-11-22 11:47:27,64,66,15158,23077
2023-11-22 11:47:28,65,66,15158,23077
2023-11-22 11:50:27,64,66,15158,23077
2023-11-22 11:50:28,64,65,15158,23077
2023-11-22 11:50:46,64,66,15158,23077
2023-11-22 11:50:46,65,66,15158,23077
2023-11-22 11:50:46,65,66,15058,23177
2023-11-22 11:53:17,65,67,15058,23177
2023-11-22 11:53:17,66,67,15058,23177
2023-11-22 11:53:51,65,67,15058,23177
2023-11-22 11:53:53,65,66,15058,23177
2023-11-22 11:53:54,65,67,15058,23177
2023-11-22 11:53:54,65,66,15058,23177
2023-11-22 11:54:24,64,66,15058,23177
2023-11-22 11:54:32,65,66,15058,23177
2023-11-22 11:54:36,65,67,15058,23177
2023-11-22 11:54:51,65,66,15058,23177
2023-11-22 11:55:09,65,67,15058,23177
2023-11-22 11:55:20,66,67,15058,23177
2023-11-22 11:55:25,65,67,15058,23177
2023-11-22 11:55:30,65,66,15058,23177
2023-11-22 11:55:32,65,67,15058,23177
2023-11-22 11:55:36,65,66,15058,23177
2023-11-22 11:55:41,65,67,15058,23177
2023-11-22 11:55:43,66,67,15058,23177
2023-11-22 11:56:15,66,68,15058,23177
2023-11-22 11:56:15,67,68,15058,23177
2023-11-22 11:57:28,67,68,15058,23178
2023-11-22 11:58:04,67,69,15058,23178
2023-11-22 11:58:04,68,69,15058,23178
2023-11-22 11:58:45,68,69,15408,23528
2023-11-22 11:58:48,68,70,15408,23528
2023-11-22 11:58:48,68,69,15408,23528
2023-11-22 11:58:48,68,69,15408,23535
2023-11-22 11:58:50,68,70,15408,23535
2023-11-22 11:58:50,68,69,15408,23535
2023-11-22 11:58:56,68,70,15408,23535
2023-11-22 11:58:56,68,69,15408,23535
2023-11-22 11:59:01,68,69,15758,23885
2023-11-22 11:59:02,68,69,16108,24235
2023-11-22 11:59:14,68,69,16308,24435
2023-11-22 11:59:14,68,70,16308,24435
2023-11-22 11:59:26,69,70,16308,24435
2023-11-22 12:01:23,69,71,16308,24435
2023-11-22 12:02:36,70,71,16308,24435
2023-11-22 12:03:53,69,71,16308,24435
2023-11-22 12:04:09,70,71,16308,24435
2023-11-22 12:08:11,70,72,16308,24435
2023-11-22 12:08:11,71,72,16308,24435
2023-11-22 12:08:31,70,72,16308,24435
2023-11-22 12:08:32,71,72,16308,24435
2023-11-22 12:08:34,70,72,16308,24435
2023-11-22 12:08:35,71,72,16308,24435
2023-11-22 12:08:36,70,72,16308,24435
2023-11-22 12:08:37,71,72,16308,24435
2023-11-22 12:08:38,70,72,16308,24435
2023-11-22 12:08:57,71,72,16308,24435
2023-11-22 12:09:34,70,72,16308,24435
2023-11-22 12:09:35,71,72,16308,24435
2023-11-22 12:09:40,70,72,16308,24435
2023-11-22 12:09:40,71,72,16308,24435
2023-11-22 12:09:42,70,72,16308,24435
2023-11-22 12:09:43,71,72,16308,24435
2023-11-22 12:09:46,70,72,16308,24435
2023-11-22 12:09:46,71,72,16308,24435
2023-11-22 12:09:59,70,72,16308,24435
2023-11-22 12:10:13,70,72,16308,24710
2023-11-22 12:13:04,71,72,16308,24710
2023-11-22 12:13:30,71,73,16308,24710
2023-11-22 12:14:16,70,73,16308,24710
2023-11-22 12:14:16,70,72,16308,24710
2023-11-22 12:14:33,69,72,16308,24710
2023-11-22 12:14:46,68,71,16308,24710
2023-11-22 12:14:50,68,70,16308,24710
2023-11-22 12:15:02,68,69,16308,24710
2023-11-22 12:15:09,68,70,16308,24710
2023-11-22 12:15:16,68,71,16308,24710
2023-11-22 12:15:19,69,71,16308,24710
2023-11-22 12:15:35,70,71,16308,24710
2023-11-22 12:15:55,70,72,16308,24710
2023-11-22 12:16:10,69,72,16308,24710
2023-11-22 12:16:14,69,71,16308,24710
2023-11-22 12:16:14,68,71,16308,24710
2023-11-22 12:16:27,68,70,16308,24710
2023-11-22 12:16:30,68,71,16308,24710
2023-11-22 12:16:43,69,71,16308,24710
2023-11-22 12:16:57,69,72,16308,24710
2023-11-22 12:17:19,70,72,16308,24710
2023-11-22 12:17:20,69,72,16308,24710
2023-11-22 12:17:49,69,71,16308,24710
2023-11-22 12:17:57,69,72,16308,24710
2023-11-22 12:18:01,70,72,16308,24710
2023-11-22 12:19:22,70,73,16308,24710
2023-11-22 12:19:25,71,73,16308,24710
2023-11-22 12:20:24,72,73,16308,24710
2023-11-22 12:21:34,72,74,16308,24710
2023-11-22 12:24:50,73,74,16308,24710
2023-11-22 12:25:06,72,74,16308,24710
2023-11-22 12:27:02,71,74,16308,24710
2023-11-22 12:27:16,72,74,16308,24710
2023-11-22 12:30:08,71,74,16308,24710
2023-11-22 12:30:09,72,74,16308,24710
2023-11-22 12:30:36,71,74,16308,24710
2023-11-22 12:30:44,72,74,16308,24710
2023-11-22 12:30:47,71,74,16308,24710
2023-11-22 12:31:05,72,74,16308,24710
2023-11-22 12:31:16,71,74,16308,24710
2023-11-22 12:31:29,71,73,16308,24710
2023-11-22 12:31:45,70,73,16308,24710
2023-11-22 12:31:48,71,73,16308,24710
2023-11-22 12:31:51,70,73,16308,24710
2023-11-22 12:31:52,71,73,16308,24710
2023-11-22 12:31:53,70,73,16308,24710
2023-11-22 12:32:01,70,72,16308,24710
2023-11-22 12:32:07,70,73,16308,24710
2023-11-22 12:32:11,70,72,16308,24710
2023-11-22 12:32:50,70,71,16308,24710
2023-11-22 12:33:01,68,71,16308,24710
2023-11-22 12:33:29,68,70,16308,24710
2023-11-22 12:33:30,67,70,16308,24710
2023-11-22 12:33:30,66,70,16308,24710
2023-11-22 12:33:30,66,69,16308,24710
2023-11-22 12:33:30,66,68,16308,24710
2023-11-22 12:33:31,65,68,16308,24710
2023-11-22 12:33:32,64,67,16308,24710
2023-11-22 12:33:32,64,66,16308,24710
2023-11-22 12:33:45,64,67,16308,24710
2023-11-22 12:33:59,65,67,16308,24710
2023-11-22 12:34:09,66,67,16308,24710
2023-11-22 12:34:09,66,68,16308,24710
2023-11-22 12:34:17,67,68,16308,24710
2023-11-22 12:34:18,67,69,16308,24710
2023-11-22 12:34:24,68,69,16308,24710
2023-11-22 12:34:25,68,70,16308,24710
2023-11-22 12:34:32,68,71,16308,24710
2023-11-22 12:34:34,69,71,16308,24710
2023-11-22 12:34:35,68,71,16308,24710
2023-11-22 12:34:41,68,70,16308,24710
2023-11-22 12:34:42,68,71,16308,24710
2023-11-22 12:35:14,68,70,16308,24710
2023-11-22 12:35:19,67,70,16308,24710
2023-11-22 12:35:22,68,70,16308,24710
2023-11-22 12:35:23,67,70,16308,24710
2023-11-22 12:35:24,68,70,16308,24710
2023-11-22 12:35:35,67,70,16308,24710
2023-11-22 12:35:51,68,70,16308,24710
2023-11-22 12:35:53,67,70,16308,24710
2023-11-22 12:36:02,68,70,16308,24710
2023-11-22 12:36:09,68,71,16308,24710
2023-11-22 12:36:13,69,71,16308,24710
2023-11-22 12:36:25,68,71,16308,24710
2023-11-22 12:36:31,69,71,16308,24710
2023-11-22 12:36:55,70,71,16308,24710
2023-11-22 12:36:57,69,71,16308,24710
2023-11-22 12:37:01,70,71,16308,24710
2023-11-22 12:37:07,69,71,16308,24710
2023-11-22 12:37:12,70,71,16308,24710
2023-11-22 12:37:15,69,71,16308,24710
2023-11-22 12:37:20,68,71,16308,24710
2023-11-22 12:37:20,69,71,16308,24710
2023-11-22 12:37:25,68,71,16308,24710
2023-11-22 12:37:27,68,70,16308,24710
2023-11-22 12:37:27,69,70,16308,24710
2023-11-22 12:37:27,68,70,16308,24710
2023-11-22 12:37:29,68,71,16308,24710
2023-11-22 12:37:33,69,71,16308,24710
2023-11-22 12:37:42,68,71,16308,24710
2023-11-22 12:37:42,69,71,16308,24710
2023-11-22 12:38:00,68,71,16308,24710
2023-11-22 12:38:04,68,70,16308,24710
2023-11-22 12:38:09,67,70,16308,24710
2023-11-22 12:38:09,68,70,16308,24710
2023-11-22 12:38:31,68,71,16308,24710
2023-11-22 12:39:10,68,70,16308,24710
2023-11-22 12:39:10,67,70,16308,24710
2023-11-22 12:39:11,68,70,16308,24710
2023-11-22 12:39:12,68,71,16308,24710
2023-11-22 12:40:01,68,70,16308,24710
2023-11-22 12:40:03,67,70,16308,24710
2023-11-22 12:40:12,67,69,16308,24710
2023-11-22 12:40:13,67,70,16308,24710
2023-11-22 12:40:23,67,69,16308,24710
2023-11-22 12:40:25,67,70,16308,24710
2023-11-22 12:40:30,67,69,16308,24710
2023-11-22 12:40:33,67,70,16308,24710
2023-11-22 12:40:37,67,69,16308,24710
2023-11-22 12:40:41,67,70,16308,24710
2023-11-22 12:41:06,67,69,16308,24710
2023-11-22 12:41:15,66,69,16308,24710
2023-11-22 12:41:26,66,68,16308,24710
2023-11-22 12:41:26,65,68,16308,24710
2023-11-22 12:41:36,65,69,16308,24710
2023-11-22 12:41:37,66,69,16308,24710
2023-11-22 12:41:38,65,69,16308,24710
2023-11-22 12:41:39,66,69,16308,24710
2023-11-22 12:41:40,65,69,16308,24710
2023-11-22 12:41:44,65,68,16308,24710
2023-11-22 12:41:45,65,69,16308,24710
2023-11-22 12:41:47,66,69,16308,24710
2023-11-22 12:41:49,65,69,16308,24710
2023-11-22 12:41:50,65,68,16308,24710
2023-11-22 12:41:52,65,69,16308,24710
2023-11-22 12:41:53,65,68,16308,24710
2023-11-22 12:42:11,65,69,16308,24710
2023-11-22 12:42:13,65,68,16308,24710
2023-11-22 12:42:17,65,69,16308,24710
2023-11-22 12:42:18,65,68,16308,24710
2023-11-22 12:43:01,64,68,16308,24710
2023-11-22 12:43:01,64,67,16308,24710
2023-11-22 12:43:04,64,66,16308,24710
2023-11-22 12:43:06,63,66,16308,24710
2023-11-22 12:43:15,63,65,16308,24710
2023-11-22 12:43:16,62,65,16308,24710
2023-11-22 12:43:16,62,64,16308,24710
2023-11-22 12:43:24,61,64,16308,24710
2023-11-22 12:43:24,61,63,16308,24710
2023-11-22 12:43:33,60,63,16308,24710
2023-11-22 12:43:33,60,62,16308,24710
2023-11-22 12:43:37,58,62,16308,24710
2023-11-22 12:43:38,59,62,16308,24710
2023-11-22 12:43:40,59,63,16308,24710
2023-11-22 12:43:57,60,63,16308,24710
2023-11-22 12:44:01,61,63,16308,24710
2023-11-22 12:44:01,61,64,16308,24710
2023-11-22 12:44:02,60,64,16308,24710
2023-11-22 12:44:23,60,63,16308,24710
2023-11-22 12:44:23,59,63,16308,24710
2023-11-22 12:44:26,59,64,16308,24710
2023-11-22 12:44:26,60,64,16308,24710
2023-11-22 12:44:28,60,63,16308,24710
2023-11-22 12:44:28,59,63,16308,24710
2023-11-22 12:44:35,60,63,16308,24710
2023-11-22 12:44:38,60,64,16308,24710
2023-11-22 12:44:40,60,63,16308,24710
2023-11-22 12:44:47,60,64,16308,24710
2023-11-22 12:44:54,61,64,16308,24710
2023-11-22 12:45:01,60,64,16308,24710
2023-11-22 12:45:02,60,63,16308,24710
2023-11-22 12:45:04,59,63,16308,24710
2023-11-22 12:45:14,59,62,16308,24710
2023-11-22 12:45:15,59,63,16308,24710
2023-11-22 12:45:37,60,63,16308,24710
2023-11-22 12:45:41,59,63,16308,24710
2023-11-22 12:45:41,60,63,16308,24710
2023-11-22 12:45:45,59,63,16308,24710
2023-11-22 12:45:53,59,62,16308,24710
2023-11-22 12:45:54,59,63,16308,24710
2023-11-22 12:45:55,59,62,16308,24710
2023-11-22 12:45:57,59,63,16308,24710
2023-11-22 12:46:01,60,63,16308,24710
2023-11-22 12:46:01,59,63,16308,24710
2023-11-22 12:46:02,60,63,16308,24710
2023-11-22 12:46:06,60,64,16308,24710
2023-11-22 12:46:06,61,64,16308,24710
2023-11-22 12:46:13,61,63,16308,24710
2023-11-22 12:46:13,60,63,16308,24710
2023-11-22 12:46:18,59,63,16308,24710
2023-11-22 12:46:20,60,63,16308,24710
2023-11-22 12:46:28,60,64,16308,24710
2023-11-22 12:46:28,61,64,16308,24710
2023-11-22 12:46:59,62,64,16308,24710
2023-11-22 12:47:00,61,64,16308,24710
2023-11-22 12:47:03,61,65,16308,24710
2023-11-22 12:47:13,61,64,16308,24710
2023-11-22 12:47:13,60,64,16308,24710
2023-11-22 12:47:14,61,64,16308,24710
2023-11-22 12:47:15,60,64,16308,24710
2023-11-22 12:47:32,61,64,16308,24710
2023-11-22 12:47:34,61,65,16308,24710
2023-11-22 12:48:04,61,64,16308,24710
2023-11-22 12:48:06,61,65,16308,24710
2023-11-22 12:48:09,61,64,16308,24710
2023-11-22 12:48:09,60,64,16308,24710
2023-11-22 12:48:14,60,63,16308,24710
2023-11-22 12:48:14,59,63,16308,24710
2023-11-22 12:48:22,59,62,16308,24710
2023-11-22 12:48:24,58,62,16308,24710
2023-11-22 12:48:35,58,62,16308,24710
2023-11-22 12:48:39,59,62,16308,24710
2023-11-22 12:48:49,58,62,16308,24710
2023-11-22 12:48:52,59,62,16308,24710
2023-11-22 12:49:02,58,62,16308,24710
2023-11-22 12:49:08,58,61,16308,24710
2023-11-22 12:49:09,58,62,16308,24710
2023-11-22 12:49:11,58,61,16308,24710
2023-11-22 12:49:14,58,62,16308,24710
2023-11-22 12:49:18,58,61,16308,24710
2023-11-22 12:50:05,57,61,16308,24710
2023-11-22 12:50:05,57,60,16308,24710
2023-11-22 12:50:13,57,61,16308,24710
2023-11-22 12:50:19,57,60,16308,24710
2023-11-22 12:50:26,57,61,16308,24710
2023-11-22 12:50:27,57,60,16308,24710
2023-11-22 12:50:28,57,61,16308,24710
2023-11-22 12:50:35,58,61,16308,24710
2023-11-22 12:50:43,59,61,16308,24710
2023-11-22 12:50:43,59,62,16308,24710
2023-11-22 12:51:06,59,63,16308,24710
2023-11-22 12:51:09,60,63,16308,24710
2023-11-22 12:51:13,59,63,16308,24710
2023-11-22 12:51:14,60,63,16308,24710
2023-11-22 12:51:21,61,63,16308,24710
2023-11-22 12:51:21,61,64,16308,24710
2023-11-22 12:51:47,61,65,16308,24710
2023-11-22 12:51:47,62,65,16308,24710
2023-11-22 12:51:49,61,65,16308,24710
2023-11-22 12:51:52,62,65,16308,24710
2023-11-22 12:52:13,61,65,16308,24710
2023-11-22 12:52:14,61,64,16308,24710
2023-11-22 12:52:30,61,65,16308,24710
2023-11-22 12:52:30,62,65,16308,24710
2023-11-22 12:52:33,62,66,16308,24710
2023-11-22 12:52:34,62,67,16308,24710
2023-11-22 12:52:34,64,67,16308,24710
2023-11-22 12:52:39,65,67,16308,24710
2023-11-22 12:52:40,65,68,16308,24710
2023-11-22 12:52:57,65,69,16308,24710
2023-11-22 12:52:57,66,69,16308,24710
2023-11-22 12:53:02,65,69,16308,24710
2023-11-22 12:53:04,65,68,16308,24710
2023-11-22 12:53:07,65,69,16308,24710
2023-11-22 12:53:08,65,68,16308,24710
2023-11-22 12:53:10,65,69,16308,24710
2023-11-22 12:53:12,66,69,16308,24710
2023-11-22 12:53:18,67,69,16308,24710
2023-11-22 12:53:22,67,70,16308,24710
2023-11-22 12:54:02,66,70,16308,24710
2023-11-22 12:54:08,65,69,16308,24710
2023-11-22 12:54:11,66,69,16308,24710
2023-11-22 12:54:34,65,69,16308,24710
2023-11-22 12:55:06,65,68,16308,24710
2023-11-22 12:55:14,65,69,16308,24710
2023-11-22 12:55:15,65,68,16308,24710
2023-11-22 12:55:16,65,69,16308,24710
2023-11-22 12:55:25,65,68,16308,24710
2023-11-22 12:55:36,65,69,16308,24710
2023-11-22 12:55:37,66,69,16308,24710
2023-11-22 12:55:43,65,69,16308,24710
2023-11-22 12:55:48,66,69,16308,24710
2023-11-22 12:56:15,67,69,16308,24710
2023-11-22 12:56:16,66,69,16308,24710
2023-11-22 12:56:17,67,69,16308,24710
2023-11-22 12:56:18,66,69,16308,24710
2023-11-22 12:56:19,67,69,16308,24710
2023-11-22 12:56:20,66,69,16308,24710
2023-11-22 12:56:20,66,70,16308,24710
2023-11-22 12:56:22,66,69,16308,24710
2023-11-22 12:56:23,65,69,16308,24710
2023-11-22 12:56:39,65,68,16308,24710
2023-11-22 12:56:45,64,68,16308,24710
2023-11-22 12:56:48,64,67,16308,24710
2023-11-22 12:56:58,65,67,16308,24710
2023-11-22 12:57:06,65,68,16308,24710
2023-11-22 12:57:08,65,69,16308,24710
2023-11-22 12:57:11,66,69,16308,24710
2023-11-22 12:57:32,67,69,16308,24710
2023-11-22 12:57:41,67,70,16308,24710
2023-11-22 12:57:45,68,70,16308,24710
2023-11-22 12:57:56,67,70,16308,24710
2023-11-22 12:58:06,68,70,16308,24710
2023-11-22 12:58:23,69,70,16308,24710
2023-11-22 12:58:26,69,71,16308,24710
2023-11-22 12:58:27,69,72,16308,24710
2023-11-22 12:58:42,70,72,16308,24710
2023-11-22 12:59:26,70,73,16308,24710
2023-11-22 12:59:28,71,73,16308,24710
2023-11-22 12:59:49,71,74,16308,24710
2023-11-22 13:00:26,72,74,16308,24710
2023-11-22 13:01:07,71,74,16308,24710
2023-11-22 13:01:20,70,74,16308,24710
2023-11-22 13:01:20,70,73,16308,24710
2023-11-22 13:01:24,70,74,16308,24710
2023-11-22 13:01:24,71,74,16308,24710
2023-11-22 13:01:35,72,74,16308,24710
2023-11-22 13:01:45,71,74,16308,24710
2023-11-22 13:01:46,72,74,16308,24710
2023-11-22 13:01:47,71,74,16308,24710
2023-11-22 13:01:48,72,74,16308,24710
2023-11-22 13:01:54,71,74,16308,24710
2023-11-22 13:01:59,72,74,16308,24710
2023-11-22 13:02:17,72,75,16308,24710
2023-11-22 13:02:20,73,75,16308,24710
2023-11-22 13:02:31,72,75,16308,24710
2023-11-22 13:03:06,71,75,16308,24710
2023-11-22 13:03:06,71,74,16308,24710
2023-11-22 13:03:21,71,75,16308,24710
2023-11-22 13:03:22,71,74,16308,24710
2023-11-22 13:04:43,70,74,16308,24710
2023-11-22 13:04:44,71,74,16308,24710
2023-11-22 13:04:50,70,74,16308,24710
2023-11-22 13:04:52,70,73,16308,24710
2023-11-22 13:05:02,70,74,16308,24710
2023-11-22 13:05:20,71,74,16308,24710
2023-11-22 13:05:20,71,75,16308,24710
2023-11-22 13:05:21,71,74,16308,24710
2023-11-22 13:05:27,71,75,16308,24710
2023-11-22 13:05:30,72,75,16308,24710
2023-11-22 13:05:31,71,75,16308,24710
2023-11-22 13:05:32,72,75,16308,24710
2023-11-22 13:05:54,73,75,16308,24710
2023-11-22 13:06:20,74,75,16308,24710
2023-11-22 13:06:48,74,77,16308,24710
2023-11-22 13:06:49,75,77,16308,24710
2023-11-22 13:06:54,75,76,16308,24710
2023-11-22 13:06:57,75,76,16508,24910
2023-11-22 13:06:58,75,76,16708,25110
2023-11-22 13:06:58,75,76,16708,25170
2023-11-22 13:07:11,75,78,16708,25170
2023-11-22 13:07:19,75,77,16708,25170
2023-11-22 13:08:02,76,77,16708,25170
2023-11-22 13:08:26,75,77,16708,25170
2023-11-22 13:08:27,76,77,16708,25170
2023-11-22 13:08:58,76,77,16908,25370
2023-11-22 13:09:08,76,77,17408,25870
2023-11-22 13:09:28,76,79,17408,25870
2023-11-22 13:09:32,76,78,17408,25870
2023-11-22 13:10:00,76,79,17408,25870
2023-11-22 13:10:11,77,79,17408,25870
2023-11-22 13:10:15,77,78,17408,25870
2023-11-22 13:10:29,77,78,17517,25979
2023-11-22 13:10:32,76,78,17517,25979
2023-11-22 13:10:32,75,78,17517,25979
2023-11-22 13:10:33,76,78,17517,25979
2023-11-22 13:10:44,75,78,17517,25979
2023-11-22 13:10:56,76,78,17517,25979
2023-11-22 13:11:15,76,79,17517,25979
2023-11-22 13:11:15,77,79,17517,25979
2023-11-22 13:12:30,76,79,17717,26179
2023-11-22 13:13:35,77,79,17717,26179
2023-11-22 13:13:46,78,79,17717,26179
2023-11-22 13:13:51,78,80,17717,26179
2023-11-22 13:14:04,79,80,17717,26179
2023-11-22 13:14:30,79,80,18067,26529
2023-11-22 13:14:31,79,80,18417,26879
2023-11-22 13:14:33,79,80,18517,27229
2023-11-22 13:14:34,79,80,18517,27579
2023-11-22 13:14:38,79,81,18517,27588
2023-11-22 13:16:02,79,80,18517,27588
2023-11-22 13:16:02,78,80,18517,27588
2023-11-22 13:16:20,78,81,18517,27588
2023-11-22 13:16:20,79,81,18517,27588
2023-11-22 13:16:31,79,80,18517,27588
2023-11-22 13:16:31,78,80,18517,27588
2023-11-22 13:16:42,77,80,18517,27588
2023-11-22 13:16:43,77,79,18517,27588
2023-11-22 13:16:47,77,80,18517,27588
2023-11-22 13:16:57,77,79,18517,27588
2023-11-22 13:17:07,76,79,18517,27588
2023-11-22 13:17:09,76,78,18517,27588
2023-11-22 13:17:10,75,78,18517,27588
2023-11-22 13:17:10,75,77,18517,27588
2023-11-22 13:17:36,75,78,18517,27588
2023-11-22 13:17:38,75,77,18517,27588
2023-11-22 13:18:14,75,78,18517,27588
2023-11-22 13:18:18,75,77,18517,27588
2023-11-22 13:18:19,75,78,18517,27588
2023-11-22 13:18:21,75,77,18517,27588
2023-11-22 13:18:22,75,78,18517,27588
2023-11-22 13:18:23,75,77,18517,27588
2023-11-22 13:18:28,76,77,18517,27588
2023-11-22 13:18:57,77,78,18517,27788
2023-11-22 13:18:57,77,78,18717,27988
2023-11-22 13:19:19,76,77,18717,28088
2023-11-22 13:19:20,76,78,18717,28088
2023-11-22 13:19:24,76,77,18717,28088
2023-11-22 13:19:28,76,78,18717,28088
2023-11-22 13:19:31,76,77,18717,28088
2023-11-22 13:19:32,76,78,18717,28088
2023-11-22 13:19:37,76,79,18717,28088
2023-11-22 13:19:42,76,78,18717,28088
2023-11-22 13:20:02,76,79,18717,28088
2023-11-22 13:20:05,77,79,18717,28088
2023-11-22 13:20:11,77,78,18717,28088
2023-11-22 13:20:18,77,79,18717,28088
2023-11-22 13:21:10,78,79,18717,28088
2023-11-22 13:21:19,78,79,18717,28288
2023-11-22 13:21:19,78,79,18657,28348
2023-11-22 13:21:20,78,79,18657,28548
2023-11-22 13:21:24,79,81,18657,28588
2023-11-22 13:23:14,80,81,18657,28588
2023-11-22 13:23:15,80,82,18657,28588
2023-11-22 13:23:32,81,82,18657,28588
2023-11-22 13:24:19,80,82,18657,28588
2023-11-22 13:24:51,80,82,19157,29088
2023-11-22 13:24:51,80,81,19157,29088
2023-11-22 13:26:05,79,81,19157,29088
2023-11-22 13:26:29,79,82,19157,29088
2023-11-22 13:26:29,79,80,19157,29088
2023-11-22 13:26:31,79,80,19097,29148
2023-11-22 13:27:21,79,80,19407,29498
2023-11-22 13:27:22,79,81,19597,29688
2023-11-22 13:28:03,79,82,19597,29688
2023-11-22 13:28:43,81,82,19597,29688
2023-11-22 13:29:56,81,83,19597,29688
2023-11-22 13:30:00,81,82,19597,29688
2023-11-22 13:30:42,81,82,19947,30038
2023-11-22 13:30:44,81,84,20097,30188
2023-11-22 13:31:14,83,84,20097,30188
2023-11-22 13:31:51,81,84,20097,30188
2023-11-22 13:32:02,81,83,20097,30188
2023-11-22 13:33:01,81,82,20097,30188
2023-11-22 13:33:01,79,82,20097,30188
2023-11-22 13:33:06,80,82,20097,30188
2023-11-22 13:33:47,80,81,20097,30188
2023-11-22 13:33:47,79,81,20097,30188
2023-11-22 13:34:00,79,82,20097,30188
2023-11-22 13:34:01,80,82,20097,30188
2023-11-22 13:34:11,80,83,20097,30188
2023-11-22 13:34:16,81,83,20097,30188
2023-11-22 13:34:47,81,84,20097,30188
2023-11-22 13:35:31,81,83,20097,30188
2023-11-22 13:35:54,81,84,20097,30188
2023-11-22 13:36:04,81,83,20097,30188
2023-11-22 13:36:11,81,84,20097,30188
2023-11-22 13:36:36,81,83,20097,30188
2023-11-22 13:37:24,81,84,20097,30188
2023-11-22 13:38:48,81,83,20097,30188
2023-11-22 13:39:03,80,83,20097,30188
2023-11-22 13:39:29,81,83,20097,30188
2023-11-22 13:39:32,80,83,20097,30188
2023-11-22 13:39:37,81,83,20097,30188
2023-11-22 13:39:52,80,83,20097,30188
2023-11-22 13:39:55,81,83,20097,30188
2023-11-22 13:40:14,80,83,20097,30188
2023-11-22 13:40:21,80,82,20097,30188
2023-11-22 13:41:02,80,81,20097,30188
2023-11-22 13:41:03,80,82,20097,30188
2023-11-22 13:41:37,80,83,20097,30188
2023-11-22 13:41:54,81,83,20097,30188
2023-11-22 13:41:57,81,84,20097,30188
2023-11-22 13:42:09,81,83,20097,30188
2023-11-22 13:42:12,81,84,20097,30188
2023-11-22 13:42:13,81,83,20097,30188
2023-11-22 13:42:14,81,84,20097,30188
2023-11-22 13:42:16,81,83,20097,30188
2023-11-22 13:42:17,81,84,20097,30188
2023-11-22 13:42:22,81,83,20097,30188
2023-11-22 13:42:34,81,84,20097,30188
2023-11-22 13:42:47,81,83,20097,30188
2023-11-22 13:43:24,80,83,20097,30188
2023-11-22 13:43:29,80,83,20097,30188
2023-11-22 13:43:44,80,82,20097,30188
2023-11-22 13:43:47,79,82,20097,30188
2023-11-22 13:43:47,79,81,20097,30188
2023-11-22 13:44:07,79,82,20097,30188
2023-11-22 13:44:28,79,81,20097,30188
2023-11-22 13:44:33,79,82,20097,30188
2023-11-22 13:45:11,80,82,20097,30188
2023-11-22 13:45:12,79,82,20097,30188
2023-11-22 13:45:16,80,82,20097,30188
2023-11-22 13:45:20,79,82,20097,30188
2023-11-22 13:45:46,80,82,20097,30188
2023-11-22 13:45:48,80,83,20097,30188
2023-11-22 13:46:26,81,83,20097,30188
2023-11-22 13:46:37,81,84,20097,30188
2023-11-22 13:47:02,82,84,20097,30188
2023-11-22 13:47:25,81,84,20097,30188
2023-11-22 13:47:36,82,84,20097,30188
2023-11-22 13:48:02,81,84,20097,30188
2023-11-22 13:48:24,82,84,20097,30188
2023-11-22 13:48:35,81,84,20097,30188
2023-11-22 13:48:50,81,83,20097,30188
2023-11-22 13:48:57,81,84,20097,30188
2023-11-22 13:50:26,81,83,20097,30188
2023-11-22 13:50:33,81,84,20097,30188
2023-11-22 13:50:35,81,83,20097,30188
2023-11-22 13:50:39,81,84,20097,30188
2023-11-22 13:50:39,81,83,20097,30188
2023-11-22 13:51:28,82,83,20097,30188
2023-11-22 13:51:46,82,84,20597,30688
2023-11-22 13:52:28,83,84,20597,30688
2023-11-22 13:52:51,83,86,20597,30688
2023-11-22 13:52:55,84,86,20597,30688
2023-11-22 13:53:51,84,85,20597,30688
2023-11-22 13:53:54,83,85,20797,30888
2023-11-22 13:54:37,83,86,20797,30888
2023-11-22 13:54:45,83,85,20797,30888
2023-11-22 13:54:54,82,85,20797,30888
2023-11-22 13:54:58,82,84,20797,30888
2023-11-22 13:55:15,82,83,20797,30888
2023-11-22 13:55:26,83,85,20797,30988
2023-11-22 13:55:42,83,86,20797,30988
2023-11-22 13:56:28,84,86,20797,30988
2023-11-22 13:59:52,84,85,20797,30988
2023-11-22 13:59:52,81,85,20797,31188
2023-11-22 13:59:53,81,84,20797,31188
2023-11-22 13:59:53,81,83,20797,31188
2023-11-22 14:00:00,82,83,20797,31188
2023-11-22 14:00:12,82,85,20797,31188
2023-11-22 14:00:12,82,84,20797,31188
2023-11-22 14:00:17,82,84,20717,31268
2023-11-22 14:00:21,83,84,20717,31268
2023-11-22 14:00:46,84,86,20717,31388
2023-11-22 14:01:15,84,87,20717,31388
2023-11-22 14:01:15,85,87,20717,31388
2023-11-22 14:04:13,84,87,20717,31388
2023-11-22 14:04:30,84,86,20717,31388
2023-11-22 14:05:32,84,87,20717,31388
2023-11-22 14:05:34,85,87,20717,31388
2023-11-22 14:06:09,85,86,20717,31388
2023-11-22 14:06:57,86,87,20718,31389
2023-11-22 14:06:58,86,87,20719,31390
2023-11-22 14:07:04,86,88,20719,31390
2023-11-22 14:07:51,87,88,20719,31390
2023-11-22 14:08:48,87,88,20519,31590
2023-11-22 14:09:03,87,88,20519,31790
2023-11-22 14:09:05,87,88,20519,31808
2023-11-22 14:10:23,87,88,20719,32008
2023-11-22 14:12:12,86,88,20719,32008
2023-11-22 14:12:39,86,87,20719,32008
2023-11-22 14:12:41,85,87,20719,32008
2023-11-22 14:13:18,85,88,20719,32008
2023-11-22 14:13:32,85,87,20719,32008
2023-11-22 14:13:33,86,87,20719,32008
2023-11-22 14:13:34,85,87,20719,32008
2023-11-22 14:13:34,86,87,20719,32008
2023-11-22 14:13:41,85,87,20719,32008
2023-11-22 14:13:42,86,87,20719,32008
2023-11-22 14:13:47,85,87,20719,32008
2023-11-22 14:13:47,86,87,20719,32008
2023-11-22 14:13:56,85,86,20609,32118
2023-11-22 14:13:57,85,87,20609,32118
2023-11-22 14:14:13,84,87,20609,32118
2023-11-22 14:14:13,84,86,20609,32118
2023-11-22 14:14:17,84,85,20609,32118
2023-11-22 14:14:17,83,85,20609,32118
2023-11-22 14:14:28,84,85,20609,32118
2023-11-22 14:14:29,84,86,20609,32118
2023-11-22 14:14:30,83,86,20609,32118
2023-11-22 14:14:30,84,86,20609,32118
2023-11-22 14:14:33,83,86,20609,32118
2023-11-22 14:14:33,84,86,20609,32118
2023-11-22 14:14:43,84,87,20609,32118
2023-11-22 14:14:53,84,86,20609,32118
2023-11-22 14:14:56,83,86,20609,32118
2023-11-22 14:15:02,83,85,20609,32118
2023-11-22 14:15:17,83,84,20609,32118
2023-11-22 14:15:25,83,85,20609,32118
2023-11-22 14:15:43,82,85,20609,32118
2023-11-22 14:15:44,83,85,20609,32118
2023-11-22 14:15:48,83,86,20609,32118
2023-11-22 14:15:51,84,86,20609,32118
2023-11-22 14:15:53,83,86,20609,32118
2023-11-22 14:15:54,84,86,20609,32118
2023-11-22 14:15:57,84,87,20609,32118
2023-11-22 14:16:13,86,87,20609,32118
2023-11-22 14:16:13,86,88,20609,32118
2023-11-22 14:17:25,86,87,20609,32118
2023-11-22 14:17:26,86,88,20609,32118
2023-11-22 14:18:56,86,88,20809,32318
2023-11-22 14:18:56,87,88,20809,32318
2023-11-22 14:19:00,86,88,20809,32318
2023-11-22 14:19:06,87,88,20809,32318
2023-11-22 14:19:08,87,88,21009,32518
2023-11-22 14:19:16,87,89,21191,32700
2023-11-22 14:19:22,83,89,21191,32700
2023-11-22 14:19:22,86,89,21191,32700
2023-11-22 14:19:22,87,89,21191,32700
2023-11-22 14:19:22,83,89,21191,32700
2023-11-22 14:19:22,87,89,21191,32700
2023-11-22 14:19:22,86,89,21191,32700
2023-11-22 14:19:22,83,89,21191,32700
2023-11-22 14:19:22,87,89,21191,32700
2023-11-22 14:19:25,86,89,21191,32700
2023-11-22 14:19:25,83,89,21191,32700
2023-11-22 14:19:26,84,89,21191,32700
2023-11-22 14:19:26,85,89,21191,32700
2023-11-22 14:19:26,86,89,21191,32700
2023-11-22 14:19:26,87,89,21191,32700
2023-11-22 14:19:34,83,89,21191,32700
2023-11-22 14:19:34,86,89,21191,32700
2023-11-22 14:19:34,87,89,21191,32700
2023-11-22 14:19:34,86,89,21191,32700
2023-11-22 14:19:34,84,89,21191,32700
2023-11-22 14:19:34,86,89,21191,32700
2023-11-22 14:19:34,84,89,21191,32700
2023-11-22 14:19:34,86,89,21191,32700
2023-11-22 14:19:34,83,89,21191,32700
2023-11-22 14:19:35,86,89,21191,32700
2023-11-22 14:19:35,87,89,21191,32700
2023-11-22 14:19:36,86,89,21191,32700
2023-11-22 14:19:54,83,89,21191,32700
2023-11-22 14:19:55,84,89,21191,32700
2023-11-22 14:19:55,85,89,21191,32700
2023-11-22 14:19:55,86,89,21191,32700
2023-11-22 14:20:17,86,90,21191,32700
2023-11-22 14:20:26,83,90,21191,32700
2023-11-22 14:20:26,86,90,21191,32700
2023-11-22 14:20:26,84,90,21191,32700
2023-11-22 14:20:26,86,90,21191,32700
2023-11-22 14:20:32,86,89,21191,32700
2023-11-22 14:20:32,83,89,21191,32700
2023-11-22 14:20:32,85,89,21191,32700
2023-11-22 14:20:41,82,89,21191,32700
2023-11-22 14:20:41,85,89,21191,32700
2023-11-22 14:20:41,82,89,21191,32700
2023-11-22 14:20:41,85,89,21191,32700
2023-11-22 14:20:41,82,89,21191,32700
2023-11-22 14:20:41,85,89,21191,32700
2023-11-22 14:20:46,86,89,21191,32700
2023-11-22 14:21:10,85,89,21191,32700
2023-11-22 14:21:10,82,89,21191,32700
2023-11-22 14:21:11,83,89,21191,32700
2023-11-22 14:21:11,84,89,21191,32700
2023-11-22 14:21:11,85,89,21191,32700
2023-11-22 14:21:11,86,89,21191,32700
2023-11-22 14:21:32,86,88,21191,32700
2023-11-22 14:21:42,86,89,21191,32700
2023-11-22 14:22:47,86,88,21191,32700
2023-11-22 14:22:49,86,89,21191,32700
2023-11-22 14:22:52,86,88,21191,32700
2023-11-22 14:22:58,85,88,21191,32700
2023-11-22 14:23:30,86,88,21191,32700
2023-11-22 14:23:34,86,89,21191,32700
2023-11-22 14:23:43,85,89,21191,32700
2023-11-22 14:23:43,85,88,21191,32700
2023-11-22 14:24:44,84,88,21191,32700
2023-11-22 14:24:45,84,87,21191,32700
2023-11-22 14:24:48,85,87,21191,32700
2023-11-22 14:24:51,84,87,21191,32700
2023-11-22 14:25:07,85,87,21191,32700
2023-11-22 14:25:08,85,88,21191,32700
2023-11-22 14:25:35,86,88,21191,32700
2023-11-22 14:25:35,86,89,21191,32700
2023-11-22 14:25:42,87,89,21191,32700
2023-11-22 14:26:07,87,90,21191,32700
2023-11-22 14:26:19,87,89,21191,32700
2023-11-22 14:26:20,87,90,21191,32700
2023-11-22 14:26:22,87,89,21191,32700
2023-11-22 14:26:31,87,90,21191,32700
2023-11-22 14:26:41,87,89,21191,32700
2023-11-22 14:26:43,87,90,21191,32700
2023-11-22 14:29:02,88,90,21191,32700
2023-11-22 14:29:37,88,91,21191,32700
2023-11-22 14:30:21,88,90,21191,32700
2023-11-22 14:30:27,88,91,21191,32700
2023-11-22 14:30:48,88,90,21191,32700
2023-11-22 14:30:48,88,89,21191,32700
2023-11-22 14:30:49,88,90,21191,32700
2023-11-22 14:30:50,88,89,21191,32700
2023-11-22 14:30:56,88,89,20991,32900
2023-11-22 14:32:09,88,89,20791,33100
2023-11-22 14:32:14,88,89,20591,33300
2023-11-22 14:32:23,88,90,20591,33300
2023-11-22 14:32:25,88,89,20591,33300
2023-11-22 14:32:31,88,89,20241,33650
2023-11-22 14:32:33,86,89,20191,33700
2023-11-22 14:32:41,86,90,20191,33700
2023-11-22 14:32:51,87,90,20191,33700
2023-11-22 14:33:03,86,90,20191,33700
2023-11-22 14:33:04,86,89,20191,33700
2023-11-22 14:33:04,86,88,20191,33700
2023-11-22 14:33:09,85,88,20191,33700
2023-11-22 14:33:09,85,87,20191,33700
2023-11-22 14:33:15,84,87,20191,33700
2023-11-22 14:33:15,84,86,20191,33700
2023-11-22 14:33:15,83,86,20191,33700
2023-11-22 14:33:16,83,84,20191,33700
2023-11-22 14:33:18,81,84,20191,33700
2023-11-22 14:33:20,82,84,20191,33700
2023-11-22 14:33:21,81,84,20191,33700
2023-11-22 14:33:22,81,83,20191,33700
2023-11-22 14:33:24,80,82,20191,33700
2023-11-22 14:33:26,79,82,20191,33700
2023-11-22 14:33:30,79,81,20191,33700
2023-11-22 14:33:31,78,81,20191,33700
2023-11-22 14:33:32,78,79,20191,33700
2023-11-22 14:33:37,78,81,20191,33700
2023-11-22 14:33:39,78,79,20191,33700
2023-11-22 14:33:40,77,79,20191,33700
2023-11-22 14:33:41,78,79,20191,33700
2023-11-22 14:33:43,77,79,20191,33700
2023-11-22 14:33:43,78,79,20191,33700
2023-11-22 14:33:49,78,81,19991,33900
2023-11-22 14:33:49,79,81,19991,33900
2023-11-22 14:33:49,80,81,19991,33900
2023-11-22 14:33:51,79,81,19991,33900
2023-11-22 14:33:53,79,80,19991,33900
2023-11-22 14:33:53,78,80,19991,33900
2023-11-22 14:33:57,78,80,19791,34100
2023-11-22 14:33:58,79,80,19791,34100
2023-11-22 14:34:03,79,80,19791,34160
2023-11-22 14:34:15,80,81,19591,34360
2023-11-22 14:34:15,80,81,19591,34420
2023-11-22 14:34:20,79,81,19351,34660
2023-11-22 14:34:28,79,80,19351,34660
2023-11-22 14:34:29,79,81,19351,34660
2023-11-22 14:34:32,79,80,19351,34660
2023-11-22 14:34:33,79,80,19001,35010
2023-11-22 14:34:38,79,80,19001,35070
2023-11-22 14:34:40,78,80,18971,35100
2023-11-22 14:34:41,78,79,18971,35100
2023-11-22 14:34:45,78,80,18971,35100
2023-11-22 14:34:58,78,79,18971,35100
2023-11-22 14:35:02,78,80,18971,35100
2023-11-22 14:35:04,78,79,18971,35100
2023-11-22 14:35:14,78,80,18971,35100
2023-11-22 14:35:15,78,81,18971,35100
2023-11-22 14:35:23,78,80,18971,35100
2023-11-22 14:35:27,78,79,18971,35100
2023-11-22 14:35:35,78,80,18971,35100
2023-11-22 14:35:42,78,81,18971,35100
2023-11-22 14:35:42,77,81,18971,35100
2023-11-22 14:35:46,78,81,18971,35100
2023-11-22 14:35:59,79,81,18971,35100
2023-11-22 14:36:01,78,81,18971,35100
2023-11-22 14:36:01,79,81,18971,35100
2023-11-22 14:36:05,78,81,18971,35100
2023-11-22 14:36:07,78,80,18971,35100
2023-11-22 14:36:07,77,80,18971,35100
2023-11-22 14:36:08,77,81,18971,35100
2023-11-22 14:36:10,78,81,18971,35100
2023-11-22 14:36:13,80,81,18971,35100
2023-11-22 14:36:19,80,81,18771,35300
2023-11-22 14:36:20,80,81,18771,35360
2023-11-22 14:36:20,80,81,18421,35710
2023-11-22 14:36:21,77,80,18231,35900
2023-11-22 14:36:21,76,80,18231,35900
2023-11-22 14:36:22,75,80,18231,35900
2023-11-22 14:36:25,75,79,18231,35900
2023-11-22 14:36:26,73,79,18231,35900
2023-11-22 14:36:26,73,78,18231,35900
2023-11-22 14:36:43,72,78,18231,35900
2023-11-22 14:36:43,72,75,18231,35900
2023-11-22 14:36:43,70,75,18231,35900
2023-11-22 14:36:48,69,75,18231,35900
2023-11-22 14:36:49,70,75,18231,35900
2023-11-22 14:36:57,71,75,18231,35900
2023-11-22 14:36:58,72,75,18231,35900
2023-11-22 14:37:07,71,75,18231,35900
2023-11-22 14:37:14,72,75,18231,35900
2023-11-22 14:37:19,71,75,18231,35900
2023-11-22 14:37:20,70,75,18231,35900
2023-11-22 14:37:30,71,75,18231,35900
2023-11-22 14:37:30,71,74,18231,35900
2023-11-22 14:37:31,70,74,18231,35900
2023-11-22 14:37:31,71,74,18231,35900
2023-11-22 14:37:32,71,73,18231,35900
2023-11-22 14:37:32,71,72,18231,35900
2023-11-22 14:37:32,70,72,18231,35900
2023-11-22 14:37:34,67,72,18231,35900
2023-11-22 14:37:35,67,70,18231,35900
2023-11-22 14:37:35,65,70,18231,35900
2023-11-22 14:37:36,65,69,18231,35900
2023-11-22 14:37:37,63,69,18231,35900
2023-11-22 14:37:39,64,69,18231,35900
2023-11-22 14:37:39,64,70,18231,35900
2023-11-22 14:37:40,63,70,18231,35900
2023-11-22 14:37:40,63,69,18231,35900
2023-11-22 14:37:43,62,69,18231,35900
2023-11-22 14:37:46,61,67,18231,35900
2023-11-22 14:37:46,59,63,18231,35900
2023-11-22 14:37:47,59,61,18231,35900
2023-11-22 14:37:49,59,60,18231,35900
2023-11-22 14:37:51,55,60,18031,36100
2023-11-22 14:37:51,53,60,18031,36100
2023-11-22 14:37:51,53,59,18031,36100
2023-11-22 14:37:52,55,59,18031,36100
2023-11-22 14:37:53,53,59,18031,36100
2023-11-22 14:37:55,52,59,18031,36100
2023-11-22 14:37:55,52,58,18031,36100
2023-11-22 14:37:56,52,54,18031,36100
2023-11-22 14:37:56,49,54,18031,36100
2023-11-22 14:37:57,47,54,18031,36100
2023-11-22 14:37:59,48,54,18031,36100
2023-11-22 14:38:02,47,54,18031,36100
2023-11-22 14:38:02,47,52,18031,36100
2023-11-22 14:38:03,45,52,18031,36100
2023-11-22 14:38:05,44,52,18031,36100
2023-11-22 14:38:05,44,48,18031,36100
2023-11-22 14:38:05,42,48,18031,36100
2023-11-22 14:38:06,42,47,18031,36100
2023-11-22 14:38:08,40,47,18031,36100
2023-11-22 14:38:09,41,47,18031,36100
2023-11-22 14:38:10,43,47,18031,36100
2023-11-22 14:38:10,43,48,18031,36100
2023-11-22 14:38:11,41,48,18031,36100
2023-11-22 14:38:13,43,48,18031,36100
2023-11-22 14:38:14,41,48,18031,36100
2023-11-22 14:38:15,43,48,18031,36100
2023-11-22 14:38:22,41,48,18031,36100
2023-11-22 14:38:22,42,48,18031,36100
2023-11-22 14:38:23,43,48,18031,36100
2023-11-22 14:38:24,44,48,18031,36100
2023-11-22 14:38:24,45,48,18031,36100
2023-11-22 14:38:25,45,50,18031,36100
2023-11-22 14:38:25,45,49,18031,36100
2023-11-22 14:38:27,46,49,18031,36100
2023-11-22 14:38:28,41,49,18031,36100
2023-11-22 14:38:28,42,49,18031,36100
2023-11-22 14:38:29,43,49,18031,36100
2023-11-22 14:38:29,44,49,18031,36100
2023-11-22 14:38:30,45,49,18031,36100
2023-11-22 14:38:37,45,50,18031,36100
2023-11-22 14:38:38,46,50,18031,36100
2023-11-22 14:38:39,45,50,18031,36100
2023-11-22 14:38:40,45,49,18031,36100
2023-11-22 14:38:40,41,47,18031,36100
2023-11-22 14:38:40,41,46,18031,36100
2023-11-22 14:38:45,43,46,18031,36100
2023-11-22 14:38:46,44,46,18031,36100
2023-11-22 14:38:47,44,47,18031,36100
2023-11-22 14:38:48,44,49,18031,36100
2023-11-22 14:38:51,44,47,18031,36100
2023-11-22 14:39:00,44,46,18031,36100
2023-11-22 14:39:02,40,44,18031,36105
2023-11-22 14:39:02,39,44,18031,36105
2023-11-22 14:39:02,38,44,18031,36105
2023-11-22 14:39:03,38,42,18031,36105
2023-11-22 14:39:03,37,40,18031,36105
2023-11-22 14:39:03,36,40,18031,36105
2023-11-22 14:39:04,34,40,18031,36105
2023-11-22 14:39:05,34,39,18031,36105
2023-11-22 14:39:09,33,39,18031,36105
2023-11-22 14:39:09,33,38,18031,36105
2023-11-22 14:39:10,33,39,18031,36105
2023-11-22 14:39:13,33,40,18031,36105
2023-11-22 14:39:13,34,40,18031,36105
2023-11-22 14:39:16,33,40,18031,36105
2023-11-22 14:39:16,33,39,18031,36105
2023-11-22 14:39:17,33,40,18031,36105
2023-11-22 14:39:17,36,40,18031,36105
2023-11-22 14:39:18,37,40,18031,36105
2023-11-22 14:39:19,37,41,18031,36105
2023-11-22 14:39:19,38,41,18031,36105
2023-11-22 14:39:20,38,40,18031,36105
2023-11-22 14:39:21,38,39,18031,36105
2023-11-22 14:39:21,36,39,18031,36233
2023-11-22 14:39:21,37,39,18031,36233
2023-11-22 14:39:23,34,39,18031,36233
2023-11-22 14:39:23,35,39,18031,36233
2023-11-22 14:39:27,35,38,18031,36233
2023-11-22 14:39:28,35,39,18031,36233
2023-11-22 14:39:31,35,40,18031,36233
2023-11-22 14:39:31,36,40,18031,36233
2023-11-22 14:39:43,37,40,18031,36233
2023-11-22 14:39:43,38,40,18031,36233
2023-11-22 14:39:43,39,40,18031,36233
2023-11-22 14:39:44,39,41,18031,36233
2023-11-22 14:39:44,38,41,18031,36233
2023-11-22 14:39:44,36,41,18031,36233
2023-11-22 14:39:44,37,41,18031,36233
2023-11-22 14:39:47,40,41,18031,36233
2023-11-22 14:39:49,40,42,18031,36233
2023-11-22 14:39:50,40,41,18031,36233
2023-11-22 14:39:50,40,41,18429,36631
2023-11-22 14:39:56,40,41,18429,36831
2023-11-22 14:39:56,38,40,19026,37428
2023-11-22 14:39:56,34,40,19026,37428
2023-11-22 14:39:56,35,40,19026,37428
2023-11-22 14:39:58,36,40,19026,37428
2023-11-22 14:39:59,37,40,19026,37428
2023-11-22 14:40:05,36,40,19026,37428
2023-11-22 14:40:06,37,40,19026,37428
2023-11-22 14:40:06,38,40,19026,37428
2023-11-22 14:40:08,37,40,19026,37428
2023-11-22 14:40:10,37,39,19026,37428
2023-11-22 14:40:10,33,39,19026,37428
2023-11-22 14:40:12,33,36,19026,37428
2023-11-22 14:40:19,33,37,19026,37428
2023-11-22 14:40:19,33,38,19026,37428
2023-11-22 14:40:20,34,38,19026,37428
2023-11-22 14:40:20,34,39,19026,37428
2023-11-22 14:40:26,34,40,19026,37428
2023-11-22 14:40:26,36,40,19026,37428
2023-11-22 14:40:28,35,40,19026,37428
2023-11-22 14:40:29,36,40,19026,37428
2023-11-22 14:40:34,35,40,19026,37428
2023-11-22 14:40:35,36,40,19026,37428
2023-11-22 14:40:35,37,40,19026,37428
2023-11-22 14:40:37,36,40,19026,37428
2023-11-22 14:40:37,37,40,19026,37428
2023-11-22 14:40:38,38,40,19026,37428
2023-11-22 14:40:39,39,40,19026,37428
2023-11-22 14:40:40,39,43,19086,37488
2023-11-22 14:40:44,39,44,19086,37488
2023-11-22 14:40:44,41,44,19086,37488
2023-11-22 14:40:44,41,45,19086,37488
2023-11-22 14:40:46,41,46,19086,37488
2023-11-22 14:40:48,42,46,19086,37488
2023-11-22 14:40:54,43,46,19086,37488
2023-11-22 14:40:54,43,47,19086,37488
2023-11-22 14:40:55,43,48,19086,37488
2023-11-22 14:41:06,45,48,19086,37488
2023-11-22 14:41:06,45,49,19086,37488
2023-11-22 14:41:11,45,48,19086,37488
2023-11-22 14:41:11,43,48,19086,37488
2023-11-22 14:41:11,44,48,19086,37488
2023-11-22 14:41:12,43,48,18749,37825
2023-11-22 14:41:12,42,48,18749,37825
2023-11-22 14:41:13,42,47,18749,37825
2023-11-22 14:41:13,42,46,18749,37825
2023-11-22 14:41:17,41,46,18749,37825
2023-11-22 14:41:19,41,45,18749,37825
2023-11-22 14:41:24,41,46,18749,37825
2023-11-22 14:41:26,41,45,18749,37825
2023-11-22 14:41:27,39,45,18749,37825
2023-11-22 14:41:30,39,44,18749,37825
2023-11-22 14:41:30,39,43,18749,37872
2023-11-22 14:41:31,38,43,18749,37872
2023-11-22 14:41:32,40,43,18749,37872
2023-11-22 14:41:34,40,44,18749,37872
2023-11-22 14:41:35,40,45,18749,37872
2023-11-22 14:41:35,41,45,18749,37872
2023-11-22 14:41:39,41,46,18749,37872
2023-11-22 14:41:40,42,46,18749,37872
2023-11-22 14:41:43,42,47,18749,37872
2023-11-22 14:41:46,42,46,18749,37872
2023-11-22 14:41:47,42,47,18749,37872
2023-11-22 14:41:54,44,47,18749,37872
2023-11-22 14:42:00,44,48,18749,37872
2023-11-22 14:42:02,45,48,18749,37872
2023-11-22 14:42:04,45,49,18749,37872
2023-11-22 14:42:10,47,49,18749,37872
2023-11-22 14:42:12,45,49,18749,38072
2023-11-22 14:42:14,45,50,18749,38072
2023-11-22 14:42:20,45,49,18749,38072
2023-11-22 14:42:21,45,50,18749,38072
2023-11-22 14:42:21,46,50,18749,38072
2023-11-22 14:42:22,46,49,18749,38072
2023-11-22 14:42:22,45,49,18749,38072
2023-11-22 14:42:23,47,49,18749,38072
2023-11-22 14:42:23,47,50,18749,38072
2023-11-22 14:42:27,48,50,18749,38072
2023-11-22 14:42:27,48,51,18749,38072
2023-11-22 14:42:30,49,51,18749,38072
2023-11-22 14:42:30,49,52,18749,38072
2023-11-22 14:42:34,49,53,18749,38072
2023-11-22 14:42:36,51,53,18749,38072
2023-11-22 14:42:37,49,53,18749,38272
2023-11-22 14:42:38,48,53,18749,38272
2023-11-22 14:42:41,48,54,18749,38272
2023-11-22 14:42:43,49,54,18749,38272
2023-11-22 14:42:45,50,54,18749,38272
2023-11-22 14:42:48,49,54,18749,38272
2023-11-22 14:42:48,52,55,18749,38272
2023-11-22 14:42:49,52,56,18749,38272
2023-11-22 14:42:52,51,56,18749,38272
2023-11-22 14:42:52,50,54,18749,38272
2023-11-22 14:42:52,49,54,18749,38272
2023-11-22 14:42:53,48,54,18749,38272
2023-11-22 14:42:53,48,53,18749,38272
2023-11-22 14:42:57,48,54,18749,38272
2023-11-22 14:42:58,50,54,18749,38272
2023-11-22 14:42:58,50,55,18749,38272
2023-11-22 14:42:59,51,55,18749,38272
2023-11-22 14:43:01,50,55,18749,38272
2023-11-22 14:43:07,51,55,18749,38272
2023-11-22 14:43:17,51,54,18749,38272
2023-11-22 14:43:24,51,55,18749,38272
2023-11-22 14:43:26,51,56,18749,38272
2023-11-22 14:43:29,52,56,18749,38272
2023-11-22 14:43:29,52,57,18749,38272
2023-11-22 14:43:34,53,57,18749,38272
2023-11-22 14:43:35,52,57,18749,38272
2023-11-22 14:43:38,51,57,18749,38272
2023-11-22 14:43:39,52,57,18749,38272
2023-11-22 14:43:49,53,57,18749,38272
2023-11-22 14:43:51,53,59,18749,38272
2023-11-22 14:43:57,53,58,18749,38272
2023-11-22 14:43:58,53,59,18749,38272
2023-11-22 14:44:02,53,58,18749,38272
2023-11-22 14:44:02,52,58,18749,38272
2023-11-22 14:44:06,54,58,18749,38272
2023-11-22 14:44:06,54,59,18749,38272
2023-11-22 14:44:13,53,59,18749,38272
2023-11-22 14:44:13,53,58,18749,38272
2023-11-22 14:44:13,52,58,18749,38272
2023-11-22 14:44:13,53,58,18749,38272
2023-11-22 14:44:15,52,58,18749,38272
2023-11-22 14:44:16,53,58,18749,38272
2023-11-22 14:44:17,53,59,18749,38272
2023-11-22 14:44:19,53,57,18749,38272
2023-11-22 14:44:19,53,56,18749,38272
2023-11-22 14:44:19,51,56,18749,38272
2023-11-22 14:44:19,52,56,18749,38272
2023-11-22 14:44:20,52,55,18749,38272
2023-11-22 14:44:20,51,55,18749,38272
2023-11-22 14:44:22,51,56,18749,38272
2023-11-22 14:44:22,52,56,18749,38272
2023-11-22 14:44:29,51,56,18749,38272
2023-11-22 14:44:31,51,55,18749,38272
2023-11-22 14:44:32,51,56,18749,38272
2023-11-22 14:44:33,52,56,18749,38272
2023-11-22 14:44:34,52,55,18749,38272
2023-11-22 14:44:34,51,55,18749,38272
2023-11-22 14:44:35,52,55,18749,38272
2023-11-22 14:44:36,52,56,18749,38272
2023-11-22 14:44:38,52,55,18749,38272
2023-11-22 14:44:44,52,56,18749,38272
2023-11-22 14:44:49,53,56,18749,38272
2023-11-22 14:44:50,53,59,18749,38272
2023-11-22 14:44:50,53,58,18749,38272
2023-11-22 14:44:57,53,59,18749,38272
2023-11-22 14:44:57,54,59,18749,38272
2023-11-22 14:45:01,53,59,18749,38272
2023-11-22 14:45:01,55,59,18749,38272
2023-11-22 14:45:11,55,58,18749,38272
2023-11-22 14:45:22,55,58,18749,38622
2023-11-22 14:45:25,53,58,18749,38622
2023-11-22 14:45:26,54,58,18749,38622
2023-11-22 14:45:29,53,58,18749,38622
2023-11-22 14:45:29,54,58,18749,38622
2023-11-22 14:45:30,54,57,18749,38622
2023-11-22 14:45:30,53,57,18749,38622
2023-11-22 14:45:30,52,57,18749,38622
2023-11-22 14:45:33,52,58,18749,38622
2023-11-22 14:45:35,53,58,18749,38622
2023-11-22 14:45:42,52,58,18749,38622
2023-11-22 14:45:43,53,58,18749,38622
2023-11-22 14:45:47,53,56,18749,38622
2023-11-22 14:45:47,51,56,18749,38622
2023-11-22 14:45:49,51,54,18749,38622
2023-11-22 14:45:58,49,54,18749,38622
2023-11-22 14:46:04,49,53,18749,38622
2023-11-22 14:46:05,50,53,18749,38622
2023-11-22 14:46:06,49,53,18749,38622
2023-11-22 14:46:07,48,53,18749,38622
2023-11-22 14:46:09,47,53,18749,38622
2023-11-22 14:46:13,47,52,18749,38622
2023-11-22 14:46:16,47,50,18749,38622
2023-11-22 14:46:16,45,50,18749,38622
2023-11-22 14:46:18,45,51,18749,38622
2023-11-22 14:46:18,45,52,18749,38622
2023-11-22 14:46:18,46,52,18749,38622
2023-11-22 14:46:18,46,51,18749,38622
2023-11-22 14:46:18,46,52,18749,38622
2023-11-22 14:46:19,46,51,18749,38622
2023-11-22 14:46:22,46,50,18749,38622
2023-11-22 14:46:22,46,49,18749,38622
2023-11-22 14:46:26,45,49,18749,38622
2023-11-22 14:46:28,45,50,18749,38622
2023-11-22 14:46:30,44,50,18749,38622
2023-11-22 14:46:30,45,50,18749,38622
2023-11-22 14:46:30,46,50,18749,38622
2023-11-22 14:46:35,47,50,18749,38622
2023-11-22 14:46:36,47,52,18749,38622
2023-11-22 14:46:38,49,52,18749,38622
2023-11-22 14:46:38,49,53,18749,38622
2023-11-22 14:46:38,49,54,18749,38622
2023-11-22 14:46:39,50,54,18749,38622
2023-11-22 14:46:40,51,54,18749,38622
2023-11-22 14:46:41,51,55,18749,38622
2023-11-22 14:46:41,51,56,18749,38622
2023-11-22 14:46:42,51,55,18749,38622
2023-11-22 14:46:43,51,56,18749,38622
2023-11-22 14:46:47,52,56,18749,38622
2023-11-22 14:46:49,50,56,18749,38622
2023-11-22 14:46:49,51,56,18749,38622
2023-11-22 14:46:51,51,55,18749,38622
2023-11-22 14:46:54,50,55,18749,38622
2023-11-22 14:46:54,51,55,18749,38622
2023-11-22 14:46:55,50,55,18749,38622
2023-11-22 14:47:07,50,54,18749,38622
2023-11-22 14:47:07,49,54,18749,38622
2023-11-22 14:47:09,48,54,18749,38622
2023-11-22 14:47:10,48,54,18749,38622
2023-11-22 14:47:15,49,54,18749,38622
2023-11-22 14:47:16,48,54,18749,38622
2023-11-22 14:47:17,48,53,18749,38622
2023-11-22 14:47:20,48,52,18749,38622
2023-11-22 14:47:22,49,52,18749,38622
2023-11-22 14:47:23,48,52,18749,38622
2023-11-22 14:47:23,49,52,18749,38622
2023-11-22 14:47:24,48,52,18749,38622
2023-11-22 14:47:24,49,52,18749,38622
2023-11-22 14:47:26,48,52,18749,38622
2023-11-22 14:47:27,49,52,18749,38622
2023-11-22 14:47:30,48,52,18749,38622
2023-11-22 14:47:31,49,52,18749,38622
2023-11-22 14:47:35,49,54,18749,38622
2023-11-22 14:47:37,49,55,18749,38622
2023-11-22 14:47:38,48,55,18749,38622
2023-11-22 14:47:38,49,55,18749,38622
2023-11-22 14:47:38,50,55,18749,38622
2023-11-22 14:47:41,51,55,18749,38622
2023-11-22 14:47:41,51,56,18749,38622
2023-11-22 14:47:43,51,55,18749,38622
2023-11-22 14:47:44,51,56,18749,38622
2023-11-22 14:47:45,51,55,18749,38622
2023-11-22 14:47:45,49,55,18749,38622
2023-11-22 14:47:45,50,55,18749,38622
2023-11-22 14:47:53,51,55,18749,38622
2023-11-22 14:47:56,51,56,18749,38622
2023-11-22 14:47:57,52,56,18749,38622
2023-11-22 14:47:58,52,55,18749,38622
2023-11-22 14:47:58,51,55,18749,38622
2023-11-22 14:48:05,50,55,18749,38622
2023-11-22 14:48:05,51,55,18749,38622
2023-11-22 14:48:05,55,56,18749,38822
2023-11-22 14:48:05,55,56,18809,38882
2023-11-22 14:48:05,55,56,19009,39082
2023-11-22 14:48:13,52,56,19049,39122
2023-11-22 14:48:14,52,55,19049,39122
2023-11-22 14:48:28,50,55,19049,39122
2023-11-22 14:48:30,50,54,19049,39122
2023-11-22 14:48:31,50,55,19049,39122
2023-11-22 14:48:32,49,55,19049,39122
2023-11-22 14:48:32,49,54,19049,39122
2023-11-22 14:48:32,48,54,19049,39122
2023-11-22 14:48:40,47,54,19049,39122
2023-11-22 14:48:40,47,53,19049,39122
2023-11-22 14:48:44,47,52,19049,39122
2023-11-22 14:48:45,46,52,19049,39122
2023-11-22 14:48:45,45,51,19049,39122
2023-11-22 14:49:00,46,51,19049,39122
2023-11-22 14:49:01,45,51,19049,39122
2023-11-22 14:49:01,47,51,19049,39122
2023-11-22 14:49:02,47,52,19049,39122
2023-11-22 14:49:04,47,53,19049,39122
2023-11-22 14:49:04,48,53,19049,39122
2023-11-22 14:49:05,48,54,19049,39122
2023-11-22 14:49:08,50,54,19049,39122
2023-11-22 14:49:09,49,54,19049,39122
2023-11-22 14:49:09,48,54,19049,39122
2023-11-22 14:49:11,48,53,19049,39122
2023-11-22 14:49:14,47,53,19049,39122
2023-11-22 14:49:20,47,53,19049,39169
2023-11-22 14:49:21,48,53,19049,39169
2023-11-22 14:49:24,48,54,19049,39169
2023-11-22 14:49:24,49,54,19049,39169
2023-11-22 14:49:31,50,54,19049,39169
2023-11-22 14:49:31,50,55,19049,39169
2023-11-22 14:49:34,50,56,19049,39169
2023-11-22 14:49:34,51,56,19049,39169
2023-11-22 14:49:35,50,56,19049,39169
2023-11-22 14:49:35,50,55,19049,39169
2023-11-22 14:49:36,49,55,19049,39169
2023-11-22 14:49:42,49,54,19049,39169
2023-11-22 14:49:50,49,55,19049,39169
2023-11-22 14:49:50,50,55,19049,39169
2023-11-22 14:49:51,51,55,19049,39169
2023-11-22 14:49:51,51,56,19049,39169
2023-11-22 14:49:52,51,55,19049,39169
2023-11-22 14:49:53,50,55,19049,39169
2023-11-22 14:50:00,50,56,19049,39169
2023-11-22 14:50:02,50,55,19049,39169
2023-11-22 14:50:05,50,56,19049,39169
2023-11-22 14:50:05,51,56,19049,39169
2023-11-22 14:50:13,52,56,19049,39169
2023-11-22 14:50:20,52,57,19049,39169
2023-11-22 14:50:21,53,57,19049,39169
2023-11-22 14:50:21,53,58,19049,39169
2023-11-22 14:50:23,54,58,19049,39169
2023-11-22 14:50:23,54,59,19049,39169
2023-11-22 14:50:24,54,58,19049,39169
2023-11-22 14:50:30,54,59,19049,39169
2023-11-22 14:50:33,55,59,19049,39169
2023-11-22 14:50:38,57,59,19049,39169
2023-11-22 14:50:57,58,59,19049,39169
2023-11-22 14:50:58,57,59,19049,39169
2023-11-22 14:50:59,58,59,19049,39169
2023-11-22 14:51:00,58,59,19096,39216
2023-11-22 14:51:01,59,63,19249,39369
2023-11-22 14:51:01,59,64,19249,39369
2023-11-22 14:51:02,58,64,19249,39369
2023-11-22 14:51:02,58,63,19249,39369
2023-11-22 14:51:05,58,65,19249,39369
2023-11-22 14:51:05,59,65,19249,39369
2023-11-22 14:51:06,60,65,19249,39369
2023-11-22 14:51:07,62,65,19249,39369
2023-11-22 14:51:07,62,66,19249,39369
2023-11-22 14:51:09,62,68,19249,39369
2023-11-22 14:51:09,63,68,19249,39369
2023-11-22 14:51:14,63,69,19249,39369
2023-11-22 14:51:17,65,69,19249,39369
2023-11-22 14:51:20,66,69,19249,39369
2023-11-22 14:51:21,65,69,19249,39369
2023-11-22 14:51:22,66,69,19249,39369
2023-11-22 14:51:23,65,69,19249,39369
2023-11-22 14:51:24,65,71,19249,39369
2023-11-22 14:51:24,66,71,19249,39369
2023-11-22 14:51:25,65,71,19249,39369
2023-11-22 14:51:27,66,71,19249,39369
2023-11-22 14:51:35,66,69,19249,39369
2023-11-22 14:51:49,64,69,19249,39369
2023-11-22 14:51:49,65,69,19249,39369
2023-11-22 14:51:50,65,68,19249,39369
2023-11-22 14:51:51,62,68,19249,39369
2023-11-22 14:51:51,64,68,19249,39369
2023-11-22 14:51:58,63,68,19249,39369
2023-11-22 14:51:58,65,68,19249,39369
2023-11-22 14:52:04,63,68,19249,39369
2023-11-22 14:52:04,64,68,19249,39369
2023-11-22 14:52:16,63,68,19249,39369
2023-11-22 14:52:16,65,68,19249,39369
2023-11-22 14:52:19,65,69,19249,39369
2023-11-22 14:52:20,65,68,19249,39369
2023-11-22 14:52:25,62,68,19249,39369
2023-11-22 14:52:25,64,68,19249,39369
2023-11-22 14:52:29,62,68,19249,39369
2023-11-22 14:52:29,62,66,19249,39369
2023-11-22 14:52:29,63,66,19249,39369
2023-11-22 14:52:37,63,68,19249,39369
2023-11-22 14:52:37,62,68,19249,39369
2023-11-22 14:52:37,64,68,19249,39369
2023-11-22 14:52:38,63,68,19249,39369
2023-11-22 14:52:38,65,68,19249,39369
2023-11-22 14:52:49,62,68,19249,39369
2023-11-22 14:52:49,64,68,19249,39369
2023-11-22 14:52:51,62,68,19249,39369
2023-11-22 14:52:51,63,68,19249,39369
2023-11-22 14:52:51,65,68,19249,39369
2023-11-22 14:52:54,65,69,19249,39369
2023-11-22 14:52:55,63,69,19249,39369
2023-11-22 14:52:55,66,69,19249,39369
2023-11-22 14:52:58,66,68,19249,39369
2023-11-22 14:52:58,63,68,19249,39369
2023-11-22 14:52:58,65,68,19249,39369
2023-11-22 14:53:00,65,69,19249,39369
2023-11-22 14:53:01,65,68,19249,39369
2023-11-22 14:53:10,63,68,19249,39369
2023-11-22 14:53:10,63,69,19249,39369
2023-11-22 14:53:10,66,69,19249,39369
2023-11-22 14:53:11,64,69,19249,39369
2023-11-22 14:53:11,67,69,19249,39369
2023-11-22 14:53:24,67,71,19249,39369
2023-11-22 14:53:24,64,71,19249,39369
2023-11-22 14:53:24,68,71,19249,39369
2023-11-22 14:53:28,68,71,19249,39569
2023-11-22 14:53:37,68,70,19249,39569
2023-11-22 14:53:39,68,71,19249,39569
2023-11-22 14:53:43,68,70,19249,39569
2023-11-22 14:53:43,68,70,19249,39769
2023-11-22 14:53:44,68,71,19249,39769
2023-11-22 14:53:46,68,70,19249,39769
2023-11-22 14:53:47,68,71,19249,39769
2023-11-22 14:53:48,68,70,19249,39769
2023-11-22 14:53:50,64,70,19249,39769
2023-11-22 14:53:50,63,70,19249,39769
2023-11-22 14:53:50,67,70,19249,39769
2023-11-22 14:53:54,63,70,19249,39769
2023-11-22 14:53:54,66,68,19249,39769
2023-11-22 14:53:55,62,68,19249,39769
2023-11-22 14:53:55,65,68,19249,39769
2023-11-22 14:53:59,65,67,19249,39769
2023-11-22 14:54:04,65,68,19249,39769
2023-11-22 14:54:06,65,67,19249,39769
2023-11-22 14:54:10,65,67,19249,39969
2023-11-22 14:54:11,65,68,19249,39969
2023-11-22 14:54:12,62,68,19249,39969
2023-11-22 14:54:12,63,68,19249,39969
2023-11-22 14:54:12,66,68,19249,39969
2023-11-22 14:54:16,63,68,19249,39969
2023-11-22 14:54:16,67,68,19249,39969
2023-11-22 14:54:22,64,68,19249,39969
2023-11-22 14:54:22,68,71,19049,40169
2023-11-22 14:54:22,64,71,19049,40169
2023-11-22 14:54:22,67,71,19049,40169
2023-11-22 14:54:26,66,71,19049,40169
2023-11-22 14:54:26,68,71,19049,40169
2023-11-22 14:54:29,68,72,19049,40169
2023-11-22 14:54:30,68,71,19049,40169
2023-11-22 14:54:30,68,71,19049,40369
2023-11-22 14:54:31,68,72,19049,40369
2023-11-22 14:54:34,67,72,19049,40369
2023-11-22 14:54:34,69,72,19049,40369
2023-11-22 14:54:40,67,72,19049,40492
2023-11-22 14:55:13,68,72,19049,40492
2023-11-22 14:55:14,67,72,19049,40492
2023-11-22 14:55:15,68,72,19049,40492
2023-11-22 14:55:17,67,72,19049,40492
2023-11-22 14:55:18,68,72,19049,40492
2023-11-22 14:55:20,69,72,19049,40492
2023-11-22 14:55:22,69,74,19049,40492
2023-11-22 14:55:29,70,74,19049,40492
