datetime,bid,ask,open_interest,volume
2023-03-07 09:30:20,44,59,901,919
2023-03-07 09:30:20,44,46,901,919
2023-03-07 09:30:28,0,44,901,930
2023-03-07 09:30:57,41,59,901,930
2023-03-07 09:30:57,41,43,901,930
2023-03-07 09:31:03,41,42,901,930
2023-03-07 09:31:34,36,42,912,941
2023-03-07 09:31:36,37,42,912,941
2023-03-07 09:31:36,36,42,912,941
2023-03-07 09:32:11,38,40,912,941
2023-03-07 09:32:11,33,40,912,941
2023-03-07 09:32:12,36,42,912,941
2023-03-07 09:32:12,37,42,912,941
2023-03-07 09:32:12,38,42,912,941
2023-03-07 09:32:12,38,40,912,941
2023-03-07 09:32:49,41,42,912,941
2023-03-07 09:33:26,38,42,922,951
2023-03-07 09:34:04,41,42,922,951
2023-03-07 09:34:05,38,42,932,961
2023-03-07 09:34:42,40,42,932,961
2023-03-07 09:34:42,40,41,932,961
2023-03-07 09:35:18,38,42,932,961
2023-03-07 09:35:20,38,40,932,961
2023-03-07 09:35:43,39,40,932,961
2023-03-07 09:35:57,39,42,942,971
2023-03-07 09:36:35,41,42,942,971
2023-03-07 09:36:55,41,43,942,971
2023-03-07 09:37:24,38,39,982,1042
2023-03-07 09:37:51,38,39,991,1051
2023-03-07 09:38:00,38,41,991,1051
2023-03-07 09:38:00,38,39,991,1051
2023-03-07 09:38:24,38,41,991,1051
2023-03-07 09:38:24,38,40,991,1051
2023-03-07 09:38:28,39,40,991,1051
2023-03-07 09:38:42,39,41,991,1051
2023-03-07 09:38:42,39,40,991,1051
2023-03-07 09:38:56,39,41,991,1051
2023-03-07 09:38:57,39,40,991,1051
2023-03-07 09:39:06,38,40,999,1059
2023-03-07 09:39:27,38,41,999,1059
2023-03-07 09:39:27,38,40,999,1059
2023-03-07 09:39:44,38,41,999,1059
2023-03-07 09:39:44,38,40,999,1059
2023-03-07 09:39:44,38,39,999,1059
2023-03-07 09:40:22,38,39,1007,1067
2023-03-07 09:40:29,38,41,1007,1067
2023-03-07 09:40:29,38,40,1007,1067
2023-03-07 09:40:45,38,41,1007,1067
2023-03-07 09:40:45,38,40,1007,1067
2023-03-07 09:40:58,38,41,1007,1067
2023-03-07 09:40:58,38,39,1007,1067
2023-03-07 09:41:18,37,39,1007,1067
2023-03-07 09:42:16,37,39,1007,1075
2023-03-07 09:42:49,37,40,1007,1075
2023-03-07 09:42:50,37,38,1007,1075
2023-03-07 09:42:53,37,38,1007,1083
2023-03-07 09:43:04,36,38,1007,1083
2023-03-07 09:43:11,36,40,1007,1083
2023-03-07 09:43:11,36,39,1007,1083
2023-03-07 09:43:31,36,39,1007,1091
2023-03-07 09:43:36,36,38,1007,1091
2023-03-07 09:43:52,36,39,1007,1091
2023-03-07 09:43:52,36,38,1007,1091
2023-03-07 09:44:29,37,38,1007,1091
2023-03-07 09:44:45,37,40,1007,1091
2023-03-07 09:44:46,37,39,1007,1091
2023-03-07 09:45:26,37,38,1007,1091
2023-03-07 09:45:45,36,38,1007,1091
2023-03-07 09:45:45,37,38,1007,1091
2023-03-07 09:46:00,37,40,1007,1091
2023-03-07 09:46:04,39,40,1007,1091
2023-03-07 09:46:40,37,40,1007,1091
2023-03-07 09:46:40,38,40,1007,1091
2023-03-07 09:46:42,38,40,1007,1098
2023-03-07 09:46:56,37,40,1007,1098
2023-03-07 09:46:56,38,40,1007,1098
2023-03-07 09:47:21,38,40,1000,1105
2023-03-07 09:47:28,37,40,1000,1105
2023-03-07 09:47:28,38,40,1000,1105
2023-03-07 09:47:38,37,40,1000,1105
2023-03-07 09:47:38,38,40,1000,1105
2023-03-07 09:47:59,38,39,1000,1105
2023-03-07 09:48:28,37,39,1000,1105
2023-03-07 09:48:29,38,39,1000,1105
2023-03-07 09:48:37,38,40,1000,1105
2023-03-07 09:48:41,38,39,1000,1105
2023-03-07 09:49:14,39,40,1128,1233
2023-03-07 09:49:16,39,40,1135,1240
2023-03-07 09:49:45,38,40,1135,1240
2023-03-07 09:49:45,39,40,1135,1240
2023-03-07 09:49:53,39,40,1141,1246
2023-03-07 09:49:59,38,40,1141,1246
2023-03-07 09:50:31,39,40,1141,1246
2023-03-07 09:51:45,38,40,1141,1246
2023-03-07 09:51:45,39,40,1141,1246
2023-03-07 09:52:25,38,40,1147,1252
2023-03-07 09:52:30,39,40,1147,1252
2023-03-07 09:52:53,38,40,1147,1284
2023-03-07 09:53:00,39,40,1147,1284
2023-03-07 09:53:03,39,40,1143,1288
2023-03-07 09:53:14,38,40,1143,1288
2023-03-07 09:54:20,39,40,1143,1288
2023-03-07 09:54:38,39,41,1259,1404
2023-03-07 09:54:57,40,41,1259,1404
2023-03-07 09:55:35,39,41,1259,1404
2023-03-07 09:56:13,39,40,1259,1404
2023-03-07 09:56:27,38,40,1259,1404
2023-03-07 09:56:51,38,39,1259,1404
2023-03-07 09:57:29,38,40,1259,1404
2023-03-07 09:57:30,38,40,1259,1410
2023-03-07 09:57:30,37,38,1259,1514
2023-03-07 09:57:39,37,40,1259,1514
2023-03-07 09:58:08,37,39,1259,1514
2023-03-07 09:58:45,37,40,1259,1514
2023-03-07 09:58:45,37,39,1259,1514
2023-03-07 09:59:02,38,39,1259,1514
2023-03-07 09:59:05,37,39,1259,1514
2023-03-07 09:59:23,38,40,1259,1514
2023-03-07 10:00:01,37,40,1259,1514
2023-03-07 10:00:01,37,39,1259,1514
2023-03-07 10:00:08,37,38,1259,1514
2023-03-07 10:00:09,37,39,1259,1514
2023-03-07 10:00:09,34,37,1259,1520
2023-03-07 10:00:10,34,36,1259,1520
2023-03-07 10:00:10,33,36,1259,1520
2023-03-07 10:00:14,33,37,1259,1520
2023-03-07 10:00:18,33,36,1259,1520
2023-03-07 10:00:19,33,37,1259,1520
2023-03-07 10:00:20,33,36,1259,1520
2023-03-07 10:00:29,33,35,1259,1520
2023-03-07 10:00:29,32,35,1259,1520
2023-03-07 10:00:30,30,35,1259,1520
2023-03-07 10:00:30,30,33,1259,1520
2023-03-07 10:00:38,30,34,1259,1520
2023-03-07 10:00:40,30,33,1259,1526
2023-03-07 10:00:47,30,32,1259,1526
2023-03-07 10:00:47,29,32,1259,1526
2023-03-07 10:00:49,29,34,1259,1526
2023-03-07 10:00:49,29,31,1259,1526
2023-03-07 10:00:49,28,31,1259,1526
2023-03-07 10:00:53,30,31,1259,1526
2023-03-07 10:00:53,27,30,1259,1551
2023-03-07 10:00:58,28,30,1259,1551
2023-03-07 10:01:02,27,30,1259,1551
2023-03-07 10:01:02,27,31,1259,1551
2023-03-07 10:01:03,26,28,1259,1551
2023-03-07 10:01:04,25,28,1259,1551
2023-03-07 10:01:12,24,28,1259,1551
2023-03-07 10:01:12,24,27,1259,1551
2023-03-07 10:01:13,24,26,1259,1551
2023-03-07 10:01:14,23,27,1259,1551
2023-03-07 10:01:15,23,26,1259,1551
2023-03-07 10:01:18,23,26,1259,1557
2023-03-07 10:01:19,22,26,1259,1557
2023-03-07 10:01:19,22,25,1259,1557
2023-03-07 10:01:22,22,24,1259,1557
2023-03-07 10:01:22,21,24,1259,1557
2023-03-07 10:01:22,23,24,1259,1557
2023-03-07 10:01:23,21,24,1259,1557
2023-03-07 10:01:30,21,23,1259,1557
2023-03-07 10:01:30,20,23,1259,1557
2023-03-07 10:01:39,20,23,1084,1732
2023-03-07 10:01:44,20,25,1084,1732
2023-03-07 10:01:48,23,25,1084,1732
2023-03-07 10:01:56,23,25,1078,1738
2023-03-07 10:01:59,23,25,1053,1763
2023-03-07 10:02:16,22,25,1053,1763
2023-03-07 10:02:26,22,24,1053,1763
2023-03-07 10:02:31,22,25,1053,1763
2023-03-07 10:02:34,22,25,1047,1769
2023-03-07 10:02:55,22,24,1047,1769
2023-03-07 10:03:02,20,24,1047,1769
2023-03-07 10:03:03,20,23,1047,1769
2023-03-07 10:03:11,20,23,1047,1775
2023-03-07 10:03:18,21,23,1047,1775
2023-03-07 10:03:26,21,24,1047,1775
2023-03-07 10:03:26,21,25,1047,1775
2023-03-07 10:03:30,21,24,1047,1775
2023-03-07 10:03:47,21,23,1047,1775
2023-03-07 10:03:48,20,23,1047,1775
2023-03-07 10:03:49,20,22,1047,1775
2023-03-07 10:03:49,20,22,1047,1782
2023-03-07 10:04:08,20,23,1047,1782
2023-03-07 10:04:17,20,24,1047,1782
2023-03-07 10:04:18,20,23,1047,1782
2023-03-07 10:04:19,20,24,1047,1782
2023-03-07 10:04:20,20,23,1047,1782
2023-03-07 10:04:21,20,23,1049,1784
2023-03-07 10:04:21,20,24,1049,1784
2023-03-07 10:04:23,20,23,1049,1784
2023-03-07 10:04:24,20,24,1049,1784
2023-03-07 10:04:28,20,24,1049,1790
2023-03-07 10:04:33,20,23,1049,1790
2023-03-07 10:04:40,20,22,1049,1790
2023-03-07 10:04:58,20,21,1049,1790
2023-03-07 10:05:01,18,21,1049,1790
2023-03-07 10:05:06,18,21,1049,1796
2023-03-07 10:05:21,19,21,1049,1796
2023-03-07 10:05:21,19,22,1049,1796
2023-03-07 10:05:24,18,22,1049,1796
2023-03-07 10:05:29,18,21,1049,1796
2023-03-07 10:05:35,19,21,1049,1796
2023-03-07 10:05:37,19,22,1049,1796
2023-03-07 10:05:44,19,22,1043,1802
2023-03-07 10:05:50,19,21,1043,1802
2023-03-07 10:05:59,19,22,1043,1802
2023-03-07 10:06:30,19,21,1043,1802
2023-03-07 10:06:34,19,21,1037,1808
2023-03-07 10:06:37,19,20,1037,1808
2023-03-07 10:06:38,19,21,1037,1808
2023-03-07 10:06:47,19,22,1037,1808
2023-03-07 10:06:52,19,21,1037,1808
2023-03-07 10:07:07,19,20,1037,1808
2023-03-07 10:07:14,19,20,1031,1814
2023-03-07 10:07:16,19,20,1031,1824
2023-03-07 10:07:25,19,20,973,1918
2023-03-07 10:07:26,18,20,973,1918
2023-03-07 10:07:41,17,20,973,1918
2023-03-07 10:07:53,17,20,973,1924
2023-03-07 10:08:13,16,20,973,1924
2023-03-07 10:08:31,16,20,975,1930
2023-03-07 10:08:34,16,19,975,1930
2023-03-07 10:08:35,16,20,975,1930
2023-03-07 10:09:00,16,19,975,1930
2023-03-07 10:09:03,16,20,975,1930
2023-03-07 10:09:05,16,19,975,1930
2023-03-07 10:09:06,16,20,975,1930
2023-03-07 10:09:07,16,19,975,1930
2023-03-07 10:09:08,16,19,981,1936
2023-03-07 10:09:22,17,19,981,1936
2023-03-07 10:09:32,16,19,981,1936
2023-03-07 10:09:32,18,19,981,1936
2023-03-07 10:09:33,16,18,890,2027
2023-03-07 10:09:39,16,19,890,2027
2023-03-07 10:09:39,17,19,890,2027
2023-03-07 10:09:41,17,18,890,2027
2023-03-07 10:09:46,17,18,890,2033
2023-03-07 10:09:49,15,18,890,2033
2023-03-07 10:09:49,17,18,890,2033
2023-03-07 10:09:52,17,19,890,2033
2023-03-07 10:10:05,15,19,685,2238
2023-03-07 10:10:13,15,18,685,2238
2023-03-07 10:10:15,16,18,685,2238
2023-03-07 10:10:25,16,18,685,2245
2023-03-07 10:10:41,14,18,685,2245
2023-03-07 10:10:42,15,18,685,2245
2023-03-07 10:11:03,15,17,685,2245
2023-03-07 10:11:03,15,17,710,2270
2023-03-07 10:11:04,15,17,710,2277
2023-03-07 10:11:15,15,16,710,2277
2023-03-07 10:11:20,15,16,710,2279
2023-03-07 10:11:27,13,16,710,2279
2023-03-07 10:11:27,14,16,710,2279
2023-03-07 10:11:38,14,17,750,2319
2023-03-07 10:11:42,14,17,750,2325
2023-03-07 10:11:55,14,18,750,2325
2023-03-07 10:11:56,15,18,750,2325
2023-03-07 10:11:56,15,17,750,2325
2023-03-07 10:12:16,15,18,750,2325
2023-03-07 10:12:16,15,17,750,2325
2023-03-07 10:12:20,15,17,750,2331
2023-03-07 10:12:23,15,18,750,2331
2023-03-07 10:12:24,17,18,750,2331
2023-03-07 10:12:41,15,18,750,2331
2023-03-07 10:12:41,17,18,750,2331
2023-03-07 10:12:44,17,19,750,2331
2023-03-07 10:12:58,15,19,750,2331
2023-03-07 10:12:59,16,19,750,2331
2023-03-07 10:12:59,17,19,750,2331
2023-03-07 10:12:59,17,19,750,2348
2023-03-07 10:12:59,17,19,750,2354
2023-03-07 10:13:04,16,19,750,2354
2023-03-07 10:13:04,18,19,750,2354
2023-03-07 10:13:06,16,18,750,2490
2023-03-07 10:13:08,16,19,750,2490
2023-03-07 10:13:10,16,18,750,2490
2023-03-07 10:13:14,15,18,750,2490
2023-03-07 10:13:15,17,18,750,2490
2023-03-07 10:13:26,15,18,750,2490
2023-03-07 10:13:26,15,19,750,2490
2023-03-07 10:13:26,18,19,750,2490
2023-03-07 10:13:40,16,18,805,2565
2023-03-07 10:13:44,15,18,805,2565
2023-03-07 10:13:44,17,18,805,2565
2023-03-07 10:13:56,17,19,805,2565
2023-03-07 10:14:01,15,19,805,2565
2023-03-07 10:14:02,15,18,805,2565
2023-03-07 10:14:02,17,18,805,2565
2023-03-07 10:14:03,17,19,805,2565
2023-03-07 10:14:08,17,18,805,2565
2023-03-07 10:14:29,15,17,805,2676
2023-03-07 10:14:30,15,19,805,2676
2023-03-07 10:14:32,15,17,805,2676
2023-03-07 10:14:32,16,17,805,2676
2023-03-07 10:14:41,16,18,805,2676
2023-03-07 10:14:45,15,18,805,2676
2023-03-07 10:14:45,16,18,805,2676
2023-03-07 10:14:55,15,18,805,2676
2023-03-07 10:14:55,16,18,805,2676
2023-03-07 10:15:09,16,17,805,2676
2023-03-07 10:15:10,16,18,805,2676
2023-03-07 10:15:14,16,18,805,2682
2023-03-07 10:15:17,16,17,805,2682
2023-03-07 10:15:19,16,18,805,2682
2023-03-07 10:15:30,14,18,805,2682
2023-03-07 10:15:30,15,18,805,2682
2023-03-07 10:15:30,15,17,805,2682
2023-03-07 10:15:44,14,17,805,2682
2023-03-07 10:15:44,15,17,805,2682
2023-03-07 10:15:53,15,17,805,2688
2023-03-07 10:16:01,14,17,805,2688
2023-03-07 10:16:19,15,17,805,2688
2023-03-07 10:16:21,15,17,805,2689
2023-03-07 10:16:30,15,16,805,2689
2023-03-07 10:16:33,14,16,805,2695
2023-03-07 10:16:43,14,17,805,2695
2023-03-07 10:16:44,14,16,805,2695
2023-03-07 10:16:59,14,18,805,2695
2023-03-07 10:16:59,15,18,805,2695
2023-03-07 10:16:59,15,17,805,2695
2023-03-07 10:17:06,16,17,805,2695
2023-03-07 10:17:12,16,17,805,2701
2023-03-07 10:17:37,16,19,805,2701
2023-03-07 10:17:38,17,19,805,2701
2023-03-07 10:17:51,17,19,805,2707
2023-03-07 10:18:00,16,19,805,2707
2023-03-07 10:18:00,17,19,805,2707
2023-03-07 10:18:02,17,18,805,2707
2023-03-07 10:18:14,17,19,805,2707
2023-03-07 10:18:26,17,18,805,2707
2023-03-07 10:18:30,17,18,805,2713
2023-03-07 10:18:30,17,19,805,2713
2023-03-07 10:18:33,15,19,805,2713
2023-03-07 10:18:34,17,19,805,2713
2023-03-07 10:18:36,17,18,805,2713
2023-03-07 10:18:53,15,17,805,2736
2023-03-07 10:18:59,16,17,805,2736
2023-03-07 10:18:59,16,17,805,2739
2023-03-07 10:19:08,16,17,805,2745
2023-03-07 10:19:11,14,17,805,2745
2023-03-07 10:19:11,15,17,805,2745
2023-03-07 10:19:26,14,17,805,2745
2023-03-07 10:19:26,15,17,805,2745
2023-03-07 10:19:46,15,17,805,2751
2023-03-07 10:20:03,14,17,805,2751
2023-03-07 10:20:03,15,17,805,2751
2023-03-07 10:20:22,15,17,805,2752
2023-03-07 10:20:25,15,17,805,2758
2023-03-07 10:20:37,14,17,805,2758
2023-03-07 10:20:37,14,18,805,2758
2023-03-07 10:20:37,16,18,805,2758
2023-03-07 10:20:38,16,17,805,2758
2023-03-07 10:20:59,14,17,805,2758
2023-03-07 10:20:59,15,17,805,2758
2023-03-07 10:21:04,15,17,805,2764
2023-03-07 10:21:13,14,17,805,2764
2023-03-07 10:21:13,15,17,805,2764
2023-03-07 10:21:34,15,18,805,2764
2023-03-07 10:21:34,16,18,805,2764
2023-03-07 10:21:42,16,18,805,2769
2023-03-07 10:21:58,16,19,805,2769
2023-03-07 10:21:58,17,19,805,2769
2023-03-07 10:22:11,18,19,805,2769
2023-03-07 10:22:20,19,21,805,2917
2023-03-07 10:22:20,19,20,805,2917
2023-03-07 10:22:37,20,21,805,2922
2023-03-07 10:22:38,20,22,805,2922
2023-03-07 10:22:49,21,22,805,2922
2023-03-07 10:22:59,21,22,805,2972
2023-03-07 10:23:03,20,22,805,2972
2023-03-07 10:23:03,22,23,801,3055
2023-03-07 10:23:07,20,23,797,3059
2023-03-07 10:23:18,20,22,797,3059
2023-03-07 10:23:19,20,23,797,3059
2023-03-07 10:23:21,20,22,797,3059
2023-03-07 10:23:22,21,22,797,3059
2023-03-07 10:23:26,21,23,797,3059
2023-03-07 10:23:29,21,23,776,3080
2023-03-07 10:23:33,21,24,776,3080
2023-03-07 10:23:36,22,24,776,3080
2023-03-07 10:23:39,23,24,776,3080
2023-03-07 10:23:43,22,24,771,3085
2023-03-07 10:23:57,23,24,771,3085
2023-03-07 10:24:04,21,24,771,3195
2023-03-07 10:24:06,21,23,771,3195
2023-03-07 10:24:17,20,23,771,3195
2023-03-07 10:24:17,22,23,771,3195
2023-03-07 10:24:18,22,23,771,3199
2023-03-07 10:24:22,22,24,771,3199
2023-03-07 10:24:24,22,24,971,3399
2023-03-07 10:24:26,22,23,971,3399
2023-03-07 10:24:27,22,23,936,3434
2023-03-07 10:24:28,22,24,936,3434
2023-03-07 10:24:30,21,24,936,3434
2023-03-07 10:24:40,21,23,936,3434
2023-03-07 10:24:42,21,24,936,3434
2023-03-07 10:24:43,21,23,936,3434
2023-03-07 10:24:44,21,24,936,3434
2023-03-07 10:24:46,21,23,936,3434
2023-03-07 10:24:53,21,22,936,3434
2023-03-07 10:24:57,21,22,936,3438
2023-03-07 10:25:16,21,23,936,3438
2023-03-07 10:25:17,21,22,936,3438
2023-03-07 10:25:20,20,22,936,3438
2023-03-07 10:25:27,20,23,936,3438
2023-03-07 10:25:28,20,22,936,3438
2023-03-07 10:25:49,20,21,936,3438
2023-03-07 10:25:51,20,22,936,3438
2023-03-07 10:25:59,20,21,936,3438
2023-03-07 10:26:01,18,20,936,3592
2023-03-07 10:26:06,19,20,936,3592
2023-03-07 10:26:15,19,20,936,3596
2023-03-07 10:26:43,19,21,936,3696
2023-03-07 10:26:50,19,20,936,3696
2023-03-07 10:27:33,19,21,936,3696
2023-03-07 10:27:33,19,20,936,3696
2023-03-07 10:27:53,18,20,936,3696
2023-03-07 10:28:08,17,20,936,3696
2023-03-07 10:28:09,18,20,936,3696
2023-03-07 10:28:12,18,20,936,3699
2023-03-07 10:28:18,18,19,936,3699
2023-03-07 10:28:36,17,19,936,3699
2023-03-07 10:28:50,17,18,936,3699
2023-03-07 10:29:17,17,19,936,3702
2023-03-07 10:29:37,18,19,936,3702
2023-03-07 10:29:53,17,19,936,3702
2023-03-07 10:29:53,18,19,936,3702
2023-03-07 10:30:03,18,20,936,3702
2023-03-07 10:30:04,18,19,936,3702
2023-03-07 10:30:09,17,19,936,3702
2023-03-07 10:30:09,18,19,936,3702
2023-03-07 10:30:46,18,20,936,3702
2023-03-07 10:30:50,18,19,936,3702
2023-03-07 10:30:59,18,20,936,3702
2023-03-07 10:31:04,18,21,936,3705
2023-03-07 10:31:05,19,21,936,3705
2023-03-07 10:31:07,20,21,936,3705
2023-03-07 10:31:11,20,21,936,3822
2023-03-07 10:31:11,21,23,936,3917
2023-03-07 10:31:12,22,23,936,3917
2023-03-07 10:31:17,22,24,936,3917
2023-03-07 10:31:17,22,24,936,4103
2023-03-07 10:31:46,22,24,936,4132
2023-03-07 10:31:59,22,24,936,4176
2023-03-07 10:32:16,23,24,936,4176
2023-03-07 10:32:33,22,24,936,4176
2023-03-07 10:32:34,22,24,936,4364
2023-03-07 10:32:39,22,23,936,4364
2023-03-07 10:32:53,21,23,957,4632
2023-03-07 10:32:55,21,23,984,4659
2023-03-07 10:33:04,21,24,984,4659
2023-03-07 10:33:09,23,24,984,4659
2023-03-07 10:33:18,23,25,984,4659
2023-03-07 10:33:19,23,25,984,4661
2023-03-07 10:33:21,23,25,984,4681
2023-03-07 10:33:27,24,25,984,4681
2023-03-07 10:33:29,23,25,984,4681
2023-03-07 10:33:29,25,27,916,4763
2023-03-07 10:33:35,25,28,916,4763
2023-03-07 10:33:36,25,28,916,4810
2023-03-07 10:33:36,25,26,916,4810
2023-03-07 10:33:38,24,26,916,4810
2023-03-07 10:33:38,24,26,916,5027
2023-03-07 10:33:52,24,28,916,5027
2023-03-07 10:33:52,25,28,916,5027
2023-03-07 10:33:52,25,27,916,5027
2023-03-07 10:33:57,25,27,916,5030
2023-03-07 10:34:11,24,27,916,5030
2023-03-07 10:34:11,26,27,916,5030
2023-03-07 10:34:37,26,27,916,5031
2023-03-07 10:34:38,24,27,916,5031
2023-03-07 10:34:38,26,27,916,5031
2023-03-07 10:34:38,26,27,916,5071
2023-03-07 10:34:39,26,29,916,5071
2023-03-07 10:34:39,26,28,916,5071
2023-03-07 10:34:55,23,28,916,5071
2023-03-07 10:34:56,27,28,916,5071
2023-03-07 10:34:56,25,28,916,5096
2023-03-07 10:34:57,25,27,916,5096
2023-03-07 10:35:05,25,28,916,5096
2023-03-07 10:35:10,25,28,911,5101
2023-03-07 10:35:13,24,28,911,5101
2023-03-07 10:35:13,26,28,911,5101
2023-03-07 10:35:16,26,28,911,5102
2023-03-07 10:35:17,26,29,911,5102
2023-03-07 10:35:21,27,29,911,5102
2023-03-07 10:35:22,26,29,911,5102
2023-03-07 10:35:23,27,29,911,5102
2023-03-07 10:35:24,26,29,911,5102
2023-03-07 10:35:26,28,29,911,5102
2023-03-07 10:35:43,26,29,911,5102
2023-03-07 10:35:43,27,29,911,5102
2023-03-07 10:35:47,28,29,911,5102
2023-03-07 10:35:48,27,29,911,5102
2023-03-07 10:35:49,28,29,911,5102
2023-03-07 10:35:50,27,29,911,5102
2023-03-07 10:35:55,27,29,911,5103
2023-03-07 10:35:57,26,29,911,5103
2023-03-07 10:35:57,26,30,911,5103
2023-03-07 10:35:57,28,30,911,5103
2023-03-07 10:35:59,28,31,911,5103
2023-03-07 10:36:01,28,30,911,5103
2023-03-07 10:36:02,28,31,911,5103
2023-03-07 10:36:25,29,31,911,5103
2023-03-07 10:36:30,28,31,911,5103
2023-03-07 10:36:35,28,31,911,5104
2023-03-07 10:36:35,28,32,911,5104
2023-03-07 10:36:35,28,31,911,5104
2023-03-07 10:36:50,28,32,911,5104
2023-03-07 10:36:59,28,31,911,5104
2023-03-07 10:37:12,29,31,911,5104
2023-03-07 10:37:15,29,31,911,5105
2023-03-07 10:37:16,29,31,911,5111
2023-03-07 10:37:19,28,31,911,5111
2023-03-07 10:37:29,27,31,911,5111
2023-03-07 10:37:30,27,30,911,5111
2023-03-07 10:37:30,28,30,911,5111
2023-03-07 10:37:30,28,30,911,5164
2023-03-07 10:37:42,27,30,911,5164
2023-03-07 10:37:42,28,30,911,5164
2023-03-07 10:37:55,28,30,911,5166
2023-03-07 10:37:55,27,30,911,5166
2023-03-07 10:37:55,28,30,911,5166
2023-03-07 10:38:20,28,29,911,5166
2023-03-07 10:38:28,26,29,911,5166
2023-03-07 10:38:29,27,29,911,5166
2023-03-07 10:38:29,27,28,911,5166
2023-03-07 10:38:37,27,28,916,5171
2023-03-07 10:38:40,26,27,916,5325
2023-03-07 10:38:40,25,27,916,5325
2023-03-07 10:38:44,26,27,916,5325
2023-03-07 10:38:58,25,27,916,5325
2023-03-07 10:38:59,26,27,916,5325
2023-03-07 10:39:07,24,26,927,5351
2023-03-07 10:39:11,25,26,927,5351
2023-03-07 10:39:12,24,25,927,5353
2023-03-07 10:39:16,23,25,927,5353
2023-03-07 10:39:16,25,26,1103,5529
2023-03-07 10:39:19,23,24,1113,5539
2023-03-07 10:39:27,21,24,1113,5539
2023-03-07 10:39:27,22,24,1113,5539
2023-03-07 10:39:27,22,24,1137,5563
2023-03-07 10:39:41,22,24,1279,5705
2023-03-07 10:39:45,21,24,1279,5705
2023-03-07 10:39:45,20,24,1279,5705
2023-03-07 10:39:46,21,24,1279,5705
2023-03-07 10:39:46,21,23,1279,5705
2023-03-07 10:39:50,21,23,1277,5707
2023-03-07 10:39:52,21,23,1277,5712
2023-03-07 10:39:55,20,23,1277,5712
2023-03-07 10:39:55,20,25,1277,5712
2023-03-07 10:39:56,21,25,1277,5712
2023-03-07 10:39:56,21,24,1277,5712
2023-03-07 10:40:29,21,23,1277,5712
2023-03-07 10:41:07,22,23,1277,5712
2023-03-07 10:41:11,22,24,1277,5712
2023-03-07 10:41:11,22,23,1277,5712
2023-03-07 10:41:32,22,24,1277,5712
2023-03-07 10:41:32,20,22,1275,5714
2023-03-07 10:41:43,18,22,1275,5714
2023-03-07 10:41:44,19,22,1275,5714
2023-03-07 10:41:46,19,20,1275,5714
2023-03-07 10:41:57,18,20,1275,5714
2023-03-07 10:41:57,19,20,1275,5714
2023-03-07 10:42:24,19,21,1275,5714
2023-03-07 10:43:41,18,21,1275,5714
2023-03-07 10:43:41,18,20,1275,5714
2023-03-07 10:44:18,18,20,1277,5716
2023-03-07 10:44:26,18,19,1277,5716
2023-03-07 10:44:29,18,19,1350,5789
2023-03-07 10:44:33,15,19,1350,5789
2023-03-07 10:44:33,15,18,1350,5789
2023-03-07 10:44:33,16,18,1350,5789
2023-03-07 10:44:49,15,18,1350,5789
2023-03-07 10:44:50,15,17,1350,5789
2023-03-07 10:44:57,15,16,1350,5789
2023-03-07 10:45:21,15,16,1351,5790
2023-03-07 10:46:03,14,15,1351,5804
2023-03-07 10:46:16,14,16,1351,5804
2023-03-07 10:46:16,14,15,1351,5804
2023-03-07 10:46:32,14,15,1263,5892
2023-03-07 10:46:38,14,15,1152,6003
2023-03-07 10:46:51,14,15,1150,6005
2023-03-07 10:47:04,14,15,1017,6142
2023-03-07 10:47:05,14,18,1017,6142
2023-03-07 10:47:06,15,18,1017,6142
2023-03-07 10:47:06,15,17,1017,6142
2023-03-07 10:47:17,15,18,1017,6142
2023-03-07 10:47:17,15,17,1017,6142
2023-03-07 10:47:27,15,19,1017,6142
2023-03-07 10:47:27,17,19,1017,6142
2023-03-07 10:47:30,18,19,1017,6142
2023-03-07 10:47:42,18,19,1083,6212
2023-03-07 10:47:43,18,20,1083,6212
2023-03-07 10:47:59,19,20,1083,6212
2023-03-07 10:48:06,17,20,1153,6282
2023-03-07 10:48:08,17,19,1153,6282
2023-03-07 10:48:24,18,19,1153,6282
2023-03-07 10:48:34,17,19,1153,6282
2023-03-07 10:48:46,17,19,1151,6284
2023-03-07 10:48:51,17,21,1151,6284
2023-03-07 10:48:51,18,21,1151,6284
2023-03-07 10:48:51,18,20,1151,6284
2023-03-07 10:49:04,18,21,1151,6284
2023-03-07 10:49:06,19,21,1151,6284
2023-03-07 10:49:14,18,21,1151,6284
2023-03-07 10:49:24,18,20,1151,6284
2023-03-07 10:49:28,19,20,1151,6284
2023-03-07 10:49:44,18,20,1151,6284
2023-03-07 10:50:02,18,19,1151,6284
2023-03-07 10:50:03,17,19,1151,6284
2023-03-07 10:50:03,18,19,1151,6284
2023-03-07 10:50:21,18,19,1303,6436
2023-03-07 10:50:37,16,19,1320,6453
2023-03-07 10:50:38,18,19,1320,6453
2023-03-07 10:50:43,18,19,1322,6455
2023-03-07 10:50:44,16,19,1348,6481
2023-03-07 10:50:50,14,19,1348,6481
2023-03-07 10:50:50,14,17,1348,6481
2023-03-07 10:51:06,14,18,1348,6481
2023-03-07 10:51:06,14,16,1348,6481
2023-03-07 10:51:30,13,16,1432,6821
2023-03-07 10:51:32,14,16,1432,6821
2023-03-07 10:51:38,14,15,1432,6821
2023-03-07 10:51:44,12,14,1429,6824
2023-03-07 10:51:59,11,14,1429,6824
2023-03-07 10:51:59,11,15,1429,6824
2023-03-07 10:52:00,11,14,1429,6824
2023-03-07 10:52:09,11,14,1426,6827
2023-03-07 10:52:29,10,14,1426,6827
2023-03-07 10:52:29,10,15,1426,6827
2023-03-07 10:52:29,11,15,1426,6827
2023-03-07 10:52:29,11,14,1426,6827
2023-03-07 10:52:29,11,13,1426,6827
2023-03-07 10:52:34,11,12,1426,6827
2023-03-07 10:52:43,9,12,1426,6827
2023-03-07 10:52:43,10,12,1426,6827
2023-03-07 10:52:47,11,12,1426,6827
2023-03-07 10:52:50,10,12,1426,6830
2023-03-07 10:52:59,9,12,1426,6830
2023-03-07 10:52:59,8,12,1426,6830
2023-03-07 10:52:59,8,11,1426,6830
2023-03-07 10:53:07,9,11,1426,6830
2023-03-07 10:53:25,9,11,1422,6834
2023-03-07 10:53:41,9,12,1422,6834
2023-03-07 10:53:42,9,11,1422,6834
2023-03-07 10:54:04,9,12,1422,6834
2023-03-07 10:54:04,11,12,1422,6834
2023-03-07 10:54:04,9,11,1418,6838
2023-03-07 10:54:29,9,12,1418,6838
2023-03-07 10:54:29,9,11,1418,6838
2023-03-07 10:54:44,9,11,1414,6842
2023-03-07 10:54:46,10,11,1414,6842
2023-03-07 10:54:50,10,11,1345,6911
2023-03-07 10:54:58,9,11,1345,6911
2023-03-07 10:54:58,11,12,1008,7248
2023-03-07 10:55:01,11,13,1008,7248
2023-03-07 10:55:17,12,13,1008,7248
2023-03-07 10:55:21,12,14,1008,7248
2023-03-07 10:55:26,13,14,1008,7248
2023-03-07 10:55:46,14,15,1012,7252
2023-03-07 10:55:47,13,15,1100,7340
2023-03-07 10:55:49,13,15,1437,7677
2023-03-07 10:55:58,12,15,1515,7755
2023-03-07 10:55:58,12,14,1515,7755
2023-03-07 10:55:59,12,13,1515,7755
2023-03-07 10:56:12,11,13,1938,8178
2023-03-07 10:56:23,11,13,1938,8179
2023-03-07 10:56:44,11,12,1938,8179
2023-03-07 10:56:44,10,11,1934,8183
2023-03-07 10:57:14,10,12,1934,8183
2023-03-07 10:57:14,10,11,1934,8183
2023-03-07 10:57:16,10,11,1930,8187
2023-03-07 10:57:21,10,11,1930,8188
2023-03-07 10:57:22,10,13,1930,8188
2023-03-07 10:57:23,10,12,1930,8188
2023-03-07 10:57:23,10,11,1930,8188
2023-03-07 10:57:39,10,13,1930,8188
2023-03-07 10:57:39,10,12,1930,8188
2023-03-07 10:57:39,10,12,1874,8244
2023-03-07 10:57:39,10,11,1874,8244
2023-03-07 10:58:34,10,12,1874,8244
2023-03-07 10:58:44,10,11,1874,8244
2023-03-07 10:58:44,9,10,1799,8319
2023-03-07 10:59:03,9,11,1799,8319
2023-03-07 10:59:03,9,10,1799,8319
2023-03-07 10:59:16,9,11,1799,8319
2023-03-07 10:59:17,9,10,1799,8319
2023-03-07 10:59:33,9,11,1799,8319
2023-03-07 10:59:33,9,10,1799,8319
2023-03-07 10:59:33,8,9,1795,8323
2023-03-07 10:59:35,7,9,1795,8323
2023-03-07 10:59:42,7,10,1795,8323
2023-03-07 10:59:42,7,9,1795,8323
2023-03-07 10:59:42,7,8,1795,8323
2023-03-07 10:59:48,7,8,1790,8328
2023-03-07 11:00:02,6,8,1790,8328
2023-03-07 11:00:04,6,9,1790,8328
2023-03-07 11:00:04,6,8,1790,8328
2023-03-07 11:00:26,7,8,1790,8328
2023-03-07 11:00:39,6,7,1785,8333
2023-03-07 11:00:57,6,8,1785,8333
2023-03-07 11:00:57,6,7,1785,8333
2023-03-07 11:01:05,6,7,1780,8338
2023-03-07 11:01:21,6,7,1780,8339
2023-03-07 11:01:35,6,9,1780,8339
2023-03-07 11:01:36,6,8,1780,8339
2023-03-07 11:01:36,6,7,1780,8339
2023-03-07 11:01:43,6,7,1775,8344
2023-03-07 11:01:48,6,8,1775,8344
2023-03-07 11:01:48,6,7,1775,8344
2023-03-07 11:01:49,6,7,1775,8354
2023-03-07 11:01:51,7,8,1516,8613
2023-03-07 11:01:58,7,9,1516,8613
2023-03-07 11:01:59,7,8,1516,8613
2023-03-07 11:02:07,7,8,1469,8691
2023-03-07 11:02:08,6,8,1469,8691
2023-03-07 11:02:08,8,9,1289,8871
2023-03-07 11:02:20,8,9,1212,8948
2023-03-07 11:02:25,7,9,1212,8948
2023-03-07 11:02:43,8,9,1212,8948
2023-03-07 11:02:59,8,10,1212,8948
2023-03-07 11:02:59,8,9,1212,8948
2023-03-07 11:03:00,9,11,1218,8954
2023-03-07 11:03:29,8,11,1218,8954
2023-03-07 11:03:30,9,11,1218,8954
2023-03-07 11:03:37,9,10,1218,8954
2023-03-07 11:03:45,10,11,1224,8960
2023-03-07 11:03:55,10,12,1224,8960
2023-03-07 11:04:01,9,12,1224,8960
2023-03-07 11:04:01,10,12,1224,8960
2023-03-07 11:04:15,9,12,1224,8960
2023-03-07 11:04:15,9,10,1224,8960
2023-03-07 11:04:15,10,12,1229,8965
2023-03-07 11:04:31,8,12,1229,8965
2023-03-07 11:04:31,9,12,1229,8965
2023-03-07 11:04:31,10,12,1229,8965
2023-03-07 11:04:46,9,12,1229,8965
2023-03-07 11:04:46,10,12,1229,8965
2023-03-07 11:04:54,10,11,1229,8965
2023-03-07 11:05:26,11,13,1234,8970
2023-03-07 11:05:31,11,12,1234,8970
2023-03-07 11:05:45,11,13,1336,9103
2023-03-07 11:05:45,10,13,1336,9103
2023-03-07 11:05:45,11,13,1336,9103
2023-03-07 11:06:00,10,13,1336,9103
2023-03-07 11:06:00,10,12,1336,9103
2023-03-07 11:06:09,10,11,1336,9103
2023-03-07 11:06:18,9,11,1336,9103
2023-03-07 11:06:18,10,11,1336,9103
2023-03-07 11:06:47,10,12,1336,9103
2023-03-07 11:07:24,10,13,1336,9103
2023-03-07 11:07:24,10,12,1336,9103
2023-03-07 11:09:07,10,11,1336,9103
2023-03-07 11:09:16,9,11,1336,9103
2023-03-07 11:09:16,10,11,1336,9103
2023-03-07 11:09:26,9,11,1336,9103
2023-03-07 11:09:26,9,10,1336,9103
2023-03-07 11:09:44,9,11,1336,9103
2023-03-07 11:09:44,9,10,1336,9103
2023-03-07 11:10:06,9,10,1288,9151
2023-03-07 11:10:10,9,10,1275,9164
2023-03-07 11:10:11,9,10,1226,9243
2023-03-07 11:10:14,9,11,1226,9243
2023-03-07 11:10:15,9,10,1226,9243
2023-03-07 11:10:31,8,10,1226,9243
2023-03-07 11:10:31,8,11,1226,9243
2023-03-07 11:10:31,11,13,1231,9248
2023-03-07 11:10:34,11,12,1231,9248
2023-03-07 11:10:46,10,12,1231,9248
2023-03-07 11:10:46,11,12,1231,9248
2023-03-07 11:11:02,11,12,1285,9332
2023-03-07 11:11:05,11,13,1285,9332
2023-03-07 11:11:33,11,12,1285,9332
2023-03-07 11:11:33,11,12,1342,9389
2023-03-07 11:11:38,11,13,1342,9389
2023-03-07 11:11:40,11,12,1342,9389
2023-03-07 11:11:59,10,12,1342,9389
2023-03-07 11:12:06,10,11,1342,9389
2023-03-07 11:12:07,10,12,1342,9389
2023-03-07 11:12:09,10,11,1342,9389
2023-03-07 11:12:57,8,10,1337,9394
2023-03-07 11:13:05,8,10,1332,9399
2023-03-07 11:13:38,9,10,1332,9399
2023-03-07 11:13:43,9,10,1327,9404
2023-03-07 11:13:56,8,10,1327,9404
2023-03-07 11:13:56,8,11,1327,9404
2023-03-07 11:13:56,8,10,1327,9404
2023-03-07 11:14:25,8,9,1327,9404
2023-03-07 11:14:26,7,9,1327,9404
2023-03-07 11:14:26,8,9,1327,9404
2023-03-07 11:15:28,6,8,1322,9409
2023-03-07 11:15:39,6,9,1322,9409
2023-03-07 11:15:39,6,8,1322,9409
2023-03-07 11:15:57,6,9,1322,9409
2023-03-07 11:15:58,8,9,1322,9409
2023-03-07 11:15:58,6,8,1317,9414
2023-03-07 11:16:27,5,8,1317,9414
2023-03-07 11:16:36,7,8,1317,9414
2023-03-07 11:17:11,6,8,1317,9414
2023-03-07 11:17:12,7,8,1317,9414
2023-03-07 11:17:27,7,9,1317,9414
2023-03-07 11:17:48,8,9,1317,9414
2023-03-07 11:17:57,7,9,1317,9414
2023-03-07 11:17:57,8,9,1317,9414
2023-03-07 11:18:20,7,9,1317,9414
2023-03-07 11:18:20,8,9,1317,9414
2023-03-07 11:18:26,7,9,1317,9414
2023-03-07 11:19:25,8,9,1317,9414
2023-03-07 11:20:03,7,9,1317,9414
2023-03-07 11:20:03,8,9,1317,9414
2023-03-07 11:20:36,7,9,1317,9414
2023-03-07 11:20:36,8,9,1317,9414
2023-03-07 11:20:41,7,9,1317,9414
2023-03-07 11:20:41,8,9,1317,9414
2023-03-07 11:21:04,7,9,1317,9414
2023-03-07 11:21:04,8,9,1317,9414
2023-03-07 11:21:12,7,9,1345,9442
2023-03-07 11:21:19,8,9,1345,9442
2023-03-07 11:21:24,7,8,1373,9470
2023-03-07 11:22:56,6,8,1373,9470
2023-03-07 11:22:56,7,8,1373,9470
2023-03-07 11:23:32,6,8,1373,9470
2023-03-07 11:23:35,7,8,1373,9470
2023-03-07 11:24:51,6,8,1373,9470
2023-03-07 11:24:52,7,8,1373,9470
2023-03-07 11:25:29,6,8,1373,9470
2023-03-07 11:25:30,7,8,1373,9470
2023-03-07 11:26:36,7,9,1373,9470
2023-03-07 11:26:37,7,8,1373,9470
2023-03-07 11:26:45,6,8,1373,9470
2023-03-07 11:26:45,5,8,1373,9470
2023-03-07 11:26:45,5,9,1373,9470
2023-03-07 11:26:45,7,9,1373,9470
2023-03-07 11:26:59,8,9,1373,9470
2023-03-07 11:27:25,7,9,1373,9470
2023-03-07 11:27:25,8,9,1373,9470
2023-03-07 11:27:46,7,9,1373,9470
2023-03-07 11:27:46,8,9,1373,9470
2023-03-07 11:27:59,7,9,1373,9470
2023-03-07 11:27:59,8,9,1373,9470
2023-03-07 11:28:23,7,9,1373,9470
2023-03-07 11:28:23,8,9,1373,9470
2023-03-07 11:28:36,7,8,1427,9524
2023-03-07 11:29:02,6,7,1717,9818
2023-03-07 11:29:03,5,7,1717,9818
2023-03-07 11:29:03,6,7,1717,9818
2023-03-07 11:29:09,5,7,1717,9818
2023-03-07 11:29:18,6,7,1717,9818
2023-03-07 11:36:57,6,7,1717,9823
2023-03-07 11:37:29,7,8,1810,9916
2023-03-07 11:37:44,6,8,1810,9916
2023-03-07 11:41:31,6,8,1819,9925
2023-03-07 11:41:32,6,7,1819,9925
2023-03-07 11:41:45,6,7,1819,10126
2023-03-07 11:42:04,5,6,1819,10249
2023-03-07 11:42:15,5,7,1819,10249
2023-03-07 11:42:16,5,6,1819,10249
2023-03-07 11:42:23,5,7,1819,10249
2023-03-07 11:42:23,5,6,1819,10249
2023-03-07 11:42:36,4,6,1819,10249
2023-03-07 11:42:37,5,6,1819,10249
2023-03-07 11:42:40,5,6,1814,10254
2023-03-07 11:42:51,5,7,1814,10254
2023-03-07 11:44:20,6,7,1814,10254
2023-03-07 11:44:34,6,8,1814,10254
2023-03-07 11:44:34,6,9,1814,10254
2023-03-07 11:44:34,7,9,1814,10254
2023-03-07 11:44:35,7,8,1814,10254
2023-03-07 11:45:13,7,9,1814,10254
2023-03-07 11:45:13,7,8,1814,10254
2023-03-07 11:45:26,6,8,1814,10254
2023-03-07 11:45:26,7,8,1814,10254
2023-03-07 11:45:40,6,8,1814,10254
2023-03-07 11:45:41,7,8,1814,10254
2023-03-07 11:45:51,7,9,1814,10254
2023-03-07 11:45:51,7,8,1814,10254
2023-03-07 11:45:57,6,8,1814,10254
2023-03-07 11:47:02,7,8,1814,10254
2023-03-07 11:47:08,7,9,1814,10254
2023-03-07 11:47:08,7,8,1814,10254
2023-03-07 11:47:45,7,9,1814,10254
2023-03-07 11:47:45,7,8,1814,10254
2023-03-07 11:47:55,6,8,1814,10254
2023-03-07 11:47:55,7,8,1814,10254
2023-03-07 11:48:23,7,9,1814,10254
2023-03-07 11:48:23,7,8,1814,10254
2023-03-07 11:49:01,7,9,1814,10254
2023-03-07 11:49:01,7,8,1814,10254
2023-03-07 11:49:21,7,9,1819,10259
2023-03-07 11:49:26,7,10,1819,10259
2023-03-07 11:49:26,8,10,1819,10259
2023-03-07 11:49:30,8,9,1819,10259
2023-03-07 11:49:39,8,9,1823,10263
2023-03-07 11:49:39,7,9,1823,10263
2023-03-07 11:49:56,8,9,1823,10263
2023-03-07 11:50:11,8,10,1823,10263
2023-03-07 11:50:17,8,9,1823,10263
2023-03-07 11:50:26,7,9,1823,10263
2023-03-07 11:50:26,8,9,1823,10263
2023-03-07 11:50:55,8,10,1823,10263
2023-03-07 11:50:55,8,9,1823,10263
2023-03-07 11:50:57,7,9,1823,10263
2023-03-07 11:50:57,8,9,1823,10263
2023-03-07 11:51:32,7,10,1823,10263
2023-03-07 11:51:32,8,10,1823,10263
2023-03-07 11:51:33,8,9,1823,10263
2023-03-07 11:51:49,7,9,1823,10263
2023-03-07 11:51:49,8,9,1823,10263
2023-03-07 11:52:02,7,9,1823,10263
2023-03-07 11:52:54,7,8,1823,10263
2023-03-07 11:53:20,5,7,1819,10267
2023-03-07 11:53:25,6,7,1819,10267
2023-03-07 11:53:37,6,8,1819,10267
2023-03-07 11:53:37,6,7,1819,10267
2023-03-07 11:53:57,6,8,1819,10267
2023-03-07 11:53:57,6,7,1819,10267
2023-03-07 11:53:59,5,7,1819,10267
2023-03-07 11:54:03,5,7,1819,10272
2023-03-07 11:54:08,5,8,1819,10272
2023-03-07 11:54:08,5,7,1819,10272
2023-03-07 11:54:30,5,8,1819,10272
2023-03-07 11:54:31,5,7,1819,10272
2023-03-07 11:55:04,5,6,1819,10272
2023-03-07 11:55:16,4,5,2191,10644
2023-03-07 11:55:19,4,6,2191,10649
2023-03-07 11:55:28,3,6,2191,10649
2023-03-07 11:55:29,4,6,2191,10649
2023-03-07 11:55:41,3,6,2191,10649
2023-03-07 11:55:42,4,6,2191,10649
2023-03-07 11:55:57,5,6,2191,10649
2023-03-07 11:56:35,4,6,2191,10649
2023-03-07 11:56:41,4,5,2191,10649
2023-03-07 11:57:50,3,5,2191,10649
2023-03-07 11:57:51,4,5,2191,10649
2023-03-07 11:58:27,3,5,2191,10649
2023-03-07 11:58:29,4,5,2191,10649
2023-03-07 11:59:05,3,5,2191,10649
2023-03-07 11:59:06,4,5,2191,10649
2023-03-07 11:59:43,3,5,2191,10649
2023-03-07 11:59:44,4,5,2191,10649
2023-03-07 12:00:23,3,5,2191,10649
2023-03-07 12:00:23,3,5,2191,10654
2023-03-07 12:01:01,4,5,2191,10654
2023-03-07 12:01:30,3,4,2186,10659
2023-03-07 12:01:39,3,4,2180,10665
2023-03-07 12:01:44,3,5,2180,10665
2023-03-07 12:01:45,3,4,2180,10665
2023-03-07 12:02:05,3,5,2180,10665
2023-03-07 12:02:05,3,4,2180,10665
2023-03-07 12:02:26,3,5,2180,10665
2023-03-07 12:02:26,3,4,2180,10665
2023-03-07 12:03:02,3,5,2180,10665
2023-03-07 12:03:49,3,4,2180,10665
2023-03-07 12:04:02,3,5,2180,10665
2023-03-07 12:04:03,3,4,2180,10665
2023-03-07 12:04:31,3,5,2180,10665
2023-03-07 12:05:33,3,4,2180,10665
2023-03-07 12:06:00,3,5,2180,10665
2023-03-07 12:06:00,3,4,2180,10665
2023-03-07 12:06:02,3,4,2177,10668
2023-03-07 12:06:11,3,5,2177,10668
2023-03-07 12:06:11,3,4,2177,10668
2023-03-07 12:06:29,3,5,2177,10668
2023-03-07 12:06:29,3,4,2177,10668
2023-03-07 12:06:45,3,5,2177,10668
2023-03-07 12:06:45,3,4,2177,10668
2023-03-07 12:07:00,3,5,2177,10668
2023-03-07 12:07:00,3,4,2177,10668
2023-03-07 12:07:27,3,5,2177,10668
2023-03-07 12:07:27,3,4,2177,10668
2023-03-07 12:07:40,3,5,2177,10668
2023-03-07 12:07:57,3,4,2177,10668
2023-03-07 12:08:30,3,5,2177,10668
2023-03-07 12:08:30,3,4,2177,10668
2023-03-07 12:08:45,3,5,2177,10668
2023-03-07 12:08:46,3,4,2177,10668
2023-03-07 12:09:10,3,5,2177,10668
2023-03-07 12:09:11,3,4,2177,10668
2023-03-07 12:10:11,3,5,2177,10668
2023-03-07 12:10:11,3,4,2177,10668
2023-03-07 12:10:29,3,5,2177,10668
2023-03-07 12:10:29,3,4,2177,10668
2023-03-07 12:10:54,3,5,2177,10668
2023-03-07 12:10:54,3,4,2177,10668
2023-03-07 12:11:14,3,5,2177,10668
2023-03-07 12:11:14,3,4,2177,10668
2023-03-07 12:11:38,3,5,2177,10668
2023-03-07 12:11:38,3,4,2177,10668
2023-03-07 12:12:15,3,5,2177,10668
2023-03-07 12:12:15,3,4,2177,10668
2023-03-07 12:12:33,3,5,2177,10668
2023-03-07 12:14:27,3,4,2177,10668
2023-03-07 12:14:39,2,4,2923,11469
2023-03-07 12:14:54,3,4,2923,11469
2023-03-07 12:15:31,2,4,2923,11469
2023-03-07 12:15:32,3,4,2923,11469
2023-03-07 12:16:07,2,4,2923,11469
2023-03-07 12:16:13,3,4,2923,11469
2023-03-07 12:16:47,2,4,2923,11469
2023-03-07 12:17:03,3,4,2923,11469
2023-03-07 12:17:04,3,5,2923,11469
2023-03-07 12:17:05,3,4,2923,11469
2023-03-07 12:17:38,2,4,2923,11469
2023-03-07 12:17:41,3,4,2923,11469
2023-03-07 12:17:41,3,5,2923,11469
2023-03-07 12:17:53,3,4,2923,11469
2023-03-07 12:18:25,3,5,2923,11469
2023-03-07 12:18:46,3,4,2923,11469
2023-03-07 12:19:03,3,5,2923,11469
2023-03-07 12:19:24,3,6,3030,11984
2023-03-07 12:19:34,3,8,3030,11984
2023-03-07 12:19:34,3,5,3030,11984
2023-03-07 12:19:34,4,5,3030,11984
2023-03-07 12:20:02,4,6,3036,11990
2023-03-07 12:20:05,5,6,3036,11990
2023-03-07 12:20:05,5,7,3036,11990
2023-03-07 12:20:09,5,7,3036,12146
2023-03-07 12:20:17,6,7,3036,12146
2023-03-07 12:20:22,6,7,3188,12304
2023-03-07 12:20:24,7,8,3188,12518
2023-03-07 12:20:25,8,9,3188,12884
2023-03-07 12:20:33,8,9,3521,13217
2023-03-07 12:20:36,8,11,3521,13250
2023-03-07 12:20:38,9,11,3521,13250
2023-03-07 12:20:38,9,12,3521,13250
2023-03-07 12:20:38,9,11,3521,13250
2023-03-07 12:20:52,9,11,3521,13373
2023-03-07 12:20:56,9,11,3521,13408
2023-03-07 12:20:56,9,12,3521,13584
2023-03-07 12:20:56,14,15,3521,13680
2023-03-07 12:20:56,9,15,3441,13760
2023-03-07 12:20:56,10,15,3441,13760
2023-03-07 12:21:00,10,12,3441,13760
2023-03-07 12:21:06,10,15,3441,13760
2023-03-07 12:21:13,12,15,3441,13760
2023-03-07 12:21:20,12,14,3441,13760
2023-03-07 12:21:27,12,13,3441,13760
2023-03-07 12:21:27,12,13,3385,13816
2023-03-07 12:21:28,12,13,3385,13822
2023-03-07 12:21:29,11,13,3385,13822
2023-03-07 12:21:29,10,13,3385,13822
2023-03-07 12:21:29,12,13,3385,13822
2023-03-07 12:21:30,12,15,3257,13970
2023-03-07 12:21:30,13,15,3257,13970
2023-03-07 12:21:38,13,17,3257,13970
2023-03-07 12:21:44,13,19,3257,14403
2023-03-07 12:21:44,13,18,3257,14403
2023-03-07 12:21:44,13,15,3257,14403
2023-03-07 12:21:44,12,15,3134,14526
2023-03-07 12:21:46,12,14,3134,14526
2023-03-07 12:21:47,12,15,3134,14526
2023-03-07 12:21:51,12,15,3072,14626
2023-03-07 12:21:52,12,15,3250,14816
2023-03-07 12:21:52,11,15,3331,14897
2023-03-07 12:21:52,11,13,3331,14897
2023-03-07 12:22:02,9,13,3331,14897
2023-03-07 12:22:02,8,13,3331,14897
2023-03-07 12:22:02,9,13,3331,14897
2023-03-07 12:22:02,9,12,3331,14897
2023-03-07 12:22:05,9,12,3337,14903
2023-03-07 12:22:31,8,12,3337,14903
2023-03-07 12:22:31,8,13,3337,14903
2023-03-07 12:22:32,8,13,3337,14918
2023-03-07 12:22:32,8,12,3337,14918
2023-03-07 12:22:32,8,9,3337,14918
2023-03-07 12:22:59,7,8,3224,15031
2023-03-07 12:23:08,7,9,3224,15031
2023-03-07 12:23:08,7,8,3224,15031
2023-03-07 12:23:32,7,9,3224,15031
2023-03-07 12:23:32,7,8,3224,15031
2023-03-07 12:23:46,7,9,3224,15031
2023-03-07 12:23:47,7,8,3224,15031
2023-03-07 12:24:10,7,8,3108,15147
2023-03-07 12:24:34,7,9,3108,15147
2023-03-07 12:24:34,7,11,3108,15147
2023-03-07 12:24:34,7,9,3108,15147
2023-03-07 12:25:05,7,8,3108,15147
2023-03-07 12:25:15,7,8,3102,15153
2023-03-07 12:25:22,7,8,3087,15209
2023-03-07 12:25:32,7,8,3149,15295
2023-03-07 12:25:32,9,10,3149,15739
2023-03-07 12:26:27,11,13,3149,15744
2023-03-07 12:26:32,11,13,3149,15749
2023-03-07 12:26:40,10,13,3149,15749
2023-03-07 12:26:40,11,13,3149,15749
2023-03-07 12:26:51,9,13,3149,15749
2023-03-07 12:26:51,10,13,3149,15749
2023-03-07 12:26:51,12,13,3149,15749
2023-03-07 12:27:03,11,13,3149,15749
2023-03-07 12:27:03,12,13,3149,15749
2023-03-07 12:27:10,12,13,3149,15754
2023-03-07 12:27:10,12,14,3149,15754
2023-03-07 12:27:25,11,14,3149,15754
2023-03-07 12:27:26,12,14,3149,15754
2023-03-07 12:27:26,12,14,3111,15792
2023-03-07 12:27:26,13,14,3111,15792
2023-03-07 12:27:48,13,14,3111,15796
2023-03-07 12:27:52,11,14,3111,15796
2023-03-07 12:27:52,12,14,3111,15796
2023-03-07 12:28:01,11,14,3111,15796
2023-03-07 12:28:01,13,14,3111,15796
2023-03-07 12:28:05,13,14,3022,15913
2023-03-07 12:28:13,12,13,2986,15949
2023-03-07 12:28:20,12,14,2986,15949
2023-03-07 12:28:20,13,14,2986,15949
2023-03-07 12:28:21,12,13,2948,15987
2023-03-07 12:28:26,12,13,2948,15991
2023-03-07 12:28:27,12,13,2948,16054
2023-03-07 12:28:27,12,13,2948,16117
2023-03-07 12:28:29,12,13,2848,16217
2023-03-07 12:28:33,12,13,2848,16221
2023-03-07 12:28:34,12,13,2939,16336
2023-03-07 12:28:34,11,13,2973,16370
2023-03-07 12:28:35,11,12,2973,16370
2023-03-07 12:28:37,9,12,2973,16370
2023-03-07 12:28:37,10,12,2973,16370
2023-03-07 12:28:37,11,12,2973,16370
2023-03-07 12:28:39,10,11,3082,16479
2023-03-07 12:29:07,10,11,3082,16579
2023-03-07 12:29:11,9,11,3345,16842
2023-03-07 12:29:13,9,11,3309,16878
2023-03-07 12:29:13,9,10,3309,16878
2023-03-07 12:29:26,9,10,3117,17070
2023-03-07 12:29:47,9,11,3117,17070
2023-03-07 12:29:47,7,9,3113,17074
2023-03-07 12:30:04,7,10,3113,17074
2023-03-07 12:30:05,7,8,3113,17074
2023-03-07 12:30:12,6,8,3113,17074
2023-03-07 12:30:18,7,8,3113,17074
2023-03-07 12:30:22,7,9,3113,17074
2023-03-07 12:30:38,7,8,3113,17074
2023-03-07 12:30:38,6,7,3109,17078
2023-03-07 12:30:39,6,8,3074,17113
2023-03-07 12:30:56,6,8,3070,17117
2023-03-07 12:31:02,6,9,3070,17117
2023-03-07 12:31:02,6,8,3070,17117
2023-03-07 12:31:23,6,10,3070,17117
2023-03-07 12:31:24,6,9,3070,17117
2023-03-07 12:31:24,6,8,3070,17117
2023-03-07 12:31:28,7,8,3070,17117
2023-03-07 12:31:45,7,9,3070,17117
2023-03-07 12:31:45,7,8,3070,17117
2023-03-07 12:31:57,7,9,3070,17117
2023-03-07 12:31:57,7,8,3070,17117
2023-03-07 12:32:40,7,9,3070,17117
2023-03-07 12:32:40,7,8,3070,17117
2023-03-07 12:32:56,7,9,3070,17117
2023-03-07 12:33:37,7,8,3070,17117
2023-03-07 12:33:47,7,9,3070,17117
2023-03-07 12:33:47,7,8,3070,17117
2023-03-07 12:34:44,7,9,3070,17117
2023-03-07 12:34:45,7,8,3070,17117
2023-03-07 12:34:58,7,9,3070,17117
2023-03-07 12:34:58,7,8,3070,17117
2023-03-07 12:35:19,7,8,3065,17122
2023-03-07 12:35:24,7,9,3065,17122
2023-03-07 12:35:59,7,8,3065,17122
2023-03-07 12:36:21,7,9,3065,17122
2023-03-07 12:36:21,7,8,3065,17122
2023-03-07 12:36:24,6,8,3065,17127
2023-03-07 12:36:34,6,9,3065,17127
2023-03-07 12:36:34,6,8,3065,17127
2023-03-07 12:36:35,6,7,3065,17127
2023-03-07 12:36:52,6,8,3065,17127
2023-03-07 12:36:52,6,7,3065,17127
2023-03-07 12:37:08,6,8,3065,17127
2023-03-07 12:37:30,6,7,3065,17127
2023-03-07 12:38:04,6,8,3065,17127
2023-03-07 12:38:05,6,7,3065,17127
2023-03-07 12:38:26,5,7,3065,17127
2023-03-07 12:38:26,5,9,3065,17127
2023-03-07 12:38:26,5,6,3065,17127
2023-03-07 12:38:27,5,6,3060,17132
2023-03-07 12:38:44,5,7,3060,17132
2023-03-07 12:38:45,5,6,3060,17132
2023-03-07 12:39:25,5,7,3060,17132
2023-03-07 12:39:42,5,6,3060,17132
2023-03-07 12:39:56,5,7,3060,17132
2023-03-07 12:40:57,5,6,3060,17132
2023-03-07 12:41:28,5,7,3060,17132
2023-03-07 12:41:28,5,6,3060,17132
2023-03-07 12:42:01,4,5,3055,17137
2023-03-07 12:42:13,4,5,3049,17143
2023-03-07 12:42:16,4,6,3049,17143
2023-03-07 12:42:16,4,5,3049,17143
2023-03-07 12:42:28,3,5,3152,17271
2023-03-07 12:42:50,4,5,3152,17271
2023-03-07 12:43:21,3,4,3146,17277
2023-03-07 12:43:28,3,4,3140,17283
2023-03-07 12:45:47,4,5,3140,17300
2023-03-07 12:45:57,3,6,3140,17300
2023-03-07 12:45:57,4,6,3140,17300
2023-03-07 12:45:58,4,5,3140,17300
2023-03-07 12:46:23,3,5,3140,17300
2023-03-07 12:46:23,4,5,3140,17300
2023-03-07 12:46:30,3,5,3140,17300
2023-03-07 12:47:03,4,5,3140,17300
2023-03-07 12:47:18,4,6,3146,17476
2023-03-07 12:47:20,4,7,3146,17476
2023-03-07 12:47:20,4,6,3146,17476
2023-03-07 12:47:31,3,6,3146,17476
2023-03-07 12:47:47,4,6,3146,17476
2023-03-07 12:47:52,3,6,3146,17476
2023-03-07 12:47:52,3,7,3146,17476
2023-03-07 12:47:52,3,6,3146,17476
2023-03-07 12:47:52,3,5,3146,17476
2023-03-07 12:47:53,4,5,3146,17476
2023-03-07 12:48:03,4,6,3146,17476
2023-03-07 12:48:03,4,5,3146,17476
2023-03-07 12:48:07,3,5,3146,17482
2023-03-07 12:48:18,4,5,3146,17482
2023-03-07 12:48:27,4,6,3146,17482
2023-03-07 12:48:27,4,5,3146,17482
2023-03-07 12:49:08,4,6,3146,17482
2023-03-07 12:49:08,4,5,3146,17482
2023-03-07 12:49:45,4,6,3146,17482
2023-03-07 12:50:23,4,5,3146,17482
2023-03-07 12:50:39,4,6,3152,17527
2023-03-07 12:50:59,4,7,3152,17527
2023-03-07 12:51:00,5,7,3152,17527
2023-03-07 12:51:01,5,6,3152,17527
2023-03-07 12:51:10,6,7,3158,17533
2023-03-07 12:51:30,4,6,3158,17560
2023-03-07 12:53:17,3,6,3671,18079
2023-03-07 12:53:27,3,5,3671,18079
2023-03-07 12:53:31,4,5,3671,18079
2023-03-07 12:54:06,3,5,3671,18079
2023-03-07 12:54:38,3,4,3671,18079
2023-03-07 12:54:44,2,4,3671,18079
2023-03-07 12:54:46,3,4,3671,18079
2023-03-07 12:54:53,3,5,3671,18079
2023-03-07 12:54:53,3,4,3671,18079
2023-03-07 12:55:08,3,5,3671,18079
2023-03-07 12:55:08,3,4,3671,18079
2023-03-07 12:55:29,2,4,3704,18118
2023-03-07 12:55:52,1,4,3704,18118
2023-03-07 12:55:52,1,5,3704,18118
2023-03-07 12:55:52,2,5,3704,18118
2023-03-07 12:55:52,2,4,3704,18118
2023-03-07 12:56:00,3,4,3704,18118
2023-03-07 12:56:05,3,5,3704,18118
2023-03-07 12:56:38,2,5,3704,18118
2023-03-07 12:56:39,3,5,3704,18118
2023-03-07 12:57:15,2,5,3704,18118
2023-03-07 12:57:17,3,5,3704,18118
2023-03-07 12:57:26,2,5,3697,18125
2023-03-07 12:57:31,2,4,3697,18125
2023-03-07 12:57:53,2,5,3697,18125
2023-03-07 12:57:55,3,5,3697,18125
2023-03-07 12:57:56,2,5,3690,18132
2023-03-07 12:58:33,2,3,3690,18132
2023-03-07 12:59:10,2,5,3690,18132
2023-03-07 12:59:11,2,3,3690,18132
2023-03-07 12:59:46,2,4,3690,18132
2023-03-07 12:59:48,2,3,3690,18132
2023-03-07 13:00:25,2,4,3690,18132
2023-03-07 13:00:27,2,3,3690,18132
2023-03-07 13:00:41,2,3,3690,18159
2023-03-07 13:01:05,2,4,3690,18159
2023-03-07 13:01:05,2,3,3690,18159
2023-03-07 13:04:54,1,3,3690,18232
2023-03-07 13:23:23,1,3,3656,18266
2023-03-07 13:25:26,1,2,3656,18266
2023-03-07 13:26:29,2,3,3690,18300
2023-03-07 13:26:30,2,3,3698,18308
2023-03-07 13:26:30,2,3,3706,18316
2023-03-07 13:26:30,2,3,3724,18334
2023-03-07 13:26:30,2,3,3742,18352
2023-03-07 13:33:36,2,3,3750,18360
2023-03-07 13:35:11,2,3,3806,18416
2023-03-07 13:38:05,2,3,3814,18424
2023-03-07 13:38:27,2,3,3834,18444
2023-03-07 13:39:37,1,3,3834,18444
2023-03-07 13:43:41,1,2,3834,18444
2023-03-07 13:43:56,0,2,3729,18549
2023-03-07 14:00:33,0,2,3729,18552
2023-03-07 14:01:13,0,2,3729,18555
2023-03-07 14:01:53,1,2,3729,18555
2023-03-07 14:04:11,0,1,3725,18559
2023-03-07 14:04:30,0,1,3721,18563
2023-03-07 15:44:24,0,1,3717,18567
