datetime,bid,ask,open_interest,volume
2023-09-25 09:30:41,6,48,642,642
2023-09-25 09:30:53,6,54,642,642
2023-09-25 09:31:00,6,30,642,642
2023-09-25 09:31:00,25,30,642,642
2023-09-25 09:31:00,27,29,642,642
2023-09-25 09:31:29,27,30,642,642
2023-09-25 09:31:29,27,29,642,642
2023-09-25 09:31:56,27,30,1042,1042
2023-09-25 09:32:03,27,29,1042,1042
2023-09-25 09:32:39,27,29,1042,1251
2023-09-25 09:32:51,26,29,1042,1251
2023-09-25 09:32:52,27,29,1042,1251
2023-09-25 09:33:11,26,29,1042,1251
2023-09-25 09:34:12,27,29,1042,1251
2023-09-25 09:35:33,27,30,1042,1251
2023-09-25 09:35:42,27,29,1042,1251
2023-09-25 09:35:44,27,30,1042,1251
2023-09-25 09:38:01,27,29,1042,1251
2023-09-25 09:38:51,27,30,1042,1251
2023-09-25 09:39:14,27,30,1057,1457
2023-09-25 09:39:15,28,30,1057,1457
2023-09-25 09:39:53,27,28,1063,1463
2023-09-25 09:39:54,27,28,1069,1469
2023-09-25 09:39:55,28,30,1071,1471
2023-09-25 09:40:30,28,29,1071,1471
2023-09-25 09:40:33,28,30,1071,1471
2023-09-25 09:40:53,28,29,1071,1471
2023-09-25 09:41:02,28,30,1071,1471
2023-09-25 09:41:13,27,28,1077,1477
2023-09-25 09:45:26,27,29,1077,1477
2023-09-25 09:45:46,27,30,1077,1477
2023-09-25 09:45:49,27,30,1401,1801
2023-09-25 09:45:50,28,30,1401,1801
2023-09-25 09:46:11,28,29,1401,1801
2023-09-25 09:46:36,28,29,1501,1901
2023-09-25 09:46:41,27,29,1501,1901
2023-09-25 09:46:41,26,29,1501,1901
2023-09-25 09:46:50,26,28,1501,1901
2023-09-25 09:46:51,26,29,1501,1901
2023-09-25 09:46:54,26,28,1501,1901
2023-09-25 09:47:01,26,29,1501,1901
2023-09-25 09:47:02,26,28,1501,1901
2023-09-25 09:47:09,26,28,1502,1902
2023-09-25 09:47:19,26,28,2002,2402
2023-09-25 09:47:58,26,29,2002,2402
2023-09-25 09:48:01,26,28,2002,2402
2023-09-25 09:48:02,26,29,2002,2402
2023-09-25 09:48:07,26,28,2002,2402
2023-09-25 09:48:30,26,29,2002,2402
2023-09-25 09:48:33,26,28,2002,2402
2023-09-25 09:48:47,26,29,2002,2402
2023-09-25 09:48:53,26,28,2002,2402
2023-09-25 09:48:54,26,29,2002,2402
2023-09-25 09:48:57,27,29,2002,2402
2023-09-25 09:50:08,26,29,2002,2402
2023-09-25 09:50:08,26,28,2002,2402
2023-09-25 09:50:50,26,29,2002,2402
2023-09-25 09:50:56,26,28,2002,2402
2023-09-25 09:51:11,26,29,2002,2402
2023-09-25 09:51:13,26,28,2002,2402
2023-09-25 09:51:14,26,29,2002,2402
2023-09-25 09:51:31,26,28,2002,2402
2023-09-25 09:51:42,26,29,2002,2402
2023-09-25 09:51:44,26,28,2002,2402
2023-09-25 09:51:45,26,29,2002,2402
2023-09-25 09:51:56,26,28,2002,2402
2023-09-25 09:51:58,26,29,2002,2402
2023-09-25 09:52:13,26,28,2002,2402
2023-09-25 09:52:14,26,29,2002,2402
2023-09-25 09:52:28,27,29,2002,2402
2023-09-25 09:52:41,26,29,2002,2402
2023-09-25 09:52:42,26,28,2002,2402
2023-09-25 09:53:00,26,29,2002,2402
2023-09-25 09:53:02,27,29,2002,2402
2023-09-25 09:53:09,27,30,2002,2402
2023-09-25 09:53:41,27,29,2002,2402
2023-09-25 09:53:46,27,30,2002,2402
2023-09-25 09:53:47,27,29,2002,2402
2023-09-25 09:54:13,27,30,2002,2402
2023-09-25 09:54:33,27,29,2002,2402
2023-09-25 09:55:51,26,29,2002,2402
2023-09-25 09:55:55,26,28,2002,2402
2023-09-25 09:55:58,26,29,2002,2402
2023-09-25 09:56:06,26,28,2002,2402
2023-09-25 09:57:03,25,28,2002,2402
2023-09-25 09:57:04,25,27,2002,2402
2023-09-25 09:57:04,25,26,2002,2402
2023-09-25 09:57:11,26,28,2022,2422
2023-09-25 09:57:15,25,28,2022,2422
2023-09-25 09:57:18,26,28,2022,2422
2023-09-25 09:57:31,26,29,2022,2422
2023-09-25 09:58:01,27,29,2022,2422
2023-09-25 09:58:28,27,30,2022,2422
2023-09-25 09:58:31,27,29,2022,2422
2023-09-25 09:59:32,27,30,2022,2422
2023-09-25 09:59:33,27,29,2022,2422
2023-09-25 10:00:56,27,28,2022,2422
2023-09-25 10:00:57,26,28,2022,2422
2023-09-25 10:01:05,26,29,2022,2422
2023-09-25 10:01:06,27,29,2022,2422
2023-09-25 10:01:09,27,30,2022,2422
2023-09-25 10:01:10,27,29,2022,2422
2023-09-25 10:01:13,27,30,2022,2422
2023-09-25 10:01:27,27,29,2022,2422
2023-09-25 10:01:33,27,30,2022,2422
2023-09-25 10:01:39,28,30,2022,2422
2023-09-25 10:02:07,28,31,2022,2422
2023-09-25 10:02:10,29,31,2022,2422
2023-09-25 10:08:00,29,32,2022,2422
2023-09-25 10:08:00,30,32,2022,2422
2023-09-25 10:08:35,31,32,2022,2422
2023-09-25 10:10:36,31,33,2022,2622
2023-09-25 10:10:41,31,32,2022,2622
2023-09-25 10:10:48,30,32,2022,2622
2023-09-25 10:11:07,30,33,2022,2622
2023-09-25 10:11:08,30,32,2022,2622
2023-09-25 10:11:10,30,33,2022,2622
2023-09-25 10:11:14,30,32,2022,2622
2023-09-25 10:11:18,30,33,2022,2622
2023-09-25 10:11:19,30,31,2022,2622
2023-09-25 10:11:31,30,32,2022,2622
2023-09-25 10:11:45,30,31,2022,2622
2023-09-25 10:14:04,30,31,2322,2922
2023-09-25 10:14:27,29,31,2322,2922
2023-09-25 10:15:01,30,31,2322,2922
2023-09-25 10:15:31,29,31,2322,2922
2023-09-25 10:18:27,30,31,2322,2922
2023-09-25 10:19:49,31,33,2372,2972
2023-09-25 10:20:18,31,32,2372,2972
2023-09-25 10:20:26,31,33,2372,2972
2023-09-25 10:21:08,31,32,2372,2972
2023-09-25 10:21:14,31,33,2397,2997
2023-09-25 10:22:50,31,34,2397,2997
2023-09-25 10:24:04,31,33,2397,2997
2023-09-25 10:25:01,31,34,2397,2997
2023-09-25 10:26:23,31,34,2730,3330
2023-09-25 10:26:24,32,34,2730,3330
2023-09-25 10:26:41,31,34,2730,3330
2023-09-25 10:26:41,33,34,2730,3330
2023-09-25 10:32:30,33,34,2730,3340
2023-09-25 10:34:00,33,34,2530,3540
2023-09-25 10:34:02,32,33,2397,3673
2023-09-25 10:34:02,31,33,2397,3673
2023-09-25 10:34:57,31,34,2397,3673
2023-09-25 10:35:10,31,33,2397,3673
2023-09-25 10:35:16,31,34,2397,3673
2023-09-25 10:35:23,32,34,2397,3673
2023-09-25 10:41:00,32,34,2397,4006
2023-09-25 10:41:01,33,34,2397,4006
2023-09-25 10:43:46,33,35,2397,4006
2023-09-25 10:44:21,33,34,2397,4006
2023-09-25 10:44:36,34,35,2472,4081
2023-09-25 10:45:09,33,35,2472,4081
2023-09-25 10:47:16,32,35,2472,4081
2023-09-25 10:47:16,32,34,2472,4081
2023-09-25 10:47:43,32,35,2472,4081
2023-09-25 10:48:15,33,35,2472,4081
2023-09-25 10:48:43,32,35,2472,4081
2023-09-25 10:48:50,33,35,2472,4081
2023-09-25 10:50:11,34,35,2472,4081
2023-09-25 10:50:17,34,36,2472,4081
2023-09-25 10:50:31,35,36,2472,4081
2023-09-25 10:51:42,35,37,2472,4081
2023-09-25 10:51:45,36,37,2472,4081
2023-09-25 10:54:50,36,37,2497,4106
2023-09-25 10:58:32,36,37,2897,4506
2023-09-25 10:58:39,35,37,3072,4681
2023-09-25 10:58:40,35,36,3072,4681
2023-09-25 10:59:26,35,37,3283,4892
2023-09-25 10:59:26,35,36,3283,4892
2023-09-25 10:59:32,35,36,3283,4912
2023-09-25 10:59:40,35,37,3283,4912
2023-09-25 10:59:41,35,36,3283,4912
2023-09-25 10:59:42,35,37,3283,4912
2023-09-25 10:59:43,35,36,3283,4912
2023-09-25 10:59:59,35,37,3283,4912
2023-09-25 11:00:03,36,37,3283,4912
2023-09-25 11:00:04,35,37,3283,4912
2023-09-25 11:00:07,35,36,3283,4912
2023-09-25 11:00:08,35,37,3283,4912
2023-09-25 11:00:13,35,36,3283,4912
2023-09-25 11:00:26,35,37,3526,5155
2023-09-25 11:00:26,35,36,3526,5155
2023-09-25 11:00:33,35,37,3526,5155
2023-09-25 11:00:35,35,36,3526,5155
2023-09-25 11:00:38,35,37,3526,5155
2023-09-25 11:00:40,35,36,3526,5155
2023-09-25 11:00:42,35,37,3526,5155
2023-09-25 11:00:47,36,37,3526,5155
2023-09-25 11:00:49,35,37,3526,5155
2023-09-25 11:00:57,35,36,3526,5155
2023-09-25 11:00:59,35,37,3526,5155
2023-09-25 11:01:00,36,37,3526,5155
2023-09-25 11:01:01,35,37,3526,5155
2023-09-25 11:01:04,35,36,3526,5155
2023-09-25 11:01:07,35,37,3526,5155
2023-09-25 11:01:08,36,37,3526,5155
2023-09-25 11:01:10,35,37,3526,5155
2023-09-25 11:01:11,35,36,3526,5155
2023-09-25 11:04:52,35,36,3926,5555
2023-09-25 11:04:54,35,36,4120,5749
2023-09-25 11:04:55,34,36,4120,5749
2023-09-25 11:04:55,34,35,4120,5749
2023-09-25 11:05:28,34,35,4520,6149
2023-09-25 11:05:36,34,36,4520,6149
2023-09-25 11:05:38,34,35,4520,6149
2023-09-25 11:05:39,34,36,4520,6149
2023-09-25 11:05:42,35,36,4520,6149
2023-09-25 11:05:44,34,36,4520,6149
2023-09-25 11:05:48,35,36,4520,6149
2023-09-25 11:05:54,34,36,4520,6149
2023-09-25 11:05:59,34,35,4520,6149
2023-09-25 11:06:05,34,36,4520,6149
2023-09-25 11:06:09,35,36,4520,6149
2023-09-25 11:06:11,34,36,4520,6149
2023-09-25 11:06:14,35,36,4520,6149
2023-09-25 11:06:15,34,36,4520,6149
2023-09-25 11:06:17,35,36,4520,6149
2023-09-25 11:06:23,34,36,4520,6149
2023-09-25 11:06:24,35,36,4520,6149
2023-09-25 11:06:25,34,36,4520,6149
2023-09-25 11:06:27,34,35,4520,6149
2023-09-25 11:06:28,34,36,4520,6149
2023-09-25 11:06:32,35,36,4520,6149
2023-09-25 11:06:32,34,36,4520,6149
2023-09-25 11:06:34,34,35,4520,6149
2023-09-25 11:06:41,34,36,4520,6149
2023-09-25 11:06:42,34,35,4520,6149
2023-09-25 11:07:05,34,36,4520,6149
2023-09-25 11:07:06,34,35,4520,6149
2023-09-25 11:07:07,34,36,4520,6149
2023-09-25 11:07:09,34,35,4520,6149
2023-09-25 11:08:04,33,35,4720,6349
2023-09-25 11:08:05,33,34,4720,6349
2023-09-25 11:08:14,33,34,4845,6474
2023-09-25 11:08:14,33,35,4845,6553
2023-09-25 11:08:14,33,34,4845,6553
2023-09-25 11:08:14,33,34,4970,6678
2023-09-25 11:08:20,33,35,4970,6678
2023-09-25 11:08:21,33,34,4970,6678
2023-09-25 11:08:22,33,34,5095,6803
2023-09-25 11:08:22,33,35,5095,6803
2023-09-25 11:08:24,34,35,5095,6803
2023-09-25 11:08:25,34,36,5095,6803
2023-09-25 11:08:31,34,35,5095,6803
2023-09-25 11:08:33,33,35,5095,6803
2023-09-25 11:08:36,34,35,5095,6803
2023-09-25 11:08:41,33,35,5095,6803
2023-09-25 11:08:42,33,35,4895,7003
2023-09-25 11:08:42,32,35,4895,7003
2023-09-25 11:08:43,33,35,4895,7003
2023-09-25 11:08:44,33,36,4895,7003
2023-09-25 11:08:44,34,36,4895,7003
2023-09-25 11:08:50,34,35,4895,7003
2023-09-25 11:08:54,33,35,4895,7003
2023-09-25 11:09:01,32,35,4895,7003
2023-09-25 11:09:01,33,35,4895,7003
2023-09-25 11:09:02,34,35,4895,7003
2023-09-25 11:09:09,33,34,4703,7195
2023-09-25 11:09:10,33,35,4703,7195
2023-09-25 11:09:10,33,34,4703,7195
2023-09-25 11:09:18,33,34,4503,7395
2023-09-25 11:09:19,32,34,4503,7395
2023-09-25 11:09:21,33,34,4503,7395
2023-09-25 11:09:22,32,34,4503,7395
2023-09-25 11:09:23,33,34,4503,7395
2023-09-25 11:09:26,32,34,4503,7395
2023-09-25 11:09:30,33,34,4503,7395
2023-09-25 11:09:31,32,34,4503,7395
2023-09-25 11:09:32,33,34,4503,7395
2023-09-25 11:09:47,32,34,4503,7395
2023-09-25 11:09:49,33,34,4503,7395
2023-09-25 11:09:50,32,34,4503,7395
2023-09-25 11:10:05,32,33,4503,7395
2023-09-25 11:10:06,32,33,4528,7420
2023-09-25 11:10:12,32,34,4528,7420
2023-09-25 11:10:13,32,33,4528,7420
2023-09-25 11:10:14,32,34,4528,7420
2023-09-25 11:10:15,32,33,4528,7420
2023-09-25 11:10:16,32,34,4528,7420
2023-09-25 11:10:19,32,34,4503,7620
2023-09-25 11:10:50,31,34,4503,7620
2023-09-25 11:10:55,31,33,4503,7620
2023-09-25 11:10:56,31,32,4503,7620
2023-09-25 11:10:56,31,32,4503,7680
2023-09-25 11:11:09,31,33,4503,7680
2023-09-25 11:11:10,31,32,4503,7680
2023-09-25 11:11:59,30,32,4703,7880
2023-09-25 11:12:00,30,31,4703,7880
2023-09-25 11:12:05,30,32,4703,7880
2023-09-25 11:12:07,31,32,4703,7880
2023-09-25 11:12:08,31,34,4703,7880
2023-09-25 11:12:09,31,33,4703,7880
2023-09-25 11:12:09,31,32,4703,7880
2023-09-25 11:12:10,31,34,4703,7880
2023-09-25 11:12:11,31,33,4703,7880
2023-09-25 11:12:17,31,32,4703,7880
2023-09-25 11:12:21,30,32,4703,7880
2023-09-25 11:13:00,29,32,4703,7880
2023-09-25 11:13:17,29,31,4703,7880
2023-09-25 11:13:19,29,30,4703,7880
2023-09-25 11:13:30,28,30,4703,7880
2023-09-25 11:13:31,28,29,4703,7880
2023-09-25 11:13:33,28,29,4828,8005
2023-09-25 11:13:36,28,30,4910,8087
2023-09-25 11:13:38,28,29,4910,8087
2023-09-25 11:13:38,28,29,5035,8212
2023-09-25 11:13:39,28,30,5035,8212
2023-09-25 11:13:40,29,30,5035,8212
2023-09-25 11:13:42,29,31,5035,8212
2023-09-25 11:13:50,29,30,5035,8212
2023-09-25 11:13:53,29,31,5035,8212
2023-09-25 11:14:01,29,33,5035,8212
2023-09-25 11:14:02,29,32,5035,8212
2023-09-25 11:14:03,29,31,5035,8212
2023-09-25 11:14:40,28,31,5035,8212
2023-09-25 11:14:54,29,31,5035,8212
2023-09-25 11:14:58,28,31,5035,8212
2023-09-25 11:15:01,29,31,5035,8212
2023-09-25 11:15:03,28,31,5035,8212
2023-09-25 11:15:24,28,30,5035,8212
2023-09-25 11:15:25,28,29,5035,8212
2023-09-25 11:15:28,28,29,5160,8337
2023-09-25 11:15:29,28,30,5257,8434
2023-09-25 11:15:30,28,29,5257,8434
2023-09-25 11:15:32,28,29,5382,8559
2023-09-25 11:15:52,28,30,5382,8559
2023-09-25 11:15:53,28,29,5382,8559
2023-09-25 11:15:59,27,29,5457,8634
2023-09-25 11:16:00,26,29,5457,8634
2023-09-25 11:16:01,26,28,5457,8634
2023-09-25 11:16:01,26,28,5582,8759
2023-09-25 11:16:03,26,27,5582,8759
2023-09-25 11:16:06,26,27,5707,8884
2023-09-25 11:16:08,26,28,5763,8940
2023-09-25 11:16:09,26,27,5763,8940
2023-09-25 11:16:11,26,27,5888,9065
2023-09-25 11:16:14,26,27,6013,9190
2023-09-25 11:16:16,26,28,6013,9190
2023-09-25 11:16:19,26,27,6013,9190
2023-09-25 11:16:28,26,27,6138,9315
2023-09-25 11:16:33,26,28,6138,9315
2023-09-25 11:16:34,26,27,6138,9315
2023-09-25 11:16:34,26,27,6258,9435
2023-09-25 11:16:34,25,27,6258,9435
2023-09-25 11:16:35,25,26,6258,9435
2023-09-25 11:16:35,23,26,6658,9835
2023-09-25 11:16:36,23,27,6658,9835
2023-09-25 11:16:36,23,25,6658,9835
2023-09-25 11:16:37,23,24,6658,9835
2023-09-25 11:16:42,23,25,6658,9835
2023-09-25 11:16:56,23,24,6658,9835
2023-09-25 11:16:57,23,25,6658,9835
2023-09-25 11:17:04,23,24,6658,9835
2023-09-25 11:17:06,23,24,6783,9960
2023-09-25 11:17:08,23,25,6783,9960
2023-09-25 11:17:14,24,25,6783,9960
2023-09-25 11:17:16,23,25,6783,9960
2023-09-25 11:17:17,24,25,6783,9960
2023-09-25 11:17:23,23,25,6783,9960
2023-09-25 11:17:25,24,25,6783,9960
2023-09-25 11:17:26,24,27,6783,9960
2023-09-25 11:17:27,24,26,6783,9960
2023-09-25 11:17:28,23,26,6783,9960
2023-09-25 11:17:28,23,25,6783,9960
2023-09-25 11:17:34,24,25,6783,9960
2023-09-25 11:17:38,23,25,6783,9960
2023-09-25 11:17:50,24,25,6783,9960
2023-09-25 11:17:51,23,25,6783,9960
2023-09-25 11:17:52,24,25,6783,9960
2023-09-25 11:17:52,24,25,6383,10360
2023-09-25 11:17:53,24,25,6183,10560
2023-09-25 11:17:54,22,25,6183,10560
2023-09-25 11:17:55,22,24,6183,10560
2023-09-25 11:17:57,22,23,6183,10560
2023-09-25 11:18:11,22,23,6583,10960
2023-09-25 11:18:16,22,23,6768,11145
2023-09-25 11:18:17,21,23,6768,11145
2023-09-25 11:18:20,20,23,6768,11145
2023-09-25 11:18:26,20,22,6768,11145
2023-09-25 11:18:29,20,23,6768,11145
2023-09-25 11:18:40,21,23,6768,11145
2023-09-25 11:18:40,21,23,6769,11146
2023-09-25 11:18:43,21,22,6769,11146
2023-09-25 11:18:43,20,22,6769,11146
2023-09-25 11:18:56,20,23,6769,11146
2023-09-25 11:18:58,20,23,6770,11147
2023-09-25 11:19:08,21,23,6770,11147
2023-09-25 11:19:27,20,23,6770,11147
2023-09-25 11:19:31,20,22,6770,11147
2023-09-25 11:19:50,20,23,6770,11147
2023-09-25 11:19:55,20,22,6770,11147
2023-09-25 11:19:56,20,23,6770,11147
2023-09-25 11:19:56,20,22,6770,11147
2023-09-25 11:20:31,21,22,6770,11147
2023-09-25 11:20:41,21,22,6895,11272
2023-09-25 11:20:43,21,23,6959,11336
2023-09-25 11:20:43,21,22,6959,11336
2023-09-25 11:20:46,21,22,7084,11461
2023-09-25 11:20:46,21,23,7084,11461
2023-09-25 11:20:47,22,23,7084,11461
2023-09-25 11:20:50,22,23,7209,11586
2023-09-25 11:20:50,22,25,7209,11586
2023-09-25 11:20:51,22,24,7209,11586
2023-09-25 11:21:02,22,24,7334,11711
2023-09-25 11:21:03,22,25,7334,11711
2023-09-25 11:21:08,23,25,7334,11711
2023-09-25 11:21:21,23,24,7334,11711
2023-09-25 11:21:22,22,24,7334,11711
2023-09-25 11:21:25,22,25,7334,11711
2023-09-25 11:21:25,23,25,7334,11711
2023-09-25 11:21:26,24,25,7334,11711
2023-09-25 11:21:28,23,25,7334,11711
2023-09-25 11:21:30,23,24,7334,11711
2023-09-25 11:21:32,22,24,7334,11711
2023-09-25 11:21:35,22,23,7334,11711
2023-09-25 11:21:39,22,23,7459,11836
2023-09-25 11:21:44,22,24,7518,11895
2023-09-25 11:22:01,21,24,7518,11895
2023-09-25 11:22:51,22,24,7518,11895
2023-09-25 11:23:26,22,23,7518,11895
2023-09-25 11:23:30,20,23,7518,11895
2023-09-25 11:23:32,21,23,7518,11895
2023-09-25 11:23:36,20,23,7518,11895
2023-09-25 11:23:43,20,22,7518,11895
2023-09-25 11:24:06,19,22,7518,11895
2023-09-25 11:24:11,19,21,7518,11895
2023-09-25 11:25:23,20,21,7518,11895
2023-09-25 11:25:23,20,21,7768,12145
2023-09-25 11:25:24,19,21,7768,12145
2023-09-25 11:25:26,19,21,7893,12270
2023-09-25 11:25:27,19,21,8018,12395
2023-09-25 11:25:28,20,21,8018,12395
2023-09-25 11:25:28,20,22,8022,12399
2023-09-25 11:25:30,20,21,8022,12399
2023-09-25 11:25:32,20,21,8147,12524
2023-09-25 11:25:32,20,22,8147,12524
2023-09-25 11:25:36,20,21,8147,12524
2023-09-25 11:25:37,20,21,8272,12649
2023-09-25 11:25:38,20,22,8272,12649
2023-09-25 11:25:42,20,24,8531,12908
2023-09-25 11:25:42,20,23,8531,12908
2023-09-25 11:25:50,20,22,8531,12908
2023-09-25 11:26:07,19,22,8531,12908
2023-09-25 11:26:09,20,22,8531,12908
2023-09-25 11:26:10,19,22,8531,12908
2023-09-25 11:26:11,20,22,8531,12908
2023-09-25 11:26:16,20,21,8531,12908
2023-09-25 11:26:31,20,22,8531,12908
2023-09-25 11:27:38,18,22,8531,12908
2023-09-25 11:27:47,19,22,8531,12908
2023-09-25 11:27:50,20,22,8531,12908
2023-09-25 11:27:50,20,22,8554,12931
2023-09-25 11:27:58,20,21,8554,12931
2023-09-25 11:28:06,20,22,8554,12931
2023-09-25 11:28:24,21,22,8554,12931
2023-09-25 11:28:26,21,22,8629,13006
2023-09-25 11:28:30,20,22,8629,13006
2023-09-25 11:28:34,20,21,8629,13006
2023-09-25 11:28:44,20,21,8754,13131
2023-09-25 11:28:44,20,22,8754,13131
2023-09-25 11:28:52,20,21,8754,13131
2023-09-25 11:28:53,20,22,8754,13131
2023-09-25 11:28:56,20,21,8754,13131
2023-09-25 11:28:57,20,21,8879,13256
2023-09-25 11:28:57,20,22,8879,13256
2023-09-25 11:29:13,20,23,8879,13256
2023-09-25 11:29:13,21,23,8879,13256
2023-09-25 11:29:14,21,22,8879,13256
2023-09-25 11:29:18,21,23,8879,13256
2023-09-25 11:29:31,21,22,8879,13256
2023-09-25 11:29:32,21,23,8879,13256
2023-09-25 11:29:33,21,22,8879,13256
2023-09-25 11:29:34,21,23,8879,13256
2023-09-25 11:29:35,21,22,8879,13256
2023-09-25 11:29:36,21,23,8879,13256
2023-09-25 11:29:44,21,22,8879,13256
2023-09-25 11:29:45,21,22,9004,13381
2023-09-25 11:29:45,21,23,9004,13381
2023-09-25 11:29:48,22,23,9004,13381
2023-09-25 11:29:48,22,25,9004,13381
2023-09-25 11:29:50,22,24,9004,13381
2023-09-25 11:29:51,22,23,9004,13381
2023-09-25 11:29:51,22,23,9129,13506
2023-09-25 11:29:52,22,24,9129,13506
2023-09-25 11:29:54,22,25,9129,13506
2023-09-25 11:29:55,22,24,9129,13506
2023-09-25 11:29:58,22,25,9129,13506
2023-09-25 11:30:00,23,25,9129,13506
2023-09-25 11:30:04,23,24,9129,13506
2023-09-25 11:30:05,23,25,9129,13506
2023-09-25 11:30:08,23,24,9129,13506
2023-09-25 11:30:12,22,24,9129,13506
2023-09-25 11:30:13,23,24,9129,13506
2023-09-25 11:30:15,23,25,9129,13506
2023-09-25 11:30:20,23,24,9129,13506
2023-09-25 11:30:21,22,24,9129,13506
2023-09-25 11:30:23,23,24,9129,13506
2023-09-25 11:30:27,23,25,9129,13506
2023-09-25 11:30:38,24,25,9129,13506
2023-09-25 11:30:43,23,25,9129,13506
2023-09-25 11:30:51,24,25,9129,13506
2023-09-25 11:30:52,23,25,9129,13506
2023-09-25 11:30:53,23,24,9129,13506
2023-09-25 11:31:13,21,24,9204,13581
2023-09-25 11:31:47,22,24,9204,13581
2023-09-25 11:31:49,23,24,9204,13581
2023-09-25 11:31:57,23,25,9204,13581
2023-09-25 11:31:58,23,24,9204,13581
2023-09-25 11:32:12,23,25,9204,13581
2023-09-25 11:32:16,23,24,9204,13581
2023-09-25 11:32:31,21,24,9279,13656
2023-09-25 11:32:54,22,24,9279,13656
2023-09-25 11:33:03,22,24,9279,13659
2023-09-25 11:33:07,22,25,9279,13659
2023-09-25 11:33:08,22,24,9279,13659
2023-09-25 11:33:09,22,25,9279,13659
2023-09-25 11:33:11,22,24,9279,13659
2023-09-25 11:33:12,22,25,9279,13659
2023-09-25 11:33:13,22,24,9279,13659
2023-09-25 11:33:18,23,24,9279,13659
2023-09-25 11:33:22,22,24,9279,13659
2023-09-25 11:34:21,22,23,9279,13659
2023-09-25 11:34:49,21,23,9279,13659
2023-09-25 11:35:22,22,23,9279,13659
2023-09-25 11:36:45,21,23,9354,13734
2023-09-25 11:36:54,20,23,9354,13734
2023-09-25 11:37:08,21,23,9354,13734
2023-09-25 11:37:42,22,23,9354,13734
2023-09-25 11:39:14,22,23,9479,13859
2023-09-25 11:39:27,21,23,9479,13859
2023-09-25 11:39:29,21,22,9479,13859
2023-09-25 11:39:29,21,22,9479,13862
2023-09-25 11:39:32,21,22,9604,13987
2023-09-25 11:39:33,21,22,9604,14047
2023-09-25 11:39:33,21,23,9641,14084
2023-09-25 11:39:36,22,23,9641,14084
2023-09-25 11:39:38,21,23,9641,14084
2023-09-25 11:39:51,22,23,9641,14084
2023-09-25 11:40:00,21,23,9641,14084
2023-09-25 11:40:01,22,23,9641,14084
2023-09-25 11:40:06,22,24,9641,14084
2023-09-25 11:40:07,22,23,9641,14084
2023-09-25 11:40:08,22,23,9716,14159
2023-09-25 11:40:08,22,24,9716,14159
2023-09-25 11:40:52,22,25,9716,14159
2023-09-25 11:40:53,22,24,9716,14159
2023-09-25 11:41:07,22,24,9716,14219
2023-09-25 11:41:07,23,24,9716,14219
2023-09-25 11:41:07,23,25,9716,14219
2023-09-25 11:41:08,24,25,9716,14219
2023-09-25 11:41:12,23,25,9716,14219
2023-09-25 11:41:47,22,25,9716,14219
2023-09-25 11:42:01,21,25,9716,14219
2023-09-25 11:42:01,21,24,9716,14219
2023-09-25 11:42:39,21,25,9716,14219
2023-09-25 11:42:39,21,23,9716,14219
2023-09-25 11:42:40,21,22,9716,14219
2023-09-25 11:42:44,21,22,9841,14344
2023-09-25 11:42:48,21,24,9916,14419
2023-09-25 11:42:54,21,25,9916,14419
2023-09-25 11:42:54,21,23,9916,14419
2023-09-25 11:43:01,21,24,9916,14419
2023-09-25 11:43:02,21,22,9916,14419
2023-09-25 11:43:02,21,24,9522,14813
2023-09-25 11:43:03,21,23,9522,14813
2023-09-25 11:43:04,20,23,9522,14813
2023-09-25 11:43:06,20,22,9522,14813
2023-09-25 11:43:21,19,22,9522,14813
2023-09-25 11:43:54,19,21,9522,14813
2023-09-25 11:44:34,18,21,9522,14813
2023-09-25 11:44:40,18,20,9522,14813
2023-09-25 11:44:40,18,20,9722,15013
2023-09-25 11:44:40,18,21,9722,15013
2023-09-25 11:44:40,18,20,9722,15013
2023-09-25 11:45:06,18,21,9722,15013
2023-09-25 11:45:06,18,19,9722,15013
2023-09-25 11:45:11,17,19,9722,15013
2023-09-25 11:45:28,17,22,9722,15013
2023-09-25 11:45:28,18,20,9722,15013
2023-09-25 11:45:32,19,20,9722,15013
2023-09-25 11:45:33,19,23,9722,15013
2023-09-25 11:45:33,19,21,9722,15013
2023-09-25 11:45:40,19,21,9722,15023
2023-09-25 11:45:45,19,22,9722,15023
2023-09-25 11:45:45,19,20,9722,15023
2023-09-25 11:45:47,18,20,9722,15023
2023-09-25 11:46:03,18,21,9722,15023
2023-09-25 11:46:03,18,19,9722,15023
2023-09-25 11:46:03,17,19,9722,15023
2023-09-25 11:46:36,17,22,9722,15023
2023-09-25 11:46:36,17,20,9722,15023
2023-09-25 11:46:39,18,20,9722,15023
2023-09-25 11:46:41,18,23,9722,15023
2023-09-25 11:46:41,18,21,9722,15023
2023-09-25 11:46:42,19,21,9722,15023
2023-09-25 11:46:44,19,24,9722,15023
2023-09-25 11:46:44,19,22,9722,15023
2023-09-25 11:47:11,19,23,9722,15023
2023-09-25 11:47:11,19,21,9722,15023
2023-09-25 11:47:46,19,23,9722,15023
2023-09-25 11:47:46,19,20,9722,15023
2023-09-25 11:47:52,18,20,9722,15023
2023-09-25 11:48:40,18,23,9722,15023
2023-09-25 11:48:40,18,21,9722,15023
2023-09-25 11:48:47,18,22,9722,15023
2023-09-25 11:48:47,18,20,9722,15023
2023-09-25 11:49:01,18,23,9722,15023
2023-09-25 11:49:01,18,21,9722,15023
2023-09-25 11:49:03,19,21,9722,15023
2023-09-25 11:49:40,19,24,9722,15023
2023-09-25 11:49:40,19,22,9722,15023
2023-09-25 11:49:40,20,22,9722,15023
2023-09-25 11:49:41,19,22,9722,15023
2023-09-25 11:49:41,20,22,9722,15023
2023-09-25 11:50:15,20,25,9722,15023
2023-09-25 11:50:15,20,23,9722,15023
2023-09-25 11:50:26,20,25,9722,15023
2023-09-25 11:50:26,20,22,9722,15023
2023-09-25 11:50:43,19,22,9722,15023
2023-09-25 11:50:45,19,24,9722,15023
2023-09-25 11:50:45,19,21,9722,15023
2023-09-25 11:51:05,18,21,9722,15023
2023-09-25 11:51:05,19,21,9722,15023
2023-09-25 11:52:05,19,23,9722,15023
2023-09-25 11:52:05,19,20,9722,15023
2023-09-25 11:52:12,18,20,9722,15023
2023-09-25 11:52:13,18,23,9722,15023
2023-09-25 11:52:13,18,21,9722,15023
2023-09-25 11:52:13,19,21,9722,15023
2023-09-25 11:52:31,19,23,9722,15023
2023-09-25 11:52:31,19,20,9722,15023
2023-09-25 11:52:58,19,23,9722,15023
2023-09-25 11:52:58,19,21,9722,15023
2023-09-25 11:53:15,19,24,9722,15023
2023-09-25 11:53:16,19,22,9722,15023
2023-09-25 11:53:25,20,22,9722,15023
2023-09-25 11:54:08,20,25,9722,15023
2023-09-25 11:54:08,20,23,9722,15023
2023-09-25 11:54:13,21,23,9722,15023
2023-09-25 11:54:17,20,23,9722,15023
2023-09-25 11:54:31,20,25,9722,15023
2023-09-25 11:54:31,20,22,9722,15023
2023-09-25 11:55:27,20,24,9722,15023
2023-09-25 11:55:27,20,21,9722,15023
2023-09-25 11:55:29,19,21,9722,15023
2023-09-25 11:55:30,19,23,9722,15023
2023-09-25 11:55:30,19,20,9722,15023
2023-09-25 11:55:30,18,20,9722,15023
2023-09-25 11:55:30,19,20,9722,15023
2023-09-25 11:55:44,19,23,9722,15023
2023-09-25 11:55:44,19,21,9722,15023
2023-09-25 11:55:58,19,25,9722,15023
2023-09-25 11:55:58,20,22,9722,15023
2023-09-25 11:56:38,20,22,9712,15033
2023-09-25 11:56:38,21,22,9712,15033
2023-09-25 11:56:41,20,22,9712,15033
2023-09-25 11:56:41,21,22,9712,15033
2023-09-25 11:56:55,21,25,9712,15033
2023-09-25 11:56:55,21,23,9712,15033
2023-09-25 11:57:00,21,25,9712,15033
2023-09-25 11:57:00,21,24,9712,15033
2023-09-25 11:57:00,23,24,9712,15033
2023-09-25 11:57:02,22,24,9712,15033
2023-09-25 11:57:02,22,24,9692,15053
2023-09-25 11:57:12,22,25,9692,15233
2023-09-25 11:57:37,23,25,9692,15233
2023-09-25 11:57:37,23,25,9692,15243
2023-09-25 11:57:52,24,25,9692,15243
2023-09-25 11:58:01,23,25,9692,15243
2023-09-25 11:58:09,24,25,9692,15243
2023-09-25 11:58:11,24,25,10025,15576
2023-09-25 11:58:19,24,25,10025,15606
2023-09-25 11:58:21,24,25,10150,15731
2023-09-25 11:58:22,24,25,10275,15856
2023-09-25 11:59:20,24,25,10275,15876
2023-09-25 12:00:01,23,25,10275,15876
2023-09-25 12:00:01,24,25,10275,15876
2023-09-25 12:00:02,23,25,10275,15876
2023-09-25 12:00:31,24,25,10275,15876
2023-09-25 12:00:53,24,25,10275,15891
2023-09-25 12:01:02,23,25,10275,15891
2023-09-25 12:01:04,24,25,10275,15891
2023-09-25 12:01:10,23,25,10275,15891
2023-09-25 12:02:22,22,25,10275,15891
2023-09-25 12:02:53,23,25,10275,15891
2023-09-25 12:03:08,24,25,10275,15891
2023-09-25 12:03:28,24,25,10275,15921
2023-09-25 12:03:31,24,25,10608,16254
2023-09-25 12:03:36,24,25,10733,16379
2023-09-25 12:03:37,24,25,11066,16712
2023-09-25 12:03:38,24,25,11191,16837
2023-09-25 12:03:40,24,25,11316,16962
2023-09-25 12:03:43,24,25,11316,16972
2023-09-25 12:03:45,24,30,11577,17233
2023-09-25 12:03:45,25,30,11577,17233
2023-09-25 12:03:45,26,30,11577,17233
2023-09-25 12:04:04,26,30,11578,17234
2023-09-25 12:04:04,26,27,11578,17234
2023-09-25 12:04:22,26,27,11579,17235
2023-09-25 12:04:28,26,30,11579,17235
2023-09-25 12:04:28,26,28,11579,17235
2023-09-25 12:04:39,26,28,11580,17236
2023-09-25 12:04:44,26,30,11580,17236
2023-09-25 12:04:44,26,27,11580,17236
2023-09-25 12:05:03,25,27,11580,17236
2023-09-25 12:05:07,25,30,11580,17236
2023-09-25 12:05:07,25,26,11580,17236
2023-09-25 12:05:55,25,29,11580,17236
2023-09-25 12:05:55,25,27,11580,17236
2023-09-25 12:05:58,26,27,11580,17236
2023-09-25 12:06:24,26,30,11580,17236
2023-09-25 12:06:24,26,28,11580,17236
2023-09-25 12:06:49,26,30,11580,17236
2023-09-25 12:06:49,26,27,11580,17236
2023-09-25 12:06:55,25,27,11580,17236
2023-09-25 12:06:55,26,27,11580,17236
2023-09-25 12:07:14,25,27,11580,17236
2023-09-25 12:07:14,25,29,11580,17236
2023-09-25 12:07:15,25,26,11580,17236
2023-09-25 12:07:48,24,26,11580,17236
2023-09-25 12:08:25,24,28,11580,17236
2023-09-25 12:08:25,24,25,11580,17236
2023-09-25 12:08:56,24,29,11580,17236
2023-09-25 12:08:56,24,26,11580,17236
2023-09-25 12:09:09,24,28,11580,17236
2023-09-25 12:09:09,24,25,11580,17236
2023-09-25 12:09:41,24,28,11580,17236
2023-09-25 12:09:41,24,26,11580,17236
2023-09-25 12:10:00,25,26,11580,17236
2023-09-25 12:10:06,25,30,11580,17236
2023-09-25 12:10:06,25,27,11580,17236
2023-09-25 12:10:22,25,30,11580,17236
2023-09-25 12:10:22,25,26,11580,17236
2023-09-25 12:10:46,25,29,11580,17236
2023-09-25 12:10:46,25,27,11580,17236
2023-09-25 12:10:58,25,29,11580,17236
2023-09-25 12:10:58,25,26,11580,17236
2023-09-25 12:11:30,23,26,11580,17236
2023-09-25 12:11:30,24,26,11580,17236
2023-09-25 12:11:30,24,27,11580,17236
2023-09-25 12:11:31,24,25,11580,17236
2023-09-25 12:12:30,23,25,11580,17236
2023-09-25 12:13:09,23,24,11580,17236
2023-09-25 12:13:14,22,24,11580,17236
2023-09-25 12:13:32,23,24,11580,17236
2023-09-25 12:13:32,22,24,11580,17256
2023-09-25 12:13:33,22,23,11580,17256
2023-09-25 12:13:38,21,23,11580,17256
2023-09-25 12:13:40,22,23,11580,17256
2023-09-25 12:14:24,22,23,11580,17276
2023-09-25 12:14:43,21,23,11580,17276
2023-09-25 12:14:49,22,23,11580,17276
2023-09-25 12:15:16,20,23,11580,17276
2023-09-25 12:15:16,21,23,11580,17276
2023-09-25 12:15:17,21,22,11580,17276
2023-09-25 12:15:48,20,22,11580,17276
2023-09-25 12:15:48,21,22,11580,17276
2023-09-25 12:15:48,21,23,11580,17276
2023-09-25 12:15:49,21,23,11577,17279
2023-09-25 12:15:54,21,22,11577,17279
2023-09-25 12:16:00,19,22,11577,17279
2023-09-25 12:16:00,20,22,11577,17279
2023-09-25 12:16:10,20,21,11577,17279
2023-09-25 12:16:16,18,21,11577,17279
2023-09-25 12:16:16,20,21,11577,17279
2023-09-25 12:16:21,18,21,11577,17279
2023-09-25 12:16:21,19,21,11577,17279
2023-09-25 12:16:25,19,21,11577,17280
2023-09-25 12:16:28,19,20,11577,17280
2023-09-25 12:16:42,19,20,11577,17281
2023-09-25 12:16:53,17,19,11554,17304
2023-09-25 12:16:53,18,19,11554,17304
2023-09-25 12:17:00,18,19,11554,17305
2023-09-25 12:17:03,16,18,11525,17334
2023-09-25 12:17:03,15,18,11525,17334
2023-09-25 12:17:03,17,18,11525,17334
2023-09-25 12:17:03,15,18,11905,17734
2023-09-25 12:17:04,15,17,11905,17734
2023-09-25 12:17:04,16,17,11905,17734
2023-09-25 12:17:05,15,17,11905,17734
2023-09-25 12:17:06,16,17,11905,17734
2023-09-25 12:17:07,15,17,11905,17734
2023-09-25 12:17:08,16,17,11905,17734
2023-09-25 12:17:09,15,17,11905,17734
2023-09-25 12:17:10,16,17,11905,17734
2023-09-25 12:17:11,15,17,11905,17734
2023-09-25 12:17:12,16,17,11905,17734
2023-09-25 12:17:13,15,17,11905,17734
2023-09-25 12:17:14,16,17,11905,17734
2023-09-25 12:17:15,15,17,11905,17734
2023-09-25 12:17:16,15,18,11905,17734
2023-09-25 12:17:16,15,16,11905,17734
2023-09-25 12:17:18,14,16,11905,17734
2023-09-25 12:17:18,14,16,11870,17769
2023-09-25 12:17:18,15,16,11870,17769
2023-09-25 12:17:19,14,16,11870,17769
2023-09-25 12:17:20,15,16,11870,17769
2023-09-25 12:17:21,14,16,11870,17769
2023-09-25 12:17:22,15,16,11870,17769
2023-09-25 12:17:23,14,16,11870,17769
2023-09-25 12:17:24,15,16,11870,17769
2023-09-25 12:17:25,14,16,11870,17769
2023-09-25 12:17:26,15,16,11870,17769
2023-09-25 12:17:27,14,16,11870,17769
2023-09-25 12:17:28,15,16,11870,17769
2023-09-25 12:17:29,14,16,11870,17769
2023-09-25 12:17:30,15,16,11870,17769
2023-09-25 12:17:31,14,16,11870,17769
2023-09-25 12:17:32,13,16,11870,17769
2023-09-25 12:17:32,14,16,11870,17769
2023-09-25 12:17:32,14,16,11860,17779
2023-09-25 12:17:32,15,16,11860,17779
2023-09-25 12:17:33,14,16,11860,17779
2023-09-25 12:17:34,15,16,11860,17779
2023-09-25 12:17:35,14,16,11860,17779
2023-09-25 12:17:36,15,16,11860,17779
2023-09-25 12:17:37,14,16,11860,17779
2023-09-25 12:17:38,15,16,11860,17779
2023-09-25 12:17:39,14,16,11860,17779
2023-09-25 12:17:40,15,16,11860,17779
2023-09-25 12:17:41,14,16,11860,17779
2023-09-25 12:17:42,15,16,11860,17779
2023-09-25 12:17:43,14,16,11860,17779
2023-09-25 12:17:44,15,16,11860,17779
2023-09-25 12:17:45,14,16,11860,17779
2023-09-25 12:17:46,15,16,11860,17779
2023-09-25 12:17:47,14,16,11860,17779
2023-09-25 12:17:48,14,17,11860,17779
2023-09-25 12:17:48,14,15,11860,17779
2023-09-25 12:17:53,14,16,11525,18114
2023-09-25 12:17:54,15,16,11525,18114
2023-09-25 12:18:12,15,17,11525,18114
2023-09-25 12:18:16,16,17,11525,18114
2023-09-25 12:18:32,15,16,11333,18306
2023-09-25 12:18:33,15,17,11333,18306
2023-09-25 12:18:40,16,17,11333,18306
2023-09-25 12:18:52,16,17,11133,18506
2023-09-25 12:18:52,15,17,11133,18506
2023-09-25 12:18:53,15,16,11133,18506
2023-09-25 12:19:06,15,17,11133,18506
2023-09-25 12:19:08,16,17,11133,18506
2023-09-25 12:19:19,16,18,11133,18506
2023-09-25 12:19:29,16,17,11133,18506
2023-09-25 12:19:31,16,18,11133,18506
2023-09-25 12:19:32,16,17,11133,18506
2023-09-25 12:20:56,16,17,10934,18706
2023-09-25 12:21:00,15,16,10936,18708
2023-09-25 12:21:01,15,17,10936,18708
2023-09-25 12:21:06,16,17,10936,18708
2023-09-25 12:21:10,16,18,10936,18708
2023-09-25 12:21:25,16,17,10936,18708
2023-09-25 12:21:30,16,18,10936,18708
2023-09-25 12:21:31,16,17,10936,18708
2023-09-25 12:21:33,16,18,10936,18708
2023-09-25 12:21:41,16,17,10936,18708
2023-09-25 12:21:42,16,17,10933,18711
2023-09-25 12:21:42,16,18,10933,18711
2023-09-25 12:21:49,16,17,10933,18711
2023-09-25 12:21:59,16,18,10933,18711
2023-09-25 12:22:01,16,17,10933,18711
2023-09-25 12:22:17,16,18,10933,18711
2023-09-25 12:22:18,16,17,10933,18711
2023-09-25 12:22:21,15,17,10933,18711
2023-09-25 12:22:26,15,16,10933,18711
2023-09-25 12:22:29,15,17,10933,18711
2023-09-25 12:22:36,15,16,10933,18711
2023-09-25 12:22:45,15,17,10933,18711
2023-09-25 12:22:58,16,17,10933,18711
2023-09-25 12:23:00,15,17,10933,18711
2023-09-25 12:23:07,15,16,10933,18711
2023-09-25 12:23:40,14,16,10933,18711
2023-09-25 12:23:59,14,15,10933,18711
2023-09-25 12:24:18,13,14,10684,18960
2023-09-25 12:24:57,13,15,10684,18960
2023-09-25 12:24:59,14,15,10684,18960
2023-09-25 12:27:52,14,16,10684,18960
2023-09-25 12:28:03,15,16,10684,18960
2023-09-25 12:28:14,15,17,10684,18960
2023-09-25 12:28:17,15,16,10684,18960
2023-09-25 12:28:41,15,16,10484,19160
2023-09-25 12:28:42,14,16,10484,19160
2023-09-25 12:28:53,14,15,10484,19160
2023-09-25 12:29:08,14,16,10484,19160
2023-09-25 12:29:30,14,15,10484,19160
2023-09-25 12:29:39,14,16,10484,19160
2023-09-25 12:29:44,15,16,10484,19160
2023-09-25 12:30:01,15,16,10284,19360
2023-09-25 12:30:01,14,16,10284,19360
2023-09-25 12:30:02,14,15,10284,19360
2023-09-25 12:30:05,14,16,10284,19360
2023-09-25 12:30:08,14,15,10284,19360
2023-09-25 12:30:43,14,16,10284,19360
2023-09-25 12:30:56,13,16,10284,19360
2023-09-25 12:30:57,14,16,10284,19360
2023-09-25 12:31:01,14,17,10284,19360
2023-09-25 12:31:01,15,17,10284,19360
2023-09-25 12:31:08,14,17,10284,19360
2023-09-25 12:31:08,15,17,10284,19360
2023-09-25 12:31:15,15,16,10284,19360
2023-09-25 12:31:25,15,17,10284,19360
2023-09-25 12:31:25,16,17,10284,19360
2023-09-25 12:31:51,16,18,10284,19360
2023-09-25 12:32:01,16,17,10284,19360
2023-09-25 12:32:07,16,18,10284,19360
2023-09-25 12:32:25,16,17,10284,19360
2023-09-25 12:32:54,15,17,10284,19360
2023-09-25 12:33:02,16,17,10284,19360
2023-09-25 12:33:03,15,17,10284,19360
2023-09-25 12:33:05,16,17,10284,19360
2023-09-25 12:33:33,15,17,10284,19360
2023-09-25 12:33:38,16,17,10284,19360
2023-09-25 12:33:47,16,18,10284,19360
2023-09-25 12:33:51,16,17,10284,19360
2023-09-25 12:33:52,16,18,10284,19360
2023-09-25 12:33:57,16,17,10284,19360
2023-09-25 12:34:00,16,18,10284,19360
2023-09-25 12:34:01,16,17,10284,19360
2023-09-25 12:34:04,15,17,10284,19360
2023-09-25 12:34:05,16,17,10284,19360
2023-09-25 12:34:23,16,18,10284,19360
2023-09-25 12:34:37,16,19,10284,19360
2023-09-25 12:34:41,17,19,10284,19360
2023-09-25 12:35:03,18,19,10284,19360
2023-09-25 12:35:06,17,19,10284,19360
2023-09-25 12:35:07,18,19,10284,19360
2023-09-25 12:35:08,18,19,10484,19560
2023-09-25 12:35:08,18,21,10484,19560
2023-09-25 12:35:09,18,20,10484,19560
2023-09-25 12:35:17,18,21,10484,19560
2023-09-25 12:35:17,19,21,10484,19560
2023-09-25 12:35:31,19,20,10484,19560
2023-09-25 12:35:33,18,20,10484,19560
2023-09-25 12:35:35,19,20,10484,19560
2023-09-25 12:35:36,19,21,10484,19560
2023-09-25 12:35:50,19,20,10484,19560
2023-09-25 12:36:06,19,21,10484,19560
2023-09-25 12:36:11,19,20,10484,19560
2023-09-25 12:36:19,19,21,10484,19560
2023-09-25 12:36:21,19,20,10484,19560
2023-09-25 12:36:22,19,21,10484,19560
2023-09-25 12:36:40,20,21,10484,19560
2023-09-25 12:36:49,20,22,10484,19560
2023-09-25 12:37:09,21,22,10484,19560
2023-09-25 12:37:10,21,23,10484,19560
2023-09-25 12:37:26,22,23,10484,19560
2023-09-25 12:37:45,23,24,10772,19848
2023-09-25 12:37:45,23,25,10772,19848
2023-09-25 12:37:49,23,24,10772,19848
2023-09-25 12:37:53,23,25,10772,19848
2023-09-25 12:37:58,24,25,10772,19848
2023-09-25 12:38:07,24,26,10772,19848
2023-09-25 12:38:09,25,26,10772,19848
2023-09-25 12:38:19,24,26,10772,19848
2023-09-25 12:38:19,24,25,10772,19848
2023-09-25 12:39:10,24,25,10972,20048
2023-09-25 12:39:10,24,26,10972,20048
2023-09-25 12:39:13,25,26,10972,20048
2023-09-25 12:39:35,24,26,10972,20048
2023-09-25 12:39:43,25,26,10972,20048
2023-09-25 12:39:44,24,26,10972,20048
2023-09-25 12:39:56,25,26,10972,20048
2023-09-25 12:39:59,25,27,10972,20048
2023-09-25 12:40:11,25,26,10972,20048
2023-09-25 12:40:42,24,26,10972,20048
2023-09-25 12:41:03,25,26,10972,20048
2023-09-25 12:41:14,25,27,10972,20048
2023-09-25 12:41:17,25,26,10972,20048
2023-09-25 12:41:35,25,27,10972,20048
2023-09-25 12:41:36,25,26,10972,20048
2023-09-25 12:41:52,24,26,10972,20048
2023-09-25 12:42:06,24,25,10972,20048
2023-09-25 12:42:07,23,25,10972,20048
2023-09-25 12:42:07,23,24,10972,20048
2023-09-25 12:42:20,23,24,11172,20248
2023-09-25 12:42:20,23,26,11172,20248
2023-09-25 12:42:21,24,26,11172,20248
2023-09-25 12:42:26,24,25,11172,20248
2023-09-25 12:42:40,24,26,11172,20248
2023-09-25 12:42:51,24,25,11172,20248
2023-09-25 12:42:52,24,26,11172,20248
2023-09-25 12:42:53,24,25,11172,20248
2023-09-25 12:44:00,24,25,11372,20448
2023-09-25 12:44:00,24,27,11372,20448
2023-09-25 12:44:02,25,27,11372,20448
2023-09-25 12:44:04,26,27,11372,20448
2023-09-25 12:45:00,26,28,11372,20448
2023-09-25 12:45:22,27,28,11372,20448
2023-09-25 12:45:27,27,29,11372,20448
2023-09-25 12:45:28,28,29,11372,20448
2023-09-25 12:45:32,28,30,11372,20448
2023-09-25 12:45:32,28,29,11372,20448
2023-09-25 12:46:14,26,29,11572,20648
2023-09-25 12:46:36,27,29,11572,20648
2023-09-25 12:46:43,28,29,11572,20648
2023-09-25 12:46:55,28,31,11572,20648
2023-09-25 12:46:56,29,31,11572,20648
2023-09-25 12:46:56,29,30,11572,20648
2023-09-25 12:47:00,29,31,11572,20648
2023-09-25 12:47:34,28,31,11572,20648
2023-09-25 12:47:53,27,31,11572,20648
2023-09-25 12:47:54,27,30,11572,20648
2023-09-25 12:48:26,28,30,11572,20648
2023-09-25 12:48:27,28,31,11572,20648
2023-09-25 12:49:18,27,31,11572,20648
2023-09-25 12:49:19,27,30,11572,20648
2023-09-25 12:49:31,27,29,11572,20648
2023-09-25 12:49:34,27,28,11572,20648
2023-09-25 12:49:57,27,31,11572,20648
2023-09-25 12:49:57,27,30,11572,20648
2023-09-25 12:49:57,28,30,11572,20648
2023-09-25 12:49:58,28,29,11572,20648
2023-09-25 12:50:12,28,31,11572,20648
2023-09-25 12:50:12,29,31,11572,20648
2023-09-25 12:50:13,29,30,11572,20648
2023-09-25 12:50:16,29,31,11572,20648
2023-09-25 12:50:36,29,32,11572,20648
2023-09-25 12:50:37,30,32,11572,20648
2023-09-25 12:50:37,30,33,11572,20648
2023-09-25 12:50:38,32,33,11572,20648
2023-09-25 12:50:51,32,34,11572,20648
2023-09-25 12:50:55,32,35,11827,20903
2023-09-25 12:50:55,31,35,11827,20903
2023-09-25 12:50:56,32,35,11827,20903
2023-09-25 12:50:56,33,35,11827,20903
2023-09-25 12:50:56,33,34,11827,20903
2023-09-25 12:50:57,32,34,11827,20903
2023-09-25 12:50:58,33,34,11827,20903
2023-09-25 12:51:01,33,36,11827,20903
2023-09-25 12:51:01,33,35,11827,20903
2023-09-25 12:51:01,34,35,11827,20903
2023-09-25 12:51:02,33,35,11827,20903
2023-09-25 12:51:03,33,37,11827,20903
2023-09-25 12:51:03,33,35,11827,20903
2023-09-25 12:51:03,34,35,11827,20903
2023-09-25 12:51:04,33,35,11827,20903
2023-09-25 12:51:05,34,35,11827,20903
2023-09-25 12:51:06,33,35,11827,20903
2023-09-25 12:51:07,34,35,11827,20903
2023-09-25 12:51:08,33,35,11827,20903
2023-09-25 12:51:09,34,35,11827,20903
2023-09-25 12:51:11,34,38,11827,20903
2023-09-25 12:51:11,35,38,11827,20903
2023-09-25 12:51:12,36,38,11827,20903
2023-09-25 12:51:13,35,38,11827,20903
2023-09-25 12:51:13,37,38,11827,20903
2023-09-25 12:51:14,35,38,11827,20903
2023-09-25 12:51:15,36,38,11827,20903
2023-09-25 12:51:16,35,38,11827,20903
2023-09-25 12:51:17,36,38,11827,20903
2023-09-25 12:51:18,35,38,11827,20903
2023-09-25 12:51:18,37,38,11827,20903
2023-09-25 12:51:19,35,38,11827,20903
2023-09-25 12:51:20,36,38,11827,20903
2023-09-25 12:51:21,35,38,11827,20903
2023-09-25 12:51:21,37,38,11827,20903
2023-09-25 12:51:22,35,38,11827,20903
2023-09-25 12:51:23,36,38,11827,20903
2023-09-25 12:51:24,35,38,11827,20903
2023-09-25 12:51:24,37,38,11827,20903
2023-09-25 12:51:25,35,38,11827,20903
2023-09-25 12:51:26,36,38,11827,20903
2023-09-25 12:51:27,35,38,11827,20903
2023-09-25 12:51:27,37,38,11827,20903
2023-09-25 12:51:28,35,38,11827,20903
2023-09-25 12:51:30,36,38,11827,20903
2023-09-25 12:51:30,35,38,11827,20903
2023-09-25 12:51:31,37,38,11827,20903
2023-09-25 12:51:31,35,38,11827,20903
2023-09-25 12:51:33,36,38,11827,20903
2023-09-25 12:51:33,35,38,11827,20903
2023-09-25 12:51:34,37,38,11827,20903
2023-09-25 12:51:34,35,38,11827,20903
2023-09-25 12:51:36,36,38,11827,20903
2023-09-25 12:51:37,35,38,11827,20903
2023-09-25 12:51:38,36,38,11827,20903
2023-09-25 12:51:39,35,38,11827,20903
2023-09-25 12:51:40,36,38,11827,20903
2023-09-25 12:51:41,35,38,11827,20903
2023-09-25 12:51:42,36,38,11827,20903
2023-09-25 12:51:43,35,38,11827,20903
2023-09-25 12:51:44,36,38,11827,20903
2023-09-25 12:51:45,35,38,11827,20903
2023-09-25 12:51:46,36,38,11827,20903
2023-09-25 12:51:47,35,38,11827,20903
2023-09-25 12:51:48,36,38,11827,20903
2023-09-25 12:51:49,35,38,11827,20903
2023-09-25 12:51:50,36,38,11827,20903
2023-09-25 12:51:51,35,38,11827,20903
2023-09-25 12:51:52,36,38,11827,20903
2023-09-25 12:51:53,35,38,11827,20903
2023-09-25 12:51:54,36,38,11827,20903
2023-09-25 12:51:55,35,38,11827,20903
2023-09-25 12:51:56,36,38,11827,20903
2023-09-25 12:51:57,35,38,11827,20903
2023-09-25 12:51:58,36,38,11827,20903
2023-09-25 12:51:59,35,38,11827,20903
2023-09-25 12:52:00,36,38,11827,20903
2023-09-25 12:52:01,35,38,11827,20903
2023-09-25 12:52:02,36,38,11827,20903
2023-09-25 12:52:03,35,38,11827,20903
2023-09-25 12:52:04,36,38,11827,20903
2023-09-25 12:52:05,35,38,11827,20903
2023-09-25 12:52:06,36,38,11827,20903
2023-09-25 12:52:07,35,38,11827,20903
2023-09-25 12:52:08,36,38,11827,20903
2023-09-25 12:52:09,35,38,11827,20903
2023-09-25 12:52:10,36,38,11827,20903
2023-09-25 12:52:11,35,38,11827,20903
2023-09-25 12:52:12,36,38,11827,20903
2023-09-25 12:52:13,35,38,11827,20903
2023-09-25 12:52:13,37,38,11827,20903
2023-09-25 12:52:14,35,38,11827,20903
2023-09-25 12:52:14,36,38,11827,20903
2023-09-25 12:52:15,37,38,11827,20903
2023-09-25 12:52:15,37,38,11827,20923
2023-09-25 12:52:16,36,38,11827,20923
2023-09-25 12:52:17,37,38,11827,20923
2023-09-25 12:52:18,36,38,11827,20923
2023-09-25 12:52:19,37,38,11827,20923
2023-09-25 12:52:20,36,38,11827,20923
2023-09-25 12:52:24,37,38,11827,20923
2023-09-25 12:52:25,36,38,11827,20923
2023-09-25 12:52:26,37,38,11827,20923
2023-09-25 12:52:27,36,38,11827,20923
2023-09-25 12:52:28,37,38,11827,20923
2023-09-25 12:52:29,36,38,11827,20923
2023-09-25 12:52:30,37,38,11827,20923
2023-09-25 12:52:31,36,38,11827,20923
2023-09-25 12:52:32,37,38,11827,20923
2023-09-25 12:52:33,36,38,11827,20923
2023-09-25 12:52:34,37,38,11827,20923
2023-09-25 12:52:35,36,38,11827,20923
2023-09-25 12:52:36,37,38,11827,20923
2023-09-25 12:52:37,36,38,11827,20923
2023-09-25 12:52:39,36,37,11827,20923
2023-09-25 12:52:45,35,37,11827,20923
2023-09-25 12:52:46,36,37,11827,20923
2023-09-25 12:53:15,35,37,11827,20923
2023-09-25 12:53:16,36,37,11827,20923
2023-09-25 12:53:17,35,37,11827,20923
2023-09-25 12:53:18,36,37,11827,20923
2023-09-25 12:53:19,35,37,11827,20923
2023-09-25 12:53:20,36,37,11827,20923
2023-09-25 12:53:21,35,37,11827,20923
2023-09-25 12:53:22,36,37,11827,20923
2023-09-25 12:53:23,35,37,11827,20923
2023-09-25 12:53:24,36,37,11827,20923
2023-09-25 12:53:25,35,37,11827,20923
2023-09-25 12:53:26,36,37,11827,20923
2023-09-25 12:53:27,35,37,11827,20923
2023-09-25 12:53:28,36,37,11827,20923
2023-09-25 12:53:29,35,37,11827,20923
2023-09-25 12:53:30,36,37,11827,20923
2023-09-25 12:53:31,35,37,11827,20923
2023-09-25 12:53:32,36,37,11827,20923
2023-09-25 12:53:33,35,37,11827,20923
2023-09-25 12:53:34,36,37,11827,20923
2023-09-25 12:53:35,35,37,11827,20923
2023-09-25 12:53:36,36,37,11827,20923
2023-09-25 12:53:37,35,37,11827,20923
2023-09-25 12:53:38,36,37,11827,20923
2023-09-25 12:53:39,35,37,11827,20923
2023-09-25 12:53:40,36,37,11827,20923
2023-09-25 12:53:41,35,37,11827,20923
2023-09-25 12:53:42,36,37,11827,20923
2023-09-25 12:53:43,35,37,11827,20923
2023-09-25 12:53:44,34,37,11827,20923
2023-09-25 12:53:44,35,37,11827,20923
2023-09-25 12:53:45,34,37,11827,20923
2023-09-25 12:53:45,36,37,11827,20923
2023-09-25 12:53:46,34,37,11827,20923
2023-09-25 12:53:47,35,37,11827,20923
2023-09-25 12:53:48,34,37,11827,20923
2023-09-25 12:53:48,36,37,11827,20923
2023-09-25 12:53:49,34,37,11827,20923
2023-09-25 12:53:50,35,37,11827,20923
2023-09-25 12:53:51,34,37,11827,20923
2023-09-25 12:53:51,36,37,11827,20923
2023-09-25 12:53:52,34,37,11827,20923
2023-09-25 12:53:53,35,37,11827,20923
2023-09-25 12:53:54,34,37,11827,20923
2023-09-25 12:53:54,36,37,11827,20923
2023-09-25 12:53:55,34,37,11827,20923
2023-09-25 12:53:56,35,37,11827,20923
2023-09-25 12:53:57,34,37,11827,20923
2023-09-25 12:53:57,36,37,11827,20923
2023-09-25 12:53:58,34,37,11827,20923
2023-09-25 12:53:59,35,37,11827,20923
2023-09-25 12:54:00,34,37,11827,20923
2023-09-25 12:54:01,35,37,11827,20923
2023-09-25 12:54:02,34,37,11827,20923
2023-09-25 12:54:02,36,37,11827,20923
2023-09-25 12:54:03,34,37,11827,20923
2023-09-25 12:54:04,35,37,11827,20923
2023-09-25 12:54:05,34,37,11827,20923
2023-09-25 12:54:06,35,37,11827,20923
2023-09-25 12:54:07,34,37,11827,20923
2023-09-25 12:54:08,35,37,11827,20923
2023-09-25 12:54:09,34,37,11827,20923
2023-09-25 12:54:10,35,37,11827,20923
2023-09-25 12:54:11,34,37,11827,20923
2023-09-25 12:54:12,35,37,11827,20923
2023-09-25 12:54:13,34,37,11827,20923
2023-09-25 12:54:14,35,37,11827,20923
2023-09-25 12:54:15,33,37,11827,20923
2023-09-25 12:54:17,34,37,11827,20923
2023-09-25 12:54:17,33,37,11827,20923
2023-09-25 12:54:18,35,37,11827,20923
2023-09-25 12:54:18,33,37,11827,20923
2023-09-25 12:54:20,34,37,11827,20923
2023-09-25 12:54:20,34,36,11827,20923
2023-09-25 12:54:20,33,36,11827,20923
2023-09-25 12:54:22,34,36,11827,20923
2023-09-25 12:54:22,33,36,11827,20923
2023-09-25 12:54:24,34,36,11827,20923
2023-09-25 12:54:25,33,36,11827,20923
2023-09-25 12:54:27,33,35,11827,20923
2023-09-25 12:54:31,34,35,11827,20923
2023-09-25 12:54:32,33,35,11827,20923
2023-09-25 12:54:33,34,35,11827,20923
2023-09-25 12:54:34,33,35,11827,20923
2023-09-25 12:54:35,34,35,11827,20923
2023-09-25 12:54:36,33,35,11827,20923
2023-09-25 12:54:37,34,35,11827,20923
2023-09-25 12:54:38,33,35,11827,20923
2023-09-25 12:54:39,34,35,11827,20923
2023-09-25 12:54:40,33,35,11827,20923
2023-09-25 12:54:41,34,35,11827,20923
2023-09-25 12:54:42,33,35,11827,20923
2023-09-25 12:54:43,34,35,11827,20923
2023-09-25 12:54:44,33,35,11827,20923
2023-09-25 12:54:45,34,35,11827,20923
2023-09-25 12:54:46,33,35,11827,20923
2023-09-25 12:54:47,34,35,11827,20923
2023-09-25 12:54:48,33,35,11827,20923
2023-09-25 12:54:49,34,35,11827,20923
2023-09-25 12:54:50,33,35,11827,20923
2023-09-25 12:54:51,34,35,11827,20923
2023-09-25 12:54:52,33,35,11827,20923
2023-09-25 12:54:55,32,35,11827,20923
2023-09-25 12:55:11,33,35,11827,20923
2023-09-25 12:55:11,33,34,11827,20923
2023-09-25 12:55:12,32,34,11827,20923
2023-09-25 12:55:13,33,34,11827,20923
2023-09-25 12:55:14,32,34,11827,20923
2023-09-25 12:55:15,33,34,11827,20923
2023-09-25 12:55:16,32,34,11827,20923
2023-09-25 12:55:17,33,34,11827,20923
2023-09-25 12:55:18,32,34,11827,20923
2023-09-25 12:55:19,33,34,11827,20923
2023-09-25 12:55:20,32,34,11827,20923
2023-09-25 12:55:21,33,34,11827,20923
2023-09-25 12:55:22,32,34,11827,20923
2023-09-25 12:55:26,31,34,11827,20923
2023-09-25 12:55:27,32,34,11827,20923
2023-09-25 12:55:28,31,34,11827,20923
2023-09-25 12:55:29,32,34,11827,20923
2023-09-25 12:55:30,31,34,11827,20923
2023-09-25 12:55:31,32,34,11827,20923
2023-09-25 12:55:32,31,34,11827,20923
2023-09-25 12:55:40,32,34,11827,20923
2023-09-25 12:55:41,31,34,11827,20923
2023-09-25 12:55:42,32,34,11827,20923
2023-09-25 12:55:43,31,34,11827,20923
2023-09-25 12:55:44,32,34,11827,20923
2023-09-25 12:55:45,31,34,11827,20923
2023-09-25 12:55:55,32,34,11827,20923
2023-09-25 12:56:14,33,34,11827,20923
2023-09-25 12:56:15,32,34,11827,20923
2023-09-25 12:56:17,33,34,11827,20923
2023-09-25 12:56:18,32,34,11827,20923
2023-09-25 12:56:19,33,34,11827,20923
2023-09-25 12:56:20,32,34,11827,20923
2023-09-25 12:56:21,33,34,11827,20923
2023-09-25 12:56:22,32,34,11827,20923
2023-09-25 12:56:49,33,34,11827,20923
2023-09-25 12:56:50,32,34,11827,20923
2023-09-25 12:56:51,33,34,11827,20923
2023-09-25 12:56:52,32,34,11827,20923
2023-09-25 12:56:53,33,34,11827,20923
2023-09-25 12:56:54,32,34,11827,20923
2023-09-25 12:56:55,33,34,11827,20923
2023-09-25 12:56:56,32,34,11827,20923
2023-09-25 12:56:57,33,34,11827,20923
2023-09-25 12:56:58,32,34,11827,20923
2023-09-25 12:56:59,33,34,11827,20923
2023-09-25 12:57:00,32,34,11827,20923
2023-09-25 12:57:01,33,34,11827,20923
2023-09-25 12:57:04,32,34,11827,20923
2023-09-25 12:57:06,33,34,11827,20923
2023-09-25 12:57:06,32,34,11827,20923
2023-09-25 12:57:08,33,34,11827,20923
2023-09-25 12:57:09,32,34,11827,20923
2023-09-25 12:57:10,33,34,11827,20923
2023-09-25 12:57:11,32,34,11827,20923
2023-09-25 12:57:17,31,34,11827,20923
2023-09-25 12:57:18,32,34,11827,20923
2023-09-25 12:57:19,31,34,11827,20923
2023-09-25 12:57:41,32,34,11827,20923
2023-09-25 12:57:43,33,34,11827,20923
2023-09-25 12:57:44,32,34,11827,20923
2023-09-25 12:57:45,33,34,11827,20923
2023-09-25 12:57:46,32,34,11827,20923
2023-09-25 12:57:47,33,34,11827,20923
2023-09-25 12:57:48,32,34,11827,20923
2023-09-25 12:57:49,33,34,11827,20923
2023-09-25 12:57:50,32,34,11827,20923
2023-09-25 12:57:51,33,34,11827,20923
2023-09-25 12:57:52,32,34,11827,20923
2023-09-25 12:57:53,33,34,11827,20923
2023-09-25 12:57:54,32,34,11827,20923
2023-09-25 12:57:55,33,34,11827,20923
2023-09-25 12:57:56,32,34,11827,20923
2023-09-25 12:57:57,33,34,11827,20923
2023-09-25 12:57:58,32,34,11827,20923
2023-09-25 12:57:59,33,34,11827,20923
2023-09-25 12:58:00,32,34,11827,20923
2023-09-25 12:58:01,33,34,11827,20923
2023-09-25 12:58:02,32,34,11827,20923
2023-09-25 12:58:03,33,34,11827,20923
2023-09-25 12:58:04,32,34,11827,20923
2023-09-25 12:58:05,33,34,11827,20923
2023-09-25 12:58:06,32,34,11827,20923
2023-09-25 12:58:07,33,34,11827,20923
2023-09-25 12:58:08,32,34,11827,20923
2023-09-25 12:58:09,33,34,11827,20923
2023-09-25 12:58:10,32,34,11827,20923
2023-09-25 12:58:11,33,34,11827,20923
2023-09-25 12:58:12,32,34,11827,20923
2023-09-25 12:58:13,33,34,11827,20923
2023-09-25 12:58:14,32,34,11827,20923
2023-09-25 12:58:15,33,34,11827,20923
2023-09-25 12:58:16,32,34,11827,20923
2023-09-25 12:58:17,33,34,11827,20923
2023-09-25 12:58:18,32,34,11827,20923
2023-09-25 12:58:19,33,34,11827,20923
2023-09-25 12:58:20,32,34,11827,20923
2023-09-25 12:58:21,33,34,11827,20923
2023-09-25 12:58:22,32,34,11827,20923
2023-09-25 12:58:23,33,34,11827,20923
2023-09-25 12:58:24,32,34,11827,20923
2023-09-25 12:58:25,33,34,11827,20923
2023-09-25 12:58:26,32,34,11827,20923
2023-09-25 12:58:27,33,34,11827,20923
2023-09-25 12:58:28,32,34,11827,20923
2023-09-25 12:58:29,33,34,11827,20923
2023-09-25 12:58:30,32,34,11827,20923
2023-09-25 12:58:52,33,34,11827,20923
2023-09-25 12:58:53,32,34,11827,20923
2023-09-25 12:59:00,33,34,11827,20923
2023-09-25 12:59:01,32,34,11827,20923
2023-09-25 12:59:02,33,34,11827,20923
2023-09-25 12:59:03,32,34,11827,20923
2023-09-25 12:59:04,33,34,11827,20923
2023-09-25 12:59:05,32,34,11827,20923
2023-09-25 12:59:06,33,34,11827,20923
2023-09-25 12:59:07,32,34,11827,20923
2023-09-25 12:59:09,33,34,11827,20923
2023-09-25 12:59:10,32,34,11827,20923
2023-09-25 12:59:26,31,34,11827,20923
2023-09-25 12:59:27,32,34,11827,20923
2023-09-25 12:59:28,31,34,11827,20923
2023-09-25 12:59:33,30,34,11827,20923
2023-09-25 12:59:53,30,33,11827,20923
2023-09-25 13:00:02,31,33,11827,20923
2023-09-25 13:00:05,31,34,11827,20923
2023-09-25 13:00:07,31,34,11827,21182
2023-09-25 13:00:08,31,33,11827,21182
2023-09-25 13:00:40,31,34,11827,21182
2023-09-25 13:00:40,30,34,11827,21182
2023-09-25 13:00:40,30,32,11827,21182
2023-09-25 13:00:41,31,32,11827,21182
2023-09-25 13:00:42,30,32,11827,21182
2023-09-25 13:00:43,31,32,11827,21182
2023-09-25 13:00:44,30,32,11827,21182
2023-09-25 13:00:45,31,32,11827,21182
2023-09-25 13:00:46,30,32,11827,21182
2023-09-25 13:00:54,31,32,11827,21182
2023-09-25 13:00:55,30,32,11827,21182
2023-09-25 13:00:56,31,32,11827,21182
2023-09-25 13:00:57,30,32,11827,21182
2023-09-25 13:00:58,31,32,11827,21182
2023-09-25 13:00:59,30,32,11827,21182
2023-09-25 13:01:00,31,32,11827,21182
2023-09-25 13:01:01,30,32,11827,21182
2023-09-25 13:01:02,31,32,11827,21182
2023-09-25 13:01:03,30,32,11827,21182
2023-09-25 13:01:04,31,32,11827,21182
2023-09-25 13:01:05,30,32,11827,21182
2023-09-25 13:01:07,31,32,11827,21182
2023-09-25 13:01:08,30,32,11827,21182
2023-09-25 13:01:09,31,32,11827,21182
2023-09-25 13:01:10,30,32,11827,21182
2023-09-25 13:01:11,31,32,11827,21182
2023-09-25 13:01:12,30,32,11827,21182
2023-09-25 13:01:13,31,32,11827,21182
2023-09-25 13:01:14,30,32,11827,21182
2023-09-25 13:01:15,31,32,11827,21182
2023-09-25 13:01:16,30,32,11827,21182
2023-09-25 13:01:23,31,32,11827,21182
2023-09-25 13:01:24,30,32,11827,21182
2023-09-25 13:01:25,31,32,11827,21182
2023-09-25 13:01:26,30,32,11827,21182
2023-09-25 13:01:27,31,32,11827,21182
2023-09-25 13:01:28,30,32,11827,21182
2023-09-25 13:01:29,31,32,11827,21182
2023-09-25 13:01:30,30,32,11827,21182
2023-09-25 13:01:31,31,32,11827,21182
2023-09-25 13:01:32,31,34,11827,21182
2023-09-25 13:01:32,31,33,11827,21182
2023-09-25 13:01:32,30,33,11827,21182
2023-09-25 13:01:32,32,33,11827,21182
2023-09-25 13:01:33,30,33,11827,21182
2023-09-25 13:01:34,31,33,11827,21182
2023-09-25 13:01:35,30,33,11827,21182
2023-09-25 13:01:36,31,33,11827,21182
2023-09-25 13:01:37,30,33,11827,21182
2023-09-25 13:01:38,31,33,11827,21182
2023-09-25 13:01:39,30,33,11827,21182
2023-09-25 13:01:40,31,33,11827,21182
2023-09-25 13:01:41,30,33,11827,21182
2023-09-25 13:01:42,31,33,11827,21182
2023-09-25 13:01:43,30,33,11827,21182
2023-09-25 13:01:44,31,33,11827,21182
2023-09-25 13:01:45,31,34,11827,21182
2023-09-25 13:01:45,31,32,11827,21182
2023-09-25 13:01:45,30,32,11827,21182
2023-09-25 13:01:46,31,32,11827,21182
2023-09-25 13:01:47,30,32,11827,21182
2023-09-25 13:01:52,30,33,11827,21182
2023-09-25 13:01:52,30,31,11827,21182
2023-09-25 13:01:52,29,31,11827,21182
2023-09-25 13:02:14,28,31,11827,21182
2023-09-25 13:02:19,28,32,11827,21182
2023-09-25 13:02:19,28,30,11827,21182
2023-09-25 13:02:45,29,30,11827,21182
2023-09-25 13:02:45,29,31,11827,21182
2023-09-25 13:02:51,29,33,11827,21182
2023-09-25 13:02:51,29,32,11827,21182
2023-09-25 13:02:52,30,32,11827,21182
2023-09-25 13:02:53,29,32,11827,21182
2023-09-25 13:02:54,29,31,11827,21182
2023-09-25 13:02:54,30,31,11827,21182
2023-09-25 13:02:55,30,32,11827,21182
2023-09-25 13:03:10,31,32,11827,21182
2023-09-25 13:03:11,30,32,11827,21182
2023-09-25 13:03:42,29,32,11827,21182
2023-09-25 13:03:43,29,33,11827,21182
2023-09-25 13:03:43,29,32,11827,21182
2023-09-25 13:03:43,29,31,11827,21182
2023-09-25 13:04:08,29,32,11827,21182
2023-09-25 13:04:12,30,32,11827,21182
2023-09-25 13:04:13,29,32,11827,21182
2023-09-25 13:04:14,30,32,11827,21182
2023-09-25 13:04:15,29,32,11827,21182
2023-09-25 13:04:16,30,32,11827,21182
2023-09-25 13:04:21,30,33,11827,21182
2023-09-25 13:04:21,30,32,11827,21182
2023-09-25 13:04:21,31,32,11827,21182
2023-09-25 13:04:21,31,33,11827,21182
2023-09-25 13:04:21,31,32,11827,21182
2023-09-25 13:04:21,31,33,11827,21182
2023-09-25 13:04:22,30,33,11827,21182
2023-09-25 13:04:23,31,33,11827,21182
2023-09-25 13:04:23,32,33,11827,21182
2023-09-25 13:04:24,31,33,11827,21182
2023-09-25 13:04:25,32,33,11827,21182
2023-09-25 13:04:26,31,33,11827,21182
2023-09-25 13:04:27,32,33,11827,21182
2023-09-25 13:04:28,31,33,11827,21182
2023-09-25 13:04:29,32,33,11827,21182
2023-09-25 13:04:30,31,33,11827,21182
2023-09-25 13:04:31,32,33,11827,21182
2023-09-25 13:04:32,31,33,11827,21182
2023-09-25 13:04:33,32,33,11827,21182
2023-09-25 13:04:34,31,33,11827,21182
2023-09-25 13:04:35,32,33,11827,21182
2023-09-25 13:04:36,31,33,11827,21182
2023-09-25 13:04:37,32,33,11827,21182
2023-09-25 13:04:38,31,33,11827,21182
2023-09-25 13:04:39,32,33,11827,21182
2023-09-25 13:04:40,32,34,11827,21441
2023-09-25 13:04:40,31,34,11827,21441
2023-09-25 13:04:41,32,34,11827,21441
2023-09-25 13:04:42,31,34,11827,21441
2023-09-25 13:04:42,33,34,11827,21441
2023-09-25 13:04:43,31,34,11827,21441
2023-09-25 13:04:44,32,34,11827,21441
2023-09-25 13:04:45,31,34,11827,21441
2023-09-25 13:04:45,33,34,11827,21441
2023-09-25 13:04:46,31,34,11827,21441
2023-09-25 13:04:47,32,34,11827,21441
2023-09-25 13:04:48,31,34,11827,21441
2023-09-25 13:04:49,32,34,11827,21441
2023-09-25 13:04:50,31,34,11827,21441
2023-09-25 13:04:51,32,34,11827,21441
2023-09-25 13:04:52,31,34,11827,21441
2023-09-25 13:04:53,32,34,11827,21441
2023-09-25 13:04:54,31,34,11827,21441
2023-09-25 13:04:55,32,34,11827,21441
2023-09-25 13:04:56,31,34,11827,21441
2023-09-25 13:04:57,32,34,11827,21441
2023-09-25 13:04:58,31,34,11827,21441
2023-09-25 13:04:58,33,34,11827,21441
2023-09-25 13:04:59,31,34,11827,21441
2023-09-25 13:05:00,32,34,11827,21441
2023-09-25 13:05:01,31,34,11827,21441
2023-09-25 13:05:01,33,34,11827,21441
2023-09-25 13:05:02,31,34,11827,21441
2023-09-25 13:05:03,32,34,11827,21441
2023-09-25 13:05:04,31,34,11827,21441
2023-09-25 13:05:04,33,34,11827,21441
2023-09-25 13:05:05,31,34,11827,21441
2023-09-25 13:05:06,32,34,11827,21441
2023-09-25 13:05:07,31,34,11827,21441
2023-09-25 13:05:07,33,34,11827,21441
2023-09-25 13:05:08,31,34,11827,21441
2023-09-25 13:05:09,32,34,11827,21441
2023-09-25 13:05:10,31,34,11827,21441
2023-09-25 13:05:10,33,34,11827,21441
2023-09-25 13:05:11,31,34,11827,21441
2023-09-25 13:05:12,32,34,11827,21441
2023-09-25 13:05:13,31,34,11827,21441
2023-09-25 13:05:13,33,34,11827,21441
2023-09-25 13:05:14,31,34,11827,21441
2023-09-25 13:05:15,32,34,11827,21441
2023-09-25 13:05:16,31,34,11827,21441
2023-09-25 13:05:17,32,34,11827,21441
2023-09-25 13:05:18,31,34,11827,21441
2023-09-25 13:05:46,32,34,11827,21441
2023-09-25 13:05:47,31,34,11827,21441
2023-09-25 13:05:51,30,34,11827,21441
2023-09-25 13:05:52,30,33,11827,21441
2023-09-25 13:06:00,30,34,11827,21441
2023-09-25 13:06:05,30,33,11827,21441
2023-09-25 13:06:08,30,34,11827,21441
2023-09-25 13:06:13,30,33,11827,21441
2023-09-25 13:06:33,29,33,11827,21441
2023-09-25 13:06:34,29,32,11827,21441
2023-09-25 13:06:35,29,33,11827,21441
2023-09-25 13:06:36,29,32,11827,21441
2023-09-25 13:06:47,29,31,11827,21441
2023-09-25 13:06:47,28,31,11827,21441
2023-09-25 13:06:48,28,30,11827,21441
2023-09-25 13:06:52,27,30,11827,21441
2023-09-25 13:06:56,27,29,11827,21441
2023-09-25 13:06:59,26,29,11827,21441
2023-09-25 13:07:01,26,28,11827,21441
2023-09-25 13:07:02,26,27,11827,21441
2023-09-25 13:07:02,25,27,11827,21441
2023-09-25 13:07:02,24,27,11827,21441
2023-09-25 13:07:02,25,27,11827,21441
2023-09-25 13:07:04,24,27,11827,21441
2023-09-25 13:07:11,25,27,11827,21441
2023-09-25 13:07:12,25,28,11827,21441
2023-09-25 13:07:18,25,27,11827,21441
2023-09-25 13:07:53,24,27,11827,21441
2023-09-25 13:07:55,24,26,11827,21441
2023-09-25 13:07:55,23,26,11827,21441
2023-09-25 13:07:55,24,26,11827,21441
2023-09-25 13:08:01,24,25,11827,21441
2023-09-25 13:08:04,23,25,11827,21441
2023-09-25 13:08:20,22,25,11827,21441
2023-09-25 13:08:23,23,25,11827,21441
2023-09-25 13:08:23,22,25,11827,21441
2023-09-25 13:08:25,23,25,11827,21441
2023-09-25 13:08:25,22,25,11827,21441
2023-09-25 13:08:27,23,25,11827,21441
2023-09-25 13:08:27,22,25,11827,21441
2023-09-25 13:08:29,23,25,11827,21441
2023-09-25 13:08:29,22,25,11827,21441
2023-09-25 13:08:31,23,25,11827,21441
2023-09-25 13:08:31,22,25,11827,21441
2023-09-25 13:08:33,23,25,11827,21441
2023-09-25 13:08:34,22,25,11827,21441
2023-09-25 13:08:35,23,25,11827,21441
2023-09-25 13:08:36,22,25,11827,21441
2023-09-25 13:08:37,23,25,11827,21441
2023-09-25 13:08:38,22,25,11827,21441
2023-09-25 13:08:39,23,25,11827,21441
2023-09-25 13:08:40,22,25,11827,21441
2023-09-25 13:08:41,23,25,11827,21441
2023-09-25 13:08:42,22,25,11827,21441
2023-09-25 13:08:43,22,24,11827,21441
2023-09-25 13:09:43,21,24,11827,21441
2023-09-25 13:09:44,22,24,11827,21441
2023-09-25 13:10:01,22,23,11827,21441
2023-09-25 13:10:06,20,23,11827,21441
2023-09-25 13:10:06,21,23,11827,21441
2023-09-25 13:10:09,20,23,11827,21441
2023-09-25 13:10:09,21,23,11827,21441
2023-09-25 13:10:13,22,23,11827,21441
2023-09-25 13:10:14,21,23,11827,21441
2023-09-25 13:10:15,22,23,11827,21441
2023-09-25 13:10:16,21,23,11827,21441
2023-09-25 13:10:26,22,23,11827,21441
2023-09-25 13:11:01,20,22,11812,21456
2023-09-25 13:11:01,19,22,11812,21456
2023-09-25 13:11:01,20,22,11812,21456
2023-09-25 13:11:02,19,22,11812,21456
2023-09-25 13:11:03,19,21,11812,21456
2023-09-25 13:11:04,18,21,11812,21456
2023-09-25 13:11:05,19,21,11812,21456
2023-09-25 13:11:06,18,21,11812,21456
2023-09-25 13:11:07,19,21,11812,21456
2023-09-25 13:11:08,18,21,11812,21456
2023-09-25 13:11:09,19,21,11812,21456
2023-09-25 13:11:10,18,21,11812,21456
2023-09-25 13:11:11,19,21,11812,21456
2023-09-25 13:11:12,18,21,11812,21456
2023-09-25 13:11:12,20,21,11812,21456
2023-09-25 13:11:13,18,21,11812,21456
2023-09-25 13:11:14,19,21,11812,21456
2023-09-25 13:11:15,18,21,11812,21456
2023-09-25 13:11:15,20,21,11812,21456
2023-09-25 13:11:16,18,21,11812,21456
2023-09-25 13:11:17,19,21,11812,21456
2023-09-25 13:11:17,20,21,11812,21456
2023-09-25 13:11:18,19,21,11812,21456
2023-09-25 13:11:19,20,21,11812,21456
2023-09-25 13:11:20,19,21,11812,21456
2023-09-25 13:11:21,20,21,11812,21456
2023-09-25 13:11:22,19,21,11812,21456
2023-09-25 13:11:23,20,21,11812,21456
2023-09-25 13:11:24,19,21,11812,21456
2023-09-25 13:11:25,20,21,11812,21456
2023-09-25 13:11:26,19,21,11812,21456
2023-09-25 13:11:29,20,21,11812,21456
2023-09-25 13:11:30,19,21,11812,21456
2023-09-25 13:11:33,20,21,11812,21456
2023-09-25 13:11:33,19,21,11812,21456
2023-09-25 13:11:36,18,21,11812,21456
2023-09-25 13:11:37,19,21,11812,21456
2023-09-25 13:11:37,19,22,11812,21907
2023-09-25 13:11:38,18,22,11812,21907
2023-09-25 13:11:38,20,22,11812,21907
2023-09-25 13:11:39,19,22,11812,21907
2023-09-25 13:11:46,19,21,11812,21907
2023-09-25 13:12:07,19,20,11812,21907
2023-09-25 13:12:07,17,20,11812,21907
2023-09-25 13:12:07,18,20,11812,21907
2023-09-25 13:12:52,18,19,11812,21907
2023-09-25 13:12:58,16,18,11802,21917
2023-09-25 13:12:59,17,18,11802,21917
2023-09-25 13:13:01,17,19,11802,21917
2023-09-25 13:13:10,17,18,11802,21917
2023-09-25 13:13:16,17,19,11802,21917
2023-09-25 13:13:39,16,19,11802,21917
2023-09-25 13:13:39,17,19,11802,21917
2023-09-25 13:13:39,18,19,11802,21917
2023-09-25 13:14:01,16,18,11792,21927
2023-09-25 13:14:01,17,18,11792,21927
2023-09-25 13:14:07,17,19,11792,21927
2023-09-25 13:14:17,17,18,11792,21927
2023-09-25 13:14:38,17,19,11792,21927
2023-09-25 13:14:47,16,19,11792,21927
2023-09-25 13:14:47,18,19,11792,21927
2023-09-25 13:15:14,18,20,11792,21927
2023-09-25 13:15:15,18,21,11792,21927
2023-09-25 13:15:15,19,21,11792,21927
2023-09-25 13:15:16,18,21,11792,21927
2023-09-25 13:15:16,19,21,11792,21927
2023-09-25 13:15:19,20,21,11792,21927
2023-09-25 13:15:20,19,21,11792,21927
2023-09-25 13:15:21,20,21,11792,21927
2023-09-25 13:15:22,19,21,11792,21927
2023-09-25 13:15:23,20,21,11792,21927
2023-09-25 13:15:24,19,21,11792,21927
2023-09-25 13:15:25,20,21,11792,21927
2023-09-25 13:15:26,19,21,11792,21927
2023-09-25 13:15:28,20,21,11792,21927
2023-09-25 13:15:29,19,21,11792,21927
2023-09-25 13:15:33,19,22,11792,21927
2023-09-25 13:15:34,19,21,11792,21927
2023-09-25 13:15:51,20,21,11792,21927
2023-09-25 13:15:52,19,21,11792,21927
2023-09-25 13:16:16,18,21,11792,21927
2023-09-25 13:16:16,19,21,11792,21927
2023-09-25 13:16:24,18,21,11792,21927
2023-09-25 13:16:24,19,21,11792,21927
2023-09-25 13:16:25,18,21,11792,21927
2023-09-25 13:16:26,19,21,11792,21927
2023-09-25 13:16:27,18,21,11792,21927
2023-09-25 13:16:30,19,21,11792,21927
2023-09-25 13:16:31,18,21,11792,21927
2023-09-25 13:16:32,19,21,11792,21927
2023-09-25 13:16:33,18,21,11792,21927
2023-09-25 13:16:34,19,21,11792,21927
2023-09-25 13:16:35,18,21,11792,21927
2023-09-25 13:16:36,19,21,11792,21927
2023-09-25 13:16:37,18,21,11792,21927
2023-09-25 13:16:38,19,21,11792,21927
2023-09-25 13:16:39,18,21,11792,21927
2023-09-25 13:16:40,19,21,11792,21927
2023-09-25 13:16:41,18,21,11792,21927
2023-09-25 13:16:42,18,20,11792,21927
2023-09-25 13:16:42,19,20,11792,21927
2023-09-25 13:16:43,18,20,11792,21927
2023-09-25 13:16:44,19,20,11792,21927
2023-09-25 13:16:45,18,20,11792,21927
2023-09-25 13:16:49,19,20,11792,21927
2023-09-25 13:16:50,18,20,11792,21927
2023-09-25 13:16:51,19,20,11792,21927
2023-09-25 13:16:52,19,21,11792,21927
2023-09-25 13:16:52,18,21,11792,21927
2023-09-25 13:16:53,19,21,11792,21927
2023-09-25 13:16:54,18,21,11792,21927
2023-09-25 13:16:54,20,21,11792,21927
2023-09-25 13:16:55,18,21,11792,21927
2023-09-25 13:16:56,19,21,11792,21927
2023-09-25 13:16:57,18,21,11792,21927
2023-09-25 13:16:57,20,21,11792,21927
2023-09-25 13:16:58,18,21,11792,21927
2023-09-25 13:16:59,19,21,11792,21927
2023-09-25 13:17:00,20,21,11792,21927
2023-09-25 13:17:01,19,21,11792,21927
2023-09-25 13:17:02,20,21,11792,21927
2023-09-25 13:17:03,19,21,11792,21927
2023-09-25 13:17:04,20,21,11792,21927
2023-09-25 13:17:05,19,21,11792,21927
2023-09-25 13:17:06,20,21,11792,21927
2023-09-25 13:17:07,19,21,11792,21927
2023-09-25 13:17:08,20,21,11792,21927
2023-09-25 13:17:09,20,22,11792,21927
2023-09-25 13:17:09,19,22,11792,21927
2023-09-25 13:17:09,21,22,11792,21927
2023-09-25 13:17:10,19,22,11792,21927
2023-09-25 13:17:11,20,22,11792,21927
2023-09-25 13:17:12,19,22,11792,21927
2023-09-25 13:17:13,20,22,11792,21927
2023-09-25 13:17:14,19,22,11792,21927
2023-09-25 13:17:15,20,22,11792,21927
2023-09-25 13:17:16,20,21,11792,21927
2023-09-25 13:17:16,19,21,11792,21927
2023-09-25 13:17:17,20,21,11792,21927
2023-09-25 13:17:18,19,21,11792,21927
2023-09-25 13:17:19,20,21,11792,21927
2023-09-25 13:17:20,19,21,11792,21927
2023-09-25 13:17:21,20,21,11792,21927
2023-09-25 13:17:22,19,21,11792,21927
2023-09-25 13:17:23,20,21,11792,21927
2023-09-25 13:17:24,19,21,11792,21927
2023-09-25 13:17:25,20,21,11792,21927
2023-09-25 13:17:26,19,21,11792,21927
2023-09-25 13:17:27,20,21,11792,21927
2023-09-25 13:17:28,19,21,11792,21927
2023-09-25 13:17:29,19,22,11792,21927
2023-09-25 13:17:29,20,22,11792,21927
2023-09-25 13:17:30,19,22,11792,21927
2023-09-25 13:17:31,20,22,11792,21927
2023-09-25 13:17:32,19,22,11792,21927
2023-09-25 13:17:33,20,22,11792,21927
2023-09-25 13:17:34,19,22,11792,21927
2023-09-25 13:17:35,20,22,11792,21927
2023-09-25 13:17:36,20,21,11792,21927
2023-09-25 13:17:36,19,21,11792,21927
2023-09-25 13:17:37,20,21,11792,21927
2023-09-25 13:17:38,20,22,11792,21927
2023-09-25 13:17:38,19,22,11792,21927
2023-09-25 13:17:39,20,22,11792,21927
2023-09-25 13:17:40,20,21,11792,21927
2023-09-25 13:17:40,19,21,11792,21927
2023-09-25 13:17:41,19,22,11792,21927
2023-09-25 13:17:41,20,22,11792,21927
2023-09-25 13:17:42,19,22,11792,21927
2023-09-25 13:17:43,20,22,11792,21927
2023-09-25 13:17:44,20,21,11792,21927
2023-09-25 13:17:44,19,21,11792,21927
2023-09-25 13:17:45,19,22,11792,21927
2023-09-25 13:17:45,20,22,11792,21927
2023-09-25 13:17:46,19,22,11792,21927
2023-09-25 13:17:47,20,22,11792,21927
2023-09-25 13:17:48,19,22,11792,21927
2023-09-25 13:17:50,20,22,11792,21927
2023-09-25 13:17:50,19,22,11792,21927
2023-09-25 13:17:52,20,22,11792,21927
2023-09-25 13:17:52,19,22,11792,21927
2023-09-25 13:17:54,20,22,11792,21927
2023-09-25 13:17:55,19,22,11792,21927
2023-09-25 13:17:56,20,22,11792,21927
2023-09-25 13:17:57,19,22,11792,21927
2023-09-25 13:17:57,20,22,11792,21927
2023-09-25 13:18:06,20,21,11792,21927
2023-09-25 13:18:13,19,21,11792,21927
2023-09-25 13:18:19,20,21,11792,21927
2023-09-25 13:18:20,19,21,11792,21927
2023-09-25 13:18:21,20,21,11792,21927
2023-09-25 13:18:22,19,21,11792,21927
2023-09-25 13:18:23,20,21,11792,21927
2023-09-25 13:18:24,19,21,11792,21927
2023-09-25 13:18:25,20,21,11792,21927
2023-09-25 13:18:26,19,21,11792,21927
2023-09-25 13:18:32,20,21,11792,21927
2023-09-25 13:18:34,20,22,11792,21927
2023-09-25 13:18:34,21,22,11792,21927
2023-09-25 13:18:47,19,21,11782,21937
2023-09-25 13:18:48,20,21,11782,21937
2023-09-25 13:18:53,20,22,11782,21937
2023-09-25 13:18:56,20,21,11782,21937
2023-09-25 13:19:14,20,22,11782,21937
2023-09-25 13:19:16,20,21,11782,21937
2023-09-25 13:19:18,20,22,11782,21937
2023-09-25 13:19:18,21,22,11782,21937
2023-09-25 13:19:28,21,23,11782,21937
2023-09-25 13:19:28,22,23,11782,21937
2023-09-25 13:19:30,22,24,11782,21937
2023-09-25 13:20:01,21,24,11782,21937
2023-09-25 13:20:10,21,23,11782,21937
2023-09-25 13:20:10,22,23,11782,21937
2023-09-25 13:20:15,22,24,11782,21937
2023-09-25 13:20:18,21,24,11782,21937
2023-09-25 13:20:18,22,24,11782,21937
2023-09-25 13:20:19,22,25,11782,21937
2023-09-25 13:20:19,23,25,11782,21937
2023-09-25 13:20:20,24,25,11782,21937
2023-09-25 13:20:21,23,25,11782,21937
2023-09-25 13:20:22,24,25,11782,21937
2023-09-25 13:20:23,23,25,11782,21937
2023-09-25 13:20:24,24,25,11782,21937
2023-09-25 13:20:25,23,25,11782,21937
2023-09-25 13:20:26,24,25,11782,21937
2023-09-25 13:20:27,23,25,11782,21937
2023-09-25 13:20:28,24,25,11782,21937
2023-09-25 13:20:29,23,25,11782,21937
2023-09-25 13:20:30,24,25,11782,21937
2023-09-25 13:20:31,23,25,11782,21937
2023-09-25 13:20:32,24,25,11782,21937
2023-09-25 13:20:33,23,25,11782,21937
2023-09-25 13:20:34,24,25,11782,21937
2023-09-25 13:20:35,23,25,11782,21937
2023-09-25 13:20:36,24,25,11782,21937
2023-09-25 13:20:37,23,25,11782,21937
2023-09-25 13:20:50,23,24,11782,21937
2023-09-25 13:21:00,21,24,11782,21937
2023-09-25 13:21:00,22,24,11782,21937
2023-09-25 13:21:05,22,23,11782,21937
2023-09-25 13:21:08,22,24,11782,21937
2023-09-25 13:21:30,22,23,11782,21937
2023-09-25 13:21:32,21,23,11782,21937
2023-09-25 13:21:38,21,22,11782,21937
2023-09-25 13:21:40,21,23,11782,21937
2023-09-25 13:21:44,22,23,11782,21937
2023-09-25 13:21:45,22,24,11782,21937
2023-09-25 13:22:38,22,25,11782,21937
2023-09-25 13:22:38,23,25,11782,21937
2023-09-25 13:22:39,24,25,11782,21937
2023-09-25 13:22:40,23,25,11782,21937
2023-09-25 13:22:41,23,26,11782,21937
2023-09-25 13:22:41,24,26,11782,21937
2023-09-25 13:22:52,24,27,11782,21937
2023-09-25 13:22:53,25,27,11782,21937
2023-09-25 13:22:55,24,27,11782,21937
2023-09-25 13:22:55,25,27,11782,21937
2023-09-25 13:23:07,25,26,11782,21937
2023-09-25 13:23:28,24,26,11782,21937
2023-09-25 13:23:44,24,25,11782,21937
2023-09-25 13:23:45,23,25,11782,21937
2023-09-25 13:23:54,23,26,11782,21937
2023-09-25 13:23:58,23,25,11782,21937
2023-09-25 13:24:00,23,26,11782,21937
2023-09-25 13:24:16,24,26,11782,21937
2023-09-25 13:24:19,24,27,11782,21937
2023-09-25 13:24:21,25,27,11782,21937
2023-09-25 13:24:43,25,28,11782,21937
2023-09-25 13:24:43,26,28,11782,21937
2023-09-25 13:25:04,25,28,11782,21937
2023-09-25 13:25:36,26,28,11782,21937
2023-09-25 13:25:37,25,28,11782,21937
2023-09-25 13:25:37,26,28,11782,21937
2023-09-25 13:25:42,26,28,11782,22237
2023-09-25 13:25:43,26,29,11782,22237
2023-09-25 13:25:43,27,29,11782,22237
2023-09-25 13:25:56,28,29,11782,22237
2023-09-25 13:25:57,28,30,11782,22237
2023-09-25 13:26:02,29,30,11782,22237
2023-09-25 13:26:02,29,30,11817,22272
2023-09-25 13:26:02,29,30,11887,22342
2023-09-25 13:26:03,28,30,11887,22342
2023-09-25 13:26:05,28,31,11887,22342
2023-09-25 13:26:05,29,31,11887,22342
2023-09-25 13:26:05,29,30,11887,22342
2023-09-25 13:26:06,28,30,12087,22542
2023-09-25 13:26:06,28,31,12087,22542
2023-09-25 13:26:11,28,30,12087,22542
2023-09-25 13:26:16,28,31,12087,22542
2023-09-25 13:26:21,30,31,12087,22542
2023-09-25 13:26:28,30,31,12087,22742
2023-09-25 13:26:33,28,31,12087,22742
2023-09-25 13:26:37,28,30,12087,22742
2023-09-25 13:26:46,27,30,12087,22742
2023-09-25 13:26:49,27,29,12087,22742
2023-09-25 13:26:51,27,30,12087,22742
2023-09-25 13:27:05,27,29,12087,22742
2023-09-25 13:27:26,27,30,12087,22742
2023-09-25 13:27:31,28,30,12087,22742
2023-09-25 13:27:33,28,31,12087,22742
2023-09-25 13:28:01,28,30,12087,22742
2023-09-25 13:28:01,28,31,12087,22742
2023-09-25 13:28:01,28,30,12087,22742
2023-09-25 13:28:02,29,30,12087,22742
2023-09-25 13:28:02,29,30,12353,23008
2023-09-25 13:28:02,29,30,12452,23107
2023-09-25 13:28:02,28,30,12452,23107
2023-09-25 13:28:13,28,30,12452,23307
2023-09-25 13:28:13,30,33,12452,23472
2023-09-25 13:28:13,30,33,12466,23486
2023-09-25 13:28:13,30,32,12466,23486
2023-09-25 13:28:13,30,33,12466,23486
2023-09-25 13:28:13,30,32,12466,23486
2023-09-25 13:28:14,31,32,12466,23486
2023-09-25 13:28:16,31,33,12466,23486
2023-09-25 13:28:16,32,33,12466,23486
2023-09-25 13:28:18,32,33,12586,23606
2023-09-25 13:28:24,31,33,12586,23606
2023-09-25 13:28:50,32,33,12586,23606
2023-09-25 13:28:51,33,34,12586,23726
2023-09-25 13:29:09,32,34,12586,23726
2023-09-25 13:29:31,31,34,12586,23726
2023-09-25 13:29:31,31,33,12586,23726
2023-09-25 13:29:48,31,32,12586,23726
2023-09-25 13:29:49,30,32,12586,23726
2023-09-25 13:30:00,30,31,12586,23726
2023-09-25 13:30:01,30,32,12586,23726
2023-09-25 13:30:04,30,33,12586,23726
2023-09-25 13:30:04,31,33,12586,23726
2023-09-25 13:30:05,31,34,12586,23726
2023-09-25 13:30:05,31,33,12586,23726
2023-09-25 13:30:10,32,33,12586,23726
2023-09-25 13:30:11,32,34,12586,23726
2023-09-25 13:30:11,32,33,12586,23726
2023-09-25 13:30:11,32,34,12586,23726
2023-09-25 13:30:26,32,33,12586,23726
2023-09-25 13:30:26,31,33,12586,23726
2023-09-25 13:31:08,31,34,12586,23726
2023-09-25 13:31:09,32,34,12586,23726
2023-09-25 13:31:16,33,34,12586,23726
2023-09-25 13:31:19,33,35,12586,23726
2023-09-25 13:31:19,33,34,12586,23726
2023-09-25 13:32:14,32,34,12586,23726
2023-09-25 13:32:21,33,34,12586,23726
2023-09-25 13:32:24,33,35,12586,23726
2023-09-25 13:32:24,33,34,12586,23726
2023-09-25 13:32:26,33,35,12586,23726
2023-09-25 13:32:33,34,35,12586,23726
2023-09-25 13:32:56,33,35,12586,23726
2023-09-25 13:33:02,32,35,12586,23726
2023-09-25 13:33:02,32,34,12586,23726
2023-09-25 13:33:20,32,35,12586,23726
2023-09-25 13:33:54,32,34,12586,23726
2023-09-25 13:34:00,32,35,12586,23726
2023-09-25 13:34:08,32,34,12586,23726
2023-09-25 13:34:28,31,34,12586,23726
2023-09-25 13:34:28,31,33,12586,23726
2023-09-25 13:34:32,31,32,12586,23726
2023-09-25 13:34:36,30,32,12586,23726
2023-09-25 13:34:49,30,33,12586,23726
2023-09-25 13:34:57,30,32,12586,23726
2023-09-25 13:35:03,30,31,12586,23726
2023-09-25 13:35:04,29,31,12586,23726
2023-09-25 13:35:21,29,32,12586,23726
2023-09-25 13:35:23,30,32,12586,23726
2023-09-25 13:35:32,30,33,12586,23726
2023-09-25 13:35:34,30,32,12586,23726
2023-09-25 13:35:41,29,32,12586,23726
2023-09-25 13:35:53,30,32,12586,23726
2023-09-25 13:36:00,30,33,12586,23726
2023-09-25 13:36:03,30,32,12586,23726
2023-09-25 13:36:05,30,33,12586,23726
2023-09-25 13:36:06,30,32,12586,23726
2023-09-25 13:36:09,30,31,12586,23726
2023-09-25 13:36:13,29,31,12586,23726
2023-09-25 13:36:28,29,32,12586,23726
2023-09-25 13:37:09,29,31,12586,23726
2023-09-25 13:37:18,29,30,12586,23726
2023-09-25 13:37:19,29,31,12586,23726
2023-09-25 13:37:21,28,31,12586,23726
2023-09-25 13:37:21,28,30,12586,23726
2023-09-25 13:37:38,28,31,12586,23726
2023-09-25 13:37:43,28,30,12586,23726
2023-09-25 13:37:47,28,31,12586,23726
2023-09-25 13:38:03,28,30,12586,23726
2023-09-25 13:38:06,28,29,12586,23726
2023-09-25 13:38:07,27,29,12586,23726
2023-09-25 13:38:54,26,29,12586,23726
2023-09-25 13:38:54,26,28,12586,23726
2023-09-25 13:38:58,26,27,12586,23726
2023-09-25 13:38:58,25,27,12586,23726
2023-09-25 13:39:05,24,27,12586,23726
2023-09-25 13:39:13,24,27,12586,23726
2023-09-25 13:39:16,25,27,12586,23726
2023-09-25 13:39:17,24,27,12586,23726
2023-09-25 13:39:19,25,27,12586,23726
2023-09-25 13:39:20,24,27,12586,23726
2023-09-25 13:39:22,25,27,12586,23726
2023-09-25 13:39:23,24,27,12586,23726
2023-09-25 13:39:30,25,27,12586,23726
2023-09-25 13:39:31,24,27,12586,23726
2023-09-25 13:39:32,25,27,12586,23726
2023-09-25 13:39:33,24,27,12586,23726
2023-09-25 13:39:34,25,27,12586,23726
2023-09-25 13:39:35,24,27,12586,23726
2023-09-25 13:39:36,25,27,12586,23726
2023-09-25 13:39:37,24,27,12586,23726
2023-09-25 13:39:43,24,26,12586,23726
2023-09-25 13:40:11,24,27,12586,23726
2023-09-25 13:40:12,25,27,12586,23726
2023-09-25 13:40:13,24,27,12586,23726
2023-09-25 13:40:16,25,27,12586,23726
2023-09-25 13:40:17,24,27,12586,23726
2023-09-25 13:40:18,25,27,12586,23726
2023-09-25 13:40:19,24,27,12586,23726
2023-09-25 13:40:20,25,27,12586,23726
2023-09-25 13:40:21,24,27,12586,23726
2023-09-25 13:40:22,25,27,12586,23726
2023-09-25 13:40:23,24,27,12586,23726
2023-09-25 13:40:24,25,27,12586,23726
2023-09-25 13:40:25,24,27,12586,23726
2023-09-25 13:40:26,25,27,12586,23726
2023-09-25 13:40:27,24,27,12586,23726
2023-09-25 13:40:28,25,27,12586,23726
2023-09-25 13:40:29,24,27,12586,23726
2023-09-25 13:40:30,25,27,12586,23726
2023-09-25 13:40:31,24,27,12586,23726
2023-09-25 13:40:32,25,27,12586,23726
2023-09-25 13:40:33,24,27,12586,23726
2023-09-25 13:40:34,25,27,12586,23726
2023-09-25 13:40:36,26,27,12586,23726
2023-09-25 13:40:37,25,27,12586,23726
2023-09-25 13:40:38,25,28,12586,23726
2023-09-25 13:40:46,26,28,12586,23726
2023-09-25 13:40:47,25,28,12586,23726
2023-09-25 13:41:01,25,27,12586,23726
2023-09-25 13:41:25,25,28,12586,23726
2023-09-25 13:41:27,26,28,12586,23726
2023-09-25 13:41:28,25,28,12586,23726
2023-09-25 13:41:29,26,28,12586,23726
2023-09-25 13:41:31,26,29,12586,23726
2023-09-25 13:41:33,27,29,12586,23726
2023-09-25 13:42:05,28,29,12586,23726
2023-09-25 13:42:05,28,31,12586,23726
2023-09-25 13:42:05,28,30,12586,23726
2023-09-25 13:42:05,28,31,12586,23726
2023-09-25 13:42:06,29,31,12586,23726
2023-09-25 13:42:08,29,32,12586,23726
2023-09-25 13:42:08,29,31,12586,23726
2023-09-25 13:42:12,29,32,12586,23726
2023-09-25 13:42:16,29,31,12586,23726
2023-09-25 13:42:40,29,32,12586,23726
2023-09-25 13:42:40,29,31,12586,23726
2023-09-25 13:42:40,29,32,12586,23726
2023-09-25 13:43:01,29,31,12586,23726
2023-09-25 13:43:05,30,31,12586,23726
2023-09-25 13:43:05,30,33,12586,23726
2023-09-25 13:43:05,30,32,12586,23726
2023-09-25 13:43:05,30,33,12586,23726
2023-09-25 13:43:09,30,33,12586,23726
2023-09-25 13:43:09,30,32,12586,23726
2023-09-25 13:43:09,30,33,12586,23726
2023-09-25 13:43:26,30,32,12586,23726
2023-09-25 13:43:31,30,33,12586,23726
2023-09-25 13:43:47,30,32,12586,23726
2023-09-25 13:44:05,30,33,12586,23726
2023-09-25 13:44:05,30,32,12586,23726
2023-09-25 13:44:45,30,33,12586,23726
2023-09-25 13:44:45,30,32,12586,23726
2023-09-25 13:45:11,29,32,12586,23726
2023-09-25 13:45:11,29,31,12586,23726
2023-09-25 13:45:18,29,32,12586,23726
2023-09-25 13:45:27,30,32,12586,23726
2023-09-25 13:45:28,30,33,12586,23726
2023-09-25 13:45:28,30,32,12586,23726
2023-09-25 13:45:30,31,32,12586,23726
2023-09-25 13:45:30,31,33,12586,23726
2023-09-25 13:45:50,31,32,12586,23726
2023-09-25 13:45:55,31,33,12586,23726
2023-09-25 13:45:56,31,32,12586,23726
2023-09-25 13:46:02,31,33,12586,23726
2023-09-25 13:46:07,31,32,12586,23726
2023-09-25 13:46:09,31,33,12586,23726
2023-09-25 13:46:12,31,32,12586,23726
2023-09-25 13:46:13,31,33,12586,23726
2023-09-25 13:46:16,31,32,12586,23726
2023-09-25 13:46:18,31,33,12586,23726
2023-09-25 13:46:29,30,33,12586,23726
2023-09-25 13:46:30,30,32,12586,23726
2023-09-25 13:46:31,30,33,12586,23726
2023-09-25 13:46:45,30,32,12586,23726
2023-09-25 13:46:46,30,33,12586,23726
2023-09-25 13:46:47,30,32,12586,23726
2023-09-25 13:46:56,30,31,12586,23726
2023-09-25 13:46:56,29,31,12586,23726
2023-09-25 13:47:22,29,32,12586,23726
2023-09-25 13:47:37,30,32,12586,23726
2023-09-25 13:47:38,30,33,12586,23726
2023-09-25 13:47:38,30,32,12586,23726
2023-09-25 13:47:46,31,32,12586,23726
2023-09-25 13:47:47,31,34,12586,23726
2023-09-25 13:47:47,31,33,12586,23726
2023-09-25 13:47:47,31,34,12586,23726
2023-09-25 13:47:48,32,34,12586,23726
2023-09-25 13:47:49,32,35,12586,23726
2023-09-25 13:47:49,32,34,12586,23726
2023-09-25 13:47:50,32,35,12586,23726
2023-09-25 13:47:50,33,35,12586,23726
2023-09-25 13:47:53,33,36,12586,23726
2023-09-25 13:47:53,34,36,12586,23726
2023-09-25 13:47:56,35,36,12586,23726
2023-09-25 13:47:57,35,37,12586,23726
2023-09-25 13:47:57,36,37,12586,23726
2023-09-25 13:47:58,36,38,12586,23726
2023-09-25 13:47:58,36,37,12586,23726
2023-09-25 13:47:58,36,38,12586,23726
2023-09-25 13:47:58,36,38,12586,23726
2023-09-25 13:48:00,37,38,12586,23726
2023-09-25 13:48:01,36,38,12586,23726
2023-09-25 13:48:15,35,38,12586,23726
2023-09-25 13:48:15,35,37,12586,23726
2023-09-25 13:48:16,35,38,12586,23726
2023-09-25 13:48:17,35,37,12586,23726
2023-09-25 13:48:17,34,37,12586,23726
2023-09-25 13:48:19,34,36,12586,23726
2023-09-25 13:48:35,34,37,12586,23726
2023-09-25 13:48:35,34,36,12586,23726
2023-09-25 13:48:52,34,35,12586,23726
2023-09-25 13:48:52,33,35,12586,23726
2023-09-25 13:48:53,33,34,12586,23726
2023-09-25 13:48:53,32,34,12586,23726
2023-09-25 13:49:11,32,35,12586,23726
2023-09-25 13:49:11,32,34,12586,23726
2023-09-25 13:49:11,32,35,12586,23726
2023-09-25 13:49:24,32,34,12586,23726
2023-09-25 13:49:25,32,35,12586,23726
2023-09-25 13:49:28,32,34,12586,23726
2023-09-25 13:49:31,32,33,12586,23726
2023-09-25 13:49:32,32,34,12586,23726
2023-09-25 13:49:33,31,34,12586,23726
2023-09-25 13:49:33,31,33,12586,23726
2023-09-25 13:49:40,30,33,12586,23726
2023-09-25 13:49:47,30,32,12586,23726
2023-09-25 13:50:16,29,32,12586,23726
2023-09-25 13:50:29,29,31,12586,23726
2023-09-25 13:50:29,28,31,12586,23726
2023-09-25 13:50:57,28,30,12586,23726
2023-09-25 13:51:16,28,31,12586,23726
2023-09-25 13:51:17,28,30,12586,23726
2023-09-25 13:51:40,27,30,12586,23726
2023-09-25 13:51:49,27,29,12586,23726
2023-09-25 13:52:03,26,29,12586,23726
2023-09-25 13:52:10,26,28,12586,23726
2023-09-25 13:52:21,26,27,12586,23726
2023-09-25 13:52:21,25,27,12586,23726
2023-09-25 13:52:21,26,27,12586,23726
2023-09-25 13:52:22,25,27,12586,23726
2023-09-25 13:52:24,26,27,12586,23726
2023-09-25 13:52:25,25,27,12586,23726
2023-09-25 13:52:26,25,28,12586,23726
2023-09-25 13:52:26,26,28,12586,23726
2023-09-25 13:52:27,25,28,12586,23726
2023-09-25 13:52:28,26,28,12586,23726
2023-09-25 13:52:29,25,28,12586,23726
2023-09-25 13:52:30,26,28,12586,23726
2023-09-25 13:52:31,26,27,12586,23726
2023-09-25 13:52:31,25,27,12586,23726
2023-09-25 13:52:32,24,27,12586,23726
2023-09-25 13:52:32,25,27,12586,23726
2023-09-25 13:52:34,24,27,12586,23726
2023-09-25 13:52:39,24,26,12586,23726
2023-09-25 13:52:41,22,26,12586,23726
2023-09-25 13:52:45,23,26,12586,23726
2023-09-25 13:52:46,22,26,12586,23726
2023-09-25 13:52:47,23,26,12586,23726
2023-09-25 13:52:48,22,26,12586,23726
2023-09-25 13:52:49,23,26,12586,23726
2023-09-25 13:52:50,22,26,12586,23726
2023-09-25 13:52:57,23,26,12586,23726
2023-09-25 13:52:58,22,26,12586,23726
2023-09-25 13:52:59,23,26,12586,23726
2023-09-25 13:53:00,22,26,12586,23726
2023-09-25 13:53:01,23,26,12586,23726
2023-09-25 13:53:01,23,27,12586,23726
2023-09-25 13:53:02,24,27,12586,23726
2023-09-25 13:53:02,24,26,12586,23726
2023-09-25 13:53:03,23,26,12586,23726
2023-09-25 13:53:03,23,27,12586,23726
2023-09-25 13:53:03,24,27,12586,23726
2023-09-25 13:53:04,25,27,12586,23726
2023-09-25 13:53:05,24,27,12586,23726
2023-09-25 13:53:06,25,27,12586,23726
2023-09-25 13:53:07,24,27,12586,23726
2023-09-25 13:53:08,25,27,12586,23726
2023-09-25 13:53:09,24,27,12586,23726
2023-09-25 13:53:10,25,27,12586,23726
2023-09-25 13:53:11,24,27,12586,23726
2023-09-25 13:53:13,24,26,12586,23726
2023-09-25 13:53:21,25,26,12586,23726
2023-09-25 13:53:22,24,26,12586,23726
2023-09-25 13:53:28,24,27,12586,23726
2023-09-25 13:53:28,25,27,12586,23726
2023-09-25 13:53:29,24,27,12586,23726
2023-09-25 13:53:31,25,27,12586,23726
2023-09-25 13:53:32,24,27,12586,23726
2023-09-25 13:53:33,25,27,12586,23726
2023-09-25 13:53:34,25,28,12586,23726
2023-09-25 13:53:34,24,28,12586,23726
2023-09-25 13:53:34,26,28,12586,23726
2023-09-25 13:53:35,24,28,12586,23726
2023-09-25 13:53:36,25,28,12586,23726
2023-09-25 13:53:37,26,28,12586,23726
2023-09-25 13:53:38,25,28,12586,23726
2023-09-25 13:53:39,25,29,12586,23726
2023-09-25 13:53:39,26,29,12586,23726
2023-09-25 13:53:40,27,29,12586,23726
2023-09-25 13:53:41,26,29,12586,23726
2023-09-25 13:53:50,26,30,12586,23726
2023-09-25 13:53:59,26,29,12586,23726
2023-09-25 13:54:11,26,28,12586,23726
2023-09-25 13:54:25,26,29,12586,23726
2023-09-25 13:54:33,26,28,12586,23726
2023-09-25 13:54:36,26,29,12586,23726
2023-09-25 13:54:38,26,28,12586,23726
2023-09-25 13:55:11,24,28,12586,23726
2023-09-25 13:55:11,25,28,12586,23726
2023-09-25 13:55:12,24,28,12586,23726
2023-09-25 13:55:13,24,27,12586,23726
2023-09-25 13:55:36,24,28,12586,23726
2023-09-25 13:55:36,25,28,12586,23726
2023-09-25 13:55:37,24,28,12586,23726
2023-09-25 13:55:38,25,28,12586,23726
2023-09-25 13:55:39,24,28,12586,23726
2023-09-25 13:55:41,25,28,12586,23726
2023-09-25 13:55:41,24,28,12586,23726
2023-09-25 13:55:42,25,28,12586,23726
2023-09-25 13:55:44,26,28,12586,23726
2023-09-25 13:55:45,25,28,12586,23726
2023-09-25 13:56:06,26,28,12586,23726
2023-09-25 13:56:07,25,28,12586,23726
2023-09-25 13:56:18,26,28,12586,23726
2023-09-25 13:56:19,25,28,12586,23726
2023-09-25 13:56:24,26,28,12586,23726
2023-09-25 13:56:25,25,28,12586,23726
2023-09-25 13:56:29,26,28,12586,23726
2023-09-25 13:56:30,25,28,12586,23726
2023-09-25 13:56:31,26,28,12586,23726
2023-09-25 13:56:32,25,28,12586,23726
2023-09-25 13:56:33,26,28,12586,23726
2023-09-25 13:56:34,25,28,12586,23726
2023-09-25 13:56:35,25,27,12586,23726
2023-09-25 13:56:36,24,27,12586,23726
2023-09-25 13:56:37,25,27,12586,23726
2023-09-25 13:56:38,24,27,12586,23726
2023-09-25 13:56:39,25,27,12586,23726
2023-09-25 13:56:40,24,27,12586,23726
2023-09-25 13:56:41,25,27,12586,23726
2023-09-25 13:56:42,24,27,12586,23726
2023-09-25 13:56:43,25,27,12586,23726
2023-09-25 13:56:44,24,27,12586,23726
2023-09-25 13:56:45,25,27,12586,23726
2023-09-25 13:56:46,24,27,12586,23726
2023-09-25 13:56:56,25,27,12586,23726
2023-09-25 13:56:57,24,27,12586,23726
2023-09-25 13:56:58,25,27,12586,23726
2023-09-25 13:56:59,24,27,12586,23726
2023-09-25 13:57:00,25,27,12586,23726
2023-09-25 13:57:01,24,27,12586,23726
2023-09-25 13:57:02,25,27,12586,23726
2023-09-25 13:57:03,24,27,12586,23726
2023-09-25 13:57:08,24,26,12586,23726
2023-09-25 13:57:31,23,26,12586,23726
2023-09-25 13:57:31,23,25,12586,23726
2023-09-25 13:57:31,22,25,12586,23726
2023-09-25 13:57:32,23,25,12586,23726
2023-09-25 13:57:33,22,25,12586,23726
2023-09-25 13:57:34,23,25,12586,23726
2023-09-25 13:57:35,22,25,12586,23726
2023-09-25 13:57:36,23,25,12586,23726
2023-09-25 13:57:37,22,25,12586,23726
2023-09-25 13:57:38,23,25,12586,23726
2023-09-25 13:57:39,22,25,12586,23726
2023-09-25 13:57:40,23,25,12586,23726
2023-09-25 13:57:41,22,25,12586,23726
2023-09-25 13:57:42,23,25,12586,23726
2023-09-25 13:57:43,22,25,12586,23726
2023-09-25 13:57:49,23,25,12586,23726
2023-09-25 13:57:50,22,25,12586,23726
2023-09-25 13:57:51,23,25,12586,23726
2023-09-25 13:57:52,22,25,12586,23726
2023-09-25 13:57:56,23,25,12586,23726
2023-09-25 13:57:57,22,25,12586,23726
2023-09-25 13:57:58,23,25,12586,23726
2023-09-25 13:57:59,22,25,12586,23726
2023-09-25 13:58:00,23,25,12586,23726
2023-09-25 13:58:01,24,25,12586,23726
2023-09-25 13:58:02,24,26,12586,23726
2023-09-25 13:58:02,23,26,12586,23726
2023-09-25 13:58:03,24,26,12586,23726
2023-09-25 13:58:04,23,26,12586,23726
2023-09-25 13:58:05,24,26,12586,23726
2023-09-25 13:58:06,24,27,12586,23726
2023-09-25 13:58:12,24,26,12586,23726
2023-09-25 13:58:37,24,27,12586,23726
2023-09-25 13:58:37,25,27,12586,23726
2023-09-25 13:58:38,24,27,12586,23726
2023-09-25 13:58:46,24,26,12586,23726
2023-09-25 13:58:47,24,27,12586,23726
2023-09-25 13:58:51,24,26,12586,23726
2023-09-25 13:59:33,23,26,12586,23726
2023-09-25 13:59:33,23,25,12586,23726
2023-09-25 13:59:34,22,25,12586,23726
2023-09-25 13:59:36,22,24,12586,23726
2023-09-25 14:00:18,21,24,12586,23726
2023-09-25 14:00:18,21,23,12586,23726
2023-09-25 14:00:18,20,23,12586,23726
2023-09-25 14:00:18,21,23,12586,23726
2023-09-25 14:00:19,20,23,12586,23726
2023-09-25 14:00:25,20,22,12586,23726
2023-09-25 14:00:26,20,22,12587,23727
2023-09-25 14:00:26,20,21,12587,23727
2023-09-25 14:00:42,19,21,12587,23727
2023-09-25 14:00:42,20,21,12587,23727
2023-09-25 14:00:43,20,21,12587,23728
2023-09-25 14:00:43,19,21,12587,23728
2023-09-25 14:00:44,20,21,12587,23728
2023-09-25 14:00:45,19,21,12587,23728
2023-09-25 14:00:45,19,22,12587,23728
2023-09-25 14:00:45,19,20,12587,23728
2023-09-25 14:00:46,20,22,12586,23729
2023-09-25 14:00:47,19,22,12586,23729
2023-09-25 14:00:48,20,22,12586,23729
2023-09-25 14:00:49,19,22,12586,23729
2023-09-25 14:00:50,20,22,12586,23729
2023-09-25 14:00:51,19,22,12586,23729
2023-09-25 14:00:52,19,21,12586,23729
2023-09-25 14:00:55,18,21,12586,23729
2023-09-25 14:00:56,19,21,12586,23729
2023-09-25 14:00:57,18,21,12586,23729
2023-09-25 14:00:58,19,21,12586,23729
2023-09-25 14:00:59,18,21,12586,23729
2023-09-25 14:01:02,19,21,12586,23729
2023-09-25 14:01:03,18,21,12586,23729
2023-09-25 14:01:12,19,21,12586,23729
2023-09-25 14:01:13,18,21,12586,23729
2023-09-25 14:01:14,19,21,12586,23729
2023-09-25 14:01:15,18,21,12586,23729
2023-09-25 14:01:16,18,22,12586,23729
2023-09-25 14:01:16,19,22,12586,23729
2023-09-25 14:01:23,19,21,12586,23729
2023-09-25 14:01:36,19,22,12586,23729
2023-09-25 14:01:41,20,22,12586,23729
2023-09-25 14:01:42,19,22,12586,23729
2023-09-25 14:01:44,20,22,12586,23729
2023-09-25 14:01:44,19,22,12586,23729
2023-09-25 14:01:46,20,22,12586,23729
2023-09-25 14:01:46,19,22,12586,23729
2023-09-25 14:01:48,20,22,12586,23729
2023-09-25 14:01:48,19,22,12586,23729
2023-09-25 14:01:49,19,21,12586,23729
2023-09-25 14:01:50,20,21,12586,23729
2023-09-25 14:01:51,19,21,12586,23729
2023-09-25 14:01:51,19,22,12586,23729
2023-09-25 14:01:52,20,22,12586,23729
2023-09-25 14:01:52,20,21,12586,23729
2023-09-25 14:01:53,19,21,12586,23729
2023-09-25 14:01:54,20,21,12586,23729
2023-09-25 14:01:55,19,21,12586,23729
2023-09-25 14:01:56,20,21,12586,23729
2023-09-25 14:01:57,19,21,12586,23729
2023-09-25 14:02:03,19,20,12586,23729
2023-09-25 14:02:03,18,20,12586,23729
2023-09-25 14:02:04,19,20,12586,23729
2023-09-25 14:02:05,18,20,12586,23729
2023-09-25 14:02:06,19,20,12586,23729
2023-09-25 14:02:07,18,20,12586,23729
2023-09-25 14:02:08,19,20,12586,23729
2023-09-25 14:02:09,18,20,12586,23729
2023-09-25 14:02:10,19,20,12586,23729
2023-09-25 14:02:11,18,20,12586,23729
2023-09-25 14:02:12,19,20,12586,23729
2023-09-25 14:02:13,18,20,12586,23729
2023-09-25 14:02:14,19,20,12586,23729
2023-09-25 14:02:15,18,20,12586,23729
2023-09-25 14:02:16,19,20,12586,23729
2023-09-25 14:02:17,18,20,12586,23729
2023-09-25 14:02:18,19,20,12586,23729
2023-09-25 14:02:19,18,20,12586,23729
2023-09-25 14:02:20,19,20,12586,23729
2023-09-25 14:02:21,18,20,12586,23729
2023-09-25 14:02:22,19,20,12586,23729
2023-09-25 14:02:23,18,20,12586,23729
2023-09-25 14:02:29,17,20,12586,23729
2023-09-25 14:02:31,17,19,12586,23729
2023-09-25 14:02:31,18,19,12586,23729
2023-09-25 14:02:32,17,19,12586,23729
2023-09-25 14:02:33,18,19,12586,23729
2023-09-25 14:02:34,17,19,12586,23729
2023-09-25 14:02:35,18,19,12586,23729
2023-09-25 14:02:36,17,19,12586,23729
2023-09-25 14:02:37,17,20,12586,23729
2023-09-25 14:02:37,18,20,12586,23729
2023-09-25 14:02:38,17,20,12586,23729
2023-09-25 14:02:39,18,20,12586,23729
2023-09-25 14:02:40,17,20,12586,23729
2023-09-25 14:02:41,18,20,12586,23729
2023-09-25 14:02:42,17,20,12586,23729
2023-09-25 14:02:42,19,20,12586,23729
2023-09-25 14:02:43,17,20,12586,23729
2023-09-25 14:02:44,18,20,12586,23729
2023-09-25 14:02:45,17,20,12586,23729
2023-09-25 14:02:45,19,20,12586,23729
2023-09-25 14:02:46,17,20,12586,23729
2023-09-25 14:02:47,18,20,12586,23729
2023-09-25 14:02:48,17,20,12586,23729
2023-09-25 14:02:48,19,20,12586,23729
2023-09-25 14:02:49,17,20,12586,23729
2023-09-25 14:02:50,18,20,12586,23729
2023-09-25 14:02:51,17,20,12586,23729
2023-09-25 14:02:51,19,20,12586,23729
2023-09-25 14:02:52,17,20,12586,23729
2023-09-25 14:02:53,18,20,12586,23729
2023-09-25 14:02:53,19,20,12586,23729
2023-09-25 14:02:54,18,20,12586,23729
2023-09-25 14:02:55,18,21,12586,23729
2023-09-25 14:02:55,19,22,12586,23729
2023-09-25 14:02:56,20,22,12586,23729
2023-09-25 14:02:57,19,22,12586,23729
2023-09-25 14:02:57,21,22,12586,23729
2023-09-25 14:02:58,19,22,12586,23729
2023-09-25 14:02:59,20,22,12586,23729
2023-09-25 14:03:00,19,22,12586,23729
2023-09-25 14:03:00,21,22,12586,23729
2023-09-25 14:03:01,19,22,12586,23729
2023-09-25 14:03:02,20,22,12586,23729
2023-09-25 14:03:03,19,22,12586,23729
2023-09-25 14:03:04,19,21,12586,23729
2023-09-25 14:03:04,20,21,12586,23729
2023-09-25 14:03:05,19,21,12586,23729
2023-09-25 14:03:06,19,22,12586,23729
2023-09-25 14:03:06,20,22,12586,23729
2023-09-25 14:03:07,19,22,12586,23729
2023-09-25 14:03:07,21,22,12586,23729
2023-09-25 14:03:08,19,22,12586,23729
2023-09-25 14:03:09,20,22,12586,23729
2023-09-25 14:03:10,19,22,12586,23729
2023-09-25 14:03:10,21,22,12586,23729
2023-09-25 14:03:11,19,22,12586,23729
2023-09-25 14:03:12,20,22,12586,23729
2023-09-25 14:03:13,19,22,12586,23729
2023-09-25 14:03:14,20,22,12586,23729
2023-09-25 14:03:15,19,22,12586,23729
2023-09-25 14:03:16,20,22,12586,23729
2023-09-25 14:03:17,19,22,12586,23729
2023-09-25 14:03:18,20,22,12586,23729
2023-09-25 14:03:19,19,22,12586,23729
2023-09-25 14:03:20,20,22,12586,23729
2023-09-25 14:03:21,19,22,12586,23729
2023-09-25 14:03:22,19,21,12586,23729
2023-09-25 14:03:22,20,21,12586,23729
2023-09-25 14:03:23,19,21,12586,23729
2023-09-25 14:03:27,18,21,12586,23729
2023-09-25 14:03:28,19,21,12586,23729
2023-09-25 14:03:29,18,21,12586,23729
2023-09-25 14:03:30,19,21,12586,23729
2023-09-25 14:03:31,18,21,12586,23729
2023-09-25 14:03:32,19,21,12586,23729
2023-09-25 14:03:33,18,21,12586,23729
2023-09-25 14:03:34,19,21,12586,23729
2023-09-25 14:03:35,18,21,12586,23729
2023-09-25 14:03:35,20,21,12586,23729
2023-09-25 14:03:36,18,21,12586,23729
2023-09-25 14:03:37,19,21,12586,23729
2023-09-25 14:03:38,18,21,12586,23729
2023-09-25 14:03:39,19,21,12586,23729
2023-09-25 14:03:40,18,21,12586,23729
2023-09-25 14:03:41,19,21,12586,23729
2023-09-25 14:03:42,18,21,12586,23729
2023-09-25 14:03:43,19,21,12586,23729
2023-09-25 14:03:44,18,21,12586,23729
2023-09-25 14:03:45,19,21,12586,23729
2023-09-25 14:03:46,18,21,12586,23729
2023-09-25 14:03:47,19,21,12586,23729
2023-09-25 14:03:48,18,21,12586,23729
2023-09-25 14:03:49,19,21,12586,23729
2023-09-25 14:03:50,18,21,12586,23729
2023-09-25 14:03:51,19,21,12586,23729
2023-09-25 14:03:52,18,21,12586,23729
2023-09-25 14:03:52,20,21,12586,23729
2023-09-25 14:03:53,18,21,12586,23729
2023-09-25 14:03:54,19,21,12586,23729
2023-09-25 14:03:55,18,21,12586,23729
2023-09-25 14:03:55,20,21,12586,23729
2023-09-25 14:03:56,18,21,12586,23729
2023-09-25 14:03:57,19,21,12586,23729
2023-09-25 14:03:58,18,21,12586,23729
2023-09-25 14:03:58,20,21,12586,23729
2023-09-25 14:03:59,18,21,12586,23729
2023-09-25 14:04:00,19,21,12586,23729
2023-09-25 14:04:01,18,21,12586,23729
2023-09-25 14:04:01,20,21,12586,23729
2023-09-25 14:04:02,20,21,12386,23929
2023-09-25 14:04:02,18,21,12386,23929
2023-09-25 14:04:03,19,21,12386,23929
2023-09-25 14:04:23,19,20,12386,23929
2023-09-25 14:04:24,18,20,12386,23929
2023-09-25 14:04:44,19,20,12386,23929
2023-09-25 14:04:47,18,20,12386,23929
2023-09-25 14:04:59,19,20,12386,23929
2023-09-25 14:05:10,19,20,12186,24129
2023-09-25 14:05:11,18,20,12186,24129
2023-09-25 14:05:12,17,20,12186,24129
2023-09-25 14:05:12,17,19,12186,24129
2023-09-25 14:05:13,17,18,12186,24129
2023-09-25 14:05:21,16,18,12186,24129
2023-09-25 14:05:23,16,17,12186,24129
2023-09-25 14:05:26,16,18,12186,24129
2023-09-25 14:05:27,17,18,12186,24129
2023-09-25 14:05:35,17,19,12186,24129
2023-09-25 14:05:39,17,18,12186,24129
2023-09-25 14:05:40,17,19,12186,24129
2023-09-25 14:05:41,17,18,12186,24129
2023-09-25 14:05:49,16,18,12186,24129
2023-09-25 14:05:55,17,18,12186,24129
2023-09-25 14:05:58,16,18,12186,24129
2023-09-25 14:06:01,17,18,12186,24129
2023-09-25 14:06:02,16,18,12186,24129
2023-09-25 14:06:06,17,18,12186,24129
2023-09-25 14:06:12,17,19,12186,24129
2023-09-25 14:06:23,17,20,12186,24129
2023-09-25 14:06:25,17,19,12186,24129
2023-09-25 14:06:56,17,20,12186,24129
2023-09-25 14:07:04,17,19,12186,24129
2023-09-25 14:07:19,17,20,12186,24129
2023-09-25 14:07:23,17,19,12186,24129
2023-09-25 14:07:27,17,20,12186,24129
2023-09-25 14:07:31,17,19,12186,24129
2023-09-25 14:07:34,17,20,12186,24129
2023-09-25 14:07:46,17,19,12186,24129
2023-09-25 14:07:47,18,19,12186,24129
2023-09-25 14:07:47,18,20,12186,24129
2023-09-25 14:07:48,18,21,12186,24129
2023-09-25 14:07:48,19,21,12186,24129
2023-09-25 14:08:02,20,21,12186,24129
2023-09-25 14:08:03,19,21,12186,24129
2023-09-25 14:08:05,20,21,12186,24129
2023-09-25 14:08:05,20,22,12186,24129
2023-09-25 14:08:12,20,23,12186,24129
2023-09-25 14:08:15,20,22,12186,24129
2023-09-25 14:08:27,20,23,12186,24129
2023-09-25 14:08:29,21,23,12186,24129
2023-09-25 14:08:30,21,24,12186,24129
2023-09-25 14:08:31,22,24,12186,24129
2023-09-25 14:08:35,22,25,12186,24129
2023-09-25 14:08:35,23,25,12186,24129
2023-09-25 14:08:38,22,25,12186,24129
2023-09-25 14:08:40,22,24,12186,24129
2023-09-25 14:08:55,21,24,12186,24129
2023-09-25 14:08:57,22,24,12186,24129
2023-09-25 14:08:58,21,24,12186,24129
2023-09-25 14:08:59,22,24,12186,24129
2023-09-25 14:09:01,22,25,12186,24129
2023-09-25 14:09:03,22,24,12186,24129
2023-09-25 14:09:04,22,25,12186,24129
2023-09-25 14:09:05,22,24,12186,24129
2023-09-25 14:09:25,21,24,12186,24129
2023-09-25 14:09:31,22,24,12186,24129
2023-09-25 14:09:37,21,24,12186,24129
2023-09-25 14:09:42,21,23,12186,24129
2023-09-25 14:09:45,21,24,12186,24129
2023-09-25 14:09:50,22,24,12186,24129
2023-09-25 14:09:51,21,24,12186,24129
2023-09-25 14:09:59,22,24,12186,24129
2023-09-25 14:10:02,23,24,12186,24129
2023-09-25 14:10:07,23,26,12186,24129
2023-09-25 14:10:07,23,25,12186,24129
2023-09-25 14:10:14,22,25,12186,24129
2023-09-25 14:10:17,23,25,12186,24129
2023-09-25 14:10:57,22,25,12186,24129
2023-09-25 14:11:19,23,25,12186,24129
2023-09-25 14:11:37,22,25,12186,24129
2023-09-25 14:11:38,22,24,12186,24129
2023-09-25 14:11:39,22,25,12186,24129
2023-09-25 14:11:45,21,25,12186,24129
2023-09-25 14:11:45,21,24,12186,24129
2023-09-25 14:11:55,22,24,12186,24129
2023-09-25 14:11:56,22,25,12186,24129
2023-09-25 14:12:15,23,25,12186,24129
2023-09-25 14:12:24,24,25,12186,24129
2023-09-25 14:13:07,23,25,12186,24129
2023-09-25 14:13:25,23,24,12186,24129
2023-09-25 14:13:37,22,24,12186,24129
2023-09-25 14:13:55,23,24,12186,24129
