datetime,bid,ask,open_interest,volume
2023-08-17 09:30:27,17,27,803,807
2023-08-17 09:30:30,19,27,803,807
2023-08-17 09:32:09,17,27,803,807
2023-08-17 09:32:10,20,27,803,807
2023-08-17 09:32:10,22,27,803,807
2023-08-17 09:32:29,17,27,803,807
2023-08-17 09:32:30,21,27,803,807
2023-08-17 09:35:04,17,27,803,807
2023-08-17 09:35:05,20,27,803,807
2023-08-17 09:35:05,22,27,803,807
2023-08-17 09:36:57,23,27,803,807
2023-08-17 09:37:58,21,27,803,807
2023-08-17 09:37:58,23,27,803,807
2023-08-17 09:38:15,17,27,803,807
2023-08-17 09:38:16,21,27,803,807
2023-08-17 09:38:16,23,27,803,807
2023-08-17 09:38:47,17,27,803,807
2023-08-17 09:38:48,21,27,803,807
2023-08-17 09:38:48,23,27,803,807
2023-08-17 09:39:04,23,30,903,907
2023-08-17 09:39:25,24,30,903,907
2023-08-17 09:40:26,23,30,903,907
2023-08-17 09:40:26,24,30,903,907
2023-08-17 09:41:27,25,30,903,907
2023-08-17 09:41:47,24,30,903,907
2023-08-17 09:41:48,24,26,903,907
2023-08-17 09:41:48,25,26,903,907
2023-08-17 09:41:48,25,30,1103,1107
2023-08-17 09:42:09,24,30,1103,1107
2023-08-17 09:43:11,24,29,1103,1107
2023-08-17 09:43:34,17,29,1103,1107
2023-08-17 09:43:35,17,30,1103,1107
2023-08-17 09:43:35,22,30,1103,1107
2023-08-17 09:43:35,24,30,1103,1107
2023-08-17 09:44:03,17,30,1103,1107
2023-08-17 09:44:04,25,30,1103,1107
2023-08-17 09:44:16,24,30,1103,1107
2023-08-17 09:44:17,25,30,1103,1107
2023-08-17 09:44:25,24,30,1103,1107
2023-08-17 09:44:26,26,30,1103,1107
2023-08-17 09:45:09,24,30,1103,1107
2023-08-17 09:45:09,26,30,1103,1107
2023-08-17 09:45:56,26,31,1304,1308
2023-08-17 09:46:08,17,31,1304,1308
2023-08-17 09:46:08,17,34,1304,1308
2023-08-17 09:46:09,24,34,1304,1308
2023-08-17 09:46:09,26,34,1304,1308
2023-08-17 09:46:09,26,32,1304,1308
2023-08-17 09:46:34,26,40,1304,1308
2023-08-17 09:46:34,17,40,1304,1308
2023-08-17 09:46:34,17,39,1304,1308
2023-08-17 09:46:35,24,39,1304,1308
2023-08-17 09:46:35,26,39,1304,1308
2023-08-17 09:46:35,26,32,1304,1308
2023-08-17 09:47:30,27,32,1304,1308
2023-08-17 09:47:30,27,31,1304,1308
2023-08-17 09:47:31,27,30,1304,1308
2023-08-17 09:47:32,27,29,1304,1308
2023-08-17 09:47:33,26,29,1304,1308
2023-08-17 09:47:35,25,34,1304,1308
2023-08-17 09:47:35,26,34,1304,1308
2023-08-17 09:47:36,26,33,1304,1308
2023-08-17 09:47:36,27,33,1304,1308
2023-08-17 09:47:36,27,31,1304,1308
2023-08-17 09:47:37,27,30,1304,1308
2023-08-17 09:47:38,28,30,1304,1308
2023-08-17 09:47:39,27,30,1304,1308
2023-08-17 09:47:39,26,30,1304,1308
2023-08-17 09:47:39,26,31,1304,1308
2023-08-17 09:47:41,27,31,1304,1308
2023-08-17 09:47:42,28,30,1304,1308
2023-08-17 09:47:52,28,31,1304,1308
2023-08-17 09:47:52,26,31,1304,1308
2023-08-17 09:47:53,26,30,1304,1308
2023-08-17 09:47:53,27,30,1304,1308
2023-08-17 09:47:54,27,29,1304,1308
2023-08-17 09:47:57,27,30,1304,1308
2023-08-17 09:47:58,28,30,1304,1308
2023-08-17 09:47:59,27,30,1304,1308
2023-08-17 09:48:00,28,30,1304,1308
2023-08-17 09:48:03,28,31,1304,1308
2023-08-17 09:48:03,26,31,1304,1308
2023-08-17 09:48:07,26,30,1304,1308
2023-08-17 09:48:08,26,29,1304,1308
2023-08-17 09:48:09,26,28,1304,1308
2023-08-17 09:48:11,26,29,1319,1323
2023-08-17 09:48:12,26,28,1319,1323
2023-08-17 09:48:12,26,29,1334,1338
2023-08-17 09:48:13,26,28,1334,1338
2023-08-17 09:48:13,26,29,1349,1353
2023-08-17 09:48:14,26,28,1349,1353
2023-08-17 09:48:15,26,29,1349,1353
2023-08-17 09:48:15,27,29,1349,1353
2023-08-17 09:48:17,26,29,1349,1353
2023-08-17 09:48:18,27,29,1349,1353
2023-08-17 09:48:25,27,30,1349,1353
2023-08-17 09:48:25,28,30,1349,1353
2023-08-17 09:48:27,27,30,1349,1353
2023-08-17 09:48:27,27,29,1349,1353
2023-08-17 09:48:28,27,30,1349,1353
2023-08-17 09:48:29,27,29,1349,1353
2023-08-17 09:48:30,27,30,1349,1353
2023-08-17 09:48:32,27,29,1349,1353
2023-08-17 09:48:33,27,30,1349,1353
2023-08-17 09:48:34,27,31,1349,1353
2023-08-17 09:48:35,27,31,1349,1353
2023-08-17 09:48:35,27,30,1349,1353
2023-08-17 09:48:36,27,29,1349,1353
2023-08-17 09:48:41,27,30,1349,1353
2023-08-17 09:48:42,28,30,1349,1353
2023-08-17 09:48:43,27,30,1349,1353
2023-08-17 09:48:44,28,30,1349,1353
2023-08-17 09:48:57,28,32,1349,1353
2023-08-17 09:48:58,28,31,1349,1353
2023-08-17 09:48:59,28,30,1349,1353
2023-08-17 09:49:04,28,31,1349,1353
2023-08-17 09:49:05,28,32,1349,1353
2023-08-17 09:49:07,27,32,1349,1353
2023-08-17 09:49:07,27,31,1349,1353
2023-08-17 09:49:08,28,31,1349,1353
2023-08-17 09:49:09,29,31,1349,1353
2023-08-17 09:49:10,28,31,1349,1353
2023-08-17 09:49:11,28,30,1349,1353
2023-08-17 09:49:41,27,30,1349,1353
2023-08-17 09:49:43,27,29,1349,1353
2023-08-17 09:49:44,27,30,1349,1353
2023-08-17 09:49:45,27,29,1349,1353
2023-08-17 09:49:47,27,30,1349,1353
2023-08-17 09:49:47,26,30,1349,1353
2023-08-17 09:49:50,27,31,1349,1353
2023-08-17 09:49:50,27,30,1349,1353
2023-08-17 09:49:51,27,29,1349,1353
2023-08-17 09:49:54,27,30,1349,1353
2023-08-17 09:49:56,27,29,1349,1353
2023-08-17 09:50:00,27,30,1349,1353
2023-08-17 09:50:02,27,29,1349,1353
2023-08-17 09:50:03,27,30,1349,1353
2023-08-17 09:50:07,28,30,1349,1353
2023-08-17 09:50:08,27,30,1349,1353
2023-08-17 09:50:09,27,29,1349,1353
2023-08-17 09:50:11,26,29,1349,1353
2023-08-17 09:50:11,26,31,1349,1353
2023-08-17 09:50:12,26,31,1352,1356
2023-08-17 09:50:13,27,31,1352,1356
2023-08-17 09:50:13,27,30,1352,1356
2023-08-17 09:50:15,27,29,1352,1356
2023-08-17 09:50:21,27,30,1352,1356
2023-08-17 09:50:22,27,29,1352,1356
2023-08-17 09:50:24,27,30,1352,1356
2023-08-17 09:50:24,28,30,1352,1356
2023-08-17 09:50:26,26,30,1352,1356
2023-08-17 09:50:27,27,31,1352,1356
2023-08-17 09:50:28,27,29,1352,1356
2023-08-17 09:50:33,27,30,1352,1356
2023-08-17 09:50:36,28,30,1352,1356
2023-08-17 09:50:45,28,31,1352,1356
2023-08-17 09:50:45,26,31,1352,1356
2023-08-17 09:50:46,26,30,1352,1356
2023-08-17 09:50:46,27,30,1352,1356
2023-08-17 09:50:47,28,30,1352,1356
2023-08-17 09:50:50,27,30,1352,1356
2023-08-17 09:50:51,26,30,1352,1356
2023-08-17 09:50:52,28,30,1352,1356
2023-08-17 09:51:11,28,31,1352,1356
2023-08-17 09:51:11,26,31,1352,1356
2023-08-17 09:51:11,25,31,1352,1356
2023-08-17 09:51:12,25,40,1352,1356
2023-08-17 09:51:12,26,40,1352,1356
2023-08-17 09:51:12,26,34,1352,1356
2023-08-17 09:51:12,26,32,1352,1356
2023-08-17 09:51:13,26,31,1352,1356
2023-08-17 09:51:14,27,30,1352,1356
2023-08-17 09:51:14,28,30,1352,1356
2023-08-17 09:51:16,28,31,1352,1356
2023-08-17 09:51:19,28,30,1352,1356
2023-08-17 09:51:22,28,31,1352,1356
2023-08-17 09:51:23,28,30,1352,1356
2023-08-17 09:51:29,27,30,1352,1356
2023-08-17 09:51:29,26,30,1352,1356
2023-08-17 09:51:30,27,32,1352,1356
2023-08-17 09:51:30,27,31,1352,1356
2023-08-17 09:51:31,28,31,1352,1356
2023-08-17 09:51:32,29,31,1352,1356
2023-08-17 09:51:48,27,31,1352,1356
2023-08-17 09:51:49,28,32,1352,1356
2023-08-17 09:51:50,29,31,1352,1356
2023-08-17 09:52:12,29,33,1352,1356
2023-08-17 09:52:12,29,32,1352,1356
2023-08-17 09:52:14,29,31,1352,1356
2023-08-17 09:52:19,29,32,1352,1356
2023-08-17 09:52:20,30,32,1352,1356
2023-08-17 09:52:21,29,32,1352,1356
2023-08-17 09:52:21,28,32,1352,1356
2023-08-17 09:52:21,27,33,1352,1356
2023-08-17 09:52:22,28,33,1352,1356
2023-08-17 09:52:23,29,32,1352,1356
2023-08-17 09:52:25,29,31,1352,1356
2023-08-17 09:52:35,29,32,1352,1356
2023-08-17 09:52:37,29,31,1352,1356
2023-08-17 09:52:40,28,31,1352,1356
2023-08-17 09:52:41,29,31,1352,1356
2023-08-17 09:52:43,28,31,1352,1356
2023-08-17 09:52:45,29,31,1352,1356
2023-08-17 09:52:52,28,31,1352,1356
2023-08-17 09:52:53,29,31,1352,1356
2023-08-17 09:53:16,29,32,1352,1356
2023-08-17 09:53:18,29,31,1352,1356
2023-08-17 09:53:25,29,32,1352,1356
2023-08-17 09:53:26,29,31,1352,1356
2023-08-17 09:53:39,28,31,1352,1356
2023-08-17 09:53:39,27,33,1352,1356
2023-08-17 09:53:39,26,33,1352,1356
2023-08-17 09:53:39,26,36,1352,1356
2023-08-17 09:53:40,27,36,1352,1356
2023-08-17 09:53:40,27,35,1352,1356
2023-08-17 09:53:40,27,33,1352,1356
2023-08-17 09:53:41,27,32,1352,1356
2023-08-17 09:53:41,28,32,1352,1356
2023-08-17 09:53:42,29,32,1352,1356
2023-08-17 09:53:43,30,32,1352,1356
2023-08-17 09:53:44,29,32,1352,1356
2023-08-17 09:53:47,30,32,1352,1356
2023-08-17 09:53:48,29,32,1352,1356
2023-08-17 09:53:49,29,31,1352,1356
2023-08-17 09:54:12,29,32,1352,1356
2023-08-17 09:54:18,30,32,1352,1356
2023-08-17 09:54:19,29,32,1352,1356
2023-08-17 09:54:21,29,31,1352,1356
2023-08-17 09:54:25,27,31,1352,1356
2023-08-17 09:54:25,27,33,1352,1356
2023-08-17 09:54:26,28,33,1352,1356
2023-08-17 09:54:27,29,32,1352,1356
2023-08-17 09:54:28,29,31,1352,1356
2023-08-17 09:54:29,27,31,1352,1356
2023-08-17 09:54:29,27,33,1352,1356
2023-08-17 09:54:30,27,32,1352,1356
2023-08-17 09:54:30,28,32,1352,1356
2023-08-17 09:54:31,29,32,1352,1356
2023-08-17 09:54:32,29,33,1352,1356
2023-08-17 09:54:32,27,33,1352,1356
2023-08-17 09:54:35,28,33,1352,1356
2023-08-17 09:54:35,28,32,1352,1356
2023-08-17 09:54:36,29,32,1352,1356
2023-08-17 09:54:37,30,32,1352,1356
2023-08-17 09:54:41,30,33,1352,1356
2023-08-17 09:54:44,30,32,1352,1356
2023-08-17 09:54:45,30,33,1352,1356
2023-08-17 09:54:56,31,33,1352,1356
2023-08-17 09:55:01,28,33,1352,1356
2023-08-17 09:55:02,29,33,1352,1356
2023-08-17 09:55:03,28,33,1352,1356
2023-08-17 09:55:04,28,32,1352,1356
2023-08-17 09:55:04,29,32,1352,1356
2023-08-17 09:55:05,30,32,1352,1356
2023-08-17 09:55:09,30,33,1352,1356
2023-08-17 09:55:11,30,32,1352,1356
2023-08-17 09:55:20,30,33,1352,1356
2023-08-17 09:55:23,30,32,1352,1356
2023-08-17 09:55:24,29,32,1352,1356
2023-08-17 09:55:24,28,33,1352,1356
2023-08-17 09:55:26,29,33,1352,1356
2023-08-17 09:55:26,29,32,1352,1356
2023-08-17 09:55:27,29,31,1352,1356
2023-08-17 09:55:28,28,31,1352,1371
2023-08-17 09:55:29,28,32,1352,1371
2023-08-17 09:55:29,29,32,1352,1371
2023-08-17 09:55:30,30,32,1352,1371
2023-08-17 09:55:34,30,33,1352,1371
2023-08-17 09:55:42,30,32,1352,1371
2023-08-17 09:55:44,30,33,1352,1371
2023-08-17 09:55:45,30,32,1352,1371
2023-08-17 09:55:46,30,33,1352,1371
2023-08-17 09:55:48,31,33,1352,1371
2023-08-17 09:55:49,30,33,1352,1371
2023-08-17 09:55:50,31,33,1352,1371
2023-08-17 09:55:51,30,33,1352,1371
2023-08-17 09:55:51,29,33,1352,1371
2023-08-17 09:55:54,29,33,1352,1371
2023-08-17 09:55:55,30,33,1352,1371
2023-08-17 09:55:56,31,33,1352,1371
2023-08-17 09:55:59,28,33,1352,1371
2023-08-17 09:56:00,29,33,1352,1371
2023-08-17 09:56:01,28,33,1352,1371
2023-08-17 09:56:03,29,33,1352,1371
2023-08-17 09:56:04,30,33,1352,1371
2023-08-17 09:56:06,30,32,1352,1371
2023-08-17 09:56:07,29,32,1352,1371
2023-08-17 09:56:08,29,33,1352,1371
2023-08-17 09:56:08,28,33,1352,1371
2023-08-17 09:56:09,29,33,1352,1371
2023-08-17 09:56:09,29,32,1352,1371
2023-08-17 09:56:10,30,32,1352,1371
2023-08-17 09:56:14,29,32,1352,1371
2023-08-17 09:56:15,29,31,1352,1371
2023-08-17 09:56:18,28,31,1352,1371
2023-08-17 09:56:19,29,31,1352,1371
2023-08-17 09:56:20,28,31,1352,1371
2023-08-17 09:56:20,28,33,1352,1371
2023-08-17 09:56:20,28,37,1352,1371
2023-08-17 09:56:20,27,37,1352,1371
2023-08-17 09:56:21,27,36,1352,1371
2023-08-17 09:56:21,28,36,1352,1371
2023-08-17 09:56:21,28,35,1352,1371
2023-08-17 09:56:21,28,33,1352,1371
2023-08-17 09:56:22,28,32,1352,1371
2023-08-17 09:56:23,29,32,1352,1371
2023-08-17 09:56:23,29,31,1352,1371
2023-08-17 09:56:24,29,32,1352,1371
2023-08-17 09:56:25,28,32,1352,1371
2023-08-17 09:56:26,28,32,1352,1371
2023-08-17 09:56:26,29,32,1352,1371
2023-08-17 09:56:27,30,32,1352,1371
2023-08-17 09:56:29,30,37,1352,1371
2023-08-17 09:56:29,27,35,1352,1371
2023-08-17 09:56:29,27,33,1352,1371
2023-08-17 09:56:30,27,37,1352,1371
2023-08-17 09:56:31,28,37,1352,1371
2023-08-17 09:56:31,28,35,1352,1371
2023-08-17 09:56:31,28,33,1352,1371
2023-08-17 09:56:32,28,32,1352,1371
2023-08-17 09:56:32,29,32,1352,1371
2023-08-17 09:56:33,28,32,1352,1371
2023-08-17 09:56:33,28,33,1352,1371
2023-08-17 09:56:34,28,32,1352,1371
2023-08-17 09:56:34,29,32,1352,1371
2023-08-17 09:56:35,30,32,1352,1371
2023-08-17 09:56:38,29,32,1352,1371
2023-08-17 09:56:39,29,31,1352,1371
2023-08-17 09:56:42,27,31,1352,1371
2023-08-17 09:56:42,27,32,1352,1371
2023-08-17 09:56:43,28,32,1352,1371
2023-08-17 09:56:44,29,32,1352,1371
2023-08-17 09:56:45,30,32,1352,1371
2023-08-17 09:56:46,29,32,1352,1371
2023-08-17 09:56:47,27,32,1352,1371
2023-08-17 09:56:49,28,32,1352,1371
2023-08-17 09:56:50,29,32,1352,1371
2023-08-17 09:56:54,29,31,1352,1371
2023-08-17 09:56:57,28,31,1352,1371
2023-08-17 09:56:58,28,32,1352,1371
2023-08-17 09:56:59,29,32,1352,1371
2023-08-17 09:57:01,30,32,1352,1371
2023-08-17 09:57:02,29,32,1352,1371
2023-08-17 09:57:04,30,32,1352,1371
2023-08-17 09:57:05,29,32,1352,1371
2023-08-17 09:57:07,28,32,1352,1371
2023-08-17 09:57:07,28,33,1352,1371
2023-08-17 09:57:09,28,33,1352,1371
2023-08-17 09:57:10,27,33,1352,1371
2023-08-17 09:57:10,27,30,1352,1371
2023-08-17 09:57:11,28,30,1352,1371
2023-08-17 09:57:12,29,30,1352,1371
2023-08-17 09:57:34,28,30,1352,1371
2023-08-17 09:57:36,29,30,1352,1371
2023-08-17 09:57:39,28,30,1352,1371
2023-08-17 09:57:41,29,30,1352,1371
2023-08-17 09:57:51,28,30,1352,1371
2023-08-17 09:57:52,29,30,1352,1371
2023-08-17 09:58:21,28,30,1352,1371
2023-08-17 09:58:22,29,30,1352,1371
2023-08-17 09:58:24,29,33,1452,1471
2023-08-17 09:58:24,29,32,1452,1471
2023-08-17 09:58:28,30,32,1452,1471
2023-08-17 09:58:40,29,32,1452,1471
2023-08-17 09:58:42,30,32,1452,1471
2023-08-17 09:59:00,29,32,1452,1471
2023-08-17 09:59:01,29,33,1452,1471
2023-08-17 09:59:01,29,37,1452,1471
2023-08-17 09:59:02,29,35,1452,1471
2023-08-17 09:59:02,29,33,1452,1471
2023-08-17 09:59:07,28,33,1452,1471
2023-08-17 09:59:39,28,32,1452,1471
2023-08-17 09:59:43,29,31,1452,1471
2023-08-17 09:59:54,29,33,1452,1471
2023-08-17 09:59:55,28,32,1452,1471
2023-08-17 09:59:56,28,31,1452,1471
2023-08-17 09:59:56,29,31,1452,1471
2023-08-17 10:00:01,29,32,1452,1471
2023-08-17 10:00:02,29,31,1452,1471
2023-08-17 10:00:03,28,31,1452,1471
2023-08-17 10:00:03,28,33,1452,1471
2023-08-17 10:00:04,29,33,1452,1471
2023-08-17 10:00:05,29,31,1452,1471
2023-08-17 10:00:09,29,32,1452,1471
2023-08-17 10:00:10,29,31,1452,1471
2023-08-17 10:00:12,29,32,1452,1471
2023-08-17 10:00:12,29,33,1452,1471
2023-08-17 10:00:15,29,33,1452,1471
2023-08-17 10:00:16,30,33,1452,1471
2023-08-17 10:00:17,30,32,1452,1471
2023-08-17 10:00:19,29,32,1452,1471
2023-08-17 10:00:20,29,31,1452,1471
2023-08-17 10:00:21,29,32,1452,1471
2023-08-17 10:00:22,29,31,1452,1471
2023-08-17 10:00:30,28,31,1452,1471
2023-08-17 10:00:32,29,33,1452,1471
2023-08-17 10:00:33,30,32,1452,1471
2023-08-17 10:00:36,29,32,1452,1471
2023-08-17 10:00:37,29,31,1452,1471
2023-08-17 10:00:39,29,32,1452,1471
2023-08-17 10:00:43,29,33,1452,1471
2023-08-17 10:00:44,28,33,1452,1471
2023-08-17 10:00:44,28,32,1452,1471
2023-08-17 10:00:45,29,32,1452,1471
2023-08-17 10:00:46,29,33,1452,1471
2023-08-17 10:00:48,28,33,1452,1471
2023-08-17 10:00:48,28,32,1452,1471
2023-08-17 10:00:49,27,32,1452,1471
2023-08-17 10:00:49,27,33,1452,1471
2023-08-17 10:00:50,28,33,1452,1471
2023-08-17 10:00:50,28,32,1452,1471
2023-08-17 10:00:51,29,32,1452,1471
2023-08-17 10:00:54,30,32,1452,1471
2023-08-17 10:00:57,29,32,1452,1471
2023-08-17 10:01:04,29,31,1452,1471
2023-08-17 10:01:09,29,32,1452,1471
2023-08-17 10:01:13,29,31,1452,1471
2023-08-17 10:01:14,29,32,1452,1471
2023-08-17 10:01:15,29,31,1452,1471
2023-08-17 10:01:16,29,32,1452,1471
2023-08-17 10:01:21,28,32,1452,1471
2023-08-17 10:01:22,28,33,1452,1471
2023-08-17 10:01:22,28,32,1452,1471
2023-08-17 10:01:23,29,32,1452,1471
2023-08-17 10:01:23,29,31,1452,1471
2023-08-17 10:01:24,28,31,1452,1471
2023-08-17 10:01:24,28,30,1452,1471
2023-08-17 10:01:30,27,30,1452,1471
2023-08-17 10:01:30,27,31,1452,1471
2023-08-17 10:01:30,27,33,1452,1471
2023-08-17 10:01:31,28,33,1452,1471
2023-08-17 10:01:31,28,32,1452,1471
2023-08-17 10:01:32,28,31,1452,1471
2023-08-17 10:01:38,29,32,1452,1471
2023-08-17 10:01:40,29,31,1452,1471
2023-08-17 10:01:41,29,32,1452,1471
2023-08-17 10:01:42,30,32,1452,1471
2023-08-17 10:01:44,29,32,1452,1471
2023-08-17 10:01:45,30,32,1452,1471
2023-08-17 10:01:48,29,32,1452,1471
2023-08-17 10:01:50,29,31,1452,1471
2023-08-17 10:01:52,27,31,1452,1471
2023-08-17 10:01:53,28,33,1452,1471
2023-08-17 10:01:54,29,32,1452,1471
2023-08-17 10:01:55,30,32,1452,1471
2023-08-17 10:01:56,29,32,1452,1471
2023-08-17 10:01:57,30,32,1452,1471
2023-08-17 10:02:00,29,32,1452,1471
2023-08-17 10:02:01,30,32,1452,1471
2023-08-17 10:02:06,29,32,1452,1471
2023-08-17 10:02:06,28,33,1452,1471
2023-08-17 10:02:06,27,33,1452,1471
2023-08-17 10:02:07,27,32,1452,1471
2023-08-17 10:02:07,28,32,1452,1471
2023-08-17 10:02:08,29,32,1452,1471
2023-08-17 10:02:08,29,31,1452,1471
2023-08-17 10:02:09,29,32,1452,1471
2023-08-17 10:02:09,28,32,1452,1471
2023-08-17 10:02:11,27,32,1452,1471
2023-08-17 10:02:12,27,32,1452,1471
2023-08-17 10:02:12,27,33,1452,1471
2023-08-17 10:02:13,27,32,1452,1471
2023-08-17 10:02:14,29,32,1452,1471
2023-08-17 10:02:19,30,32,1452,1471
2023-08-17 10:02:21,29,32,1452,1471
2023-08-17 10:02:22,29,31,1452,1471
2023-08-17 10:02:23,27,31,1452,1471
2023-08-17 10:02:23,27,33,1452,1471
2023-08-17 10:02:24,27,32,1452,1471
2023-08-17 10:02:24,28,32,1452,1471
2023-08-17 10:02:25,29,32,1452,1471
2023-08-17 10:02:30,30,32,1452,1471
2023-08-17 10:02:35,29,32,1452,1471
2023-08-17 10:02:36,29,31,1452,1471
2023-08-17 10:02:38,29,32,1452,1471
2023-08-17 10:02:38,29,33,1452,1471
2023-08-17 10:02:38,27,33,1452,1471
2023-08-17 10:02:39,28,33,1452,1471
2023-08-17 10:02:39,28,32,1452,1471
2023-08-17 10:02:40,29,32,1452,1471
2023-08-17 10:02:41,28,32,1452,1471
2023-08-17 10:02:43,28,33,1452,1471
2023-08-17 10:02:44,29,32,1452,1471
2023-08-17 10:02:45,30,32,1452,1471
2023-08-17 10:02:46,29,32,1452,1471
2023-08-17 10:02:47,29,31,1452,1471
2023-08-17 10:02:49,29,32,1452,1471
2023-08-17 10:02:51,28,32,1452,1471
2023-08-17 10:02:51,28,33,1452,1471
2023-08-17 10:02:51,17,33,1452,1471
2023-08-17 10:02:51,17,36,1452,1471
2023-08-17 10:02:52,25,36,1452,1471
2023-08-17 10:02:52,27,36,1452,1471
2023-08-17 10:02:52,27,35,1452,1471
2023-08-17 10:02:52,27,33,1452,1471
2023-08-17 10:02:54,28,33,1452,1471
2023-08-17 10:02:55,29,33,1452,1471
2023-08-17 10:02:56,30,33,1452,1471
2023-08-17 10:02:58,31,33,1452,1471
2023-08-17 10:03:01,30,33,1452,1471
2023-08-17 10:03:09,30,32,1452,1471
2023-08-17 10:03:13,30,33,1452,1471
2023-08-17 10:03:17,27,33,1452,1471
2023-08-17 10:03:20,27,32,1452,1471
2023-08-17 10:03:21,29,32,1452,1471
2023-08-17 10:03:22,30,32,1452,1471
2023-08-17 10:03:23,29,32,1452,1471
2023-08-17 10:03:24,30,32,1452,1471
2023-08-17 10:03:28,30,33,1452,1471
2023-08-17 10:03:29,31,33,1452,1471
2023-08-17 10:03:33,27,33,1452,1471
2023-08-17 10:03:34,28,33,1452,1471
2023-08-17 10:03:35,29,33,1452,1471
2023-08-17 10:03:36,30,33,1452,1471
2023-08-17 10:03:38,31,33,1452,1471
2023-08-17 10:03:41,30,33,1452,1471
2023-08-17 10:03:42,27,33,1452,1471
2023-08-17 10:03:44,28,33,1452,1471
2023-08-17 10:03:45,29,33,1452,1471
2023-08-17 10:03:46,30,33,1452,1471
2023-08-17 10:03:48,30,32,1452,1471
2023-08-17 10:03:52,30,33,1452,1471
2023-08-17 10:03:52,29,33,1452,1471
2023-08-17 10:03:53,27,32,1452,1471
2023-08-17 10:03:53,28,32,1452,1471
2023-08-17 10:03:54,29,32,1452,1471
2023-08-17 10:03:55,30,32,1452,1471
2023-08-17 10:03:56,29,32,1452,1471
2023-08-17 10:04:05,30,32,1452,1471
2023-08-17 10:04:11,30,33,1452,1471
2023-08-17 10:04:12,27,32,1452,1471
2023-08-17 10:04:12,28,32,1452,1471
2023-08-17 10:04:13,29,32,1452,1471
2023-08-17 10:04:15,29,31,1452,1471
2023-08-17 10:04:21,29,32,1452,1471
2023-08-17 10:04:24,30,32,1452,1471
2023-08-17 10:04:28,30,33,1452,1471
2023-08-17 10:04:31,31,33,1452,1471
2023-08-17 10:04:34,27,33,1452,1471
2023-08-17 10:04:34,26,33,1452,1471
2023-08-17 10:04:34,26,36,1452,1471
2023-08-17 10:04:35,27,36,1452,1471
2023-08-17 10:04:35,27,35,1452,1471
2023-08-17 10:04:35,27,33,1452,1471
2023-08-17 10:04:36,28,33,1452,1471
2023-08-17 10:04:37,29,33,1452,1471
2023-08-17 10:04:38,30,33,1452,1471
2023-08-17 10:04:39,31,33,1452,1471
2023-08-17 10:04:53,27,33,1452,1471
2023-08-17 10:04:54,28,33,1452,1471
2023-08-17 10:04:55,29,33,1452,1471
2023-08-17 10:04:56,30,33,1452,1471
2023-08-17 10:04:57,31,33,1452,1471
2023-08-17 10:05:00,30,33,1452,1471
2023-08-17 10:05:01,31,33,1452,1471
2023-08-17 10:05:03,30,33,1452,1471
2023-08-17 10:05:03,27,33,1452,1471
2023-08-17 10:05:05,28,33,1452,1471
2023-08-17 10:05:06,29,33,1452,1471
2023-08-17 10:05:07,30,33,1452,1471
2023-08-17 10:05:08,31,33,1452,1471
2023-08-17 10:05:18,30,33,1452,1471
2023-08-17 10:05:18,27,33,1452,1471
2023-08-17 10:05:19,28,33,1452,1471
2023-08-17 10:05:20,29,33,1452,1471
2023-08-17 10:05:21,30,33,1452,1471
2023-08-17 10:05:22,31,33,1452,1471
2023-08-17 10:05:31,30,33,1452,1471
2023-08-17 10:05:31,27,33,1452,1471
2023-08-17 10:05:33,28,33,1452,1471
2023-08-17 10:05:34,29,33,1452,1471
2023-08-17 10:05:35,29,35,1452,1471
2023-08-17 10:05:36,31,35,1452,1471
2023-08-17 10:05:36,31,33,1452,1471
2023-08-17 10:05:37,30,33,1452,1471
2023-08-17 10:05:38,31,33,1452,1471
2023-08-17 10:05:42,30,33,1452,1471
2023-08-17 10:05:43,31,33,1452,1471
2023-08-17 10:05:47,30,33,1452,1471
2023-08-17 10:05:48,29,33,1452,1471
2023-08-17 10:05:48,28,33,1452,1471
2023-08-17 10:05:49,29,33,1452,1471
2023-08-17 10:05:50,30,33,1452,1471
2023-08-17 10:05:51,31,33,1452,1471
2023-08-17 10:05:52,30,33,1452,1471
2023-08-17 10:05:54,31,33,1452,1471
2023-08-17 10:05:56,30,33,1452,1471
2023-08-17 10:05:56,28,33,1452,1471
2023-08-17 10:05:57,29,33,1452,1471
2023-08-17 10:05:58,30,33,1452,1471
2023-08-17 10:05:58,30,32,1452,1471
2023-08-17 10:05:59,30,33,1452,1471
2023-08-17 10:06:00,31,33,1452,1471
2023-08-17 10:06:01,30,33,1452,1471
2023-08-17 10:06:02,31,33,1452,1471
2023-08-17 10:06:03,30,33,1452,1471
2023-08-17 10:06:04,28,33,1452,1471
2023-08-17 10:06:05,29,33,1452,1471
2023-08-17 10:06:06,30,33,1452,1471
2023-08-17 10:06:07,31,33,1452,1471
2023-08-17 10:06:08,29,33,1452,1471
2023-08-17 10:06:09,29,33,1452,1471
2023-08-17 10:06:09,29,32,1452,1471
2023-08-17 10:06:10,29,33,1452,1471
2023-08-17 10:06:10,30,33,1452,1471
2023-08-17 10:06:12,30,32,1452,1471
2023-08-17 10:06:14,30,33,1452,1471
2023-08-17 10:06:15,31,33,1452,1471
2023-08-17 10:06:17,28,33,1452,1471
2023-08-17 10:06:19,29,33,1452,1471
2023-08-17 10:06:20,30,33,1452,1471
2023-08-17 10:06:21,31,33,1452,1471
2023-08-17 10:06:23,30,33,1452,1471
2023-08-17 10:06:24,31,33,1452,1471
2023-08-17 10:06:29,28,33,1452,1471
2023-08-17 10:06:31,29,33,1452,1471
2023-08-17 10:06:32,30,33,1452,1471
2023-08-17 10:06:33,29,33,1452,1471
2023-08-17 10:06:33,28,33,1452,1471
2023-08-17 10:06:33,27,33,1452,1471
2023-08-17 10:06:33,27,37,1452,1471
2023-08-17 10:06:34,28,37,1452,1471
2023-08-17 10:06:34,28,36,1452,1471
2023-08-17 10:06:34,28,34,1452,1471
2023-08-17 10:06:35,29,34,1452,1471
2023-08-17 10:06:36,30,34,1452,1471
2023-08-17 10:06:36,30,33,1452,1471
2023-08-17 10:06:37,28,33,1452,1471
2023-08-17 10:06:37,27,34,1452,1471
2023-08-17 10:06:37,27,37,1452,1471
2023-08-17 10:06:38,27,36,1452,1471
2023-08-17 10:06:38,28,34,1452,1471
2023-08-17 10:06:39,29,34,1452,1471
2023-08-17 10:06:40,30,34,1452,1471
2023-08-17 10:06:41,31,34,1452,1471
2023-08-17 10:06:44,32,34,1452,1471
2023-08-17 10:06:45,31,34,1452,1471
2023-08-17 10:06:46,31,33,1452,1471
2023-08-17 10:06:47,31,34,1452,1471
2023-08-17 10:06:48,31,33,1452,1471
2023-08-17 10:06:50,32,33,1452,1471
2023-08-17 10:06:51,28,33,1452,1471
2023-08-17 10:06:52,29,33,1452,1471
2023-08-17 10:06:53,30,33,1452,1471
2023-08-17 10:06:53,30,37,1452,1471
2023-08-17 10:06:54,30,36,1452,1471
2023-08-17 10:06:54,31,36,1452,1471
2023-08-17 10:06:54,31,34,1452,1471
2023-08-17 10:06:57,28,34,1452,1471
2023-08-17 10:06:58,28,37,1452,1471
2023-08-17 10:06:58,27,37,1452,1471
2023-08-17 10:06:59,28,37,1452,1471
2023-08-17 10:06:59,28,34,1452,1471
2023-08-17 10:07:00,29,34,1452,1471
2023-08-17 10:07:01,30,34,1452,1471
2023-08-17 10:07:02,31,34,1452,1471
2023-08-17 10:07:03,30,34,1452,1471
2023-08-17 10:07:03,28,34,1452,1471
2023-08-17 10:07:03,28,37,1452,1471
2023-08-17 10:07:03,27,37,1452,1471
2023-08-17 10:07:04,28,37,1452,1471
2023-08-17 10:07:04,28,35,1452,1471
2023-08-17 10:07:04,28,33,1452,1471
2023-08-17 10:07:05,28,32,1452,1471
2023-08-17 10:07:05,29,32,1452,1471
2023-08-17 10:07:06,28,32,1452,1471
2023-08-17 10:07:09,29,33,1452,1471
2023-08-17 10:07:09,29,32,1452,1471
2023-08-17 10:07:10,28,32,1452,1471
2023-08-17 10:07:10,28,33,1452,1471
2023-08-17 10:07:14,29,33,1452,1471
2023-08-17 10:07:15,29,33,1452,1471
2023-08-17 10:07:15,30,33,1452,1471
2023-08-17 10:07:16,30,32,1452,1471
2023-08-17 10:07:17,30,33,1452,1471
2023-08-17 10:07:17,28,33,1452,1471
2023-08-17 10:07:19,29,33,1452,1471
2023-08-17 10:07:20,30,33,1452,1471
2023-08-17 10:07:21,30,32,1452,1471
2023-08-17 10:07:23,30,33,1452,1471
2023-08-17 10:07:24,30,32,1452,1471
2023-08-17 10:07:26,30,33,1452,1471
2023-08-17 10:07:26,28,33,1452,1471
2023-08-17 10:07:27,29,33,1452,1471
2023-08-17 10:07:27,29,32,1452,1471
2023-08-17 10:07:28,30,32,1452,1471
2023-08-17 10:07:30,30,33,1452,1471
2023-08-17 10:07:30,28,33,1452,1471
2023-08-17 10:07:32,28,32,1452,1471
2023-08-17 10:07:32,29,32,1452,1471
2023-08-17 10:07:33,30,32,1452,1471
2023-08-17 10:07:42,30,33,1452,1471
2023-08-17 10:07:43,30,32,1452,1471
2023-08-17 10:07:44,30,33,1452,1471
2023-08-17 10:07:46,31,33,1452,1471
2023-08-17 10:07:47,30,33,1452,1471
2023-08-17 10:07:47,29,33,1452,1471
2023-08-17 10:07:48,29,33,1452,1471
2023-08-17 10:07:49,28,33,1452,1471
2023-08-17 10:07:50,28,32,1452,1471
2023-08-17 10:07:50,29,32,1452,1471
2023-08-17 10:07:51,29,33,1452,1471
2023-08-17 10:07:51,30,33,1452,1471
2023-08-17 10:07:58,31,33,1452,1471
2023-08-17 10:08:00,30,33,1452,1471
2023-08-17 10:08:01,30,32,1452,1471
2023-08-17 10:08:02,30,33,1452,1471
2023-08-17 10:08:08,30,32,1452,1471
2023-08-17 10:08:09,30,33,1452,1471
2023-08-17 10:08:12,31,33,1452,1471
2023-08-17 10:08:13,30,33,1452,1471
2023-08-17 10:08:17,30,32,1452,1471
2023-08-17 10:08:22,30,33,1452,1471
2023-08-17 10:08:24,29,33,1452,1471
2023-08-17 10:08:25,29,33,1452,1471
2023-08-17 10:08:26,28,33,1452,1471
2023-08-17 10:08:28,28,32,1452,1471
2023-08-17 10:08:29,29,31,1452,1471
2023-08-17 10:08:31,28,31,1452,1471
2023-08-17 10:08:32,28,32,1452,1471
2023-08-17 10:08:32,28,33,1452,1471
2023-08-17 10:08:33,29,33,1452,1471
2023-08-17 10:08:33,29,32,1452,1471
2023-08-17 10:08:34,30,32,1452,1471
2023-08-17 10:08:38,30,33,1452,1471
2023-08-17 10:08:40,30,32,1452,1471
2023-08-17 10:08:42,29,32,1452,1471
2023-08-17 10:08:42,29,31,1452,1471
2023-08-17 10:08:43,29,32,1452,1471
2023-08-17 10:08:44,29,31,1452,1471
2023-08-17 10:08:45,28,31,1452,1471
2023-08-17 10:08:46,29,33,1452,1471
2023-08-17 10:08:46,29,32,1452,1471
2023-08-17 10:08:47,30,32,1452,1471
2023-08-17 10:08:49,30,33,1452,1471
2023-08-17 10:08:52,29,33,1452,1471
2023-08-17 10:08:53,28,32,1452,1471
2023-08-17 10:08:54,29,33,1452,1471
2023-08-17 10:08:54,28,33,1452,1471
2023-08-17 10:08:55,27,33,1452,1471
2023-08-17 10:08:55,27,37,1452,1471
2023-08-17 10:08:56,28,37,1452,1471
2023-08-17 10:08:56,28,33,1452,1471
2023-08-17 10:08:57,29,33,1452,1471
2023-08-17 10:08:58,28,33,1452,1471
2023-08-17 10:09:00,29,33,1452,1471
2023-08-17 10:09:01,30,33,1452,1471
2023-08-17 10:09:02,31,33,1452,1471
2023-08-17 10:09:03,30,33,1452,1471
2023-08-17 10:09:04,28,33,1452,1471
2023-08-17 10:09:05,29,33,1452,1471
2023-08-17 10:09:06,30,33,1452,1471
2023-08-17 10:09:07,30,37,1452,1471
2023-08-17 10:09:07,31,37,1452,1471
2023-08-17 10:09:07,31,35,1452,1471
2023-08-17 10:09:07,31,33,1452,1471
2023-08-17 10:09:28,31,37,1452,1471
2023-08-17 10:09:28,31,36,1452,1471
2023-08-17 10:09:28,31,34,1452,1471
2023-08-17 10:09:29,31,33,1452,1471
2023-08-17 10:09:33,30,33,1452,1471
2023-08-17 10:09:35,31,33,1452,1471
2023-08-17 10:09:36,30,33,1452,1471
2023-08-17 10:09:38,30,34,1452,1471
2023-08-17 10:09:39,28,33,1452,1471
2023-08-17 10:09:40,30,33,1452,1471
2023-08-17 10:09:41,31,33,1452,1471
2023-08-17 10:09:43,30,33,1452,1471
2023-08-17 10:09:43,28,34,1452,1471
2023-08-17 10:09:45,29,34,1452,1471
2023-08-17 10:09:45,29,33,1452,1471
2023-08-17 10:09:46,30,33,1452,1471
2023-08-17 10:09:47,31,33,1452,1471
2023-08-17 10:10:05,30,33,1452,1471
2023-08-17 10:10:06,29,33,1452,1471
2023-08-17 10:10:07,30,33,1452,1471
2023-08-17 10:10:08,31,33,1452,1471
2023-08-17 10:10:15,30,33,1452,1471
2023-08-17 10:10:17,29,33,1452,1471
2023-08-17 10:10:17,28,33,1452,1471
2023-08-17 10:10:18,29,33,1452,1471
2023-08-17 10:10:19,30,33,1452,1471
2023-08-17 10:10:20,29,33,1452,1471
2023-08-17 10:10:20,28,33,1452,1471
2023-08-17 10:10:21,29,33,1452,1471
2023-08-17 10:10:22,30,33,1452,1471
2023-08-17 10:10:29,31,33,1452,1471
2023-08-17 10:10:36,31,34,1452,1471
2023-08-17 10:10:39,31,33,1452,1471
2023-08-17 10:10:41,31,34,1452,1471
2023-08-17 10:10:45,31,33,1452,1471
2023-08-17 10:10:46,31,34,1452,1471
2023-08-17 10:10:46,28,34,1452,1471
2023-08-17 10:10:46,28,37,1452,1471
2023-08-17 10:10:46,27,37,1452,1471
2023-08-17 10:10:47,28,37,1452,1471
2023-08-17 10:10:47,28,34,1452,1471
2023-08-17 10:10:48,28,37,1452,1471
2023-08-17 10:10:48,27,37,1452,1471
2023-08-17 10:10:48,28,37,1452,1471
2023-08-17 10:10:48,28,35,1452,1471
2023-08-17 10:10:48,28,33,1452,1471
2023-08-17 10:10:49,28,32,1452,1471
2023-08-17 10:10:49,29,32,1452,1471
2023-08-17 10:10:51,30,32,1452,1471
2023-08-17 10:10:52,30,33,1452,1471
2023-08-17 10:10:54,31,33,1452,1471
2023-08-17 10:10:57,31,34,1452,1471
2023-08-17 10:11:04,31,33,1452,1471
2023-08-17 10:11:05,31,34,1452,1471
2023-08-17 10:11:06,29,34,1452,1471
2023-08-17 10:11:07,30,34,1452,1471
2023-08-17 10:11:08,31,34,1452,1471
2023-08-17 10:11:14,31,33,1452,1471
2023-08-17 10:11:15,31,34,1452,1471
2023-08-17 10:11:17,31,33,1452,1471
2023-08-17 10:11:18,31,34,1452,1471
2023-08-17 10:11:26,32,34,1452,1471
2023-08-17 10:11:27,31,34,1452,1471
2023-08-17 10:11:29,32,34,1452,1471
2023-08-17 10:11:31,31,34,1452,1471
2023-08-17 10:11:42,32,34,1452,1471
2023-08-17 10:11:43,31,34,1452,1471
2023-08-17 10:11:47,31,33,1452,1471
2023-08-17 10:11:48,30,33,1452,1471
2023-08-17 10:11:48,30,34,1452,1471
2023-08-17 10:11:48,28,34,1452,1471
2023-08-17 10:11:49,28,33,1452,1471
2023-08-17 10:11:50,30,33,1452,1471
2023-08-17 10:11:51,29,33,1452,1471
2023-08-17 10:11:51,28,34,1452,1471
2023-08-17 10:11:52,28,33,1452,1471
2023-08-17 10:11:52,29,33,1452,1471
2023-08-17 10:11:53,29,34,1452,1471
2023-08-17 10:11:54,29,34,1452,1471
2023-08-17 10:11:54,29,33,1452,1471
2023-08-17 10:11:55,29,32,1452,1471
2023-08-17 10:11:56,28,32,1452,1471
2023-08-17 10:11:57,28,33,1452,1471
2023-08-17 10:11:57,29,33,1452,1471
2023-08-17 10:11:58,29,34,1452,1471
2023-08-17 10:11:58,30,34,1452,1471
2023-08-17 10:11:59,31,34,1452,1471
2023-08-17 10:12:00,32,34,1452,1471
2023-08-17 10:12:12,33,34,1452,1471
2023-08-17 10:12:13,32,34,1452,1471
2023-08-17 10:12:26,31,34,1452,1471
2023-08-17 10:12:28,32,34,1452,1471
2023-08-17 10:12:32,33,34,1452,1471
2023-08-17 10:12:33,32,34,1452,1471
2023-08-17 10:12:36,30,34,1452,1471
2023-08-17 10:12:37,28,40,1452,1471
2023-08-17 10:12:37,18,40,1452,1471
2023-08-17 10:12:38,21,40,1452,1471
2023-08-17 10:12:41,22,40,1452,1471
2023-08-17 10:12:42,21,40,1452,1471
2023-08-17 10:12:42,21,39,1452,1471
2023-08-17 10:12:43,21,39,1452,1471
2023-08-17 10:12:43,21,38,1452,1471
2023-08-17 10:12:43,24,38,1452,1471
2023-08-17 10:12:44,21,38,1452,1471
2023-08-17 10:12:44,25,40,1452,1471
2023-08-17 10:12:45,21,37,1452,1471
2023-08-17 10:12:45,26,37,1452,1471
2023-08-17 10:12:45,26,36,1452,1471
2023-08-17 10:12:46,21,36,1452,1471
2023-08-17 10:12:47,22,40,1452,1471
2023-08-17 10:12:47,22,39,1452,1471
2023-08-17 10:12:48,21,39,1452,1471
2023-08-17 10:12:48,23,39,1452,1471
2023-08-17 10:12:48,23,38,1452,1471
2023-08-17 10:12:49,21,38,1452,1471
2023-08-17 10:12:49,21,37,1452,1471
2023-08-17 10:12:49,24,37,1452,1471
2023-08-17 10:12:50,21,37,1452,1471
2023-08-17 10:12:50,21,36,1452,1471
2023-08-17 10:12:50,25,36,1452,1471
2023-08-17 10:12:50,27,36,1452,1471
2023-08-17 10:12:51,27,35,1452,1471
2023-08-17 10:12:51,28,35,1452,1471
2023-08-17 10:12:52,28,37,1452,1471
2023-08-17 10:12:54,28,40,1452,1471
2023-08-17 10:12:55,27,40,1452,1471
2023-08-17 10:12:56,28,40,1452,1471
2023-08-17 10:12:57,27,40,1452,1471
2023-08-17 10:12:57,27,39,1452,1471
2023-08-17 10:12:57,29,39,1452,1471
2023-08-17 10:12:58,27,39,1452,1471
2023-08-17 10:12:58,30,39,1452,1471
2023-08-17 10:12:58,30,38,1452,1471
2023-08-17 10:12:59,30,37,1452,1471
2023-08-17 10:13:00,31,36,1452,1471
2023-08-17 10:13:00,32,36,1452,1471
2023-08-17 10:13:01,33,36,1452,1471
2023-08-17 10:13:10,34,36,1452,1471
2023-08-17 10:13:11,33,36,1452,1471
2023-08-17 10:13:24,33,34,1452,1471
2023-08-17 10:13:32,32,34,1452,1471
2023-08-17 10:13:39,33,34,1452,1471
2023-08-17 10:13:43,32,34,1452,1471
2023-08-17 10:13:53,33,34,1452,1471
2023-08-17 10:13:56,32,34,1452,1471
2023-08-17 10:13:58,31,34,1452,1471
2023-08-17 10:13:58,28,34,1452,1471
2023-08-17 10:14:00,29,34,1452,1471
2023-08-17 10:14:01,28,34,1452,1471
2023-08-17 10:14:01,30,34,1452,1471
2023-08-17 10:14:02,31,34,1452,1471
2023-08-17 10:14:03,32,34,1452,1471
2023-08-17 10:14:04,33,34,1452,1471
2023-08-17 10:14:05,33,37,1452,1471
2023-08-17 10:14:06,32,37,1452,1471
2023-08-17 10:14:06,32,36,1452,1471
2023-08-17 10:14:06,32,34,1452,1471
2023-08-17 10:14:09,33,34,1452,1471
2023-08-17 10:14:10,32,34,1452,1471
2023-08-17 10:14:11,33,34,1452,1471
2023-08-17 10:14:18,32,34,1452,1471
2023-08-17 10:14:20,33,34,1452,1471
2023-08-17 10:14:22,32,34,1452,1471
2023-08-17 10:14:24,28,34,1452,1471
2023-08-17 10:14:26,29,34,1452,1471
2023-08-17 10:14:27,28,34,1452,1471
2023-08-17 10:14:27,30,34,1452,1471
2023-08-17 10:14:28,31,34,1452,1471
2023-08-17 10:14:29,32,34,1452,1471
2023-08-17 10:14:32,33,34,1452,1471
2023-08-17 10:14:34,33,37,1452,1471
2023-08-17 10:14:35,32,37,1452,1471
2023-08-17 10:14:35,32,36,1452,1471
2023-08-17 10:14:35,32,34,1452,1471
2023-08-17 10:14:40,31,34,1452,1471
2023-08-17 10:14:42,29,34,1452,1471
2023-08-17 10:14:43,30,34,1452,1471
2023-08-17 10:14:44,31,34,1452,1471
2023-08-17 10:14:45,32,34,1452,1471
2023-08-17 10:14:46,33,34,1452,1471
2023-08-17 10:14:48,32,34,1452,1471
2023-08-17 10:14:48,28,34,1452,1471
2023-08-17 10:14:51,29,34,1452,1471
2023-08-17 10:14:52,28,34,1452,1471
2023-08-17 10:14:52,30,34,1452,1471
2023-08-17 10:14:53,31,34,1452,1471
2023-08-17 10:14:54,32,34,1452,1471
2023-08-17 10:14:55,33,34,1452,1471
2023-08-17 10:15:05,28,34,1452,1471
2023-08-17 10:15:08,29,34,1452,1471
2023-08-17 10:15:08,29,35,1452,1471
2023-08-17 10:15:09,30,35,1452,1471
2023-08-17 10:15:09,31,35,1452,1471
2023-08-17 10:15:10,32,35,1452,1471
2023-08-17 10:15:11,33,35,1452,1471
2023-08-17 10:15:12,34,35,1452,1471
2023-08-17 10:15:17,33,35,1452,1471
2023-08-17 10:15:26,31,35,1452,1471
2023-08-17 10:15:26,30,35,1452,1471
2023-08-17 10:15:27,31,35,1452,1471
2023-08-17 10:15:28,32,35,1452,1471
2023-08-17 10:15:29,33,35,1452,1471
2023-08-17 10:15:31,32,35,1452,1471
2023-08-17 10:15:34,33,35,1452,1471
2023-08-17 10:15:37,30,35,1452,1471
2023-08-17 10:15:37,28,35,1452,1471
2023-08-17 10:15:38,30,35,1452,1471
2023-08-17 10:15:42,31,35,1452,1471
2023-08-17 10:15:43,32,35,1452,1471
2023-08-17 10:15:44,33,35,1452,1471
2023-08-17 10:15:55,30,35,1452,1471
2023-08-17 10:15:56,31,35,1452,1471
2023-08-17 10:15:57,32,35,1452,1471
2023-08-17 10:15:58,33,35,1452,1471
2023-08-17 10:16:05,32,35,1452,1471
2023-08-17 10:16:08,31,35,1452,1471
2023-08-17 10:16:08,31,34,1452,1471
2023-08-17 10:16:10,32,34,1452,1471
2023-08-17 10:16:12,31,34,1452,1471
2023-08-17 10:16:17,30,34,1452,1471
2023-08-17 10:16:17,30,35,1452,1471
2023-08-17 10:16:18,31,35,1452,1471
2023-08-17 10:16:18,31,34,1452,1471
2023-08-17 10:16:19,32,34,1452,1471
2023-08-17 10:16:22,32,35,1452,1471
2023-08-17 10:16:23,31,35,1452,1471
2023-08-17 10:16:23,30,35,1452,1471
2023-08-17 10:16:24,31,35,1452,1471
2023-08-17 10:16:25,32,35,1452,1471
2023-08-17 10:16:26,33,35,1452,1471
2023-08-17 10:16:31,32,35,1452,1471
2023-08-17 10:16:32,33,35,1452,1471
2023-08-17 10:16:42,32,35,1452,1471
2023-08-17 10:16:44,33,35,1452,1471
2023-08-17 10:16:55,33,34,1452,1471
2023-08-17 10:17:05,32,34,1452,1471
2023-08-17 10:17:06,33,34,1452,1471
2023-08-17 10:17:09,31,34,1452,1471
2023-08-17 10:17:10,31,34,1452,1471
2023-08-17 10:17:11,32,34,1452,1471
2023-08-17 10:17:12,33,34,1452,1471
2023-08-17 10:17:29,33,35,1452,1471
2023-08-17 10:17:30,33,34,1452,1471
2023-08-17 10:17:36,33,35,1452,1471
2023-08-17 10:17:36,33,34,1452,1471
2023-08-17 10:17:48,32,34,1452,1471
2023-08-17 10:17:50,28,34,1452,1471
2023-08-17 10:17:51,29,34,1452,1471
2023-08-17 10:17:52,28,34,1452,1471
2023-08-17 10:17:52,30,34,1452,1471
2023-08-17 10:17:53,31,34,1452,1471
2023-08-17 10:17:54,32,34,1452,1471
2023-08-17 10:17:55,33,34,1452,1471
2023-08-17 10:17:55,33,35,1452,1471
2023-08-17 10:17:56,33,34,1452,1471
2023-08-17 10:17:57,32,34,1452,1471
2023-08-17 10:17:59,33,34,1452,1471
2023-08-17 10:18:06,32,34,1452,1471
2023-08-17 10:18:14,31,34,1452,1471
2023-08-17 10:18:14,28,34,1452,1471
2023-08-17 10:18:16,29,34,1452,1471
2023-08-17 10:18:17,30,34,1452,1471
2023-08-17 10:18:18,31,34,1452,1471
2023-08-17 10:18:19,32,34,1452,1471
2023-08-17 10:18:22,33,34,1452,1471
2023-08-17 10:18:34,32,34,1452,1471
2023-08-17 10:18:34,31,34,1452,1471
2023-08-17 10:18:35,29,34,1452,1471
2023-08-17 10:18:36,28,34,1452,1471
2023-08-17 10:18:37,29,34,1452,1471
2023-08-17 10:18:38,28,34,1452,1471
2023-08-17 10:18:38,30,34,1452,1471
2023-08-17 10:18:39,31,34,1452,1471
2023-08-17 10:18:40,32,34,1452,1471
2023-08-17 10:18:41,33,34,1452,1471
2023-08-17 10:18:47,33,35,1452,1471
2023-08-17 10:18:48,33,34,1452,1471
2023-08-17 10:18:55,32,34,1452,1471
2023-08-17 10:18:57,29,34,1452,1471
2023-08-17 10:18:58,28,34,1452,1471
2023-08-17 10:18:58,30,34,1452,1471
2023-08-17 10:18:59,31,34,1452,1471
2023-08-17 10:19:00,32,34,1452,1471
2023-08-17 10:19:01,33,34,1452,1471
2023-08-17 10:19:08,32,34,1452,1471
2023-08-17 10:19:09,33,34,1452,1471
2023-08-17 10:19:11,31,34,1452,1471
2023-08-17 10:19:12,29,34,1452,1471
2023-08-17 10:19:13,28,34,1452,1471
2023-08-17 10:19:13,30,34,1452,1471
2023-08-17 10:19:14,31,34,1452,1471
2023-08-17 10:19:15,32,34,1452,1471
2023-08-17 10:19:16,33,34,1452,1471
2023-08-17 10:19:21,32,34,1452,1471
2023-08-17 10:19:22,29,34,1452,1471
2023-08-17 10:19:23,28,34,1452,1471
2023-08-17 10:19:23,30,34,1452,1471
2023-08-17 10:19:24,31,34,1452,1471
2023-08-17 10:19:25,32,34,1452,1471
2023-08-17 10:19:26,33,34,1452,1471
2023-08-17 10:19:32,32,34,1452,1471
2023-08-17 10:19:33,33,34,1452,1471
2023-08-17 10:19:34,32,34,1452,1471
2023-08-17 10:19:37,33,34,1452,1471
2023-08-17 10:19:44,32,34,1452,1471
2023-08-17 10:19:44,28,34,1452,1471
2023-08-17 10:19:45,29,34,1452,1471
2023-08-17 10:19:46,28,34,1452,1471
2023-08-17 10:19:46,30,34,1452,1471
2023-08-17 10:19:47,28,34,1452,1471
2023-08-17 10:19:47,31,34,1452,1471
2023-08-17 10:19:48,32,35,1452,1471
2023-08-17 10:19:48,32,33,1452,1471
2023-08-17 10:20:09,32,33,1462,1511
2023-08-17 10:20:27,28,33,1462,1511
2023-08-17 10:20:29,29,33,1462,1511
2023-08-17 10:20:30,28,33,1462,1511
2023-08-17 10:20:30,30,33,1462,1511
2023-08-17 10:20:31,31,33,1462,1511
2023-08-17 10:20:32,32,33,1462,1511
2023-08-17 10:20:45,31,33,1462,1511
2023-08-17 10:20:46,29,33,1462,1511
2023-08-17 10:20:47,28,33,1462,1511
2023-08-17 10:20:47,30,33,1462,1511
2023-08-17 10:20:48,31,35,1462,1511
2023-08-17 10:20:49,32,35,1462,1511
2023-08-17 10:20:49,32,33,1462,1511
2023-08-17 10:21:07,28,33,1462,1511
2023-08-17 10:21:08,29,33,1462,1511
2023-08-17 10:21:09,28,33,1462,1511
2023-08-17 10:21:09,30,33,1462,1511
2023-08-17 10:21:10,31,33,1462,1511
2023-08-17 10:21:11,32,33,1462,1511
2023-08-17 10:21:22,28,33,1462,1511
2023-08-17 10:21:24,29,33,1462,1511
2023-08-17 10:21:25,28,33,1462,1511
2023-08-17 10:21:26,29,33,1462,1511
2023-08-17 10:21:27,28,33,1462,1511
2023-08-17 10:21:27,30,33,1462,1511
2023-08-17 10:21:28,31,33,1462,1511
2023-08-17 10:21:29,32,33,1462,1511
2023-08-17 10:21:49,32,35,1462,1511
2023-08-17 10:21:50,32,34,1462,1511
2023-08-17 10:21:54,33,34,1462,1511
2023-08-17 10:22:01,32,34,1462,1511
2023-08-17 10:22:03,33,34,1462,1511
2023-08-17 10:22:04,32,34,1462,1511
2023-08-17 10:22:05,33,34,1462,1511
2023-08-17 10:22:08,32,34,1462,1511
2023-08-17 10:22:13,32,35,1462,1511
2023-08-17 10:22:13,32,34,1462,1511
2023-08-17 10:22:15,33,34,1462,1511
2023-08-17 10:22:17,32,34,1462,1511
2023-08-17 10:22:18,31,34,1462,1511
2023-08-17 10:22:18,28,34,1462,1511
2023-08-17 10:22:19,29,34,1462,1511
2023-08-17 10:22:20,28,34,1462,1511
2023-08-17 10:22:20,30,34,1462,1511
2023-08-17 10:22:21,31,34,1462,1511
2023-08-17 10:22:22,32,34,1462,1511
2023-08-17 10:22:23,33,34,1462,1511
2023-08-17 10:22:25,32,34,1462,1511
2023-08-17 10:22:26,29,34,1462,1511
2023-08-17 10:22:27,28,34,1462,1511
2023-08-17 10:22:27,30,34,1462,1511
2023-08-17 10:22:28,28,34,1462,1511
2023-08-17 10:22:28,31,34,1462,1511
2023-08-17 10:22:29,32,34,1462,1511
2023-08-17 10:22:30,33,34,1462,1511
2023-08-17 10:22:50,32,34,1462,1511
2023-08-17 10:22:50,28,34,1462,1511
2023-08-17 10:22:51,29,34,1462,1511
2023-08-17 10:22:52,30,34,1462,1511
2023-08-17 10:22:53,31,34,1462,1511
2023-08-17 10:22:54,32,34,1462,1511
2023-08-17 10:23:08,33,34,1462,1511
2023-08-17 10:23:09,32,34,1462,1511
2023-08-17 10:23:12,33,34,1462,1511
2023-08-17 10:23:14,33,35,1462,1511
2023-08-17 10:23:14,33,34,1462,1511
2023-08-17 10:23:29,32,34,1462,1511
2023-08-17 10:23:32,32,34,1490,1539
2023-08-17 10:23:33,33,34,1490,1539
2023-08-17 10:23:36,30,34,1490,1539
2023-08-17 10:23:38,31,34,1490,1539
2023-08-17 10:23:39,32,34,1490,1539
2023-08-17 10:23:40,33,34,1490,1539
2023-08-17 10:23:54,32,34,1490,1539
2023-08-17 10:23:57,33,34,1490,1539
2023-08-17 10:24:09,32,34,1490,1539
2023-08-17 10:24:09,30,34,1490,1539
2023-08-17 10:24:10,31,34,1490,1539
2023-08-17 10:24:11,32,34,1490,1539
2023-08-17 10:24:12,33,34,1490,1539
2023-08-17 10:24:14,33,35,1490,1539
2023-08-17 10:24:15,33,34,1490,1539
2023-08-17 10:24:15,32,34,1490,1539
2023-08-17 10:24:19,33,34,1490,1539
2023-08-17 10:24:23,32,34,1490,1539
2023-08-17 10:24:24,33,34,1490,1539
2023-08-17 10:24:33,33,35,1490,1539
2023-08-17 10:24:34,33,34,1490,1539
2023-08-17 10:24:35,32,34,1490,1539
2023-08-17 10:24:35,30,34,1490,1539
2023-08-17 10:24:38,31,34,1490,1539
2023-08-17 10:24:39,32,34,1490,1539
2023-08-17 10:24:40,33,34,1490,1539
2023-08-17 10:24:47,32,34,1490,1539
2023-08-17 10:24:47,30,34,1490,1539
2023-08-17 10:24:48,31,34,1490,1539
2023-08-17 10:24:49,30,34,1490,1539
2023-08-17 10:24:50,31,34,1490,1539
2023-08-17 10:24:51,32,34,1490,1539
2023-08-17 10:24:52,33,34,1490,1539
2023-08-17 10:24:54,32,34,1490,1539
2023-08-17 10:24:54,30,34,1490,1539
2023-08-17 10:24:55,31,34,1490,1539
2023-08-17 10:24:56,30,34,1490,1539
2023-08-17 10:24:57,31,34,1490,1539
2023-08-17 10:24:58,32,34,1490,1539
2023-08-17 10:24:59,33,34,1490,1539
2023-08-17 10:25:01,33,35,1490,1539
2023-08-17 10:25:02,33,34,1490,1539
2023-08-17 10:25:21,33,35,1490,1539
2023-08-17 10:25:22,33,34,1490,1539
2023-08-17 10:25:22,33,34,1505,1554
2023-08-17 10:25:23,32,34,1505,1554
2023-08-17 10:25:24,29,34,1505,1554
2023-08-17 10:25:25,28,34,1505,1554
2023-08-17 10:25:25,30,34,1505,1554
2023-08-17 10:25:26,31,34,1505,1554
2023-08-17 10:25:27,32,34,1505,1554
2023-08-17 10:25:27,32,35,1505,1554
2023-08-17 10:25:28,32,34,1505,1554
2023-08-17 10:25:28,33,34,1505,1554
2023-08-17 10:25:31,28,34,1505,1554
2023-08-17 10:25:33,29,34,1505,1554
2023-08-17 10:25:34,28,34,1505,1554
2023-08-17 10:25:34,30,34,1505,1554
2023-08-17 10:25:35,31,34,1505,1554
2023-08-17 10:25:36,32,34,1505,1554
2023-08-17 10:25:37,33,34,1505,1554
2023-08-17 10:25:54,32,34,1505,1554
2023-08-17 10:25:55,33,34,1505,1554
2023-08-17 10:25:55,32,34,1520,1569
2023-08-17 10:25:56,33,34,1520,1569
2023-08-17 10:25:57,32,34,1535,1584
2023-08-17 10:25:58,33,34,1535,1584
2023-08-17 10:25:58,33,34,1543,1592
2023-08-17 10:26:00,32,34,1543,1592
2023-08-17 10:26:04,28,34,1543,1592
2023-08-17 10:26:05,29,34,1543,1592
2023-08-17 10:26:06,28,34,1543,1592
2023-08-17 10:26:06,30,34,1543,1592
2023-08-17 10:26:07,31,34,1543,1592
2023-08-17 10:26:08,32,34,1543,1592
2023-08-17 10:26:09,33,34,1543,1592
2023-08-17 10:26:20,32,34,1543,1592
2023-08-17 10:26:28,32,35,1543,1592
2023-08-17 10:26:28,32,34,1543,1592
2023-08-17 10:26:29,33,34,1543,1592
2023-08-17 10:26:34,32,34,1543,1592
2023-08-17 10:26:34,28,34,1543,1592
2023-08-17 10:26:35,29,34,1543,1592
2023-08-17 10:26:36,28,34,1543,1592
2023-08-17 10:26:36,30,34,1543,1592
2023-08-17 10:26:37,28,34,1543,1592
2023-08-17 10:26:37,31,34,1543,1592
2023-08-17 10:26:38,32,34,1543,1592
2023-08-17 10:26:39,33,34,1543,1592
2023-08-17 10:27:08,28,34,1543,1592
2023-08-17 10:27:08,26,34,1543,1592
2023-08-17 10:27:08,26,35,1543,1592
2023-08-17 10:27:09,28,35,1543,1592
2023-08-17 10:27:09,28,34,1543,1592
2023-08-17 10:27:10,29,34,1543,1592
2023-08-17 10:27:11,28,34,1543,1592
2023-08-17 10:27:11,30,34,1543,1592
2023-08-17 10:27:12,31,34,1543,1592
2023-08-17 10:27:13,32,34,1543,1592
2023-08-17 10:27:14,33,34,1543,1592
2023-08-17 10:27:19,28,34,1543,1592
2023-08-17 10:27:20,29,34,1543,1592
2023-08-17 10:27:21,28,34,1543,1592
2023-08-17 10:27:21,30,34,1543,1592
2023-08-17 10:27:22,28,34,1543,1592
2023-08-17 10:27:22,31,34,1543,1592
2023-08-17 10:27:23,32,34,1543,1592
2023-08-17 10:27:24,33,34,1543,1592
2023-08-17 10:27:49,32,34,1543,1592
2023-08-17 10:27:49,28,34,1543,1592
2023-08-17 10:27:50,29,34,1543,1592
2023-08-17 10:27:51,28,34,1543,1592
2023-08-17 10:27:51,30,34,1543,1592
2023-08-17 10:27:52,31,34,1543,1592
2023-08-17 10:27:53,32,34,1543,1592
2023-08-17 10:27:54,33,34,1543,1592
2023-08-17 10:28:01,28,34,1543,1592
2023-08-17 10:28:03,29,34,1543,1592
2023-08-17 10:28:04,28,34,1543,1592
2023-08-17 10:28:04,30,34,1543,1592
2023-08-17 10:28:05,31,34,1543,1592
2023-08-17 10:28:06,28,34,1543,1592
2023-08-17 10:28:07,29,34,1543,1592
2023-08-17 10:28:08,28,34,1543,1592
2023-08-17 10:28:08,30,34,1543,1592
2023-08-17 10:28:09,27,35,1543,1592
2023-08-17 10:28:09,31,35,1543,1592
2023-08-17 10:28:09,31,34,1543,1592
2023-08-17 10:28:10,32,34,1543,1592
2023-08-17 10:28:11,33,34,1543,1592
2023-08-17 10:28:57,33,35,1543,1592
2023-08-17 10:28:58,33,34,1543,1592
2023-08-17 10:28:58,32,34,1558,1607
2023-08-17 10:28:59,33,34,1558,1607
2023-08-17 10:29:00,32,34,1573,1622
2023-08-17 10:29:00,32,33,1573,1622
2023-08-17 10:29:28,32,34,1588,1637
2023-08-17 10:29:29,33,34,1588,1637
2023-08-17 10:29:40,32,34,1588,1637
2023-08-17 10:29:40,31,34,1588,1637
2023-08-17 10:29:40,28,34,1588,1637
2023-08-17 10:29:43,29,34,1588,1637
2023-08-17 10:29:44,28,34,1588,1637
2023-08-17 10:29:44,30,34,1588,1637
2023-08-17 10:29:45,31,34,1588,1637
2023-08-17 10:29:46,32,34,1588,1637
2023-08-17 10:29:47,33,34,1588,1637
2023-08-17 10:29:50,33,35,1588,1637
2023-08-17 10:29:51,33,34,1588,1637
2023-08-17 10:29:56,30,34,1588,1637
2023-08-17 10:29:57,31,34,1588,1637
2023-08-17 10:29:58,32,34,1588,1637
2023-08-17 10:29:59,33,34,1588,1637
2023-08-17 10:30:21,33,35,1588,1637
2023-08-17 10:30:22,33,34,1588,1637
2023-08-17 10:30:22,32,34,1588,1637
2023-08-17 10:30:22,30,34,1588,1637
2023-08-17 10:30:24,31,34,1588,1637
2023-08-17 10:30:25,32,34,1588,1637
2023-08-17 10:30:26,33,34,1588,1637
2023-08-17 10:30:29,33,35,1588,1637
2023-08-17 10:30:30,33,34,1588,1637
2023-08-17 10:30:33,33,35,1588,1637
2023-08-17 10:30:34,34,35,1588,1637
2023-08-17 10:30:38,32,35,1588,1637
2023-08-17 10:30:39,31,35,1588,1637
2023-08-17 10:30:40,32,35,1588,1637
2023-08-17 10:30:41,33,35,1588,1637
2023-08-17 10:30:42,34,35,1588,1637
2023-08-17 10:30:53,30,35,1588,1637
2023-08-17 10:30:54,31,35,1588,1637
2023-08-17 10:30:55,30,35,1588,1637
2023-08-17 10:30:56,31,35,1588,1637
2023-08-17 10:30:57,32,35,1588,1637
2023-08-17 10:30:58,33,35,1588,1637
2023-08-17 10:30:59,34,35,1588,1637
2023-08-17 10:31:43,33,35,1588,1637
2023-08-17 10:31:43,30,35,1588,1637
2023-08-17 10:31:45,31,35,1588,1637
2023-08-17 10:31:46,30,35,1588,1637
2023-08-17 10:31:46,32,35,1588,1637
2023-08-17 10:31:47,33,35,1588,1637
2023-08-17 10:31:48,34,35,1588,1637
2023-08-17 10:32:46,30,35,1588,1637
2023-08-17 10:32:47,31,35,1588,1637
2023-08-17 10:32:48,30,35,1588,1637
2023-08-17 10:32:48,32,35,1588,1637
2023-08-17 10:32:49,33,35,1588,1637
2023-08-17 10:32:50,34,35,1588,1637
2023-08-17 10:33:00,33,35,1588,1637
2023-08-17 10:33:02,34,35,1588,1637
2023-08-17 10:33:03,30,35,1588,1637
2023-08-17 10:33:05,31,35,1588,1637
2023-08-17 10:33:06,30,35,1588,1637
2023-08-17 10:33:06,32,35,1588,1637
2023-08-17 10:33:07,33,35,1588,1637
2023-08-17 10:33:08,34,35,1588,1637
2023-08-17 10:33:23,33,35,1588,1637
2023-08-17 10:33:23,30,35,1588,1637
2023-08-17 10:33:24,30,34,1588,1637
2023-08-17 10:33:25,31,34,1588,1637
2023-08-17 10:33:26,32,34,1588,1637
2023-08-17 10:33:27,33,34,1588,1637
2023-08-17 10:33:30,30,34,1588,1637
2023-08-17 10:33:32,31,34,1588,1637
2023-08-17 10:33:33,32,34,1588,1637
2023-08-17 10:33:34,33,34,1588,1637
2023-08-17 10:33:34,32,34,1603,1652
2023-08-17 10:33:35,33,34,1603,1652
2023-08-17 10:33:36,32,34,1618,1667
2023-08-17 10:33:37,33,34,1618,1667
2023-08-17 10:33:37,32,34,1633,1682
2023-08-17 10:33:38,33,34,1633,1682
2023-08-17 10:33:41,31,34,1633,1682
2023-08-17 10:33:43,31,34,1633,1682
2023-08-17 10:33:44,32,34,1633,1682
2023-08-17 10:33:45,33,34,1633,1682
2023-08-17 10:33:47,33,35,1633,1682
2023-08-17 10:33:48,33,34,1633,1682
2023-08-17 10:33:52,32,34,1633,1682
2023-08-17 10:33:53,31,34,1633,1682
2023-08-17 10:33:54,32,34,1633,1682
2023-08-17 10:33:55,33,34,1633,1682
2023-08-17 10:34:08,32,34,1633,1682
2023-08-17 10:34:09,31,34,1633,1682
2023-08-17 10:34:10,32,34,1633,1682
2023-08-17 10:34:11,33,34,1633,1682
2023-08-17 10:34:34,32,34,1648,1697
2023-08-17 10:34:35,33,34,1648,1697
2023-08-17 10:34:35,32,34,1663,1712
2023-08-17 10:34:36,33,34,1663,1712
2023-08-17 10:34:36,32,34,1678,1727
2023-08-17 10:34:37,33,34,1678,1727
2023-08-17 10:34:39,32,34,1693,1742
2023-08-17 10:34:39,32,33,1693,1742
2023-08-17 10:35:01,31,33,1708,1757
2023-08-17 10:35:01,31,32,1708,1757
2023-08-17 10:35:09,28,32,1708,1757
2023-08-17 10:35:12,29,32,1708,1757
2023-08-17 10:35:13,30,32,1708,1757
2023-08-17 10:35:14,31,32,1708,1757
2023-08-17 10:35:21,31,33,1718,1767
2023-08-17 10:35:22,32,33,1718,1767
2023-08-17 10:36:16,30,33,1718,1767
2023-08-17 10:36:17,31,33,1718,1767
2023-08-17 10:36:18,32,33,1718,1767
2023-08-17 10:36:34,31,33,1718,1767
2023-08-17 10:36:35,31,33,1718,1767
2023-08-17 10:36:36,32,33,1718,1767
2023-08-17 10:37:05,31,33,1718,1767
2023-08-17 10:37:05,29,33,1718,1767
2023-08-17 10:37:06,30,33,1718,1767
2023-08-17 10:37:07,31,33,1718,1767
2023-08-17 10:37:24,30,33,1718,1767
2023-08-17 10:37:27,30,33,1718,1767
2023-08-17 10:37:28,31,33,1718,1767
2023-08-17 10:37:31,29,33,1718,1767
2023-08-17 10:37:33,30,33,1718,1767
2023-08-17 10:37:34,31,33,1718,1767
2023-08-17 10:37:40,30,33,1718,1767
2023-08-17 10:37:40,29,33,1718,1767
2023-08-17 10:37:41,30,33,1718,1767
2023-08-17 10:37:42,31,33,1718,1767
2023-08-17 10:38:13,32,33,1718,1767
2023-08-17 10:38:14,29,33,1718,1767
2023-08-17 10:38:15,30,33,1718,1767
2023-08-17 10:38:16,31,33,1718,1767
2023-08-17 10:38:17,30,33,1718,1767
2023-08-17 10:38:19,30,33,1718,1767
2023-08-17 10:38:20,31,33,1718,1767
2023-08-17 10:38:22,32,33,1718,1767
2023-08-17 10:38:23,31,33,1718,1767
2023-08-17 10:38:28,32,33,1718,1767
2023-08-17 10:38:35,31,33,1718,1767
2023-08-17 10:38:36,32,33,1718,1767
2023-08-17 10:38:39,31,33,1718,1767
2023-08-17 10:38:40,32,33,1718,1767
2023-08-17 10:39:09,31,33,1718,1767
2023-08-17 10:39:11,32,33,1718,1767
2023-08-17 10:39:17,32,34,1733,1782
2023-08-17 10:39:32,33,34,1733,1782
2023-08-17 10:39:36,33,35,1733,1782
2023-08-17 10:39:37,33,34,1733,1782
2023-08-17 10:40:13,32,34,1733,1782
2023-08-17 10:40:14,33,34,1733,1782
2023-08-17 10:40:19,31,34,1733,1782
2023-08-17 10:40:19,30,34,1733,1782
2023-08-17 10:40:20,31,34,1733,1782
2023-08-17 10:40:21,32,34,1733,1782
2023-08-17 10:40:22,33,34,1733,1782
2023-08-17 10:40:32,32,34,1733,1782
2023-08-17 10:40:37,32,35,1733,1782
2023-08-17 10:40:37,32,34,1733,1782
2023-08-17 10:40:45,32,35,1733,1782
2023-08-17 10:40:46,32,34,1733,1782
2023-08-17 10:40:46,32,33,1733,1782
2023-08-17 10:40:48,31,33,1733,1782
2023-08-17 10:40:53,29,33,1733,1782
2023-08-17 10:40:54,30,33,1733,1782
2023-08-17 10:40:55,31,33,1733,1782
2023-08-17 10:40:56,30,33,1733,1782
2023-08-17 10:40:56,29,33,1733,1782
2023-08-17 10:40:57,30,33,1733,1782
2023-08-17 10:40:58,29,33,1733,1782
2023-08-17 10:40:59,30,33,1733,1782
2023-08-17 10:41:00,31,33,1733,1782
2023-08-17 10:41:01,32,33,1733,1782
2023-08-17 10:41:04,31,33,1733,1782
2023-08-17 10:41:06,30,33,1733,1782
2023-08-17 10:41:07,31,33,1733,1782
2023-08-17 10:41:09,32,33,1733,1782
2023-08-17 10:41:26,30,33,1733,1782
2023-08-17 10:41:28,29,33,1733,1782
2023-08-17 10:41:29,30,33,1733,1782
2023-08-17 10:41:30,28,33,1733,1782
2023-08-17 10:41:31,29,33,1733,1782
2023-08-17 10:41:32,30,33,1733,1782
2023-08-17 10:41:33,31,33,1733,1782
2023-08-17 10:41:34,32,33,1733,1782
2023-08-17 10:41:43,31,33,1733,1782
2023-08-17 10:41:45,31,35,1733,1782
2023-08-17 10:41:46,31,33,1733,1782
2023-08-17 10:41:46,30,33,1733,1782
2023-08-17 10:41:47,29,33,1733,1782
2023-08-17 10:41:48,30,33,1733,1782
2023-08-17 10:41:49,31,33,1733,1782
2023-08-17 10:41:50,29,33,1733,1782
2023-08-17 10:41:51,30,33,1733,1782
2023-08-17 10:41:52,31,33,1733,1782
2023-08-17 10:41:53,32,33,1733,1782
2023-08-17 10:42:19,30,33,1733,1782
2023-08-17 10:42:19,29,33,1733,1782
2023-08-17 10:42:20,30,33,1733,1782
2023-08-17 10:42:21,31,33,1733,1782
2023-08-17 10:42:22,32,33,1733,1782
2023-08-17 10:42:37,31,33,1733,1782
2023-08-17 10:42:38,30,33,1733,1782
2023-08-17 10:42:39,30,33,1733,1782
2023-08-17 10:42:40,31,33,1733,1782
2023-08-17 10:42:41,32,33,1733,1782
2023-08-17 10:42:47,32,35,1733,1782
2023-08-17 10:42:47,32,34,1733,1782
2023-08-17 10:42:58,29,34,1733,1782
2023-08-17 10:42:59,30,34,1733,1782
2023-08-17 10:43:00,31,34,1733,1782
2023-08-17 10:43:01,32,34,1733,1782
2023-08-17 10:43:11,33,34,1733,1782
2023-08-17 10:43:12,32,34,1733,1782
2023-08-17 10:43:12,31,34,1733,1782
2023-08-17 10:43:13,30,34,1733,1782
2023-08-17 10:43:14,31,34,1733,1782
2023-08-17 10:43:15,32,34,1733,1782
2023-08-17 10:43:16,33,34,1733,1782
2023-08-17 10:43:21,32,34,1733,1782
2023-08-17 10:43:23,33,34,1733,1782
2023-08-17 10:43:27,32,34,1733,1782
2023-08-17 10:43:27,18,34,1733,1782
2023-08-17 10:43:27,18,35,1733,1782
2023-08-17 10:43:28,19,35,1733,1782
2023-08-17 10:43:28,30,35,1733,1782
2023-08-17 10:43:28,30,34,1733,1782
2023-08-17 10:43:29,31,34,1733,1782
2023-08-17 10:43:30,32,34,1733,1782
2023-08-17 10:43:31,33,34,1733,1782
2023-08-17 10:43:46,32,34,1733,1782
2023-08-17 10:43:47,33,34,1733,1782
2023-08-17 10:43:52,32,34,1733,1782
2023-08-17 10:43:54,33,34,1733,1782
2023-08-17 10:43:57,32,34,1733,1782
2023-08-17 10:44:06,33,34,1733,1782
2023-08-17 10:44:07,32,34,1733,1782
2023-08-17 10:44:13,33,34,1733,1782
2023-08-17 10:44:18,32,34,1733,1782
2023-08-17 10:44:20,32,35,1733,1782
2023-08-17 10:44:20,32,34,1733,1782
2023-08-17 10:44:23,29,34,1733,1782
2023-08-17 10:44:24,30,34,1733,1782
2023-08-17 10:44:25,31,34,1733,1782
2023-08-17 10:44:26,32,34,1733,1782
2023-08-17 10:44:27,33,34,1733,1782
2023-08-17 10:44:31,32,34,1733,1782
2023-08-17 10:44:51,29,34,1733,1782
2023-08-17 10:44:53,30,34,1733,1782
2023-08-17 10:44:54,31,34,1733,1782
2023-08-17 10:44:55,32,34,1733,1782
2023-08-17 10:44:59,33,34,1733,1782
2023-08-17 10:45:11,29,34,1733,1782
2023-08-17 10:45:12,29,35,1733,1782
2023-08-17 10:45:12,30,35,1733,1782
2023-08-17 10:45:12,30,34,1733,1782
2023-08-17 10:45:13,31,34,1733,1782
2023-08-17 10:45:14,32,34,1733,1782
2023-08-17 10:45:15,33,34,1733,1782
2023-08-17 10:45:41,33,35,1733,1782
2023-08-17 10:45:42,34,35,1733,1782
2023-08-17 10:45:49,33,35,1733,1782
2023-08-17 10:45:50,34,35,1733,1782
2023-08-17 10:46:35,34,35,2288,2337
2023-08-17 10:46:41,34,38,2288,2337
2023-08-17 10:46:42,34,37,2288,2337
2023-08-17 10:46:42,34,35,2288,2337
2023-08-17 10:46:47,34,35,2843,2892
2023-08-17 10:47:09,34,35,2883,2932
2023-08-17 10:47:10,34,35,2923,2972
2023-08-17 10:47:11,34,35,2963,3012
2023-08-17 10:47:13,34,35,3003,3052
2023-08-17 10:47:17,34,39,3003,3052
2023-08-17 10:47:17,34,37,3003,3052
2023-08-17 10:47:18,35,37,3003,3052
2023-08-17 10:47:24,36,37,3003,3052
2023-08-17 10:47:26,35,37,3003,3052
2023-08-17 10:47:39,36,37,3003,3052
2023-08-17 10:47:40,35,37,3003,3052
2023-08-17 10:47:48,36,37,3003,3052
2023-08-17 10:47:49,35,37,3003,3052
2023-08-17 10:47:51,36,37,3003,3052
2023-08-17 10:47:52,35,37,3003,3052
2023-08-17 10:48:13,35,39,3003,3052
2023-08-17 10:48:14,35,37,3003,3052
2023-08-17 10:48:32,36,37,3003,3052
2023-08-17 10:48:38,35,37,3003,3052
2023-08-17 10:48:38,35,39,3003,3052
2023-08-17 10:48:39,35,37,3003,3052
2023-08-17 10:48:41,36,37,3003,3052
2023-08-17 10:48:45,35,37,3003,3052
2023-08-17 10:48:46,36,37,3003,3052
2023-08-17 10:48:54,35,37,3003,3052
2023-08-17 10:48:56,36,37,3003,3052
2023-08-17 10:49:35,35,37,3003,3052
2023-08-17 10:49:36,36,37,3003,3052
2023-08-17 10:49:39,36,40,3003,3052
2023-08-17 10:49:39,36,37,3003,3052
2023-08-17 10:49:41,35,37,3003,3052
2023-08-17 10:49:42,36,37,3003,3052
2023-08-17 10:49:43,36,40,3003,3052
2023-08-17 10:49:44,36,39,3003,3052
2023-08-17 10:49:44,36,37,3003,3052
2023-08-17 10:49:47,35,37,3003,3052
2023-08-17 10:49:49,36,37,3003,3052
2023-08-17 10:50:02,35,37,3003,3052
2023-08-17 10:50:05,36,37,3003,3052
2023-08-17 10:50:15,35,37,3003,3052
2023-08-17 10:50:15,35,40,3003,3052
2023-08-17 10:50:16,35,38,3003,3052
2023-08-17 10:50:16,36,38,3003,3052
2023-08-17 10:50:17,37,38,3003,3052
2023-08-17 10:50:23,36,38,3003,3052
2023-08-17 10:50:23,35,38,3003,3052
2023-08-17 10:50:25,36,38,3003,3052
2023-08-17 10:50:26,37,38,3003,3052
2023-08-17 10:51:01,37,40,7956,8008
2023-08-17 10:51:03,38,40,7956,8008
2023-08-17 10:51:06,38,41,7956,8008
2023-08-17 10:51:06,38,39,7956,8008
2023-08-17 10:51:08,37,39,7956,8008
2023-08-17 10:51:10,38,39,7956,8008
2023-08-17 10:51:10,38,41,7956,8008
2023-08-17 10:51:11,38,39,7956,8008
2023-08-17 10:51:16,38,41,7956,8008
2023-08-17 10:51:17,38,39,7956,8008
2023-08-17 10:51:23,38,39,8289,8341
2023-08-17 10:51:27,38,41,8289,8341
2023-08-17 10:51:28,38,39,8289,8341
2023-08-17 10:52:28,38,42,8289,8341
2023-08-17 10:52:28,38,40,8289,8341
2023-08-17 10:52:36,39,40,8289,8341
2023-08-17 10:53:28,39,42,8289,8341
2023-08-17 10:53:29,39,41,8289,8341
2023-08-17 10:53:29,39,40,8289,8341
2023-08-17 10:54:08,39,43,8289,8341
2023-08-17 10:54:09,39,40,8289,8341
2023-08-17 10:54:18,39,42,8289,8341
2023-08-17 10:54:18,39,41,8289,8341
2023-08-17 10:54:56,39,43,8289,8341
2023-08-17 10:54:57,39,41,8289,8341
2023-08-17 10:55:18,39,40,8289,8341
2023-08-17 10:55:23,39,41,8289,8341
2023-08-17 10:55:26,39,40,8289,8341
2023-08-17 10:55:37,39,41,8289,8341
2023-08-17 10:56:19,39,40,8289,8341
2023-08-17 10:56:20,39,41,8289,8341
2023-08-17 10:56:24,39,40,8289,8341
2023-08-17 10:56:25,39,41,8289,8341
2023-08-17 10:56:26,39,40,8289,8341
2023-08-17 10:56:27,39,41,8289,8341
2023-08-17 10:56:29,39,40,8289,8341
2023-08-17 10:56:31,39,41,8289,8341
2023-08-17 10:56:33,39,40,8289,8341
2023-08-17 10:56:34,39,41,8289,8341
2023-08-17 10:56:35,39,40,8289,8341
2023-08-17 10:56:42,39,41,8289,8341
2023-08-17 10:58:08,39,45,8289,8341
2023-08-17 10:58:08,39,44,8289,8341
2023-08-17 10:58:08,39,41,8289,8341
2023-08-17 10:58:18,39,45,8289,8341
2023-08-17 10:58:18,39,41,8289,8341
2023-08-17 10:58:49,39,43,8289,8341
2023-08-17 10:58:50,39,41,8289,8341
2023-08-17 10:58:52,39,40,8289,8341
2023-08-17 10:58:55,39,41,8289,8341
2023-08-17 10:59:04,39,43,8289,8341
2023-08-17 10:59:04,39,42,8289,8341
2023-08-17 10:59:05,39,41,8289,8341
2023-08-17 10:59:09,39,43,8289,8341
2023-08-17 10:59:10,39,42,8289,8341
2023-08-17 10:59:10,39,41,8289,8341
2023-08-17 11:00:23,39,45,8289,8341
2023-08-17 11:00:24,39,43,8289,8341
2023-08-17 11:00:24,39,40,8289,8341
2023-08-17 11:00:25,39,40,8289,8356
2023-08-17 11:00:32,39,40,8289,8371
2023-08-17 11:00:32,39,40,8289,8386
2023-08-17 11:00:42,39,45,8289,8386
2023-08-17 11:00:42,39,45,8289,8401
2023-08-17 11:00:42,39,40,8289,8401
2023-08-17 11:02:26,39,41,8689,8801
2023-08-17 11:02:55,40,41,8689,8801
2023-08-17 11:04:09,40,41,8689,8816
2023-08-17 11:04:11,40,41,8649,8856
2023-08-17 11:04:11,40,41,8649,8871
2023-08-17 11:04:12,40,41,8609,8911
2023-08-17 11:04:14,40,41,8609,8926
2023-08-17 11:05:05,40,42,8609,8926
2023-08-17 11:05:05,40,41,8609,8926
2023-08-17 11:05:58,40,42,8609,8926
2023-08-17 11:06:17,40,41,8609,8926
2023-08-17 11:06:26,40,42,8609,8926
2023-08-17 11:06:29,40,41,8609,8926
2023-08-17 11:06:30,40,42,8609,8926
2023-08-17 11:06:30,40,43,8609,8926
2023-08-17 11:06:32,40,42,8609,8926
2023-08-17 11:06:34,40,41,8609,8926
2023-08-17 11:06:38,40,42,8609,8926
2023-08-17 11:06:39,40,43,8609,8926
2023-08-17 11:06:40,40,42,8609,8926
2023-08-17 11:06:41,40,41,8609,8926
2023-08-17 11:06:43,40,42,8609,8926
2023-08-17 11:06:50,40,41,8609,8926
2023-08-17 11:06:52,40,42,8609,8926
2023-08-17 11:06:54,40,42,8609,8926
2023-08-17 11:07:02,40,41,8609,8926
2023-08-17 11:07:03,40,42,8609,8926
2023-08-17 11:07:04,40,41,8609,8926
2023-08-17 11:07:08,40,43,8609,8926
2023-08-17 11:07:09,40,42,8609,8926
2023-08-17 11:07:10,40,41,8609,8926
2023-08-17 11:07:14,40,42,8609,8926
2023-08-17 11:07:15,40,41,8609,8926
2023-08-17 11:07:18,40,42,8609,8926
2023-08-17 11:07:27,40,41,8609,8926
2023-08-17 11:07:30,40,42,8609,8926
2023-08-17 11:07:38,40,41,8609,8926
2023-08-17 11:07:39,40,43,8609,8926
2023-08-17 11:07:40,40,42,8609,8926
2023-08-17 11:07:41,40,41,8609,8926
2023-08-17 11:07:49,40,42,8609,8926
2023-08-17 11:07:59,40,41,8609,8926
2023-08-17 11:08:43,40,41,8569,8966
2023-08-17 11:08:43,40,41,8569,8981
2023-08-17 11:08:45,40,41,8569,8996
2023-08-17 11:08:45,40,41,8569,9011
2023-08-17 11:08:46,40,41,8569,9026
2023-08-17 11:08:54,40,41,8569,9041
2023-08-17 11:09:28,40,41,8569,9056
2023-08-17 11:09:31,40,41,8569,9071
2023-08-17 11:09:52,40,41,8569,9086
2023-08-17 11:09:52,40,41,8569,9101
2023-08-17 11:09:53,40,41,8569,9116
2023-08-17 11:09:54,40,41,8569,9131
2023-08-17 11:09:55,40,41,8569,9146
2023-08-17 11:09:56,40,41,8569,9161
2023-08-17 11:09:58,40,41,8569,9176
2023-08-17 11:10:01,40,41,8569,9191
2023-08-17 11:10:03,40,41,8569,9201
2023-08-17 11:10:18,40,43,8569,9201
2023-08-17 11:10:18,40,41,8569,9201
2023-08-17 11:10:41,40,43,8569,9201
2023-08-17 11:10:42,40,42,8569,9201
2023-08-17 11:10:48,40,41,8569,9201
2023-08-17 11:11:06,40,42,8569,9201
2023-08-17 11:11:08,40,43,8569,9201
2023-08-17 11:11:09,40,42,8569,9201
2023-08-17 11:11:18,40,41,8569,9201
2023-08-17 11:11:19,40,42,8569,9201
2023-08-17 11:11:21,40,41,8569,9201
2023-08-17 11:11:25,40,42,8569,9201
2023-08-17 11:11:27,40,41,8569,9201
2023-08-17 11:11:28,40,42,8569,9201
2023-08-17 11:11:33,40,41,8569,9201
2023-08-17 11:11:35,40,42,8569,9201
2023-08-17 11:11:37,40,41,8569,9201
2023-08-17 11:11:38,40,42,8569,9201
2023-08-17 11:11:40,40,43,8569,9201
2023-08-17 11:11:41,40,42,8569,9201
2023-08-17 11:11:46,40,41,8569,9201
2023-08-17 11:11:59,40,42,8569,9201
2023-08-17 11:12:01,40,41,8569,9201
2023-08-17 11:12:02,40,43,8569,9201
2023-08-17 11:12:03,40,42,8569,9201
2023-08-17 11:12:04,40,41,8569,9201
2023-08-17 11:12:07,40,42,8569,9201
2023-08-17 11:12:08,40,42,8569,9201
2023-08-17 11:12:09,40,41,8569,9201
2023-08-17 11:12:10,40,42,8569,9201
2023-08-17 11:12:15,40,41,8569,9201
2023-08-17 11:12:17,40,42,8569,9201
2023-08-17 11:12:20,40,43,8569,9201
2023-08-17 11:12:21,40,42,8569,9201
2023-08-17 11:12:22,40,43,8569,9201
2023-08-17 11:12:22,40,44,8569,9201
2023-08-17 11:12:23,40,43,8569,9201
2023-08-17 11:12:24,40,42,8569,9201
2023-08-17 11:12:29,40,41,8569,9201
2023-08-17 11:13:51,40,44,8569,9201
2023-08-17 11:13:51,40,43,8569,9201
2023-08-17 11:13:52,40,42,8569,9201
2023-08-17 11:13:53,40,41,8569,9201
2023-08-17 11:13:54,40,42,8569,9201
2023-08-17 11:14:02,41,42,8569,9201
2023-08-17 11:14:05,41,43,8569,9201
2023-08-17 11:14:19,42,43,8569,9201
2023-08-17 11:15:11,42,43,8529,9241
2023-08-17 11:15:11,42,43,8529,9256
2023-08-17 11:15:11,42,43,8529,9271
2023-08-17 11:15:12,42,43,8489,9311
2023-08-17 11:15:12,42,43,8489,9326
2023-08-17 11:15:13,42,43,8449,9366
2023-08-17 11:15:13,42,43,8449,9381
2023-08-17 11:15:14,42,43,8409,9421
2023-08-17 11:15:14,42,43,8409,9436
2023-08-17 11:15:15,41,43,8394,9451
2023-08-17 11:15:16,41,42,8394,9451
2023-08-17 11:16:07,41,43,8394,9451
2023-08-17 11:16:08,41,42,8394,9451
2023-08-17 11:16:14,41,43,8394,9451
2023-08-17 11:16:15,41,42,8394,9451
2023-08-17 11:16:30,40,42,8394,9451
2023-08-17 11:16:35,40,43,8394,9451
2023-08-17 11:16:40,40,42,8394,9451
2023-08-17 11:16:50,40,44,8394,9451
2023-08-17 11:16:51,40,43,8394,9451
2023-08-17 11:17:02,40,42,8394,9451
2023-08-17 11:17:03,40,43,8394,9451
2023-08-17 11:17:04,40,44,8394,9451
2023-08-17 11:17:06,40,43,8394,9451
2023-08-17 11:17:07,40,42,8394,9451
2023-08-17 11:17:14,40,41,8394,9451
2023-08-17 11:17:25,40,42,8394,9451
2023-08-17 11:18:08,40,41,8394,9451
2023-08-17 11:18:09,40,42,8394,9451
2023-08-17 11:18:12,40,41,8394,9451
2023-08-17 11:18:17,40,42,8394,9451
2023-08-17 11:18:21,40,41,8394,9451
2023-08-17 11:18:24,40,42,8394,9451
2023-08-17 11:18:27,40,41,8394,9451
2023-08-17 11:18:41,40,42,8394,9451
2023-08-17 11:18:51,40,41,8394,9451
2023-08-17 11:19:01,40,42,8394,9451
2023-08-17 11:19:04,40,41,8394,9451
2023-08-17 11:21:04,40,43,8394,9451
2023-08-17 11:21:05,40,42,8394,9451
2023-08-17 11:21:09,40,43,8394,9451
2023-08-17 11:21:17,40,42,8394,9451
2023-08-17 11:21:18,40,43,8394,9451
2023-08-17 11:21:19,40,44,8394,9451
2023-08-17 11:21:20,40,41,8394,9451
2023-08-17 11:21:29,40,44,8394,9451
2023-08-17 11:21:30,40,41,8394,9451
2023-08-17 11:21:31,40,41,8354,9491
2023-08-17 11:21:32,40,41,8314,9531
2023-08-17 11:21:33,39,41,8301,9551
2023-08-17 11:21:34,39,40,8301,9551
2023-08-17 11:21:37,39,40,8301,9591
2023-08-17 11:21:38,39,40,8301,9631
2023-08-17 11:21:47,32,40,3453,15387
2023-08-17 11:21:48,32,39,3453,15387
2023-08-17 11:21:48,33,39,3453,15387
2023-08-17 11:21:49,33,40,3453,15387
2023-08-17 11:21:49,34,40,3453,15387
2023-08-17 11:21:49,35,40,3453,15387
2023-08-17 11:21:50,36,40,3453,15387
2023-08-17 11:21:51,37,40,3453,15387
2023-08-17 11:22:04,36,40,3453,15387
2023-08-17 11:22:04,34,40,3453,15387
2023-08-17 11:22:05,35,40,3453,15387
2023-08-17 11:22:06,36,40,3453,15387
2023-08-17 11:22:08,37,40,3453,15387
2023-08-17 11:22:13,36,40,3453,15387
2023-08-17 11:22:15,36,39,3453,15387
2023-08-17 11:22:28,36,40,3453,15387
2023-08-17 11:22:29,36,39,3453,15387
2023-08-17 11:22:30,36,40,3453,15387
2023-08-17 11:22:30,37,40,3453,15387
2023-08-17 11:22:35,35,40,3453,15387
2023-08-17 11:22:35,34,40,3453,15387
2023-08-17 11:22:36,35,40,3453,15387
2023-08-17 11:22:37,35,44,3453,15387
2023-08-17 11:22:37,18,44,3453,15387
2023-08-17 11:22:37,34,44,3453,15387
2023-08-17 11:22:37,34,43,3453,15387
2023-08-17 11:22:37,36,40,3453,15387
2023-08-17 11:22:38,37,40,3453,15387
2023-08-17 11:22:39,38,40,3453,15387
2023-08-17 11:22:40,37,40,3453,15387
2023-08-17 11:22:40,34,40,3453,15387
2023-08-17 11:22:40,18,40,3453,15387
2023-08-17 11:22:40,18,44,3453,15387
2023-08-17 11:22:41,35,44,3453,15387
2023-08-17 11:22:41,35,41,3453,15387
2023-08-17 11:22:42,36,41,3453,15387
2023-08-17 11:22:43,37,41,3453,15387
2023-08-17 11:22:44,38,41,3453,15387
2023-08-17 11:22:45,39,41,3453,15387
2023-08-17 11:22:48,39,44,3453,15387
2023-08-17 11:22:48,39,41,3453,15387
2023-08-17 11:23:02,39,44,3453,15387
2023-08-17 11:23:03,39,41,3453,15387
2023-08-17 11:23:04,38,41,3453,15387
2023-08-17 11:23:08,39,41,3453,15387
2023-08-17 11:23:09,38,41,3453,15387
2023-08-17 11:23:15,39,41,3453,15387
2023-08-17 11:23:19,39,44,3453,15387
2023-08-17 11:23:20,39,41,3453,15387
2023-08-17 11:23:33,38,41,3453,15387
2023-08-17 11:23:36,39,41,3453,15387
2023-08-17 11:23:39,38,41,3453,15387
2023-08-17 11:23:40,39,41,3453,15387
2023-08-17 11:24:05,39,43,3453,15387
2023-08-17 11:24:06,39,41,3453,15387
2023-08-17 11:24:13,38,41,3453,15387
2023-08-17 11:24:14,38,42,3453,15387
2023-08-17 11:24:15,38,41,3453,15387
2023-08-17 11:24:15,39,41,3453,15387
2023-08-17 11:24:16,38,41,3453,15387
2023-08-17 11:24:17,37,41,3453,15387
2023-08-17 11:24:17,35,41,3453,15387
2023-08-17 11:24:19,36,41,3453,15387
2023-08-17 11:24:20,37,41,3453,15387
2023-08-17 11:24:21,38,41,3453,15387
2023-08-17 11:24:22,39,41,3453,15387
2023-08-17 11:24:32,39,44,3453,15387
2023-08-17 11:24:33,39,41,3453,15387
2023-08-17 11:24:43,40,41,3453,15387
2023-08-17 11:24:45,39,41,3453,15387
2023-08-17 11:24:46,39,41,3453,15720
2023-08-17 11:24:56,38,41,3453,15720
2023-08-17 11:24:57,39,41,3453,15720
2023-08-17 11:25:23,40,41,3453,15720
2023-08-17 11:25:26,35,41,3453,15720
2023-08-17 11:25:27,36,41,3453,15720
2023-08-17 11:25:27,36,44,3453,15720
2023-08-17 11:25:28,36,40,3453,15720
2023-08-17 11:25:28,35,40,3453,15720
2023-08-17 11:25:28,37,40,3453,15720
2023-08-17 11:25:29,38,40,3453,15720
2023-08-17 11:25:30,39,40,3453,15720
2023-08-17 11:25:32,39,44,3453,15720
2023-08-17 11:25:33,39,43,3453,15720
2023-08-17 11:25:33,39,41,3453,15720
2023-08-17 11:25:37,38,41,3453,15720
2023-08-17 11:25:37,35,41,3453,15720
2023-08-17 11:25:38,36,41,3453,15720
2023-08-17 11:25:39,37,41,3453,15720
2023-08-17 11:25:40,38,41,3453,15720
2023-08-17 11:25:41,39,41,3453,15720
2023-08-17 11:25:46,40,41,3453,15720
2023-08-17 11:25:47,39,41,3453,15720
2023-08-17 11:25:57,40,41,3453,15720
2023-08-17 11:25:59,39,41,3453,15720
2023-08-17 11:26:04,40,41,3453,15720
2023-08-17 11:26:04,40,44,3453,15720
2023-08-17 11:26:04,40,43,3453,15720
2023-08-17 11:26:05,39,40,3438,15735
2023-08-17 11:26:11,39,44,3438,15735
2023-08-17 11:26:12,39,40,3438,15735
2023-08-17 11:26:23,38,40,3438,15735
2023-08-17 11:26:23,38,44,3438,15735
2023-08-17 11:26:24,38,43,3438,15735
2023-08-17 11:26:24,38,40,3438,15735
2023-08-17 11:26:28,37,40,3438,15735
2023-08-17 11:26:29,38,40,3438,15735
2023-08-17 11:26:41,34,40,3438,15735
2023-08-17 11:26:42,35,40,3438,15735
2023-08-17 11:26:43,36,40,3438,15735
2023-08-17 11:26:44,37,40,3438,15735
2023-08-17 11:26:46,38,40,3438,15735
2023-08-17 11:26:50,37,40,3438,15735
2023-08-17 11:26:52,37,39,3438,15735
2023-08-17 11:27:19,36,39,3438,15735
2023-08-17 11:28:05,38,39,3438,15735
2023-08-17 11:28:19,36,39,3438,15735
2023-08-17 11:28:28,37,39,3438,15735
2023-08-17 11:28:30,37,40,3438,15735
2023-08-17 11:28:30,37,39,3438,15735
2023-08-17 11:29:34,33,39,3438,15735
2023-08-17 11:29:34,34,39,3438,15735
2023-08-17 11:29:35,35,39,3438,15735
2023-08-17 11:29:36,36,39,3438,15735
2023-08-17 11:29:41,38,39,3438,15735
2023-08-17 11:30:06,33,39,3438,15735
2023-08-17 11:30:07,34,39,3438,15735
2023-08-17 11:30:08,35,39,3438,15735
2023-08-17 11:30:09,36,39,3438,15735
2023-08-17 11:30:10,37,39,3438,15735
2023-08-17 11:30:12,36,39,3438,15735
2023-08-17 11:30:17,36,39,3583,16290
2023-08-17 11:30:25,37,39,3583,16290
2023-08-17 11:30:26,36,39,3583,16290
2023-08-17 11:30:27,37,39,3583,16290
2023-08-17 11:30:29,36,39,3583,16290
2023-08-17 11:30:29,35,39,3583,16290
2023-08-17 11:30:30,34,39,3583,16290
2023-08-17 11:30:31,35,39,3583,16290
2023-08-17 11:30:32,36,39,3583,16290
2023-08-17 11:31:28,35,39,3583,16290
2023-08-17 11:31:28,35,38,3583,16290
2023-08-17 11:31:30,35,39,3583,16290
2023-08-17 11:31:30,36,39,3583,16290
2023-08-17 11:31:37,35,39,3583,16290
2023-08-17 11:31:38,34,39,3583,16290
2023-08-17 11:31:39,35,39,3583,16290
2023-08-17 11:31:39,35,38,3583,16290
2023-08-17 11:31:41,35,39,3583,16290
2023-08-17 11:31:41,36,39,3583,16290
2023-08-17 11:31:47,37,39,3583,16290
2023-08-17 11:31:48,37,38,3583,16290
2023-08-17 11:32:38,33,38,3583,16290
2023-08-17 11:32:38,34,38,3583,16290
2023-08-17 11:32:39,35,38,3583,16290
2023-08-17 11:32:45,34,38,3583,16290
2023-08-17 11:32:45,34,37,3583,16290
2023-08-17 11:32:46,35,37,3583,16290
2023-08-17 11:32:47,34,37,3583,16290
2023-08-17 11:32:50,35,37,3583,16290
2023-08-17 11:32:51,34,37,3583,16290
2023-08-17 11:32:53,34,38,3583,16290
2023-08-17 11:32:53,35,38,3583,16290
2023-08-17 11:32:55,35,37,3583,16290
2023-08-17 11:32:56,35,38,3583,16290
2023-08-17 11:32:57,35,37,3583,16290
2023-08-17 11:32:58,35,38,3583,16290
2023-08-17 11:32:59,34,38,3583,16290
2023-08-17 11:32:59,34,37,3583,16290
2023-08-17 11:33:00,34,38,3583,16290
2023-08-17 11:33:00,35,38,3583,16290
2023-08-17 11:33:01,35,37,3583,16290
2023-08-17 11:33:02,35,38,3583,16290
2023-08-17 11:33:08,35,37,3583,16290
2023-08-17 11:33:09,35,38,3583,16290
2023-08-17 11:33:10,34,38,3583,16290
2023-08-17 11:33:10,34,37,3583,16290
2023-08-17 11:33:14,35,37,3583,16290
2023-08-17 11:33:15,34,37,3583,16290
2023-08-17 11:33:24,34,38,3583,16290
2023-08-17 11:33:24,35,38,3583,16290
2023-08-17 11:33:26,35,37,3583,16290
2023-08-17 11:33:27,35,38,3583,16290
2023-08-17 11:33:31,34,38,3583,16290
2023-08-17 11:33:32,36,38,3583,16290
2023-08-17 11:33:34,36,39,3583,16290
2023-08-17 11:33:40,37,39,3583,16290
2023-08-17 11:33:45,37,38,3583,16290
2023-08-17 11:33:46,37,39,3583,16290
2023-08-17 11:33:47,37,38,3583,16290
2023-08-17 11:33:47,36,38,3583,16290
2023-08-17 11:33:54,34,38,3583,16290
2023-08-17 11:33:55,35,38,3583,16290
2023-08-17 11:34:08,35,39,3583,16290
2023-08-17 11:34:08,36,39,3583,16290
2023-08-17 11:34:30,35,39,3583,16290
2023-08-17 11:34:30,35,38,3583,16290
2023-08-17 11:34:31,35,39,3583,16290
2023-08-17 11:34:31,36,39,3583,16290
2023-08-17 11:34:32,35,39,3583,16290
2023-08-17 11:34:33,36,39,3583,16290
2023-08-17 11:34:44,37,39,3583,16290
2023-08-17 11:34:51,36,39,3583,16290
2023-08-17 11:35:01,37,39,3583,16290
2023-08-17 11:35:02,37,43,3583,16290
2023-08-17 11:35:02,37,42,3583,16290
2023-08-17 11:35:02,37,40,3583,16290
2023-08-17 11:35:21,36,40,3583,16290
2023-08-17 11:35:23,36,39,3583,16290
2023-08-17 11:35:25,36,40,3583,16290
2023-08-17 11:35:28,36,39,3583,16290
2023-08-17 11:35:29,36,40,3583,16290
2023-08-17 11:35:29,37,40,3583,16290
2023-08-17 11:35:30,36,40,3583,16290
2023-08-17 11:35:31,36,39,3583,16290
2023-08-17 11:35:37,36,40,3583,16290
2023-08-17 11:35:41,36,39,3583,16290
2023-08-17 11:35:42,36,40,3583,16290
2023-08-17 11:35:47,36,39,3583,16290
2023-08-17 11:35:56,36,38,3583,16290
2023-08-17 11:35:56,35,38,3583,16290
2023-08-17 11:35:58,35,39,3583,16290
2023-08-17 11:35:58,36,39,3583,16290
2023-08-17 11:36:01,35,39,3583,16290
2023-08-17 11:36:01,35,38,3583,16290
2023-08-17 11:36:19,37,38,3583,16290
2023-08-17 11:36:25,37,39,3583,16290
2023-08-17 11:36:26,37,38,3583,16290
2023-08-17 11:36:28,35,38,3583,16290
2023-08-17 11:36:38,35,39,3583,16290
2023-08-17 11:36:39,35,38,3583,16290
2023-08-17 11:36:45,33,38,3583,16290
2023-08-17 11:36:48,33,38,3583,16290
2023-08-17 11:36:48,34,38,3583,16290
2023-08-17 11:36:49,35,38,3583,16290
2023-08-17 11:37:01,35,39,3583,16290
2023-08-17 11:37:03,33,38,3583,16290
2023-08-17 11:37:04,34,37,3583,16290
2023-08-17 11:37:05,34,38,3583,16290
2023-08-17 11:37:05,35,38,3583,16290
2023-08-17 11:37:15,35,39,3583,16290
2023-08-17 11:37:15,35,42,3583,16290
2023-08-17 11:37:16,35,39,3583,16290
2023-08-17 11:37:16,34,39,3583,16290
2023-08-17 11:37:17,35,39,3583,16290
2023-08-17 11:37:18,36,39,3583,16290
2023-08-17 11:37:25,35,39,3583,16290
2023-08-17 11:37:26,35,39,3583,16290
2023-08-17 11:37:27,36,39,3583,16290
2023-08-17 11:37:33,35,39,3583,16290
2023-08-17 11:37:34,35,39,3583,16290
2023-08-17 11:37:35,36,39,3583,16290
2023-08-17 11:37:41,34,39,3583,16290
2023-08-17 11:37:41,34,44,3583,16290
2023-08-17 11:37:41,34,40,3583,16290
2023-08-17 11:37:41,34,38,3583,16290
2023-08-17 11:37:42,33,38,3583,16290
2023-08-17 11:37:45,34,38,3583,16290
2023-08-17 11:37:45,34,44,3583,16290
2023-08-17 11:37:45,34,39,3583,16290
2023-08-17 11:37:46,35,39,3583,16290
2023-08-17 11:37:47,36,39,3583,16290
2023-08-17 11:37:48,35,39,3583,16290
2023-08-17 11:37:49,35,38,3583,16290
2023-08-17 11:37:52,34,38,3583,16290
2023-08-17 11:37:55,35,39,3583,16290
2023-08-17 11:37:55,35,38,3583,16290
2023-08-17 11:38:06,35,39,3583,16290
2023-08-17 11:38:07,35,39,3583,16290
2023-08-17 11:38:08,34,39,3583,16290
2023-08-17 11:38:09,35,39,3583,16290
2023-08-17 11:38:10,36,39,3583,16290
2023-08-17 11:38:11,37,39,3583,16290
2023-08-17 11:38:11,37,42,3583,16290
2023-08-17 11:38:11,37,39,3583,16290
2023-08-17 11:38:20,37,43,3583,16290
2023-08-17 11:38:21,37,40,3583,16290
2023-08-17 11:38:30,38,40,3583,16290
2023-08-17 11:38:36,37,40,3583,16290
2023-08-17 11:38:40,38,40,3583,16290
2023-08-17 11:38:40,38,44,3583,16290
2023-08-17 11:38:40,38,41,3583,16290
2023-08-17 11:38:45,39,41,3583,16290
2023-08-17 11:38:52,38,41,3583,16290
2023-08-17 11:38:52,36,41,3583,16290
2023-08-17 11:38:53,36,41,3583,16290
2023-08-17 11:38:54,37,41,3583,16290
2023-08-17 11:38:55,38,41,3583,16290
2023-08-17 11:38:56,39,41,3583,16290
2023-08-17 11:39:00,39,44,3583,16290
2023-08-17 11:39:00,39,41,3583,16290
2023-08-17 11:39:19,39,41,3916,16623
2023-08-17 11:39:20,40,41,3916,16623
2023-08-17 11:39:21,40,41,4249,16956
2023-08-17 11:39:31,39,41,4249,16956
2023-08-17 11:39:34,38,41,4249,16956
2023-08-17 11:39:34,36,41,4249,16956
2023-08-17 11:39:35,37,41,4249,16956
2023-08-17 11:39:36,38,41,4249,16956
2023-08-17 11:39:37,39,41,4249,16956
2023-08-17 11:39:38,38,41,4249,16956
2023-08-17 11:39:39,39,41,4249,16956
2023-08-17 11:39:40,38,41,4249,16956
2023-08-17 11:40:01,38,40,4249,16956
2023-08-17 11:40:01,37,40,4249,16956
2023-08-17 11:40:15,38,40,4249,16956
2023-08-17 11:40:25,39,40,4249,16956
2023-08-17 11:40:26,38,40,4249,16956
2023-08-17 11:40:28,39,40,4249,16956
2023-08-17 11:40:28,39,44,4249,16956
2023-08-17 11:40:28,39,41,4249,16956
2023-08-17 11:40:29,38,41,4249,16956
2023-08-17 11:40:30,36,41,4249,16956
2023-08-17 11:40:31,37,41,4249,16956
2023-08-17 11:40:32,38,41,4249,16956
2023-08-17 11:40:34,37,41,4249,16956
2023-08-17 11:40:36,37,40,4249,16956
2023-08-17 11:40:37,35,40,4249,16956
2023-08-17 11:40:38,36,40,4249,16956
2023-08-17 11:40:39,37,40,4249,16956
2023-08-17 11:40:40,38,40,4249,16956
2023-08-17 11:40:41,37,40,4249,16956
2023-08-17 11:40:42,38,40,4249,16956
2023-08-17 11:40:45,39,40,4249,16956
2023-08-17 11:40:50,39,41,4249,16956
2023-08-17 11:40:55,39,44,4249,16956
2023-08-17 11:40:56,39,41,4249,16956
2023-08-17 11:41:02,39,44,4249,16956
2023-08-17 11:41:03,39,43,4249,16956
2023-08-17 11:41:05,40,43,4249,16956
2023-08-17 11:41:06,36,43,4249,16956
2023-08-17 11:41:07,37,43,4249,16956
2023-08-17 11:41:08,38,43,4249,16956
2023-08-17 11:41:09,39,43,4249,16956
2023-08-17 11:41:10,40,43,4249,16956
2023-08-17 11:41:27,40,42,4249,16956
2023-08-17 11:41:43,41,42,4249,16956
2023-08-17 11:41:44,40,42,4249,16956
2023-08-17 11:42:01,39,42,4249,16956
2023-08-17 11:42:02,40,42,4249,16956
2023-08-17 11:42:04,39,42,4249,16956
2023-08-17 11:42:04,36,42,4249,16956
2023-08-17 11:42:06,37,42,4249,16956
2023-08-17 11:42:07,38,42,4249,16956
2023-08-17 11:42:08,39,42,4249,16956
2023-08-17 11:42:09,40,42,4249,16956
2023-08-17 11:42:10,39,42,4249,16956
2023-08-17 11:42:11,37,42,4249,16956
2023-08-17 11:42:12,38,42,4249,16956
2023-08-17 11:42:13,39,42,4249,16956
2023-08-17 11:42:31,40,42,4249,16956
2023-08-17 11:42:32,38,42,4249,16956
2023-08-17 11:42:32,36,42,4249,16956
2023-08-17 11:42:33,37,42,4249,16956
2023-08-17 11:42:34,38,42,4249,16956
2023-08-17 11:42:35,39,42,4249,16956
2023-08-17 11:42:36,40,42,4249,16956
2023-08-17 11:42:37,41,42,4249,16956
2023-08-17 11:42:40,37,42,4249,16956
2023-08-17 11:42:41,38,42,4249,16956
2023-08-17 11:42:42,39,42,4249,16956
2023-08-17 11:42:43,40,42,4249,16956
2023-08-17 11:42:44,41,42,4249,16956
2023-08-17 11:42:50,40,42,4249,16956
2023-08-17 11:42:55,39,42,4249,16956
2023-08-17 11:42:55,37,42,4249,16956
2023-08-17 11:42:56,38,42,4249,16956
2023-08-17 11:42:57,39,42,4249,16956
2023-08-17 11:42:58,40,42,4249,16956
2023-08-17 11:43:10,39,42,4249,16956
2023-08-17 11:43:10,37,42,4249,16956
2023-08-17 11:43:11,38,42,4249,16956
2023-08-17 11:43:12,39,42,4249,16956
2023-08-17 11:43:13,40,42,4249,16956
2023-08-17 11:43:25,41,42,4249,16956
2023-08-17 11:43:27,39,42,4249,16956
2023-08-17 11:43:28,37,42,4249,16956
2023-08-17 11:43:29,36,42,4249,16956
2023-08-17 11:43:29,38,42,4249,16956
2023-08-17 11:43:30,39,42,4249,16956
2023-08-17 11:43:31,40,42,4249,16956
2023-08-17 11:43:41,41,42,4249,16956
2023-08-17 11:43:42,40,42,4249,16956
2023-08-17 11:43:44,41,42,4249,16956
2023-08-17 11:43:49,40,42,4249,16956
2023-08-17 11:43:53,36,42,4249,16956
2023-08-17 11:43:54,37,42,4249,16956
2023-08-17 11:43:55,38,42,4249,16956
2023-08-17 11:43:56,39,42,4249,16956
2023-08-17 11:43:57,40,42,4249,16956
2023-08-17 11:43:59,40,41,4249,16956
2023-08-17 11:44:01,36,41,4249,16956
2023-08-17 11:44:02,37,41,4249,16956
2023-08-17 11:44:03,38,41,4249,16956
2023-08-17 11:44:04,39,41,4249,16956
2023-08-17 11:44:04,39,42,4249,16956
2023-08-17 11:44:04,39,41,4249,16956
2023-08-17 11:44:23,38,41,4249,16956
2023-08-17 11:44:24,37,41,4249,16956
2023-08-17 11:44:25,38,41,4249,16956
2023-08-17 11:44:26,39,41,4249,16956
2023-08-17 11:44:27,40,41,4249,16956
2023-08-17 11:44:30,39,41,4249,16956
2023-08-17 11:44:38,40,41,4249,16956
2023-08-17 11:44:38,40,45,4249,16956
2023-08-17 11:44:39,40,41,4249,16956
2023-08-17 11:44:44,39,41,4249,16956
2023-08-17 11:44:50,40,41,4249,16956
2023-08-17 11:44:52,39,41,4249,16956
2023-08-17 11:45:21,39,43,4249,16956
2023-08-17 11:45:22,39,41,4249,16956
2023-08-17 11:45:26,38,41,4249,16956
2023-08-17 11:45:27,39,41,4249,16956
2023-08-17 11:46:04,40,41,4249,16956
2023-08-17 11:46:07,39,41,4249,16956
2023-08-17 11:46:22,39,42,4249,16956
2023-08-17 11:46:22,39,41,4249,16956
2023-08-17 11:46:28,40,41,4249,16956
2023-08-17 11:46:35,40,43,4249,16956
2023-08-17 11:46:36,40,41,4249,16956
2023-08-17 11:46:43,39,41,4249,16956
2023-08-17 11:47:36,39,43,4249,16956
2023-08-17 11:47:36,39,41,4249,16956
2023-08-17 11:47:46,38,41,4249,16956
2023-08-17 11:47:48,39,41,4249,16956
2023-08-17 11:48:04,38,41,4249,16956
2023-08-17 11:48:04,36,41,4249,16956
2023-08-17 11:48:05,37,41,4249,16956
2023-08-17 11:48:06,38,41,4249,16956
2023-08-17 11:48:07,39,41,4249,16956
2023-08-17 11:48:10,36,41,4249,16956
2023-08-17 11:48:12,37,41,4249,16956
2023-08-17 11:48:13,36,41,4249,16956
2023-08-17 11:48:14,37,41,4249,16956
2023-08-17 11:48:15,38,41,4249,16956
2023-08-17 11:48:16,39,41,4249,16956
2023-08-17 11:48:37,39,42,4249,16956
2023-08-17 11:48:37,39,41,4249,16956
2023-08-17 11:48:44,39,43,4249,16956
2023-08-17 11:48:44,39,40,4249,16956
2023-08-17 11:48:49,38,40,4249,16956
2023-08-17 11:48:56,38,43,4249,16956
2023-08-17 11:48:57,38,40,4249,16956
2023-08-17 11:49:06,37,40,4249,16956
2023-08-17 11:50:14,38,40,4249,16956
2023-08-17 11:50:15,38,43,4249,16956
2023-08-17 11:50:16,38,40,4249,16956
2023-08-17 11:50:26,37,40,4249,16956
2023-08-17 11:50:27,37,42,4249,16956
2023-08-17 11:50:28,37,41,4249,16956
2023-08-17 11:50:28,37,40,4249,16956
2023-08-17 11:50:49,38,40,4249,16956
2023-08-17 11:50:50,37,40,4249,16956
2023-08-17 11:50:51,38,40,4249,16956
2023-08-17 11:50:52,38,41,4249,16956
2023-08-17 11:51:00,39,41,4249,16956
2023-08-17 11:51:03,38,41,4249,16956
2023-08-17 11:51:09,39,41,4249,16956
2023-08-17 11:51:10,38,41,4249,16956
2023-08-17 11:51:11,39,41,4249,16956
2023-08-17 11:51:17,39,43,4249,16956
2023-08-17 11:51:18,39,41,4249,16956
2023-08-17 11:51:18,40,41,4249,16956
2023-08-17 11:51:20,39,41,4249,16956
2023-08-17 11:51:36,36,41,4249,16956
2023-08-17 11:51:36,34,41,4249,16956
2023-08-17 11:51:36,34,43,4249,16956
2023-08-17 11:51:36,36,43,4249,16956
2023-08-17 11:51:37,37,43,4249,16956
2023-08-17 11:51:38,38,43,4249,16956
2023-08-17 11:51:39,39,43,4249,16956
2023-08-17 11:51:43,39,42,4249,16956
2023-08-17 11:51:45,39,43,4249,16956
2023-08-17 11:51:49,39,42,4249,16956
2023-08-17 11:51:54,39,43,4249,16956
2023-08-17 11:51:56,39,42,4249,16956
2023-08-17 11:51:57,39,43,4249,16956
2023-08-17 11:52:03,39,42,4249,16956
2023-08-17 11:52:07,39,43,4249,16956
2023-08-17 11:52:13,39,42,4249,16956
2023-08-17 11:52:16,41,42,4249,16956
2023-08-17 11:52:17,41,43,4249,16956
2023-08-17 11:52:23,39,43,4249,16956
2023-08-17 11:52:24,40,43,4249,16956
2023-08-17 11:52:30,41,43,4249,16956
2023-08-17 11:52:32,40,43,4249,16956
2023-08-17 11:52:35,41,43,4249,16956
2023-08-17 11:52:36,40,43,4249,16956
2023-08-17 11:52:43,39,43,4249,16956
2023-08-17 11:52:43,37,43,4249,16956
2023-08-17 11:52:44,38,43,4249,16956
2023-08-17 11:52:45,39,43,4249,16956
2023-08-17 11:52:46,40,43,4249,16956
2023-08-17 11:52:47,41,43,4249,16956
2023-08-17 11:53:01,38,43,4249,16956
2023-08-17 11:53:02,39,43,4249,16956
2023-08-17 11:53:03,38,43,4249,16956
2023-08-17 11:53:04,39,43,4249,16956
2023-08-17 11:53:05,40,43,4249,16956
2023-08-17 11:53:06,41,43,4249,16956
2023-08-17 11:53:08,38,43,4249,16956
2023-08-17 11:53:10,39,43,4249,16956
2023-08-17 11:53:11,40,43,4249,16956
2023-08-17 11:53:12,40,43,4804,17511
2023-08-17 11:53:14,41,43,4804,17511
2023-08-17 11:53:17,40,43,4804,17511
2023-08-17 11:53:26,41,43,4804,17511
2023-08-17 11:53:29,38,43,4804,17511
2023-08-17 11:53:30,39,43,4804,17511
2023-08-17 11:53:31,40,43,4804,17511
2023-08-17 11:53:32,41,43,4804,17511
2023-08-17 11:53:54,42,43,4804,17511
2023-08-17 11:53:56,41,43,4804,17511
2023-08-17 11:54:03,42,43,4804,17511
2023-08-17 11:54:42,39,43,4804,17511
2023-08-17 11:54:43,40,43,4804,17511
2023-08-17 11:54:45,41,43,4804,17511
2023-08-17 11:54:46,40,43,4804,17511
2023-08-17 11:54:47,41,43,4804,17511
2023-08-17 11:54:49,40,43,4804,17511
2023-08-17 11:55:01,39,43,4804,17511
2023-08-17 11:55:03,37,43,4804,17511
2023-08-17 11:55:04,38,43,4804,17511
2023-08-17 11:55:05,39,43,4804,17511
2023-08-17 11:55:08,38,43,4804,17511
2023-08-17 11:55:09,38,43,4804,17511
2023-08-17 11:55:10,39,43,4804,17511
2023-08-17 11:55:11,40,43,4804,17511
2023-08-17 11:55:17,39,43,4804,17511
2023-08-17 11:55:18,40,43,4804,17511
2023-08-17 11:55:18,41,43,4804,17511
2023-08-17 11:56:03,42,43,4804,17511
2023-08-17 11:56:05,41,43,4804,17511
2023-08-17 11:56:33,39,43,4804,17511
2023-08-17 11:56:34,40,43,4804,17511
2023-08-17 11:56:35,41,43,4804,17511
2023-08-17 11:56:38,40,43,4804,17511
2023-08-17 11:56:39,41,43,4804,17511
2023-08-17 11:56:43,42,43,4804,17511
2023-08-17 11:56:45,42,43,5359,18066
2023-08-17 11:57:01,41,43,5359,18066
2023-08-17 11:57:02,39,43,5359,18066
2023-08-17 11:57:03,40,43,5359,18066
2023-08-17 11:57:04,41,43,5359,18066
2023-08-17 11:57:17,40,43,5359,18066
2023-08-17 11:57:17,38,43,5359,18066
2023-08-17 11:57:18,39,43,5359,18066
2023-08-17 11:57:19,40,43,5359,18066
2023-08-17 11:57:20,41,43,5359,18066
2023-08-17 11:57:27,42,43,5359,18066
2023-08-17 11:57:40,41,43,5359,18066
2023-08-17 11:57:41,42,43,5359,18066
2023-08-17 11:57:46,41,43,5359,18066
2023-08-17 11:57:47,42,43,5359,18066
2023-08-17 11:57:57,41,43,5359,18066
2023-08-17 11:57:58,42,43,5359,18066
2023-08-17 11:58:24,41,43,5359,18066
2023-08-17 11:58:26,42,43,5359,18066
2023-08-17 11:58:57,42,43,5803,18510
2023-08-17 11:59:02,39,43,5803,18510
2023-08-17 11:59:04,40,43,5803,18510
2023-08-17 11:59:05,41,43,5803,18510
2023-08-17 11:59:12,42,43,5803,18510
2023-08-17 11:59:13,41,43,5803,18510
2023-08-17 11:59:25,42,43,5803,18510
2023-08-17 11:59:49,42,44,6249,18956
2023-08-17 12:00:31,43,44,6249,18956
2023-08-17 12:00:32,42,44,6249,18956
2023-08-17 12:00:33,42,45,6249,18956
2023-08-17 12:00:33,42,44,6249,18956
2023-08-17 12:00:35,42,45,6249,18956
2023-08-17 12:00:36,42,44,6249,18956
2023-08-17 12:00:54,41,44,6249,18956
2023-08-17 12:00:56,41,45,6249,18956
2023-08-17 12:00:57,41,44,6249,18956
2023-08-17 12:01:03,42,44,6249,18956
2023-08-17 12:01:05,41,44,6249,18956
2023-08-17 12:01:10,42,44,6249,18956
2023-08-17 12:01:25,41,44,6249,18956
2023-08-17 12:01:26,40,44,6249,18956
2023-08-17 12:01:27,41,44,6249,18956
2023-08-17 12:01:32,42,44,6249,18956
2023-08-17 12:01:46,42,45,6249,18956
2023-08-17 12:01:47,42,44,6249,18956
2023-08-17 12:01:51,43,44,6249,18956
2023-08-17 12:01:52,42,44,6249,18956
2023-08-17 12:02:05,42,45,6249,18956
2023-08-17 12:02:06,41,45,6249,18956
2023-08-17 12:02:10,42,44,6249,18956
2023-08-17 12:02:11,41,44,6249,18956
2023-08-17 12:02:14,42,44,6249,18956
2023-08-17 12:02:18,42,45,6249,18956
2023-08-17 12:02:19,42,44,6249,18956
2023-08-17 12:02:52,42,45,6249,18956
2023-08-17 12:02:53,42,44,6249,18956
2023-08-17 12:03:11,41,44,6249,18956
2023-08-17 12:03:15,42,44,6249,18956
2023-08-17 12:03:19,42,45,6249,18956
2023-08-17 12:03:20,42,44,6249,18956
2023-08-17 12:03:30,41,44,6249,18956
2023-08-17 12:03:35,42,44,6249,18956
2023-08-17 12:03:38,41,44,6249,18956
2023-08-17 12:03:40,42,44,6249,18956
2023-08-17 12:03:41,41,44,6249,18956
2023-08-17 12:03:42,42,44,6249,18956
2023-08-17 12:03:45,41,44,6249,18956
2023-08-17 12:03:46,40,44,6249,18956
2023-08-17 12:03:47,41,44,6249,18956
2023-08-17 12:03:48,42,44,6249,18956
2023-08-17 12:03:49,43,44,6249,18956
2023-08-17 12:03:51,42,44,6249,18956
2023-08-17 12:04:01,41,44,6249,18956
2023-08-17 12:04:02,42,44,6249,18956
2023-08-17 12:04:03,41,44,6249,18956
2023-08-17 12:04:04,42,44,6249,18956
2023-08-17 12:04:07,41,44,6249,18956
2023-08-17 12:04:08,42,44,6249,18956
2023-08-17 12:04:18,42,45,6249,18956
2023-08-17 12:04:19,42,44,6249,18956
2023-08-17 12:04:22,41,44,6249,18956
2023-08-17 12:04:25,42,44,6249,18956
2023-08-17 12:04:26,41,44,6249,18956
2023-08-17 12:04:35,40,44,6249,18956
2023-08-17 12:04:35,39,44,6249,18956
2023-08-17 12:04:36,40,44,6249,18956
2023-08-17 12:04:40,41,44,6249,18956
2023-08-17 12:04:57,42,44,6249,18956
2023-08-17 12:04:58,41,44,6249,18956
2023-08-17 12:04:58,39,44,6249,18956
2023-08-17 12:04:59,40,44,6249,18956
2023-08-17 12:05:00,41,44,6249,18956
2023-08-17 12:05:01,42,44,6249,18956
2023-08-17 12:05:10,41,44,6249,18956
2023-08-17 12:05:18,42,44,6249,18956
2023-08-17 12:05:19,42,45,6249,18956
2023-08-17 12:05:19,42,44,6249,18956
2023-08-17 12:05:39,41,44,6249,18956
2023-08-17 12:05:39,41,45,6249,18956
2023-08-17 12:05:40,41,44,6249,18956
2023-08-17 12:05:48,42,44,6249,18956
2023-08-17 12:05:50,41,44,6249,18956
2023-08-17 12:05:51,42,44,6249,18956
2023-08-17 12:06:09,39,44,6249,18956
2023-08-17 12:06:09,38,44,6249,18956
2023-08-17 12:06:09,38,45,6249,18956
2023-08-17 12:06:10,39,45,6249,18956
2023-08-17 12:06:10,39,44,6249,18956
2023-08-17 12:06:11,40,44,6249,18956
2023-08-17 12:06:12,41,44,6249,18956
2023-08-17 12:06:19,40,44,6249,18956
2023-08-17 12:06:19,39,44,6249,18956
2023-08-17 12:06:20,40,44,6249,18956
2023-08-17 12:06:20,40,43,6249,18956
2023-08-17 12:06:21,39,43,6249,18956
2023-08-17 12:06:22,40,44,6249,18956
2023-08-17 12:06:23,41,44,6249,18956
2023-08-17 12:06:25,42,44,6249,18956
2023-08-17 12:06:34,42,45,6249,18956
2023-08-17 12:06:35,42,44,6249,18956
2023-08-17 12:06:36,41,44,6249,18956
2023-08-17 12:06:36,39,44,6249,18956
2023-08-17 12:06:37,40,44,6249,18956
2023-08-17 12:06:38,41,44,6249,18956
2023-08-17 12:06:43,42,44,6249,18956
2023-08-17 12:06:58,41,44,6249,18956
2023-08-17 12:07:06,42,44,6249,18956
2023-08-17 12:07:07,41,44,6249,18956
2023-08-17 12:07:12,42,44,6249,18956
2023-08-17 12:07:13,41,44,6249,18956
2023-08-17 12:07:21,39,44,6249,18956
2023-08-17 12:07:22,40,44,6249,18956
2023-08-17 12:07:23,41,44,6249,18956
2023-08-17 12:07:24,42,44,6249,18956
2023-08-17 12:07:25,41,44,6249,18956
2023-08-17 12:07:35,41,45,6249,18956
2023-08-17 12:07:35,41,44,6249,18956
2023-08-17 12:07:40,42,44,6249,18956
2023-08-17 12:07:41,41,44,6249,18956
2023-08-17 12:07:42,42,44,6249,18956
2023-08-17 12:07:58,41,44,6249,18956
2023-08-17 12:07:58,39,44,6249,18956
2023-08-17 12:07:59,40,44,6249,18956
2023-08-17 12:08:00,41,44,6249,18956
2023-08-17 12:08:01,42,44,6249,18956
2023-08-17 12:08:11,40,44,6249,18956
2023-08-17 12:08:11,39,45,6249,18956
2023-08-17 12:08:11,38,45,6249,18956
2023-08-17 12:08:12,38,44,6249,18956
2023-08-17 12:08:12,39,44,6249,18956
2023-08-17 12:08:13,40,44,6249,18956
2023-08-17 12:08:14,41,44,6249,18956
2023-08-17 12:08:16,40,44,6249,18956
2023-08-17 12:08:26,41,44,6249,18956
2023-08-17 12:08:37,40,44,6249,18956
2023-08-17 12:08:38,39,44,6249,18956
2023-08-17 12:08:39,39,44,6249,18956
2023-08-17 12:08:40,40,44,6249,18956
2023-08-17 12:08:41,41,44,6249,18956
2023-08-17 12:08:51,40,44,6249,18956
2023-08-17 12:08:51,38,44,6249,18956
2023-08-17 12:08:52,39,44,6249,18956
2023-08-17 12:08:53,40,44,6249,18956
2023-08-17 12:08:54,41,44,6249,18956
2023-08-17 12:08:56,38,44,6249,18956
2023-08-17 12:08:58,39,44,6249,18956
2023-08-17 12:08:59,40,44,6249,18956
2023-08-17 12:09:00,41,44,6249,18956
2023-08-17 12:09:10,40,44,6249,18956
2023-08-17 12:09:16,40,43,6249,18956
2023-08-17 12:09:18,40,44,6249,18956
2023-08-17 12:09:20,41,44,6249,18956
2023-08-17 12:09:23,40,44,6249,18956
2023-08-17 12:09:26,38,44,6249,18956
2023-08-17 12:09:27,39,44,6249,18956
2023-08-17 12:09:28,40,44,6249,18956
2023-08-17 12:09:29,41,44,6249,18956
2023-08-17 12:09:58,40,44,6249,18956
2023-08-17 12:09:59,41,44,6249,18956
2023-08-17 12:10:04,40,44,6249,18956
2023-08-17 12:10:05,41,44,6249,18956
2023-08-17 12:10:19,41,45,6249,18956
2023-08-17 12:10:20,41,44,6249,18956
2023-08-17 12:10:24,42,44,6249,18956
2023-08-17 12:10:25,41,44,6249,18956
2023-08-17 12:10:26,42,44,6249,18956
2023-08-17 12:10:27,41,44,6249,18956
2023-08-17 12:10:30,42,44,6249,18956
2023-08-17 12:10:32,41,44,6249,18956
2023-08-17 12:10:32,41,45,6249,18956
2023-08-17 12:10:34,40,45,6249,18956
2023-08-17 12:10:35,40,45,6249,18956
2023-08-17 12:10:36,41,45,6249,18956
2023-08-17 12:10:37,42,45,6249,18956
2023-08-17 12:11:13,43,45,6249,18956
2023-08-17 12:11:14,42,45,6249,18956
2023-08-17 12:11:21,40,45,6249,18956
2023-08-17 12:11:21,20,45,6249,18956
2023-08-17 12:11:22,38,45,6249,18956
2023-08-17 12:11:22,40,45,6249,18956
2023-08-17 12:11:23,41,45,6249,18956
2023-08-17 12:11:24,42,45,6249,18956
2023-08-17 12:11:25,43,45,6249,18956
2023-08-17 12:11:28,42,45,6249,18956
2023-08-17 12:12:15,42,44,6249,18956
2023-08-17 12:12:29,43,44,6249,18956
2023-08-17 12:12:30,42,44,6249,18956
2023-08-17 12:12:34,43,44,6249,18956
2023-08-17 12:12:36,42,44,6249,18956
2023-08-17 12:12:52,43,44,6249,18956
2023-08-17 12:12:53,42,44,6249,18956
2023-08-17 12:12:54,43,44,6249,18956
2023-08-17 12:13:00,42,44,6249,18956
2023-08-17 12:13:06,43,44,6249,18956
2023-08-17 12:13:07,42,44,6249,18956
2023-08-17 12:13:07,42,45,6249,18956
2023-08-17 12:13:08,42,44,6249,18956
2023-08-17 12:13:11,39,44,6249,18956
2023-08-17 12:13:13,40,44,6249,18956
2023-08-17 12:13:14,41,44,6249,18956
2023-08-17 12:13:15,42,44,6249,18956
2023-08-17 12:13:42,43,44,6249,18956
2023-08-17 12:13:45,42,44,6249,18956
2023-08-17 12:13:46,43,44,6249,18956
2023-08-17 12:13:47,42,44,6249,18956
2023-08-17 12:13:51,42,45,6249,18956
2023-08-17 12:13:58,43,45,6249,18956
2023-08-17 12:13:59,42,45,6249,18956
2023-08-17 12:14:03,43,45,6249,18956
2023-08-17 12:14:06,42,45,6249,18956
2023-08-17 12:14:19,42,44,6249,18956
2023-08-17 12:14:40,43,44,6249,18956
2023-08-17 12:14:44,42,44,6249,18956
2023-08-17 12:14:56,42,45,6249,18956
2023-08-17 12:15:26,42,44,6249,18956
2023-08-17 12:15:27,43,44,6249,18956
2023-08-17 12:15:29,42,44,6249,18956
2023-08-17 12:15:46,43,44,6249,18956
2023-08-17 12:15:51,42,44,6249,18956
2023-08-17 12:16:26,42,45,6249,18956
2023-08-17 12:16:46,41,45,6249,18956
2023-08-17 12:16:48,42,45,6249,18956
2023-08-17 12:16:49,41,45,6249,18956
2023-08-17 12:16:50,42,45,6249,18956
2023-08-17 12:17:49,43,45,6249,18956
2023-08-17 12:17:50,42,45,6249,18956
2023-08-17 12:17:58,41,45,6249,18956
2023-08-17 12:18:00,40,45,6249,18956
2023-08-17 12:18:01,41,45,6249,18956
2023-08-17 12:18:02,42,45,6249,18956
2023-08-17 12:19:18,43,45,6249,18956
2023-08-17 12:19:29,42,45,6249,18956
2023-08-17 12:19:43,42,45,6804,19511
2023-08-17 12:20:08,42,46,6804,19511
2023-08-17 12:20:08,42,45,6804,19511
2023-08-17 12:20:51,42,46,6804,19511
2023-08-17 12:21:01,43,46,6804,19511
2023-08-17 12:21:03,42,46,6804,19511
2023-08-17 12:21:11,42,45,6804,19511
2023-08-17 12:21:12,42,46,6804,19511
2023-08-17 12:21:13,42,45,6804,19511
2023-08-17 12:21:15,42,46,6804,19511
2023-08-17 12:21:16,42,45,6804,19511
2023-08-17 12:21:19,42,46,6804,19511
2023-08-17 12:21:20,42,45,6804,19511
2023-08-17 12:21:51,41,45,6804,19511
2023-08-17 12:21:52,42,45,6804,19511
2023-08-17 12:21:53,41,45,6804,19511
2023-08-17 12:21:54,42,45,6804,19511
2023-08-17 12:21:55,41,45,6804,19511
2023-08-17 12:21:56,42,45,6804,19511
2023-08-17 12:21:59,41,45,6804,19511
2023-08-17 12:22:02,42,45,6804,19511
2023-08-17 12:22:23,41,45,6804,19511
2023-08-17 12:22:24,42,45,6804,19511
2023-08-17 12:22:25,41,45,6804,19511
2023-08-17 12:22:26,42,45,6804,19511
2023-08-17 12:22:27,41,45,6804,19511
2023-08-17 12:22:45,42,45,6804,19511
2023-08-17 12:22:54,42,46,6804,19511
2023-08-17 12:22:55,42,45,6804,19511
2023-08-17 12:22:59,41,45,6804,19511
2023-08-17 12:23:08,42,45,6804,19511
2023-08-17 12:23:10,41,45,6804,19511
2023-08-17 12:23:28,41,44,6804,19511
2023-08-17 12:23:30,41,45,6804,19511
2023-08-17 12:23:31,41,44,6804,19511
2023-08-17 12:23:32,41,45,6804,19511
2023-08-17 12:23:33,41,44,6804,19511
2023-08-17 12:23:34,41,45,6804,19511
2023-08-17 12:23:42,41,44,6804,19511
2023-08-17 12:23:44,41,45,6804,19511
2023-08-17 12:23:47,42,45,6804,19511
2023-08-17 12:23:51,41,45,6804,19511
2023-08-17 12:23:52,42,45,6804,19511
2023-08-17 12:24:05,42,46,6804,19511
2023-08-17 12:24:10,42,45,6804,19511
2023-08-17 12:24:11,42,46,6804,19511
2023-08-17 12:24:13,42,45,6804,19511
2023-08-17 12:24:18,41,45,6804,19511
2023-08-17 12:24:19,42,45,6804,19511
2023-08-17 12:24:22,42,46,6804,19511
2023-08-17 12:24:26,42,45,6804,19511
2023-08-17 12:24:30,41,45,6804,19511
2023-08-17 12:24:31,41,47,6804,19511
2023-08-17 12:24:32,41,46,6804,19511
2023-08-17 12:24:33,41,45,6804,19511
2023-08-17 12:24:34,41,44,6804,19511
2023-08-17 12:24:50,41,46,6804,19511
2023-08-17 12:24:52,41,45,6804,19511
2023-08-17 12:24:52,40,45,6804,19511
2023-08-17 12:24:52,41,45,6804,19511
2023-08-17 12:24:53,41,44,6804,19511
2023-08-17 12:25:06,40,44,6804,19511
2023-08-17 12:25:06,41,44,6804,19511
2023-08-17 12:25:12,41,46,6804,19511
2023-08-17 12:25:14,41,45,6804,19511
2023-08-17 12:25:15,41,44,6804,19511
2023-08-17 12:25:24,41,45,6804,19511
2023-08-17 12:25:26,41,44,6804,19511
2023-08-17 12:25:28,41,45,6804,19511
2023-08-17 12:25:35,41,46,6804,19511
2023-08-17 12:25:37,41,45,6804,19511
2023-08-17 12:25:38,41,44,6804,19511
2023-08-17 12:25:52,41,45,6804,19511
2023-08-17 12:25:57,42,45,6804,19511
2023-08-17 12:26:01,41,45,6804,19511
2023-08-17 12:26:10,42,45,6804,19511
