datetime,bid,ask,open_interest,volume
2023-08-17 09:31:52,2,5,63,68
2023-08-17 09:39:12,3,5,63,68
2023-08-17 09:39:17,3,6,103,108
2023-08-17 09:43:14,2,6,103,108
2023-08-17 09:43:42,3,6,103,108
2023-08-17 09:45:09,4,6,103,108
2023-08-17 09:45:19,4,9,153,158
2023-08-17 09:45:25,4,9,155,160
2023-08-17 09:46:08,3,9,155,160
2023-08-17 09:46:08,3,10,155,160
2023-08-17 09:46:09,4,10,155,160
2023-08-17 09:46:09,4,9,155,160
2023-08-17 09:46:34,3,9,155,160
2023-08-17 09:46:34,3,25,155,160
2023-08-17 09:46:35,4,25,155,160
2023-08-17 09:46:35,5,25,155,160
2023-08-17 09:46:35,5,11,155,160
2023-08-17 09:46:35,5,10,155,160
2023-08-17 09:47:30,6,10,155,160
2023-08-17 09:47:30,6,9,155,160
2023-08-17 09:47:31,7,9,155,160
2023-08-17 09:47:35,6,9,155,160
2023-08-17 09:47:35,6,8,155,160
2023-08-17 09:47:40,6,9,155,160
2023-08-17 09:47:40,7,9,155,160
2023-08-17 09:47:49,6,9,155,160
2023-08-17 09:47:49,6,8,155,160
2023-08-17 09:47:53,4,8,155,160
2023-08-17 09:47:53,4,10,155,160
2023-08-17 09:47:55,5,10,155,160
2023-08-17 09:47:56,6,9,155,160
2023-08-17 09:47:57,7,9,155,160
2023-08-17 09:47:59,6,9,155,160
2023-08-17 09:47:59,6,8,155,160
2023-08-17 09:48:22,6,9,155,160
2023-08-17 09:48:22,7,9,155,160
2023-08-17 09:48:35,6,9,162,175
2023-08-17 09:48:36,7,9,162,175
2023-08-17 09:48:36,6,9,177,190
2023-08-17 09:48:37,7,9,177,190
2023-08-17 09:48:37,6,9,192,205
2023-08-17 09:48:38,7,9,192,205
2023-08-17 09:48:42,6,9,192,205
2023-08-17 09:48:42,6,8,192,205
2023-08-17 09:48:43,6,9,192,205
2023-08-17 09:48:43,7,9,192,205
2023-08-17 09:48:56,6,9,192,205
2023-08-17 09:48:56,6,8,192,205
2023-08-17 09:49:46,5,8,192,205
2023-08-17 09:49:46,5,7,192,205
2023-08-17 09:49:48,5,8,192,205
2023-08-17 09:49:48,7,8,192,205
2023-08-17 09:49:50,6,8,192,205
2023-08-17 09:49:57,6,8,192,217
2023-08-17 09:50:23,5,8,192,217
2023-08-17 09:50:23,5,7,192,217
2023-08-17 09:50:24,5,8,192,217
2023-08-17 09:50:24,6,8,192,217
2023-08-17 09:50:30,5,8,192,217
2023-08-17 09:50:31,5,7,192,217
2023-08-17 09:50:40,3,7,192,217
2023-08-17 09:50:40,3,6,192,217
2023-08-17 09:50:41,3,7,192,217
2023-08-17 09:50:41,4,7,192,217
2023-08-17 09:50:42,5,7,192,217
2023-08-17 09:51:11,5,8,192,217
2023-08-17 09:51:11,6,8,192,217
2023-08-17 09:51:47,6,9,192,217
2023-08-17 09:51:47,7,9,192,217
2023-08-17 09:51:48,6,9,192,217
2023-08-17 09:51:48,6,8,192,217
2023-08-17 09:51:52,6,9,192,217
2023-08-17 09:51:52,7,9,192,217
2023-08-17 09:51:53,6,9,192,217
2023-08-17 09:51:53,6,8,192,217
2023-08-17 09:51:59,6,9,192,217
2023-08-17 09:51:59,7,9,192,217
2023-08-17 09:52:04,6,9,192,217
2023-08-17 09:52:04,5,10,192,217
2023-08-17 09:52:04,4,9,192,217
2023-08-17 09:52:05,5,9,192,217
2023-08-17 09:52:06,5,8,192,217
2023-08-17 09:52:06,6,8,192,217
2023-08-17 09:52:17,6,9,192,217
2023-08-17 09:52:17,7,9,192,217
2023-08-17 09:52:27,6,9,192,217
2023-08-17 09:52:27,6,8,192,217
2023-08-17 09:52:43,5,8,192,217
2023-08-17 09:52:43,5,7,192,217
2023-08-17 09:52:44,5,8,192,217
2023-08-17 09:52:44,6,8,192,217
2023-08-17 09:52:48,5,8,192,217
2023-08-17 09:52:48,5,7,192,217
2023-08-17 09:52:52,5,8,192,217
2023-08-17 09:52:53,6,8,192,217
2023-08-17 09:52:54,5,8,192,217
2023-08-17 09:52:54,5,7,192,217
2023-08-17 09:53:19,5,8,192,217
2023-08-17 09:53:20,6,8,192,217
2023-08-17 09:53:27,6,9,192,217
2023-08-17 09:53:27,7,9,192,217
2023-08-17 09:53:28,6,9,192,217
2023-08-17 09:53:28,6,8,192,217
2023-08-17 09:53:29,6,9,192,217
2023-08-17 09:53:30,7,9,192,217
2023-08-17 09:53:39,8,9,192,217
2023-08-17 09:53:40,8,11,192,217
2023-08-17 09:53:40,8,10,192,217
2023-08-17 09:54:24,7,10,192,217
2023-08-17 09:54:24,7,9,192,217
2023-08-17 09:54:38,7,10,192,217
2023-08-17 09:54:38,8,10,192,217
2023-08-17 09:54:40,7,10,192,217
2023-08-17 09:54:40,7,9,192,217
2023-08-17 09:54:45,7,10,192,217
2023-08-17 09:54:45,8,10,192,217
2023-08-17 09:54:54,8,11,192,217
2023-08-17 09:54:54,9,11,192,217
2023-08-17 09:55:10,8,11,192,217
2023-08-17 09:55:10,8,10,192,217
2023-08-17 09:55:13,8,11,192,217
2023-08-17 09:55:13,9,11,192,217
2023-08-17 09:55:19,8,11,192,217
2023-08-17 09:55:19,8,10,192,217
2023-08-17 09:55:25,8,11,192,217
2023-08-17 09:55:25,9,11,192,217
2023-08-17 09:55:57,9,12,192,217
2023-08-17 09:55:58,10,12,192,217
2023-08-17 09:55:59,9,12,192,217
2023-08-17 09:56:00,9,11,192,217
2023-08-17 09:56:15,8,11,192,217
2023-08-17 09:56:15,8,10,192,217
2023-08-17 09:56:17,8,11,192,217
2023-08-17 09:56:20,4,11,192,217
2023-08-17 09:56:20,4,13,192,217
2023-08-17 09:56:21,7,13,192,217
2023-08-17 09:56:21,7,12,192,217
2023-08-17 09:56:22,8,12,192,217
2023-08-17 09:56:23,9,12,192,217
2023-08-17 09:56:24,10,12,192,217
2023-08-17 09:56:26,9,12,192,217
2023-08-17 09:56:26,9,11,192,217
2023-08-17 09:56:28,9,12,192,217
2023-08-17 09:56:28,7,12,192,217
2023-08-17 09:56:28,7,13,192,217
2023-08-17 09:56:28,4,13,192,217
2023-08-17 09:56:29,5,13,192,217
2023-08-17 09:56:29,6,13,192,217
2023-08-17 09:56:29,6,12,192,217
2023-08-17 09:56:29,6,11,192,217
2023-08-17 09:56:30,6,13,192,217
2023-08-17 09:56:30,4,13,192,217
2023-08-17 09:56:30,5,13,192,217
2023-08-17 09:56:30,6,13,192,217
2023-08-17 09:56:30,6,11,192,217
2023-08-17 09:56:31,7,11,192,217
2023-08-17 09:56:32,8,11,192,217
2023-08-17 09:56:33,6,11,192,217
2023-08-17 09:56:34,6,10,192,217
2023-08-17 09:56:34,7,10,192,217
2023-08-17 09:56:35,8,10,192,217
2023-08-17 09:56:38,7,10,192,217
2023-08-17 09:56:38,7,9,192,217
2023-08-17 09:57:04,5,9,192,217
2023-08-17 09:57:04,5,8,192,217
2023-08-17 09:57:05,5,9,192,217
2023-08-17 09:57:05,6,9,192,217
2023-08-17 09:57:06,7,9,192,217
2023-08-17 09:57:38,8,9,192,217
2023-08-17 09:57:40,7,9,192,217
2023-08-17 09:57:40,6,9,192,217
2023-08-17 09:57:43,4,8,192,217
2023-08-17 09:57:44,6,8,192,217
2023-08-17 09:57:46,6,9,192,217
2023-08-17 09:57:46,7,9,192,217
2023-08-17 09:57:56,8,9,192,217
2023-08-17 09:58:02,8,29,192,217
2023-08-17 09:58:03,8,11,192,217
2023-08-17 09:58:03,8,10,192,217
2023-08-17 09:58:29,7,10,192,217
2023-08-17 09:58:30,8,10,192,217
2023-08-17 09:58:34,7,10,192,217
2023-08-17 09:58:36,7,9,192,217
2023-08-17 09:58:37,7,10,192,217
2023-08-17 09:58:37,8,10,192,217
2023-08-17 09:59:02,8,11,192,217
2023-08-17 09:59:02,8,10,192,217
2023-08-17 09:59:08,6,10,192,217
2023-08-17 09:59:08,5,10,192,217
2023-08-17 09:59:40,5,9,192,217
2023-08-17 09:59:40,6,9,192,217
2023-08-17 09:59:41,7,9,192,217
2023-08-17 09:59:54,8,9,192,217
2023-08-17 09:59:54,8,10,192,217
2023-08-17 10:00:03,9,10,192,217
2023-08-17 10:00:04,8,10,207,232
2023-08-17 10:00:05,9,10,207,232
2023-08-17 10:00:06,8,10,222,247
2023-08-17 10:00:07,9,10,222,247
2023-08-17 10:00:08,8,10,237,262
2023-08-17 10:00:09,9,10,237,262
2023-08-17 10:00:11,8,10,252,277
2023-08-17 10:00:12,9,10,252,277
2023-08-17 10:00:12,8,10,267,292
2023-08-17 10:00:13,9,10,267,292
2023-08-17 10:00:14,8,10,282,307
2023-08-17 10:00:15,9,10,282,307
2023-08-17 10:00:15,8,10,297,322
2023-08-17 10:00:16,9,10,297,322
2023-08-17 10:00:16,8,10,312,337
2023-08-17 10:00:17,9,10,312,337
2023-08-17 10:00:17,8,10,327,352
2023-08-17 10:00:18,9,10,327,352
2023-08-17 10:00:18,8,10,342,367
2023-08-17 10:00:19,9,10,342,367
2023-08-17 10:00:26,8,10,357,382
2023-08-17 10:00:27,9,10,357,382
2023-08-17 10:00:27,8,10,372,397
2023-08-17 10:00:28,9,10,372,397
2023-08-17 10:00:29,8,10,387,412
2023-08-17 10:00:30,9,10,387,412
2023-08-17 10:00:30,8,10,402,427
2023-08-17 10:00:31,9,10,402,427
2023-08-17 10:00:31,8,10,417,442
2023-08-17 10:00:32,9,10,417,442
2023-08-17 10:00:32,8,10,432,457
2023-08-17 10:00:33,9,10,432,457
2023-08-17 10:00:34,8,10,432,457
2023-08-17 10:00:49,7,10,432,457
2023-08-17 10:00:49,7,9,432,457
2023-08-17 10:01:12,6,7,447,472
2023-08-17 10:01:30,4,7,447,472
2023-08-17 10:01:31,5,7,447,472
2023-08-17 10:01:31,5,7,487,512
2023-08-17 10:01:32,5,7,527,552
2023-08-17 10:01:32,6,7,527,552
2023-08-17 10:01:33,6,7,567,592
2023-08-17 10:01:34,6,7,607,632
2023-08-17 10:01:35,6,10,632,657
2023-08-17 10:01:44,6,9,632,657
2023-08-17 10:02:00,6,10,632,657
2023-08-17 10:02:02,6,9,632,657
2023-08-17 10:02:08,6,10,632,657
2023-08-17 10:02:17,6,9,632,657
2023-08-17 10:02:24,6,10,632,657
2023-08-17 10:02:32,6,9,632,657
2023-08-17 10:02:39,6,10,632,657
2023-08-17 10:02:41,6,9,632,657
2023-08-17 10:02:42,6,10,632,657
2023-08-17 10:02:52,6,11,632,657
2023-08-17 10:02:53,6,10,632,657
2023-08-17 10:02:54,6,11,632,657
2023-08-17 10:03:01,6,10,632,657
2023-08-17 10:03:33,6,11,632,657
2023-08-17 10:03:43,6,10,632,657
2023-08-17 10:03:47,6,9,632,657
2023-08-17 10:03:48,6,10,632,657
2023-08-17 10:03:50,6,9,632,657
2023-08-17 10:03:52,6,10,632,657
2023-08-17 10:03:53,6,9,632,657
2023-08-17 10:04:02,6,10,632,657
2023-08-17 10:04:07,6,9,632,657
2023-08-17 10:04:13,6,10,632,657
2023-08-17 10:04:34,6,11,632,657
2023-08-17 10:05:05,7,11,632,657
2023-08-17 10:05:35,7,28,632,657
2023-08-17 10:05:36,7,11,632,657
2023-08-17 10:05:49,7,10,632,657
2023-08-17 10:05:51,7,11,632,657
2023-08-17 10:06:33,7,12,632,657
2023-08-17 10:06:34,7,11,632,657
2023-08-17 10:06:37,6,11,632,657
2023-08-17 10:06:37,4,11,632,657
2023-08-17 10:06:38,4,12,632,657
2023-08-17 10:06:38,6,12,632,657
2023-08-17 10:06:38,7,12,632,657
2023-08-17 10:06:40,8,12,632,657
2023-08-17 10:06:47,8,11,632,657
2023-08-17 10:06:53,8,10,632,657
2023-08-17 10:07:01,5,10,632,657
2023-08-17 10:07:01,5,9,632,657
2023-08-17 10:07:02,6,9,632,657
2023-08-17 10:07:35,6,10,632,657
2023-08-17 10:07:36,6,9,632,657
2023-08-17 10:08:06,6,10,632,657
2023-08-17 10:08:07,6,10,632,657
2023-08-17 10:08:07,6,9,632,657
2023-08-17 10:08:24,6,8,632,657
2023-08-17 10:08:26,6,9,632,657
2023-08-17 10:08:31,6,10,632,657
2023-08-17 10:08:32,6,9,632,657
2023-08-17 10:08:38,6,10,632,657
2023-08-17 10:08:40,6,9,632,657
2023-08-17 10:08:42,6,10,632,657
2023-08-17 10:08:55,6,29,632,657
2023-08-17 10:08:56,6,28,632,657
2023-08-17 10:08:56,6,12,632,657
2023-08-17 10:08:56,6,11,632,657
2023-08-17 10:09:37,6,10,632,657
2023-08-17 10:10:51,7,10,632,657
2023-08-17 10:12:30,8,10,632,657
2023-08-17 10:12:36,7,10,632,657
2023-08-17 10:12:37,8,10,632,657
2023-08-17 10:12:38,7,10,632,657
2023-08-17 10:12:39,8,10,632,657
2023-08-17 10:12:40,7,10,632,657
2023-08-17 10:12:41,8,10,632,657
2023-08-17 10:12:45,7,10,632,657
2023-08-17 10:12:47,8,10,632,657
2023-08-17 10:12:55,7,10,632,657
2023-08-17 10:12:56,8,10,632,657
2023-08-17 10:13:26,8,13,2632,2657
2023-08-17 10:13:37,8,12,2632,2657
2023-08-17 10:13:39,8,13,2632,2657
2023-08-17 10:13:41,8,12,2632,2657
2023-08-17 10:13:46,8,13,2632,2657
2023-08-17 10:13:53,8,12,2632,2657
2023-08-17 10:13:59,8,13,2632,2657
2023-08-17 10:14:00,8,12,2632,2657
2023-08-17 10:14:05,8,13,2632,2657
2023-08-17 10:14:23,8,12,2632,2657
2023-08-17 10:14:30,8,13,2632,2657
2023-08-17 10:14:30,8,14,2632,2657
2023-08-17 10:14:31,8,13,2632,2657
2023-08-17 10:14:31,9,13,2632,2657
2023-08-17 10:14:32,9,12,2632,2657
2023-08-17 10:14:51,9,11,2632,2657
2023-08-17 10:15:02,9,12,2632,2657
2023-08-17 10:15:05,9,11,2632,2657
2023-08-17 10:15:26,9,12,2632,2657
2023-08-17 10:15:29,8,12,2632,2657
2023-08-17 10:15:29,8,11,2632,2657
2023-08-17 10:15:30,8,10,2632,2657
2023-08-17 10:15:37,7,10,2632,2657
2023-08-17 10:15:37,7,9,2632,2657
2023-08-17 10:15:38,7,10,2632,2657
2023-08-17 10:15:38,7,11,2632,2657
2023-08-17 10:15:41,8,11,2632,2657
2023-08-17 10:15:42,8,10,2632,2657
2023-08-17 10:16:01,7,10,2632,2657
2023-08-17 10:16:01,7,9,2632,2657
2023-08-17 10:16:06,7,8,2632,2657
2023-08-17 10:16:07,7,9,2632,2657
2023-08-17 10:16:14,7,10,2632,2657
2023-08-17 10:16:23,7,9,2632,2657
2023-08-17 10:16:26,7,10,2632,2657
2023-08-17 10:16:28,7,9,2632,2657
2023-08-17 10:16:29,7,10,2632,2657
2023-08-17 10:17:19,7,11,2632,2657
2023-08-17 10:17:36,8,11,2632,2657
2023-08-17 10:17:43,8,12,2632,2657
2023-08-17 10:17:55,7,12,2632,2657
2023-08-17 10:17:55,8,12,2632,2657
2023-08-17 10:18:05,9,12,2632,2657
2023-08-17 10:18:47,9,11,2632,2657
2023-08-17 10:18:50,9,12,2632,2657
2023-08-17 10:18:51,9,11,2632,2657
2023-08-17 10:18:52,9,12,2632,2657
2023-08-17 10:19:25,9,11,2632,2657
2023-08-17 10:19:28,9,12,2632,2657
2023-08-17 10:19:32,9,11,2632,2657
2023-08-17 10:19:44,9,12,2632,2657
2023-08-17 10:19:58,9,11,2632,2657
2023-08-17 10:20:00,9,12,2632,2657
2023-08-17 10:20:13,9,11,2632,2657
2023-08-17 10:20:20,9,12,2632,2657
2023-08-17 10:20:27,9,11,2632,2657
2023-08-17 10:20:28,9,12,2632,2657
2023-08-17 10:20:51,8,12,2632,2657
2023-08-17 10:20:52,8,11,2632,2657
2023-08-17 10:20:58,9,12,2632,2657
2023-08-17 10:21:41,9,11,2632,2657
2023-08-17 10:21:42,9,12,2632,2657
2023-08-17 10:21:43,9,11,2632,2657
2023-08-17 10:21:52,9,12,2632,2657
2023-08-17 10:21:54,9,11,2632,2657
2023-08-17 10:22:11,7,11,2632,2657
2023-08-17 10:22:11,7,10,2632,2657
2023-08-17 10:22:12,8,10,2632,2657
2023-08-17 10:22:30,8,11,2632,2657
2023-08-17 10:22:31,8,10,2632,2657
2023-08-17 10:22:32,8,11,2632,2657
2023-08-17 10:22:50,7,11,2632,2657
2023-08-17 10:22:51,7,10,2632,2657
2023-08-17 10:23:14,8,11,2632,2657
2023-08-17 10:23:15,8,10,2632,2657
2023-08-17 10:23:16,8,11,2632,2657
2023-08-17 10:23:27,8,10,2632,2657
2023-08-17 10:23:36,8,11,2632,2657
2023-08-17 10:23:38,7,10,2632,2657
2023-08-17 10:24:06,7,11,2632,2657
2023-08-17 10:24:08,7,10,2632,2657
2023-08-17 10:24:31,7,11,2632,2657
2023-08-17 10:24:35,7,12,2632,2657
2023-08-17 10:24:37,7,11,2632,2657
2023-08-17 10:24:47,7,12,2632,2657
2023-08-17 10:24:48,7,11,2632,2657
2023-08-17 10:24:54,7,12,2632,2657
2023-08-17 10:24:55,7,11,2632,2657
2023-08-17 10:24:56,7,12,2632,2657
2023-08-17 10:25:01,8,12,2632,2657
2023-08-17 10:25:05,8,11,2632,2657
2023-08-17 10:25:15,8,12,2632,2657
2023-08-17 10:25:21,9,12,2632,2657
2023-08-17 10:25:21,9,29,2632,2657
2023-08-17 10:25:21,9,14,2632,2657
2023-08-17 10:25:21,9,13,2632,2657
2023-08-17 10:25:26,9,12,2632,2657
2023-08-17 10:25:27,9,13,2632,2657
2023-08-17 10:25:27,7,13,2632,2657
2023-08-17 10:25:27,7,29,2632,2657
2023-08-17 10:25:27,9,29,2632,2657
2023-08-17 10:25:27,9,13,2632,2657
2023-08-17 10:25:29,9,12,2632,2657
2023-08-17 10:25:30,9,13,2632,2657
2023-08-17 10:25:31,9,12,2632,2657
2023-08-17 10:25:32,9,11,2632,2657
2023-08-17 10:25:33,9,12,2632,2657
2023-08-17 10:25:43,9,13,2632,2657
2023-08-17 10:26:29,9,12,2632,2657
2023-08-17 10:26:33,9,13,2632,2657
2023-08-17 10:26:34,9,12,2632,2657
2023-08-17 10:26:38,9,13,2632,2657
2023-08-17 10:27:11,9,14,2632,2657
2023-08-17 10:27:12,9,13,2632,2657
2023-08-17 10:27:17,9,14,2632,2657
2023-08-17 10:27:19,9,13,2632,2657
2023-08-17 10:27:50,9,12,2632,2657
2023-08-17 10:27:52,9,13,2632,2657
2023-08-17 10:27:59,9,12,2632,2657
2023-08-17 10:28:00,9,13,2632,2657
2023-08-17 10:28:14,9,12,2632,2657
2023-08-17 10:28:30,9,13,2632,2657
2023-08-17 10:28:37,10,13,2632,2657
2023-08-17 10:28:57,10,15,2632,2657
2023-08-17 10:28:57,10,14,2632,2657
2023-08-17 10:29:05,10,13,2632,2657
2023-08-17 10:29:08,10,14,2632,2657
2023-08-17 10:29:09,10,13,2632,2657
2023-08-17 10:29:44,10,12,2632,2657
2023-08-17 10:29:53,10,13,2632,2657
2023-08-17 10:30:00,9,13,2632,2657
2023-08-17 10:30:02,10,13,2632,2657
2023-08-17 10:30:09,10,12,2632,2657
2023-08-17 10:30:29,9,12,2632,2657
2023-08-17 10:30:29,9,11,2632,2657
2023-08-17 10:30:29,7,11,2632,2657
2023-08-17 10:30:29,8,11,2632,2657
2023-08-17 10:30:32,8,12,2632,2657
2023-08-17 10:30:33,8,11,2632,2657
2023-08-17 10:30:46,8,12,2632,2657
2023-08-17 10:31:03,8,11,2632,2657
2023-08-17 10:31:11,8,12,2632,2657
2023-08-17 10:31:12,8,11,2632,2657
2023-08-17 10:31:31,8,12,2632,2657
2023-08-17 10:31:36,8,11,2632,2657
2023-08-17 10:31:47,8,12,2632,2657
2023-08-17 10:32:01,8,15,2632,2657
2023-08-17 10:32:02,8,13,2632,2657
2023-08-17 10:32:15,8,12,2632,2657
2023-08-17 10:32:16,8,13,2632,2657
2023-08-17 10:32:19,8,12,2632,2657
2023-08-17 10:32:20,8,13,2632,2657
2023-08-17 10:32:24,8,12,2632,2657
2023-08-17 10:32:25,8,13,2632,2657
2023-08-17 10:32:27,8,12,2632,2657
2023-08-17 10:32:31,8,13,2632,2657
2023-08-17 10:32:35,8,12,2632,2657
2023-08-17 10:32:37,8,13,2632,2657
2023-08-17 10:32:46,9,13,2632,2657
2023-08-17 10:32:54,9,12,2632,2657
2023-08-17 10:32:55,9,13,2632,2657
2023-08-17 10:33:04,10,13,2632,2657
2023-08-17 10:33:09,10,13,2632,2657
2023-08-17 10:33:23,9,13,2632,2657
2023-08-17 10:33:23,7,13,2632,2657
2023-08-17 10:33:23,7,29,2632,2657
2023-08-17 10:33:23,9,29,2632,2657
2023-08-17 10:33:23,10,29,2632,2657
2023-08-17 10:33:23,10,14,2632,2657
2023-08-17 10:33:25,11,14,2632,2657
2023-08-17 10:33:28,11,14,2632,2657
2023-08-17 10:33:47,11,16,2632,2657
2023-08-17 10:33:47,11,15,2632,2657
2023-08-17 10:33:48,11,14,2632,2657
2023-08-17 10:33:49,11,15,2632,2657
2023-08-17 10:33:53,11,14,2632,2657
2023-08-17 10:34:18,11,13,2632,2657
2023-08-17 10:34:32,11,14,2632,2657
2023-08-17 10:34:37,11,15,2632,2657
2023-08-17 10:34:57,12,15,2632,2657
2023-08-17 10:34:58,12,16,2632,2657
2023-08-17 10:35:15,12,15,2632,2657
2023-08-17 10:35:25,12,16,2632,2657
2023-08-17 10:35:27,12,15,2632,2657
2023-08-17 10:35:28,11,15,2632,2657
2023-08-17 10:35:35,12,15,2632,2657
2023-08-17 10:36:29,12,16,2632,2657
2023-08-17 10:37:05,12,28,2632,2657
2023-08-17 10:37:06,12,17,2632,2657
2023-08-17 10:37:11,13,17,2632,2657
2023-08-17 10:37:18,13,16,2632,2657
2023-08-17 10:37:23,13,17,2632,2657
2023-08-17 10:37:24,13,16,2632,2657
2023-08-17 10:37:26,13,17,2632,2657
2023-08-17 10:37:33,13,16,2632,2657
2023-08-17 10:37:45,13,17,2632,2657
2023-08-17 10:37:46,13,16,2632,2657
2023-08-17 10:37:49,13,17,2632,2657
2023-08-17 10:37:50,13,16,2632,2657
2023-08-17 10:37:51,13,17,2632,2657
2023-08-17 10:37:55,13,16,2632,2657
2023-08-17 10:37:58,13,17,2632,2657
2023-08-17 10:38:02,13,16,2632,2657
2023-08-17 10:39:20,13,15,2632,2657
2023-08-17 10:39:21,13,16,2632,2657
2023-08-17 10:39:36,13,15,2632,2657
2023-08-17 10:40:36,13,16,2632,2657
2023-08-17 10:40:45,13,17,2632,2657
2023-08-17 10:40:46,13,16,2632,2657
2023-08-17 10:40:57,12,16,2632,2657
2023-08-17 10:40:58,13,16,2632,2657
2023-08-17 10:41:48,13,15,2632,2657
2023-08-17 10:41:49,13,16,2632,2657
2023-08-17 10:42:12,12,16,2632,2657
2023-08-17 10:42:13,13,16,2632,2657
2023-08-17 10:42:13,13,15,2632,2657
2023-08-17 10:42:22,12,15,2632,2657
2023-08-17 10:42:22,12,14,2632,2657
2023-08-17 10:42:23,12,15,2632,2657
2023-08-17 10:42:23,13,15,2632,2657
2023-08-17 10:42:35,13,16,2632,2657
2023-08-17 10:42:38,13,15,2632,2657
2023-08-17 10:42:39,13,16,2632,2657
2023-08-17 10:42:41,13,15,2632,2657
2023-08-17 10:42:48,13,16,2632,2657
2023-08-17 10:42:53,13,15,2632,2657
2023-08-17 10:42:54,13,16,2632,2657
2023-08-17 10:42:58,13,15,2632,2657
2023-08-17 10:42:59,13,16,2632,2657
2023-08-17 10:43:00,13,15,2632,2657
2023-08-17 10:43:15,13,16,2632,2657
2023-08-17 10:43:28,13,15,2632,2657
2023-08-17 10:44:20,13,18,2632,2657
2023-08-17 10:44:20,13,16,2632,2657
2023-08-17 10:45:11,13,15,2632,2657
2023-08-17 10:45:12,13,16,2632,2657
2023-08-17 10:45:12,13,15,2632,2657
2023-08-17 10:45:41,13,14,2632,2657
2023-08-17 10:46:38,10,14,2632,2657
2023-08-17 10:46:39,11,14,2632,2657
2023-08-17 10:46:42,11,16,2632,2657
2023-08-17 10:46:42,8,16,2632,2657
2023-08-17 10:46:42,10,16,2632,2657
2023-08-17 10:46:42,10,14,2632,2657
2023-08-17 10:46:43,11,14,2632,2657
2023-08-17 10:47:10,11,13,2632,2657
2023-08-17 10:47:15,11,14,2632,2657
2023-08-17 10:47:17,11,13,2632,2657
2023-08-17 10:48:13,11,15,2632,2657
2023-08-17 10:48:13,11,13,2632,2657
2023-08-17 10:49:39,11,14,2632,2657
2023-08-17 10:49:39,11,12,2632,2657
2023-08-17 10:49:43,8,12,2632,2657
2023-08-17 10:49:43,7,12,2632,2657
2023-08-17 10:49:43,8,12,2632,2657
2023-08-17 10:49:44,9,12,2632,2657
2023-08-17 10:50:02,9,11,2632,2657
2023-08-17 10:50:03,9,12,2632,2657
2023-08-17 10:50:04,9,11,2632,2657
2023-08-17 10:50:05,9,12,2632,2657
2023-08-17 10:50:13,9,11,2632,2657
2023-08-17 10:50:55,7,11,2632,2657
2023-08-17 10:50:55,7,10,2632,2657
2023-08-17 10:50:56,8,10,2632,2657
2023-08-17 10:51:08,7,10,2632,2657
2023-08-17 10:51:10,7,9,2632,2657
2023-08-17 10:51:35,7,8,2632,2657
2023-08-17 10:51:37,7,9,2632,2657
2023-08-17 10:51:40,7,8,2632,2657
2023-08-17 10:53:22,7,8,2632,2697
2023-08-17 10:53:23,6,8,2632,2727
2023-08-17 10:53:24,6,7,2632,2727
2023-08-17 10:53:46,6,8,2632,2727
2023-08-17 10:53:59,6,7,2632,2727
2023-08-17 10:54:17,6,7,2632,2767
2023-08-17 10:54:26,6,7,2632,2807
2023-08-17 10:54:27,5,7,2632,2827
2023-08-17 10:54:28,5,6,2632,2827
2023-08-17 10:57:01,5,7,2632,2827
2023-08-17 10:57:02,5,6,2632,2827
2023-08-17 10:57:05,5,7,2632,2827
2023-08-17 10:57:07,5,6,2632,2827
2023-08-17 10:57:09,5,7,2632,2827
2023-08-17 10:57:10,5,6,2632,2827
2023-08-17 10:57:13,5,7,2632,2827
2023-08-17 10:57:16,5,6,2632,2827
2023-08-17 10:57:18,5,7,2632,2827
2023-08-17 10:57:50,5,6,2632,2827
2023-08-17 10:57:52,5,7,2632,2827
2023-08-17 10:57:53,5,6,2632,2827
2023-08-17 10:57:55,5,7,2632,2827
2023-08-17 10:58:02,5,8,2632,2827
2023-08-17 10:58:02,6,8,2632,2827
2023-08-17 10:58:07,5,8,2632,2827
2023-08-17 10:58:08,5,8,2632,2827
2023-08-17 10:58:09,5,7,2632,2827
2023-08-17 10:58:18,5,8,2632,2827
2023-08-17 10:58:18,6,8,2632,2827
2023-08-17 10:58:37,5,8,2632,2827
2023-08-17 10:58:38,5,7,2632,2827
2023-08-17 10:58:39,5,8,2632,2827
2023-08-17 10:58:39,6,8,2632,2827
2023-08-17 10:58:49,7,8,2632,2827
2023-08-17 10:58:49,7,9,2632,2827
2023-08-17 10:58:53,6,9,2632,2827
2023-08-17 10:58:53,6,8,2632,2827
2023-08-17 10:58:55,6,9,2632,2827
2023-08-17 10:58:55,7,9,2632,2827
2023-08-17 10:58:57,6,9,2632,2827
2023-08-17 10:58:57,5,9,2632,2827
2023-08-17 10:58:59,6,9,2632,2827
2023-08-17 10:59:00,7,9,2632,2827
2023-08-17 10:59:04,8,9,2632,2827
2023-08-17 11:00:24,8,9,2672,2867
2023-08-17 11:00:25,8,9,2712,2907
2023-08-17 11:00:26,8,9,2752,2947
2023-08-17 11:00:27,8,9,2792,2987
2023-08-17 11:00:41,7,9,2807,3002
2023-08-17 11:00:42,5,9,2807,3002
2023-08-17 11:00:42,6,9,2807,3002
2023-08-17 11:00:42,7,9,2807,3002
2023-08-17 11:00:43,8,9,2807,3002
2023-08-17 11:01:05,7,9,2822,3017
2023-08-17 11:01:42,7,9,2822,3267
2023-08-17 11:01:43,7,9,3045,3517
2023-08-17 11:01:44,7,9,3295,3767
2023-08-17 11:01:45,7,9,3545,4017
2023-08-17 11:01:46,7,9,3795,4267
2023-08-17 11:01:48,7,9,4045,4517
2023-08-17 11:01:48,7,9,4295,4767
2023-08-17 11:01:51,6,9,4295,4767
2023-08-17 11:01:51,7,9,4295,4767
2023-08-17 11:02:10,7,13,4385,4857
2023-08-17 11:02:19,7,12,4385,4857
2023-08-17 11:02:20,7,13,4385,4857
2023-08-17 11:02:21,7,12,4385,4857
2023-08-17 11:02:22,7,13,4385,4857
2023-08-17 11:02:28,7,12,4385,4857
2023-08-17 11:02:29,7,13,4385,4857
2023-08-17 11:02:30,7,12,4385,4857
2023-08-17 11:02:31,7,13,4385,4857
2023-08-17 11:02:32,7,12,4385,4857
2023-08-17 11:02:33,7,13,4385,4857
2023-08-17 11:02:34,7,12,4385,4857
2023-08-17 11:02:35,7,13,4385,4857
2023-08-17 11:02:36,7,12,4385,4857
2023-08-17 11:02:37,7,13,4385,4857
2023-08-17 11:02:38,7,12,4385,4857
2023-08-17 11:02:39,7,13,4385,4857
2023-08-17 11:02:40,7,12,4385,4857
2023-08-17 11:02:41,7,13,4385,4857
2023-08-17 11:02:42,7,12,4385,4857
2023-08-17 11:02:43,7,13,4385,4857
2023-08-17 11:02:44,7,12,4385,4857
2023-08-17 11:02:45,7,13,4385,4857
2023-08-17 11:02:46,7,12,4385,4857
2023-08-17 11:02:47,7,13,4385,4857
2023-08-17 11:02:48,7,12,4385,4857
2023-08-17 11:02:49,7,13,4385,4857
2023-08-17 11:02:50,7,12,4385,4857
2023-08-17 11:02:51,7,13,4385,4857
2023-08-17 11:02:52,6,13,4385,4857
2023-08-17 11:02:52,6,12,4385,4857
2023-08-17 11:03:39,6,13,4385,4857
2023-08-17 11:04:14,6,12,4385,4857
2023-08-17 11:04:15,6,13,4385,4857
2023-08-17 11:04:16,6,12,4385,4857
2023-08-17 11:04:17,6,13,4385,4857
2023-08-17 11:04:18,6,12,4385,4857
2023-08-17 11:04:19,6,13,4385,4857
2023-08-17 11:04:20,6,12,4385,4857
2023-08-17 11:04:21,6,13,4385,4857
2023-08-17 11:04:31,6,12,4385,4857
2023-08-17 11:04:32,6,13,4385,4857
2023-08-17 11:04:33,6,12,4385,4857
2023-08-17 11:04:34,6,13,4385,4857
2023-08-17 11:04:34,6,12,4385,4857
2023-08-17 11:04:36,6,13,4385,4857
2023-08-17 11:04:37,6,12,4385,4857
2023-08-17 11:04:38,6,13,4385,4857
2023-08-17 11:04:39,5,12,4385,4857
2023-08-17 11:04:40,5,29,4385,4857
2023-08-17 11:04:40,5,28,4385,4857
2023-08-17 11:04:40,6,28,4385,4857
2023-08-17 11:04:40,7,28,4385,4857
2023-08-17 11:04:40,7,15,4385,4857
2023-08-17 11:04:40,7,13,4385,4857
2023-08-17 11:04:41,7,12,4385,4857
2023-08-17 11:04:42,7,13,4385,4857
2023-08-17 11:04:52,7,12,4385,4857
2023-08-17 11:04:53,7,13,4385,4857
2023-08-17 11:04:54,7,12,4385,4857
2023-08-17 11:04:55,7,13,4385,4857
2023-08-17 11:04:56,7,12,4385,4857
2023-08-17 11:04:57,7,13,4385,4857
2023-08-17 11:04:58,7,12,4385,4857
2023-08-17 11:04:59,7,13,4385,4857
2023-08-17 11:05:00,7,12,4385,4857
2023-08-17 11:05:01,7,13,4385,4857
2023-08-17 11:05:02,7,12,4385,4857
2023-08-17 11:05:03,7,13,4385,4857
2023-08-17 11:05:04,7,12,4385,4857
2023-08-17 11:05:04,5,12,4385,4857
2023-08-17 11:05:05,5,13,4385,4857
2023-08-17 11:05:05,5,11,4385,4857
2023-08-17 11:05:06,5,13,4385,4857
2023-08-17 11:05:07,5,12,4385,4857
2023-08-17 11:05:08,5,13,4385,4857
2023-08-17 11:05:09,5,12,4385,4857
2023-08-17 11:05:10,5,13,4385,4857
2023-08-17 11:05:11,5,12,4385,4857
2023-08-17 11:05:12,5,13,4385,4857
2023-08-17 11:05:12,5,11,4385,4857
2023-08-17 11:05:12,6,11,4385,4857
2023-08-17 11:05:13,6,13,4385,4857
2023-08-17 11:05:14,6,12,4385,4857
2023-08-17 11:05:15,6,13,4385,4857
2023-08-17 11:05:15,6,11,4385,4857
2023-08-17 11:05:16,6,13,4385,4857
2023-08-17 11:05:17,6,12,4385,4857
2023-08-17 11:05:18,6,13,4385,4857
2023-08-17 11:05:18,6,11,4385,4857
2023-08-17 11:05:19,6,13,4385,4857
2023-08-17 11:05:20,6,12,4385,4857
2023-08-17 11:05:21,6,13,4385,4857
2023-08-17 11:05:21,6,11,4385,4857
2023-08-17 11:05:22,6,12,4385,4857
2023-08-17 11:05:22,6,10,4385,4857
2023-08-17 11:05:23,6,12,4385,4857
2023-08-17 11:05:24,6,11,4385,4857
2023-08-17 11:05:25,6,12,4385,4857
2023-08-17 11:05:25,6,10,4385,4857
2023-08-17 11:05:26,6,12,4385,4857
2023-08-17 11:05:27,6,11,4385,4857
2023-08-17 11:05:28,6,12,4385,4857
2023-08-17 11:05:28,6,10,4385,4857
2023-08-17 11:05:29,6,12,4385,4857
2023-08-17 11:05:30,6,11,4385,4857
2023-08-17 11:05:31,6,12,4385,4857
2023-08-17 11:05:31,6,10,4385,4857
2023-08-17 11:05:32,6,12,4385,4857
2023-08-17 11:05:32,5,12,4385,4857
2023-08-17 11:05:33,5,11,4385,4857
2023-08-17 11:05:34,5,12,4385,4857
2023-08-17 11:05:35,5,11,4385,4857
2023-08-17 11:05:36,5,12,4385,4857
2023-08-17 11:05:37,5,11,4385,4857
2023-08-17 11:05:38,5,12,4385,4857
2023-08-17 11:05:39,5,11,4385,4857
2023-08-17 11:05:40,5,12,4385,4857
2023-08-17 11:05:40,5,14,4385,4857
2023-08-17 11:05:40,5,13,4385,4857
2023-08-17 11:05:41,5,12,4385,4857
2023-08-17 11:05:42,5,11,4385,4857
2023-08-17 11:05:43,5,13,4385,4857
2023-08-17 11:05:44,5,12,4385,4857
2023-08-17 11:05:45,5,13,4385,4857
2023-08-17 11:05:45,5,11,4385,4857
2023-08-17 11:05:46,5,13,4385,4857
2023-08-17 11:05:47,5,12,4385,4857
2023-08-17 11:05:48,5,13,4385,4857
2023-08-17 11:05:48,5,11,4385,4857
2023-08-17 11:05:49,5,13,4385,4857
2023-08-17 11:05:50,5,12,4385,4857
2023-08-17 11:05:51,5,13,4385,4857
2023-08-17 11:05:51,5,11,4385,4857
2023-08-17 11:05:52,5,13,4385,4857
2023-08-17 11:05:53,5,12,4385,4857
2023-08-17 11:05:54,5,13,4385,4857
2023-08-17 11:05:54,5,11,4385,4857
2023-08-17 11:05:55,5,13,4385,4857
2023-08-17 11:05:55,5,10,4385,4857
2023-08-17 11:05:56,5,12,4385,4857
2023-08-17 11:05:57,5,11,4385,4857
2023-08-17 11:05:58,5,12,4385,4857
2023-08-17 11:05:58,5,10,4385,4857
2023-08-17 11:05:59,5,12,4385,4857
2023-08-17 11:06:00,5,11,4385,4857
2023-08-17 11:06:01,5,12,4385,4857
2023-08-17 11:06:01,5,10,4385,4857
2023-08-17 11:06:02,5,12,4385,4857
2023-08-17 11:06:03,5,11,4385,4857
2023-08-17 11:06:04,5,12,4385,4857
2023-08-17 11:06:04,5,10,4385,4857
2023-08-17 11:06:05,5,12,4385,4857
2023-08-17 11:06:06,5,11,4385,4857
2023-08-17 11:06:07,5,12,4385,4857
2023-08-17 11:06:07,5,10,4385,4857
2023-08-17 11:06:08,5,12,4385,4857
2023-08-17 11:06:09,5,11,4385,4857
2023-08-17 11:06:10,5,12,4385,4857
2023-08-17 11:06:10,5,10,4385,4857
2023-08-17 11:06:11,5,12,4385,4857
2023-08-17 11:06:12,5,11,4385,4857
2023-08-17 11:06:13,5,12,4385,4857
2023-08-17 11:06:13,5,10,4385,4857
2023-08-17 11:06:14,5,12,4385,4857
2023-08-17 11:06:15,5,11,4385,4857
2023-08-17 11:06:16,5,12,4385,4857
2023-08-17 11:06:16,5,10,4385,4857
2023-08-17 11:06:17,5,12,4385,4857
2023-08-17 11:06:17,5,9,4385,4857
2023-08-17 11:06:18,5,11,4385,4857
2023-08-17 11:06:18,5,10,4385,4857
2023-08-17 11:06:19,5,9,4385,4857
2023-08-17 11:06:20,5,11,4385,4857
2023-08-17 11:06:21,5,10,4385,4857
2023-08-17 11:06:22,5,11,4385,4857
2023-08-17 11:06:22,5,9,4385,4857
2023-08-17 11:06:23,5,11,4385,4857
2023-08-17 11:06:24,5,10,4385,4857
2023-08-17 11:06:25,5,11,4385,4857
2023-08-17 11:06:25,5,9,4385,4857
2023-08-17 11:06:26,5,11,4385,4857
2023-08-17 11:06:26,5,8,4385,4857
2023-08-17 11:06:27,5,11,4385,4857
2023-08-17 11:06:28,5,10,4385,4857
2023-08-17 11:06:29,5,11,4385,4857
2023-08-17 11:06:29,5,9,4385,4857
2023-08-17 11:06:30,5,11,4385,4857
2023-08-17 11:06:30,5,8,4385,4857
2023-08-17 11:06:31,5,11,4385,4857
2023-08-17 11:06:32,5,10,4385,4857
2023-08-17 11:06:33,5,11,4385,4857
2023-08-17 11:06:33,5,9,4385,4857
2023-08-17 11:06:34,5,11,4385,4857
2023-08-17 11:06:34,5,8,4385,4857
2023-08-17 11:06:35,5,11,4385,4857
2023-08-17 11:06:36,5,10,4385,4857
2023-08-17 11:06:37,5,11,4385,4857
2023-08-17 11:06:37,5,9,4385,4857
2023-08-17 11:06:38,5,11,4385,4857
2023-08-17 11:06:38,5,8,4385,4857
2023-08-17 11:06:39,5,11,4385,4857
2023-08-17 11:06:40,5,10,4385,4857
2023-08-17 11:06:41,5,11,4385,4857
2023-08-17 11:06:41,5,9,4385,4857
2023-08-17 11:06:42,5,11,4385,4857
2023-08-17 11:06:43,5,10,4385,4857
2023-08-17 11:06:44,5,11,4385,4857
2023-08-17 11:06:44,5,9,4385,4857
2023-08-17 11:06:45,5,11,4385,4857
2023-08-17 11:06:46,5,10,4385,4857
2023-08-17 11:06:47,5,11,4385,4857
2023-08-17 11:06:47,5,9,4385,4857
2023-08-17 11:06:48,5,11,4385,4857
2023-08-17 11:06:49,5,10,4385,4857
2023-08-17 11:06:50,5,11,4385,4857
2023-08-17 11:06:50,5,9,4385,4857
2023-08-17 11:06:51,5,11,4385,4857
2023-08-17 11:06:52,5,10,4385,4857
2023-08-17 11:06:53,5,11,4385,4857
2023-08-17 11:06:53,5,9,4385,4857
2023-08-17 11:06:54,5,11,4385,4857
2023-08-17 11:06:55,5,10,4385,4857
2023-08-17 11:06:56,5,11,4385,4857
2023-08-17 11:06:57,5,10,4385,4857
2023-08-17 11:06:58,5,11,4385,4857
2023-08-17 11:06:59,5,10,4385,4857
2023-08-17 11:07:00,5,11,4385,4857
2023-08-17 11:07:02,5,12,4385,4857
2023-08-17 11:07:03,5,11,4385,4857
2023-08-17 11:07:04,5,12,4385,4857
2023-08-17 11:07:04,5,10,4385,4857
2023-08-17 11:07:05,5,12,4385,4857
2023-08-17 11:07:06,5,11,4385,4857
2023-08-17 11:07:07,5,12,4385,4857
2023-08-17 11:07:07,5,10,4385,4857
2023-08-17 11:07:08,5,12,4385,4857
2023-08-17 11:07:09,5,11,4385,4857
2023-08-17 11:07:10,5,12,4385,4857
2023-08-17 11:07:10,5,10,4385,4857
2023-08-17 11:07:11,5,12,4385,4857
2023-08-17 11:07:11,5,9,4385,4857
2023-08-17 11:07:12,5,12,4385,4857
2023-08-17 11:07:13,5,11,4385,4857
2023-08-17 11:07:14,5,10,4385,4857
2023-08-17 11:07:15,5,11,4385,4857
2023-08-17 11:07:15,5,9,4385,4857
2023-08-17 11:07:16,5,11,4385,4857
2023-08-17 11:07:17,5,10,4385,4857
2023-08-17 11:07:18,5,11,4385,4857
2023-08-17 11:07:18,5,9,4385,4857
2023-08-17 11:07:19,5,11,4385,4857
2023-08-17 11:07:20,5,10,4385,4857
2023-08-17 11:07:21,5,11,4385,4857
2023-08-17 11:07:21,5,9,4385,4857
2023-08-17 11:07:22,5,11,4385,4857
2023-08-17 11:07:23,5,10,4385,4857
2023-08-17 11:07:24,5,11,4385,4857
2023-08-17 11:07:25,5,10,4385,4857
2023-08-17 11:07:26,5,11,4385,4857
2023-08-17 11:07:27,5,10,4385,4857
2023-08-17 11:07:28,5,11,4385,4857
2023-08-17 11:07:28,5,9,4385,4857
2023-08-17 11:07:29,5,11,4385,4857
2023-08-17 11:07:30,5,10,4385,4857
2023-08-17 11:07:31,5,11,4385,4857
2023-08-17 11:07:31,5,9,4385,4857
2023-08-17 11:07:32,5,11,4385,4857
2023-08-17 11:07:33,5,10,4385,4857
2023-08-17 11:07:34,5,11,4385,4857
2023-08-17 11:07:35,5,10,4385,4857
2023-08-17 11:07:36,5,11,4385,4857
2023-08-17 11:07:37,5,10,4385,4857
2023-08-17 11:07:38,5,11,4385,4857
2023-08-17 11:07:39,5,10,4385,4857
2023-08-17 11:07:40,5,11,4385,4857
2023-08-17 11:07:41,5,10,4385,4857
2023-08-17 11:07:42,5,11,4385,4857
2023-08-17 11:07:42,5,9,4385,4857
2023-08-17 11:07:43,5,11,4385,4857
2023-08-17 11:07:44,5,10,4385,4857
2023-08-17 11:07:45,5,11,4385,4857
2023-08-17 11:07:45,5,9,4385,4857
2023-08-17 11:07:46,5,11,4385,4857
2023-08-17 11:07:47,5,10,4385,4857
2023-08-17 11:07:48,5,11,4385,4857
2023-08-17 11:07:49,5,10,4385,4857
2023-08-17 11:07:50,5,11,4385,4857
2023-08-17 11:07:51,5,10,4385,4857
2023-08-17 11:07:52,5,11,4385,4857
2023-08-17 11:07:52,5,13,4385,4857
2023-08-17 11:07:52,5,12,4385,4857
2023-08-17 11:07:53,5,11,4385,4857
2023-08-17 11:07:54,5,12,4385,4857
2023-08-17 11:07:54,5,10,4385,4857
2023-08-17 11:07:55,5,12,4385,4857
2023-08-17 11:07:56,5,11,4385,4857
2023-08-17 11:07:57,5,12,4385,4857
2023-08-17 11:07:57,5,10,4385,4857
2023-08-17 11:07:58,5,12,4385,4857
2023-08-17 11:07:59,5,11,4385,4857
2023-08-17 11:08:00,5,12,4385,4857
2023-08-17 11:08:01,5,11,4385,4857
2023-08-17 11:08:02,5,12,4385,4857
2023-08-17 11:08:02,5,13,4385,4857
2023-08-17 11:08:02,6,13,4385,4857
2023-08-17 11:08:03,6,12,4385,4857
2023-08-17 11:08:04,6,13,4385,4857
2023-08-17 11:08:05,6,12,4385,4857
2023-08-17 11:08:06,6,13,4385,4857
2023-08-17 11:08:07,6,12,4385,4857
2023-08-17 11:08:08,6,13,4385,4857
2023-08-17 11:08:09,6,12,4385,4857
2023-08-17 11:08:10,6,13,4385,4857
2023-08-17 11:08:11,6,12,4385,4857
2023-08-17 11:08:12,6,13,4385,4857
2023-08-17 11:08:15,6,12,4385,4857
2023-08-17 11:08:16,6,13,4385,4857
2023-08-17 11:08:17,6,12,4385,4857
2023-08-17 11:08:18,6,13,4385,4857
2023-08-17 11:08:19,6,12,4385,4857
2023-08-17 11:08:20,6,13,4385,4857
2023-08-17 11:08:21,6,12,4385,4857
2023-08-17 11:08:22,6,13,4385,4857
2023-08-17 11:08:23,6,12,4385,4857
2023-08-17 11:08:24,6,13,4385,4857
2023-08-17 11:08:24,5,13,4385,4857
2023-08-17 11:08:24,6,13,4385,4857
2023-08-17 11:08:25,6,12,4385,4857
2023-08-17 11:08:26,6,13,4385,4857
2023-08-17 11:09:24,5,29,4385,4857
2023-08-17 11:09:24,5,28,4385,4857
2023-08-17 11:09:25,5,27,4385,4857
2023-08-17 11:09:25,5,26,4385,4857
2023-08-17 11:09:25,6,26,4385,4857
2023-08-17 11:09:25,7,26,4385,4857
2023-08-17 11:09:25,7,16,4385,4857
2023-08-17 11:09:25,7,14,4385,4857
2023-08-17 11:09:26,7,13,4385,4857
2023-08-17 11:09:27,7,14,4385,4857
2023-08-17 11:09:28,7,13,4385,4857
2023-08-17 11:09:29,7,14,4385,4857
2023-08-17 11:09:30,7,13,4385,4857
2023-08-17 11:09:31,7,14,4385,4857
2023-08-17 11:09:32,7,13,4385,4857
2023-08-17 11:09:33,7,14,4385,4857
2023-08-17 11:09:34,7,13,4385,4857
2023-08-17 11:09:35,7,14,4385,4857
2023-08-17 11:09:36,7,13,4385,4857
2023-08-17 11:09:37,7,14,4385,4857
2023-08-17 11:09:38,7,13,4385,4857
2023-08-17 11:09:39,7,14,4385,4857
2023-08-17 11:09:40,7,13,4385,4857
2023-08-17 11:09:41,7,14,4385,4857
2023-08-17 11:09:42,7,13,4385,4857
2023-08-17 11:09:43,7,14,4385,4857
2023-08-17 11:09:44,7,13,4385,4857
2023-08-17 11:09:45,7,14,4385,4857
2023-08-17 11:09:46,7,13,4385,4857
2023-08-17 11:09:47,7,14,4385,4857
2023-08-17 11:09:48,7,13,4385,4857
2023-08-17 11:09:49,7,14,4385,4857
2023-08-17 11:09:50,7,13,4385,4857
2023-08-17 11:09:51,7,14,4385,4857
2023-08-17 11:09:52,7,13,4385,4857
2023-08-17 11:09:53,7,14,4385,4857
2023-08-17 11:09:54,7,13,4385,4857
2023-08-17 11:09:55,7,14,4385,4857
2023-08-17 11:09:56,7,13,4385,4857
2023-08-17 11:09:57,7,14,4385,4857
2023-08-17 11:09:58,7,13,4385,4857
2023-08-17 11:09:59,7,14,4385,4857
2023-08-17 11:10:00,7,13,4385,4857
2023-08-17 11:10:01,7,14,4385,4857
2023-08-17 11:10:02,7,13,4385,4857
2023-08-17 11:10:03,7,14,4385,4857
2023-08-17 11:10:04,7,13,4385,4857
2023-08-17 11:10:05,7,14,4385,4857
2023-08-17 11:10:06,7,13,4385,4857
2023-08-17 11:10:07,7,14,4385,4857
2023-08-17 11:10:08,7,13,4385,4857
2023-08-17 11:10:09,7,14,4385,4857
2023-08-17 11:10:10,7,13,4385,4857
2023-08-17 11:10:11,7,14,4385,4857
2023-08-17 11:10:12,7,13,4385,4857
2023-08-17 11:10:13,7,14,4385,4857
2023-08-17 11:10:14,7,13,4385,4857
2023-08-17 11:10:15,7,14,4385,4857
2023-08-17 11:10:16,7,13,4385,4857
2023-08-17 11:10:17,7,14,4385,4857
2023-08-17 11:10:17,7,12,4385,4857
2023-08-17 11:10:18,7,14,4385,4857
2023-08-17 11:10:18,7,11,4385,4857
2023-08-17 11:10:19,7,13,4385,4857
2023-08-17 11:10:20,7,12,4385,4857
2023-08-17 11:10:21,7,13,4385,4857
2023-08-17 11:10:21,7,11,4385,4857
2023-08-17 11:10:22,7,13,4385,4857
2023-08-17 11:10:23,6,13,4385,4857
2023-08-17 11:10:23,6,12,4385,4857
2023-08-17 11:10:24,6,13,4385,4857
2023-08-17 11:10:24,6,11,4385,4857
2023-08-17 11:10:25,6,13,4385,4857
2023-08-17 11:10:26,6,12,4385,4857
2023-08-17 11:10:27,6,13,4385,4857
2023-08-17 11:10:27,6,11,4385,4857
2023-08-17 11:10:28,6,12,4385,4857
2023-08-17 11:10:28,6,10,4385,4857
2023-08-17 11:10:29,6,12,4385,4857
2023-08-17 11:10:30,6,11,4385,4857
2023-08-17 11:10:31,6,12,4385,4857
2023-08-17 11:10:31,6,10,4385,4857
2023-08-17 11:10:32,6,12,4385,4857
2023-08-17 11:10:33,6,11,4385,4857
2023-08-17 11:10:34,6,12,4385,4857
2023-08-17 11:10:34,6,10,4385,4857
2023-08-17 11:10:35,6,12,4385,4857
2023-08-17 11:10:36,6,11,4385,4857
2023-08-17 11:10:37,6,12,4385,4857
2023-08-17 11:10:37,6,10,4385,4857
2023-08-17 11:10:38,6,12,4385,4857
2023-08-17 11:10:39,6,11,4385,4857
2023-08-17 11:10:40,6,12,4385,4857
2023-08-17 11:10:40,6,10,4385,4857
2023-08-17 11:10:40,5,10,4385,4857
2023-08-17 11:10:41,5,12,4385,4857
2023-08-17 11:10:42,5,11,4385,4857
2023-08-17 11:10:43,5,12,4385,4857
2023-08-17 11:10:43,5,10,4385,4857
2023-08-17 11:10:44,5,12,4385,4857
2023-08-17 11:10:45,5,11,4385,4857
2023-08-17 11:10:46,5,12,4385,4857
2023-08-17 11:10:46,5,10,4385,4857
2023-08-17 11:10:47,5,12,4385,4857
2023-08-17 11:10:47,5,16,4385,4857
2023-08-17 11:10:47,5,15,4385,4857
2023-08-17 11:10:47,5,13,4385,4857
2023-08-17 11:10:47,5,12,4385,4857
2023-08-17 11:10:48,5,11,4385,4857
2023-08-17 11:10:49,5,12,4385,4857
2023-08-17 11:10:50,5,11,4385,4857
2023-08-17 11:10:51,5,12,4385,4857
2023-08-17 11:10:51,5,10,4385,4857
2023-08-17 11:10:52,5,12,4385,4857
2023-08-17 11:10:53,5,11,4385,4857
2023-08-17 11:10:54,5,12,4385,4857
2023-08-17 11:10:54,5,10,4385,4857
2023-08-17 11:10:55,5,12,4385,4857
2023-08-17 11:10:56,5,11,4385,4857
2023-08-17 11:10:57,5,12,4385,4857
2023-08-17 11:10:57,5,10,4385,4857
2023-08-17 11:10:58,5,12,4385,4857
2023-08-17 11:10:59,5,11,4385,4857
2023-08-17 11:11:00,5,12,4385,4857
2023-08-17 11:11:00,5,10,4385,4857
2023-08-17 11:11:01,5,12,4385,4857
2023-08-17 11:11:02,5,11,4385,4857
2023-08-17 11:11:03,5,12,4385,4857
2023-08-17 11:11:03,5,10,4385,4857
2023-08-17 11:11:04,5,12,4385,4857
2023-08-17 11:11:04,5,15,4385,4857
2023-08-17 11:11:04,5,12,4385,4857
2023-08-17 11:11:05,5,11,4385,4857
2023-08-17 11:11:06,5,12,4385,4857
2023-08-17 11:11:06,5,10,4385,4857
2023-08-17 11:11:07,5,12,4385,4857
2023-08-17 11:11:08,5,11,4385,4857
2023-08-17 11:11:09,5,12,4385,4857
2023-08-17 11:11:09,5,10,4385,4857
2023-08-17 11:11:10,5,12,4385,4857
2023-08-17 11:11:11,5,11,4385,4857
2023-08-17 11:11:12,5,12,4385,4857
2023-08-17 11:11:12,5,10,4385,4857
2023-08-17 11:11:13,5,12,4385,4857
2023-08-17 11:11:14,5,11,4385,4857
2023-08-17 11:11:15,5,12,4385,4857
2023-08-17 11:11:15,5,10,4385,4857
2023-08-17 11:11:16,5,12,4385,4857
2023-08-17 11:11:17,5,11,4385,4857
2023-08-17 11:11:18,5,12,4385,4857
2023-08-17 11:11:18,5,10,4385,4857
2023-08-17 11:11:19,5,12,4385,4857
2023-08-17 11:11:20,5,11,4385,4857
2023-08-17 11:11:21,5,12,4385,4857
2023-08-17 11:11:21,5,10,4385,4857
2023-08-17 11:11:22,5,12,4385,4857
2023-08-17 11:11:23,5,11,4385,4857
2023-08-17 11:11:24,5,12,4385,4857
2023-08-17 11:11:24,5,10,4385,4857
2023-08-17 11:11:25,5,12,4385,4857
2023-08-17 11:11:26,5,11,4385,4857
2023-08-17 11:11:27,5,12,4385,4857
2023-08-17 11:11:27,5,10,4385,4857
2023-08-17 11:11:28,5,12,4385,4857
2023-08-17 11:11:29,5,11,4385,4857
2023-08-17 11:11:30,5,12,4385,4857
2023-08-17 11:11:30,5,10,4385,4857
2023-08-17 11:11:31,5,12,4385,4857
2023-08-17 11:11:32,5,11,4385,4857
2023-08-17 11:11:33,5,12,4385,4857
2023-08-17 11:11:33,5,10,4385,4857
2023-08-17 11:11:34,5,12,4385,4857
2023-08-17 11:11:34,5,9,4385,4857
2023-08-17 11:11:35,5,12,4385,4857
2023-08-17 11:11:36,5,11,4385,4857
2023-08-17 11:11:37,5,12,4385,4857
2023-08-17 11:11:37,5,10,4385,4857
2023-08-17 11:11:38,5,12,4385,4857
2023-08-17 11:11:39,5,11,4385,4857
2023-08-17 11:11:40,5,12,4385,4857
2023-08-17 11:11:40,5,10,4385,4857
2023-08-17 11:11:41,5,12,4385,4857
2023-08-17 11:11:42,5,11,4385,4857
2023-08-17 11:11:43,5,12,4385,4857
2023-08-17 11:11:43,5,10,4385,4857
2023-08-17 11:11:44,5,12,4385,4857
2023-08-17 11:11:45,5,11,4385,4857
2023-08-17 11:11:46,5,12,4385,4857
2023-08-17 11:11:46,5,10,4385,4857
2023-08-17 11:11:47,5,9,4385,4857
2023-08-17 11:11:48,5,12,4385,4857
2023-08-17 11:11:49,5,11,4385,4857
2023-08-17 11:11:50,5,12,4385,4857
2023-08-17 11:11:50,5,10,4385,4857
2023-08-17 11:11:51,5,12,4385,4857
2023-08-17 11:11:52,5,11,4385,4857
2023-08-17 11:11:53,5,12,4385,4857
2023-08-17 11:11:53,5,10,4385,4857
2023-08-17 11:11:54,5,12,4385,4857
2023-08-17 11:11:55,5,11,4385,4857
2023-08-17 11:11:56,5,12,4385,4857
2023-08-17 11:11:56,5,10,4385,4857
2023-08-17 11:11:57,5,12,4385,4857
2023-08-17 11:11:58,5,11,4385,4857
2023-08-17 11:11:59,5,12,4385,4857
2023-08-17 11:11:59,5,10,4385,4857
2023-08-17 11:12:00,5,12,4385,4857
2023-08-17 11:12:01,5,11,4385,4857
2023-08-17 11:12:02,5,12,4385,4857
2023-08-17 11:12:02,5,10,4385,4857
2023-08-17 11:12:02,5,9,4385,4857
2023-08-17 11:12:13,5,8,4385,4857
2023-08-17 11:12:14,5,9,4385,4857
2023-08-17 11:12:14,5,7,4385,4857
2023-08-17 11:12:15,5,9,4385,4857
2023-08-17 11:12:16,5,8,4385,4857
2023-08-17 11:12:17,5,9,4385,4857
2023-08-17 11:12:18,5,8,4385,4857
2023-08-17 11:12:19,5,9,4385,4857
2023-08-17 11:13:02,6,9,4385,4857
2023-08-17 11:13:13,5,9,4385,4857
2023-08-17 11:13:13,6,9,4385,4857
2023-08-17 11:13:32,6,13,4385,4857
2023-08-17 11:13:33,6,12,4385,4857
2023-08-17 11:13:34,6,13,4385,4857
2023-08-17 11:13:34,6,11,4385,4857
2023-08-17 11:13:35,6,13,4385,4857
2023-08-17 11:13:35,6,15,4385,4857
2023-08-17 11:13:35,6,13,4385,4857
2023-08-17 11:13:36,6,12,4385,4857
2023-08-17 11:13:37,6,13,4385,4857
2023-08-17 11:13:37,6,11,4385,4857
2023-08-17 11:13:38,6,13,4385,4857
2023-08-17 11:13:39,6,12,4385,4857
2023-08-17 11:13:39,6,11,4385,4857
2023-08-17 11:13:44,6,10,4385,4857
2023-08-17 11:13:45,6,11,4385,4857
2023-08-17 11:13:46,6,10,4385,4857
2023-08-17 11:13:47,6,11,4385,4857
2023-08-17 11:13:48,6,10,4385,4857
2023-08-17 11:13:49,6,11,4385,4857
2023-08-17 11:13:50,6,10,4385,4857
2023-08-17 11:13:51,6,11,4385,4857
2023-08-17 11:13:52,6,10,4385,4857
2023-08-17 11:13:53,6,11,4385,4857
2023-08-17 11:13:53,5,11,4385,4857
2023-08-17 11:13:54,5,10,4385,4857
2023-08-17 11:13:55,5,11,4385,4857
2023-08-17 11:13:55,5,9,4385,4857
2023-08-17 11:13:56,5,11,4385,4857
2023-08-17 11:13:57,5,10,4385,4857
2023-08-17 11:13:58,5,11,4385,4857
2023-08-17 11:13:58,5,9,4385,4857
2023-08-17 11:13:59,5,11,4385,4857
2023-08-17 11:14:00,5,10,4385,4857
2023-08-17 11:14:01,5,11,4385,4857
2023-08-17 11:14:01,5,9,4385,4857
2023-08-17 11:14:02,5,11,4385,4857
2023-08-17 11:14:03,5,10,4385,4857
2023-08-17 11:14:04,5,11,4385,4857
2023-08-17 11:14:04,5,9,4385,4857
2023-08-17 11:14:05,5,11,4385,4857
2023-08-17 11:14:06,5,10,4385,4857
2023-08-17 11:14:07,5,11,4385,4857
2023-08-17 11:14:08,5,10,4385,4857
2023-08-17 11:14:09,5,11,4385,4857
2023-08-17 11:14:10,5,10,4385,4857
2023-08-17 11:14:11,5,11,4385,4857
2023-08-17 11:14:19,5,10,4385,4857
2023-08-17 11:14:20,5,11,4385,4857
2023-08-17 11:14:21,5,10,4385,4857
2023-08-17 11:14:22,5,11,4385,4857
2023-08-17 11:14:23,5,10,4385,4857
2023-08-17 11:14:24,5,11,4385,4857
2023-08-17 11:14:25,5,10,4385,4857
2023-08-17 11:14:26,5,11,4385,4857
2023-08-17 11:14:26,5,9,4385,4857
2023-08-17 11:14:27,5,11,4385,4857
2023-08-17 11:14:28,5,10,4385,4857
2023-08-17 11:14:29,5,11,4385,4857
2023-08-17 11:14:29,5,9,4385,4857
2023-08-17 11:14:30,5,11,4385,4857
2023-08-17 11:14:31,5,10,4385,4857
2023-08-17 11:14:32,5,11,4385,4857
2023-08-17 11:14:32,5,9,4385,4857
2023-08-17 11:14:33,5,11,4385,4857
2023-08-17 11:14:34,5,10,4385,4857
2023-08-17 11:14:35,5,11,4385,4857
2023-08-17 11:14:35,5,9,4385,4857
2023-08-17 11:14:36,5,11,4385,4857
2023-08-17 11:14:37,5,10,4385,4857
2023-08-17 11:14:38,5,11,4385,4857
2023-08-17 11:14:39,5,10,4385,4857
2023-08-17 11:14:40,5,11,4385,4857
2023-08-17 11:14:41,5,10,4385,4857
2023-08-17 11:14:42,5,11,4385,4857
2023-08-17 11:14:43,5,10,4385,4857
2023-08-17 11:14:44,5,11,4385,4857
2023-08-17 11:14:49,5,10,4385,4857
2023-08-17 11:14:50,5,11,4385,4857
2023-08-17 11:14:51,5,10,4385,4857
2023-08-17 11:14:52,5,11,4385,4857
2023-08-17 11:15:37,6,11,4385,4857
2023-08-17 11:15:44,6,10,4385,4857
2023-08-17 11:15:45,6,11,4385,4857
2023-08-17 11:15:46,6,10,4385,4857
2023-08-17 11:15:47,6,11,4385,4857
2023-08-17 11:15:47,5,11,4385,4857
2023-08-17 11:15:48,5,10,4385,4857
2023-08-17 11:15:49,5,11,4385,4857
2023-08-17 11:15:50,5,10,4385,4857
2023-08-17 11:15:51,5,11,4385,4857
2023-08-17 11:15:52,5,10,4385,4857
2023-08-17 11:15:53,5,11,4385,4857
2023-08-17 11:15:56,5,10,4385,4857
2023-08-17 11:16:04,6,10,4385,4857
2023-08-17 11:16:11,5,10,4385,4857
2023-08-17 11:16:48,5,9,4385,4857
2023-08-17 11:16:49,5,10,4385,4857
2023-08-17 11:16:56,5,9,4385,4857
2023-08-17 11:16:57,5,10,4385,4857
2023-08-17 11:16:58,5,9,4385,4857
2023-08-17 11:16:59,5,10,4385,4857
2023-08-17 11:17:01,5,9,4385,4857
2023-08-17 11:17:02,5,10,4385,4857
2023-08-17 11:17:03,5,9,4385,4857
2023-08-17 11:17:04,5,10,4385,4857
2023-08-17 11:17:18,5,9,4385,4857
2023-08-17 11:17:19,5,10,4385,4857
2023-08-17 11:17:20,5,9,4385,4857
2023-08-17 11:17:21,5,10,4385,4857
2023-08-17 11:17:22,5,9,4385,4857
2023-08-17 11:17:23,5,10,4385,4857
2023-08-17 11:17:24,5,9,4385,4857
2023-08-17 11:17:25,5,10,4385,4857
2023-08-17 11:18:22,6,10,4385,4857
2023-08-17 11:20:24,5,10,4385,4857
2023-08-17 11:20:24,6,10,4385,4857
2023-08-17 11:21:03,5,10,4385,4857
2023-08-17 11:21:15,5,9,4385,4857
2023-08-17 11:21:19,6,9,4385,4857
2023-08-17 11:21:28,6,9,4635,5107
2023-08-17 11:21:28,6,13,4635,5107
2023-08-17 11:21:29,5,13,4635,5107
2023-08-17 11:21:29,5,15,4635,5107
2023-08-17 11:21:29,6,15,4635,5107
2023-08-17 11:21:29,7,15,4635,5107
2023-08-17 11:21:29,7,14,4635,5107
2023-08-17 11:21:33,8,14,4635,5107
2023-08-17 11:21:35,8,15,4635,5107
2023-08-17 11:21:36,8,14,4635,5107
2023-08-17 11:21:36,8,11,4635,5107
2023-08-17 11:21:49,7,11,4635,5107
2023-08-17 11:21:49,5,11,4635,5107
2023-08-17 11:21:49,7,11,4635,5107
2023-08-17 11:22:13,7,10,4635,5107
2023-08-17 11:22:32,7,15,6385,6857
2023-08-17 11:22:33,7,14,6385,6857
2023-08-17 11:22:34,7,15,6385,6857
2023-08-17 11:22:34,7,13,6385,6857
2023-08-17 11:22:35,7,14,6385,6857
2023-08-17 11:22:36,7,13,6385,6857
2023-08-17 11:22:37,7,12,6385,6857
2023-08-17 11:22:38,7,13,6385,6857
2023-08-17 11:22:39,6,13,6385,6857
2023-08-17 11:22:39,6,12,6385,6857
2023-08-17 11:22:40,6,13,6385,6857
2023-08-17 11:22:40,6,29,6385,6857
2023-08-17 11:22:40,6,13,6385,6857
2023-08-17 11:22:41,6,12,6385,6857
2023-08-17 11:22:42,6,13,6385,6857
2023-08-17 11:22:42,6,11,6385,6857
2023-08-17 11:22:43,6,13,6385,6857
2023-08-17 11:22:44,6,12,6385,6857
2023-08-17 11:22:45,6,13,6385,6857
2023-08-17 11:22:45,6,11,6385,6857
2023-08-17 11:22:46,6,13,6385,6857
2023-08-17 11:22:46,6,10,6385,6857
2023-08-17 11:22:47,6,13,6385,6857
2023-08-17 11:22:48,6,12,6385,6857
2023-08-17 11:22:48,5,12,6385,6857
2023-08-17 11:22:49,5,11,6385,6857
2023-08-17 11:22:50,5,12,6385,6857
2023-08-17 11:22:50,5,10,6385,6857
2023-08-17 11:22:51,5,12,6385,6857
2023-08-17 11:22:52,5,11,6385,6857
2023-08-17 11:22:53,5,12,6385,6857
2023-08-17 11:22:54,5,11,6385,6857
2023-08-17 11:22:55,5,12,6385,6857
2023-08-17 11:22:56,5,11,6385,6857
2023-08-17 11:22:57,5,12,6385,6857
2023-08-17 11:22:58,5,11,6385,6857
2023-08-17 11:22:59,5,12,6385,6857
2023-08-17 11:23:00,5,11,6385,6857
2023-08-17 11:23:01,5,12,6385,6857
2023-08-17 11:23:02,6,12,6385,6857
2023-08-17 11:23:03,6,13,6385,6857
2023-08-17 11:23:03,6,11,6385,6857
2023-08-17 11:23:04,6,13,6385,6857
2023-08-17 11:23:05,6,12,6385,6857
2023-08-17 11:23:06,6,13,6385,6857
2023-08-17 11:23:06,6,11,6385,6857
2023-08-17 11:23:07,6,13,6385,6857
2023-08-17 11:23:08,6,12,6385,6857
2023-08-17 11:23:09,6,13,6385,6857
2023-08-17 11:23:09,6,11,6385,6857
2023-08-17 11:23:10,6,13,6385,6857
2023-08-17 11:23:11,6,12,6385,6857
2023-08-17 11:23:12,6,13,6385,6857
2023-08-17 11:23:12,6,11,6385,6857
2023-08-17 11:23:13,6,13,6385,6857
2023-08-17 11:23:14,6,12,6385,6857
2023-08-17 11:23:15,6,13,6385,6857
2023-08-17 11:23:15,6,11,6385,6857
2023-08-17 11:23:16,6,13,6385,6857
2023-08-17 11:23:17,6,12,6385,6857
2023-08-17 11:23:18,6,13,6385,6857
2023-08-17 11:23:18,6,11,6385,6857
2023-08-17 11:23:19,6,13,6385,6857
2023-08-17 11:23:19,6,14,6385,6857
2023-08-17 11:23:19,5,14,6385,6857
2023-08-17 11:23:19,6,14,6385,6857
2023-08-17 11:23:19,6,13,6385,6857
2023-08-17 11:23:20,6,12,6385,6857
2023-08-17 11:23:21,6,13,6385,6857
2023-08-17 11:23:21,6,11,6385,6857
2023-08-17 11:23:22,6,13,6385,6857
2023-08-17 11:23:22,6,10,6385,6857
2023-08-17 11:23:23,6,13,6385,6857
2023-08-17 11:23:24,6,12,6385,6857
2023-08-17 11:23:25,6,13,6385,6857
2023-08-17 11:23:25,6,11,6385,6857
2023-08-17 11:23:26,6,13,6385,6857
2023-08-17 11:23:27,6,12,6385,6857
2023-08-17 11:23:28,6,13,6385,6857
2023-08-17 11:23:28,6,11,6385,6857
2023-08-17 11:23:29,6,13,6385,6857
2023-08-17 11:23:30,6,12,6385,6857
2023-08-17 11:23:31,6,13,6385,6857
2023-08-17 11:23:31,6,11,6385,6857
2023-08-17 11:23:32,6,13,6385,6857
2023-08-17 11:23:33,6,12,6385,6857
2023-08-17 11:23:34,6,13,6385,6857
2023-08-17 11:23:34,6,11,6385,6857
2023-08-17 11:23:35,6,13,6385,6857
2023-08-17 11:23:35,6,10,6385,6857
2023-08-17 11:23:36,6,13,6385,6857
2023-08-17 11:23:37,6,12,6385,6857
2023-08-17 11:23:38,6,13,6385,6857
2023-08-17 11:23:38,6,11,6385,6857
2023-08-17 11:23:39,6,13,6385,6857
2023-08-17 11:23:39,6,10,6385,6857
2023-08-17 11:23:40,6,13,6385,6857
2023-08-17 11:23:41,6,12,6385,6857
2023-08-17 11:23:42,6,13,6385,6857
2023-08-17 11:23:42,6,11,6385,6857
2023-08-17 11:23:43,6,13,6385,6857
2023-08-17 11:23:43,6,10,6385,6857
2023-08-17 11:23:44,6,13,6385,6857
2023-08-17 11:23:45,6,12,6385,6857
2023-08-17 11:23:46,6,13,6385,6857
2023-08-17 11:23:46,6,11,6385,6857
2023-08-17 11:23:47,6,13,6385,6857
2023-08-17 11:23:47,6,10,6385,6857
2023-08-17 11:23:48,6,13,6385,6857
2023-08-17 11:23:49,6,12,6385,6857
2023-08-17 11:23:50,6,13,6385,6857
2023-08-17 11:23:50,6,11,6385,6857
2023-08-17 11:23:51,6,13,6385,6857
2023-08-17 11:23:51,6,10,6385,6857
2023-08-17 11:23:52,6,13,6385,6857
2023-08-17 11:23:53,6,12,6385,6857
2023-08-17 11:23:54,6,13,6385,6857
2023-08-17 11:23:54,6,11,6385,6857
2023-08-17 11:23:55,6,13,6385,6857
2023-08-17 11:23:55,6,10,6385,6857
2023-08-17 11:23:56,6,13,6385,6857
2023-08-17 11:23:57,6,12,6385,6857
2023-08-17 11:23:58,6,13,6385,6857
2023-08-17 11:23:58,6,11,6385,6857
2023-08-17 11:23:59,6,13,6385,6857
2023-08-17 11:23:59,6,10,6385,6857
2023-08-17 11:24:00,6,13,6385,6857
2023-08-17 11:24:01,6,12,6385,6857
2023-08-17 11:24:02,6,13,6385,6857
2023-08-17 11:24:02,6,11,6385,6857
2023-08-17 11:24:03,6,13,6385,6857
2023-08-17 11:24:03,6,10,6385,6857
2023-08-17 11:24:04,6,13,6385,6857
2023-08-17 11:24:05,6,12,6385,6857
2023-08-17 11:24:05,5,12,6385,6857
2023-08-17 11:24:06,5,13,6385,6857
2023-08-17 11:24:06,5,11,6385,6857
2023-08-17 11:24:07,5,13,6385,6857
2023-08-17 11:24:07,5,10,6385,6857
2023-08-17 11:24:08,5,13,6385,6857
2023-08-17 11:24:09,5,12,6385,6857
2023-08-17 11:24:10,5,13,6385,6857
2023-08-17 11:24:10,5,11,6385,6857
2023-08-17 11:24:11,5,13,6385,6857
2023-08-17 11:24:11,5,10,6385,6857
2023-08-17 11:24:12,5,13,6385,6857
2023-08-17 11:24:13,5,12,6385,6857
2023-08-17 11:24:14,5,13,6385,6857
2023-08-17 11:24:14,5,11,6385,6857
2023-08-17 11:24:15,5,12,6385,6857
2023-08-17 11:24:15,5,10,6385,6857
2023-08-17 11:24:16,5,12,6385,6857
2023-08-17 11:24:17,5,11,6385,6857
2023-08-17 11:24:18,5,12,6385,6857
2023-08-17 11:24:18,5,10,6385,6857
2023-08-17 11:24:19,5,12,6385,6857
2023-08-17 11:24:20,5,11,6385,6857
2023-08-17 11:24:21,5,12,6385,6857
2023-08-17 11:24:21,5,10,6385,6857
2023-08-17 11:24:22,5,12,6385,6857
2023-08-17 11:24:23,5,11,6385,6857
2023-08-17 11:24:24,5,12,6385,6857
2023-08-17 11:24:24,5,10,6385,6857
2023-08-17 11:24:25,5,12,6385,6857
2023-08-17 11:24:26,5,11,6385,6857
2023-08-17 11:24:27,5,12,6385,6857
2023-08-17 11:24:27,5,10,6385,6857
2023-08-17 11:24:28,5,9,6385,6857
2023-08-17 11:24:29,5,12,6385,6857
2023-08-17 11:24:30,5,11,6385,6857
2023-08-17 11:24:31,5,12,6385,6857
2023-08-17 11:24:31,5,10,6385,6857
2023-08-17 11:24:32,5,12,6385,6857
2023-08-17 11:24:32,5,14,6385,6857
2023-08-17 11:24:32,5,13,6385,6857
2023-08-17 11:24:33,5,12,6385,6857
2023-08-17 11:24:33,5,11,6385,6857
2023-08-17 11:24:34,5,12,6385,6857
2023-08-17 11:24:34,5,10,6385,6857
2023-08-17 11:24:35,5,12,6385,6857
2023-08-17 11:24:36,5,11,6385,6857
2023-08-17 11:24:37,5,12,6385,6857
2023-08-17 11:24:37,5,10,6385,6857
2023-08-17 11:24:38,5,12,6385,6857
2023-08-17 11:24:39,5,11,6385,6857
2023-08-17 11:24:40,5,12,6385,6857
2023-08-17 11:24:40,5,10,6385,6857
2023-08-17 11:24:41,5,12,6385,6857
2023-08-17 11:24:42,5,11,6385,6857
2023-08-17 11:24:43,5,12,6385,6857
2023-08-17 11:24:43,5,10,6385,6857
2023-08-17 11:24:44,5,12,6385,6857
2023-08-17 11:24:44,5,9,6385,6857
2023-08-17 11:24:45,5,12,6385,6857
2023-08-17 11:24:46,5,11,6385,6857
2023-08-17 11:24:47,5,12,6385,6857
2023-08-17 11:24:47,5,10,6385,6857
2023-08-17 11:24:48,5,12,6385,6857
2023-08-17 11:24:49,5,11,6385,6857
2023-08-17 11:24:50,5,12,6385,6857
2023-08-17 11:24:50,5,10,6385,6857
2023-08-17 11:24:51,5,12,6385,6857
2023-08-17 11:24:51,5,9,6385,6857
2023-08-17 11:24:52,5,12,6385,6857
2023-08-17 11:24:53,5,11,6385,6857
2023-08-17 11:24:54,5,12,6385,6857
2023-08-17 11:24:54,5,10,6385,6857
2023-08-17 11:24:55,5,12,6385,6857
2023-08-17 11:24:55,5,9,6385,6857
2023-08-17 11:24:56,5,12,6385,6857
2023-08-17 11:24:57,5,11,6385,6857
2023-08-17 11:24:58,5,12,6385,6857
2023-08-17 11:24:58,5,10,6385,6857
2023-08-17 11:24:59,5,12,6385,6857
2023-08-17 11:24:59,5,9,6385,6857
2023-08-17 11:25:00,5,12,6385,6857
2023-08-17 11:25:01,5,11,6385,6857
2023-08-17 11:25:02,5,12,6385,6857
2023-08-17 11:25:02,5,10,6385,6857
2023-08-17 11:25:03,5,12,6385,6857
2023-08-17 11:25:03,5,9,6385,6857
2023-08-17 11:25:04,5,12,6385,6857
2023-08-17 11:25:05,5,11,6385,6857
2023-08-17 11:25:06,5,12,6385,6857
2023-08-17 11:25:06,5,10,6385,6857
2023-08-17 11:25:07,5,12,6385,6857
2023-08-17 11:25:07,5,9,6385,6857
2023-08-17 11:25:08,5,12,6385,6857
2023-08-17 11:25:09,5,11,6385,6857
2023-08-17 11:25:10,5,12,6385,6857
2023-08-17 11:25:10,5,10,6385,6857
2023-08-17 11:25:11,5,12,6385,6857
2023-08-17 11:25:11,5,9,6385,6857
2023-08-17 11:25:12,5,12,6385,6857
2023-08-17 11:25:13,5,11,6385,6857
2023-08-17 11:25:14,5,12,6385,6857
2023-08-17 11:25:14,5,10,6385,6857
2023-08-17 11:25:15,5,12,6385,6857
2023-08-17 11:25:15,5,9,6385,6857
2023-08-17 11:25:16,5,12,6385,6857
2023-08-17 11:25:17,5,11,6385,6857
2023-08-17 11:25:18,5,12,6385,6857
2023-08-17 11:25:18,5,10,6385,6857
2023-08-17 11:25:19,5,12,6385,6857
2023-08-17 11:25:19,5,9,6385,6857
2023-08-17 11:25:20,5,12,6385,6857
2023-08-17 11:25:21,5,11,6385,6857
2023-08-17 11:25:22,5,12,6385,6857
2023-08-17 11:25:22,5,10,6385,6857
2023-08-17 11:25:23,5,12,6385,6857
2023-08-17 11:25:23,5,9,6385,6857
2023-08-17 11:25:24,5,12,6385,6857
2023-08-17 11:25:25,5,11,6385,6857
2023-08-17 11:25:26,5,12,6385,6857
2023-08-17 11:25:26,5,10,6385,6857
2023-08-17 11:25:27,5,12,6385,6857
2023-08-17 11:25:27,5,9,6385,6857
2023-08-17 11:25:28,5,12,6385,6857
2023-08-17 11:25:29,5,11,6385,6857
2023-08-17 11:25:30,5,12,6385,6857
2023-08-17 11:25:30,5,10,6385,6857
2023-08-17 11:25:31,5,12,6385,6857
2023-08-17 11:25:31,5,9,6385,6857
2023-08-17 11:25:32,5,12,6385,6857
2023-08-17 11:25:33,5,11,6385,6857
2023-08-17 11:25:34,5,12,6385,6857
2023-08-17 11:25:34,5,10,6385,6857
2023-08-17 11:25:35,5,12,6385,6857
2023-08-17 11:25:36,5,11,6385,6857
2023-08-17 11:25:37,5,12,6385,6857
2023-08-17 11:25:37,5,10,6385,6857
2023-08-17 11:25:38,5,12,6385,6857
2023-08-17 11:25:39,5,11,6385,6857
2023-08-17 11:25:40,5,12,6385,6857
2023-08-17 11:25:40,5,10,6385,6857
2023-08-17 11:25:41,5,12,6385,6857
2023-08-17 11:25:41,5,9,6385,6857
2023-08-17 11:25:42,5,12,6385,6857
2023-08-17 11:25:43,5,11,6385,6857
2023-08-17 11:25:44,5,12,6385,6857
2023-08-17 11:25:44,5,10,6385,6857
2023-08-17 11:25:45,5,12,6385,6857
2023-08-17 11:25:45,5,9,6385,6857
2023-08-17 11:25:46,5,12,6385,6857
2023-08-17 11:25:47,5,11,6385,6857
2023-08-17 11:25:48,5,12,6385,6857
2023-08-17 11:25:48,5,10,6385,6857
2023-08-17 11:25:49,5,12,6385,6857
2023-08-17 11:25:50,5,11,6385,6857
2023-08-17 11:25:51,5,12,6385,6857
2023-08-17 11:25:51,5,10,6385,6857
2023-08-17 11:25:52,5,12,6385,6857
2023-08-17 11:25:53,5,11,6385,6857
2023-08-17 11:25:54,5,12,6385,6857
2023-08-17 11:25:54,5,10,6385,6857
2023-08-17 11:25:55,5,12,6385,6857
2023-08-17 11:25:55,5,9,6385,6857
2023-08-17 11:25:56,5,12,6385,6857
2023-08-17 11:25:57,5,11,6385,6857
2023-08-17 11:25:58,5,12,6385,6857
2023-08-17 11:25:58,5,10,6385,6857
2023-08-17 11:25:59,5,12,6385,6857
2023-08-17 11:26:00,5,11,6385,6857
2023-08-17 11:26:01,5,12,6385,6857
2023-08-17 11:26:01,5,10,6385,6857
2023-08-17 11:26:02,5,12,6385,6857
2023-08-17 11:26:03,5,11,6385,6857
2023-08-17 11:26:04,5,12,6385,6857
2023-08-17 11:26:05,5,11,6385,6857
2023-08-17 11:26:06,5,12,6385,6857
2023-08-17 11:26:07,5,11,6385,6857
2023-08-17 11:26:08,5,12,6385,6857
2023-08-17 11:26:09,5,11,6385,6857
2023-08-17 11:26:10,5,12,6385,6857
2023-08-17 11:26:11,5,11,6385,6857
2023-08-17 11:26:11,6,11,6385,6857
2023-08-17 11:26:12,6,13,6385,6857
2023-08-17 11:26:13,6,12,6385,6857
2023-08-17 11:26:14,6,13,6385,6857
2023-08-17 11:26:14,6,11,6385,6857
2023-08-17 11:26:15,6,13,6385,6857
2023-08-17 11:26:16,6,12,6385,6857
2023-08-17 11:26:17,6,13,6385,6857
2023-08-17 11:26:17,6,11,6385,6857
2023-08-17 11:26:18,6,13,6385,6857
2023-08-17 11:26:19,6,12,6385,6857
2023-08-17 11:26:20,6,13,6385,6857
2023-08-17 11:26:20,6,11,6385,6857
2023-08-17 11:26:21,6,13,6385,6857
2023-08-17 11:26:22,6,12,6385,6857
2023-08-17 11:26:23,6,13,6385,6857
2023-08-17 11:26:23,5,13,6385,6857
2023-08-17 11:26:23,5,28,6385,6857
2023-08-17 11:26:23,5,27,6385,6857
2023-08-17 11:26:23,6,27,6385,6857
2023-08-17 11:26:23,6,14,6385,6857
2023-08-17 11:26:24,6,13,6385,6857
2023-08-17 11:26:24,6,12,6385,6857
2023-08-17 11:26:25,6,13,6385,6857
2023-08-17 11:26:26,6,12,6385,6857
2023-08-17 11:26:27,6,13,6385,6857
2023-08-17 11:26:28,6,12,6385,6857
2023-08-17 11:26:29,6,13,6385,6857
2023-08-17 11:26:30,6,12,6385,6857
2023-08-17 11:26:31,6,13,6385,6857
2023-08-17 11:26:32,6,12,6385,6857
2023-08-17 11:26:33,6,13,6385,6857
2023-08-17 11:26:34,6,12,6385,6857
2023-08-17 11:26:35,6,13,6385,6857
2023-08-17 11:26:36,6,12,6385,6857
2023-08-17 11:26:37,6,13,6385,6857
2023-08-17 11:26:38,6,12,6385,6857
2023-08-17 11:26:39,6,13,6385,6857
2023-08-17 11:26:40,6,12,6385,6857
2023-08-17 11:26:41,6,13,6385,6857
2023-08-17 11:26:42,6,12,6385,6857
2023-08-17 11:26:43,6,13,6385,6857
2023-08-17 11:26:44,6,12,6385,6857
2023-08-17 11:26:45,6,13,6385,6857
2023-08-17 11:26:46,6,12,6385,6857
2023-08-17 11:26:47,6,13,6385,6857
2023-08-17 11:26:48,6,12,6385,6857
2023-08-17 11:26:49,6,13,6385,6857
2023-08-17 11:26:50,6,12,6385,6857
2023-08-17 11:26:51,6,13,6385,6857
2023-08-17 11:26:51,5,13,6385,6857
2023-08-17 11:26:51,5,28,6385,6857
2023-08-17 11:26:51,7,28,6385,6857
2023-08-17 11:26:51,7,16,6385,6857
2023-08-17 11:26:51,7,14,6385,6857
2023-08-17 11:26:52,7,13,6385,6857
2023-08-17 11:26:53,7,14,6385,6857
2023-08-17 11:26:54,7,13,6385,6857
2023-08-17 11:26:55,7,14,6385,6857
2023-08-17 11:26:56,7,13,6385,6857
2023-08-17 11:26:57,7,14,6385,6857
2023-08-17 11:26:58,7,13,6385,6857
2023-08-17 11:26:59,7,14,6385,6857
2023-08-17 11:27:00,7,13,6385,6857
2023-08-17 11:27:01,7,14,6385,6857
2023-08-17 11:27:02,7,13,6385,6857
2023-08-17 11:27:03,7,14,6385,6857
2023-08-17 11:27:03,7,12,6385,6857
2023-08-17 11:27:04,7,14,6385,6857
2023-08-17 11:27:05,7,13,6385,6857
2023-08-17 11:27:06,7,14,6385,6857
2023-08-17 11:27:06,7,12,6385,6857
2023-08-17 11:27:07,7,14,6385,6857
2023-08-17 11:27:08,7,13,6385,6857
2023-08-17 11:27:09,7,14,6385,6857
2023-08-17 11:27:10,7,13,6385,6857
2023-08-17 11:27:11,7,14,6385,6857
2023-08-17 11:27:12,7,13,6385,6857
2023-08-17 11:27:13,7,14,6385,6857
2023-08-17 11:27:14,7,13,6385,6857
2023-08-17 11:27:15,7,14,6385,6857
2023-08-17 11:27:16,7,13,6385,6857
2023-08-17 11:27:17,7,14,6385,6857
2023-08-17 11:27:18,7,13,6385,6857
2023-08-17 11:27:19,7,14,6385,6857
2023-08-17 11:27:20,7,13,6385,6857
2023-08-17 11:27:21,7,14,6385,6857
2023-08-17 11:27:22,7,13,6385,6857
2023-08-17 11:27:23,7,14,6385,6857
2023-08-17 11:27:24,7,13,6385,6857
2023-08-17 11:27:25,7,14,6385,6857
2023-08-17 11:27:26,7,13,6385,6857
2023-08-17 11:27:27,7,14,6385,6857
2023-08-17 11:27:28,7,13,6385,6857
2023-08-17 11:27:29,7,14,6385,6857
2023-08-17 11:27:29,5,14,6385,6857
2023-08-17 11:27:29,5,28,6385,6857
2023-08-17 11:27:29,6,28,6385,6857
2023-08-17 11:27:29,7,28,6385,6857
2023-08-17 11:27:29,7,15,6385,6857
2023-08-17 11:27:30,7,14,6385,6857
2023-08-17 11:27:31,7,15,6385,6857
2023-08-17 11:27:31,7,13,6385,6857
2023-08-17 11:27:32,7,15,6385,6857
2023-08-17 11:27:33,7,14,6385,6857
2023-08-17 11:27:34,7,15,6385,6857
2023-08-17 11:27:34,7,13,6385,6857
2023-08-17 11:27:35,7,15,6385,6857
2023-08-17 11:27:36,7,14,6385,6857
2023-08-17 11:27:37,7,15,6385,6857
2023-08-17 11:27:37,7,13,6385,6857
2023-08-17 11:27:38,7,15,6385,6857
2023-08-17 11:27:39,7,14,6385,6857
2023-08-17 11:27:40,7,15,6385,6857
2023-08-17 11:27:40,7,13,6385,6857
2023-08-17 11:27:41,7,15,6385,6857
2023-08-17 11:27:42,7,14,6385,6857
2023-08-17 11:27:43,7,15,6385,6857
2023-08-17 11:27:43,7,13,6385,6857
2023-08-17 11:27:44,7,15,6385,6857
2023-08-17 11:27:45,7,14,6385,6857
2023-08-17 11:27:46,7,15,6385,6857
2023-08-17 11:27:46,7,13,6385,6857
2023-08-17 11:27:47,7,15,6385,6857
2023-08-17 11:27:48,7,14,6385,6857
2023-08-17 11:27:49,7,15,6385,6857
2023-08-17 11:27:49,7,13,6385,6857
2023-08-17 11:27:50,7,15,6385,6857
2023-08-17 11:27:51,7,14,6385,6857
2023-08-17 11:27:52,7,15,6385,6857
2023-08-17 11:27:52,7,13,6385,6857
2023-08-17 11:27:53,7,15,6385,6857
2023-08-17 11:27:54,7,14,6385,6857
2023-08-17 11:27:55,7,15,6385,6857
2023-08-17 11:27:56,7,15,6385,6857
2023-08-17 11:27:57,7,14,6385,6857
2023-08-17 11:27:58,7,15,6385,6857
2023-08-17 11:27:58,7,13,6385,6857
2023-08-17 11:27:59,7,15,6385,6857
2023-08-17 11:28:00,7,14,6385,6857
2023-08-17 11:28:01,7,15,6385,6857
2023-08-17 11:28:01,7,13,6385,6857
2023-08-17 11:28:02,7,15,6385,6857
2023-08-17 11:28:03,7,14,6385,6857
2023-08-17 11:28:04,7,15,6385,6857
2023-08-17 11:28:04,7,13,6385,6857
2023-08-17 11:28:05,7,15,6385,6857
2023-08-17 11:28:06,7,14,6385,6857
2023-08-17 11:28:07,7,15,6385,6857
2023-08-17 11:28:07,7,13,6385,6857
2023-08-17 11:28:08,7,15,6385,6857
2023-08-17 11:28:09,7,14,6385,6857
2023-08-17 11:28:10,7,15,6385,6857
2023-08-17 11:28:10,7,13,6385,6857
2023-08-17 11:28:11,7,15,6385,6857
2023-08-17 11:28:12,7,14,6385,6857
2023-08-17 11:28:13,7,15,6385,6857
2023-08-17 11:28:13,7,13,6385,6857
2023-08-17 11:28:14,7,15,6385,6857
2023-08-17 11:28:15,7,14,6385,6857
2023-08-17 11:28:16,7,15,6385,6857
2023-08-17 11:28:16,7,13,6385,6857
2023-08-17 11:28:17,7,15,6385,6857
2023-08-17 11:28:18,7,14,6385,6857
2023-08-17 11:28:19,7,15,6385,6857
2023-08-17 11:28:19,7,13,6385,6857
2023-08-17 11:28:20,7,15,6385,6857
2023-08-17 11:28:21,7,14,6385,6857
2023-08-17 11:28:22,7,15,6385,6857
2023-08-17 11:28:22,7,13,6385,6857
2023-08-17 11:28:23,7,15,6385,6857
2023-08-17 11:28:24,7,14,6385,6857
2023-08-17 11:28:25,7,15,6385,6857
2023-08-17 11:28:25,7,13,6385,6857
2023-08-17 11:28:26,7,15,6385,6857
2023-08-17 11:28:27,7,14,6385,6857
2023-08-17 11:28:28,7,15,6385,6857
2023-08-17 11:28:28,7,13,6385,6857
2023-08-17 11:28:29,7,15,6385,6857
2023-08-17 11:28:30,7,14,6385,6857
2023-08-17 11:28:31,7,13,6385,6857
2023-08-17 11:28:32,7,14,6385,6857
2023-08-17 11:28:32,7,12,6385,6857
2023-08-17 11:28:33,7,14,6385,6857
2023-08-17 11:28:34,7,13,6385,6857
2023-08-17 11:28:35,7,14,6385,6857
2023-08-17 11:28:36,7,13,6385,6857
2023-08-17 11:28:37,7,14,6385,6857
2023-08-17 11:28:38,7,13,6385,6857
2023-08-17 11:28:39,7,14,6385,6857
2023-08-17 11:28:40,7,13,6385,6857
2023-08-17 11:28:41,7,14,6385,6857
2023-08-17 11:28:42,7,13,6385,6857
2023-08-17 11:28:43,7,14,6385,6857
2023-08-17 11:28:44,7,13,6385,6857
2023-08-17 11:28:45,7,14,6385,6857
2023-08-17 11:28:46,7,13,6385,6857
2023-08-17 11:28:47,7,14,6385,6857
2023-08-17 11:28:48,7,13,6385,6857
2023-08-17 11:28:49,7,14,6385,6857
2023-08-17 11:28:50,7,13,6385,6857
2023-08-17 11:28:51,7,14,6385,6857
2023-08-17 11:28:52,7,13,6385,6857
2023-08-17 11:28:53,7,14,6385,6857
2023-08-17 11:28:54,7,13,6385,6857
2023-08-17 11:28:55,7,14,6385,6857
2023-08-17 11:28:55,7,12,6385,6857
2023-08-17 11:28:56,7,14,6385,6857
2023-08-17 11:28:57,7,13,6385,6857
2023-08-17 11:28:58,7,14,6385,6857
2023-08-17 11:28:59,7,13,6385,6857
2023-08-17 11:29:00,7,14,6385,6857
2023-08-17 11:29:01,7,13,6385,6857
2023-08-17 11:29:02,7,14,6385,6857
2023-08-17 11:29:03,7,13,6385,6857
2023-08-17 11:29:04,7,14,6385,6857
2023-08-17 11:29:05,7,13,6385,6857
2023-08-17 11:29:06,7,14,6385,6857
2023-08-17 11:29:07,7,13,6385,6857
2023-08-17 11:29:08,7,14,6385,6857
2023-08-17 11:29:09,7,13,6385,6857
2023-08-17 11:29:10,7,14,6385,6857
2023-08-17 11:29:11,7,13,6385,6857
2023-08-17 11:29:12,7,14,6385,6857
2023-08-17 11:29:13,7,13,6385,6857
2023-08-17 11:29:14,7,14,6385,6857
2023-08-17 11:29:15,7,13,6385,6857
2023-08-17 11:29:16,7,14,6385,6857
2023-08-17 11:29:17,7,13,6385,6857
2023-08-17 11:29:18,7,14,6385,6857
2023-08-17 11:29:19,7,13,6385,6857
2023-08-17 11:29:20,7,14,6385,6857
2023-08-17 11:29:21,7,13,6385,6857
2023-08-17 11:29:22,7,14,6385,6857
2023-08-17 11:29:23,7,13,6385,6857
2023-08-17 11:29:24,7,14,6385,6857
2023-08-17 11:29:25,7,13,6385,6857
2023-08-17 11:29:26,7,14,6385,6857
2023-08-17 11:29:27,7,13,6385,6857
2023-08-17 11:29:28,7,14,6385,6857
2023-08-17 11:29:29,7,13,6385,6857
2023-08-17 11:29:30,7,15,6385,6857
2023-08-17 11:29:31,7,14,6385,6857
2023-08-17 11:29:31,8,14,6385,6857
2023-08-17 11:29:32,8,15,6385,6857
2023-08-17 11:29:32,8,13,6385,6857
2023-08-17 11:29:33,8,15,6385,6857
2023-08-17 11:29:34,8,14,6385,6857
2023-08-17 11:29:35,8,15,6385,6857
2023-08-17 11:29:35,8,13,6385,6857
2023-08-17 11:29:36,8,15,6385,6857
2023-08-17 11:29:37,8,14,6385,6857
2023-08-17 11:29:38,8,15,6385,6857
2023-08-17 11:29:38,8,13,6385,6857
2023-08-17 11:29:39,8,15,6385,6857
2023-08-17 11:29:40,8,14,6385,6857
2023-08-17 11:29:41,8,15,6385,6857
2023-08-17 11:29:41,8,13,6385,6857
2023-08-17 11:29:42,8,15,6385,6857
2023-08-17 11:29:43,8,14,6385,6857
2023-08-17 11:29:44,8,15,6385,6857
2023-08-17 11:29:44,8,13,6385,6857
2023-08-17 11:29:45,8,15,6385,6857
2023-08-17 11:29:46,8,14,6385,6857
2023-08-17 11:29:47,8,15,6385,6857
2023-08-17 11:29:47,8,13,6385,6857
2023-08-17 11:29:48,8,15,6385,6857
2023-08-17 11:29:49,8,14,6385,6857
2023-08-17 11:29:50,8,15,6385,6857
2023-08-17 11:29:50,8,13,6385,6857
2023-08-17 11:29:51,8,15,6385,6857
2023-08-17 11:29:52,8,14,6385,6857
2023-08-17 11:29:53,8,15,6385,6857
2023-08-17 11:29:53,8,13,6385,6857
2023-08-17 11:29:54,8,15,6385,6857
2023-08-17 11:29:55,8,14,6385,6857
2023-08-17 11:29:56,8,15,6385,6857
2023-08-17 11:29:56,8,13,6385,6857
2023-08-17 11:29:57,8,15,6385,6857
2023-08-17 11:29:58,8,14,6385,6857
2023-08-17 11:29:59,8,15,6385,6857
2023-08-17 11:29:59,8,13,6385,6857
2023-08-17 11:30:00,8,15,6385,6857
2023-08-17 11:30:01,8,14,6385,6857
2023-08-17 11:30:02,8,15,6385,6857
2023-08-17 11:30:02,8,13,6385,6857
2023-08-17 11:30:03,8,15,6385,6857
2023-08-17 11:30:04,8,14,6385,6857
2023-08-17 11:30:05,8,15,6385,6857
2023-08-17 11:30:05,8,13,6385,6857
2023-08-17 11:30:06,8,15,6385,6857
2023-08-17 11:30:07,8,14,6385,6857
2023-08-17 11:30:08,8,15,6385,6857
2023-08-17 11:30:08,8,13,6385,6857
2023-08-17 11:30:09,8,15,6385,6857
2023-08-17 11:30:09,8,12,6385,6857
2023-08-17 11:30:10,8,15,6385,6857
2023-08-17 11:30:11,8,14,6385,6857
2023-08-17 11:30:12,8,15,6385,6857
2023-08-17 11:30:12,8,13,6385,6857
2023-08-17 11:30:13,8,15,6385,6857
2023-08-17 11:30:14,8,14,6385,6857
2023-08-17 11:30:15,8,15,6385,6857
2023-08-17 11:30:15,8,13,6385,6857
2023-08-17 11:30:16,8,15,6385,6857
2023-08-17 11:30:17,8,14,6385,6857
2023-08-17 11:30:18,8,15,6385,6857
2023-08-17 11:30:18,8,13,6385,6857
2023-08-17 11:30:19,8,15,6385,6857
2023-08-17 11:30:20,8,14,6385,6857
2023-08-17 11:30:21,8,15,6385,6857
2023-08-17 11:30:21,8,13,6385,6857
2023-08-17 11:30:22,8,15,6385,6857
2023-08-17 11:30:23,8,14,6385,6857
2023-08-17 11:30:24,8,15,6385,6857
2023-08-17 11:30:24,8,13,6385,6857
2023-08-17 11:30:25,8,15,6385,6857
2023-08-17 11:30:26,8,14,6385,6857
2023-08-17 11:30:27,8,15,6385,6857
2023-08-17 11:30:27,8,13,6385,6857
2023-08-17 11:30:28,8,15,6385,6857
2023-08-17 11:30:29,8,14,6385,6857
2023-08-17 11:30:30,8,15,6385,6857
2023-08-17 11:30:30,8,13,6385,6857
2023-08-17 11:30:31,7,15,6385,6857
2023-08-17 11:30:32,7,14,6385,6857
2023-08-17 11:30:33,7,15,6385,6857
2023-08-17 11:30:33,7,13,6385,6857
2023-08-17 11:30:34,7,15,6385,6857
2023-08-17 11:30:35,7,14,6385,6857
2023-08-17 11:30:36,7,15,6385,6857
2023-08-17 11:30:36,7,13,6385,6857
2023-08-17 11:30:37,7,15,6385,6857
2023-08-17 11:30:38,7,14,6385,6857
2023-08-17 11:30:39,7,15,6385,6857
2023-08-17 11:30:39,7,13,6385,6857
2023-08-17 11:30:40,7,15,6385,6857
2023-08-17 11:30:41,7,14,6385,6857
2023-08-17 11:30:42,7,15,6385,6857
2023-08-17 11:30:42,7,13,6385,6857
2023-08-17 11:30:43,7,15,6385,6857
2023-08-17 11:30:44,7,14,6385,6857
2023-08-17 11:30:45,7,15,6385,6857
2023-08-17 11:30:45,7,13,6385,6857
2023-08-17 11:30:46,7,15,6385,6857
2023-08-17 11:30:46,7,12,6385,6857
2023-08-17 11:30:47,7,15,6385,6857
2023-08-17 11:30:48,7,14,6385,6857
2023-08-17 11:30:49,7,15,6385,6857
2023-08-17 11:30:50,7,15,6385,6857
2023-08-17 11:30:51,7,14,6385,6857
2023-08-17 11:30:52,7,15,6385,6857
2023-08-17 11:30:52,7,13,6385,6857
2023-08-17 11:30:53,7,15,6385,6857
2023-08-17 11:30:54,7,14,6385,6857
2023-08-17 11:30:55,7,15,6385,6857
2023-08-17 11:30:55,7,13,6385,6857
2023-08-17 11:30:56,7,15,6385,6857
2023-08-17 11:30:57,7,14,6385,6857
2023-08-17 11:30:58,7,15,6385,6857
2023-08-17 11:30:58,7,13,6385,6857
2023-08-17 11:30:59,7,15,6385,6857
2023-08-17 11:31:00,7,14,6385,6857
2023-08-17 11:31:01,7,15,6385,6857
2023-08-17 11:31:01,7,13,6385,6857
2023-08-17 11:31:02,7,15,6385,6857
2023-08-17 11:31:03,7,14,6385,6857
2023-08-17 11:31:04,7,15,6385,6857
2023-08-17 11:31:04,7,13,6385,6857
2023-08-17 11:31:05,7,15,6385,6857
2023-08-17 11:31:06,7,14,6385,6857
2023-08-17 11:31:07,7,15,6385,6857
2023-08-17 11:31:07,7,13,6385,6857
2023-08-17 11:31:08,7,15,6385,6857
2023-08-17 11:31:09,7,14,6385,6857
2023-08-17 11:31:10,7,15,6385,6857
2023-08-17 11:31:10,7,13,6385,6857
2023-08-17 11:31:11,7,15,6385,6857
2023-08-17 11:31:11,7,12,6385,6857
2023-08-17 11:31:12,7,15,6385,6857
2023-08-17 11:31:13,7,14,6385,6857
2023-08-17 11:31:14,7,15,6385,6857
2023-08-17 11:31:14,7,13,6385,6857
2023-08-17 11:31:15,7,15,6385,6857
2023-08-17 11:31:16,7,14,6385,6857
2023-08-17 11:31:17,7,15,6385,6857
2023-08-17 11:31:17,7,13,6385,6857
2023-08-17 11:31:18,7,15,6385,6857
2023-08-17 11:31:19,7,14,6385,6857
2023-08-17 11:31:20,7,15,6385,6857
2023-08-17 11:31:20,7,13,6385,6857
2023-08-17 11:31:21,7,15,6385,6857
2023-08-17 11:31:22,7,14,6385,6857
2023-08-17 11:31:23,7,15,6385,6857
2023-08-17 11:31:23,7,13,6385,6857
2023-08-17 11:31:24,7,15,6385,6857
2023-08-17 11:31:25,7,14,6385,6857
2023-08-17 11:31:26,7,15,6385,6857
2023-08-17 11:31:27,7,14,6385,6857
2023-08-17 11:31:27,8,14,6385,6857
2023-08-17 11:31:28,8,15,6385,6857
2023-08-17 11:31:29,8,14,6385,6857
2023-08-17 11:31:30,8,15,6385,6857
2023-08-17 11:31:31,8,14,6385,6857
2023-08-17 11:31:32,8,15,6385,6857
2023-08-17 11:31:32,8,13,6385,6857
2023-08-17 11:31:33,8,15,6385,6857
2023-08-17 11:31:34,8,14,6385,6857
2023-08-17 11:31:35,8,15,6385,6857
2023-08-17 11:31:35,8,13,6385,6857
2023-08-17 11:31:36,8,15,6385,6857
2023-08-17 11:31:37,8,14,6385,6857
2023-08-17 11:31:38,8,15,6385,6857
2023-08-17 11:31:38,8,13,6385,6857
2023-08-17 11:31:39,8,15,6385,6857
2023-08-17 11:31:40,8,14,6385,6857
2023-08-17 11:31:41,8,15,6385,6857
2023-08-17 11:31:41,8,13,6385,6857
2023-08-17 11:31:42,8,15,6385,6857
2023-08-17 11:31:43,8,14,6385,6857
2023-08-17 11:31:44,8,15,6385,6857
2023-08-17 11:31:44,8,13,6385,6857
2023-08-17 11:31:45,8,15,6385,6857
2023-08-17 11:31:46,8,14,6385,6857
2023-08-17 11:31:47,8,15,6385,6857
2023-08-17 11:31:48,8,14,6385,6857
2023-08-17 11:31:49,8,15,6385,6857
2023-08-17 11:31:49,7,15,6385,6857
2023-08-17 11:31:49,8,15,6385,6857
2023-08-17 11:31:50,8,14,6385,6857
2023-08-17 11:31:51,8,15,6385,6857
2023-08-17 11:31:52,8,14,6385,6857
2023-08-17 11:31:53,8,15,6385,6857
2023-08-17 11:31:54,8,14,6385,6857
2023-08-17 11:31:55,8,15,6385,6857
2023-08-17 11:31:56,8,14,6385,6857
2023-08-17 11:31:57,8,15,6385,6857
2023-08-17 11:32:00,8,14,6385,6857
2023-08-17 11:32:01,8,15,6385,6857
2023-08-17 11:32:02,8,14,6385,6857
2023-08-17 11:32:02,5,14,6385,6857
2023-08-17 11:32:02,8,14,6385,6857
2023-08-17 11:32:02,9,14,6385,6857
2023-08-17 11:32:03,9,16,6385,6857
2023-08-17 11:32:04,9,15,6385,6857
2023-08-17 11:32:05,9,16,6385,6857
2023-08-17 11:32:05,9,14,6385,6857
2023-08-17 11:32:06,9,16,6385,6857
2023-08-17 11:32:07,9,15,6385,6857
2023-08-17 11:32:08,9,16,6385,6857
2023-08-17 11:32:08,9,14,6385,6857
2023-08-17 11:32:09,9,16,6385,6857
2023-08-17 11:32:10,9,15,6385,6857
2023-08-17 11:32:11,9,16,6385,6857
2023-08-17 11:32:11,9,14,6385,6857
2023-08-17 11:32:12,9,16,6385,6857
2023-08-17 11:32:13,9,15,6385,6857
2023-08-17 11:32:14,9,16,6385,6857
2023-08-17 11:32:14,9,14,6385,6857
2023-08-17 11:32:15,9,16,6385,6857
2023-08-17 11:32:16,9,15,6385,6857
2023-08-17 11:32:17,9,16,6385,6857
2023-08-17 11:32:18,9,15,6385,6857
2023-08-17 11:32:19,9,16,6385,6857
2023-08-17 11:32:20,9,15,6385,6857
2023-08-17 11:32:21,9,16,6385,6857
2023-08-17 11:32:22,9,15,6385,6857
2023-08-17 11:32:23,9,16,6385,6857
2023-08-17 11:32:24,9,15,6385,6857
2023-08-17 11:32:25,9,16,6385,6857
2023-08-17 11:32:25,9,14,6385,6857
2023-08-17 11:32:26,9,16,6385,6857
2023-08-17 11:32:27,9,15,6385,6857
2023-08-17 11:32:28,9,16,6385,6857
2023-08-17 11:32:28,9,14,6385,6857
2023-08-17 11:32:29,9,16,6385,6857
2023-08-17 11:32:30,9,15,6385,6857
2023-08-17 11:32:31,9,16,6385,6857
2023-08-17 11:32:31,9,14,6385,6857
2023-08-17 11:32:32,9,16,6385,6857
2023-08-17 11:32:32,9,13,6385,6857
2023-08-17 11:32:33,9,16,6385,6857
2023-08-17 11:32:34,9,15,6385,6857
2023-08-17 11:32:35,9,16,6385,6857
2023-08-17 11:32:35,9,14,6385,6857
2023-08-17 11:32:36,9,16,6385,6857
2023-08-17 11:32:36,9,13,6385,6857
2023-08-17 11:32:37,9,16,6385,6857
2023-08-17 11:32:38,9,15,6385,6857
2023-08-17 11:32:39,9,16,6385,6857
2023-08-17 11:32:39,9,14,6385,6857
2023-08-17 11:32:40,9,16,6385,6857
2023-08-17 11:32:41,9,15,6385,6857
2023-08-17 11:32:42,9,16,6385,6857
2023-08-17 11:32:42,9,14,6385,6857
2023-08-17 11:32:43,9,16,6385,6857
2023-08-17 11:32:44,9,15,6385,6857
2023-08-17 11:32:45,9,16,6385,6857
2023-08-17 11:32:45,9,14,6385,6857
2023-08-17 11:32:46,9,16,6385,6857
2023-08-17 11:32:47,9,15,6385,6857
2023-08-17 11:32:48,9,16,6385,6857
2023-08-17 11:32:48,9,14,6385,6857
2023-08-17 11:32:49,9,16,6385,6857
2023-08-17 11:32:50,9,15,6385,6857
2023-08-17 11:32:51,9,16,6385,6857
2023-08-17 11:32:51,9,14,6385,6857
2023-08-17 11:32:52,9,16,6385,6857
2023-08-17 11:32:53,9,15,6385,6857
2023-08-17 11:32:54,9,16,6385,6857
2023-08-17 11:32:55,9,16,6385,6857
2023-08-17 11:32:56,9,15,6385,6857
2023-08-17 11:32:57,9,16,6385,6857
2023-08-17 11:32:57,9,14,6385,6857
2023-08-17 11:32:58,9,16,6385,6857
2023-08-17 11:32:59,9,15,6385,6857
2023-08-17 11:33:00,9,16,6385,6857
2023-08-17 11:33:00,9,14,6385,6857
2023-08-17 11:33:01,9,16,6385,6857
2023-08-17 11:33:02,9,15,6385,6857
2023-08-17 11:33:03,9,17,6385,6857
2023-08-17 11:33:03,9,14,6385,6857
2023-08-17 11:33:04,9,16,6385,6857
2023-08-17 11:33:05,9,15,6385,6857
2023-08-17 11:33:06,9,16,6385,6857
2023-08-17 11:33:06,9,14,6385,6857
2023-08-17 11:33:07,9,16,6385,6857
2023-08-17 11:33:08,9,15,6385,6857
2023-08-17 11:33:09,9,16,6385,6857
2023-08-17 11:33:09,9,14,6385,6857
2023-08-17 11:33:10,9,16,6385,6857
2023-08-17 11:33:11,9,15,6385,6857
2023-08-17 11:33:12,9,16,6385,6857
2023-08-17 11:33:12,9,14,6385,6857
2023-08-17 11:33:13,9,16,6385,6857
2023-08-17 11:33:14,9,15,6385,6857
2023-08-17 11:33:15,9,16,6385,6857
2023-08-17 11:33:15,9,14,6385,6857
2023-08-17 11:33:16,9,16,6385,6857
2023-08-17 11:33:17,9,15,6385,6857
2023-08-17 11:33:18,9,16,6385,6857
2023-08-17 11:33:18,9,14,6385,6857
2023-08-17 11:33:19,9,16,6385,6857
2023-08-17 11:33:20,9,15,6385,6857
2023-08-17 11:33:21,9,16,6385,6857
2023-08-17 11:33:21,9,14,6385,6857
2023-08-17 11:33:22,9,16,6385,6857
2023-08-17 11:33:23,9,15,6385,6857
2023-08-17 11:33:24,9,16,6385,6857
2023-08-17 11:33:24,9,14,6385,6857
2023-08-17 11:33:25,9,16,6385,6857
2023-08-17 11:33:25,9,13,6385,6857
2023-08-17 11:33:26,9,16,6385,6857
2023-08-17 11:33:27,9,15,6385,6857
2023-08-17 11:33:28,9,16,6385,6857
2023-08-17 11:33:28,9,14,6385,6857
2023-08-17 11:33:29,9,16,6385,6857
2023-08-17 11:33:29,9,13,6385,6857
2023-08-17 11:33:30,9,16,6385,6857
2023-08-17 11:33:31,9,15,6385,6857
2023-08-17 11:33:32,9,16,6385,6857
2023-08-17 11:33:32,9,14,6385,6857
2023-08-17 11:33:33,9,16,6385,6857
2023-08-17 11:33:33,9,13,6385,6857
2023-08-17 11:33:33,8,13,6385,6857
2023-08-17 11:33:34,8,15,6385,6857
2023-08-17 11:33:35,8,14,6385,6857
2023-08-17 11:33:36,8,15,6385,6857
2023-08-17 11:33:36,8,13,6385,6857
2023-08-17 11:33:37,8,15,6385,6857
2023-08-17 11:33:38,8,14,6385,6857
2023-08-17 11:33:39,8,15,6385,6857
2023-08-17 11:33:39,8,13,6385,6857
2023-08-17 11:33:40,8,15,6385,6857
2023-08-17 11:33:41,8,14,6385,6857
2023-08-17 11:33:42,8,15,6385,6857
2023-08-17 11:33:42,8,13,6385,6857
2023-08-17 11:33:43,8,15,6385,6857
2023-08-17 11:33:44,8,14,6385,6857
2023-08-17 11:33:45,8,15,6385,6857
2023-08-17 11:33:45,8,13,6385,6857
2023-08-17 11:33:46,8,15,6385,6857
2023-08-17 11:33:47,8,14,6385,6857
2023-08-17 11:33:48,8,15,6385,6857
2023-08-17 11:33:48,8,13,6385,6857
2023-08-17 11:33:49,8,15,6385,6857
2023-08-17 11:33:50,8,14,6385,6857
2023-08-17 11:33:51,8,15,6385,6857
2023-08-17 11:33:51,8,13,6385,6857
2023-08-17 11:33:52,8,15,6385,6857
2023-08-17 11:33:53,8,14,6385,6857
2023-08-17 11:33:54,8,15,6385,6857
2023-08-17 11:33:54,8,13,6385,6857
2023-08-17 11:33:55,8,15,6385,6857
2023-08-17 11:33:56,8,14,6385,6857
2023-08-17 11:33:57,8,15,6385,6857
2023-08-17 11:33:57,8,13,6385,6857
2023-08-17 11:33:58,8,15,6385,6857
2023-08-17 11:33:59,8,14,6385,6857
2023-08-17 11:34:00,8,15,6385,6857
2023-08-17 11:34:00,8,13,6385,6857
2023-08-17 11:34:01,8,15,6385,6857
2023-08-17 11:34:02,8,14,6385,6857
2023-08-17 11:34:03,8,15,6385,6857
2023-08-17 11:34:03,8,13,6385,6857
2023-08-17 11:34:04,8,15,6385,6857
2023-08-17 11:34:05,8,14,6385,6857
2023-08-17 11:34:06,8,15,6385,6857
2023-08-17 11:34:06,8,13,6385,6857
2023-08-17 11:34:07,8,15,6385,6857
2023-08-17 11:34:08,8,14,6385,6857
2023-08-17 11:34:09,8,15,6385,6857
2023-08-17 11:34:09,8,13,6385,6857
2023-08-17 11:34:10,8,15,6385,6857
2023-08-17 11:34:11,8,14,6385,6857
2023-08-17 11:34:12,8,15,6385,6857
2023-08-17 11:34:12,8,13,6385,6857
2023-08-17 11:34:13,8,15,6385,6857
2023-08-17 11:34:14,8,14,6385,6857
2023-08-17 11:34:15,8,15,6385,6857
2023-08-17 11:34:15,8,13,6385,6857
2023-08-17 11:34:16,8,15,6385,6857
2023-08-17 11:34:17,8,14,6385,6857
2023-08-17 11:34:18,8,15,6385,6857
2023-08-17 11:34:18,8,13,6385,6857
2023-08-17 11:34:19,8,15,6385,6857
2023-08-17 11:34:20,8,14,6385,6857
2023-08-17 11:34:21,8,15,6385,6857
2023-08-17 11:34:21,8,13,6385,6857
2023-08-17 11:34:22,8,15,6385,6857
2023-08-17 11:34:23,8,14,6385,6857
2023-08-17 11:34:24,8,15,6385,6857
2023-08-17 11:34:24,8,13,6385,6857
2023-08-17 11:34:25,8,15,6385,6857
2023-08-17 11:34:25,8,12,6385,6857
2023-08-17 11:34:26,8,15,6385,6857
2023-08-17 11:34:27,8,14,6385,6857
2023-08-17 11:34:28,8,15,6385,6857
2023-08-17 11:34:28,8,13,6385,6857
2023-08-17 11:34:29,8,15,6385,6857
2023-08-17 11:34:29,8,12,6385,6857
2023-08-17 11:34:30,8,15,6385,6857
2023-08-17 11:34:31,8,14,6385,6857
2023-08-17 11:34:32,8,15,6385,6857
2023-08-17 11:34:32,8,13,6385,6857
2023-08-17 11:34:33,8,17,6385,6857
2023-08-17 11:34:34,8,16,6385,6857
2023-08-17 11:34:34,8,15,6385,6857
2023-08-17 11:34:35,8,14,6385,6857
2023-08-17 11:34:36,8,15,6385,6857
2023-08-17 11:34:36,8,13,6385,6857
2023-08-17 11:34:37,8,15,6385,6857
2023-08-17 11:34:37,8,12,6385,6857
2023-08-17 11:34:38,8,15,6385,6857
2023-08-17 11:34:39,8,14,6385,6857
2023-08-17 11:34:40,8,15,6385,6857
2023-08-17 11:34:40,8,13,6385,6857
2023-08-17 11:34:41,8,15,6385,6857
2023-08-17 11:34:41,8,12,6385,6857
2023-08-17 11:34:42,8,15,6385,6857
2023-08-17 11:34:43,8,14,6385,6857
2023-08-17 11:34:44,8,15,6385,6857
2023-08-17 11:34:44,8,13,6385,6857
2023-08-17 11:34:45,8,15,6385,6857
2023-08-17 11:34:45,8,12,6385,6857
2023-08-17 11:34:46,8,15,6385,6857
2023-08-17 11:34:47,8,14,6385,6857
2023-08-17 11:34:48,8,15,6385,6857
2023-08-17 11:34:48,8,13,6385,6857
2023-08-17 11:34:49,8,15,6385,6857
2023-08-17 11:34:49,8,12,6385,6857
2023-08-17 11:34:50,8,15,6385,6857
2023-08-17 11:34:51,8,14,6385,6857
2023-08-17 11:34:52,8,15,6385,6857
2023-08-17 11:34:52,8,13,6385,6857
2023-08-17 11:34:53,8,15,6385,6857
2023-08-17 11:34:54,8,14,6385,6857
2023-08-17 11:34:55,8,15,6385,6857
2023-08-17 11:34:55,8,13,6385,6857
2023-08-17 11:34:56,8,15,6385,6857
2023-08-17 11:34:56,8,12,6385,6857
2023-08-17 11:34:57,8,15,6385,6857
2023-08-17 11:34:58,8,14,6385,6857
2023-08-17 11:34:59,8,15,6385,6857
2023-08-17 11:34:59,8,13,6385,6857
2023-08-17 11:35:00,8,15,6385,6857
2023-08-17 11:35:00,8,12,6385,6857
2023-08-17 11:35:01,8,15,6385,6857
2023-08-17 11:35:01,8,29,6385,6857
2023-08-17 11:35:01,8,28,6385,6857
2023-08-17 11:35:01,7,28,6385,6857
2023-08-17 11:35:02,7,27,6385,6857
2023-08-17 11:35:02,7,15,6385,6857
2023-08-17 11:35:02,7,14,6385,6857
2023-08-17 11:35:03,7,13,6385,6857
2023-08-17 11:35:04,7,14,6385,6857
2023-08-17 11:35:05,7,14,6385,6857
2023-08-17 11:35:06,7,13,6385,6857
2023-08-17 11:35:07,7,14,6385,6857
2023-08-17 11:35:07,7,12,6385,6857
2023-08-17 11:35:08,7,14,6385,6857
2023-08-17 11:35:09,7,13,6385,6857
2023-08-17 11:35:10,7,14,6385,6857
2023-08-17 11:35:10,7,12,6385,6857
2023-08-17 11:35:11,7,14,6385,6857
2023-08-17 11:35:11,7,11,6385,6857
2023-08-17 11:35:12,7,14,6385,6857
2023-08-17 11:35:13,7,13,6385,6857
2023-08-17 11:35:14,7,14,6385,6857
2023-08-17 11:35:14,7,12,6385,6857
2023-08-17 11:35:15,7,14,6385,6857
2023-08-17 11:35:16,7,13,6385,6857
2023-08-17 11:35:17,7,14,6385,6857
2023-08-17 11:35:17,7,12,6385,6857
2023-08-17 11:35:18,7,14,6385,6857
2023-08-17 11:35:19,7,13,6385,6857
2023-08-17 11:35:20,7,14,6385,6857
2023-08-17 11:35:20,7,12,6385,6857
2023-08-17 11:35:21,7,14,6385,6857
2023-08-17 11:35:22,7,13,6385,6857
2023-08-17 11:35:23,7,14,6385,6857
2023-08-17 11:35:24,7,13,6385,6857
2023-08-17 11:35:25,7,14,6385,6857
2023-08-17 11:35:26,7,13,6385,6857
2023-08-17 11:35:27,7,14,6385,6857
2023-08-17 11:35:28,7,13,6385,6857
2023-08-17 11:35:29,7,14,6385,6857
2023-08-17 11:35:30,7,13,6385,6857
2023-08-17 11:35:31,7,14,6385,6857
2023-08-17 11:35:32,7,13,6385,6857
2023-08-17 11:35:33,7,14,6385,6857
2023-08-17 11:35:34,7,13,6385,6857
2023-08-17 11:35:35,7,14,6385,6857
2023-08-17 11:35:36,7,13,6385,6857
2023-08-17 11:35:37,7,14,6385,6857
2023-08-17 11:35:38,7,13,6385,6857
2023-08-17 11:35:39,7,14,6385,6857
2023-08-17 11:35:40,7,13,6385,6857
2023-08-17 11:35:41,7,14,6385,6857
2023-08-17 11:35:42,7,13,6385,6857
2023-08-17 11:35:43,7,14,6385,6857
2023-08-17 11:35:44,7,13,6385,6857
2023-08-17 11:35:45,7,14,6385,6857
2023-08-17 11:35:46,7,13,6385,6857
2023-08-17 11:35:47,7,14,6385,6857
2023-08-17 11:35:47,7,15,6385,6857
2023-08-17 11:35:47,8,15,6385,6857
2023-08-17 11:35:48,8,14,6385,6857
2023-08-17 11:35:49,8,15,6385,6857
2023-08-17 11:35:49,8,13,6385,6857
2023-08-17 11:35:50,8,15,6385,6857
2023-08-17 11:35:51,8,14,6385,6857
2023-08-17 11:35:52,8,15,6385,6857
2023-08-17 11:35:52,8,13,6385,6857
2023-08-17 11:35:53,8,15,6385,6857
2023-08-17 11:35:54,8,14,6385,6857
2023-08-17 11:35:55,8,15,6385,6857
2023-08-17 11:35:56,8,14,6385,6857
2023-08-17 11:35:56,7,14,6385,6857
2023-08-17 11:35:56,8,14,6385,6857
2023-08-17 11:35:57,8,15,6385,6857
2023-08-17 11:35:58,8,14,6385,6857
2023-08-17 11:35:59,8,15,6385,6857
2023-08-17 11:36:00,8,14,6385,6857
2023-08-17 11:36:01,8,15,6385,6857
2023-08-17 11:36:01,8,13,6385,6857
2023-08-17 11:36:02,8,15,6385,6857
2023-08-17 11:36:03,8,14,6385,6857
2023-08-17 11:36:04,8,15,6385,6857
2023-08-17 11:36:04,8,13,6385,6857
2023-08-17 11:36:05,8,15,6385,6857
2023-08-17 11:36:06,8,14,6385,6857
2023-08-17 11:36:07,8,15,6385,6857
2023-08-17 11:36:07,8,13,6385,6857
2023-08-17 11:36:08,8,15,6385,6857
2023-08-17 11:36:09,8,14,6385,6857
2023-08-17 11:36:10,8,15,6385,6857
2023-08-17 11:36:10,8,13,6385,6857
2023-08-17 11:36:11,8,15,6385,6857
2023-08-17 11:36:12,8,14,6385,6857
2023-08-17 11:36:13,8,15,6385,6857
2023-08-17 11:36:13,8,13,6385,6857
2023-08-17 11:36:14,8,15,6385,6857
2023-08-17 11:36:15,8,14,6385,6857
2023-08-17 11:36:16,8,15,6385,6857
2023-08-17 11:36:16,8,13,6385,6857
2023-08-17 11:36:17,8,15,6385,6857
2023-08-17 11:36:18,8,14,6385,6857
2023-08-17 11:36:19,8,15,6385,6857
2023-08-17 11:36:19,8,13,6385,6857
2023-08-17 11:36:20,8,15,6385,6857
2023-08-17 11:36:21,8,14,6385,6857
2023-08-17 11:36:22,8,15,6385,6857
2023-08-17 11:36:22,8,13,6385,6857
2023-08-17 11:36:23,8,15,6385,6857
2023-08-17 11:36:24,8,14,6385,6857
2023-08-17 11:36:25,8,15,6385,6857
2023-08-17 11:36:25,8,13,6385,6857
2023-08-17 11:36:26,8,15,6385,6857
2023-08-17 11:36:27,8,14,6385,6857
2023-08-17 11:36:28,8,15,6385,6857
2023-08-17 11:36:28,8,13,6385,6857
2023-08-17 11:36:29,8,15,6385,6857
2023-08-17 11:36:30,8,14,6385,6857
2023-08-17 11:36:31,8,15,6385,6857
2023-08-17 11:36:31,8,13,6385,6857
2023-08-17 11:36:32,8,15,6385,6857
2023-08-17 11:36:33,8,14,6385,6857
2023-08-17 11:36:34,8,15,6385,6857
2023-08-17 11:36:35,8,14,6385,6857
2023-08-17 11:36:36,8,15,6385,6857
2023-08-17 11:36:36,8,13,6385,6857
2023-08-17 11:36:37,8,15,6385,6857
2023-08-17 11:36:38,8,14,6385,6857
2023-08-17 11:36:39,8,15,6385,6857
2023-08-17 11:36:39,8,13,6385,6857
2023-08-17 11:36:40,8,15,6385,6857
2023-08-17 11:36:41,8,14,6385,6857
2023-08-17 11:36:42,8,15,6385,6857
2023-08-17 11:36:42,8,13,6385,6857
2023-08-17 11:36:43,8,15,6385,6857
2023-08-17 11:36:44,8,14,6385,6857
2023-08-17 11:36:45,8,15,6385,6857
2023-08-17 11:36:46,8,14,6385,6857
2023-08-17 11:36:47,8,15,6385,6857
2023-08-17 11:36:48,8,16,6385,6857
2023-08-17 11:36:48,8,14,6385,6857
2023-08-17 11:36:49,8,16,6385,6857
2023-08-17 11:36:49,8,13,6385,6857
2023-08-17 11:36:50,8,16,6385,6857
2023-08-17 11:36:51,8,15,6385,6857
2023-08-17 11:36:52,8,16,6385,6857
2023-08-17 11:36:52,8,14,6385,6857
2023-08-17 11:36:53,8,16,6385,6857
2023-08-17 11:36:54,8,15,6385,6857
2023-08-17 11:36:55,8,16,6385,6857
2023-08-17 11:36:55,8,14,6385,6857
2023-08-17 11:36:56,5,16,6385,6857
2023-08-17 11:36:57,5,15,6385,6857
2023-08-17 11:36:57,8,15,6385,6857
2023-08-17 11:36:58,8,16,6385,6857
2023-08-17 11:36:58,8,14,6385,6857
2023-08-17 11:36:59,8,16,6385,6857
2023-08-17 11:37:00,8,15,6385,6857
2023-08-17 11:37:01,8,16,6385,6857
2023-08-17 11:37:01,8,14,6385,6857
2023-08-17 11:37:02,8,16,6385,6857
2023-08-17 11:37:03,8,15,6385,6857
2023-08-17 11:37:04,8,16,6385,6857
2023-08-17 11:37:04,8,14,6385,6857
2023-08-17 11:37:05,8,16,6385,6857
2023-08-17 11:37:06,8,15,6385,6857
2023-08-17 11:37:07,8,16,6385,6857
2023-08-17 11:37:07,8,14,6385,6857
2023-08-17 11:37:08,8,16,6385,6857
2023-08-17 11:37:09,8,15,6385,6857
2023-08-17 11:37:10,8,16,6385,6857
2023-08-17 11:37:11,8,16,6385,6857
2023-08-17 11:37:12,8,15,6385,6857
2023-08-17 11:37:13,8,16,6385,6857
2023-08-17 11:37:13,8,14,6385,6857
2023-08-17 11:37:14,8,16,6385,6857
2023-08-17 11:37:14,8,13,6385,6857
2023-08-17 11:37:15,8,16,6385,6857
2023-08-17 11:37:15,8,12,6385,6857
2023-08-17 11:37:15,5,12,6385,6857
2023-08-17 11:37:15,7,12,6385,6857
2023-08-17 11:37:15,8,12,6385,6857
2023-08-17 11:37:16,8,15,6385,6857
2023-08-17 11:37:17,8,14,6385,6857
2023-08-17 11:37:18,8,15,6385,6857
2023-08-17 11:37:18,8,13,6385,6857
2023-08-17 11:37:19,8,15,6385,6857
2023-08-17 11:37:19,8,12,6385,6857
2023-08-17 11:37:20,8,15,6385,6857
2023-08-17 11:37:21,8,14,6385,6857
2023-08-17 11:37:22,8,15,6385,6857
2023-08-17 11:37:22,8,13,6385,6857
2023-08-17 11:37:23,8,15,6385,6857
2023-08-17 11:37:23,8,12,6385,6857
2023-08-17 11:37:24,8,15,6385,6857
2023-08-17 11:37:25,8,14,6385,6857
2023-08-17 11:37:26,8,15,6385,6857
2023-08-17 11:37:26,8,13,6385,6857
2023-08-17 11:37:27,8,15,6385,6857
2023-08-17 11:37:27,8,12,6385,6857
2023-08-17 11:37:28,8,15,6385,6857
2023-08-17 11:37:29,8,14,6385,6857
2023-08-17 11:37:30,8,15,6385,6857
2023-08-17 11:37:30,8,13,6385,6857
2023-08-17 11:37:31,8,15,6385,6857
2023-08-17 11:37:31,8,12,6385,6857
2023-08-17 11:37:32,8,15,6385,6857
2023-08-17 11:37:33,8,14,6385,6857
2023-08-17 11:37:34,8,15,6385,6857
2023-08-17 11:37:34,8,13,6385,6857
2023-08-17 11:37:35,8,15,6385,6857
2023-08-17 11:37:35,8,12,6385,6857
2023-08-17 11:37:36,8,15,6385,6857
2023-08-17 11:37:37,8,14,6385,6857
2023-08-17 11:37:38,8,15,6385,6857
2023-08-17 11:37:38,8,13,6385,6857
2023-08-17 11:37:39,8,15,6385,6857
2023-08-17 11:37:40,8,14,6385,6857
2023-08-17 11:37:41,8,15,6385,6857
2023-08-17 11:37:41,8,13,6385,6857
2023-08-17 11:37:41,7,13,6385,6857
2023-08-17 11:37:41,8,13,6385,6857
2023-08-17 11:37:42,8,16,6385,6857
2023-08-17 11:37:43,8,15,6385,6857
2023-08-17 11:37:44,8,16,6385,6857
2023-08-17 11:37:44,8,14,6385,6857
2023-08-17 11:37:45,8,16,6385,6857
2023-08-17 11:37:45,8,13,6385,6857
2023-08-17 11:37:45,7,13,6385,6857
2023-08-17 11:37:45,8,13,6385,6857
2023-08-17 11:37:46,8,15,6385,6857
2023-08-17 11:37:47,8,14,6385,6857
2023-08-17 11:37:48,8,15,6385,6857
2023-08-17 11:37:48,8,13,6385,6857
2023-08-17 11:37:49,8,15,6385,6857
2023-08-17 11:37:50,8,14,6385,6857
2023-08-17 11:37:51,8,15,6385,6857
2023-08-17 11:37:54,8,14,6385,6857
2023-08-17 11:37:55,8,15,6385,6857
2023-08-17 11:37:55,8,13,6385,6857
2023-08-17 11:37:56,8,15,6385,6857
2023-08-17 11:37:57,8,14,6385,6857
2023-08-17 11:37:58,8,15,6385,6857
2023-08-17 11:37:58,8,13,6385,6857
2023-08-17 11:37:59,8,15,6385,6857
2023-08-17 11:38:00,8,14,6385,6857
2023-08-17 11:38:01,8,15,6385,6857
2023-08-17 11:38:01,8,13,6385,6857
2023-08-17 11:38:02,8,15,6385,6857
2023-08-17 11:38:03,8,14,6385,6857
2023-08-17 11:38:04,8,15,6385,6857
2023-08-17 11:38:04,8,13,6385,6857
2023-08-17 11:38:05,8,15,6385,6857
2023-08-17 11:38:06,8,14,6385,6857
2023-08-17 11:38:07,8,15,6385,6857
2023-08-17 11:38:07,8,13,6385,6857
2023-08-17 11:38:08,8,15,6385,6857
2023-08-17 11:38:09,8,14,6385,6857
2023-08-17 11:38:10,8,15,6385,6857
2023-08-17 11:38:10,8,13,6385,6857
2023-08-17 11:38:11,8,15,6385,6857
2023-08-17 11:38:11,8,12,6385,6857
2023-08-17 11:38:11,7,12,6385,6857
2023-08-17 11:38:12,7,15,6385,6857
2023-08-17 11:38:13,7,14,6385,6857
2023-08-17 11:38:14,7,15,6385,6857
2023-08-17 11:38:14,7,13,6385,6857
2023-08-17 11:38:15,7,15,6385,6857
2023-08-17 11:38:15,7,12,6385,6857
2023-08-17 11:38:16,7,15,6385,6857
2023-08-17 11:38:17,7,14,6385,6857
2023-08-17 11:38:18,7,15,6385,6857
2023-08-17 11:38:18,7,13,6385,6857
2023-08-17 11:38:19,7,15,6385,6857
2023-08-17 11:38:19,7,12,6385,6857
2023-08-17 11:38:20,7,15,6385,6857
2023-08-17 11:38:20,7,11,6385,6857
2023-08-17 11:38:21,7,14,6385,6857
2023-08-17 11:38:22,7,13,6385,6857
2023-08-17 11:38:23,7,14,6385,6857
2023-08-17 11:38:23,7,12,6385,6857
2023-08-17 11:38:24,7,14,6385,6857
2023-08-17 11:38:25,7,13,6385,6857
2023-08-17 11:38:26,7,14,6385,6857
2023-08-17 11:38:26,7,12,6385,6857
2023-08-17 11:38:27,7,14,6385,6857
2023-08-17 11:38:27,7,11,6385,6857
2023-08-17 11:38:28,7,14,6385,6857
2023-08-17 11:38:29,7,13,6385,6857
2023-08-17 11:38:30,7,14,6385,6857
2023-08-17 11:38:30,7,12,6385,6857
2023-08-17 11:38:31,7,14,6385,6857
2023-08-17 11:38:31,7,11,6385,6857
2023-08-17 11:38:32,7,14,6385,6857
2023-08-17 11:38:33,7,13,6385,6857
2023-08-17 11:38:34,7,14,6385,6857
2023-08-17 11:38:34,7,12,6385,6857
2023-08-17 11:38:35,7,14,6385,6857
2023-08-17 11:38:35,7,11,6385,6857
2023-08-17 11:38:36,7,14,6385,6857
2023-08-17 11:38:37,7,13,6385,6857
2023-08-17 11:38:38,7,14,6385,6857
2023-08-17 11:38:38,7,12,6385,6857
2023-08-17 11:38:39,7,14,6385,6857
2023-08-17 11:38:39,7,11,6385,6857
2023-08-17 11:38:40,7,14,6385,6857
2023-08-17 11:38:40,7,10,6385,6857
2023-08-17 11:38:41,7,13,6385,6857
2023-08-17 11:38:42,7,12,6385,6857
2023-08-17 11:38:43,7,13,6385,6857
2023-08-17 11:38:43,7,11,6385,6857
2023-08-17 11:38:44,7,13,6385,6857
2023-08-17 11:38:44,7,10,6385,6857
2023-08-17 11:38:45,7,13,6385,6857
2023-08-17 11:38:46,7,12,6385,6857
2023-08-17 11:38:46,6,12,6385,6857
2023-08-17 11:38:47,6,13,6385,6857
2023-08-17 11:38:47,6,11,6385,6857
2023-08-17 11:38:48,6,13,6385,6857
2023-08-17 11:38:48,6,10,6385,6857
2023-08-17 11:38:49,6,13,6385,6857
2023-08-17 11:38:50,6,12,6385,6857
2023-08-17 11:38:51,6,13,6385,6857
2023-08-17 11:38:51,6,11,6385,6857
2023-08-17 11:38:52,6,13,6385,6857
2023-08-17 11:38:52,6,10,6385,6857
2023-08-17 11:38:53,6,13,6385,6857
2023-08-17 11:38:54,6,12,6385,6857
2023-08-17 11:38:55,6,13,6385,6857
2023-08-17 11:38:55,6,11,6385,6857
2023-08-17 11:38:56,6,13,6385,6857
2023-08-17 11:38:56,6,10,6385,6857
2023-08-17 11:38:57,6,13,6385,6857
2023-08-17 11:38:58,6,12,6385,6857
2023-08-17 11:38:59,6,13,6385,6857
2023-08-17 11:38:59,6,11,6385,6857
2023-08-17 11:39:00,6,13,6385,6857
2023-08-17 11:39:00,6,10,6385,6857
2023-08-17 11:39:01,6,13,6385,6857
2023-08-17 11:39:02,6,12,6385,6857
2023-08-17 11:39:03,6,13,6385,6857
2023-08-17 11:39:03,6,11,6385,6857
2023-08-17 11:39:04,6,13,6385,6857
2023-08-17 11:39:04,6,10,6385,6857
2023-08-17 11:39:05,6,13,6385,6857
2023-08-17 11:39:06,6,12,6385,6857
2023-08-17 11:39:07,6,13,6385,6857
2023-08-17 11:39:07,6,11,6385,6857
2023-08-17 11:39:08,6,13,6385,6857
2023-08-17 11:39:08,6,10,6385,6857
2023-08-17 11:39:09,6,13,6385,6857
2023-08-17 11:39:10,6,12,6385,6857
2023-08-17 11:39:11,6,13,6385,6857
2023-08-17 11:39:11,6,11,6385,6857
2023-08-17 11:39:12,6,13,6385,6857
2023-08-17 11:39:12,6,10,6385,6857
2023-08-17 11:39:13,6,13,6385,6857
2023-08-17 11:39:13,6,9,6385,6857
2023-08-17 11:39:14,6,13,6385,6857
2023-08-17 11:39:15,6,12,6385,6857
2023-08-17 11:39:16,6,13,6385,6857
2023-08-17 11:39:16,6,11,6385,6857
2023-08-17 11:39:17,6,13,6385,6857
2023-08-17 11:39:17,6,10,6385,6857
2023-08-17 11:39:18,6,13,6385,6857
2023-08-17 11:39:19,6,13,6385,6857
2023-08-17 11:39:20,6,12,6385,6857
2023-08-17 11:39:21,6,13,6385,6857
2023-08-17 11:39:21,6,11,6385,6857
2023-08-17 11:39:22,6,13,6385,6857
2023-08-17 11:39:23,6,13,6385,6857
2023-08-17 11:39:23,6,9,6385,6857
2023-08-17 11:39:24,6,13,6385,6857
2023-08-17 11:39:25,6,12,6385,6857
2023-08-17 11:39:26,6,13,6385,6857
2023-08-17 11:39:26,6,11,6385,6857
2023-08-17 11:39:27,6,13,6385,6857
2023-08-17 11:39:27,6,10,6385,6857
2023-08-17 11:39:28,6,13,6385,6857
2023-08-17 11:39:28,6,9,6385,6857
2023-08-17 11:39:29,6,13,6385,6857
2023-08-17 11:39:30,6,12,6385,6857
2023-08-17 11:39:31,6,13,6385,6857
2023-08-17 11:39:31,6,11,6385,6857
2023-08-17 11:39:32,6,13,6385,6857
2023-08-17 11:39:32,6,10,6385,6857
2023-08-17 11:39:33,6,13,6385,6857
2023-08-17 11:39:34,6,12,6385,6857
2023-08-17 11:39:35,6,13,6385,6857
2023-08-17 11:39:35,6,11,6385,6857
2023-08-17 11:39:36,6,13,6385,6857
2023-08-17 11:39:36,6,10,6385,6857
2023-08-17 11:39:37,6,13,6385,6857
2023-08-17 11:39:38,6,12,6385,6857
2023-08-17 11:39:39,6,13,6385,6857
2023-08-17 11:39:39,6,11,6385,6857
2023-08-17 11:39:40,6,13,6385,6857
2023-08-17 11:39:40,6,10,6385,6857
2023-08-17 11:39:41,6,13,6385,6857
2023-08-17 11:39:42,6,12,6385,6857
2023-08-17 11:39:42,5,12,6385,6857
2023-08-17 11:39:42,6,12,6385,6857
2023-08-17 11:39:43,6,13,6385,6857
2023-08-17 11:39:43,6,11,6385,6857
2023-08-17 11:39:44,6,13,6385,6857
2023-08-17 11:39:45,6,12,6385,6857
2023-08-17 11:39:46,6,13,6385,6857
2023-08-17 11:39:46,6,11,6385,6857
2023-08-17 11:39:47,6,13,6385,6857
2023-08-17 11:39:48,6,12,6385,6857
2023-08-17 11:39:49,6,13,6385,6857
2023-08-17 11:39:49,6,11,6385,6857
2023-08-17 11:39:50,6,13,6385,6857
2023-08-17 11:39:51,6,12,6385,6857
2023-08-17 11:39:52,6,13,6385,6857
2023-08-17 11:39:52,6,11,6385,6857
2023-08-17 11:39:53,6,13,6385,6857
2023-08-17 11:39:54,6,12,6385,6857
2023-08-17 11:39:55,6,13,6385,6857
2023-08-17 11:39:55,6,11,6385,6857
2023-08-17 11:39:56,6,13,6385,6857
2023-08-17 11:39:57,6,12,6385,6857
2023-08-17 11:39:58,6,13,6385,6857
2023-08-17 11:39:58,6,11,6385,6857
2023-08-17 11:39:59,6,13,6385,6857
2023-08-17 11:40:00,6,12,6385,6857
2023-08-17 11:40:00,5,12,6385,6857
2023-08-17 11:40:00,6,12,6385,6857
2023-08-17 11:40:00,7,12,6385,6857
2023-08-17 11:40:01,7,14,6385,6857
2023-08-17 11:40:02,7,13,6385,6857
2023-08-17 11:40:03,7,14,6385,6857
2023-08-17 11:40:03,7,12,6385,6857
2023-08-17 11:40:04,7,14,6385,6857
2023-08-17 11:40:05,7,13,6385,6857
2023-08-17 11:40:06,7,14,6385,6857
2023-08-17 11:40:06,7,12,6385,6857
2023-08-17 11:40:07,7,14,6385,6857
2023-08-17 11:40:08,7,13,6385,6857
2023-08-17 11:40:09,7,14,6385,6857
2023-08-17 11:40:09,7,12,6385,6857
2023-08-17 11:40:10,7,14,6385,6857
2023-08-17 11:40:11,7,13,6385,6857
2023-08-17 11:40:12,7,14,6385,6857
2023-08-17 11:40:12,7,12,6385,6857
2023-08-17 11:40:13,7,14,6385,6857
2023-08-17 11:40:14,7,13,6385,6857
2023-08-17 11:40:15,7,14,6385,6857
2023-08-17 11:40:15,7,12,6385,6857
2023-08-17 11:40:16,7,14,6385,6857
2023-08-17 11:40:16,7,11,6385,6857
2023-08-17 11:40:17,7,14,6385,6857
2023-08-17 11:40:18,7,13,6385,6857
2023-08-17 11:40:19,7,14,6385,6857
2023-08-17 11:40:19,7,12,6385,6857
2023-08-17 11:40:20,7,14,6385,6857
2023-08-17 11:40:20,7,11,6385,6857
2023-08-17 11:40:21,7,14,6385,6857
2023-08-17 11:40:21,7,10,6385,6857
2023-08-17 11:40:22,7,14,6385,6857
2023-08-17 11:40:23,7,13,6385,6857
2023-08-17 11:40:24,7,14,6385,6857
2023-08-17 11:40:24,7,12,6385,6857
2023-08-17 11:40:25,7,14,6385,6857
2023-08-17 11:40:25,7,11,6385,6857
2023-08-17 11:40:26,7,14,6385,6857
2023-08-17 11:40:26,7,10,6385,6857
2023-08-17 11:40:27,7,14,6385,6857
2023-08-17 11:40:28,7,13,6385,6857
