datetime,bid,ask,open_interest,volume
2023-08-17 09:30:47,9,20,100,101
2023-08-17 09:31:16,9,14,100,101
2023-08-17 09:31:24,9,18,100,101
2023-08-17 09:31:24,9,20,100,101
2023-08-17 09:31:26,9,16,100,101
2023-08-17 09:31:55,9,20,100,101
2023-08-17 09:31:57,9,17,100,101
2023-08-17 09:32:10,10,17,100,101
2023-08-17 09:32:13,10,18,100,101
2023-08-17 09:32:29,9,18,100,101
2023-08-17 09:32:30,9,17,100,101
2023-08-17 09:32:53,9,18,100,101
2023-08-17 09:32:54,9,16,100,101
2023-08-17 09:33:13,9,18,100,101
2023-08-17 09:33:14,9,17,100,101
2023-08-17 09:33:31,9,18,100,101
2023-08-17 09:33:32,10,18,100,101
2023-08-17 09:34:09,10,20,100,101
2023-08-17 09:34:10,10,17,100,101
2023-08-17 09:34:10,9,17,100,101
2023-08-17 09:34:22,9,20,100,101
2023-08-17 09:34:22,10,20,100,101
2023-08-17 09:34:22,10,18,100,101
2023-08-17 09:35:04,9,18,100,101
2023-08-17 09:35:05,10,18,100,101
2023-08-17 09:35:51,9,18,100,101
2023-08-17 09:35:52,10,18,100,101
2023-08-17 09:36:00,9,18,100,101
2023-08-17 09:36:01,10,18,100,101
2023-08-17 09:36:49,12,18,100,101
2023-08-17 09:36:53,12,19,100,101
2023-08-17 09:36:56,12,20,100,101
2023-08-17 09:36:57,12,19,100,101
2023-08-17 09:37:57,12,20,100,101
2023-08-17 09:37:58,12,19,100,101
2023-08-17 09:38:15,12,20,100,101
2023-08-17 09:38:16,12,18,100,101
2023-08-17 09:38:47,12,20,100,101
2023-08-17 09:38:47,12,18,100,101
2023-08-17 09:39:25,12,20,100,101
2023-08-17 09:39:25,13,20,100,101
2023-08-17 09:39:25,13,19,100,101
2023-08-17 09:40:26,13,20,100,101
2023-08-17 09:40:26,13,19,100,101
2023-08-17 09:41:27,14,20,100,101
2023-08-17 09:41:27,14,19,100,101
2023-08-17 09:41:47,14,20,100,101
2023-08-17 09:41:48,12,20,100,101
2023-08-17 09:41:48,13,20,100,101
2023-08-17 09:41:48,13,18,100,101
2023-08-17 09:42:09,13,20,100,101
2023-08-17 09:42:10,12,20,100,101
2023-08-17 09:42:10,12,19,100,101
2023-08-17 09:42:10,12,17,100,101
2023-08-17 09:43:10,12,20,100,101
2023-08-17 09:43:11,12,19,100,101
2023-08-17 09:43:11,12,17,100,101
2023-08-17 09:43:34,12,18,100,101
2023-08-17 09:44:03,12,20,100,101
2023-08-17 09:44:04,13,20,100,101
2023-08-17 09:44:04,13,18,100,101
2023-08-17 09:44:16,12,18,100,101
2023-08-17 09:44:17,12,20,100,101
2023-08-17 09:44:17,14,20,100,101
2023-08-17 09:44:17,14,19,100,101
2023-08-17 09:44:25,12,19,100,101
2023-08-17 09:44:25,12,20,100,101
2023-08-17 09:44:26,14,20,100,101
2023-08-17 09:45:08,12,20,100,101
2023-08-17 09:45:09,15,20,100,101
2023-08-17 09:46:08,12,20,100,101
2023-08-17 09:46:09,16,20,100,101
2023-08-17 09:46:34,15,20,100,101
2023-08-17 09:46:35,17,20,100,101
2023-08-17 09:47:32,17,19,100,101
2023-08-17 09:47:33,17,18,100,101
2023-08-17 09:47:33,17,19,115,116
2023-08-17 09:47:34,17,18,115,116
2023-08-17 09:47:34,17,18,155,156
2023-08-17 09:47:34,17,19,170,171
2023-08-17 09:47:36,15,19,170,171
2023-08-17 09:47:36,16,19,170,171
2023-08-17 09:47:52,16,20,170,171
2023-08-17 09:47:56,16,19,170,171
2023-08-17 09:48:36,13,19,170,171
2023-08-17 09:48:37,14,19,170,171
2023-08-17 09:48:37,16,19,170,171
2023-08-17 09:48:41,16,20,170,171
2023-08-17 09:48:43,16,19,170,171
2023-08-17 09:49:26,14,19,170,171
2023-08-17 09:49:27,15,19,170,171
2023-08-17 09:50:04,14,19,170,171
2023-08-17 09:50:04,14,18,170,171
2023-08-17 09:50:06,14,18,175,176
2023-08-17 09:50:45,14,19,175,176
2023-08-17 09:50:45,14,20,175,176
2023-08-17 09:50:46,14,19,175,176
2023-08-17 09:51:05,15,19,175,176
2023-08-17 09:51:35,16,19,175,176
2023-08-17 09:51:48,16,20,175,176
2023-08-17 09:52:00,15,20,175,176
2023-08-17 09:52:01,17,20,175,176
2023-08-17 09:52:01,17,19,175,176
2023-08-17 09:52:01,17,20,175,176
2023-08-17 09:53:01,15,20,175,176
2023-08-17 09:53:02,16,20,175,176
2023-08-17 09:53:40,17,20,175,176
2023-08-17 09:54:09,18,20,175,176
2023-08-17 09:54:10,18,23,191,192
2023-08-17 09:54:18,18,22,191,192
2023-08-17 09:54:19,18,23,191,192
2023-08-17 09:54:35,15,23,191,192
2023-08-17 09:54:35,15,25,191,192
2023-08-17 09:54:36,19,25,191,192
2023-08-17 09:54:36,19,24,191,192
2023-08-17 09:54:38,19,23,191,192
2023-08-17 09:54:40,19,24,191,192
2023-08-17 09:55:07,15,24,191,192
2023-08-17 09:55:07,15,26,191,192
2023-08-17 09:55:08,15,25,191,192
2023-08-17 09:55:08,19,25,191,192
2023-08-17 09:55:08,19,24,191,192
2023-08-17 09:55:54,18,24,191,192
2023-08-17 09:55:54,18,27,191,192
2023-08-17 09:55:55,20,27,191,192
2023-08-17 09:55:55,20,25,191,192
2023-08-17 09:56:11,20,27,191,192
2023-08-17 09:56:11,20,26,191,192
2023-08-17 09:56:11,18,26,191,192
2023-08-17 09:56:12,19,26,191,192
2023-08-17 09:56:12,19,24,191,192
2023-08-17 09:56:20,18,24,191,192
2023-08-17 09:56:21,18,27,191,192
2023-08-17 09:56:21,20,27,191,192
2023-08-17 09:56:21,20,25,191,192
2023-08-17 09:56:28,20,27,191,192
2023-08-17 09:56:28,18,27,191,192
2023-08-17 09:56:29,19,27,191,192
2023-08-17 09:56:29,19,24,191,192
2023-08-17 09:56:30,19,27,191,192
2023-08-17 09:56:30,18,27,191,192
2023-08-17 09:56:30,19,27,191,192
2023-08-17 09:56:31,19,26,191,192
2023-08-17 09:56:31,19,24,191,192
2023-08-17 09:56:36,19,27,191,192
2023-08-17 09:56:36,18,27,191,192
2023-08-17 09:56:37,18,25,191,192
2023-08-17 09:56:37,18,23,191,192
2023-08-17 09:56:44,18,27,191,192
2023-08-17 09:56:45,17,27,191,192
2023-08-17 09:56:45,17,24,191,192
2023-08-17 09:56:45,17,22,191,192
2023-08-17 09:57:13,17,27,191,192
2023-08-17 09:57:13,16,27,191,192
2023-08-17 09:57:14,17,27,191,192
2023-08-17 09:57:14,17,24,191,192
2023-08-17 09:57:14,17,22,191,192
2023-08-17 09:57:22,17,21,191,192
2023-08-17 09:57:22,15,21,191,192
2023-08-17 09:57:23,16,21,191,192
2023-08-17 09:57:30,16,30,191,192
2023-08-17 09:57:30,15,30,191,192
2023-08-17 09:57:30,17,30,191,192
2023-08-17 09:57:30,17,29,191,192
2023-08-17 09:57:30,17,24,191,192
2023-08-17 09:57:30,17,22,191,192
2023-08-17 09:57:43,18,22,191,192
2023-08-17 09:57:44,17,22,191,192
2023-08-17 09:57:49,17,21,191,192
2023-08-17 09:57:50,17,22,191,192
2023-08-17 09:57:54,17,21,191,192
2023-08-17 09:57:54,17,22,191,192
2023-08-17 09:57:56,17,21,191,192
2023-08-17 09:58:02,15,21,191,192
2023-08-17 09:58:03,17,21,191,192
2023-08-17 09:58:03,17,22,191,192
2023-08-17 09:58:17,17,21,191,192
2023-08-17 09:58:18,17,22,191,192
2023-08-17 09:58:23,17,21,191,192
2023-08-17 09:58:26,17,22,191,192
2023-08-17 09:59:01,15,22,191,192
2023-08-17 09:59:02,15,24,191,192
2023-08-17 09:59:02,16,24,191,192
2023-08-17 09:59:02,18,24,191,192
2023-08-17 09:59:02,18,23,191,192
2023-08-17 09:59:40,18,22,191,192
2023-08-17 09:59:40,15,22,191,192
2023-08-17 09:59:41,17,22,191,192
2023-08-17 09:59:41,17,21,191,192
2023-08-17 09:59:42,17,20,191,192
2023-08-17 09:59:43,17,19,191,192
2023-08-17 09:59:44,17,20,206,207
2023-08-17 09:59:45,17,19,206,207
2023-08-17 09:59:45,17,20,221,222
2023-08-17 09:59:46,17,19,221,222
2023-08-17 09:59:47,17,20,236,237
2023-08-17 09:59:48,17,19,236,237
2023-08-17 09:59:49,17,20,251,252
2023-08-17 09:59:49,17,19,251,252
2023-08-17 09:59:50,17,20,266,267
2023-08-17 09:59:51,17,19,266,267
2023-08-17 09:59:52,17,20,281,282
2023-08-17 09:59:53,17,19,281,282
2023-08-17 09:59:53,17,20,296,297
2023-08-17 09:59:54,17,19,296,297
2023-08-17 09:59:55,17,20,311,312
2023-08-17 09:59:56,17,19,311,312
2023-08-17 09:59:56,17,20,326,327
2023-08-17 09:59:57,17,19,326,327
2023-08-17 09:59:57,17,20,341,342
2023-08-17 09:59:58,17,19,341,342
2023-08-17 09:59:58,17,20,356,357
2023-08-17 09:59:59,17,19,356,357
2023-08-17 10:00:00,17,20,371,372
2023-08-17 10:00:01,17,19,371,372
2023-08-17 10:00:03,17,18,371,372
2023-08-17 10:00:08,17,19,386,387
2023-08-17 10:00:09,17,18,386,387
2023-08-17 10:00:09,17,20,416,417
2023-08-17 10:00:10,17,19,416,417
2023-08-17 10:00:10,17,20,431,432
2023-08-17 10:00:11,17,19,431,432
2023-08-17 10:00:11,17,20,446,447
2023-08-17 10:00:12,17,22,446,447
2023-08-17 10:00:15,17,21,446,447
2023-08-17 10:00:15,17,21,486,487
2023-08-17 10:00:16,17,22,486,487
2023-08-17 10:00:16,17,22,526,527
2023-08-17 10:00:17,17,22,526,527
2023-08-17 10:00:17,17,19,526,527
2023-08-17 10:00:17,17,19,566,567
2023-08-17 10:00:17,17,22,581,582
2023-08-17 10:00:18,17,21,581,582
2023-08-17 10:00:19,17,22,581,582
2023-08-17 10:00:20,17,21,581,582
2023-08-17 10:00:21,17,22,581,582
2023-08-17 10:00:22,17,21,581,582
2023-08-17 10:00:23,17,22,581,582
2023-08-17 10:00:24,17,21,581,582
2023-08-17 10:00:26,17,22,581,582
2023-08-17 10:00:27,17,21,581,582
2023-08-17 10:00:30,17,22,581,582
2023-08-17 10:00:31,17,21,581,582
2023-08-17 10:00:32,17,22,581,582
2023-08-17 10:00:33,17,21,581,582
2023-08-17 10:00:41,16,21,581,582
2023-08-17 10:00:41,17,21,581,582
2023-08-17 10:00:45,17,22,581,582
2023-08-17 10:00:46,17,21,581,582
2023-08-17 10:00:47,17,22,581,582
2023-08-17 10:00:48,17,21,581,582
2023-08-17 10:00:50,17,22,581,582
2023-08-17 10:00:51,17,21,581,582
2023-08-17 10:00:58,17,22,581,582
2023-08-17 10:00:58,17,30,581,582
2023-08-17 10:00:58,17,29,581,582
2023-08-17 10:00:58,16,29,581,582
2023-08-17 10:00:59,16,28,581,582
2023-08-17 10:00:59,16,23,581,582
2023-08-17 10:00:59,16,21,581,582
2023-08-17 10:01:01,16,20,581,582
2023-08-17 10:01:34,17,20,581,582
2023-08-17 10:02:04,17,23,596,597
2023-08-17 10:02:51,15,23,596,597
2023-08-17 10:02:51,15,30,596,597
2023-08-17 10:02:52,18,30,596,597
2023-08-17 10:02:52,18,25,596,597
2023-08-17 10:02:52,18,23,596,597
2023-08-17 10:03:46,18,25,596,597
2023-08-17 10:03:47,17,25,596,597
2023-08-17 10:03:47,18,25,596,597
2023-08-17 10:03:47,18,23,596,597
2023-08-17 10:04:34,17,23,596,597
2023-08-17 10:04:34,17,25,596,597
2023-08-17 10:04:35,18,25,596,597
2023-08-17 10:04:35,18,23,596,597
2023-08-17 10:05:35,15,29,596,597
2023-08-17 10:05:36,19,29,596,597
2023-08-17 10:05:36,19,26,596,597
2023-08-17 10:05:36,19,24,596,597
2023-08-17 10:06:33,18,24,596,597
2023-08-17 10:06:33,18,26,596,597
2023-08-17 10:06:34,20,26,596,597
2023-08-17 10:06:34,20,25,596,597
2023-08-17 10:06:37,18,25,596,597
2023-08-17 10:06:37,18,26,596,597
2023-08-17 10:06:38,20,26,596,597
2023-08-17 10:06:47,20,28,596,597
2023-08-17 10:06:47,18,28,596,597
2023-08-17 10:06:47,20,28,596,597
2023-08-17 10:06:47,20,27,596,597
2023-08-17 10:06:47,20,25,596,597
2023-08-17 10:06:53,20,28,596,597
2023-08-17 10:06:53,18,28,596,597
2023-08-17 10:06:54,19,28,596,597
2023-08-17 10:06:54,19,26,596,597
2023-08-17 10:06:54,19,24,596,597
2023-08-17 10:06:58,19,28,596,597
2023-08-17 10:06:58,18,28,596,597
2023-08-17 10:06:59,18,26,596,597
2023-08-17 10:06:59,18,24,596,597
2023-08-17 10:07:03,18,28,596,597
2023-08-17 10:07:04,18,25,596,597
2023-08-17 10:07:04,18,23,596,597
2023-08-17 10:07:05,17,23,596,597
2023-08-17 10:07:41,18,23,596,597
2023-08-17 10:07:42,17,23,596,597
2023-08-17 10:08:00,18,23,596,597
2023-08-17 10:08:01,17,23,596,597
2023-08-17 10:08:02,18,23,596,597
2023-08-17 10:08:03,17,23,596,597
2023-08-17 10:08:04,18,28,596,597
2023-08-17 10:08:04,18,27,596,597
2023-08-17 10:08:04,18,23,596,597
2023-08-17 10:08:55,18,30,596,597
2023-08-17 10:08:56,19,30,596,597
2023-08-17 10:08:56,19,26,596,597
2023-08-17 10:08:56,19,24,596,597
2023-08-17 10:09:06,16,24,596,597
2023-08-17 10:09:07,16,30,596,597
2023-08-17 10:09:07,17,30,596,597
2023-08-17 10:09:07,19,30,596,597
2023-08-17 10:09:07,19,25,596,597
2023-08-17 10:09:27,19,26,596,597
2023-08-17 10:09:27,16,26,596,597
2023-08-17 10:09:28,17,26,596,597
2023-08-17 10:09:28,19,26,596,597
2023-08-17 10:09:28,19,24,596,597
2023-08-17 10:09:46,19,26,596,597
2023-08-17 10:09:46,16,26,596,597
2023-08-17 10:09:47,18,26,596,597
2023-08-17 10:09:47,18,23,596,597
2023-08-17 10:10:21,18,26,596,597
2023-08-17 10:10:22,19,26,596,597
2023-08-17 10:10:22,19,24,596,597
2023-08-17 10:10:46,18,24,596,597
2023-08-17 10:10:47,19,24,596,597
2023-08-17 10:10:48,18,24,596,597
2023-08-17 10:10:48,19,24,596,597
2023-08-17 10:10:54,18,24,596,597
2023-08-17 10:10:55,20,24,596,597
2023-08-17 10:11:19,20,22,596,597
2023-08-17 10:11:39,18,22,596,597
2023-08-17 10:11:39,19,22,596,597
2023-08-17 10:11:55,20,22,596,597
2023-08-17 10:11:56,19,22,596,597
2023-08-17 10:12:00,19,22,846,847
2023-08-17 10:12:00,18,22,846,847
2023-08-17 10:12:01,20,22,846,847
2023-08-17 10:12:13,20,22,1096,1097
2023-08-17 10:12:16,20,22,1346,1347
2023-08-17 10:12:17,20,22,1596,1597
2023-08-17 10:12:36,15,22,1596,1597
2023-08-17 10:12:38,15,22,1846,1847
2023-08-17 10:12:40,16,22,1846,1847
2023-08-17 10:12:40,16,22,2096,2097
2023-08-17 10:12:41,15,22,2096,2097
2023-08-17 10:12:41,17,22,2096,2097
2023-08-17 10:12:41,17,22,2346,2347
2023-08-17 10:12:42,15,22,2346,2347
2023-08-17 10:12:42,18,22,2346,2347
2023-08-17 10:12:43,15,22,2346,2347
2023-08-17 10:12:43,15,29,2596,2597
2023-08-17 10:12:43,19,29,2596,2597
2023-08-17 10:12:44,15,29,2596,2597
2023-08-17 10:12:44,20,29,2596,2597
2023-08-17 10:12:45,22,29,2596,2597
2023-08-17 10:12:51,20,29,2596,2597
2023-08-17 10:13:24,22,29,2596,2597
2023-08-17 10:13:24,22,27,2596,2597
2023-08-17 10:14:05,20,27,2596,2597
2023-08-17 10:14:05,20,30,2596,2597
2023-08-17 10:14:06,20,29,2596,2597
2023-08-17 10:14:06,23,29,2596,2597
2023-08-17 10:14:06,23,28,2596,2597
2023-08-17 10:14:34,23,30,2596,2597
2023-08-17 10:14:35,20,30,2596,2597
2023-08-17 10:14:35,22,30,2596,2597
2023-08-17 10:14:35,22,27,2596,2597
2023-08-17 10:15:08,22,30,2596,2597
2023-08-17 10:15:08,15,30,2596,2597
2023-08-17 10:15:08,20,30,2596,2597
2023-08-17 10:15:08,22,30,2596,2597
2023-08-17 10:15:08,22,27,2596,2597
2023-08-17 10:15:12,22,26,2596,2597
2023-08-17 10:15:17,22,27,2596,2597
2023-08-17 10:15:33,22,23,2596,2597
2023-08-17 10:15:37,20,23,2596,2597
2023-08-17 10:15:37,21,23,2596,2597
2023-08-17 10:15:51,21,22,2596,2597
2023-08-17 10:16:01,19,22,2596,2597
2023-08-17 10:16:02,20,22,2596,2597
2023-08-17 10:16:06,19,22,2596,2597
2023-08-17 10:16:19,20,22,2596,2597
2023-08-17 10:16:54,19,22,2596,2597
2023-08-17 10:16:54,21,22,2596,2597
2023-08-17 10:17:29,15,22,2596,2597
2023-08-17 10:17:29,20,22,2596,2597
2023-08-17 10:17:31,20,22,2684,2847
2023-08-17 10:17:32,20,23,2834,2997
2023-08-17 10:17:32,21,23,2834,2997
2023-08-17 10:17:33,20,23,2834,2997
2023-08-17 10:17:34,21,23,2834,2997
2023-08-17 10:17:35,20,23,2834,2997
2023-08-17 10:17:36,21,23,2834,2997
2023-08-17 10:17:36,22,23,2834,2997
2023-08-17 10:17:55,15,23,2834,2997
2023-08-17 10:17:56,21,23,2834,2997
2023-08-17 10:17:57,22,23,2834,2997
2023-08-17 10:17:58,21,23,2834,2997
2023-08-17 10:18:08,22,23,2834,2997
2023-08-17 10:18:09,21,23,2834,2997
2023-08-17 10:18:10,22,23,2834,2997
2023-08-17 10:18:11,21,23,2834,2997
2023-08-17 10:18:12,22,23,2834,2997
2023-08-17 10:18:13,21,23,2834,2997
2023-08-17 10:18:14,22,23,2834,2997
2023-08-17 10:18:15,21,23,2834,2997
2023-08-17 10:18:47,22,23,2834,2997
2023-08-17 10:19:48,20,23,2834,2997
2023-08-17 10:19:48,22,23,2834,2997
2023-08-17 10:20:49,20,23,2834,2997
2023-08-17 10:20:49,22,23,2834,2997
2023-08-17 10:21:49,20,23,2834,2997
2023-08-17 10:21:50,21,23,2834,2997
2023-08-17 10:22:13,20,23,2834,2997
2023-08-17 10:22:13,21,23,2834,2997
2023-08-17 10:23:14,19,23,2834,2997
2023-08-17 10:23:14,21,23,2834,2997
2023-08-17 10:24:14,16,23,2834,2997
2023-08-17 10:24:14,19,23,2834,2997
2023-08-17 10:24:14,21,23,2834,2997
2023-08-17 10:24:33,15,23,2834,2997
2023-08-17 10:24:33,20,23,2834,2997
2023-08-17 10:24:33,22,23,2834,2997
2023-08-17 10:25:01,20,23,2834,2997
2023-08-17 10:25:02,22,23,2834,2997
2023-08-17 10:25:21,20,23,2834,2997
2023-08-17 10:25:21,21,23,2834,2997
2023-08-17 10:25:23,21,23,3084,3247
2023-08-17 10:25:24,21,27,3234,3397
2023-08-17 10:25:26,22,27,3234,3397
2023-08-17 10:25:27,21,27,3234,3397
2023-08-17 10:25:27,20,27,3234,3397
2023-08-17 10:25:27,20,30,3234,3397
2023-08-17 10:25:27,22,30,3234,3397
2023-08-17 10:25:28,24,30,3234,3397
2023-08-17 10:25:28,24,29,3234,3397
2023-08-17 10:25:28,24,28,3234,3397
2023-08-17 10:25:57,24,28,3234,3412
2023-08-17 10:25:57,24,28,3234,3427
2023-08-17 10:25:58,24,28,3234,3435
2023-08-17 10:26:28,21,30,3234,3435
2023-08-17 10:26:28,23,30,3234,3435
2023-08-17 10:26:28,23,28,3234,3435
2023-08-17 10:27:08,22,28,3234,3435
2023-08-17 10:27:08,22,30,3234,3435
2023-08-17 10:27:08,24,30,3234,3435
2023-08-17 10:27:09,24,28,3234,3435
2023-08-17 10:28:09,22,30,3234,3435
2023-08-17 10:28:09,24,30,3234,3435
2023-08-17 10:28:09,24,28,3234,3435
2023-08-17 10:28:57,15,28,3234,3435
2023-08-17 10:28:57,15,30,3234,3435
2023-08-17 10:28:57,15,29,3234,3435
2023-08-17 10:28:57,25,29,3234,3435
2023-08-17 10:29:00,25,29,3234,3450
2023-08-17 10:29:00,25,29,3234,3465
2023-08-17 10:29:00,25,29,3234,3480
2023-08-17 10:29:50,25,30,3234,3480
2023-08-17 10:29:50,23,30,3234,3480
2023-08-17 10:29:51,24,30,3234,3480
2023-08-17 10:29:51,24,28,3234,3480
2023-08-17 10:30:21,24,30,3234,3480
2023-08-17 10:30:21,23,30,3234,3480
2023-08-17 10:30:21,24,30,3234,3480
2023-08-17 10:30:22,24,28,3234,3480
2023-08-17 10:30:29,24,30,3234,3480
2023-08-17 10:30:29,15,30,3234,3480
2023-08-17 10:30:30,23,30,3234,3480
2023-08-17 10:30:30,23,27,3234,3480
2023-08-17 10:30:33,23,30,3234,3480
2023-08-17 10:30:33,22,30,3234,3480
2023-08-17 10:30:34,22,27,3234,3480
2023-08-17 10:30:48,21,27,3234,3480
2023-08-17 10:30:48,21,30,3234,3480
2023-08-17 10:30:48,23,30,3234,3480
2023-08-17 10:30:49,23,27,3234,3480
2023-08-17 10:31:41,23,26,3234,3480
2023-08-17 10:31:48,21,26,3234,3480
2023-08-17 10:31:49,22,26,3234,3480
2023-08-17 10:31:49,23,26,3234,3480
2023-08-17 10:32:01,21,26,3234,3480
2023-08-17 10:32:02,24,26,3234,3480
2023-08-17 10:33:02,23,26,3234,3480
2023-08-17 10:33:03,24,26,3234,3480
2023-08-17 10:33:23,23,26,3234,3480
2023-08-17 10:33:24,25,26,3234,3480
2023-08-17 10:33:47,25,30,3434,3680
2023-08-17 10:33:47,23,30,3434,3680
2023-08-17 10:33:47,26,30,3434,3680
2023-08-17 10:34:41,15,30,3434,3680
2023-08-17 10:34:41,27,30,3434,3680
2023-08-17 10:35:29,28,30,3434,3680
2023-08-17 10:36:29,27,30,3434,3680
2023-08-17 10:36:33,28,30,3434,3680
2023-08-17 10:36:34,27,30,3434,3680
2023-08-17 10:36:35,28,30,3434,3680
2023-08-17 10:36:36,27,30,3434,3680
2023-08-17 10:36:38,28,30,3434,3680
2023-08-17 10:36:39,27,30,3434,3680
2023-08-17 10:36:40,28,30,3434,3680
2023-08-17 10:36:41,27,30,3434,3680
2023-08-17 10:37:05,16,30,3434,3680
2023-08-17 10:37:06,28,30,3434,3680
2023-08-17 10:38:44,27,30,3434,3680
2023-08-17 10:40:36,26,30,3434,3680
2023-08-17 10:40:37,27,30,3434,3680
2023-08-17 10:40:45,26,30,3434,3680
2023-08-17 10:40:46,27,30,3434,3680
2023-08-17 10:41:45,16,30,3434,3680
2023-08-17 10:41:46,27,30,3434,3680
2023-08-17 10:42:13,28,30,3434,3680
2023-08-17 10:42:14,27,30,3434,3680
2023-08-17 10:42:46,26,30,3434,3680
2023-08-17 10:42:46,27,30,3434,3680
2023-08-17 10:43:28,26,30,3434,3680
2023-08-17 10:43:28,27,30,3434,3680
2023-08-17 10:44:20,16,30,3434,3680
2023-08-17 10:44:20,27,30,3434,3680
2023-08-17 10:45:42,26,30,3434,3680
2023-08-17 10:47:17,15,30,3434,3680
2023-08-17 10:47:17,26,30,3434,3680
2023-08-17 10:48:14,27,30,3434,3680
2023-08-17 10:48:38,26,30,3434,3680
2023-08-17 10:49:43,25,30,3434,3680
2023-08-17 10:50:15,15,30,3434,3680
2023-08-17 10:50:15,23,30,3434,3680
2023-08-17 10:50:15,25,30,3434,3680
2023-08-17 10:50:15,25,29,3434,3680
2023-08-17 10:51:06,25,30,3434,3680
2023-08-17 10:51:06,24,30,3434,3680
2023-08-17 10:51:06,24,29,3434,3680
2023-08-17 10:51:06,25,29,3434,3680
2023-08-17 10:51:10,25,30,3434,3680
2023-08-17 10:51:10,24,30,3434,3680
2023-08-17 10:51:11,24,28,3434,3680
2023-08-17 10:51:16,24,30,3434,3680
2023-08-17 10:51:16,21,30,3434,3680
2023-08-17 10:51:16,18,30,3434,3680
2023-08-17 10:51:16,15,30,3434,3680
2023-08-17 10:51:16,23,30,3434,3680
2023-08-17 10:51:16,23,27,3434,3680
2023-08-17 10:51:21,23,26,3434,3680
2023-08-17 10:51:22,23,27,3434,3680
2023-08-17 10:51:27,23,30,3434,3680
2023-08-17 10:51:28,23,27,3434,3680
2023-08-17 10:51:30,22,27,3434,3680
2023-08-17 10:52:28,22,28,3434,3680
2023-08-17 10:52:28,22,27,3434,3680
2023-08-17 10:53:28,21,27,3434,3680
2023-08-17 10:53:28,21,28,3434,3680
2023-08-17 10:53:28,22,28,3434,3680
2023-08-17 10:53:29,21,28,3434,3680
2023-08-17 10:53:29,22,28,3434,3680
2023-08-17 10:53:29,22,26,3434,3680
2023-08-17 10:54:08,22,29,3434,3680
2023-08-17 10:54:08,22,28,3434,3680
2023-08-17 10:54:08,21,28,3434,3680
2023-08-17 10:54:09,21,26,3434,3680
2023-08-17 10:54:18,21,29,3434,3680
2023-08-17 10:54:18,21,27,3434,3680
2023-08-17 10:54:18,21,25,3434,3680
2023-08-17 10:54:56,21,26,3434,3680
2023-08-17 10:54:56,21,24,3434,3680
2023-08-17 10:54:58,20,24,3434,3680
2023-08-17 10:55:56,19,25,3434,3680
2023-08-17 10:55:57,20,25,3434,3680
2023-08-17 10:55:57,20,24,3434,3680
2023-08-17 10:56:55,20,25,3434,3680
2023-08-17 10:56:55,19,25,3434,3680
2023-08-17 10:56:55,21,25,3434,3680
2023-08-17 10:57:07,19,25,3434,3680
2023-08-17 10:57:08,22,25,3434,3680
2023-08-17 10:58:04,22,25,3434,3695
2023-08-17 10:58:07,22,25,3434,3710
2023-08-17 10:58:08,19,25,3434,3710
2023-08-17 10:58:08,20,25,3434,3710
2023-08-17 10:58:08,22,25,3434,3710
2023-08-17 10:58:17,19,25,3434,3710
2023-08-17 10:58:18,20,25,3434,3710
2023-08-17 10:58:18,22,25,3434,3710
2023-08-17 10:58:39,22,27,3434,3710
2023-08-17 10:58:39,22,26,3434,3710
2023-08-17 10:58:40,22,27,3434,3710
2023-08-17 10:58:49,22,28,3434,3710
2023-08-17 10:58:49,22,27,3434,3710
2023-08-17 10:58:50,23,27,3434,3710
2023-08-17 10:59:03,22,27,3434,3710
2023-08-17 10:59:04,22,29,3434,3710
2023-08-17 10:59:04,22,28,3434,3710
2023-08-17 10:59:04,24,28,3434,3710
2023-08-17 10:59:09,22,28,3434,3710
2023-08-17 10:59:10,23,28,3434,3710
2023-08-17 10:59:10,25,28,3434,3710
2023-08-17 10:59:22,25,29,3434,3710
2023-08-17 10:59:59,22,29,3434,3710
2023-08-17 10:59:59,23,29,3434,3710
2023-08-17 10:59:59,25,29,3434,3710
2023-08-17 11:00:23,19,29,3434,3710
2023-08-17 11:00:24,24,29,3434,3710
2023-08-17 11:00:24,26,29,3434,3710
2023-08-17 11:00:25,26,29,3434,3725
2023-08-17 11:00:32,26,29,3434,3740
2023-08-17 11:00:32,26,29,3434,3755
2023-08-17 11:00:42,25,29,3434,3755
2023-08-17 11:00:42,25,26,3434,3755
2023-08-17 11:00:42,26,29,3434,3770
2023-08-17 11:00:50,25,29,3434,3770
2023-08-17 11:00:50,26,29,3434,3770
2023-08-17 11:02:05,26,28,3434,3770
2023-08-17 11:02:31,26,27,3434,3770
2023-08-17 11:02:31,26,27,3684,4020
2023-08-17 11:02:32,26,27,3934,4270
2023-08-17 11:02:33,26,27,4184,4520
2023-08-17 11:02:35,26,27,4434,4770
2023-08-17 11:03:42,26,27,4684,5020
2023-08-17 11:03:45,26,27,4934,5270
2023-08-17 11:03:49,26,27,5184,5520
2023-08-17 11:04:09,26,30,5434,5770
2023-08-17 11:04:09,26,30,5449,5785
2023-08-17 11:04:11,26,30,5449,5800
2023-08-17 11:04:14,26,30,5449,5815
2023-08-17 11:05:04,19,30,5449,5815
2023-08-17 11:05:05,23,30,5449,5815
2023-08-17 11:05:05,25,30,5449,5815
2023-08-17 11:05:15,25,27,5449,5815
2023-08-17 11:05:21,19,27,5449,5815
2023-08-17 11:05:21,24,27,5449,5815
2023-08-17 11:05:30,24,25,5449,5815
2023-08-17 11:05:38,24,25,5699,6065
2023-08-17 11:05:38,24,27,5949,6315
2023-08-17 11:05:40,19,27,5949,6315
2023-08-17 11:05:40,25,27,5949,6315
2023-08-17 11:06:29,24,27,5949,6315
2023-08-17 11:07:01,19,27,5949,6315
2023-08-17 11:07:02,22,27,5949,6315
2023-08-17 11:07:02,24,27,5949,6315
2023-08-17 11:07:13,19,27,5949,6315
2023-08-17 11:07:13,24,27,5949,6315
2023-08-17 11:07:32,25,27,5949,6315
2023-08-17 11:08:03,26,27,5949,6315
2023-08-17 11:08:24,25,27,5949,6315
2023-08-17 11:08:25,26,27,5949,6315
2023-08-17 11:08:26,25,27,5949,6315
2023-08-17 11:08:27,26,27,5949,6315
2023-08-17 11:08:28,25,27,5949,6315
2023-08-17 11:08:28,25,27,6199,6565
2023-08-17 11:08:29,26,27,6199,6565
2023-08-17 11:08:29,26,27,6449,6815
2023-08-17 11:08:30,25,27,6449,6815
2023-08-17 11:08:31,26,27,6449,6815
2023-08-17 11:08:32,25,27,6449,6815
2023-08-17 11:08:33,26,27,6449,6815
2023-08-17 11:08:34,25,27,6449,6815
2023-08-17 11:08:35,26,27,6449,6815
2023-08-17 11:08:36,25,27,6449,6815
2023-08-17 11:08:37,26,27,6449,6815
2023-08-17 11:08:38,25,27,6449,6815
2023-08-17 11:08:39,26,27,6449,6815
2023-08-17 11:08:40,25,27,6449,6815
2023-08-17 11:08:41,26,27,6449,6815
2023-08-17 11:08:42,25,27,6449,6815
2023-08-17 11:08:42,25,27,6699,7065
2023-08-17 11:08:43,26,27,6699,7065
2023-08-17 11:08:44,25,27,6699,7065
2023-08-17 11:08:45,26,27,6699,7065
2023-08-17 11:08:46,25,27,6699,7065
2023-08-17 11:08:50,26,27,6699,7065
2023-08-17 11:08:51,25,27,6699,7065
2023-08-17 11:08:53,26,27,6699,7065
2023-08-17 11:08:54,25,27,6699,7065
2023-08-17 11:08:55,26,27,6699,7065
2023-08-17 11:08:56,25,27,6699,7065
2023-08-17 11:08:57,26,27,6699,7065
2023-08-17 11:08:58,25,27,6699,7065
2023-08-17 11:08:59,26,27,6699,7065
2023-08-17 11:09:00,25,27,6699,7065
2023-08-17 11:09:01,26,27,6699,7065
2023-08-17 11:09:02,25,27,6699,7065
2023-08-17 11:09:08,26,27,6699,7065
2023-08-17 11:09:09,25,27,6699,7065
2023-08-17 11:09:10,26,27,6699,7065
2023-08-17 11:09:11,25,27,6699,7065
2023-08-17 11:09:24,20,27,6699,7065
2023-08-17 11:09:25,19,27,6699,7065
2023-08-17 11:09:25,21,27,6699,7065
2023-08-17 11:09:25,25,27,6699,7065
2023-08-17 11:09:28,26,27,6699,7065
2023-08-17 11:09:29,25,27,6699,7065
2023-08-17 11:09:30,26,27,6699,7065
2023-08-17 11:09:31,25,27,6699,7065
2023-08-17 11:09:32,26,27,6699,7065
2023-08-17 11:09:33,25,27,6699,7065
2023-08-17 11:09:38,26,27,6699,7065
2023-08-17 11:09:39,25,27,6699,7065
2023-08-17 11:09:40,26,27,6699,7065
2023-08-17 11:09:41,25,27,6699,7065
2023-08-17 11:09:42,26,27,6699,7065
2023-08-17 11:09:43,25,27,6699,7065
2023-08-17 11:09:46,26,27,6699,7065
2023-08-17 11:09:47,25,27,6699,7065
2023-08-17 11:09:48,26,27,6699,7065
2023-08-17 11:09:49,25,27,6699,7065
2023-08-17 11:09:50,26,27,6699,7065
2023-08-17 11:09:51,25,27,6699,7065
2023-08-17 11:09:52,26,27,6699,7065
2023-08-17 11:09:53,25,27,6699,7065
2023-08-17 11:09:54,26,27,6699,7065
2023-08-17 11:09:55,25,27,6699,7065
2023-08-17 11:09:56,26,27,6699,7065
2023-08-17 11:09:57,25,27,6699,7065
2023-08-17 11:09:58,26,27,6699,7065
2023-08-17 11:09:59,25,27,6699,7065
2023-08-17 11:10:00,26,27,6699,7065
2023-08-17 11:10:01,25,27,6699,7065
2023-08-17 11:10:02,26,27,6699,7065
2023-08-17 11:10:03,25,27,6699,7065
2023-08-17 11:10:04,26,27,6699,7065
2023-08-17 11:10:05,25,27,6699,7065
2023-08-17 11:10:06,26,27,6699,7065
2023-08-17 11:10:07,25,27,6699,7065
2023-08-17 11:10:10,26,27,6699,7065
2023-08-17 11:10:35,25,27,6699,7065
2023-08-17 11:10:50,25,26,6699,7065
2023-08-17 11:12:03,19,26,6699,7065
2023-08-17 11:12:03,22,26,6699,7065
2023-08-17 11:12:04,24,26,6699,7065
2023-08-17 11:12:22,19,26,6699,7065
2023-08-17 11:12:22,23,26,6699,7065
2023-08-17 11:12:22,25,26,6699,7065
2023-08-17 11:12:28,19,26,6699,7065
2023-08-17 11:12:28,25,26,6699,7065
2023-08-17 11:12:55,25,27,6949,7315
2023-08-17 11:13:02,19,27,6949,7315
2023-08-17 11:13:03,26,27,6949,7315
2023-08-17 11:13:21,26,27,7024,7390
2023-08-17 11:13:35,23,27,7024,7390
2023-08-17 11:13:35,24,27,7024,7390
2023-08-17 11:13:35,26,27,7024,7390
2023-08-17 11:13:51,23,27,7024,7390
2023-08-17 11:13:51,25,27,7024,7390
2023-08-17 11:13:57,23,27,7024,7390
2023-08-17 11:13:58,24,27,7024,7390
2023-08-17 11:14:13,23,27,7024,7390
2023-08-17 11:14:13,25,27,7024,7390
2023-08-17 11:14:22,23,27,7024,7390
2023-08-17 11:14:22,24,27,7024,7390
2023-08-17 11:14:45,23,27,7024,7390
2023-08-17 11:14:45,25,27,7024,7390
2023-08-17 11:15:03,23,27,7024,7390
2023-08-17 11:15:03,26,27,7024,7390
2023-08-17 11:15:37,19,27,7024,7390
2023-08-17 11:15:37,26,27,7024,7390
2023-08-17 11:15:47,19,27,7024,7390
2023-08-17 11:15:47,24,27,7024,7390
2023-08-17 11:15:47,26,27,7024,7390
2023-08-17 11:16:03,19,27,7024,7390
2023-08-17 11:16:04,20,27,7024,7390
2023-08-17 11:16:04,26,27,7024,7390
2023-08-17 11:16:11,19,27,7024,7390
2023-08-17 11:16:11,26,27,7024,7390
2023-08-17 11:18:22,19,27,7024,7390
2023-08-17 11:18:23,25,27,7024,7390
2023-08-17 11:18:23,26,27,7024,7390
2023-08-17 11:18:24,25,27,7024,7390
2023-08-17 11:18:25,25,27,7274,7640
2023-08-17 11:18:25,26,27,7274,7640
2023-08-17 11:18:26,25,27,7274,7640
2023-08-17 11:18:27,26,27,7274,7640
2023-08-17 11:18:28,25,27,7274,7640
2023-08-17 11:18:28,25,27,7349,7715
2023-08-17 11:18:29,26,27,7349,7715
2023-08-17 11:18:30,25,27,7349,7715
2023-08-17 11:18:31,26,27,7349,7715
2023-08-17 11:18:31,26,30,7449,7815
2023-08-17 11:18:32,25,30,7449,7815
2023-08-17 11:18:32,27,30,7449,7815
2023-08-17 11:18:33,25,30,7449,7815
2023-08-17 11:18:34,26,30,7449,7815
2023-08-17 11:18:35,25,30,7449,7815
2023-08-17 11:18:35,27,30,7449,7815
2023-08-17 11:18:36,25,30,7449,7815
2023-08-17 11:18:37,26,30,7449,7815
2023-08-17 11:18:38,25,30,7449,7815
2023-08-17 11:18:39,26,30,7449,7815
2023-08-17 11:18:40,25,30,7449,7815
2023-08-17 11:18:41,26,30,7449,7815
2023-08-17 11:18:42,25,30,7449,7815
2023-08-17 11:18:51,26,30,7449,7815
2023-08-17 11:18:52,25,30,7449,7815
2023-08-17 11:18:53,26,30,7449,7815
2023-08-17 11:18:54,25,30,7449,7815
2023-08-17 11:18:55,26,30,7449,7815
2023-08-17 11:18:56,25,30,7449,7815
2023-08-17 11:18:57,26,30,7449,7815
2023-08-17 11:18:58,25,30,7449,7815
2023-08-17 11:18:59,26,30,7449,7815
2023-08-17 11:19:00,25,30,7449,7815
2023-08-17 11:19:01,26,30,7449,7815
2023-08-17 11:19:02,25,30,7449,7815
2023-08-17 11:19:03,26,30,7449,7815
2023-08-17 11:19:04,25,30,7449,7815
2023-08-17 11:19:05,26,30,7449,7815
2023-08-17 11:19:06,25,30,7449,7815
2023-08-17 11:19:07,26,30,7449,7815
2023-08-17 11:19:08,25,30,7449,7815
2023-08-17 11:19:09,26,30,7449,7815
2023-08-17 11:19:10,25,30,7449,7815
2023-08-17 11:19:11,26,30,7449,7815
2023-08-17 11:19:12,25,30,7449,7815
2023-08-17 11:19:13,26,30,7449,7815
2023-08-17 11:19:14,25,30,7449,7815
2023-08-17 11:19:15,26,30,7449,7815
2023-08-17 11:19:16,25,30,7449,7815
2023-08-17 11:19:17,26,30,7449,7815
2023-08-17 11:19:18,25,30,7449,7815
2023-08-17 11:19:19,26,30,7449,7815
2023-08-17 11:19:20,25,30,7449,7815
2023-08-17 11:19:21,26,30,7449,7815
2023-08-17 11:19:22,23,30,7449,7815
2023-08-17 11:19:23,24,30,7449,7815
2023-08-17 11:19:23,25,30,7449,7815
2023-08-17 11:19:23,27,30,7449,7815
2023-08-17 11:20:24,19,30,7449,7815
2023-08-17 11:20:24,27,30,7449,7815
2023-08-17 11:21:03,19,30,7449,7815
2023-08-17 11:21:03,27,30,7449,7815
2023-08-17 11:21:19,19,30,7449,7815
2023-08-17 11:21:19,26,30,7449,7815
2023-08-17 11:21:19,28,30,7449,7815
2023-08-17 11:21:30,29,30,7449,7815
2023-08-17 11:21:31,28,30,7449,7815
2023-08-17 11:21:32,29,30,7449,7815
2023-08-17 11:21:33,28,30,7449,7815
2023-08-17 11:21:34,29,30,7449,7815
2023-08-17 11:21:35,28,30,7449,7815
2023-08-17 11:21:37,29,30,7449,7815
2023-08-17 11:21:38,28,30,7449,7815
2023-08-17 11:21:39,29,30,7449,7815
2023-08-17 11:21:40,28,30,7449,7815
2023-08-17 11:21:42,29,30,7449,7815
2023-08-17 11:21:43,28,30,7449,7815
2023-08-17 11:21:44,29,30,7449,7815
2023-08-17 11:21:45,28,30,7449,7815
2023-08-17 11:22:42,27,30,7449,7815
2023-08-17 11:22:50,26,30,7449,7815
2023-08-17 11:22:52,26,27,7449,7815
2023-08-17 11:23:02,19,27,7449,7815
2023-08-17 11:23:02,25,27,7449,7815
2023-08-17 11:23:02,25,27,7449,9015
2023-08-17 11:23:05,26,27,7449,9015
2023-08-17 11:23:06,25,27,7449,9015
2023-08-17 11:23:07,26,27,7449,9015
2023-08-17 11:23:08,25,27,7449,9015
2023-08-17 11:23:09,26,27,7449,9015
2023-08-17 11:23:10,25,27,7449,9015
2023-08-17 11:23:19,26,27,7449,9015
2023-08-17 11:24:05,19,27,7449,9015
2023-08-17 11:24:05,25,27,7449,9015
2023-08-17 11:24:14,19,27,7449,9015
2023-08-17 11:24:14,23,27,7449,9015
2023-08-17 11:24:14,25,27,7449,9015
2023-08-17 11:24:32,24,27,7449,9015
2023-08-17 11:24:36,24,26,7449,9015
2023-08-17 11:25:01,24,25,7449,9015
2023-08-17 11:25:43,24,30,7449,9815
2023-08-17 11:26:04,19,30,7449,9815
2023-08-17 11:26:04,23,30,7449,9815
2023-08-17 11:26:04,25,30,7449,9815
2023-08-17 11:26:11,19,30,7449,9815
2023-08-17 11:26:11,24,30,7449,9815
2023-08-17 11:26:11,26,30,7449,9815
2023-08-17 11:26:23,19,30,7449,9815
2023-08-17 11:26:24,26,30,7449,9815
2023-08-17 11:26:51,27,30,7449,9815
2023-08-17 11:27:21,28,30,7449,9815
2023-08-17 11:27:22,27,30,7449,9815
2023-08-17 11:27:23,28,30,7449,9815
2023-08-17 11:27:24,27,30,7449,9815
2023-08-17 11:27:25,28,30,7449,9815
2023-08-17 11:27:26,27,30,7449,9815
2023-08-17 11:27:27,28,30,7449,9815
2023-08-17 11:27:28,27,30,7449,9815
2023-08-17 11:27:29,28,30,7449,9815
2023-08-17 11:27:58,29,30,7449,9815
2023-08-17 11:27:59,28,30,7449,9815
2023-08-17 11:28:00,29,30,7449,9815
2023-08-17 11:28:01,28,30,7449,9815
2023-08-17 11:28:02,29,30,7449,9815
2023-08-17 11:28:03,28,30,7449,9815
2023-08-17 11:28:30,19,30,7449,9815
2023-08-17 11:28:30,28,30,7449,9815
2023-08-17 11:29:31,19,30,7449,9815
2023-08-17 11:29:31,26,30,7449,9815
2023-08-17 11:29:31,28,30,7449,9815
2023-08-17 11:29:36,29,30,7449,9815
2023-08-17 11:29:37,28,30,7449,9815
2023-08-17 11:29:52,29,30,7449,9815
2023-08-17 11:29:53,28,30,7449,9815
2023-08-17 11:29:54,29,30,7449,9815
2023-08-17 11:29:55,28,30,7449,9815
2023-08-17 11:29:56,29,30,7449,9815
2023-08-17 11:29:57,28,30,7449,9815
2023-08-17 11:29:58,29,30,7449,9815
2023-08-17 11:29:59,28,30,7449,9815
2023-08-17 11:30:37,29,30,7449,9815
2023-08-17 11:30:38,28,30,7449,9815
2023-08-17 11:30:39,29,30,7449,9815
2023-08-17 11:30:40,28,30,7449,9815
2023-08-17 11:30:41,29,30,7449,9815
2023-08-17 11:30:42,28,30,7449,9815
2023-08-17 11:30:43,29,30,7449,9815
2023-08-17 11:30:44,28,30,7449,9815
2023-08-17 11:31:00,29,30,7449,9815
2023-08-17 11:31:01,28,30,7449,9815
2023-08-17 11:31:02,29,30,7449,9815
2023-08-17 11:31:03,28,30,7449,9815
2023-08-17 11:31:04,29,30,7449,9815
2023-08-17 11:31:05,28,30,7449,9815
2023-08-17 11:31:06,29,30,7449,9815
2023-08-17 11:31:07,28,30,7449,9815
2023-08-17 11:31:08,29,30,7449,9815
2023-08-17 11:31:09,28,30,7449,9815
2023-08-17 11:31:10,29,30,7449,9815
2023-08-17 11:31:11,28,30,7449,9815
2023-08-17 11:31:12,29,30,7449,9815
2023-08-17 11:31:13,28,30,7449,9815
2023-08-17 11:31:21,29,30,7449,9815
2023-08-17 11:31:22,28,30,7449,9815
2023-08-17 11:31:23,29,30,7449,9815
2023-08-17 11:31:24,28,30,7449,9815
2023-08-17 11:31:25,29,30,7449,9815
2023-08-17 11:31:26,28,30,7449,9815
2023-08-17 11:31:27,29,30,7449,9815
2023-08-17 11:31:28,28,30,7449,9815
2023-08-17 11:31:29,29,30,7449,9815
2023-08-17 11:31:30,28,30,7449,9815
2023-08-17 11:31:31,29,30,7449,9815
2023-08-17 11:31:32,28,30,7449,9815
2023-08-17 11:31:33,29,30,7449,9815
2023-08-17 11:31:34,28,30,7449,9815
2023-08-17 11:31:34,29,30,7449,9815
2023-08-17 11:31:57,29,37,7444,9821
2023-08-17 11:31:58,30,37,7444,9821
2023-08-17 11:31:59,31,37,7444,9821
2023-08-17 11:32:00,29,37,7444,9821
2023-08-17 11:32:02,30,37,7444,9821
2023-08-17 11:32:02,30,40,7444,9821
2023-08-17 11:32:02,30,38,7444,9821
2023-08-17 11:32:03,31,38,7444,9821
2023-08-17 11:32:04,30,38,7444,9821
2023-08-17 11:32:05,31,38,7444,9821
2023-08-17 11:32:06,30,38,7444,9821
2023-08-17 11:32:07,31,38,7444,9821
2023-08-17 11:32:08,30,38,7444,9821
2023-08-17 11:32:11,31,38,7444,9821
2023-08-17 11:32:12,30,38,7444,9821
2023-08-17 11:32:13,31,38,7444,9821
2023-08-17 11:32:14,30,38,7444,9821
2023-08-17 11:32:15,31,38,7444,9821
2023-08-17 11:32:16,30,38,7444,9821
2023-08-17 11:32:17,31,38,7444,9821
2023-08-17 11:32:18,30,38,7444,9821
2023-08-17 11:32:19,31,38,7444,9821
2023-08-17 11:32:20,30,38,7444,9821
2023-08-17 11:32:21,31,38,7444,9821
2023-08-17 11:32:22,30,38,7444,9821
2023-08-17 11:32:23,31,38,7444,9821
2023-08-17 11:32:24,30,38,7444,9821
2023-08-17 11:32:25,31,38,7444,9821
2023-08-17 11:32:26,30,38,7444,9821
2023-08-17 11:32:27,31,38,7444,9821
2023-08-17 11:32:28,30,38,7444,9821
2023-08-17 11:32:29,31,38,7444,9821
2023-08-17 11:32:30,30,38,7444,9821
2023-08-17 11:32:31,31,38,7444,9821
2023-08-17 11:32:32,30,38,7444,9821
2023-08-17 11:32:34,31,38,7444,9821
2023-08-17 11:32:35,30,38,7444,9821
2023-08-17 11:32:36,31,38,7444,9821
2023-08-17 11:32:37,30,38,7444,9821
2023-08-17 11:32:38,31,38,7444,9821
2023-08-17 11:32:39,30,38,7444,9821
2023-08-17 11:32:40,31,38,7444,9821
2023-08-17 11:32:41,30,38,7444,9821
2023-08-17 11:32:42,31,38,7444,9821
2023-08-17 11:32:43,30,38,7444,9821
2023-08-17 11:32:44,31,38,7444,9821
2023-08-17 11:32:45,30,38,7444,9821
2023-08-17 11:32:46,31,38,7444,9821
2023-08-17 11:32:47,30,38,7444,9821
2023-08-17 11:32:48,31,38,7444,9821
2023-08-17 11:32:49,30,38,7444,9821
2023-08-17 11:32:50,31,38,7444,9821
2023-08-17 11:32:51,30,38,7444,9821
2023-08-17 11:32:52,31,38,7444,9821
2023-08-17 11:32:53,30,38,7444,9821
2023-08-17 11:32:54,31,38,7444,9821
2023-08-17 11:32:55,30,38,7444,9821
2023-08-17 11:32:57,31,38,7444,9821
2023-08-17 11:32:58,30,38,7444,9821
2023-08-17 11:32:59,31,38,7444,9821
2023-08-17 11:33:00,30,38,7444,9821
2023-08-17 11:33:01,31,38,7444,9821
2023-08-17 11:33:02,29,38,7444,9821
2023-08-17 11:33:03,30,38,7444,9821
2023-08-17 11:33:04,31,38,7444,9821
2023-08-17 11:33:05,30,38,7444,9821
2023-08-17 11:33:06,31,38,7444,9821
2023-08-17 11:33:07,30,38,7444,9821
2023-08-17 11:33:08,31,38,7444,9821
2023-08-17 11:33:09,30,38,7444,9821
2023-08-17 11:33:10,31,38,7444,9821
2023-08-17 11:33:11,30,38,7444,9821
2023-08-17 11:33:12,31,38,7444,9821
2023-08-17 11:33:13,30,38,7444,9821
2023-08-17 11:33:14,31,38,7444,9821
2023-08-17 11:33:15,30,38,7444,9821
2023-08-17 11:33:16,31,38,7444,9821
2023-08-17 11:33:17,30,38,7444,9821
2023-08-17 11:33:18,31,38,7444,9821
2023-08-17 11:33:19,30,38,7444,9821
2023-08-17 11:33:20,31,38,7444,9821
2023-08-17 11:33:21,30,38,7444,9821
2023-08-17 11:33:22,31,38,7444,9821
2023-08-17 11:33:23,30,38,7444,9821
2023-08-17 11:33:24,31,38,7444,9821
2023-08-17 11:33:25,30,38,7444,9821
2023-08-17 11:33:26,31,38,7444,9821
2023-08-17 11:33:27,30,38,7444,9821
2023-08-17 11:33:28,31,38,7444,9821
2023-08-17 11:33:29,30,38,7444,9821
2023-08-17 11:33:30,31,38,7444,9821
2023-08-17 11:33:31,30,38,7444,9821
2023-08-17 11:33:33,20,38,7444,9821
2023-08-17 11:33:34,27,38,7444,9821
2023-08-17 11:33:34,28,38,7444,9821
2023-08-17 11:33:34,29,38,7444,9821
2023-08-17 11:33:35,28,38,7444,9821
2023-08-17 11:33:35,30,38,7444,9821
2023-08-17 11:33:36,28,38,7444,9821
2023-08-17 11:33:37,29,38,7444,9821
2023-08-17 11:33:38,28,38,7444,9821
2023-08-17 11:33:38,30,38,7444,9821
2023-08-17 11:33:39,28,38,7444,9821
2023-08-17 11:33:40,29,38,7444,9821
2023-08-17 11:33:41,28,38,7444,9821
2023-08-17 11:33:41,30,38,7444,9821
2023-08-17 11:33:42,28,38,7444,9821
2023-08-17 11:33:43,29,38,7444,9821
2023-08-17 11:33:44,28,38,7444,9821
2023-08-17 11:33:44,30,38,7444,9821
2023-08-17 11:33:45,28,38,7444,9821
2023-08-17 11:33:46,29,38,7444,9821
2023-08-17 11:33:47,28,38,7444,9821
2023-08-17 11:33:47,30,38,7444,9821
2023-08-17 11:33:48,28,38,7444,9821
2023-08-17 11:33:48,31,38,7444,9821
2023-08-17 11:33:49,28,38,7444,9821
2023-08-17 11:33:50,29,38,7444,9821
2023-08-17 11:33:51,28,38,7444,9821
2023-08-17 11:33:51,30,38,7444,9821
2023-08-17 11:33:52,28,38,7444,9821
2023-08-17 11:33:53,29,38,7444,9821
2023-08-17 11:33:54,28,38,7444,9821
2023-08-17 11:33:54,30,38,7444,9821
2023-08-17 11:33:55,28,38,7444,9821
2023-08-17 11:33:56,29,38,7444,9821
2023-08-17 11:33:57,28,38,7444,9821
2023-08-17 11:33:57,30,38,7444,9821
2023-08-17 11:33:58,28,38,7444,9821
2023-08-17 11:33:59,29,38,7444,9821
2023-08-17 11:34:00,28,38,7444,9821
2023-08-17 11:34:00,30,38,7444,9821
2023-08-17 11:34:01,28,38,7444,9821
2023-08-17 11:34:02,29,38,7444,9821
2023-08-17 11:34:03,28,38,7444,9821
2023-08-17 11:34:03,30,38,7444,9821
2023-08-17 11:34:04,28,38,7444,9821
2023-08-17 11:34:05,29,38,7444,9821
2023-08-17 11:34:06,28,38,7444,9821
2023-08-17 11:34:06,30,38,7444,9821
2023-08-17 11:34:07,28,38,7444,9821
2023-08-17 11:34:08,29,38,7444,9821
2023-08-17 11:34:09,28,38,7444,9821
2023-08-17 11:34:09,30,38,7444,9821
2023-08-17 11:34:10,28,38,7444,9821
2023-08-17 11:34:11,29,38,7444,9821
2023-08-17 11:34:12,28,38,7444,9821
2023-08-17 11:34:12,30,38,7444,9821
2023-08-17 11:34:13,28,38,7444,9821
2023-08-17 11:34:14,29,38,7444,9821
2023-08-17 11:34:15,30,38,7444,9821
2023-08-17 11:34:16,29,38,7444,9821
2023-08-17 11:34:17,30,38,7444,9821
2023-08-17 11:34:18,29,38,7444,9821
2023-08-17 11:34:19,30,38,7444,9821
2023-08-17 11:34:20,29,38,7444,9821
2023-08-17 11:34:21,30,38,7444,9821
2023-08-17 11:34:22,29,38,7444,9821
2023-08-17 11:34:23,30,38,7444,9821
2023-08-17 11:34:24,29,38,7444,9821
2023-08-17 11:34:25,30,38,7444,9821
2023-08-17 11:34:26,29,38,7444,9821
2023-08-17 11:34:27,30,38,7444,9821
2023-08-17 11:34:28,29,38,7444,9821
2023-08-17 11:34:29,30,38,7444,9821
2023-08-17 11:34:30,29,38,7444,9821
2023-08-17 11:34:31,30,38,7444,9821
2023-08-17 11:34:32,29,38,7444,9821
2023-08-17 11:34:33,30,38,7444,9821
2023-08-17 11:34:34,29,38,7444,9821
2023-08-17 11:34:34,30,38,7444,9821
2023-08-17 11:34:34,30,37,7444,9821
2023-08-17 11:35:01,30,38,7444,9821
2023-08-17 11:35:01,29,38,7444,9821
2023-08-17 11:35:02,30,38,7444,9821
2023-08-17 11:35:02,30,36,7444,9821
2023-08-17 11:35:47,30,38,7444,9821
2023-08-17 11:35:47,30,37,7444,9821
2023-08-17 11:35:56,31,37,7444,9821
2023-08-17 11:35:56,31,40,7444,9821
2023-08-17 11:35:56,31,37,7444,9821
2023-08-17 11:36:56,30,40,7444,9821
2023-08-17 11:36:57,31,40,7444,9821
2023-08-17 11:36:57,31,38,7444,9821
2023-08-17 11:36:57,31,37,7444,9821
2023-08-17 11:37:14,32,37,7444,9821
2023-08-17 11:37:15,31,37,7444,9821
2023-08-17 11:37:15,31,38,7444,9821
2023-08-17 11:37:15,30,38,7444,9821
2023-08-17 11:37:15,30,37,7444,9821
2023-08-17 11:37:41,30,38,7444,9821
2023-08-17 11:37:41,30,37,7444,9821
2023-08-17 11:37:45,30,38,7444,9821
2023-08-17 11:37:45,31,38,7444,9821
2023-08-17 11:37:45,31,37,7444,9821
2023-08-17 11:37:55,32,37,7444,9821
2023-08-17 11:37:56,31,37,7444,9821
2023-08-17 11:37:57,32,37,7444,9821
2023-08-17 11:37:58,31,37,7444,9821
2023-08-17 11:38:11,31,38,7444,9821
2023-08-17 11:38:11,30,38,7444,9821
2023-08-17 11:38:11,30,36,7444,9821
2023-08-17 11:38:20,30,38,7444,9821
2023-08-17 11:38:20,29,38,7444,9821
2023-08-17 11:38:20,29,36,7444,9821
2023-08-17 11:38:33,28,36,7444,9821
2023-08-17 11:38:40,28,38,7444,9821
2023-08-17 11:38:40,28,37,7444,9821
2023-08-17 11:38:40,28,38,7444,9821
2023-08-17 11:38:40,28,35,7444,9821
2023-08-17 11:39:00,28,40,7444,9821
2023-08-17 11:39:00,28,39,7444,9821
2023-08-17 11:39:00,28,34,7444,9821
2023-08-17 11:39:42,28,35,7444,9821
2023-08-17 11:39:43,29,35,7444,9821
2023-08-17 11:39:44,28,35,7444,9821
2023-08-17 11:39:45,29,35,7444,9821
2023-08-17 11:39:46,28,35,7444,9821
2023-08-17 11:39:47,29,35,7444,9821
2023-08-17 11:39:48,28,35,7444,9821
2023-08-17 11:39:49,29,35,7444,9821
2023-08-17 11:39:50,28,35,7444,9821
2023-08-17 11:39:52,29,35,7444,9821
2023-08-17 11:39:53,28,35,7444,9821
2023-08-17 11:39:55,29,35,7444,9821
2023-08-17 11:39:56,28,35,7444,9821
2023-08-17 11:39:57,29,35,7444,9821
2023-08-17 11:39:58,28,35,7444,9821
2023-08-17 11:39:59,29,35,7444,9821
2023-08-17 11:40:00,28,35,7444,9821
2023-08-17 11:40:00,27,35,7444,9821
2023-08-17 11:40:00,27,36,7444,9821
2023-08-17 11:40:00,28,36,7444,9821
2023-08-17 11:40:02,29,36,7444,9821
2023-08-17 11:40:03,28,36,7444,9821
2023-08-17 11:40:03,30,36,7444,9821
2023-08-17 11:40:04,28,36,7444,9821
2023-08-17 11:40:05,29,36,7444,9821
2023-08-17 11:40:06,28,36,7444,9821
2023-08-17 11:40:06,30,36,7444,9821
2023-08-17 11:40:07,28,36,7444,9821
2023-08-17 11:40:08,29,36,7444,9821
2023-08-17 11:40:09,28,36,7444,9821
2023-08-17 11:40:09,30,36,7444,9821
2023-08-17 11:40:10,28,36,7444,9821
2023-08-17 11:40:11,29,36,7444,9821
2023-08-17 11:40:12,28,36,7444,9821
2023-08-17 11:40:13,29,36,7444,9821
2023-08-17 11:40:14,28,36,7444,9821
2023-08-17 11:40:15,29,36,7444,9821
2023-08-17 11:40:16,28,36,7444,9821
2023-08-17 11:40:28,28,37,7444,9821
2023-08-17 11:40:28,27,37,7444,9821
2023-08-17 11:40:28,28,37,7444,9821
2023-08-17 11:40:28,28,35,7444,9821
2023-08-17 11:40:34,29,35,7444,9821
2023-08-17 11:40:35,28,35,7444,9821
2023-08-17 11:40:36,29,35,7444,9821
2023-08-17 11:40:37,28,35,7444,9821
2023-08-17 11:40:40,29,35,7444,9821
2023-08-17 11:40:41,28,35,7444,9821
2023-08-17 11:40:42,29,35,7444,9821
2023-08-17 11:40:43,28,35,7444,9821
2023-08-17 11:40:55,28,37,7444,9821
2023-08-17 11:40:55,27,37,7444,9821
2023-08-17 11:40:55,28,37,7444,9821
2023-08-17 11:40:55,28,34,7444,9821
2023-08-17 11:41:02,28,37,7444,9821
2023-08-17 11:41:02,27,37,7444,9821
2023-08-17 11:41:02,27,36,7444,9821
2023-08-17 11:41:03,27,34,7444,9821
2023-08-17 11:41:39,27,37,7444,9821
2023-08-17 11:41:39,19,37,7444,9821
2023-08-17 11:41:39,27,37,7444,9821
2023-08-17 11:41:39,27,33,7444,9821
2023-08-17 11:42:04,19,33,7444,9821
2023-08-17 11:42:04,19,40,7444,9821
2023-08-17 11:42:04,27,40,7444,9821
2023-08-17 11:42:05,27,34,7444,9821
2023-08-17 11:42:24,27,40,7444,9821
2023-08-17 11:42:24,27,39,7444,9821
2023-08-17 11:42:24,26,39,7444,9821
2023-08-17 11:42:24,27,39,7444,9821
2023-08-17 11:42:24,27,35,7444,9821
2023-08-17 11:42:24,27,33,7444,9821
2023-08-17 11:42:32,27,40,7444,9821
2023-08-17 11:42:32,26,40,7444,9821
2023-08-17 11:42:32,26,34,7444,9821
2023-08-17 11:42:32,26,32,7444,9821
2023-08-17 11:43:22,25,32,7444,9821
2023-08-17 11:43:22,25,33,7444,9821
2023-08-17 11:43:22,27,33,7444,9821
2023-08-17 11:44:03,27,34,7444,9821
2023-08-17 11:44:04,25,34,7444,9821
2023-08-17 11:44:04,27,34,7444,9821
2023-08-17 11:44:04,27,40,7444,9821
2023-08-17 11:44:04,28,40,7444,9821
2023-08-17 11:44:04,28,34,7444,9821
2023-08-17 11:44:38,28,40,7444,9821
2023-08-17 11:44:38,19,40,7444,9821
2023-08-17 11:44:38,27,40,7444,9821
2023-08-17 11:44:38,27,34,7444,9821
2023-08-17 11:45:21,27,35,7444,9821
2023-08-17 11:45:21,28,35,7444,9821
2023-08-17 11:45:21,28,34,7444,9821
2023-08-17 11:46:21,27,35,7444,9821
2023-08-17 11:46:22,28,35,7444,9821
2023-08-17 11:46:22,28,34,7444,9821
2023-08-17 11:46:35,28,40,7444,9821
2023-08-17 11:46:35,28,39,7444,9821
2023-08-17 11:46:35,19,39,7444,9821
2023-08-17 11:46:36,26,39,7444,9821
2023-08-17 11:46:36,28,39,7444,9821
2023-08-17 11:46:36,28,35,7444,9821
2023-08-17 11:46:36,28,33,7444,9821
2023-08-17 11:47:36,27,34,7444,9821
2023-08-17 11:47:36,28,34,7444,9821
2023-08-17 11:48:37,27,34,7444,9821
2023-08-17 11:48:37,28,34,7444,9821
2023-08-17 11:48:43,27,34,7444,9821
2023-08-17 11:48:44,27,35,7444,9821
2023-08-17 11:48:44,28,35,7444,9821
2023-08-17 11:48:44,28,34,7444,9821
2023-08-17 11:48:56,28,35,7444,9821
2023-08-17 11:48:56,30,35,7444,9821
2023-08-17 11:49:06,19,35,7444,9821
2023-08-17 11:49:06,19,36,7444,9821
2023-08-17 11:49:06,28,36,7444,9821
2023-08-17 11:49:06,30,36,7444,9821
2023-08-17 11:50:06,30,37,7444,9821
2023-08-17 11:50:06,29,37,7444,9821
2023-08-17 11:50:07,30,37,7444,9821
2023-08-17 11:50:07,31,37,7444,9821
2023-08-17 11:50:07,31,36,7444,9821
2023-08-17 11:50:15,31,37,7444,9821
2023-08-17 11:50:15,29,37,7444,9821
2023-08-17 11:50:16,30,37,7444,9821
2023-08-17 11:50:16,30,35,7444,9821
2023-08-17 11:50:27,29,35,7444,9821
2023-08-17 11:50:28,29,37,7444,9821
2023-08-17 11:50:28,31,37,7444,9821
2023-08-17 11:50:28,31,36,7444,9821
2023-08-17 11:50:52,31,37,7444,9821
2023-08-17 11:50:52,29,37,7444,9821
2023-08-17 11:50:52,30,37,7444,9821
2023-08-17 11:50:53,30,35,7444,9821
2023-08-17 11:51:17,30,37,7444,9821
2023-08-17 11:51:17,19,37,7444,9821
2023-08-17 11:51:17,19,36,7444,9821
2023-08-17 11:51:17,19,37,7444,9821
2023-08-17 11:51:17,27,37,7444,9821
2023-08-17 11:51:17,28,37,7444,9821
2023-08-17 11:51:18,28,34,7444,9821
2023-08-17 11:51:36,28,37,7444,9821
2023-08-17 11:51:36,19,37,7444,9821
2023-08-17 11:51:36,28,37,7444,9821
2023-08-17 11:51:36,28,36,7444,9821
2023-08-17 11:51:36,28,34,7444,9821
2023-08-17 11:52:04,28,32,7444,9821
2023-08-17 11:52:16,26,32,7444,9821
2023-08-17 11:52:16,27,32,7444,9821
2023-08-17 11:52:36,26,32,7444,9821
2023-08-17 11:52:36,27,32,7444,9821
2023-08-17 11:52:42,27,40,7444,9821
2023-08-17 11:52:42,27,39,7444,9821
2023-08-17 11:52:42,25,39,7444,9821
2023-08-17 11:52:42,26,39,7444,9821
2023-08-17 11:52:42,26,31,7444,9821
2023-08-17 11:52:45,26,40,7444,9821
2023-08-17 11:52:45,25,40,7444,9821
2023-08-17 11:52:45,25,32,7444,9821
2023-08-17 11:52:45,25,30,7444,9821
2023-08-17 11:53:46,25,31,7444,9821
2023-08-17 11:54:06,26,31,7444,9821
2023-08-17 11:54:07,25,31,7444,9821
2023-08-17 11:54:08,26,31,7444,9821
2023-08-17 11:54:09,25,31,7444,9821
2023-08-17 11:54:09,25,33,7444,9821
2023-08-17 11:54:09,25,32,7444,9821
2023-08-17 11:54:10,26,32,7444,9821
2023-08-17 11:54:11,25,32,7444,9821
2023-08-17 11:54:12,26,32,7444,9821
2023-08-17 11:54:13,25,32,7444,9821
2023-08-17 11:54:14,26,32,7444,9821
2023-08-17 11:54:15,25,32,7444,9821
2023-08-17 11:54:16,26,32,7444,9821
2023-08-17 11:54:17,25,32,7444,9821
2023-08-17 11:54:18,26,32,7444,9821
2023-08-17 11:54:19,25,32,7444,9821
2023-08-17 11:54:20,26,32,7444,9821
2023-08-17 11:54:21,25,32,7444,9821
2023-08-17 11:54:22,26,32,7444,9821
2023-08-17 11:54:23,25,32,7444,9821
2023-08-17 11:54:34,26,32,7444,9821
2023-08-17 11:54:35,25,32,7444,9821
2023-08-17 11:54:36,26,32,7444,9821
2023-08-17 11:54:37,25,32,7444,9821
2023-08-17 11:54:38,26,32,7444,9821
2023-08-17 11:54:39,25,32,7444,9821
2023-08-17 11:54:40,26,32,7444,9821
2023-08-17 11:54:41,25,32,7444,9821
2023-08-17 11:54:42,26,32,7444,9821
2023-08-17 11:54:42,26,33,7444,9821
2023-08-17 11:54:43,25,33,7444,9821
2023-08-17 11:54:44,26,33,7444,9821
2023-08-17 11:54:45,25,33,7444,9821
2023-08-17 11:54:46,26,33,7444,9821
2023-08-17 11:54:47,25,33,7444,9821
2023-08-17 11:54:48,26,33,7444,9821
2023-08-17 11:54:48,26,40,7444,9821
2023-08-17 11:54:48,26,36,7444,9821
2023-08-17 11:54:48,26,34,7444,9821
2023-08-17 11:54:49,27,34,7444,9821
2023-08-17 11:54:49,27,33,7444,9821
2023-08-17 11:54:49,27,34,7444,9821
2023-08-17 11:54:50,26,34,7444,9821
2023-08-17 11:54:51,27,34,7444,9821
2023-08-17 11:54:52,26,34,7444,9821
2023-08-17 11:54:53,27,34,7444,9821
2023-08-17 11:54:54,26,34,7444,9821
2023-08-17 11:54:55,27,34,7444,9821
2023-08-17 11:54:56,26,34,7444,9821
2023-08-17 11:54:57,27,34,7444,9821
2023-08-17 11:54:58,26,34,7444,9821
2023-08-17 11:54:59,27,34,7444,9821
2023-08-17 11:55:00,26,34,7444,9821
2023-08-17 11:55:01,27,34,7444,9821
2023-08-17 11:55:04,28,34,7444,9821
2023-08-17 11:55:05,27,34,7444,9821
2023-08-17 11:55:06,28,34,7444,9821
2023-08-17 11:55:07,27,34,7444,9821
2023-08-17 11:55:39,19,34,7444,9821
2023-08-17 11:55:39,26,34,7444,9821
2023-08-17 11:55:46,27,34,7444,9821
2023-08-17 11:55:54,27,33,7444,9821
2023-08-17 11:56:04,27,32,7444,9821
2023-08-17 11:56:05,27,33,7444,9821
2023-08-17 11:56:23,27,40,7444,9821
2023-08-17 11:56:23,27,39,7444,9821
2023-08-17 11:56:24,27,32,7444,9821
2023-08-17 11:56:25,25,32,7444,9821
2023-08-17 11:56:27,26,32,7444,9821
2023-08-17 11:56:35,26,39,7444,9821
2023-08-17 11:56:35,26,32,7444,9821
2023-08-17 11:56:39,24,32,7444,9821
2023-08-17 11:56:40,24,39,7444,9821
2023-08-17 11:56:40,19,39,7444,9821
2023-08-17 11:56:40,22,39,7444,9821
2023-08-17 11:56:40,24,39,7444,9821
2023-08-17 11:56:40,24,31,7444,9821
2023-08-17 11:57:06,24,39,7444,9821
2023-08-17 11:57:07,24,32,7444,9821
2023-08-17 11:57:32,24,31,7444,9821
2023-08-17 11:57:35,24,30,7444,9821
2023-08-17 11:58:13,24,29,7444,9821
2023-08-17 11:58:14,24,28,7444,9821
2023-08-17 11:58:15,22,28,7444,9821
2023-08-17 11:58:16,23,28,7444,9821
2023-08-17 11:58:46,24,28,7444,9821
2023-08-17 11:58:47,23,28,7444,9821
2023-08-17 11:58:58,24,28,7444,9821
2023-08-17 11:58:59,23,28,7444,9821
2023-08-17 11:59:00,24,28,7444,9821
2023-08-17 11:59:01,23,28,7444,9821
2023-08-17 11:59:02,24,28,7444,9821
2023-08-17 11:59:03,23,28,7444,9821
2023-08-17 11:59:04,24,28,7444,9821
2023-08-17 11:59:05,23,28,7444,9821
2023-08-17 11:59:06,24,28,7444,9821
2023-08-17 11:59:07,23,28,7444,9821
2023-08-17 11:59:38,22,28,7444,9821
2023-08-17 11:59:42,23,28,7444,9821
2023-08-17 11:59:43,22,28,7444,9821
2023-08-17 12:00:32,20,28,7444,9821
2023-08-17 12:00:33,19,28,7444,9821
2023-08-17 12:00:33,21,28,7444,9821
2023-08-17 12:00:33,22,28,7444,9821
2023-08-17 12:00:34,23,28,7444,9821
2023-08-17 12:00:35,22,28,7444,9821
2023-08-17 12:00:35,19,28,7444,9821
2023-08-17 12:00:36,23,28,7444,9821
2023-08-17 12:00:40,24,28,7444,9821
2023-08-17 12:00:57,25,28,7444,9821
2023-08-17 12:00:58,24,28,7444,9821
2023-08-17 12:01:05,25,28,7444,9821
2023-08-17 12:01:06,24,28,7444,9821
2023-08-17 12:01:07,25,28,7444,9821
2023-08-17 12:01:08,24,28,7444,9821
2023-08-17 12:01:09,25,28,7444,9821
2023-08-17 12:01:10,24,28,7444,9821
2023-08-17 12:01:11,25,28,7444,9821
2023-08-17 12:01:12,24,28,7444,9821
2023-08-17 12:01:21,24,31,7444,9821
2023-08-17 12:01:22,25,31,7444,9821
2023-08-17 12:01:23,24,31,7444,9821
2023-08-17 12:01:25,25,31,7444,9821
2023-08-17 12:01:26,24,31,7444,9821
2023-08-17 12:01:27,25,31,7444,9821
2023-08-17 12:01:28,24,31,7444,9821
2023-08-17 12:01:29,25,31,7444,9821
2023-08-17 12:01:30,24,31,7444,9821
2023-08-17 12:01:46,24,40,7444,9821
2023-08-17 12:01:46,24,39,7444,9821
2023-08-17 12:01:46,24,32,7444,9821
2023-08-17 12:01:47,24,30,7444,9821
2023-08-17 12:01:51,24,29,7444,9821
2023-08-17 12:01:52,24,30,7444,9821
2023-08-17 12:02:05,24,40,7444,9821
2023-08-17 12:02:06,24,31,7444,9821
2023-08-17 12:02:07,24,30,7444,9821
2023-08-17 12:02:11,25,30,7444,9821
2023-08-17 12:02:12,24,30,7444,9821
2023-08-17 12:02:13,25,30,7444,9821
2023-08-17 12:02:14,24,30,7444,9821
2023-08-17 12:02:16,25,30,7444,9821
2023-08-17 12:02:17,24,30,7444,9821
2023-08-17 12:02:18,25,30,7444,9821
2023-08-17 12:02:19,24,30,7444,9821
2023-08-17 12:02:23,24,31,7444,9821
2023-08-17 12:02:26,25,31,7444,9821
2023-08-17 12:02:27,24,31,7444,9821
2023-08-17 12:02:28,25,31,7444,9821
2023-08-17 12:02:29,24,31,7444,9821
2023-08-17 12:02:30,25,31,7444,9821
2023-08-17 12:02:31,24,31,7444,9821
2023-08-17 12:02:32,25,31,7444,9821
2023-08-17 12:02:33,24,31,7444,9821
2023-08-17 12:02:35,25,31,7444,9821
2023-08-17 12:02:36,24,31,7444,9821
2023-08-17 12:02:52,24,40,7444,9821
2023-08-17 12:02:52,19,40,7444,9821
2023-08-17 12:02:53,21,40,7444,9821
2023-08-17 12:02:53,23,40,7444,9821
2023-08-17 12:02:53,23,33,7444,9821
2023-08-17 12:02:53,23,31,7444,9821
2023-08-17 12:02:53,24,31,7444,9821
2023-08-17 12:02:54,23,31,7444,9821
2023-08-17 12:02:55,24,31,7444,9821
2023-08-17 12:02:56,23,31,7444,9821
2023-08-17 12:02:57,24,31,7444,9821
2023-08-17 12:02:58,23,31,7444,9821
2023-08-17 12:02:59,24,31,7444,9821
2023-08-17 12:03:00,23,31,7444,9821
2023-08-17 12:03:01,24,31,7444,9821
2023-08-17 12:03:02,23,31,7444,9821
2023-08-17 12:03:03,24,31,7444,9821
2023-08-17 12:03:04,23,31,7444,9821
2023-08-17 12:03:05,24,31,7444,9821
2023-08-17 12:03:06,23,31,7444,9821
2023-08-17 12:03:06,25,31,7444,9821
2023-08-17 12:03:07,23,31,7444,9821
2023-08-17 12:03:08,24,31,7444,9821
2023-08-17 12:03:09,23,31,7444,9821
2023-08-17 12:03:09,25,31,7444,9821
2023-08-17 12:03:10,23,31,7444,9821
2023-08-17 12:03:11,24,31,7444,9821
2023-08-17 12:03:12,23,31,7444,9821
2023-08-17 12:03:12,25,31,7444,9821
2023-08-17 12:03:13,23,31,7444,9821
2023-08-17 12:03:14,24,31,7444,9821
2023-08-17 12:03:15,23,31,7444,9821
2023-08-17 12:03:15,25,31,7444,9821
2023-08-17 12:03:16,23,31,7444,9821
2023-08-17 12:03:17,24,31,7444,9821
2023-08-17 12:03:18,23,31,7444,9821
2023-08-17 12:03:18,25,31,7444,9821
2023-08-17 12:03:19,23,31,7444,9821
2023-08-17 12:03:19,19,31,7444,9821
2023-08-17 12:03:20,24,31,7444,9821
2023-08-17 12:03:20,25,31,7444,9821
2023-08-17 12:03:30,25,31,7445,9822
2023-08-17 12:03:46,25,31,7446,9823
2023-08-17 12:04:02,25,31,7447,9824
2023-08-17 12:04:13,26,31,7447,9824
2023-08-17 12:04:14,25,31,7447,9824
2023-08-17 12:04:15,26,31,7447,9824
2023-08-17 12:04:16,25,31,7447,9824
2023-08-17 12:04:17,26,31,7447,9824
2023-08-17 12:04:18,25,31,7447,9824
2023-08-17 12:04:19,26,31,7447,9824
2023-08-17 12:04:20,25,31,7447,9824
2023-08-17 12:04:21,26,31,7447,9824
2023-08-17 12:04:22,25,31,7447,9824
2023-08-17 12:04:23,26,31,7447,9824
2023-08-17 12:04:24,25,31,7447,9824
2023-08-17 12:04:26,26,31,7447,9824
2023-08-17 12:04:27,25,31,7447,9824
2023-08-17 12:04:28,26,31,7447,9824
2023-08-17 12:04:29,25,31,7447,9824
2023-08-17 12:04:30,26,31,7447,9824
2023-08-17 12:04:31,25,31,7447,9824
2023-08-17 12:04:32,26,31,7447,9824
2023-08-17 12:04:33,25,31,7447,9824
2023-08-17 12:04:34,26,31,7447,9824
2023-08-17 12:04:35,25,31,7447,9824
2023-08-17 12:04:36,26,31,7447,9824
2023-08-17 12:04:37,25,31,7447,9824
2023-08-17 12:04:37,27,31,7447,9824
2023-08-17 12:04:38,25,31,7447,9824
2023-08-17 12:04:39,26,31,7447,9824
2023-08-17 12:04:40,25,31,7447,9824
2023-08-17 12:04:41,26,31,7447,9824
2023-08-17 12:04:42,25,31,7447,9824
2023-08-17 12:04:43,26,31,7447,9824
2023-08-17 12:04:44,25,31,7447,9824
2023-08-17 12:04:45,26,31,7447,9824
2023-08-17 12:04:46,25,31,7447,9824
2023-08-17 12:04:50,26,31,7447,9824
2023-08-17 12:04:51,25,31,7447,9824
2023-08-17 12:04:56,25,32,7447,9824
2023-08-17 12:05:08,26,32,7447,9824
2023-08-17 12:05:09,25,32,7447,9824
2023-08-17 12:05:10,26,32,7447,9824
2023-08-17 12:05:11,25,32,7447,9824
2023-08-17 12:05:12,26,32,7447,9824
2023-08-17 12:05:13,25,32,7447,9824
2023-08-17 12:05:14,26,32,7447,9824
2023-08-17 12:05:15,25,32,7447,9824
2023-08-17 12:05:16,26,32,7447,9824
2023-08-17 12:05:17,25,32,7447,9824
2023-08-17 12:05:18,26,40,7447,9824
2023-08-17 12:05:18,26,39,7447,9824
2023-08-17 12:05:19,19,39,7447,9824
2023-08-17 12:05:19,25,39,7447,9824
2023-08-17 12:05:19,25,32,7447,9824
2023-08-17 12:05:20,26,32,7447,9824
2023-08-17 12:05:21,25,32,7447,9824
2023-08-17 12:05:22,26,32,7447,9824
2023-08-17 12:05:23,25,32,7447,9824
2023-08-17 12:05:24,26,32,7447,9824
2023-08-17 12:05:25,25,32,7447,9824
2023-08-17 12:05:37,26,32,7447,9824
2023-08-17 12:05:38,25,32,7447,9824
2023-08-17 12:05:39,26,32,7447,9824
2023-08-17 12:05:40,25,32,7447,9824
2023-08-17 12:05:40,27,32,7447,9824
2023-08-17 12:05:41,25,32,7447,9824
2023-08-17 12:05:42,26,32,7447,9824
2023-08-17 12:05:43,25,32,7447,9824
2023-08-17 12:05:44,26,32,7447,9824
2023-08-17 12:05:45,25,32,7447,9824
2023-08-17 12:05:46,26,32,7447,9824
2023-08-17 12:05:47,25,32,7447,9824
2023-08-17 12:05:48,26,32,7447,9824
2023-08-17 12:05:49,25,32,7447,9824
2023-08-17 12:05:50,26,32,7447,9824
2023-08-17 12:05:51,25,32,7447,9824
2023-08-17 12:05:52,26,32,7447,9824
2023-08-17 12:05:53,25,32,7447,9824
2023-08-17 12:05:54,26,32,7447,9824
2023-08-17 12:05:55,25,32,7447,9824
2023-08-17 12:05:56,26,32,7447,9824
2023-08-17 12:05:57,25,32,7447,9824
2023-08-17 12:05:58,26,32,7447,9824
2023-08-17 12:05:59,25,32,7447,9824
2023-08-17 12:06:07,26,32,7447,9824
2023-08-17 12:06:08,25,32,7447,9824
2023-08-17 12:06:09,26,32,7447,9824
2023-08-17 12:06:10,25,32,7447,9824
2023-08-17 12:06:11,26,32,7447,9824
2023-08-17 12:06:12,25,32,7447,9824
2023-08-17 12:06:13,26,32,7447,9824
2023-08-17 12:06:14,25,32,7447,9824
2023-08-17 12:06:15,26,32,7447,9824
2023-08-17 12:06:16,25,32,7447,9824
2023-08-17 12:06:17,26,32,7447,9824
2023-08-17 12:06:18,25,32,7447,9824
2023-08-17 12:06:20,26,32,7447,9824
2023-08-17 12:06:21,25,32,7447,9824
2023-08-17 12:06:22,26,32,7447,9824
2023-08-17 12:06:23,25,32,7447,9824
2023-08-17 12:06:24,26,32,7447,9824
2023-08-17 12:06:25,25,32,7447,9824
2023-08-17 12:06:26,26,32,7447,9824
2023-08-17 12:06:27,25,32,7447,9824
2023-08-17 12:06:29,26,32,7447,9824
2023-08-17 12:06:30,25,32,7447,9824
2023-08-17 12:06:31,26,32,7447,9824
2023-08-17 12:06:32,25,32,7447,9824
2023-08-17 12:06:33,26,32,7447,9824
2023-08-17 12:06:34,25,32,7447,9824
2023-08-17 12:06:35,26,32,7447,9824
2023-08-17 12:06:36,25,32,7447,9824
2023-08-17 12:06:37,26,32,7447,9824
2023-08-17 12:06:38,25,32,7447,9824
2023-08-17 12:06:39,26,32,7447,9824
2023-08-17 12:06:40,25,32,7447,9824
2023-08-17 12:06:41,26,32,7447,9824
2023-08-17 12:06:42,25,32,7447,9824
2023-08-17 12:06:43,26,32,7447,9824
2023-08-17 12:06:44,25,32,7447,9824
2023-08-17 12:06:45,26,32,7447,9824
2023-08-17 12:06:46,25,32,7447,9824
2023-08-17 12:06:47,26,32,7447,9824
2023-08-17 12:06:48,25,32,7447,9824
2023-08-17 12:06:49,26,32,7447,9824
2023-08-17 12:06:50,25,32,7447,9824
2023-08-17 12:06:51,26,32,7447,9824
2023-08-17 12:06:52,25,32,7447,9824
2023-08-17 12:06:53,26,32,7447,9824
2023-08-17 12:06:54,25,32,7447,9824
2023-08-17 12:06:57,26,32,7447,9824
2023-08-17 12:06:58,25,32,7447,9824
2023-08-17 12:06:59,26,32,7447,9824
2023-08-17 12:07:00,25,32,7447,9824
2023-08-17 12:07:01,26,32,7447,9824
2023-08-17 12:07:02,25,32,7447,9824
2023-08-17 12:07:03,26,32,7447,9824
2023-08-17 12:07:04,25,32,7447,9824
2023-08-17 12:07:05,26,33,7447,9824
2023-08-17 12:07:06,25,33,7447,9824
2023-08-17 12:07:07,26,33,7447,9824
2023-08-17 12:07:08,25,33,7447,9824
2023-08-17 12:07:09,26,33,7447,9824
2023-08-17 12:07:10,25,33,7447,9824
2023-08-17 12:07:11,26,33,7447,9824
2023-08-17 12:07:12,25,33,7447,9824
2023-08-17 12:07:13,26,33,7447,9824
2023-08-17 12:07:14,25,33,7447,9824
2023-08-17 12:07:15,26,33,7447,9824
2023-08-17 12:07:16,25,33,7447,9824
2023-08-17 12:07:17,26,33,7447,9824
2023-08-17 12:07:18,25,33,7447,9824
2023-08-17 12:07:18,27,33,7447,9824
2023-08-17 12:07:19,25,33,7447,9824
2023-08-17 12:07:20,26,33,7447,9824
2023-08-17 12:07:21,25,33,7447,9824
2023-08-17 12:07:22,26,33,7447,9824
2023-08-17 12:07:23,25,33,7447,9824
2023-08-17 12:07:24,26,33,7447,9824
2023-08-17 12:07:25,25,33,7447,9824
2023-08-17 12:07:25,27,33,7447,9824
2023-08-17 12:07:26,25,33,7447,9824
2023-08-17 12:07:27,26,33,7447,9824
2023-08-17 12:07:28,25,33,7447,9824
2023-08-17 12:07:29,26,33,7447,9824
2023-08-17 12:07:30,25,33,7447,9824
2023-08-17 12:07:31,26,33,7447,9824
2023-08-17 12:07:32,25,33,7447,9824
2023-08-17 12:07:32,27,33,7447,9824
2023-08-17 12:07:33,25,33,7447,9824
2023-08-17 12:07:34,19,39,7447,9824
2023-08-17 12:07:34,26,39,7447,9824
2023-08-17 12:07:35,19,39,7447,9824
2023-08-17 12:07:35,24,39,7447,9824
2023-08-17 12:07:35,26,39,7447,9824
2023-08-17 12:07:35,26,33,7447,9824
2023-08-17 12:07:36,27,33,7447,9824
2023-08-17 12:07:37,26,33,7447,9824
2023-08-17 12:07:38,27,33,7447,9824
2023-08-17 12:07:39,26,33,7447,9824
2023-08-17 12:07:40,27,33,7447,9824
2023-08-17 12:07:41,26,33,7447,9824
2023-08-17 12:07:42,27,33,7447,9824
2023-08-17 12:07:43,26,33,7447,9824
2023-08-17 12:07:44,27,33,7447,9824
2023-08-17 12:08:13,28,33,7447,9824
2023-08-17 12:08:14,27,33,7447,9824
2023-08-17 12:08:15,28,33,7447,9824
2023-08-17 12:08:16,27,33,7447,9824
2023-08-17 12:08:17,27,34,7447,9824
2023-08-17 12:08:17,28,34,7447,9824
2023-08-17 12:08:18,27,34,7447,9824
2023-08-17 12:08:18,29,34,7447,9824
2023-08-17 12:08:19,27,34,7447,9824
2023-08-17 12:08:20,28,34,7447,9824
2023-08-17 12:08:21,27,34,7447,9824
2023-08-17 12:08:21,29,34,7447,9824
2023-08-17 12:08:21,29,40,7447,9824
2023-08-17 12:08:21,29,37,7447,9824
2023-08-17 12:08:21,29,35,7447,9824
2023-08-17 12:08:22,27,35,7447,9824
2023-08-17 12:08:22,27,34,7447,9824
2023-08-17 12:08:23,28,34,7447,9824
2023-08-17 12:08:24,27,34,7447,9824
2023-08-17 12:08:24,29,34,7447,9824
2023-08-17 12:08:25,27,34,7447,9824
2023-08-17 12:08:26,28,34,7447,9824
2023-08-17 12:08:27,27,34,7447,9824
2023-08-17 12:08:28,28,34,7447,9824
2023-08-17 12:08:29,27,34,7447,9824
2023-08-17 12:08:30,28,34,7447,9824
2023-08-17 12:08:31,27,34,7447,9824
2023-08-17 12:08:34,28,34,7447,9824
2023-08-17 12:08:35,27,34,7447,9824
2023-08-17 12:08:36,28,34,7447,9824
2023-08-17 12:08:37,27,34,7447,9824
2023-08-17 12:08:38,28,34,7447,9824
2023-08-17 12:08:39,27,34,7447,9824
2023-08-17 12:08:40,28,34,7447,9824
2023-08-17 12:08:41,27,34,7447,9824
2023-08-17 12:08:42,28,34,7447,9824
2023-08-17 12:08:43,27,34,7447,9824
2023-08-17 12:08:43,28,34,7447,9824
2023-08-17 12:08:46,28,35,7447,9824
2023-08-17 12:09:19,27,35,7447,9824
2023-08-17 12:09:20,27,34,7447,9824
2023-08-17 12:09:23,27,35,7447,9824
2023-08-17 12:09:46,27,34,7447,9824
2023-08-17 12:09:47,26,34,7447,9824
2023-08-17 12:09:48,27,34,7447,9824
2023-08-17 12:09:49,26,34,7447,9824
2023-08-17 12:09:54,27,34,7447,9824
2023-08-17 12:09:55,26,34,7447,9824
2023-08-17 12:09:56,27,34,7447,9824
2023-08-17 12:09:57,26,34,7447,9824
2023-08-17 12:09:58,27,34,7447,9824
2023-08-17 12:09:59,26,34,7447,9824
2023-08-17 12:10:00,27,34,7447,9824
2023-08-17 12:10:01,26,34,7447,9824
2023-08-17 12:10:02,27,34,7447,9824
2023-08-17 12:10:03,26,34,7447,9824
2023-08-17 12:10:04,26,35,7447,9824
2023-08-17 12:10:04,27,35,7447,9824
2023-08-17 12:10:04,27,32,7447,9824
2023-08-17 12:10:19,27,40,7447,9824
2023-08-17 12:10:19,19,40,7447,9824
2023-08-17 12:10:19,26,40,7447,9824
2023-08-17 12:10:19,26,33,7447,9824
2023-08-17 12:10:19,26,31,7447,9824
2023-08-17 12:10:32,26,40,7447,9824
2023-08-17 12:10:32,19,40,7447,9824
2023-08-17 12:10:32,23,40,7447,9824
2023-08-17 12:10:32,25,40,7447,9824
2023-08-17 12:10:32,25,30,7447,9824
2023-08-17 12:10:38,25,40,7447,9824
2023-08-17 12:10:38,19,40,7447,9824
2023-08-17 12:10:38,22,40,7447,9824
2023-08-17 12:10:39,24,40,7447,9824
2023-08-17 12:10:39,24,32,7447,9824
2023-08-17 12:10:39,24,30,7447,9824
2023-08-17 12:10:55,24,40,7447,9824
2023-08-17 12:10:56,24,31,7447,9824
2023-08-17 12:10:56,24,29,7447,9824
2023-08-17 12:11:21,24,40,7447,9824
2023-08-17 12:11:22,24,30,7447,9824
2023-08-17 12:11:22,24,28,7447,9824
2023-08-17 12:11:22,23,28,7447,9824
2023-08-17 12:11:58,22,28,7447,9824
2023-08-17 12:12:14,23,28,7447,9824
2023-08-17 12:12:29,23,27,7447,9824
2023-08-17 12:12:30,23,28,7447,9824
2023-08-17 12:13:07,22,28,7447,9824
2023-08-17 12:13:08,24,28,7447,9824
2023-08-17 12:13:51,22,28,7447,9824
2023-08-17 12:13:51,23,28,7447,9824
2023-08-17 12:14:18,19,28,7447,9824
2023-08-17 12:14:19,22,28,7447,9824
2023-08-17 12:14:19,24,28,7447,9824
2023-08-17 12:14:19,24,28,7447,9839
2023-08-17 12:14:56,19,28,7447,9839
2023-08-17 12:14:56,23,28,7447,9839
2023-08-17 12:15:25,24,28,7447,9839
2023-08-17 12:16:26,23,28,7447,9839
2023-08-17 12:16:26,24,28,7447,9839
2023-08-17 12:16:34,23,28,7447,9839
2023-08-17 12:16:56,20,28,7447,9839
2023-08-17 12:16:56,22,28,7447,9839
2023-08-17 12:17:22,23,28,7447,9839
2023-08-17 12:17:32,23,26,7447,9839
2023-08-17 12:17:36,19,26,7447,9839
2023-08-17 12:17:37,20,26,7447,9839
2023-08-17 12:17:37,22,26,7447,9839
2023-08-17 12:18:55,21,26,7447,9839
2023-08-17 12:19:08,22,26,7447,9839
2023-08-17 12:20:08,21,26,7447,9839
2023-08-17 12:20:08,22,26,7447,9839
2023-08-17 12:20:50,19,26,7447,9839
2023-08-17 12:20:50,22,26,7447,9839
2023-08-17 12:21:03,23,26,7447,9839
2023-08-17 12:21:18,23,26,7447,9854
2023-08-17 12:21:18,23,26,7447,9869
2023-08-17 12:21:18,19,26,7447,9869
2023-08-17 12:21:18,22,26,7447,9869
2023-08-17 12:21:31,21,26,7447,9869
2023-08-17 12:21:48,19,26,7447,9869
2023-08-17 12:21:48,20,26,7447,9869
2023-08-17 12:21:51,21,26,7447,9869
2023-08-17 12:21:52,20,26,7447,9869
2023-08-17 12:21:53,21,26,7447,9869
2023-08-17 12:21:54,20,26,7447,9869
2023-08-17 12:21:55,21,26,7447,9869
2023-08-17 12:21:56,20,26,7447,9869
2023-08-17 12:21:56,20,26,7447,9870
2023-08-17 12:22:12,20,25,7447,9870
2023-08-17 12:22:13,20,25,7448,9871
2023-08-17 12:22:15,20,26,7448,9871
2023-08-17 12:22:16,19,26,7448,9871
2023-08-17 12:22:16,19,24,7448,9871
2023-08-17 12:22:29,19,24,7449,9872
2023-08-17 12:22:35,19,23,7449,9872
2023-08-17 12:22:41,20,23,7449,9872
2023-08-17 12:22:42,19,23,7449,9872
2023-08-17 12:22:43,20,23,7449,9872
2023-08-17 12:22:44,19,23,7449,9872
2023-08-17 12:22:45,20,23,7449,9872
2023-08-17 12:22:46,19,23,7449,9872
2023-08-17 12:22:47,20,23,7449,9872
2023-08-17 12:22:48,19,23,7449,9872
2023-08-17 12:22:49,20,23,7449,9872
2023-08-17 12:22:50,19,23,7449,9872
2023-08-17 12:22:51,20,23,7449,9872
2023-08-17 12:22:52,19,23,7449,9872
2023-08-17 12:23:11,20,23,7449,9872
2023-08-17 12:23:12,19,23,7449,9872
2023-08-17 12:23:17,20,23,7449,9872
2023-08-17 12:23:18,19,23,7449,9872
2023-08-17 12:23:21,20,23,7449,9872
2023-08-17 12:23:22,19,23,7449,9872
2023-08-17 12:23:23,20,23,7449,9872
2023-08-17 12:23:24,19,23,7449,9872
2023-08-17 12:23:25,20,23,7449,9872
2023-08-17 12:23:26,19,23,7449,9872
2023-08-17 12:23:27,20,23,7449,9872
2023-08-17 12:23:28,19,23,7449,9872
2023-08-17 12:23:29,20,23,7449,9872
2023-08-17 12:23:30,19,23,7449,9872
2023-08-17 12:23:31,20,23,7449,9872
2023-08-17 12:23:32,19,23,7449,9872
2023-08-17 12:23:33,20,23,7449,9872
2023-08-17 12:23:34,19,23,7449,9872
2023-08-17 12:23:35,20,23,7449,9872
2023-08-17 12:23:36,19,23,7449,9872
2023-08-17 12:23:36,21,23,7449,9872
2023-08-17 12:23:37,19,23,7449,9872
2023-08-17 12:23:38,20,23,7449,9872
2023-08-17 12:23:39,19,23,7449,9872
2023-08-17 12:23:40,20,23,7449,9872
2023-08-17 12:23:41,19,23,7449,9872
2023-08-17 12:23:42,20,23,7449,9872
2023-08-17 12:23:43,19,23,7449,9872
2023-08-17 12:23:44,20,23,7449,9872
2023-08-17 12:23:45,19,23,7449,9872
2023-08-17 12:23:46,20,23,7449,9872
2023-08-17 12:23:47,19,23,7449,9872
2023-08-17 12:23:48,20,23,7449,9872
2023-08-17 12:23:49,19,23,7449,9872
2023-08-17 12:23:50,20,23,7449,9872
2023-08-17 12:23:51,19,23,7449,9872
2023-08-17 12:23:52,20,23,7449,9872
2023-08-17 12:23:53,19,23,7449,9872
2023-08-17 12:23:53,21,23,7449,9872
2023-08-17 12:23:54,19,23,7449,9872
2023-08-17 12:23:55,20,23,7449,9872
2023-08-17 12:23:56,19,23,7449,9872
2023-08-17 12:23:57,20,23,7449,9872
2023-08-17 12:23:58,19,23,7449,9872
2023-08-17 12:24:03,20,23,7449,9872
2023-08-17 12:24:04,19,23,7449,9872
2023-08-17 12:24:05,20,23,7449,9872
2023-08-17 12:24:06,19,23,7449,9872
2023-08-17 12:24:07,20,23,7449,9872
2023-08-17 12:24:08,19,23,7449,9872
2023-08-17 12:24:09,20,23,7449,9872
2023-08-17 12:24:10,19,23,7449,9872
2023-08-17 12:24:11,20,23,7449,9872
2023-08-17 12:24:12,19,23,7449,9872
2023-08-17 12:24:13,20,23,7449,9872
2023-08-17 12:24:14,19,23,7449,9872
2023-08-17 12:24:18,20,23,7449,9872
2023-08-17 12:24:19,19,23,7449,9872
2023-08-17 12:24:24,20,23,7449,9872
2023-08-17 12:24:25,19,23,7449,9872
2023-08-17 12:24:34,19,22,7449,9872
2023-08-17 12:24:52,19,22,7459,9882
2023-08-17 12:24:52,19,23,7459,9882
2023-08-17 12:24:52,19,21,7459,9882
2023-08-17 12:25:06,19,23,7459,9882
2023-08-17 12:25:06,19,22,7459,9882
2023-08-17 12:25:06,19,20,7459,9882
2023-08-17 12:25:08,19,20,7474,9897
2023-08-17 12:25:08,19,20,7489,9912
2023-08-17 12:25:08,17,20,7489,9971
2023-08-17 12:25:33,17,19,7489,9971
2023-08-17 12:25:58,18,19,7489,9971
2023-08-17 12:25:59,17,19,7489,9971
2023-08-17 12:26:00,18,19,7489,9971
2023-08-17 12:26:00,18,19,7989,10471
2023-08-17 12:26:01,17,19,7989,10471
2023-08-17 12:26:04,18,19,7989,10471
2023-08-17 12:26:05,17,19,7989,10471
2023-08-17 12:26:06,18,19,7989,10471
2023-08-17 12:26:07,17,19,7989,10471
2023-08-17 12:26:07,17,21,7989,10471
2023-08-17 12:26:08,18,21,7989,10471
2023-08-17 12:26:09,17,21,7989,10471
2023-08-17 12:26:10,18,21,7989,10471
2023-08-17 12:26:11,17,21,7989,10471
2023-08-17 12:26:27,17,39,7989,10471
2023-08-17 12:26:27,17,38,7989,10471
2023-08-17 12:26:27,17,21,7989,10471
2023-08-17 12:26:41,17,19,7989,10471
2023-08-17 12:27:15,15,19,7989,10621
2023-08-17 12:27:16,16,19,7989,10621
2023-08-17 12:27:17,15,19,7989,10621
2023-08-17 12:27:18,16,19,7989,10621
2023-08-17 12:27:19,15,19,7989,10621
2023-08-17 12:27:20,16,19,7989,10621
2023-08-17 12:27:21,15,19,7989,10621
2023-08-17 12:27:33,16,19,7989,10621
2023-08-17 12:27:34,15,19,7989,10621
2023-08-17 12:27:35,16,19,7989,10621
2023-08-17 12:27:36,15,19,7989,10621
2023-08-17 12:27:37,16,19,7989,10621
2023-08-17 12:27:38,15,19,7989,10621
2023-08-17 12:27:39,16,19,7989,10621
2023-08-17 12:27:40,15,19,7989,10621
2023-08-17 12:27:41,16,19,7989,10621
2023-08-17 12:27:42,15,19,7989,10621
2023-08-17 12:27:43,16,19,7989,10621
2023-08-17 12:27:44,15,19,7989,10621
2023-08-17 12:27:45,16,19,7989,10621
2023-08-17 12:27:46,15,19,7989,10621
2023-08-17 12:27:47,16,19,7989,10621
2023-08-17 12:27:48,15,19,7989,10621
2023-08-17 12:27:49,16,19,7989,10621
2023-08-17 12:27:50,15,19,7989,10621
2023-08-17 12:27:51,16,19,7989,10621
2023-08-17 12:27:52,15,19,7989,10621
2023-08-17 12:27:58,15,18,7989,10621
2023-08-17 12:28:12,15,19,7989,10621
2023-08-17 12:28:12,15,17,7989,10621
2023-08-17 12:28:26,15,19,7989,10621
2023-08-17 12:28:26,15,18,7989,10621
2023-08-17 12:28:35,16,18,7989,10621
2023-08-17 12:28:35,16,19,7989,10621
2023-08-17 12:28:36,15,19,7989,10621
2023-08-17 12:28:37,16,19,7989,10621
2023-08-17 12:28:38,15,19,7989,10621
2023-08-17 12:28:39,16,19,7989,10621
2023-08-17 12:28:40,15,19,7989,10621
2023-08-17 12:28:57,15,18,7989,10621
2023-08-17 12:29:40,15,19,7989,10621
2023-08-17 12:29:41,16,19,7989,10621
2023-08-17 12:29:42,15,19,7989,10621
2023-08-17 12:29:43,16,19,7989,10621
2023-08-17 12:29:44,15,19,7989,10621
2023-08-17 12:30:00,15,18,7989,10621
2023-08-17 12:31:01,15,19,7989,10621
2023-08-17 12:31:01,15,17,7989,10621
2023-08-17 12:31:26,15,16,7989,10621
2023-08-17 12:33:01,15,18,7989,10621
2023-08-17 12:33:04,15,39,7989,10621
2023-08-17 12:33:04,15,19,7989,10621
2023-08-17 12:33:06,16,19,7989,10621
2023-08-17 12:33:07,15,19,7989,10621
2023-08-17 12:33:07,15,17,7989,10621
2023-08-17 12:33:08,16,17,7989,10621
2023-08-17 12:33:09,15,17,7989,10621
2023-08-17 12:33:10,16,17,7989,10621
2023-08-17 12:33:11,15,17,7989,10621
2023-08-17 12:33:12,16,17,7989,10621
2023-08-17 12:33:12,16,19,7989,10621
2023-08-17 12:33:13,15,19,7989,10621
2023-08-17 12:33:14,16,19,7989,10621
2023-08-17 12:33:15,15,19,7989,10621
2023-08-17 12:33:15,15,20,7989,10621
2023-08-17 12:33:16,16,20,7989,10621
2023-08-17 12:33:17,15,20,7989,10621
2023-08-17 12:33:18,16,20,7989,10621
2023-08-17 12:33:19,16,18,7989,10621
2023-08-17 12:33:19,15,18,7989,10621
2023-08-17 12:33:20,16,18,7989,10621
2023-08-17 12:33:21,15,18,7989,10621
2023-08-17 12:33:21,17,18,7989,10621
2023-08-17 12:33:22,15,18,7989,10621
2023-08-17 12:33:23,16,18,7989,10621
2023-08-17 12:33:24,15,18,7989,10621
2023-08-17 12:33:24,17,18,7989,10621
2023-08-17 12:33:25,15,18,7989,10621
2023-08-17 12:33:26,16,18,7989,10621
2023-08-17 12:33:27,15,18,7989,10621
2023-08-17 12:33:27,17,18,7989,10621
2023-08-17 12:33:28,15,18,7989,10621
2023-08-17 12:33:29,16,18,7989,10621
2023-08-17 12:33:30,15,18,7989,10621
2023-08-17 12:33:30,17,18,7989,10621
2023-08-17 12:33:31,15,18,7989,10621
2023-08-17 12:33:32,16,18,7989,10621
2023-08-17 12:33:33,15,18,7989,10621
2023-08-17 12:33:33,17,18,7989,10621
2023-08-17 12:33:34,15,18,7989,10621
2023-08-17 12:33:35,16,18,7989,10621
2023-08-17 12:33:36,15,18,7989,10621
2023-08-17 12:33:36,17,18,7989,10621
2023-08-17 12:33:37,15,18,7989,10621
2023-08-17 12:33:38,16,18,7989,10621
2023-08-17 12:33:39,15,18,7989,10621
2023-08-17 12:33:39,17,18,7989,10621
2023-08-17 12:33:40,15,18,7989,10621
2023-08-17 12:33:41,16,18,7989,10621
2023-08-17 12:33:42,15,18,7989,10621
2023-08-17 12:33:42,17,18,7989,10621
2023-08-17 12:33:43,15,18,7989,10621
2023-08-17 12:33:44,16,18,7989,10621
2023-08-17 12:33:45,15,18,7989,10621
2023-08-17 12:33:45,17,18,7989,10621
2023-08-17 12:33:46,15,18,7989,10621
2023-08-17 12:33:47,16,18,7989,10621
2023-08-17 12:33:48,15,18,7989,10621
2023-08-17 12:33:48,17,18,7989,10621
2023-08-17 12:33:49,15,18,7989,10621
2023-08-17 12:33:50,16,18,7989,10621
2023-08-17 12:33:51,15,18,7989,10621
2023-08-17 12:33:51,17,18,7989,10621
2023-08-17 12:33:52,15,18,7989,10621
2023-08-17 12:33:53,16,18,7989,10621
2023-08-17 12:33:54,15,18,7989,10621
2023-08-17 12:33:54,17,18,7989,10621
2023-08-17 12:33:55,15,18,7989,10621
2023-08-17 12:33:56,16,18,7989,10621
2023-08-17 12:33:57,15,18,7989,10621
2023-08-17 12:33:57,17,18,7989,10621
2023-08-17 12:33:58,15,18,7989,10621
2023-08-17 12:33:59,16,18,7989,10621
2023-08-17 12:34:00,15,18,7989,10621
2023-08-17 12:34:01,16,18,7989,10621
2023-08-17 12:34:02,15,18,7989,10621
2023-08-17 12:34:02,17,18,7989,10621
2023-08-17 12:34:02,15,18,7989,10636
2023-08-17 12:34:03,16,18,7989,10636
2023-08-17 12:34:04,17,18,7989,10636
2023-08-17 12:34:04,16,18,7989,10651
2023-08-17 12:34:05,17,18,7989,10651
2023-08-17 12:34:16,16,18,7989,10651
2023-08-17 12:34:19,17,18,7989,10651
2023-08-17 12:34:23,16,18,7989,10651
2023-08-17 12:34:24,16,18,7989,10651
2023-08-17 12:34:25,17,18,7989,10651
2023-08-17 12:34:42,17,21,7989,10651
2023-08-17 12:34:43,17,20,7989,10651
2023-08-17 12:34:44,17,19,7989,10651
2023-08-17 12:35:13,16,19,7989,10651
2023-08-17 12:35:14,17,19,7989,10651
2023-08-17 12:35:26,16,19,7989,10651
2023-08-17 12:35:27,17,19,7989,10651
2023-08-17 12:35:51,17,20,7989,10651
2023-08-17 12:35:51,16,20,7989,10651
2023-08-17 12:35:52,17,20,7989,10651
2023-08-17 12:35:53,18,20,7989,10651
2023-08-17 12:35:59,17,20,7989,10651
2023-08-17 12:35:59,17,19,7989,10651
2023-08-17 12:36:00,17,20,7989,10651
2023-08-17 12:36:00,18,20,7989,10651
2023-08-17 12:36:33,19,20,7989,10651
2023-08-17 12:36:55,18,20,7989,10651
2023-08-17 12:37:09,17,20,7989,10651
2023-08-17 12:37:09,17,19,7989,10651
2023-08-17 12:37:10,17,20,7989,10651
2023-08-17 12:37:10,18,20,7989,10651
2023-08-17 12:37:21,17,20,7989,10651
2023-08-17 12:37:21,17,19,7989,10651
2023-08-17 12:37:23,17,20,7989,10651
2023-08-17 12:37:23,18,20,7989,10651
2023-08-17 12:37:27,17,20,7989,10651
2023-08-17 12:37:27,17,19,7989,10651
2023-08-17 12:37:30,17,20,7989,10651
2023-08-17 12:37:30,18,20,7989,10651
2023-08-17 12:37:52,17,20,7989,10651
2023-08-17 12:37:52,17,19,7989,10651
2023-08-17 12:37:55,17,20,7989,10651
2023-08-17 12:37:55,18,20,7989,10651
2023-08-17 12:38:22,17,20,7989,10651
2023-08-17 12:38:22,17,19,7989,10651
2023-08-17 12:38:23,17,20,7989,10651
2023-08-17 12:38:24,18,20,7989,10651
2023-08-17 12:38:37,19,20,7989,10651
2023-08-17 12:38:39,18,20,7989,10651
2023-08-17 12:38:42,19,20,7989,10651
2023-08-17 12:39:13,18,20,7989,10651
2023-08-17 12:39:27,19,20,7989,10651
2023-08-17 12:39:28,18,20,7989,10651
2023-08-17 12:39:29,19,20,7989,10651
2023-08-17 12:39:30,18,20,7989,10651
2023-08-17 12:39:41,19,20,7989,10651
2023-08-17 12:40:13,19,23,7989,10651
2023-08-17 12:40:14,19,22,7989,10651
2023-08-17 12:40:15,19,21,7989,10651
2023-08-17 12:40:17,18,21,7989,10651
2023-08-17 12:40:25,19,21,7989,10651
2023-08-17 12:40:26,18,21,7989,10651
2023-08-17 12:40:41,19,21,7989,10651
2023-08-17 12:40:46,18,21,7989,10651
2023-08-17 12:40:55,17,21,7989,10651
2023-08-17 12:41:00,17,21,7989,10666
2023-08-17 12:41:01,17,20,7989,10666
2023-08-17 12:41:03,18,20,7989,10666
2023-08-17 12:41:03,17,20,7989,10681
2023-08-17 12:41:04,18,20,7989,10681
2023-08-17 12:41:11,18,21,7989,10681
2023-08-17 12:41:11,19,21,7989,10681
2023-08-17 12:41:16,18,21,7989,10681
2023-08-17 12:41:16,18,20,7989,10681
2023-08-17 12:41:23,17,20,7989,10681
2023-08-17 12:41:23,17,19,7989,10681
2023-08-17 12:41:30,17,20,7989,10681
2023-08-17 12:41:30,18,20,7989,10681
2023-08-17 12:42:00,17,20,7989,10681
2023-08-17 12:42:00,17,19,7989,10681
2023-08-17 12:42:05,17,20,7989,10681
2023-08-17 12:42:05,18,20,7989,10681
2023-08-17 12:42:15,17,20,7989,10681
2023-08-17 12:42:16,18,20,7989,10681
2023-08-17 12:42:17,17,20,7989,10681
2023-08-17 12:42:17,17,19,7989,10681
2023-08-17 12:42:19,17,20,7989,10681
2023-08-17 12:42:19,18,20,7989,10681
2023-08-17 12:42:26,17,20,7989,10681
2023-08-17 12:42:26,17,19,7989,10681
2023-08-17 12:42:32,17,20,7989,10681
2023-08-17 12:42:32,18,20,7989,10681
2023-08-17 12:42:33,17,20,7989,10681
2023-08-17 12:42:33,17,19,7989,10681
2023-08-17 12:42:35,17,20,7989,10681
2023-08-17 12:42:35,18,20,7989,10681
2023-08-17 12:42:52,17,20,7989,10681
2023-08-17 12:42:52,17,19,7989,10681
2023-08-17 12:42:54,17,20,7989,10681
2023-08-17 12:42:54,18,20,7989,10681
2023-08-17 12:42:55,17,20,7989,10681
2023-08-17 12:42:55,17,19,7989,10681
2023-08-17 12:43:09,16,19,7989,10681
2023-08-17 12:43:25,17,19,7989,10681
2023-08-17 12:43:27,16,19,7989,10696
2023-08-17 12:43:27,16,17,7989,10696
2023-08-17 12:43:29,16,19,8004,10711
2023-08-17 12:43:30,17,19,8004,10711
2023-08-17 12:43:33,17,20,8004,10711
2023-08-17 12:43:34,17,19,8004,10711
2023-08-17 12:43:55,16,19,8004,10726
2023-08-17 12:43:56,17,19,8004,10726
2023-08-17 12:44:05,16,19,8004,10726
2023-08-17 12:44:20,15,19,8004,10726
2023-08-17 12:44:21,15,18,8004,10726
2023-08-17 12:44:29,15,16,8004,10726
2023-08-17 12:44:30,15,16,8254,10976
2023-08-17 12:44:31,15,16,8504,11226
2023-08-17 12:44:31,15,16,8754,11476
2023-08-17 12:44:34,16,18,9504,12226
2023-08-17 12:44:45,16,19,9504,12226
2023-08-17 12:44:45,17,19,9504,12226
2023-08-17 12:45:10,16,19,9504,12226
2023-08-17 12:45:10,16,18,9504,12226
2023-08-17 12:45:13,16,21,9504,12226
2023-08-17 12:45:14,16,20,9504,12226
2023-08-17 12:45:15,18,20,9504,12226
2023-08-17 12:45:33,18,22,9504,12226
2023-08-17 12:45:33,19,22,9504,12226
2023-08-17 12:45:34,18,22,9504,12226
2023-08-17 12:45:34,18,21,9504,12226
2023-08-17 12:45:35,18,20,9504,12226
2023-08-17 12:45:54,18,21,9504,12226
2023-08-17 12:45:54,19,21,9504,12226
2023-08-17 12:46:18,18,21,9504,12226
2023-08-17 12:46:18,18,20,9504,12226
2023-08-17 12:46:22,17,20,9504,12226
2023-08-17 12:46:22,17,19,9504,12226
2023-08-17 12:46:42,17,20,9504,12226
2023-08-17 12:46:42,18,20,9504,12226
2023-08-17 12:46:43,17,20,9504,12226
2023-08-17 12:46:43,17,19,9504,12226
2023-08-17 12:46:49,17,20,9504,12226
2023-08-17 12:46:49,18,20,9504,12226
2023-08-17 12:46:59,18,21,9504,12226
2023-08-17 12:46:59,19,21,9504,12226
2023-08-17 12:47:10,18,21,9504,12226
2023-08-17 12:47:10,18,20,9504,12226
2023-08-17 12:47:12,18,21,9504,12226
2023-08-17 12:47:12,19,21,9504,12226
2023-08-17 12:47:20,18,21,9504,12226
2023-08-17 12:47:20,18,20,9504,12226
2023-08-17 12:47:23,18,21,9504,12226
2023-08-17 12:47:23,19,21,9504,12226
2023-08-17 12:47:24,18,21,9504,12226
2023-08-17 12:47:24,18,20,9504,12226
2023-08-17 12:47:51,17,20,9504,12226
2023-08-17 12:47:51,17,19,9504,12226
2023-08-17 12:48:04,16,19,9504,12226
2023-08-17 12:48:04,16,18,9504,12226
2023-08-17 12:48:04,15,18,9504,12226
2023-08-17 12:48:05,16,18,9504,12226
2023-08-17 12:48:18,16,19,9504,12226
2023-08-17 12:48:18,17,19,9504,12226
2023-08-17 12:48:26,16,19,9504,12226
2023-08-17 12:48:26,16,18,9504,12226
2023-08-17 12:48:28,16,19,9504,12226
2023-08-17 12:48:29,16,18,9504,12226
2023-08-17 12:48:40,16,19,9504,12226
2023-08-17 12:48:40,17,19,9504,12226
2023-08-17 12:49:05,16,19,9504,12226
2023-08-17 12:49:05,16,18,9504,12226
2023-08-17 12:49:09,16,19,9504,12226
2023-08-17 12:49:09,17,19,9504,12226
2023-08-17 12:49:14,16,19,9504,12226
2023-08-17 12:49:14,16,18,9504,12226
2023-08-17 12:49:17,16,19,9504,12226
2023-08-17 12:49:17,17,19,9504,12226
2023-08-17 12:49:28,16,19,9504,12226
2023-08-17 12:49:28,16,18,9504,12226
2023-08-17 12:49:51,16,19,9504,12226
2023-08-17 12:49:51,17,19,9504,12226
2023-08-17 12:49:51,16,19,9504,12241
2023-08-17 12:49:52,17,19,9504,12241
2023-08-17 12:49:56,16,19,9504,12241
2023-08-17 12:49:56,16,18,9504,12241
2023-08-17 12:50:02,16,19,9504,12241
2023-08-17 12:50:02,17,19,9504,12241
2023-08-17 12:50:02,16,19,9504,12256
2023-08-17 12:50:03,17,19,9504,12256
2023-08-17 12:50:03,16,19,9504,12271
2023-08-17 12:50:04,17,19,9504,12271
2023-08-17 12:50:07,16,19,9504,12271
2023-08-17 12:50:07,16,18,9504,12271
2023-08-17 12:50:14,15,18,9504,12271
2023-08-17 12:50:15,16,18,9504,12271
2023-08-17 12:50:19,15,18,9504,12271
2023-08-17 12:50:33,15,17,9504,12271
2023-08-17 12:50:52,15,17,9519,12286
2023-08-17 12:50:53,15,17,9534,12301
2023-08-17 12:50:58,15,17,9549,12316
2023-08-17 12:51:03,15,17,9564,12331
2023-08-17 12:51:04,15,17,9579,12346
2023-08-17 12:51:06,15,17,9594,12361
2023-08-17 12:51:08,15,17,9609,12376
2023-08-17 12:51:11,15,17,9624,12391
2023-08-17 12:51:20,15,17,9639,12406
2023-08-17 12:51:20,15,17,9654,12421
2023-08-17 12:51:22,15,17,9669,12436
2023-08-17 12:51:33,15,18,9669,12436
2023-08-17 12:51:33,16,18,9669,12436
2023-08-17 12:51:33,15,18,9669,12451
2023-08-17 12:51:34,16,18,9669,12451
2023-08-17 12:51:36,15,18,9669,12451
2023-08-17 12:51:36,15,17,9669,12451
2023-08-17 12:51:43,15,17,9684,12466
2023-08-17 12:51:44,15,17,9699,12481
2023-08-17 12:51:45,15,17,9714,12496
2023-08-17 12:51:51,15,17,9729,12511
2023-08-17 12:52:05,15,17,9744,12526
2023-08-17 12:52:06,15,16,9744,12526
2023-08-17 12:52:07,14,16,9754,12536
2023-08-17 12:52:07,14,16,9759,12541
2023-08-17 12:52:24,14,16,9774,12556
2023-08-17 12:52:26,14,16,9789,12571
2023-08-17 12:52:28,14,16,9804,12586
2023-08-17 12:52:28,14,16,9819,12601
2023-08-17 12:52:30,14,16,9834,12616
2023-08-17 12:52:32,14,16,9849,12631
2023-08-17 12:52:34,13,16,9854,12636
2023-08-17 12:52:39,13,15,9854,12636
2023-08-17 12:52:41,13,15,9869,12651
2023-08-17 12:52:43,13,15,9884,12666
2023-08-17 12:52:45,13,15,9899,12681
2023-08-17 12:52:45,13,15,9914,12696
2023-08-17 12:52:51,13,15,9929,12711
2023-08-17 12:52:59,13,15,9939,12721
2023-08-17 12:53:09,13,15,9954,12736
2023-08-17 12:53:11,13,15,9969,12751
2023-08-17 12:53:13,13,14,9969,12751
2023-08-17 12:53:14,13,14,9984,12766
2023-08-17 12:53:17,13,14,9999,12781
2023-08-17 12:53:18,12,14,10004,12786
2023-08-17 12:53:50,12,14,10019,12801
2023-08-17 12:53:50,12,14,10034,12816
2023-08-17 12:53:51,12,14,10049,12831
2023-08-17 12:53:51,12,14,10064,12846
2023-08-17 12:53:55,12,13,10064,12846
2023-08-17 12:54:06,12,13,10079,12861
2023-08-17 12:54:08,12,13,10094,12876
2023-08-17 12:54:28,12,14,10094,12876
2023-08-17 12:54:32,12,13,10094,12876
2023-08-17 12:54:32,11,13,10104,12886
2023-08-17 12:54:53,11,13,10119,12901
2023-08-17 12:54:53,11,13,10134,12916
2023-08-17 12:54:57,11,13,10149,12931
2023-08-17 12:55:04,12,13,10149,12931
2023-08-17 12:55:04,12,13,10164,12946
2023-08-17 12:55:04,12,13,10169,12951
2023-08-17 12:55:05,12,13,10184,12966
2023-08-17 12:55:05,12,13,10199,12981
2023-08-17 12:55:21,12,13,10214,12996
2023-08-17 12:55:21,12,13,10229,13011
2023-08-17 12:56:06,11,15,10259,13041
2023-08-17 12:56:07,11,14,10259,13041
2023-08-17 12:56:08,11,13,10259,13041
2023-08-17 12:57:39,11,12,10259,13041
2023-08-17 12:59:44,11,12,10349,13131
2023-08-17 12:59:53,9,12,10364,13146
2023-08-17 12:59:58,9,11,10364,13146
2023-08-17 13:00:03,9,10,10364,13146
2023-08-17 13:00:15,9,10,10365,13147
2023-08-17 13:00:27,9,11,10365,13147
2023-08-17 13:00:31,9,11,10366,13148
2023-08-17 13:00:47,9,11,10367,13149
2023-08-17 13:01:08,9,12,10367,13149
2023-08-17 13:01:08,10,12,10367,13149
2023-08-17 13:01:15,9,12,10367,13149
2023-08-17 13:01:15,9,11,10367,13149
2023-08-17 13:01:16,9,12,10367,13149
2023-08-17 13:01:16,10,12,10367,13149
2023-08-17 13:01:19,9,12,10367,13149
2023-08-17 13:01:19,9,11,10367,13149
2023-08-17 13:01:21,9,12,10367,13149
2023-08-17 13:01:21,10,12,10367,13149
2023-08-17 13:01:47,9,12,10367,13149
2023-08-17 13:01:47,9,11,10367,13149
2023-08-17 13:02:10,10,11,10367,13149
2023-08-17 13:02:16,9,11,10367,13149
2023-08-17 13:02:17,9,12,10367,13149
2023-08-17 13:02:17,10,12,10367,13149
2023-08-17 13:02:24,9,10,10367,13164
2023-08-17 13:02:29,9,10,10978,14364
2023-08-17 13:02:32,9,12,10978,14364
2023-08-17 13:02:33,10,12,10978,14364
2023-08-17 13:02:46,10,11,10978,14364
2023-08-17 13:03:06,9,11,10978,14364
2023-08-17 13:03:59,9,10,10978,14364
2023-08-17 13:04:00,9,11,10978,14364
2023-08-17 13:04:07,10,11,10978,14364
2023-08-17 13:04:09,9,11,10978,14364
2023-08-17 13:04:31,10,11,10978,14364
2023-08-17 13:05:28,10,11,10938,14404
2023-08-17 13:05:29,10,11,10898,14444
2023-08-17 13:05:30,10,11,10858,14484
2023-08-17 13:05:35,10,12,10858,14964
2023-08-17 13:05:36,11,12,10858,14964
2023-08-17 13:05:45,10,12,10858,14964
2023-08-17 13:05:49,11,12,10858,14964
2023-08-17 13:05:52,10,12,10858,14964
2023-08-17 13:06:05,11,12,10858,14964
2023-08-17 13:06:50,11,12,10858,15004
2023-08-17 13:06:51,11,12,10858,15044
2023-08-17 13:06:52,11,12,10858,15084
2023-08-17 13:06:53,11,12,10858,15124
2023-08-17 13:06:54,11,12,10858,15164
2023-08-17 13:07:53,10,12,10858,15164
2023-08-17 13:08:02,11,12,10858,15164
2023-08-17 13:08:03,10,12,10858,15164
2023-08-17 13:08:04,11,12,10858,15164
2023-08-17 13:08:07,10,12,10858,15164
2023-08-17 13:08:26,10,11,10858,15164
2023-08-17 13:08:29,10,12,10858,15164
2023-08-17 13:08:30,10,11,10858,15164
2023-08-17 13:08:35,10,12,10858,15164
2023-08-17 13:08:39,10,11,10858,15164
2023-08-17 13:08:40,10,12,10858,15164
2023-08-17 13:08:48,11,12,10858,15164
2023-08-17 13:08:51,10,12,10858,15164
2023-08-17 13:09:01,10,11,10858,15164
2023-08-17 13:09:03,10,12,10858,15164
2023-08-17 13:09:23,11,12,10858,15164
2023-08-17 13:09:55,11,12,10858,15204
2023-08-17 13:09:56,11,12,10889,15244
2023-08-17 13:09:57,11,12,10929,15284
2023-08-17 13:09:58,11,12,10969,15324
2023-08-17 13:09:58,12,15,11394,15749
2023-08-17 13:09:59,12,17,11394,15749
2023-08-17 13:09:59,12,16,11394,15749
2023-08-17 13:09:59,13,16,11394,15749
2023-08-17 13:10:00,13,15,11394,15749
2023-08-17 13:10:05,13,16,11394,15749
2023-08-17 13:10:05,14,16,11394,15749
2023-08-17 13:10:06,13,16,11394,15749
2023-08-17 13:10:08,13,16,11394,15749
2023-08-17 13:10:08,14,16,11394,15749
2023-08-17 13:10:16,13,16,11394,15749
2023-08-17 13:10:16,13,15,11394,15749
2023-08-17 13:10:37,14,15,11394,15749
2023-08-17 13:10:39,13,15,11394,15749
2023-08-17 13:11:02,14,15,11394,15749
2023-08-17 13:11:05,13,15,11394,15749
2023-08-17 13:11:06,14,15,11394,15749
2023-08-17 13:12:41,13,15,11394,15749
2023-08-17 13:12:47,14,15,11394,15749
2023-08-17 13:13:12,13,15,11394,15749
2023-08-17 13:13:21,14,15,11394,15749
2023-08-17 13:13:24,13,15,11394,15749
2023-08-17 13:13:28,14,15,11394,15749
2023-08-17 13:13:45,13,15,11394,15749
2023-08-17 13:14:06,14,15,11394,15749
2023-08-17 13:14:17,13,15,11394,15749
2023-08-17 13:14:39,14,15,11394,15749
2023-08-17 13:15:01,13,15,11394,15749
2023-08-17 13:15:04,13,14,11394,15749
2023-08-17 13:15:04,10,14,11394,15749
2023-08-17 13:15:04,11,14,11394,15749
2023-08-17 13:15:04,12,14,11394,15749
2023-08-17 13:15:08,12,15,11394,15749
2023-08-17 13:15:09,13,15,11394,15749
2023-08-17 13:15:10,12,15,11394,15749
2023-08-17 13:15:10,12,14,11394,15749
2023-08-17 13:15:22,12,13,11394,15749
2023-08-17 13:15:22,9,13,11394,15749
2023-08-17 13:15:22,10,13,11394,15749
2023-08-17 13:15:22,11,13,11394,15749
2023-08-17 13:15:30,11,14,11394,15749
2023-08-17 13:15:30,12,14,11394,15749
2023-08-17 13:15:41,11,14,11394,15749
2023-08-17 13:15:41,11,13,11394,15749
2023-08-17 13:16:03,11,14,11394,15749
2023-08-17 13:16:03,12,14,11394,15749
2023-08-17 13:16:04,11,14,11394,15749
2023-08-17 13:16:05,11,14,11394,15749
2023-08-17 13:16:05,12,14,11394,15749
2023-08-17 13:16:12,11,14,11394,15749
2023-08-17 13:16:12,11,13,11394,15749
2023-08-17 13:16:54,11,14,11394,15749
2023-08-17 13:16:54,12,14,11394,15749
2023-08-17 13:16:55,12,15,11394,15749
2023-08-17 13:16:55,13,15,11394,15749
2023-08-17 13:16:56,12,15,11394,15749
2023-08-17 13:16:56,12,14,11394,15749
2023-08-17 13:17:20,12,15,11394,15749
2023-08-17 13:17:20,13,15,11394,15749
2023-08-17 13:17:21,14,15,11394,15749
2023-08-17 13:17:26,13,15,11394,15749
2023-08-17 13:17:27,14,15,11394,15749
2023-08-17 13:18:04,14,15,11394,15999
2023-08-17 13:18:06,14,19,11458,16249
2023-08-17 13:18:07,15,19,11458,16249
2023-08-17 13:18:07,15,18,11458,16249
2023-08-17 13:18:08,15,17,11458,16249
2023-08-17 13:18:19,14,17,11458,16249
2023-08-17 13:18:19,14,16,11458,16249
2023-08-17 13:18:25,14,17,11458,16249
2023-08-17 13:18:26,14,16,11458,16249
2023-08-17 13:18:27,14,17,11458,16249
2023-08-17 13:18:27,15,17,11458,16249
2023-08-17 13:18:34,14,17,11458,16249
2023-08-17 13:18:34,14,16,11458,16249
2023-08-17 13:18:42,14,15,11458,16249
2023-08-17 13:18:42,13,15,11458,16249
2023-08-17 13:18:42,14,15,11458,16249
2023-08-17 13:18:51,12,15,11458,16249
2023-08-17 13:18:51,13,15,11458,16249
2023-08-17 13:19:04,13,16,11458,16249
2023-08-17 13:19:04,14,16,11458,16249
2023-08-17 13:19:15,13,16,11458,16249
2023-08-17 13:19:16,14,16,11458,16249
2023-08-17 13:19:31,13,16,11458,16249
2023-08-17 13:19:31,13,15,11458,16249
2023-08-17 13:19:33,13,16,11458,16249
2023-08-17 13:19:33,14,16,11458,16249
2023-08-17 13:19:34,13,16,11458,16249
2023-08-17 13:19:34,13,15,11458,16249
2023-08-17 13:19:35,13,16,11458,16249
2023-08-17 13:19:36,13,15,11458,16249
2023-08-17 13:19:44,13,16,11458,16249
2023-08-17 13:19:44,14,16,11458,16249
2023-08-17 13:19:54,14,17,11458,16249
2023-08-17 13:19:54,15,17,11458,16249
2023-08-17 13:19:55,14,17,11458,16249
2023-08-17 13:19:55,14,16,11458,16249
2023-08-17 13:19:56,14,17,11458,16249
2023-08-17 13:19:56,15,17,11458,16249
2023-08-17 13:19:59,14,17,11458,16249
2023-08-17 13:19:59,14,16,11458,16249
2023-08-17 13:20:02,14,17,11458,16249
2023-08-17 13:20:02,15,17,11458,16249
2023-08-17 13:20:13,15,18,11458,16249
2023-08-17 13:20:14,15,17,11458,16249
2023-08-17 13:20:19,15,18,11458,16249
2023-08-17 13:20:21,16,18,11458,16249
2023-08-17 13:20:22,16,21,11458,16249
2023-08-17 13:20:22,16,39,11458,16249
2023-08-17 13:20:22,16,23,11458,16249
2023-08-17 13:20:22,16,21,11458,16249
2023-08-17 13:20:23,16,20,11458,16249
2023-08-17 13:20:24,16,19,11458,16249
2023-08-17 13:20:24,17,19,11458,16249
2023-08-17 13:21:00,17,20,11458,16249
2023-08-17 13:21:01,18,20,11458,16249
2023-08-17 13:21:06,17,20,11458,16249
2023-08-17 13:21:06,17,19,11458,16249
2023-08-17 13:21:16,17,20,11458,16249
2023-08-17 13:21:16,18,20,11458,16249
2023-08-17 13:21:25,18,23,11458,16249
2023-08-17 13:21:25,19,23,11458,16249
2023-08-17 13:21:25,19,24,11458,16249
2023-08-17 13:21:26,19,23,11458,16249
2023-08-17 13:21:26,20,23,11458,16249
2023-08-17 13:21:27,20,22,11458,16249
2023-08-17 13:21:29,19,22,11458,16249
2023-08-17 13:21:29,19,21,11458,16249
2023-08-17 13:21:39,19,20,11458,16249
2023-08-17 13:21:39,19,21,11458,16264
2023-08-17 13:21:40,19,20,11458,16264
2023-08-17 13:21:40,19,21,11458,16279
2023-08-17 13:21:41,19,20,11458,16279
2023-08-17 13:21:42,19,21,11458,16294
2023-08-17 13:21:42,18,21,11458,16294
2023-08-17 13:21:42,19,21,11458,16294
2023-08-17 13:21:43,19,20,11458,16294
2023-08-17 13:21:44,19,21,11458,16309
2023-08-17 13:21:45,19,20,11458,16309
2023-08-17 13:21:47,19,21,11458,16324
2023-08-17 13:21:48,19,20,11458,16324
2023-08-17 13:21:49,19,21,11458,16324
2023-08-17 13:21:58,19,22,11458,16324
2023-08-17 13:21:58,20,22,11458,16324
2023-08-17 13:21:59,20,21,11458,16324
2023-08-17 13:22:23,18,21,11458,16324
2023-08-17 13:22:23,19,21,11458,16324
2023-08-17 13:22:24,19,20,11458,16324
2023-08-17 13:22:26,19,21,11458,16339
2023-08-17 13:22:26,19,20,11458,16339
2023-08-17 13:22:27,19,21,11458,16354
2023-08-17 13:22:28,19,20,11458,16354
2023-08-17 13:22:29,19,21,11467,16369
2023-08-17 13:22:30,19,20,11467,16369
2023-08-17 13:22:30,19,21,11482,16384
2023-08-17 13:22:31,19,20,11482,16384
2023-08-17 13:22:31,19,21,11497,16399
2023-08-17 13:22:33,19,20,11497,16399
2023-08-17 13:22:33,19,21,11512,16414
2023-08-17 13:22:34,19,20,11512,16414
2023-08-17 13:22:35,19,21,11527,16429
2023-08-17 13:22:36,19,20,11527,16429
2023-08-17 13:22:37,19,21,11542,16444
2023-08-17 13:22:45,19,20,11542,16444
2023-08-17 13:22:45,19,21,11557,16459
2023-08-17 13:22:46,19,20,11557,16459
2023-08-17 13:22:47,19,21,11572,16474
2023-08-17 13:22:48,19,20,11572,16474
2023-08-17 13:22:49,19,21,11587,16489
2023-08-17 13:22:50,19,20,11587,16489
2023-08-17 13:22:51,19,21,11602,16504
2023-08-17 13:22:52,19,20,11602,16504
2023-08-17 13:22:53,19,21,11602,16504
2023-08-17 13:23:00,20,21,11602,16504
2023-08-17 13:23:00,20,21,11852,16754
2023-08-17 13:23:03,20,22,12002,16904
2023-08-17 13:23:05,20,21,12002,16904
2023-08-17 13:23:06,20,22,12017,16919
2023-08-17 13:23:07,20,21,12017,16919
2023-08-17 13:23:07,20,22,12032,16934
2023-08-17 13:23:08,20,21,12032,16934
2023-08-17 13:23:09,20,22,12047,16949
2023-08-17 13:23:09,18,22,12047,16949
2023-08-17 13:23:09,19,22,12047,16949
2023-08-17 13:23:10,19,21,12047,16949
2023-08-17 13:23:10,19,22,12062,16964
2023-08-17 13:23:11,19,21,12062,16964
2023-08-17 13:23:12,19,20,12062,16964
2023-08-17 13:23:12,19,21,12077,16979
2023-08-17 13:23:13,19,20,12077,16979
2023-08-17 13:23:13,19,21,12092,16994
2023-08-17 13:23:14,19,20,12092,16994
2023-08-17 13:23:15,19,21,12107,17009
2023-08-17 13:23:16,19,20,12107,17009
2023-08-17 13:23:16,19,21,12122,17024
2023-08-17 13:23:17,19,20,12122,17024
2023-08-17 13:23:17,19,21,12137,17039
2023-08-17 13:23:18,19,20,12137,17039
2023-08-17 13:23:18,19,21,12152,17054
2023-08-17 13:23:19,19,20,12152,17054
2023-08-17 13:23:20,19,21,12167,17069
2023-08-17 13:23:21,19,20,12167,17069
2023-08-17 13:23:21,19,21,12182,17084
2023-08-17 13:23:22,19,20,12182,17084
2023-08-17 13:23:22,19,21,12197,17099
2023-08-17 13:23:23,19,20,12197,17099
2023-08-17 13:23:23,19,21,12212,17114
2023-08-17 13:23:24,19,20,12212,17114
2023-08-17 13:23:25,19,21,12227,17129
2023-08-17 13:23:26,19,20,12227,17129
2023-08-17 13:23:29,19,21,12227,17129
2023-08-17 13:23:30,19,20,12227,17129
2023-08-17 13:23:32,19,21,12242,17144
2023-08-17 13:23:33,19,20,12242,17144
2023-08-17 13:23:33,19,21,12257,17159
2023-08-17 13:23:34,19,20,12257,17159
2023-08-17 13:23:35,19,21,12272,17174
2023-08-17 13:23:36,19,20,12272,17174
2023-08-17 13:23:36,19,21,12287,17189
2023-08-17 13:23:37,19,20,12287,17189
2023-08-17 13:23:37,19,21,12302,17204
2023-08-17 13:23:48,17,21,12302,17204
2023-08-17 13:23:48,19,21,12302,17204
2023-08-17 13:23:50,19,21,12302,17244
2023-08-17 13:23:51,9,21,12302,17244
2023-08-17 13:23:51,16,21,12302,17244
2023-08-17 13:23:51,18,21,12302,17244
2023-08-17 13:24:27,19,21,12302,17244
2023-08-17 13:24:55,19,22,12302,17244
2023-08-17 13:24:55,20,22,12302,17244
2023-08-17 13:25:42,20,25,12302,17244
2023-08-17 13:25:42,20,26,12302,17244
2023-08-17 13:25:42,16,26,12302,17244
2023-08-17 13:25:42,17,26,12302,17244
2023-08-17 13:25:42,19,26,12302,17244
2023-08-17 13:25:42,19,24,12302,17244
2023-08-17 13:25:43,19,23,12302,17244
2023-08-17 13:25:46,19,22,12302,17244
2023-08-17 13:25:47,19,23,12302,17244
2023-08-17 13:26:31,19,25,12302,17244
2023-08-17 13:26:33,19,24,12302,17244
2023-08-17 13:26:33,20,24,12302,17244
2023-08-17 13:26:46,21,24,12302,17244
2023-08-17 13:26:47,20,24,12302,17244
2023-08-17 13:27:14,19,24,12302,17244
2023-08-17 13:27:21,20,24,12302,17244
2023-08-17 13:27:25,19,24,12302,17244
2023-08-17 13:27:40,20,24,12302,17244
2023-08-17 13:27:46,19,24,12302,17244
2023-08-17 13:27:49,20,24,12302,17244
2023-08-17 13:27:56,19,24,12302,17244
2023-08-17 13:28:01,20,24,12302,17244
2023-08-17 13:28:32,19,24,12302,17244
2023-08-17 13:28:38,20,24,12302,17244
2023-08-17 13:28:47,19,24,12302,17244
2023-08-17 13:28:48,20,24,12302,17244
2023-08-17 13:28:51,19,24,12302,17244
2023-08-17 13:29:03,20,24,12302,17244
2023-08-17 13:29:06,19,24,12302,17244
2023-08-17 13:29:06,20,24,12302,17244
2023-08-17 13:29:15,21,24,12302,17244
2023-08-17 13:29:18,20,24,12302,17244
2023-08-17 13:29:22,21,24,12302,17244
2023-08-17 13:29:33,22,24,12302,17244
2023-08-17 13:29:40,21,24,12302,17244
2023-08-17 13:29:40,22,24,12302,17244
2023-08-17 13:29:54,20,24,12302,17244
2023-08-17 13:29:54,21,24,12302,17244
2023-08-17 13:30:02,22,24,12302,17244
2023-08-17 13:30:30,22,27,12317,17259
2023-08-17 13:30:35,23,27,12317,17259
2023-08-17 13:30:35,23,40,12317,17259
2023-08-17 13:30:35,23,28,12317,17259
2023-08-17 13:30:41,23,40,12317,17259
2023-08-17 13:30:42,24,40,12317,17259
2023-08-17 13:30:42,24,29,12317,17259
2023-08-17 13:30:53,24,28,12317,17259
2023-08-17 13:31:05,22,28,12317,17259
2023-08-17 13:31:05,24,28,12317,17259
2023-08-17 13:31:05,24,29,12317,17259
2023-08-17 13:31:18,24,30,12317,17259
2023-08-17 13:31:18,24,29,12317,17259
