datetime,bid,ask,open_interest,volume
2023-06-15 09:31:02,1,2,291,334
2023-06-15 09:31:19,1,2,341,384
2023-06-15 09:39:25,1,2,366,409
2023-06-15 09:40:50,1,3,366,409
2023-06-15 09:41:38,1,3,566,609
2023-06-15 09:42:19,2,3,566,609
2023-06-15 09:44:16,2,4,1172,1215
2023-06-15 09:44:17,2,3,1172,1215
2023-06-15 09:44:18,2,4,1172,1215
2023-06-15 09:44:23,3,4,1172,1215
2023-06-15 09:44:23,2,4,1505,1548
2023-06-15 09:44:34,2,3,1505,1548
2023-06-15 09:44:46,1,3,1505,1548
2023-06-15 09:44:51,2,3,1505,1548
2023-06-15 09:46:34,2,3,1555,1598
2023-06-15 09:47:52,2,3,1605,1648
2023-06-15 09:49:46,2,3,1705,1748
2023-06-15 09:50:17,3,4,1705,1898
2023-06-15 09:50:17,2,4,1705,1948
2023-06-15 09:50:18,3,4,1705,1948
2023-06-15 09:51:22,2,4,1705,1948
2023-06-15 09:51:30,3,4,1705,1948
2023-06-15 09:51:37,4,5,1705,1958
2023-06-15 09:51:39,3,5,1745,1998
2023-06-15 09:51:57,3,5,1753,2006
2023-06-15 09:52:30,4,5,1753,2006
2023-06-15 09:52:59,4,5,1853,2106
2023-06-15 09:53:06,3,5,1853,2106
2023-06-15 09:53:06,4,5,1853,2106
2023-06-15 09:54:05,5,6,1853,2111
2023-06-15 09:55:31,3,6,1928,2211
2023-06-15 09:55:33,4,6,1928,2211
2023-06-15 09:55:33,4,5,1928,2211
2023-06-15 09:56:30,4,6,1928,2211
2023-06-15 09:56:31,3,6,1928,2211
2023-06-15 09:56:32,4,6,1928,2211
2023-06-15 09:57:19,5,6,1928,2211
2023-06-15 09:58:15,4,6,1928,2211
2023-06-15 09:58:15,4,6,1928,2211
2023-06-15 09:58:29,4,6,2328,2611
2023-06-15 09:58:54,4,5,2328,2611
2023-06-15 09:58:54,3,5,2428,2711
2023-06-15 09:58:58,4,5,2428,2711
2023-06-15 09:58:58,3,5,2428,2911
2023-06-15 09:59:04,3,6,2428,2911
2023-06-15 09:59:04,4,6,2428,2911
2023-06-15 09:59:17,4,5,2428,2911
2023-06-15 09:59:33,4,6,2428,2911
2023-06-15 10:00:08,3,6,2428,2911
2023-06-15 10:00:09,5,6,2428,2911
2023-06-15 10:00:12,6,7,2428,2917
2023-06-15 10:00:28,5,7,2428,2917
2023-06-15 10:00:28,5,6,2428,2917
2023-06-15 10:00:47,4,6,2428,2917
2023-06-15 10:00:47,4,7,2428,2917
2023-06-15 10:00:47,5,7,2428,2917
2023-06-15 10:00:47,5,6,2428,2917
2023-06-15 10:00:59,4,6,2478,2967
2023-06-15 10:01:29,3,6,2478,2967
2023-06-15 10:01:40,4,6,2478,2967
2023-06-15 10:01:47,4,7,2478,2967
2023-06-15 10:02:05,5,7,2478,2967
2023-06-15 10:02:05,5,6,2478,2967
2023-06-15 10:02:21,5,6,2478,3015
2023-06-15 10:02:28,5,6,2278,3215
2023-06-15 10:02:29,5,7,2278,3215
2023-06-15 10:02:37,6,7,2278,3215
2023-06-15 10:03:17,5,7,2278,3215
2023-06-15 10:03:35,6,7,2278,3215
2023-06-15 10:04:38,6,7,2328,3265
2023-06-15 10:04:38,7,8,2478,3415
2023-06-15 10:05:27,6,8,2514,3451
2023-06-15 10:05:38,6,7,2514,3451
2023-06-15 10:05:39,5,7,2514,3651
2023-06-15 10:06:35,5,8,2514,3651
2023-06-15 10:06:40,6,8,2514,3651
2023-06-15 10:06:54,7,8,2514,3651
2023-06-15 10:07:58,7,9,2514,3651
2023-06-15 10:07:59,8,9,2514,3651
2023-06-15 10:08:38,8,10,2305,3860
2023-06-15 10:08:41,9,10,2305,3860
2023-06-15 10:09:43,8,10,2305,3860
2023-06-15 10:10:40,7,10,2305,3860
2023-06-15 10:11:41,8,10,2305,3860
2023-06-15 10:11:41,8,9,2305,3860
2023-06-15 10:12:42,7,10,2305,3860
2023-06-15 10:12:43,7,9,2305,3860
2023-06-15 10:12:57,6,9,2305,3860
2023-06-15 10:12:57,6,8,2305,3860
2023-06-15 10:13:53,6,9,2305,3860
2023-06-15 10:13:57,7,9,2305,3860
2023-06-15 10:13:57,7,8,2305,3860
2023-06-15 10:14:53,6,8,2305,3860
2023-06-15 10:16:01,5,8,2305,3860
2023-06-15 10:17:03,7,8,2305,3860
2023-06-15 10:17:38,5,8,2305,3860
2023-06-15 10:17:38,6,8,2305,3860
2023-06-15 10:17:40,6,7,2305,3860
2023-06-15 10:17:46,5,7,2305,3860
2023-06-15 10:18:38,4,7,2305,3860
2023-06-15 10:18:46,5,7,2305,3860
2023-06-15 10:18:46,5,6,2305,3860
2023-06-15 10:19:41,5,7,2305,3860
2023-06-15 10:20:28,5,7,2505,4110
2023-06-15 10:20:34,6,7,2505,4110
2023-06-15 10:20:43,5,6,2505,4360
2023-06-15 10:21:17,5,6,2284,4760
2023-06-15 10:21:31,5,7,2284,4760
2023-06-15 10:21:31,5,8,2284,4760
2023-06-15 10:21:31,6,8,2284,4760
2023-06-15 10:21:31,7,8,2284,4760
2023-06-15 10:21:54,6,8,2284,4760
2023-06-15 10:21:54,7,8,2284,4760
2023-06-15 10:21:54,7,8,2705,5360
2023-06-15 10:22:19,7,8,3105,5760
2023-06-15 10:22:20,5,8,3105,5760
2023-06-15 10:22:20,6,8,3105,5760
2023-06-15 10:22:20,6,7,3105,5760
2023-06-15 10:22:43,5,7,3105,5760
2023-06-15 10:22:43,5,8,3105,5760
2023-06-15 10:22:43,6,8,3105,5760
2023-06-15 10:22:43,6,7,3105,5760
2023-06-15 10:22:43,6,7,3305,5960
2023-06-15 10:22:43,6,7,3405,6060
2023-06-15 10:23:44,4,7,3405,6060
2023-06-15 10:23:44,5,7,3405,6060
2023-06-15 10:23:44,5,6,3405,6060
2023-06-15 10:23:44,5,6,3505,6160
2023-06-15 10:24:40,5,7,3505,6160
2023-06-15 10:24:44,6,7,3505,6160
2023-06-15 10:24:45,6,7,3605,6260
2023-06-15 10:25:11,6,8,3605,6260
2023-06-15 10:25:11,7,8,3605,6260
2023-06-15 10:25:12,6,8,3705,6360
2023-06-15 10:26:12,6,7,3705,6360
2023-06-15 10:26:14,6,8,3705,6360
2023-06-15 10:26:14,7,8,3705,6360
2023-06-15 10:26:14,7,8,3855,6510
2023-06-15 10:26:20,7,8,3905,6560
2023-06-15 10:26:36,7,9,4305,6960
2023-06-15 10:26:36,7,8,4305,6960
2023-06-15 10:27:20,7,9,3905,7360
2023-06-15 10:27:23,8,9,3905,7360
2023-06-15 10:27:43,8,10,3905,7360
2023-06-15 10:28:01,9,10,3905,7360
2023-06-15 10:28:30,9,10,4305,7760
2023-06-15 10:28:32,8,10,4305,7760
2023-06-15 10:28:32,7,10,4305,7760
2023-06-15 10:28:32,8,10,4305,7760
2023-06-15 10:28:32,8,9,4305,7760
2023-06-15 10:29:28,7,10,4305,7760
2023-06-15 10:29:33,8,10,4305,7760
2023-06-15 10:29:33,8,9,4305,7760
2023-06-15 10:30:01,8,9,3905,8160
2023-06-15 10:30:34,7,10,3905,8160
2023-06-15 10:30:34,8,10,3905,8160
2023-06-15 10:30:34,8,9,3905,8160
2023-06-15 10:31:07,8,9,4005,8260
2023-06-15 10:31:08,8,9,4405,8660
2023-06-15 10:31:09,8,9,4805,9060
2023-06-15 10:31:11,7,9,4805,9060
2023-06-15 10:31:11,6,9,4805,9060
2023-06-15 10:31:12,7,9,4805,9060
2023-06-15 10:31:12,7,8,4805,9060
2023-06-15 10:31:51,5,8,4805,9060
2023-06-15 10:31:51,5,9,4805,9060
2023-06-15 10:31:51,6,9,4805,9060
2023-06-15 10:31:51,6,7,4805,9060
2023-06-15 10:31:51,6,7,4905,9160
2023-06-15 10:32:48,5,7,4905,9160
2023-06-15 10:32:49,5,7,4705,9360
2023-06-15 10:32:49,5,6,4705,9360
2023-06-15 10:32:49,5,6,4882,9537
2023-06-15 10:32:49,5,6,4905,9560
2023-06-15 10:33:23,4,6,4905,9560
2023-06-15 10:33:23,5,6,4905,9560
2023-06-15 10:33:51,5,7,4905,9560
2023-06-15 10:33:51,5,7,4005,10460
2023-06-15 10:33:51,5,6,4005,10460
2023-06-15 10:34:10,4,5,4405,10860
2023-06-15 10:34:57,4,5,5405,11860
2023-06-15 10:35:21,4,6,5405,11860
2023-06-15 10:35:58,4,5,5405,11860
2023-06-15 10:36:48,4,5,5205,12460
2023-06-15 10:36:48,4,5,5305,12560
2023-06-15 10:36:48,4,5,5405,12660
2023-06-15 10:38:36,3,5,5405,12660
2023-06-15 10:38:36,4,5,5405,12660
2023-06-15 10:38:36,4,5,5655,12910
2023-06-15 10:38:36,4,5,5705,12960
2023-06-15 10:38:53,3,4,5705,13060
2023-06-15 10:39:01,3,5,5705,13060
2023-06-15 10:39:13,3,4,5705,13060
2023-06-15 10:39:49,3,4,5905,13260
2023-06-15 10:40:27,2,4,5955,13310
2023-06-15 10:40:35,3,4,5955,13310
2023-06-15 10:41:30,3,4,6955,14310
2023-06-15 10:41:33,2,4,6955,14310
2023-06-15 10:42:14,3,4,6955,14310
2023-06-15 10:42:56,3,4,7955,15310
2023-06-15 10:43:06,3,4,8555,15910
2023-06-15 10:43:23,3,4,8480,16010
2023-06-15 10:43:24,3,4,8480,16110
2023-06-15 10:43:25,4,5,7680,16910
2023-06-15 10:43:28,4,6,7680,16910
2023-06-15 10:43:39,3,6,7680,16910
2023-06-15 10:43:46,3,5,7680,16910
2023-06-15 10:43:51,4,5,7680,16910
2023-06-15 10:44:51,3,5,7680,16910
2023-06-15 10:44:52,4,5,7680,16910
2023-06-15 10:45:08,4,5,7682,16912
2023-06-15 10:45:49,3,5,7682,16912
2023-06-15 10:46:03,4,5,7682,16912
2023-06-15 10:48:21,4,5,8682,17912
2023-06-15 10:48:43,5,7,8683,17913
2023-06-15 10:48:43,5,6,8683,17913
2023-06-15 10:48:53,5,6,8683,18113
2023-06-15 10:48:55,5,8,8683,18113
2023-06-15 10:48:55,6,8,8683,18113
2023-06-15 10:48:55,6,7,8683,18113
2023-06-15 10:49:03,5,7,8683,18113
2023-06-15 10:49:03,6,7,8683,18113
2023-06-15 10:49:03,6,7,8783,18213
2023-06-15 10:49:24,5,7,8783,18413
2023-06-15 10:49:26,4,7,8783,18413
2023-06-15 10:49:27,5,7,8783,18413
2023-06-15 10:49:27,5,6,8783,18413
2023-06-15 10:50:14,5,6,8783,18433
2023-06-15 10:50:14,5,6,8883,18533
2023-06-15 10:50:14,5,6,8983,18633
2023-06-15 10:50:15,5,6,9083,18733
2023-06-15 10:50:24,4,6,9083,18733
2023-06-15 10:50:25,4,5,9083,18733
2023-06-15 10:50:49,4,5,9083,18758
2023-06-15 10:51:29,3,5,9083,18758
2023-06-15 10:51:29,3,4,9083,18758
2023-06-15 10:52:02,3,4,8083,19758
2023-06-15 10:53:31,4,5,8083,19958
2023-06-15 10:53:32,4,5,8133,20008
2023-06-15 10:53:32,4,5,8183,20058
2023-06-15 10:54:30,3,5,8183,20058
2023-06-15 10:54:33,3,4,8183,20058
2023-06-15 10:54:59,3,5,8183,20058
2023-06-15 10:55:00,4,5,8183,20058
2023-06-15 10:55:33,4,6,8183,20058
2023-06-15 10:55:49,4,5,8183,20058
2023-06-15 10:55:56,3,6,8183,20058
2023-06-15 10:56:01,4,6,8183,20058
2023-06-15 10:56:01,4,5,8183,20058
2023-06-15 10:56:23,3,5,8183,20058
2023-06-15 10:56:34,3,6,8183,20058
2023-06-15 10:56:36,3,5,8183,20058
2023-06-15 10:56:52,3,6,8183,20058
2023-06-15 10:57:02,4,6,8183,20058
2023-06-15 10:57:02,4,5,8183,20058
2023-06-15 10:57:59,4,6,8183,20058
2023-06-15 10:58:31,5,6,8183,20058
2023-06-15 10:59:18,4,6,8183,20058
2023-06-15 10:59:18,4,5,8183,20058
2023-06-15 10:59:21,4,5,8183,20077
2023-06-15 10:59:31,3,5,8183,20077
2023-06-15 10:59:44,3,5,8183,20087
2023-06-15 11:00:04,4,5,8183,20087
2023-06-15 11:00:08,4,6,8183,20087
2023-06-15 11:00:08,5,6,8183,20087
2023-06-15 11:00:28,4,6,8183,20087
2023-06-15 11:00:28,5,6,8183,20087
2023-06-15 11:00:47,5,6,8188,20092
2023-06-15 11:01:22,3,6,8188,20092
2023-06-15 11:01:22,4,6,8188,20092
2023-06-15 11:01:22,5,6,8188,20092
2023-06-15 11:01:54,5,6,8216,20120
2023-06-15 11:02:04,4,6,8216,20120
2023-06-15 11:02:04,4,5,8216,20120
2023-06-15 11:02:28,3,5,8216,20120
2023-06-15 11:02:28,4,5,8216,20120
2023-06-15 11:02:39,4,6,8216,20120
2023-06-15 11:02:40,5,6,8216,20120
2023-06-15 11:03:48,4,6,8216,20120
2023-06-15 11:04:34,5,6,8216,20120
2023-06-15 11:04:55,6,7,8217,20121
2023-06-15 11:05:39,6,8,8217,20121
2023-06-15 11:05:53,4,7,8217,20121
2023-06-15 11:05:56,4,8,8217,20121
2023-06-15 11:05:56,5,8,8217,20121
2023-06-15 11:05:56,5,7,8217,20121
2023-06-15 11:05:56,6,7,8217,20121
2023-06-15 11:05:56,6,7,8317,20221
2023-06-15 11:06:43,5,7,8317,20221
2023-06-15 11:06:43,6,7,8317,20221
2023-06-15 11:07:02,6,8,8317,20221
2023-06-15 11:07:21,6,7,8317,20221
2023-06-15 11:07:21,5,7,8317,20221
2023-06-15 11:07:22,6,7,8317,20221
2023-06-15 11:07:33,5,7,8317,20221
2023-06-15 11:07:33,5,6,8317,20221
2023-06-15 11:07:48,4,6,8317,20221
2023-06-15 11:07:48,5,6,8317,20221
2023-06-15 11:08:04,4,6,8317,20221
2023-06-15 11:08:04,4,5,8317,20221
2023-06-15 11:08:28,4,6,8317,20221
2023-06-15 11:08:28,5,6,8317,20221
2023-06-15 11:09:27,3,6,8317,20221
2023-06-15 11:09:28,4,6,8317,20221
2023-06-15 11:09:28,4,5,8317,20221
2023-06-15 11:10:01,4,5,8317,20421
2023-06-15 11:10:05,4,7,8317,20421
2023-06-15 11:10:11,4,6,8317,20421
2023-06-15 11:10:12,4,7,8317,20421
2023-06-15 11:10:32,5,7,8317,20421
2023-06-15 11:11:24,5,8,8317,20421
2023-06-15 11:11:42,6,8,8317,20421
2023-06-15 11:11:47,6,8,8317,20427
2023-06-15 11:12:50,7,8,8317,20427
2023-06-15 11:13:01,7,9,8317,20427
2023-06-15 11:13:01,8,9,8317,20427
2023-06-15 11:13:18,7,9,8317,20427
2023-06-15 11:13:19,8,9,8317,20427
2023-06-15 11:13:34,7,9,8317,20427
2023-06-15 11:13:34,8,9,8317,20427
2023-06-15 11:14:01,8,9,8342,20452
2023-06-15 11:14:04,8,10,8342,20452
2023-06-15 11:14:05,8,9,8342,20452
2023-06-15 11:14:11,8,9,8742,20852
2023-06-15 11:14:16,7,9,8742,20852
2023-06-15 11:14:16,8,9,8742,20852
2023-06-15 11:15:15,7,8,8742,20864
2023-06-15 11:15:33,7,8,8842,20964
2023-06-15 11:15:33,7,9,8842,20964
2023-06-15 11:15:33,8,9,8842,20964
2023-06-15 11:15:50,8,9,8842,21164
2023-06-15 11:15:50,8,10,8842,21164
2023-06-15 11:15:50,9,10,8842,21164
2023-06-15 11:15:56,10,11,8847,21169
2023-06-15 11:16:56,9,11,8847,21169
2023-06-15 11:16:58,10,11,8847,21169
2023-06-15 11:17:11,10,11,8447,21569
2023-06-15 11:17:12,10,11,8047,21969
2023-06-15 11:17:13,10,13,7947,22069
2023-06-15 11:17:31,12,13,7947,22069
2023-06-15 11:17:37,12,13,8124,22246
2023-06-15 11:17:37,12,13,8147,22269
2023-06-15 11:17:41,10,13,8147,22469
2023-06-15 11:17:43,10,12,8147,22469
2023-06-15 11:17:45,11,12,8147,22469
2023-06-15 11:17:52,11,12,8147,22669
2023-06-15 11:17:58,11,12,8547,23069
2023-06-15 11:18:02,11,12,8547,23269
2023-06-15 11:18:03,9,12,8547,23269
2023-06-15 11:18:03,10,12,8547,23269
2023-06-15 11:18:03,10,11,8547,23269
2023-06-15 11:18:06,10,11,8797,23519
2023-06-15 11:18:09,10,11,9197,23919
2023-06-15 11:18:10,10,11,9347,24069
2023-06-15 11:18:32,9,11,9347,24069
2023-06-15 11:18:32,9,12,9347,24069
2023-06-15 11:18:32,10,12,9347,24069
2023-06-15 11:18:32,10,11,9347,24069
2023-06-15 11:18:34,9,11,9347,24069
2023-06-15 11:18:35,9,10,9347,24069
2023-06-15 11:19:31,9,11,9347,24069
2023-06-15 11:19:36,8,9,9347,24269
2023-06-15 11:19:36,8,9,9440,24362
2023-06-15 11:19:39,8,9,9440,24372
2023-06-15 11:20:36,9,10,9535,24467
2023-06-15 11:21:34,8,11,9535,24467
2023-06-15 11:21:38,9,11,9535,24467
2023-06-15 11:21:38,9,10,9535,24467
2023-06-15 11:22:04,9,10,9135,24867
2023-06-15 11:22:36,8,11,9135,24867
2023-06-15 11:22:38,9,11,9135,24867
2023-06-15 11:22:39,9,12,9135,24867
2023-06-15 11:22:41,10,12,9135,24867
2023-06-15 11:22:41,10,11,9135,24867
2023-06-15 11:23:31,10,13,9135,24867
2023-06-15 11:23:31,11,13,9135,24867
2023-06-15 11:23:31,11,12,9135,24867
2023-06-15 11:24:29,10,12,9135,24867
2023-06-15 11:24:33,10,11,9135,24867
2023-06-15 11:25:34,10,13,9135,24867
2023-06-15 11:25:36,11,13,9135,24867
2023-06-15 11:26:35,10,13,9135,24867
2023-06-15 11:26:36,11,13,9135,24867
2023-06-15 11:26:36,11,12,9135,24867
2023-06-15 11:27:03,11,13,9135,24867
2023-06-15 11:27:03,11,12,9135,24867
2023-06-15 11:27:09,11,12,8735,25267
2023-06-15 11:27:09,11,12,8735,25367
2023-06-15 11:27:10,11,15,8635,25467
2023-06-15 11:27:12,11,14,8635,25467
2023-06-15 11:27:13,11,15,8635,25467
2023-06-15 11:27:14,11,14,8635,25467
2023-06-15 11:27:56,11,13,8635,25467
2023-06-15 11:28:08,11,14,8635,25467
2023-06-15 11:29:32,11,15,8635,25467
2023-06-15 11:29:41,12,15,8635,25467
2023-06-15 11:29:49,13,15,8635,25467
2023-06-15 11:30:03,12,15,8635,25467
2023-06-15 11:30:05,13,15,8635,25467
2023-06-15 11:30:14,11,15,8635,25467
2023-06-15 11:30:36,11,14,8635,25467
2023-06-15 11:30:53,13,14,8635,25467
2023-06-15 11:31:11,13,14,8635,25667
2023-06-15 11:31:21,13,15,8635,25667
2023-06-15 11:31:39,13,14,8635,25667
2023-06-15 11:31:43,13,15,8635,25667
2023-06-15 11:31:44,13,14,8635,25667
2023-06-15 11:31:51,11,14,8635,25667
2023-06-15 11:31:54,12,14,8635,25667
2023-06-15 11:32:01,12,13,8635,25667
2023-06-15 11:32:10,11,13,8935,25967
2023-06-15 11:32:10,11,14,8935,25967
2023-06-15 11:32:38,11,13,8935,25967
2023-06-15 11:32:51,11,15,8935,25967
2023-06-15 11:32:55,12,15,8935,25967
2023-06-15 11:32:55,12,14,8935,25967
2023-06-15 11:33:09,12,15,8935,25967
2023-06-15 11:33:09,12,14,8935,25967
2023-06-15 11:33:51,11,14,8935,25967
2023-06-15 11:33:51,11,15,8935,25967
2023-06-15 11:33:58,12,15,8935,25967
2023-06-15 11:33:58,12,14,8935,25967
2023-06-15 11:34:37,12,15,8935,25967
2023-06-15 11:34:37,13,15,8935,25967
2023-06-15 11:34:44,13,15,9035,26067
2023-06-15 11:34:44,13,14,9035,26067
2023-06-15 11:34:44,13,15,9035,26067
2023-06-15 11:35:38,13,14,9035,26067
2023-06-15 11:35:49,13,14,8635,26467
2023-06-15 11:35:50,13,16,8535,26567
2023-06-15 11:35:50,13,15,8535,26567
2023-06-15 11:35:58,13,14,8535,26567
2023-06-15 11:36:31,14,16,8536,26568
2023-06-15 11:36:31,14,17,8536,26568
2023-06-15 11:36:32,14,16,8536,26568
2023-06-15 11:36:32,14,17,8536,26568
2023-06-15 11:36:32,14,15,8536,26568
2023-06-15 11:36:36,14,15,8536,26768
2023-06-15 11:36:38,14,15,8136,27168
2023-06-15 11:36:39,14,16,7826,27568
2023-06-15 11:36:53,15,16,7826,27568
2023-06-15 11:36:56,15,17,7826,27568
2023-06-15 11:36:56,16,17,7826,27568
2023-06-15 11:36:56,16,18,7831,27668
2023-06-15 11:37:06,15,18,7831,27668
2023-06-15 11:37:06,17,18,7831,27668
2023-06-15 11:37:06,17,18,7926,27868
2023-06-15 11:37:21,17,19,7926,27868
2023-06-15 11:37:30,17,18,7926,27868
2023-06-15 11:37:58,18,19,7927,27869
2023-06-15 11:38:44,18,20,7927,27869
2023-06-15 11:38:45,18,20,7927,27969
2023-06-15 11:38:45,19,20,7927,27969
2023-06-15 11:39:42,19,21,7927,27969
2023-06-15 11:39:45,19,20,7927,27969
2023-06-15 11:39:45,18,20,7927,28064
2023-06-15 11:39:46,20,21,7932,28069
2023-06-15 11:39:46,18,21,8037,28264
2023-06-15 11:40:30,19,21,8037,28264
2023-06-15 11:40:36,19,22,8037,28264
2023-06-15 11:40:39,21,22,8037,28264
2023-06-15 11:41:08,21,22,8437,28664
2023-06-15 11:41:10,19,22,8737,28964
2023-06-15 11:41:13,20,22,8737,28964
2023-06-15 11:41:31,19,22,8737,28964
2023-06-15 11:41:39,19,21,8737,28964
2023-06-15 11:41:41,20,21,8737,28964
2023-06-15 11:42:38,18,21,8737,28964
2023-06-15 11:42:40,18,22,8737,28964
2023-06-15 11:42:42,19,22,8737,28964
2023-06-15 11:42:42,19,21,8737,28964
2023-06-15 11:42:42,19,20,8737,28964
2023-06-15 11:42:44,19,20,8737,28969
2023-06-15 11:43:38,18,21,8737,28969
2023-06-15 11:43:39,18,20,8737,28969
2023-06-15 11:43:46,18,19,8737,28969
2023-06-15 11:44:40,16,19,8737,28969
2023-06-15 11:44:40,17,19,8737,28969
2023-06-15 11:44:52,17,18,8737,28969
2023-06-15 11:44:57,15,18,8837,29069
2023-06-15 11:45:12,15,19,8837,29069
2023-06-15 11:45:24,15,18,8837,29069
2023-06-15 11:45:26,15,19,8837,29069
2023-06-15 11:45:30,16,19,8837,29069
2023-06-15 11:45:42,16,17,8837,29069
2023-06-15 11:46:04,16,20,8837,29069
2023-06-15 11:46:04,17,20,8837,29069
2023-06-15 11:46:04,17,18,8837,29069
2023-06-15 11:46:12,16,18,8837,29069
2023-06-15 11:46:12,16,20,8837,29069
2023-06-15 11:46:13,16,19,8837,29069
2023-06-15 11:46:18,15,19,8837,29069
2023-06-15 11:46:22,15,18,8837,29069
2023-06-15 11:46:31,14,18,8837,29069
2023-06-15 11:47:08,14,17,8837,29069
2023-06-15 11:47:12,15,17,8837,29069
2023-06-15 11:47:12,15,16,8837,29069
2023-06-15 11:47:27,13,16,8837,29069
2023-06-15 11:47:27,14,16,8837,29069
2023-06-15 11:47:27,14,15,8837,29069
2023-06-15 11:47:27,14,15,8937,29169
2023-06-15 11:47:27,14,16,8937,29169
2023-06-15 11:47:34,14,15,8937,29169
2023-06-15 11:47:37,12,15,8937,29169
2023-06-15 11:47:38,13,15,8937,29169
2023-06-15 11:47:38,13,14,8937,29169
2023-06-15 11:47:38,12,14,9037,29269
2023-06-15 11:47:38,12,15,9037,29269
2023-06-15 11:47:39,12,14,9037,29269
2023-06-15 11:47:45,12,15,9037,29269
2023-06-15 11:47:48,11,15,9037,29269
2023-06-15 11:47:48,11,14,9037,29269
2023-06-15 11:48:00,11,13,9037,29269
2023-06-15 11:48:02,10,13,9037,29269
2023-06-15 11:48:02,10,11,9037,29269
2023-06-15 11:48:22,9,11,9037,29269
2023-06-15 11:48:47,10,11,9037,29269
2023-06-15 11:49:45,9,11,9037,29269
2023-06-15 11:50:08,9,12,9042,29294
2023-06-15 11:50:12,9,13,9042,29294
2023-06-15 11:50:13,9,12,9042,29294
2023-06-15 11:50:41,9,13,9042,29294
2023-06-15 11:50:48,10,13,9042,29294
2023-06-15 11:51:14,11,13,9042,29294
2023-06-15 11:51:16,11,14,9042,29294
2023-06-15 11:51:30,10,14,9042,29294
2023-06-15 11:51:37,10,13,9042,29294
2023-06-15 11:51:49,10,14,9042,29294
2023-06-15 11:52:01,11,14,9042,29294
2023-06-15 11:52:02,10,14,9042,29294
2023-06-15 11:52:12,10,13,9042,29294
2023-06-15 11:52:13,10,14,9042,29294
2023-06-15 11:52:16,11,14,9042,29294
2023-06-15 11:52:36,11,15,9042,29294
2023-06-15 11:52:54,11,14,9042,29294
2023-06-15 11:53:03,11,15,9042,29294
2023-06-15 11:53:10,12,15,9042,29294
2023-06-15 11:53:22,12,16,9042,29294
2023-06-15 11:53:30,12,15,9042,29294
2023-06-15 11:53:34,12,16,9042,29294
2023-06-15 11:53:42,13,16,9042,29294
2023-06-15 11:53:42,13,14,9042,29294
2023-06-15 11:54:18,13,14,8642,29694
2023-06-15 11:54:19,13,16,8242,30094
2023-06-15 11:54:26,13,15,8242,30094
2023-06-15 11:54:39,12,15,8242,30094
2023-06-15 11:54:39,13,15,8242,30094
2023-06-15 11:54:39,13,16,8242,30094
2023-06-15 11:54:41,14,16,8242,30094
2023-06-15 11:54:42,14,15,8242,30094
2023-06-15 11:55:38,13,16,8242,30094
2023-06-15 11:55:43,13,17,8242,30094
2023-06-15 11:55:43,14,17,8242,30094
2023-06-15 11:55:43,14,15,8242,30094
2023-06-15 11:56:43,13,16,8242,30094
2023-06-15 11:56:43,15,16,8242,30094
2023-06-15 11:56:44,13,16,8442,30294
2023-06-15 11:56:48,13,17,8442,30294
2023-06-15 11:56:50,14,17,8442,30294
2023-06-15 11:57:19,13,17,8442,30294
2023-06-15 11:57:22,14,17,8442,30294
2023-06-15 11:57:23,13,17,8442,30294
2023-06-15 11:57:25,14,17,8442,30294
2023-06-15 11:57:39,13,17,8442,30294
2023-06-15 11:57:40,13,16,8442,30294
2023-06-15 11:57:44,14,16,8442,30294
2023-06-15 11:57:44,14,15,8442,30294
2023-06-15 11:58:28,14,17,8442,30294
2023-06-15 11:58:28,15,17,8442,30294
2023-06-15 11:58:28,15,16,8442,30294
2023-06-15 11:59:30,14,17,8442,30294
2023-06-15 11:59:31,14,17,8447,30299
2023-06-15 11:59:31,15,17,8447,30299
2023-06-15 11:59:31,15,16,8447,30299
2023-06-15 12:00:29,14,17,8447,30299
2023-06-15 12:00:32,15,17,8447,30299
2023-06-15 12:00:32,15,16,8447,30299
2023-06-15 12:01:34,14,17,8447,30299
2023-06-15 12:01:36,15,17,8447,30299
2023-06-15 12:01:36,15,16,8447,30299
2023-06-15 12:01:51,15,16,8447,30499
2023-06-15 12:01:53,15,18,8447,30499
2023-06-15 12:01:53,17,18,8447,30499
2023-06-15 12:02:22,15,18,8847,30899
2023-06-15 12:02:27,15,17,8847,30899
2023-06-15 12:02:27,14,17,8847,30899
2023-06-15 12:02:31,16,17,8847,30899
2023-06-15 12:02:32,14,17,9147,31199
2023-06-15 12:02:58,14,18,9147,31199
2023-06-15 12:03:05,14,17,9147,31199
2023-06-15 12:03:10,14,18,9147,31199
2023-06-15 12:03:26,14,17,9147,31199
2023-06-15 12:03:31,15,17,9147,31199
2023-06-15 12:03:31,15,16,9147,31199
2023-06-15 12:04:05,13,16,9147,31199
2023-06-15 12:04:05,14,16,9147,31199
2023-06-15 12:04:05,14,15,9147,31199
2023-06-15 12:04:37,14,17,9147,31199
2023-06-15 12:04:37,15,17,9147,31199
2023-06-15 12:04:37,15,16,9147,31199
2023-06-15 12:05:35,15,17,9147,31199
2023-06-15 12:05:36,15,16,9147,31199
2023-06-15 12:06:16,13,16,9447,31499
2023-06-15 12:06:36,13,17,9447,31499
2023-06-15 12:06:38,14,17,9447,31499
2023-06-15 12:06:43,14,16,9447,31499
2023-06-15 12:06:45,14,17,9447,31499
2023-06-15 12:06:49,14,16,9447,31499
2023-06-15 12:06:51,14,17,9447,31499
2023-06-15 12:07:00,14,16,9447,31499
2023-06-15 12:07:09,14,15,9447,31499
2023-06-15 12:07:13,13,15,9447,31499
2023-06-15 12:07:13,13,15,9447,31549
2023-06-15 12:07:13,13,15,9636,31738
2023-06-15 12:07:25,13,16,9636,31738
2023-06-15 12:07:26,13,15,9636,31738
2023-06-15 12:07:29,13,16,9636,31738
2023-06-15 12:07:39,13,15,9636,31738
2023-06-15 12:07:41,13,16,9636,31738
2023-06-15 12:07:41,13,15,9636,31738
2023-06-15 12:07:41,13,16,9636,31738
2023-06-15 12:07:49,13,15,9636,31738
2023-06-15 12:07:49,13,16,9636,31738
2023-06-15 12:07:54,13,15,9636,31738
2023-06-15 12:07:54,13,16,9647,31749
2023-06-15 12:07:54,13,15,9647,31749
2023-06-15 12:08:05,12,15,9647,31749
2023-06-15 12:08:16,13,15,9647,31749
2023-06-15 12:08:18,13,16,9647,31749
2023-06-15 12:08:26,13,15,9647,31749
2023-06-15 12:08:47,12,15,10047,32149
2023-06-15 12:08:48,12,15,10047,32199
2023-06-15 12:09:06,12,13,10047,32199
2023-06-15 12:09:24,12,13,10047,32299
2023-06-15 12:09:25,12,16,10047,32299
2023-06-15 12:09:25,13,16,10047,32299
2023-06-15 12:09:25,13,14,10047,32299
2023-06-15 12:09:54,13,16,10047,32299
2023-06-15 12:09:54,14,16,10047,32299
2023-06-15 12:09:54,14,15,10047,32299
2023-06-15 12:10:38,12,15,10047,32299
2023-06-15 12:10:38,13,15,10047,32299
2023-06-15 12:10:38,13,14,10047,32299
2023-06-15 12:11:34,12,15,10047,32299
2023-06-15 12:11:39,13,15,10047,32299
2023-06-15 12:11:49,13,14,10047,32299
2023-06-15 12:11:54,12,14,10272,32524
2023-06-15 12:11:55,11,14,10272,32524
2023-06-15 12:11:56,12,14,10272,32524
2023-06-15 12:12:03,12,13,10272,32524
2023-06-15 12:12:09,10,13,10272,32524
2023-06-15 12:12:09,10,11,10272,32524
2023-06-15 12:13:05,10,12,10272,32524
2023-06-15 12:13:36,9,12,10272,32524
2023-06-15 12:14:19,9,11,10272,32524
2023-06-15 12:14:19,9,12,10272,32524
2023-06-15 12:14:24,9,11,10272,32524
2023-06-15 12:14:24,9,12,10272,32524
2023-06-15 12:14:31,9,11,10272,32524
2023-06-15 12:14:31,9,12,10272,32524
2023-06-15 12:14:39,9,12,10463,32715
2023-06-15 12:14:39,8,12,10474,32726
2023-06-15 12:14:40,8,11,10474,32726
2023-06-15 12:14:50,8,12,10474,32726
2023-06-15 12:14:53,8,11,10474,32726
2023-06-15 12:14:54,8,12,10474,32726
2023-06-15 12:14:57,8,11,10474,32726
2023-06-15 12:15:35,8,12,10474,32726
2023-06-15 12:15:55,9,12,10474,32726
2023-06-15 12:17:45,9,13,10474,32726
2023-06-15 12:17:50,9,12,10474,32726
2023-06-15 12:18:00,9,13,10474,32726
2023-06-15 12:18:00,9,12,10474,32726
2023-06-15 12:18:05,9,13,10474,32726
2023-06-15 12:18:05,9,12,10474,32726
2023-06-15 12:18:13,9,13,10474,32726
2023-06-15 12:18:13,9,12,10474,32726
2023-06-15 12:18:15,10,12,10474,32726
2023-06-15 12:18:16,10,13,10474,32726
2023-06-15 12:18:57,9,13,10474,32726
2023-06-15 12:19:04,10,13,10474,32726
2023-06-15 12:19:28,9,13,10474,32726
2023-06-15 12:19:39,10,13,10474,32726
2023-06-15 12:20:23,11,13,10474,32726
2023-06-15 12:20:23,11,14,10474,32726
2023-06-15 12:20:36,11,15,10474,32726
2023-06-15 12:20:44,12,15,10474,32726
2023-06-15 12:20:52,12,16,10474,32726
2023-06-15 12:20:58,13,16,10474,32726
2023-06-15 12:20:59,13,17,10474,32726
2023-06-15 12:21:01,15,17,10474,32726
2023-06-15 12:21:01,15,16,10474,32726
2023-06-15 12:22:03,14,17,10474,32726
2023-06-15 12:22:03,15,17,10474,32726
2023-06-15 12:22:03,15,16,10474,32726
2023-06-15 12:22:28,15,16,10474,32736
2023-06-15 12:22:55,15,16,10474,32756
2023-06-15 12:23:02,14,18,10474,32756
2023-06-15 12:23:04,16,18,10474,32756
2023-06-15 12:23:04,16,17,10474,32756
2023-06-15 12:24:02,15,18,10474,32756
2023-06-15 12:24:02,14,18,10474,32756
2023-06-15 12:24:05,15,18,10474,32756
2023-06-15 12:24:05,15,16,10474,32756
2023-06-15 12:24:42,13,16,10474,32756
2023-06-15 12:24:42,14,16,10474,32756
2023-06-15 12:24:42,14,16,10518,32800
2023-06-15 12:24:47,14,17,10518,32800
2023-06-15 12:24:47,14,16,10518,32800
2023-06-15 12:24:57,15,16,10518,32800
2023-06-15 12:24:57,15,17,10518,32800
2023-06-15 12:25:57,14,17,10518,32800
2023-06-15 12:26:01,14,15,10518,32800
2023-06-15 12:26:43,14,18,10518,32800
2023-06-15 12:26:43,16,18,10518,32800
2023-06-15 12:26:44,16,17,10518,32800
2023-06-15 12:26:52,16,18,10518,32800
2023-06-15 12:27:04,16,17,10518,32800
2023-06-15 12:27:41,14,17,10518,32800
2023-06-15 12:27:43,15,17,10518,32800
2023-06-15 12:27:43,15,16,10518,32800
2023-06-15 12:28:41,14,18,10518,32800
2023-06-15 12:28:43,16,18,10518,32800
2023-06-15 12:28:43,16,17,10518,32800
2023-06-15 12:29:04,16,17,10518,33000
2023-06-15 12:29:06,14,17,10518,33000
2023-06-15 12:29:06,15,17,10518,33000
2023-06-15 12:29:25,15,16,10518,33000
2023-06-15 12:29:33,15,17,10518,33000
2023-06-15 12:30:02,15,18,10518,33000
2023-06-15 12:30:02,15,17,10518,33000
2023-06-15 12:30:03,15,18,10518,33000
2023-06-15 12:30:07,15,16,10518,33000
2023-06-15 12:30:19,15,16,10543,33025
2023-06-15 12:30:38,15,17,10543,33025
2023-06-15 12:30:38,17,18,10543,33050
2023-06-15 12:30:47,17,19,10543,33050
2023-06-15 12:30:49,17,18,10543,33050
2023-06-15 12:30:56,15,18,10543,33050
2023-06-15 12:30:56,15,16,10543,33050
2023-06-15 12:31:31,14,16,10543,33050
2023-06-15 12:31:31,14,17,10543,33050
2023-06-15 12:31:31,14,15,10543,33050
2023-06-15 12:31:49,14,15,10545,33052
2023-06-15 12:31:56,12,15,10545,33052
2023-06-15 12:31:57,12,13,10545,33052
2023-06-15 12:32:08,12,13,10545,33252
2023-06-15 12:32:27,12,13,10545,33262
2023-06-15 12:32:53,12,15,10545,33262
2023-06-15 12:32:53,12,14,10545,33262
2023-06-15 12:32:53,12,15,10545,33262
2023-06-15 12:32:58,13,15,10545,33262
2023-06-15 12:32:58,13,14,10545,33262
2023-06-15 12:33:29,11,14,10545,33262
2023-06-15 12:33:29,12,14,10545,33262
2023-06-15 12:33:29,12,13,10545,33262
2023-06-15 12:33:47,10,13,10545,33262
2023-06-15 12:33:47,11,13,10545,33262
2023-06-15 12:33:47,11,12,10545,33262
2023-06-15 12:34:23,10,12,10545,33262
2023-06-15 12:34:23,10,14,10545,33262
2023-06-15 12:34:23,12,14,10545,33262
2023-06-15 12:34:50,12,13,10545,33262
2023-06-15 12:35:14,11,13,10545,33262
2023-06-15 12:35:14,11,14,10545,33262
2023-06-15 12:35:31,10,14,10545,33262
2023-06-15 12:35:31,10,13,10545,33262
2023-06-15 12:36:08,10,12,10545,33262
2023-06-15 12:36:44,9,12,10545,33262
2023-06-15 12:37:02,10,12,10545,33262
2023-06-15 12:37:06,10,13,10545,33262
2023-06-15 12:37:31,10,14,10545,33262
2023-06-15 12:37:31,11,14,10545,33262
2023-06-15 12:37:44,11,13,10545,33262
2023-06-15 12:37:44,11,14,10545,33262
2023-06-15 12:38:05,11,15,10545,33262
2023-06-15 12:38:06,12,15,10545,33262
2023-06-15 12:40:06,13,15,10545,33262
2023-06-15 12:41:06,12,15,10545,33262
2023-06-15 12:41:08,13,15,10545,33262
2023-06-15 12:42:05,13,16,10545,33262
2023-06-15 12:42:07,14,16,10545,33262
2023-06-15 12:42:12,14,17,10545,33262
2023-06-15 12:42:45,14,18,10545,33262
2023-06-15 12:42:46,15,18,10545,33262
2023-06-15 12:43:46,16,18,10545,33262
2023-06-15 12:44:39,16,17,10545,33262
2023-06-15 12:44:43,14,17,10545,33262
2023-06-15 12:44:57,14,16,10545,33262
2023-06-15 12:45:01,13,16,10545,33262
2023-06-15 12:45:01,13,15,10545,33262
2023-06-15 12:45:10,12,15,10545,33262
2023-06-15 12:45:15,12,14,10545,33262
2023-06-15 12:45:21,11,14,10545,33262
2023-06-15 12:45:31,11,13,10545,33262
2023-06-15 12:45:57,11,14,10545,33262
2023-06-15 12:45:57,11,13,10545,33262
2023-06-15 12:46:16,11,12,10545,33262
2023-06-15 12:46:18,9,12,10545,33262
2023-06-15 12:46:19,9,11,10545,33262
2023-06-15 12:46:25,9,12,10545,33262
2023-06-15 12:46:27,9,11,10545,33262
2023-06-15 12:47:00,9,12,10545,33262
2023-06-15 12:47:00,9,11,10545,33262
2023-06-15 12:47:13,9,11,10619,33336
2023-06-15 12:47:13,9,12,10619,33336
2023-06-15 12:47:13,9,11,10619,33336
2023-06-15 12:47:19,9,12,10619,33336
2023-06-15 12:47:32,9,11,10619,33336
2023-06-15 12:47:49,9,10,10619,33336
2023-06-15 12:47:49,9,11,10619,33336
2023-06-15 12:47:56,9,10,10619,33336
2023-06-15 12:47:56,9,11,10619,33336
2023-06-15 12:48:03,9,10,10619,33336
2023-06-15 12:48:03,9,11,10619,33336
2023-06-15 12:48:07,9,10,10619,33336
2023-06-15 12:48:07,8,9,10795,33512
2023-06-15 12:48:16,8,12,10795,33536
2023-06-15 12:48:17,9,12,10795,33536
2023-06-15 12:48:42,10,12,10795,33536
2023-06-15 12:49:35,10,13,10795,33536
2023-06-15 12:49:35,10,12,10795,33536
2023-06-15 12:49:36,11,12,10795,33536
2023-06-15 12:49:37,11,14,10795,33536
2023-06-15 12:50:04,12,14,10795,33536
2023-06-15 12:50:20,12,15,10795,33536
2023-06-15 12:51:03,12,14,10795,33536
2023-06-15 12:51:25,12,13,10795,33536
2023-06-15 12:51:27,12,14,10795,33536
2023-06-15 12:51:29,12,13,10795,33536
2023-06-15 12:51:34,12,14,10795,33536
2023-06-15 12:51:46,12,13,10795,33536
2023-06-15 12:51:57,10,13,10795,33536
2023-06-15 12:51:57,11,13,10795,33536
2023-06-15 12:51:59,11,12,10795,33536
2023-06-15 12:52:11,11,13,10795,33536
2023-06-15 12:52:14,11,12,10795,33536
2023-06-15 12:52:17,11,13,10795,33536
2023-06-15 12:52:26,11,12,10795,33536
2023-06-15 12:52:36,12,14,10895,33636
2023-06-15 12:52:53,12,13,10895,33636
2023-06-15 12:53:05,12,14,10895,33636
2023-06-15 12:53:06,12,13,10895,33636
2023-06-15 12:53:33,11,13,10895,33636
2023-06-15 12:53:33,10,13,10895,33636
2023-06-15 12:53:36,11,13,10895,33636
2023-06-15 12:53:40,11,12,10895,33636
2023-06-15 12:53:54,11,13,10895,33636
2023-06-15 12:54:01,11,12,10895,33636
2023-06-15 12:54:11,11,13,10895,33636
2023-06-15 12:54:33,10,13,10895,33636
2023-06-15 12:55:03,10,12,10895,33636
2023-06-15 12:55:06,10,13,10895,33636
2023-06-15 12:55:14,10,12,10895,33636
2023-06-15 12:55:20,9,12,10895,33636
2023-06-15 12:55:27,10,12,10895,33636
2023-06-15 12:55:33,10,11,10895,33636
2023-06-15 12:55:43,8,11,10895,33636
2023-06-15 12:55:43,9,11,10895,33636
2023-06-15 12:56:09,10,11,10895,33636
2023-06-15 12:56:21,10,12,10895,33636
2023-06-15 12:57:38,10,13,10895,33636
2023-06-15 12:57:38,11,13,10895,33636
2023-06-15 12:57:54,11,14,10895,33636
2023-06-15 12:57:54,12,14,10895,33636
2023-06-15 12:57:56,12,13,10895,33636
2023-06-15 12:57:57,12,14,10895,33636
2023-06-15 12:58:44,12,13,10895,33636
2023-06-15 12:58:50,12,14,10895,33636
2023-06-15 12:58:51,11,13,10895,33636
2023-06-15 12:58:55,10,13,10895,33636
2023-06-15 12:58:55,11,13,10895,33636
2023-06-15 12:59:25,11,13,10895,33643
2023-06-15 12:59:30,11,14,10895,33643
2023-06-15 12:59:55,11,13,10895,33643
2023-06-15 12:59:56,11,14,10895,33643
2023-06-15 12:59:57,11,13,10895,33643
2023-06-15 13:00:00,11,14,10895,33643
2023-06-15 13:00:01,11,13,10895,33643
2023-06-15 13:00:02,11,14,10895,33643
2023-06-15 13:00:30,11,13,10895,33643
2023-06-15 13:00:33,11,14,10895,33643
2023-06-15 13:00:38,11,13,10895,33643
2023-06-15 13:00:50,11,14,10895,33643
2023-06-15 13:01:18,11,13,10895,33643
2023-06-15 13:01:20,11,14,10895,33643
2023-06-15 13:01:25,11,13,10895,33643
2023-06-15 13:01:41,11,12,10895,33643
2023-06-15 13:01:43,10,12,10895,33643
2023-06-15 13:01:43,11,12,10895,33643
2023-06-15 13:01:53,11,12,10895,33843
2023-06-15 13:01:56,9,12,10895,33843
2023-06-15 13:01:56,10,12,10895,33843
2023-06-15 13:01:56,10,11,10895,33843
2023-06-15 13:02:23,8,11,10895,33843
2023-06-15 13:02:24,9,11,10895,33843
2023-06-15 13:02:24,9,10,10895,33843
2023-06-15 13:03:11,9,12,10895,33843
2023-06-15 13:03:11,10,12,10895,33843
2023-06-15 13:03:11,10,11,10895,33843
2023-06-15 13:04:07,9,12,10895,33843
2023-06-15 13:04:13,10,12,10895,33843
2023-06-15 13:04:28,10,11,10895,33843
2023-06-15 13:04:29,10,12,10895,33843
2023-06-15 13:04:30,10,11,10895,33843
2023-06-15 13:04:30,8,11,10895,33843
2023-06-15 13:04:30,9,11,10895,33843
2023-06-15 13:04:32,9,12,10895,33843
2023-06-15 13:05:01,9,11,10895,33843
2023-06-15 13:05:05,9,12,10895,33843
2023-06-15 13:05:13,9,11,10895,33843
2023-06-15 13:05:14,9,12,10895,33843
2023-06-15 13:05:32,9,10,10895,33843
2023-06-15 13:06:28,8,11,10895,33843
2023-06-15 13:06:32,9,11,10895,33843
2023-06-15 13:06:46,9,10,10895,33843
2023-06-15 13:07:07,7,10,10895,33843
2023-06-15 13:07:07,8,10,10895,33843
2023-06-15 13:07:07,8,9,10895,33843
2023-06-15 13:07:18,8,9,10995,33943
2023-06-15 13:07:18,7,9,11095,34043
2023-06-15 13:07:19,7,8,11095,34043
2023-06-15 13:07:47,7,8,11095,34048
2023-06-15 13:08:05,6,8,11095,34048
2023-06-15 13:08:05,6,7,11095,34048
2023-06-15 13:09:02,6,8,11095,34048
2023-06-15 13:09:05,6,8,11095,34298
2023-06-15 13:09:05,6,8,11195,34398
2023-06-15 13:09:28,6,7,11195,34398
2023-06-15 13:09:32,6,8,11195,34398
2023-06-15 13:09:54,6,7,11195,34398
2023-06-15 13:09:55,6,8,11195,34398
2023-06-15 13:09:57,6,7,11195,34398
2023-06-15 13:09:58,6,8,11195,34398
2023-06-15 13:10:07,6,7,11195,34398
2023-06-15 13:10:24,6,7,11245,34448
2023-06-15 13:10:24,6,7,11295,34498
2023-06-15 13:10:28,5,7,11295,34498
2023-06-15 13:10:28,5,6,11295,34498
2023-06-15 13:11:19,5,8,11295,34498
2023-06-15 13:11:19,6,8,11295,34498
2023-06-15 13:11:19,6,7,11295,34498
2023-06-15 13:11:30,5,7,11295,34498
2023-06-15 13:11:30,5,8,11295,34498
2023-06-15 13:12:06,5,9,11295,34498
2023-06-15 13:12:07,5,8,11295,34498
2023-06-15 13:12:10,5,9,11295,34498
2023-06-15 13:12:12,6,9,11295,34498
2023-06-15 13:12:56,6,8,11295,34498
2023-06-15 13:12:57,6,9,11295,34498
2023-06-15 13:12:58,6,8,11295,34498
2023-06-15 13:13:12,6,7,11295,34498
2023-06-15 13:13:13,6,8,11295,34498
2023-06-15 13:14:39,6,7,11295,34498
2023-06-15 13:14:56,6,7,11295,34548
2023-06-15 13:14:56,6,7,11321,34574
2023-06-15 13:14:59,5,6,11321,34748
2023-06-15 13:15:00,5,7,11321,34748
2023-06-15 13:15:00,4,7,11321,34748
2023-06-15 13:15:01,4,5,11321,34748
2023-06-15 13:15:44,4,5,10921,35148
2023-06-15 13:15:45,4,7,10821,35248
2023-06-15 13:16:03,5,7,10821,35248
2023-06-15 13:16:03,5,6,10821,35248
2023-06-15 13:16:28,5,8,10821,35248
2023-06-15 13:16:28,5,7,10821,35248
2023-06-15 13:16:28,5,6,10821,35248
2023-06-15 13:17:03,5,7,10821,35248
2023-06-15 13:17:03,5,6,10821,35248
2023-06-15 13:17:27,4,6,10821,35248
2023-06-15 13:17:46,5,6,10821,35248
2023-06-15 13:18:00,5,7,10821,35248
2023-06-15 13:18:06,5,6,10821,35248
2023-06-15 13:18:43,4,6,10821,35248
2023-06-15 13:19:03,4,7,10821,35248
2023-06-15 13:19:06,5,7,10821,35248
2023-06-15 13:19:06,5,6,10821,35248
2023-06-15 13:19:24,5,8,10821,35248
2023-06-15 13:19:25,6,8,10821,35248
2023-06-15 13:19:25,6,7,10821,35248
2023-06-15 13:19:25,6,7,10971,35398
2023-06-15 13:19:25,6,8,10971,35398
2023-06-15 13:20:19,6,9,10971,35398
2023-06-15 13:20:27,6,7,10971,35398
2023-06-15 13:20:56,6,9,10971,35398
2023-06-15 13:20:56,7,9,10971,35398
2023-06-15 13:21:01,7,8,10971,35398
2023-06-15 13:21:01,7,9,10971,35398
2023-06-15 13:21:06,7,8,10971,35398
2023-06-15 13:21:06,7,9,10971,35398
2023-06-15 13:21:12,7,8,10971,35398
2023-06-15 13:21:12,7,9,10971,35398
2023-06-15 13:21:17,7,8,10971,35398
2023-06-15 13:21:17,7,9,10971,35398
2023-06-15 13:21:22,7,8,10971,35398
2023-06-15 13:21:22,7,9,10971,35398
2023-06-15 13:21:29,7,8,10971,35398
2023-06-15 13:21:29,7,9,10971,35398
2023-06-15 13:21:34,7,8,10971,35398
2023-06-15 13:21:34,7,9,10971,35398
2023-06-15 13:21:39,7,8,10971,35398
2023-06-15 13:21:39,7,9,10971,35398
2023-06-15 13:21:45,7,8,10971,35398
2023-06-15 13:21:45,7,9,10971,35398
2023-06-15 13:21:50,7,8,10971,35398
2023-06-15 13:21:50,7,9,10971,35398
2023-06-15 13:21:56,6,9,10971,35398
2023-06-15 13:21:56,7,9,10971,35398
2023-06-15 13:21:56,7,8,10971,35398
2023-06-15 13:22:58,7,9,10971,35398
2023-06-15 13:22:58,7,8,10971,35398
2023-06-15 13:22:58,7,8,11071,35498
2023-06-15 13:24:01,7,9,11071,35498
2023-06-15 13:24:01,7,8,11071,35498
2023-06-15 13:24:01,7,8,11218,35645
2023-06-15 13:24:21,7,9,11218,35645
2023-06-15 13:24:21,8,9,11218,35645
2023-06-15 13:25:10,7,9,11568,35995
2023-06-15 13:25:23,6,9,11568,35995
2023-06-15 13:25:23,6,8,11568,35995
2023-06-15 13:25:25,7,8,11568,35995
2023-06-15 13:26:23,6,9,11568,35995
2023-06-15 13:26:26,7,9,11568,35995
2023-06-15 13:26:26,7,8,11568,35995
2023-06-15 13:26:26,7,8,11618,36045
2023-06-15 13:26:26,7,9,11618,36045
2023-06-15 13:26:26,7,8,11618,36045
2023-06-15 13:26:57,6,8,11618,36045
2023-06-15 13:26:57,6,9,11618,36045
2023-06-15 13:26:57,6,7,11618,36045
2023-06-15 13:27:06,6,9,11618,36045
2023-06-15 13:27:06,7,9,11618,36045
2023-06-15 13:27:06,7,8,11618,36045
2023-06-15 13:27:06,6,8,11668,36095
2023-06-15 13:27:06,6,9,11668,36095
2023-06-15 13:27:06,6,8,11668,36095
2023-06-15 13:27:11,7,8,11668,36095
2023-06-15 13:27:11,7,8,11726,36153
2023-06-15 13:27:12,6,8,11726,36153
2023-06-15 13:27:13,7,8,11726,36153
2023-06-15 13:27:31,7,9,11726,36153
2023-06-15 13:27:31,8,9,11726,36153
2023-06-15 13:27:31,8,9,11776,36203
2023-06-15 13:28:18,7,9,11826,36253
2023-06-15 13:28:18,7,11,11976,36403
2023-06-15 13:28:18,7,9,11976,36403
2023-06-15 13:28:19,7,11,11976,36603
2023-06-15 13:28:19,8,11,11976,36603
2023-06-15 13:28:19,8,12,11976,36603
2023-06-15 13:28:19,8,11,11976,36603
2023-06-15 13:28:24,9,11,11976,36603
2023-06-15 13:28:24,9,10,11976,36603
2023-06-15 13:29:06,9,11,11976,36603
2023-06-15 13:29:06,9,10,11976,36603
2023-06-15 13:29:38,8,10,11976,36603
2023-06-15 13:30:03,10,12,11976,36603
2023-06-15 13:30:03,10,11,11976,36603
2023-06-15 13:30:56,9,11,11976,36603
2023-06-15 13:30:56,9,13,11976,36603
2023-06-15 13:30:56,11,13,11976,36603
2023-06-15 13:30:56,11,12,11976,36603
2023-06-15 13:31:55,10,13,11976,36603
2023-06-15 13:31:56,11,13,11976,36603
2023-06-15 13:31:56,11,12,11976,36603
2023-06-15 13:32:57,10,13,11976,36603
2023-06-15 13:32:57,11,13,11976,36603
2023-06-15 13:32:57,11,12,11976,36603
2023-06-15 13:33:57,12,13,11976,36603
2023-06-15 13:33:58,10,13,12076,36703
2023-06-15 13:34:12,10,12,12076,36703
2023-06-15 13:34:12,10,13,12076,36703
2023-06-15 13:34:22,10,12,12076,36703
2023-06-15 13:34:22,10,13,12076,36703
2023-06-15 13:34:28,10,12,12076,36703
2023-06-15 13:34:28,10,13,12076,36703
2023-06-15 13:34:33,10,12,12076,36703
2023-06-15 13:34:33,10,13,12076,36703
2023-06-15 13:34:38,10,12,12076,36703
2023-06-15 13:34:38,10,13,12076,36703
2023-06-15 13:34:44,10,12,12076,36703
2023-06-15 13:34:44,10,13,12076,36703
2023-06-15 13:34:49,10,12,12076,36703
2023-06-15 13:34:49,10,13,12076,36703
2023-06-15 13:35:16,10,12,12076,36703
2023-06-15 13:35:46,9,12,12076,36703
2023-06-15 13:35:48,10,12,12076,36703
2023-06-15 13:36:08,11,12,12076,36703
2023-06-15 13:36:50,10,12,12076,36703
2023-06-15 13:37:07,13,14,12079,36706
2023-06-15 13:37:08,10,14,12276,36903
2023-06-15 13:37:14,10,13,12276,36903
2023-06-15 13:37:37,9,13,12276,36903
2023-06-15 13:37:40,11,13,12276,36903
2023-06-15 13:37:40,11,12,12276,36903
2023-06-15 13:37:53,8,12,12276,36903
2023-06-15 13:37:53,10,12,12276,36903
2023-06-15 13:37:53,10,11,12276,36903
2023-06-15 13:38:18,10,11,12276,37103
2023-06-15 13:38:19,8,11,12276,37103
2023-06-15 13:38:19,9,11,12276,37103
2023-06-15 13:38:19,9,10,12276,37103
2023-06-15 13:38:19,9,10,12426,37253
2023-06-15 13:38:35,8,10,12426,37253
2023-06-15 13:38:35,8,11,12426,37253
2023-06-15 13:38:36,8,9,12426,37253
2023-06-15 13:39:06,8,11,12426,37253
2023-06-15 13:39:06,9,11,12426,37253
2023-06-15 13:39:06,9,10,12426,37253
2023-06-15 13:39:56,9,10,12427,37254
2023-06-15 13:40:02,8,10,12427,37254
2023-06-15 13:40:02,8,11,12427,37254
2023-06-15 13:40:06,10,11,12427,37254
2023-06-15 13:41:05,8,12,12427,37254
2023-06-15 13:41:06,10,12,12427,37254
2023-06-15 13:41:07,10,11,12427,37254
2023-06-15 13:41:07,10,12,12427,37254
2023-06-15 13:41:13,10,11,12427,37254
2023-06-15 13:41:13,10,12,12427,37254
2023-06-15 13:41:19,10,11,12427,37254
2023-06-15 13:41:19,10,12,12427,37254
2023-06-15 13:41:24,10,11,12427,37254
2023-06-15 13:41:24,10,12,12427,37254
2023-06-15 13:41:30,10,11,12427,37254
2023-06-15 13:41:30,10,12,12427,37254
2023-06-15 13:41:37,10,13,12427,37254
2023-06-15 13:41:37,10,11,12427,37254
2023-06-15 13:41:37,10,13,12427,37254
2023-06-15 13:41:42,10,12,12427,37254
2023-06-15 13:41:42,10,13,12427,37254
2023-06-15 13:41:44,10,12,12427,37254
2023-06-15 13:41:48,10,11,12427,37254
2023-06-15 13:41:48,10,12,12427,37254
2023-06-15 13:41:53,10,11,12427,37254
2023-06-15 13:41:53,10,12,12427,37254
2023-06-15 13:41:59,10,11,12427,37254
2023-06-15 13:41:59,10,12,12427,37254
2023-06-15 13:42:07,10,11,12427,37254
2023-06-15 13:42:25,10,13,12427,37254
2023-06-15 13:42:25,11,13,12427,37254
2023-06-15 13:42:25,11,12,12427,37254
2023-06-15 13:43:02,11,15,12427,37254
2023-06-15 13:43:03,12,15,12427,37254
2023-06-15 13:43:03,12,13,12427,37254
2023-06-15 13:43:39,12,16,12427,37254
2023-06-15 13:43:39,14,16,12427,37254
2023-06-15 13:43:39,14,15,12427,37254
2023-06-15 13:44:16,14,18,12427,37254
2023-06-15 13:44:16,15,18,12427,37254
2023-06-15 13:44:16,15,16,12427,37254
2023-06-15 13:44:17,15,16,12527,37354
2023-06-15 13:45:15,14,17,12527,37354
2023-06-15 13:45:15,14,18,12527,37354
2023-06-15 13:45:17,16,18,12527,37354
2023-06-15 13:45:17,16,17,12527,37354
2023-06-15 13:45:52,16,17,12527,37554
2023-06-15 13:45:55,16,19,12527,37554
2023-06-15 13:45:55,16,19,12527,37554
2023-06-15 13:45:55,17,19,12527,37554
2023-06-15 13:45:55,18,19,12527,37554
2023-06-15 13:46:27,17,19,12527,37554
2023-06-15 13:46:44,16,19,12527,37554
2023-06-15 13:46:50,17,19,12527,37554
2023-06-15 13:47:24,16,19,12527,37554
2023-06-15 13:47:27,17,19,12527,37554
2023-06-15 13:47:46,18,19,12527,37554
2023-06-15 13:49:49,19,22,12528,37555
2023-06-15 13:49:49,19,21,12528,37555
2023-06-15 13:49:50,19,22,12528,37555
2023-06-15 13:49:51,19,21,12528,37555
2023-06-15 13:49:54,19,22,12528,37555
2023-06-15 13:49:55,19,21,12528,37555
2023-06-15 13:49:55,19,22,12528,37555
2023-06-15 13:50:01,19,21,12528,37555
2023-06-15 13:50:01,19,22,12528,37555
2023-06-15 13:50:06,19,21,12528,37555
2023-06-15 13:50:06,19,22,12528,37555
2023-06-15 13:50:11,19,21,12528,37555
2023-06-15 13:50:11,19,22,12528,37555
2023-06-15 13:50:17,19,21,12528,37555
2023-06-15 13:50:21,19,22,12528,37555
2023-06-15 13:50:21,19,21,12528,37555
2023-06-15 13:50:21,19,22,12528,37555
2023-06-15 13:50:23,19,21,12528,37555
2023-06-15 13:50:30,19,22,12528,37555
2023-06-15 13:50:30,19,21,12528,37555
2023-06-15 13:50:30,19,22,12528,37555
2023-06-15 13:50:35,19,21,12528,37555
2023-06-15 13:50:35,19,22,12528,37555
2023-06-15 13:50:40,19,21,12528,37555
2023-06-15 13:50:40,19,22,12528,37555
2023-06-15 13:50:45,19,21,12528,37555
2023-06-15 13:50:46,18,21,12528,37555
2023-06-15 13:51:19,18,22,12528,37555
2023-06-15 13:51:27,18,21,12528,37555
2023-06-15 13:51:27,18,22,12528,37555
2023-06-15 13:51:29,19,22,12528,37555
2023-06-15 13:51:32,19,21,12528,37555
2023-06-15 13:51:32,19,22,12528,37555
2023-06-15 13:51:33,19,23,12528,37555
2023-06-15 13:51:33,20,23,12528,37555
2023-06-15 13:51:33,20,22,12528,37555
2023-06-15 13:51:48,18,22,12528,37555
2023-06-15 13:51:49,18,21,12528,37555
2023-06-15 13:51:49,18,22,12528,37555
2023-06-15 13:51:51,18,21,12528,37555
2023-06-15 13:52:14,18,22,12528,37555
2023-06-15 13:52:14,18,21,12528,37555
2023-06-15 13:52:14,18,22,12528,37555
2023-06-15 13:52:19,19,22,12528,37555
2023-06-15 13:52:19,19,21,12528,37555
2023-06-15 13:52:19,19,22,12528,37555
2023-06-15 13:52:25,19,21,12528,37555
2023-06-15 13:52:25,19,22,12528,37555
2023-06-15 13:52:30,19,21,12528,37555
2023-06-15 13:52:30,19,22,12528,37555
2023-06-15 13:52:32,19,21,12528,37555
2023-06-15 13:52:33,19,22,12528,37555
2023-06-15 13:52:38,19,21,12528,37555
2023-06-15 13:52:46,19,22,12528,37555
2023-06-15 13:52:46,19,21,12528,37555
2023-06-15 13:52:46,19,22,12528,37555
2023-06-15 13:52:50,19,21,12528,37555
2023-06-15 13:53:03,19,22,12528,37555
2023-06-15 13:53:31,19,21,12530,37557
2023-06-15 13:53:46,19,22,12530,37557
2023-06-15 13:53:48,19,21,12530,37557
2023-06-15 13:53:48,20,21,12530,37557
2023-06-15 13:53:48,20,23,12530,37557
2023-06-15 13:53:48,20,22,12530,37557
2023-06-15 13:53:49,20,23,12530,37557
2023-06-15 13:53:49,21,23,12530,37557
2023-06-15 13:53:51,21,22,12530,37557
2023-06-15 13:53:51,21,22,12549,37576
2023-06-15 13:53:52,21,23,12549,37576
2023-06-15 13:54:14,21,24,12549,37576
2023-06-15 13:54:14,21,23,12549,37576
2023-06-15 13:54:18,22,23,12549,37576
2023-06-15 13:54:18,22,23,12749,37776
2023-06-15 13:54:18,22,24,12749,37776
2023-06-15 13:54:36,22,25,12749,37776
2023-06-15 13:54:42,22,24,12749,37776
2023-06-15 13:55:09,23,24,12749,37776
2023-06-15 13:55:14,23,26,12749,37781
2023-06-15 13:55:14,24,26,12749,37781
2023-06-15 13:55:15,24,27,12749,37781
2023-06-15 13:55:19,25,27,12749,37781
2023-06-15 13:55:42,25,28,12749,37781
2023-06-15 13:55:42,25,27,12749,37781
2023-06-15 13:56:02,25,29,12749,37781
2023-06-15 13:56:02,25,28,12749,37781
2023-06-15 13:56:03,26,28,12749,37781
2023-06-15 13:56:03,26,29,12749,37781
2023-06-15 13:56:07,27,29,12749,37781
2023-06-15 13:56:09,27,30,12749,37781
2023-06-15 13:56:09,27,29,12749,37781
2023-06-15 13:56:09,28,29,12749,37781
2023-06-15 13:56:11,27,29,12749,37781
2023-06-15 13:56:11,28,29,12749,37781
2023-06-15 13:56:12,28,31,12749,37781
2023-06-15 13:56:12,28,30,12749,37781
2023-06-15 13:56:22,28,29,12749,37781
2023-06-15 13:56:26,25,29,12749,37781
2023-06-15 13:56:26,26,29,12749,37781
2023-06-15 13:56:27,26,28,12749,37781
2023-06-15 13:56:29,26,29,12749,37781
2023-06-15 13:56:34,26,28,12749,37781
2023-06-15 13:56:39,25,28,12749,37781
2023-06-15 13:57:03,25,27,12749,37781
2023-06-15 13:57:05,25,28,12749,37781
2023-06-15 13:58:09,26,28,12749,37781
2023-06-15 13:58:13,26,29,12699,37831
2023-06-15 13:58:14,27,29,12699,37831
2023-06-15 13:58:18,27,30,12699,37831
2023-06-15 13:58:46,27,29,12699,37831
2023-06-15 13:59:23,27,28,12699,37831
2023-06-15 13:59:26,25,28,12699,37831
2023-06-15 14:00:01,25,29,12699,37831
2023-06-15 14:00:12,26,29,12699,37831
2023-06-15 14:00:28,27,29,12699,37831
2023-06-15 14:00:31,27,30,12699,37831
2023-06-15 14:00:50,28,30,12699,37831
2023-06-15 14:01:06,28,31,12699,37836
2023-06-15 14:01:06,28,30,12699,37836
2023-06-15 14:01:11,28,31,12699,37836
2023-06-15 14:01:30,29,31,12699,37836
2023-06-15 14:01:31,30,31,12699,37836
2023-06-15 14:01:33,30,33,12699,37836
2023-06-15 14:01:33,30,32,12699,37836
2023-06-15 14:01:37,30,34,12699,37836
2023-06-15 14:01:37,30,33,12699,37836
2023-06-15 14:01:46,30,32,12699,37836
2023-06-15 14:01:58,29,32,12699,37836
2023-06-15 14:02:02,29,31,12699,37836
2023-06-15 14:02:07,29,30,12699,37836
2023-06-15 14:02:11,28,30,12699,37836
2023-06-15 14:02:17,27,30,12699,37836
2023-06-15 14:02:18,27,31,12699,37836
2023-06-15 14:02:22,28,31,12699,37836
2023-06-15 14:02:37,27,31,12699,37836
2023-06-15 14:02:39,27,30,12699,37836
2023-06-15 14:02:54,27,29,12699,37836
2023-06-15 14:02:58,25,29,12699,37836
2023-06-15 14:03:04,26,29,12699,37836
2023-06-15 14:03:11,25,29,12699,37836
2023-06-15 14:03:17,25,28,12699,37836
2023-06-15 14:03:45,25,29,12699,37836
2023-06-15 14:03:57,25,28,12699,37836
2023-06-15 14:04:36,25,27,12699,37836
2023-06-15 14:04:42,25,28,12699,37836
2023-06-15 14:04:45,25,28,12701,37838
2023-06-15 14:04:54,25,29,12701,37838
2023-06-15 14:05:08,26,29,12701,37838
2023-06-15 14:05:11,25,29,12701,37838
2023-06-15 14:05:21,25,28,12701,37838
2023-06-15 14:05:28,25,27,12701,37838
2023-06-15 14:05:40,24,27,12701,37838
2023-06-15 14:05:43,24,28,12701,37838
2023-06-15 14:05:43,25,28,12701,37838
2023-06-15 14:06:17,25,27,12701,37838
2023-06-15 14:06:41,23,27,12701,37838
2023-06-15 14:06:43,24,27,12701,37838
2023-06-15 14:06:59,24,26,12701,37838
2023-06-15 14:07:10,24,25,12701,37838
2023-06-15 14:07:13,23,25,12701,37838
2023-06-15 14:07:31,23,26,12701,37838
2023-06-15 14:07:35,23,25,12701,37838
2023-06-15 14:07:47,23,24,12701,37838
2023-06-15 14:07:52,23,24,12711,37848
2023-06-15 14:07:53,22,24,12711,37853
2023-06-15 14:07:53,22,23,12711,37853
2023-06-15 14:07:55,20,23,12711,37863
2023-06-15 14:08:01,19,23,12711,37863
2023-06-15 14:08:02,19,22,12711,37863
2023-06-15 14:08:14,19,21,12711,37863
2023-06-15 14:08:15,19,22,12711,37863
2023-06-15 14:08:16,19,21,12711,37863
2023-06-15 14:08:19,18,21,12711,37863
2023-06-15 14:08:22,18,22,12711,37863
2023-06-15 14:08:26,19,22,12711,37863
2023-06-15 14:08:28,19,21,12711,37863
2023-06-15 14:08:28,18,21,12711,37863
2023-06-15 14:08:53,18,19,12711,37863
2023-06-15 14:08:59,16,18,12706,37868
2023-06-15 14:09:00,16,19,12706,37868
2023-06-15 14:09:01,16,18,12706,37868
2023-06-15 14:09:02,16,19,12706,37868
2023-06-15 14:09:03,16,18,12706,37868
2023-06-15 14:09:05,16,19,12706,37868
2023-06-15 14:09:07,15,19,12706,37868
2023-06-15 14:09:10,15,18,12706,37868
2023-06-15 14:09:16,15,19,12706,37868
2023-06-15 14:09:24,16,19,12706,37868
2023-06-15 14:09:26,17,19,12706,37868
2023-06-15 14:09:27,17,20,12706,37868
2023-06-15 14:09:35,17,21,12706,37868
2023-06-15 14:09:41,17,20,12706,37868
2023-06-15 14:09:44,17,21,12706,37868
2023-06-15 14:09:54,18,21,12706,37868
2023-06-15 14:10:09,17,21,12706,37868
2023-06-15 14:10:17,17,20,12706,37868
2023-06-15 14:10:26,17,21,12706,37868
2023-06-15 14:10:30,18,21,12706,37868
2023-06-15 14:10:35,19,21,12706,37868
2023-06-15 14:10:44,19,22,12706,37868
2023-06-15 14:11:09,19,21,12706,37868
2023-06-15 14:11:10,19,22,12706,37868
2023-06-15 14:11:11,20,22,12706,37868
2023-06-15 14:11:13,21,22,12706,37868
2023-06-15 14:11:21,21,23,12706,37868
2023-06-15 14:11:21,21,24,12706,37868
2023-06-15 14:11:22,21,23,12706,37868
2023-06-15 14:11:42,21,22,12706,37868
2023-06-15 14:11:57,21,23,12706,37868
2023-06-15 14:12:10,21,25,12706,37868
2023-06-15 14:12:10,22,25,12706,37868
2023-06-15 14:12:58,22,24,12706,37868
2023-06-15 14:13:05,20,24,12706,37868
2023-06-15 14:13:05,19,24,12706,37868
2023-06-15 14:13:05,21,24,12706,37868
2023-06-15 14:13:13,21,24,12706,37868
2023-06-15 14:13:22,21,23,12706,37868
2023-06-15 14:13:32,21,22,12706,37868
2023-06-15 14:13:35,21,23,12706,37868
2023-06-15 14:13:41,21,22,12706,37868
2023-06-15 14:13:55,19,22,12706,37868
2023-06-15 14:14:04,20,22,12706,37868
2023-06-15 14:14:04,20,23,12706,37868
2023-06-15 14:14:12,21,23,12706,37868
2023-06-15 14:14:14,21,24,12706,37868
2023-06-15 14:14:54,21,24,12706,38068
2023-06-15 14:14:54,21,22,12706,38068
2023-06-15 14:14:55,19,22,12726,38088
2023-06-15 14:14:55,19,21,12726,38088
2023-06-15 14:14:56,17,21,12726,38088
2023-06-15 14:14:56,18,21,12726,38088
2023-06-15 14:15:01,18,20,12726,38088
2023-06-15 14:15:03,17,20,12726,38088
2023-06-15 14:15:07,17,21,12726,38088
2023-06-15 14:15:09,18,21,12726,38088
2023-06-15 14:15:15,18,22,12726,38088
2023-06-15 14:15:26,17,22,12726,38088
2023-06-15 14:15:26,17,21,12726,38088
2023-06-15 14:15:46,18,21,12726,38088
2023-06-15 14:15:50,17,21,12726,38088
2023-06-15 14:16:06,18,21,12726,38088
2023-06-15 14:16:19,17,21,12726,38088
2023-06-15 14:16:30,17,20,12726,38088
2023-06-15 14:16:57,16,20,12726,38088
2023-06-15 14:17:03,17,20,12726,38088
2023-06-15 14:17:17,17,21,12726,38088
2023-06-15 14:17:21,17,20,12726,38088
2023-06-15 14:17:27,17,21,12726,38088
2023-06-15 14:17:31,17,20,12726,38088
2023-06-15 14:17:36,18,20,12726,38088
2023-06-15 14:17:36,18,21,12726,38088
2023-06-15 14:17:48,17,21,12726,38088
2023-06-15 14:17:57,18,21,12726,38088
2023-06-15 14:18:04,18,22,12726,38088
2023-06-15 14:18:22,19,22,12726,38088
2023-06-15 14:18:27,19,23,12726,38088
2023-06-15 14:18:31,19,22,12726,38088
2023-06-15 14:18:33,19,23,12726,38088
2023-06-15 14:18:34,20,23,12726,38088
2023-06-15 14:18:40,19,23,12726,38088
2023-06-15 14:18:47,20,23,12726,38088
2023-06-15 14:18:56,19,23,12726,38088
2023-06-15 14:19:00,19,22,12726,38088
2023-06-15 14:19:04,19,23,12726,38088
2023-06-15 14:19:08,19,22,12726,38088
2023-06-15 14:19:11,19,21,12726,38088
2023-06-15 14:19:22,18,21,12726,38088
2023-06-15 14:19:28,18,20,12726,38088
2023-06-15 14:19:30,18,19,12726,38088
2023-06-15 14:19:31,16,19,12726,38088
2023-06-15 14:19:49,17,19,12726,38088
2023-06-15 14:19:59,16,19,12726,38088
2023-06-15 14:20:06,15,19,12726,38088
2023-06-15 14:20:07,15,18,12726,38088
2023-06-15 14:20:18,15,19,12726,38088
2023-06-15 14:20:30,16,19,12726,38088
2023-06-15 14:20:31,16,18,12726,38088
2023-06-15 14:20:42,17,18,12726,38088
2023-06-15 14:20:43,17,20,12726,38088
2023-06-15 14:20:44,16,20,12726,38088
2023-06-15 14:20:48,16,19,12726,38088
2023-06-15 14:21:03,16,20,12726,38088
2023-06-15 14:21:15,17,20,12726,38088
2023-06-15 14:21:23,18,20,12726,38088
2023-06-15 14:21:27,17,20,12726,38088
2023-06-15 14:21:31,18,20,12726,38088
2023-06-15 14:21:33,18,21,12726,38088
2023-06-15 14:21:55,19,21,12726,38088
2023-06-15 14:22:02,19,23,12726,38088
2023-06-15 14:22:06,20,23,12726,38088
2023-06-15 14:22:10,19,23,12726,38088
2023-06-15 14:22:19,20,23,12726,38088
2023-06-15 14:22:21,21,23,12726,38088
2023-06-15 14:22:23,21,25,12726,38088
2023-06-15 14:22:25,21,24,12726,38088
2023-06-15 14:22:29,21,25,12726,38088
2023-06-15 14:22:33,21,24,12726,38088
2023-06-15 14:22:48,21,25,12726,38088
2023-06-15 14:22:55,21,24,12726,38088
2023-06-15 14:23:15,21,23,12726,38088
2023-06-15 14:23:21,19,23,12726,38088
2023-06-15 14:23:27,19,22,12726,38088
2023-06-15 14:23:33,19,23,12726,38088
2023-06-15 14:23:34,20,23,12726,38088
2023-06-15 14:23:53,21,23,12726,38088
2023-06-15 14:23:55,21,24,12726,38088
2023-06-15 14:24:13,22,24,12726,38088
2023-06-15 14:24:21,22,25,12726,38088
2023-06-15 14:24:36,22,24,12726,38088
2023-06-15 14:25:16,23,24,12726,38088
2023-06-15 14:25:18,22,24,12726,38088
2023-06-15 14:25:18,22,26,12726,38088
2023-06-15 14:25:19,23,26,12726,38088
2023-06-15 14:25:22,22,26,12726,38088
2023-06-15 14:25:25,22,25,12726,38088
2023-06-15 14:25:27,22,26,12726,38088
2023-06-15 14:25:29,22,25,12726,38088
2023-06-15 14:26:52,21,25,12726,38088
2023-06-15 14:26:54,21,24,12726,38088
2023-06-15 14:27:01,21,23,12726,38088
2023-06-15 14:27:06,20,23,12726,38088
2023-06-15 14:27:06,21,23,12726,38088
2023-06-15 14:27:27,21,25,12726,38088
2023-06-15 14:27:29,22,25,12726,38088
2023-06-15 14:27:32,21,25,12726,38088
2023-06-15 14:27:35,21,24,12726,38088
2023-06-15 14:27:50,21,25,12726,38088
2023-06-15 14:27:54,21,24,12726,38088
2023-06-15 14:28:02,21,25,12726,38088
2023-06-15 14:28:05,22,25,12726,38088
2023-06-15 14:28:09,23,25,12726,38088
2023-06-15 14:28:11,23,27,12726,38088
2023-06-15 14:28:12,23,26,12726,38088
2023-06-15 14:28:22,23,27,12726,38088
2023-06-15 14:28:24,24,27,12726,38088
2023-06-15 14:28:35,25,27,12726,38088
2023-06-15 14:28:38,25,28,12726,38088
2023-06-15 14:29:01,26,28,12726,38088
2023-06-15 14:29:01,27,28,12726,38088
2023-06-15 14:29:05,27,31,12726,38088
2023-06-15 14:29:05,27,30,12726,38088
2023-06-15 14:29:05,28,30,12726,38088
2023-06-15 14:29:10,29,30,12726,38088
2023-06-15 14:29:12,29,31,12726,38088
2023-06-15 14:29:13,28,31,12726,38088
2023-06-15 14:29:30,29,31,12726,38088
2023-06-15 14:29:42,28,31,12726,38088
2023-06-15 14:29:57,28,30,12726,38088
2023-06-15 14:29:59,27,30,12726,38088
2023-06-15 14:30:01,27,31,12726,38088
2023-06-15 14:30:08,27,30,12726,38088
2023-06-15 14:30:11,27,31,12726,38088
2023-06-15 14:30:14,27,30,12726,38088
2023-06-15 14:30:18,28,30,12726,38088
2023-06-15 14:30:18,28,31,12726,38088
2023-06-15 14:30:21,27,31,12726,38088
2023-06-15 14:30:26,28,31,12726,38088
2023-06-15 14:30:31,29,31,12726,38088
2023-06-15 14:30:38,30,31,12726,38088
2023-06-15 14:31:06,31,34,12729,38091
2023-06-15 14:31:06,31,33,12729,38091
2023-06-15 14:31:58,31,34,12729,38091
2023-06-15 14:32:04,32,34,12729,38091
2023-06-15 14:32:05,31,34,12729,38091
2023-06-15 14:32:06,32,34,12729,38091
2023-06-15 14:32:09,32,35,12729,38091
2023-06-15 14:32:09,32,34,12729,38091
2023-06-15 14:32:12,33,34,12729,38091
2023-06-15 14:32:15,33,36,12729,38091
2023-06-15 14:32:21,33,37,12729,38091
2023-06-15 14:32:22,34,37,12729,38091
2023-06-15 14:32:28,34,38,12729,38091
2023-06-15 14:32:28,34,37,12729,38091
2023-06-15 14:32:30,35,37,12729,38091
2023-06-15 14:32:31,35,38,12729,38091
2023-06-15 14:32:41,36,38,12729,38091
2023-06-15 14:32:43,35,38,12729,38091
2023-06-15 14:32:43,35,39,12729,38091
2023-06-15 14:32:43,36,39,12729,38091
2023-06-15 14:32:44,36,38,12729,38091
2023-06-15 14:32:46,36,38,12729,38099
2023-06-15 14:32:46,37,38,12729,38099
2023-06-15 14:32:47,37,39,12729,38099
2023-06-15 14:32:47,37,38,12729,38099
2023-06-15 14:33:02,36,38,12729,38099
2023-06-15 14:33:04,36,37,12729,38099
2023-06-15 14:33:14,35,37,12729,38099
2023-06-15 14:33:17,36,37,12729,38099
2023-06-15 14:33:20,35,37,12729,38099
2023-06-15 14:33:20,35,36,12729,38099
2023-06-15 14:33:26,34,36,12729,38099
2023-06-15 14:33:46,33,36,12729,38099
2023-06-15 14:33:46,35,36,12729,38099
2023-06-15 14:34:04,35,38,12729,38099
2023-06-15 14:34:04,34,38,12729,38099
2023-06-15 14:34:04,36,38,12729,38099
2023-06-15 14:34:08,36,37,12729,38099
2023-06-15 14:34:08,34,37,12729,38099
2023-06-15 14:34:08,35,37,12729,38099
2023-06-15 14:34:10,35,36,12729,38099
2023-06-15 14:34:11,34,36,12729,38099
2023-06-15 14:34:27,33,36,12729,38099
2023-06-15 14:34:27,33,37,12729,38099
2023-06-15 14:34:27,35,37,12729,38099
2023-06-15 14:34:49,33,37,12729,38099
2023-06-15 14:34:49,34,37,12729,38099
2023-06-15 14:34:49,36,37,12729,38099
2023-06-15 14:34:50,36,38,12729,38099
2023-06-15 14:34:58,35,38,12729,38099
2023-06-15 14:34:58,37,38,12729,38099
2023-06-15 14:35:05,37,39,12729,38099
2023-06-15 14:35:08,36,39,12729,38099
2023-06-15 14:35:08,38,39,12729,38099
2023-06-15 14:35:12,38,40,12729,38099
2023-06-15 14:35:18,36,40,12729,38099
2023-06-15 14:35:18,37,40,12729,38099
2023-06-15 14:35:18,39,40,12729,38099
2023-06-15 14:35:28,37,40,12729,38099
2023-06-15 14:35:28,38,40,12729,38099
2023-06-15 14:35:40,37,40,12729,38099
2023-06-15 14:35:40,39,40,12729,38099
2023-06-15 14:35:49,37,40,12729,38099
2023-06-15 14:35:49,38,40,12729,38099
2023-06-15 14:35:59,38,39,12729,38099
2023-06-15 14:36:16,38,40,12729,38099
2023-06-15 14:36:17,39,40,12729,38099
2023-06-15 14:37:07,39,41,12729,38107
2023-06-15 14:37:13,38,41,12729,38107
2023-06-15 14:37:13,38,42,12729,38107
2023-06-15 14:37:13,40,42,12729,38107
2023-06-15 14:37:28,39,42,12729,38107
2023-06-15 14:37:28,41,42,12729,38107
2023-06-15 14:37:29,41,43,12729,38107
2023-06-15 14:37:43,40,43,12729,38107
2023-06-15 14:37:43,42,43,12729,38107
2023-06-15 14:37:44,42,44,12729,38107
2023-06-15 14:37:44,41,44,12729,38107
2023-06-15 14:37:44,42,44,12729,38107
2023-06-15 14:37:45,43,44,12729,38107
2023-06-15 14:37:45,43,44,12721,38115
2023-06-15 14:37:46,43,46,12558,38278
2023-06-15 14:37:47,43,45,12558,38278
2023-06-15 14:37:47,44,45,12558,38278
2023-06-15 14:37:47,45,47,12626,38346
2023-06-15 14:37:47,45,47,12694,38414
2023-06-15 14:37:47,44,47,12694,38414
2023-06-15 14:37:47,45,47,12694,38414
2023-06-15 14:37:53,45,49,12358,38750
2023-06-15 14:37:53,46,49,12358,38750
2023-06-15 14:37:55,46,50,12358,38750
2023-06-15 14:37:55,46,49,12358,38750
2023-06-15 14:37:55,46,50,12358,38750
2023-06-15 14:37:57,47,50,12358,38750
2023-06-15 14:38:00,46,50,12358,38750
2023-06-15 14:38:03,47,50,12358,38750
2023-06-15 14:38:05,46,50,12358,38750
2023-06-15 14:38:10,46,49,12358,38750
2023-06-15 14:38:10,45,49,12358,38750
2023-06-15 14:38:14,45,48,12358,38750
2023-06-15 14:38:14,45,47,12358,38750
2023-06-15 14:38:19,44,48,12358,38750
2023-06-15 14:38:27,44,47,12358,38750
2023-06-15 14:38:30,44,48,12358,38750
2023-06-15 14:38:37,45,48,12358,38750
2023-06-15 14:38:42,45,47,12358,38750
2023-06-15 14:38:42,44,47,12358,38750
2023-06-15 14:38:47,43,47,12358,38750
2023-06-15 14:38:59,44,47,12358,38750
2023-06-15 14:39:03,43,47,12358,38750
2023-06-15 14:39:15,43,46,12358,38750
2023-06-15 14:39:23,42,46,12358,38750
2023-06-15 14:39:24,43,46,12358,38750
2023-06-15 14:39:27,43,47,12358,38750
2023-06-15 14:39:29,44,47,12358,38750
2023-06-15 14:39:33,43,47,12358,38750
2023-06-15 14:39:38,44,47,12358,38750
2023-06-15 14:39:43,44,48,12358,38750
2023-06-15 14:39:46,44,47,12358,38750
2023-06-15 14:39:48,44,48,12358,38750
2023-06-15 14:39:59,44,47,12358,38750
2023-06-15 14:40:02,44,48,12358,38750
2023-06-15 14:40:04,45,49,12358,38750
2023-06-15 14:40:09,46,49,12358,38750
2023-06-15 14:40:10,46,50,12358,38750
2023-06-15 14:40:12,47,50,12358,38750
2023-06-15 14:40:15,46,50,12358,38750
2023-06-15 14:40:20,47,50,12358,38750
2023-06-15 14:40:31,47,51,12358,38750
2023-06-15 14:40:32,48,51,12358,38750
2023-06-15 14:40:35,47,51,12358,38750
2023-06-15 14:40:42,48,51,12358,38750
2023-06-15 14:40:49,47,51,12358,38750
2023-06-15 14:40:52,48,51,12358,38750
2023-06-15 14:40:54,49,51,12358,38750
2023-06-15 14:40:54,49,52,12358,38750
2023-06-15 14:40:58,48,52,12358,38750
2023-06-15 14:40:59,48,51,12358,38750
2023-06-15 14:41:01,47,51,12358,38750
2023-06-15 14:41:03,47,50,12358,38750
2023-06-15 14:41:06,47,51,12358,38750
2023-06-15 14:41:07,47,50,12358,38750
2023-06-15 14:41:19,46,50,12358,38750
2023-06-15 14:41:22,46,49,12358,38750
2023-06-15 14:41:23,45,49,12358,38750
2023-06-15 14:41:27,45,49,12358,38756
2023-06-15 14:41:27,45,47,12358,38756
2023-06-15 14:41:28,46,47,12358,38756
2023-06-15 14:41:32,46,49,12352,38762
2023-06-15 14:41:33,46,50,12352,38762
2023-06-15 14:41:33,47,50,12352,38762
2023-06-15 14:41:39,47,48,12352,38762
2023-06-15 14:41:40,47,50,12351,38763
2023-06-15 14:41:41,48,50,12351,38763
2023-06-15 14:41:45,48,51,12350,38764
2023-06-15 14:41:46,48,52,12350,38764
2023-06-15 14:41:48,49,52,12350,38764
2023-06-15 14:41:51,48,52,12350,38764
2023-06-15 14:41:51,48,51,12350,38764
2023-06-15 14:41:54,48,52,12350,38764
2023-06-15 14:41:59,48,51,12350,38764
2023-06-15 14:42:00,48,52,12350,38764
2023-06-15 14:42:01,49,52,12350,38764
2023-06-15 14:42:04,50,52,12350,38764
2023-06-15 14:42:06,50,53,12350,38764
2023-06-15 14:42:09,49,53,12350,38764
2023-06-15 14:42:10,49,52,12350,38764
2023-06-15 14:42:30,49,53,12350,38764
2023-06-15 14:42:33,50,53,12350,38764
2023-06-15 14:42:35,49,53,12350,38764
2023-06-15 14:42:37,49,52,12350,38764
2023-06-15 14:42:42,49,53,12350,38764
2023-06-15 14:42:46,50,53,12350,38764
2023-06-15 14:42:47,49,53,12350,38764
2023-06-15 14:42:49,49,52,12350,38764
2023-06-15 14:42:51,49,53,12350,38764
2023-06-15 14:42:56,50,53,12350,38764
2023-06-15 14:43:02,50,54,12350,38764
2023-06-15 14:43:04,51,54,12350,38764
2023-06-15 14:43:08,51,55,12350,38764
2023-06-15 14:43:08,52,55,12350,38764
2023-06-15 14:43:12,53,55,12350,38764
2023-06-15 14:43:12,54,55,12350,38764
2023-06-15 14:43:14,54,56,12350,38764
2023-06-15 14:43:28,54,57,12350,38764
2023-06-15 14:43:28,55,57,12350,38764
2023-06-15 14:43:31,56,57,12350,38764
2023-06-15 14:43:31,56,58,12350,38764
2023-06-15 14:43:52,56,57,12350,38764
2023-06-15 14:43:53,55,57,12350,38764
2023-06-15 14:44:02,54,57,12350,38764
2023-06-15 14:44:05,55,57,12350,38764
2023-06-15 14:44:05,55,57,12355,38769
2023-06-15 14:44:07,55,56,12355,38769
2023-06-15 14:44:09,55,57,12355,38769
2023-06-15 14:44:09,55,56,12355,38769
2023-06-15 14:44:22,55,57,12354,38770
2023-06-15 14:44:22,56,57,12354,38770
2023-06-15 14:44:28,56,60,12353,38771
2023-06-15 14:44:28,57,60,12353,38771
2023-06-15 14:44:28,58,60,12353,38771
2023-06-15 14:44:31,57,60,12353,38771
2023-06-15 14:44:31,57,59,12353,38771
2023-06-15 14:44:46,57,58,12353,38771
2023-06-15 14:44:49,56,58,12353,38771
2023-06-15 14:45:00,57,58,12353,38771
2023-06-15 14:45:06,57,59,12353,38771
2023-06-15 14:45:06,58,59,12353,38771
2023-06-15 14:45:08,57,59,12353,38771
2023-06-15 14:45:19,57,58,12353,38771
2023-06-15 14:45:22,57,60,12353,38771
2023-06-15 14:45:22,57,59,12353,38771
2023-06-15 14:45:25,57,58,12353,38771
2023-06-15 14:45:26,56,58,12353,38771
2023-06-15 14:45:34,55,58,12353,38771
2023-06-15 14:45:34,55,57,12353,38771
2023-06-15 14:45:38,56,57,12353,38771
2023-06-15 14:45:41,55,57,12353,38771
2023-06-15 14:45:42,56,57,12353,38771
2023-06-15 14:45:43,56,58,12353,38771
2023-06-15 14:45:47,56,58,12358,38776
2023-06-15 14:45:49,57,58,12358,38776
2023-06-15 14:45:51,57,59,12347,38787
2023-06-15 14:46:00,56,59,12347,38787
2023-06-15 14:46:03,56,59,12347,38887
2023-06-15 14:46:08,56,60,12347,38887
2023-06-15 14:46:09,56,59,12347,38887
2023-06-15 14:46:16,55,59,12347,38887
2023-06-15 14:46:18,55,57,12347,38887
2023-06-15 14:46:18,54,57,12347,38887
2023-06-15 14:46:19,54,56,12347,38887
2023-06-15 14:46:21,53,56,12347,38887
2023-06-15 14:46:34,52,56,12347,38887
2023-06-15 14:46:34,52,55,12347,38887
2023-06-15 14:46:36,52,54,12347,38887
2023-06-15 14:46:38,51,54,12347,38887
2023-06-15 14:46:39,51,53,12347,38887
2023-06-15 14:46:40,51,54,12347,38887
2023-06-15 14:46:46,52,54,12347,38887
2023-06-15 14:46:46,52,55,12347,38887
2023-06-15 14:46:48,52,56,12347,38887
2023-06-15 14:46:49,53,56,12347,38887
2023-06-15 14:46:52,53,57,12347,38887
2023-06-15 14:46:57,54,57,12347,38887
2023-06-15 14:46:59,54,58,12347,38887
2023-06-15 14:47:00,55,58,12347,38887
2023-06-15 14:47:03,54,58,12347,38887
2023-06-15 14:47:06,54,57,12347,38887
2023-06-15 14:47:09,53,57,12347,38887
2023-06-15 14:47:11,54,57,12347,38887
2023-06-15 14:47:15,53,57,12347,38887
2023-06-15 14:47:16,53,56,12347,38887
2023-06-15 14:47:24,53,57,12347,38887
2023-06-15 14:47:25,53,56,12347,38887
2023-06-15 14:47:27,52,56,12347,38887
2023-06-15 14:47:41,53,56,12347,38887
2023-06-15 14:47:44,52,56,12347,38887
2023-06-15 14:47:45,52,56,12347,38914
2023-06-15 14:47:45,54,56,12347,38914
2023-06-15 14:47:54,55,56,12347,38914
2023-06-15 14:47:55,55,57,12333,39114
2023-06-15 14:47:57,54,57,12333,39114
2023-06-15 14:47:57,54,58,12333,39114
2023-06-15 14:47:57,56,58,12333,39114
2023-06-15 14:48:08,55,58,12333,39114
2023-06-15 14:48:08,55,59,12333,39114
2023-06-15 14:48:08,57,59,12333,39114
2023-06-15 14:48:21,57,58,12333,39114
2023-06-15 14:48:22,55,58,12333,39114
2023-06-15 14:48:22,54,58,12333,39114
2023-06-15 14:48:22,56,58,12333,39114
2023-06-15 14:48:27,55,58,12333,39114
2023-06-15 14:48:27,57,58,12333,39114
2023-06-15 14:48:33,57,59,12333,39114
2023-06-15 14:48:37,56,59,12333,39114
2023-06-15 14:48:37,58,59,12333,39114
2023-06-15 14:48:39,56,59,12333,39114
2023-06-15 14:48:39,57,59,12333,39114
2023-06-15 14:48:45,56,59,12333,39114
2023-06-15 14:48:45,58,59,12333,39114
2023-06-15 14:49:05,58,60,12333,39114
2023-06-15 14:49:08,56,60,12333,39114
2023-06-15 14:49:08,57,60,12333,39114
2023-06-15 14:49:08,59,60,12333,39114
2023-06-15 14:49:22,59,61,12333,39114
2023-06-15 14:49:23,60,61,12333,39114
2023-06-15 14:49:29,58,61,12333,39141
2023-06-15 14:49:31,57,61,12333,39141
2023-06-15 14:49:34,57,60,12333,39141
2023-06-15 14:49:35,56,60,12333,39141
2023-06-15 14:49:36,56,59,12333,39141
2023-06-15 14:49:46,55,59,12333,39141
2023-06-15 14:49:48,56,59,12333,39141
2023-06-15 14:49:52,56,60,12333,39141
2023-06-15 14:49:57,57,60,12333,39141
2023-06-15 14:50:09,57,61,12333,39141
2023-06-15 14:50:13,58,61,12333,39141
2023-06-15 14:50:43,59,61,12333,39141
2023-06-15 14:50:58,60,61,12333,39141
2023-06-15 14:51:04,59,61,12333,39141
2023-06-15 14:51:11,60,61,12333,39141
2023-06-15 14:51:20,59,61,12333,39141
2023-06-15 14:51:30,60,61,12333,39141
2023-06-15 14:51:42,60,63,12332,39142
2023-06-15 14:51:42,61,63,12332,39142
2023-06-15 14:51:43,61,64,12332,39142
2023-06-15 14:51:43,62,64,12332,39142
2023-06-15 14:51:44,62,64,12332,39242
2023-06-15 14:51:53,63,64,12332,39242
2023-06-15 14:52:00,62,64,12332,39242
2023-06-15 14:52:06,63,64,12332,39242
2023-06-15 14:52:08,63,65,12332,39242
2023-06-15 14:52:08,64,65,12332,39242
2023-06-15 14:52:13,64,66,12304,39270
2023-06-15 14:52:13,65,66,12304,39270
2023-06-15 14:52:14,65,67,12304,39470
2023-06-15 14:52:15,65,68,12304,39470
2023-06-15 14:52:15,66,68,12304,39470
2023-06-15 14:52:15,66,67,12304,39470
2023-06-15 14:52:15,67,68,12304,39526
2023-06-15 14:52:15,66,68,12304,39526
2023-06-15 14:52:15,67,68,12304,39526
2023-06-15 14:52:17,66,68,12304,39526
2023-06-15 14:52:22,66,67,12304,39526
2023-06-15 14:52:24,66,68,12304,39526
2023-06-15 14:52:28,66,67,12304,39526
2023-06-15 14:52:30,65,67,12304,39526
2023-06-15 14:52:30,65,66,12304,39526
2023-06-15 14:52:30,65,67,12304,39526
2023-06-15 14:52:32,64,67,12504,39726
2023-06-15 14:52:33,63,67,12704,39926
2023-06-15 14:52:34,64,67,12704,39926
2023-06-15 14:52:34,65,67,12704,39926
2023-06-15 14:52:35,64,67,12904,40126
2023-06-15 14:52:40,63,67,12904,40126
2023-06-15 14:52:40,63,66,12904,40126
2023-06-15 14:52:45,62,66,12904,40126
2023-06-15 14:52:45,62,65,12904,40126
2023-06-15 14:52:46,62,66,12904,40126
2023-06-15 14:52:46,62,64,12904,40126
2023-06-15 14:52:54,61,64,12904,40126
2023-06-15 14:52:55,61,65,12904,40126
2023-06-15 14:52:55,61,63,12904,40126
2023-06-15 14:53:00,62,63,12904,40126
2023-06-15 14:53:00,62,65,12904,40126
2023-06-15 14:53:00,62,64,12904,40126
2023-06-15 14:53:36,61,64,12904,40126
2023-06-15 14:53:43,62,64,12904,40126
2023-06-15 14:53:43,62,65,12904,40126
2023-06-15 14:53:45,63,65,12904,40126
2023-06-15 14:53:51,63,64,12904,40126
2023-06-15 14:53:56,63,64,12907,40129
2023-06-15 14:53:56,63,64,12507,40529
2023-06-15 14:53:57,63,65,12151,40885
2023-06-15 14:54:05,63,66,12151,41085
2023-06-15 14:54:09,64,66,12151,41085
2023-06-15 14:54:10,65,66,12151,41085
2023-06-15 14:54:11,65,67,12151,41085
2023-06-15 14:54:18,65,68,12151,41485
2023-06-15 14:54:18,66,68,12151,41485
2023-06-15 14:54:20,66,69,12309,41885
2023-06-15 14:54:24,66,69,12305,41889
2023-06-15 14:54:30,66,69,12644,42228
2023-06-15 14:54:30,67,69,12644,42228
2023-06-15 14:54:32,66,69,12644,42228
2023-06-15 14:54:32,66,70,12644,42228
2023-06-15 14:54:32,68,70,12644,42228
2023-06-15 14:54:48,66,68,12644,42367
2023-06-15 14:54:48,67,68,12644,42367
2023-06-15 14:54:49,67,70,12644,42367
2023-06-15 14:54:55,67,68,12644,42367
2023-06-15 14:55:02,67,72,12844,42567
2023-06-15 14:55:03,68,72,12844,42567
2023-06-15 14:55:05,68,71,12844,42567
2023-06-15 14:55:28,68,72,13058,42781
2023-06-15 14:55:28,69,72,13058,42781
2023-06-15 14:55:30,69,71,13058,42781
2023-06-15 14:55:32,67,71,12844,42995
2023-06-15 14:55:33,67,70,12844,42995
2023-06-15 14:55:39,66,70,12844,42995
2023-06-15 14:55:41,67,70,12844,42995
2023-06-15 14:55:49,67,71,12844,42995
2023-06-15 14:55:52,70,71,12844,42995
2023-06-15 14:55:53,67,71,12844,43055
2023-06-15 14:56:01,68,71,12844,43055
2023-06-15 14:56:06,67,71,12844,43055
2023-06-15 14:56:09,68,71,12844,43055
2023-06-15 14:56:12,68,72,13044,43255
2023-06-15 14:56:12,70,72,13044,43255
2023-06-15 14:56:17,70,72,12944,43355
2023-06-15 14:56:17,70,71,12944,43355
2023-06-15 14:56:18,68,70,12860,43455
2023-06-15 14:56:18,68,71,12860,43455
2023-06-15 14:56:19,68,70,12860,43455
2023-06-15 14:56:54,69,70,12860,43455
2023-06-15 14:56:58,69,73,13046,43691
2023-06-15 14:56:58,70,73,13046,43691
2023-06-15 14:57:01,69,73,13046,43691
2023-06-15 14:57:01,71,73,13046,43691
2023-06-15 14:57:02,69,73,13046,43877
2023-06-15 14:57:02,69,72,13046,43877
2023-06-15 14:57:05,69,73,13046,43877
2023-06-15 14:57:13,70,73,13046,43877
2023-06-15 14:57:22,69,73,13046,43877
2023-06-15 14:57:36,70,73,13046,43877
2023-06-15 14:57:42,70,72,13046,43877
2023-06-15 14:57:43,70,74,13046,43877
2023-06-15 14:57:56,71,74,13046,43877
2023-06-15 14:57:59,71,72,13046,43877
2023-06-15 14:58:11,71,73,13046,43877
2023-06-15 14:58:12,71,72,13046,43877
2023-06-15 14:58:12,71,72,13213,44044
2023-06-15 14:58:12,70,71,13246,44077
2023-06-15 14:58:15,69,71,13446,44277
2023-06-15 14:58:22,68,71,13646,44477
2023-06-15 14:58:40,68,70,13646,44477
2023-06-15 14:58:42,67,70,13846,44677
2023-06-15 14:58:57,67,69,13846,44677
2023-06-15 14:59:13,66,69,14046,44877
2023-06-15 14:59:42,66,69,14046,45210
2023-06-15 15:00:13,65,69,14046,45210
2023-06-15 15:00:14,65,69,14046,45310
2023-06-15 15:00:22,65,70,14046,45310
2023-06-15 15:00:22,65,68,14046,45310
2023-06-15 15:00:32,65,68,13646,45710
2023-06-15 15:00:38,66,68,13646,45710
2023-06-15 15:00:53,65,68,13646,45710
2023-06-15 15:01:09,65,69,13646,45710
2023-06-15 15:01:09,65,67,13646,45710
2023-06-15 15:01:10,64,67,13646,45710
2023-06-15 15:01:12,64,68,13646,45710
2023-06-15 15:01:12,64,66,13646,45710
2023-06-15 15:01:13,64,66,13246,46110
2023-06-15 15:01:15,64,68,13059,46297
2023-06-15 15:01:15,65,68,13059,46297
2023-06-15 15:01:21,65,69,13244,46497
2023-06-15 15:01:21,67,69,13244,46497
2023-06-15 15:01:24,67,70,13444,46697
2023-06-15 15:01:27,67,69,13444,46697
2023-06-15 15:01:33,67,70,13644,46897
2023-06-15 15:01:55,66,70,13644,46897
2023-06-15 15:01:57,68,70,13644,46897
2023-06-15 15:02:08,66,70,13644,46897
2023-06-15 15:02:08,65,70,13644,46897
2023-06-15 15:02:08,67,70,13644,46897
2023-06-15 15:02:14,66,70,13644,46897
2023-06-15 15:02:14,68,70,13644,46897
2023-06-15 15:02:21,66,70,13644,46897
2023-06-15 15:02:21,65,70,13644,46897
2023-06-15 15:02:21,67,70,13644,46897
2023-06-15 15:02:23,67,69,13644,46897
2023-06-15 15:02:25,65,69,13644,46897
2023-06-15 15:02:25,64,69,13644,46897
2023-06-15 15:02:25,66,69,13644,46897
2023-06-15 15:02:32,65,69,13644,46897
2023-06-15 15:02:32,67,69,13644,46897
2023-06-15 15:02:34,67,69,13434,47107
2023-06-15 15:02:35,67,70,13434,47107
2023-06-15 15:02:35,69,70,13434,47107
2023-06-15 15:02:35,67,70,13434,47107
2023-06-15 15:02:40,67,69,13434,47107
2023-06-15 15:02:50,65,69,13434,47107
2023-06-15 15:02:50,66,69,13434,47107
2023-06-15 15:02:50,68,70,13434,47107
2023-06-15 15:02:55,66,70,13434,47107
2023-06-15 15:02:55,67,70,13434,47107
2023-06-15 15:03:02,66,70,13434,47107
2023-06-15 15:03:02,68,70,13434,47107
2023-06-15 15:03:06,67,70,13434,47107
2023-06-15 15:03:06,69,70,13434,47107
2023-06-15 15:03:07,69,71,13434,47300
2023-06-15 15:03:14,69,72,13698,47564
2023-06-15 15:03:18,68,72,13698,47564
2023-06-15 15:03:18,70,72,13698,47564
2023-06-15 15:03:26,70,72,13698,47566
2023-06-15 15:03:37,70,73,13698,47566
2023-06-15 15:03:43,69,73,13698,47566
2023-06-15 15:03:43,71,73,13698,47566
2023-06-15 15:04:04,71,72,13698,47566
2023-06-15 15:04:06,69,72,13698,47566
2023-06-15 15:04:06,70,72,13698,47566
2023-06-15 15:04:09,68,72,13698,47566
2023-06-15 15:04:09,69,72,13698,47566
2023-06-15 15:04:15,69,71,13698,47566
2023-06-15 15:04:17,69,70,13698,47566
2023-06-15 15:04:18,67,70,13698,47566
2023-06-15 15:04:18,68,70,13698,47566
2023-06-15 15:04:31,66,70,13698,47566
2023-06-15 15:04:31,67,70,13698,47566
2023-06-15 15:04:32,67,69,13698,47566
2023-06-15 15:04:47,66,69,13698,47566
2023-06-15 15:04:47,68,69,13698,47566
2023-06-15 15:05:04,69,70,13652,47612
2023-06-15 15:05:06,69,72,13652,47612
2023-06-15 15:05:07,69,71,13652,47612
2023-06-15 15:05:07,68,71,13652,47612
2023-06-15 15:05:07,70,71,13652,47612
2023-06-15 15:05:14,68,71,13652,47612
2023-06-15 15:05:14,67,71,13652,47612
2023-06-15 15:05:14,69,71,13652,47612
2023-06-15 15:05:15,67,71,13652,47612
2023-06-15 15:05:15,68,71,13652,47612
2023-06-15 15:05:18,67,71,13652,47612
2023-06-15 15:05:18,69,71,13652,47612
2023-06-15 15:05:22,67,71,13652,47612
2023-06-15 15:05:22,66,71,13652,47612
2023-06-15 15:05:22,68,71,13652,47612
2023-06-15 15:05:25,68,70,13652,47612
2023-06-15 15:05:27,66,70,13652,47612
2023-06-15 15:05:27,67,70,13652,47612
2023-06-15 15:05:30,67,69,13652,47612
2023-06-15 15:05:32,65,69,13652,47612
2023-06-15 15:05:32,66,69,13652,47612
2023-06-15 15:05:32,66,68,13652,47612
2023-06-15 15:05:37,65,68,13652,47612
2023-06-15 15:05:38,65,67,13652,47612
2023-06-15 15:05:40,65,68,13652,47612
2023-06-15 15:05:44,66,68,13652,47612
2023-06-15 15:05:49,65,68,13652,47612
2023-06-15 15:05:49,67,68,13652,47612
2023-06-15 15:05:52,67,70,13652,47612
2023-06-15 15:05:53,67,69,13652,47612
2023-06-15 15:05:55,66,69,13652,47612
2023-06-15 15:05:55,68,69,13652,47612
2023-06-15 15:06:03,69,72,13562,47702
2023-06-15 15:06:03,68,72,13562,47702
2023-06-15 15:06:04,70,72,13562,47702
2023-06-15 15:06:04,70,72,13540,47724
2023-06-15 15:06:09,69,72,13540,47724
2023-06-15 15:06:09,71,72,13540,47724
2023-06-15 15:06:10,71,73,13540,47724
2023-06-15 15:06:10,71,72,13540,47724
2023-06-15 15:06:11,69,72,13540,47724
2023-06-15 15:06:11,70,72,13540,47724
2023-06-15 15:06:24,70,72,13406,47858
2023-06-15 15:06:26,70,71,13406,47858
2023-06-15 15:06:26,67,71,13406,47858
2023-06-15 15:06:26,69,71,13406,47858
2023-06-15 15:06:37,67,71,13406,47858
2023-06-15 15:06:37,68,71,13406,47858
2023-06-15 15:06:38,68,70,13406,47858
2023-06-15 15:06:45,68,69,13406,47858
2023-06-15 15:06:45,65,69,13406,47858
2023-06-15 15:06:45,67,69,13406,47858
2023-06-15 15:06:48,67,68,13406,47858
2023-06-15 15:06:48,65,68,13406,47858
2023-06-15 15:06:48,64,68,13406,47858
2023-06-15 15:06:48,66,68,13406,47858
2023-06-15 15:06:54,64,68,13406,47858
2023-06-15 15:06:54,64,67,13406,47858
2023-06-15 15:06:54,65,67,13406,47858
2023-06-15 15:06:59,64,67,13406,47858
2023-06-15 15:06:59,64,65,13406,47858
2023-06-15 15:06:59,64,67,13406,47858
2023-06-15 15:07:00,64,66,13406,47858
2023-06-15 15:07:04,64,67,13406,47858
2023-06-15 15:07:04,64,66,13406,47858
2023-06-15 15:07:05,64,65,13406,47858
2023-06-15 15:07:06,63,65,13406,47858
2023-06-15 15:07:06,63,64,13406,47858
2023-06-15 15:07:08,63,65,13406,48058
2023-06-15 15:07:09,63,64,13406,48058
2023-06-15 15:07:10,63,65,13406,48058
2023-06-15 15:07:12,62,65,13406,48058
2023-06-15 15:07:12,62,64,13406,48058
2023-06-15 15:07:15,62,65,13406,48058
2023-06-15 15:07:18,62,64,13406,48058
2023-06-15 15:07:22,62,64,13006,48458
2023-06-15 15:07:22,62,65,13006,48458
2023-06-15 15:07:23,62,64,13006,48458
2023-06-15 15:07:30,61,64,13006,48458
2023-06-15 15:07:30,61,65,13006,48458
2023-06-15 15:07:30,63,65,13006,48458
2023-06-15 15:07:39,63,66,13006,48458
2023-06-15 15:07:40,62,66,13006,48458
2023-06-15 15:07:40,64,66,13006,48458
2023-06-15 15:07:41,62,66,12710,48754
2023-06-15 15:07:42,62,65,12710,48754
2023-06-15 15:07:43,61,65,12710,48754
2023-06-15 15:07:50,62,65,12710,48754
2023-06-15 15:07:52,62,66,12710,48754
2023-06-15 15:07:53,63,66,12710,48754
2023-06-15 15:07:55,64,66,12710,48754
2023-06-15 15:07:57,65,66,12710,48754
2023-06-15 15:08:01,65,66,12713,48757
2023-06-15 15:08:02,65,67,12910,48954
2023-06-15 15:08:02,66,67,12910,48954
2023-06-15 15:08:03,66,68,12910,48954
2023-06-15 15:08:04,67,68,12910,48954
2023-06-15 15:08:08,67,71,13110,49154
2023-06-15 15:08:08,68,71,13110,49154
2023-06-15 15:08:21,69,71,13110,49154
2023-06-15 15:08:33,68,71,13110,49154
2023-06-15 15:08:35,69,71,13110,49154
2023-06-15 15:08:41,70,71,13110,49154
2023-06-15 15:08:45,70,73,13110,49154
2023-06-15 15:08:48,70,74,13110,49154
2023-06-15 15:08:49,71,74,13110,49154
2023-06-15 15:08:57,71,75,13110,49154
2023-06-15 15:08:57,72,75,13110,49154
2023-06-15 15:09:03,73,75,13110,49154
2023-06-15 15:09:07,73,76,13110,49154
2023-06-15 15:09:11,72,76,13110,49354
2023-06-15 15:09:11,72,74,13110,49354
2023-06-15 15:09:15,73,74,13110,49354
2023-06-15 15:09:16,73,76,13110,49354
2023-06-15 15:09:16,73,75,13110,49354
2023-06-15 15:09:28,73,75,13115,49359
2023-06-15 15:09:51,73,76,13115,49359
2023-06-15 15:09:51,72,76,13115,49359
2023-06-15 15:09:51,72,74,13115,49359
2023-06-15 15:09:53,73,74,13115,49359
2023-06-15 15:09:53,73,76,13115,49359
2023-06-15 15:09:53,73,77,13115,49359
2023-06-15 15:09:53,73,75,13115,49359
2023-06-15 15:09:53,74,75,13115,49359
2023-06-15 15:09:53,73,75,13115,49359
2023-06-15 15:09:57,73,77,13115,49564
2023-06-15 15:09:58,73,76,13115,49564
2023-06-15 15:10:02,71,76,13115,49564
2023-06-15 15:10:03,71,74,13115,49564
2023-06-15 15:10:03,70,74,13115,49564
2023-06-15 15:10:03,70,73,13115,49564
2023-06-15 15:10:09,70,74,13115,49564
2023-06-15 15:10:14,71,74,13115,49564
2023-06-15 15:10:14,71,75,13115,49564
2023-06-15 15:10:15,71,74,13115,49564
2023-06-15 15:10:23,71,75,13115,49564
2023-06-15 15:10:28,70,75,13115,49564
2023-06-15 15:10:29,70,73,13115,49564
2023-06-15 15:10:32,69,73,13115,49564
2023-06-15 15:10:33,69,72,13115,49564
2023-06-15 15:10:36,69,73,13115,49564
2023-06-15 15:10:38,70,73,13115,49564
2023-06-15 15:10:45,70,74,13115,49564
2023-06-15 15:10:46,71,74,13115,49564
2023-06-15 15:10:50,71,75,13115,49564
2023-06-15 15:11:04,72,75,13115,49564
2023-06-15 15:11:04,72,76,13115,49564
2023-06-15 15:11:10,72,75,13115,49564
2023-06-15 15:11:11,72,76,13115,49564
2023-06-15 15:11:21,72,75,13115,49564
2023-06-15 15:11:22,71,75,13115,49564
2023-06-15 15:11:24,71,74,13115,49564
2023-06-15 15:11:28,71,75,13115,49564
2023-06-15 15:11:32,72,75,13115,49564
2023-06-15 15:11:41,72,76,13115,49564
2023-06-15 15:11:44,73,76,13115,49564
2023-06-15 15:11:45,73,77,13115,49564
2023-06-15 15:11:48,73,76,13115,49564
2023-06-15 15:11:54,73,77,13115,49564
2023-06-15 15:12:11,74,77,13115,49564
2023-06-15 15:12:17,74,78,13315,49764
2023-06-15 15:12:17,76,78,13315,49764
2023-06-15 15:12:20,76,77,13315,49764
2023-06-15 15:12:20,74,77,13315,49764
2023-06-15 15:12:20,75,77,13315,49764
2023-06-15 15:12:22,75,76,13315,49764
2023-06-15 15:12:22,73,76,13315,49764
2023-06-15 15:12:22,74,76,13315,49764
2023-06-15 15:12:23,73,76,13315,49764
2023-06-15 15:12:23,71,76,13315,49764
2023-06-15 15:12:23,71,75,13315,49764
2023-06-15 15:12:24,73,75,13315,49764
2023-06-15 15:12:25,71,75,13315,49764
2023-06-15 15:12:25,70,75,13315,49764
2023-06-15 15:12:25,70,74,13315,49764
2023-06-15 15:12:25,72,74,13315,49764
2023-06-15 15:12:32,71,74,13315,49764
2023-06-15 15:12:32,71,75,13315,49764
2023-06-15 15:12:32,73,75,13315,49764
2023-06-15 15:12:40,73,76,13315,49764
2023-06-15 15:12:41,72,76,13315,49764
2023-06-15 15:12:41,74,76,13315,49764
2023-06-15 15:12:42,74,75,13315,49764
2023-06-15 15:12:45,74,76,13315,49764
2023-06-15 15:12:48,74,75,13315,49764
2023-06-15 15:12:49,72,75,13315,49764
2023-06-15 15:12:49,73,75,13315,49764
2023-06-15 15:12:51,72,75,13315,49764
2023-06-15 15:12:51,72,76,13315,49764
2023-06-15 15:12:51,74,76,13315,49764
2023-06-15 15:12:53,72,76,13315,49764
2023-06-15 15:12:53,73,77,13315,49764
2023-06-15 15:12:53,75,77,13315,49764
2023-06-15 15:13:04,73,77,13315,49764
2023-06-15 15:13:04,74,78,13315,49764
2023-06-15 15:13:04,76,78,13315,49764
2023-06-15 15:13:06,76,79,13315,49764
2023-06-15 15:13:06,75,79,13315,49764
2023-06-15 15:13:06,77,79,13315,49764
2023-06-15 15:13:16,76,79,13315,49764
2023-06-15 15:13:16,76,80,13315,49764
2023-06-15 15:13:16,76,79,13315,49764
2023-06-15 15:13:16,78,79,13315,49764
2023-06-15 15:13:23,78,80,13315,49764
2023-06-15 15:13:26,78,79,13315,49764
2023-06-15 15:13:31,78,80,13315,49764
2023-06-15 15:13:36,77,80,13315,49764
2023-06-15 15:13:36,79,80,13315,49764
2023-06-15 15:13:43,79,82,13315,49764
2023-06-15 15:13:44,78,82,13315,49764
2023-06-15 15:13:44,80,82,13315,49764
2023-06-15 15:13:52,80,83,13315,49764
2023-06-15 15:13:52,80,82,13315,49764
2023-06-15 15:14:01,79,82,13315,49764
2023-06-15 15:14:01,81,82,13315,49764
2023-06-15 15:14:02,81,83,13315,49764
2023-06-15 15:14:02,81,84,13315,49764
2023-06-15 15:14:02,80,84,13315,49764
2023-06-15 15:14:02,82,84,13315,49764
2023-06-15 15:14:03,80,84,13115,49964
2023-06-15 15:14:09,81,84,13115,49964
2023-06-15 15:14:19,80,84,13115,49964
2023-06-15 15:14:44,81,84,13115,49964
2023-06-15 15:15:01,81,85,13115,49964
2023-06-15 15:15:03,82,85,13115,49964
2023-06-15 15:15:16,82,83,13115,49964
2023-06-15 15:15:51,82,83,13126,49975
2023-06-15 15:15:52,82,83,13136,49985
2023-06-15 15:16:33,81,83,13136,49985
2023-06-15 15:16:51,81,83,13137,49986
2023-06-15 15:17:02,80,83,13137,49986
2023-06-15 15:17:03,79,83,13137,49986
2023-06-15 15:17:03,79,82,13137,49986
2023-06-15 15:17:03,79,81,13137,49986
2023-06-15 15:17:04,79,82,13137,49986
2023-06-15 15:17:04,79,81,13137,49986
2023-06-15 15:17:04,79,82,13137,49986
2023-06-15 15:17:04,79,80,13137,49986
2023-06-15 15:17:05,79,82,13137,49986
2023-06-15 15:17:05,79,83,13137,49986
2023-06-15 15:17:05,79,81,13137,49986
2023-06-15 15:17:11,79,81,13137,49989
2023-06-15 15:17:12,79,82,13137,49989
2023-06-15 15:17:12,79,80,13137,49989
2023-06-15 15:17:13,78,80,13137,49989
2023-06-15 15:17:14,78,82,13137,49989
2023-06-15 15:17:14,77,82,13137,49989
2023-06-15 15:17:14,77,81,13137,49989
2023-06-15 15:17:15,77,80,13137,49989
2023-06-15 15:17:17,77,79,13137,49989
2023-06-15 15:17:47,76,79,13137,49989
2023-06-15 15:17:49,76,81,13137,49989
2023-06-15 15:17:49,76,78,13137,49989
2023-06-15 15:17:53,76,81,13137,49989
2023-06-15 15:17:53,76,79,13137,49989
2023-06-15 15:18:01,76,81,13137,49989
2023-06-15 15:18:01,75,81,13137,49989
2023-06-15 15:18:01,75,80,13137,49989
2023-06-15 15:18:01,75,78,13137,49989
2023-06-15 15:18:02,75,81,13137,49989
2023-06-15 15:18:02,75,77,13137,49989
2023-06-15 15:18:03,74,77,13137,49989
2023-06-15 15:18:03,74,80,13137,49989
2023-06-15 15:18:03,74,79,13137,49989
2023-06-15 15:18:03,74,76,13137,49989
2023-06-15 15:18:04,73,76,13137,49989
2023-06-15 15:18:05,73,79,13137,49989
2023-06-15 15:18:05,73,75,13137,49989
2023-06-15 15:18:14,72,75,13137,49989
2023-06-15 15:18:15,72,79,13137,49989
2023-06-15 15:18:15,72,76,13137,49989
2023-06-15 15:18:19,73,76,13137,49989
2023-06-15 15:18:19,73,79,13137,49989
2023-06-15 15:18:19,73,80,13137,49989
2023-06-15 15:18:19,73,77,13137,49989
2023-06-15 15:18:24,74,77,13137,49989
2023-06-15 15:18:25,74,80,13137,49989
2023-06-15 15:18:25,74,78,13137,49989
2023-06-15 15:18:27,75,78,13137,49989
2023-06-15 15:18:32,74,78,13137,49989
2023-06-15 15:18:40,74,80,13137,49989
2023-06-15 15:18:40,74,77,13137,49989
2023-06-15 15:18:45,74,80,13137,49989
2023-06-15 15:18:45,75,80,13137,49989
2023-06-15 15:18:45,75,79,13137,49989
2023-06-15 15:18:49,76,79,13137,49989
2023-06-15 15:18:51,75,79,13137,49989
2023-06-15 15:18:54,75,82,13137,49989
2023-06-15 15:18:54,75,81,13137,49989
2023-06-15 15:18:54,75,78,13137,49989
2023-06-15 15:18:55,74,78,13137,49989
2023-06-15 15:18:59,74,82,13137,49989
2023-06-15 15:18:59,74,83,13137,49989
2023-06-15 15:18:59,75,83,13137,49989
2023-06-15 15:18:59,76,83,13137,49989
2023-06-15 15:18:59,76,82,13137,49989
2023-06-15 15:19:00,76,80,13137,49989
2023-06-15 15:19:17,76,83,13137,49989
2023-06-15 15:19:17,75,83,13137,49989
2023-06-15 15:19:17,75,82,13137,49989
2023-06-15 15:19:17,75,79,13137,49989
2023-06-15 15:19:22,74,79,13137,49989
2023-06-15 15:19:23,74,83,13137,49989
2023-06-15 15:19:23,74,82,13137,49989
2023-06-15 15:19:23,74,78,13137,49989
2023-06-15 15:19:23,81,82,13137,49993
2023-06-15 15:19:23,81,82,13182,50038
2023-06-15 15:19:23,81,83,13182,50038
2023-06-15 15:19:23,81,83,13227,50083
2023-06-15 15:19:23,81,82,13227,50083
2023-06-15 15:19:23,81,83,13227,50083
2023-06-15 15:19:25,74,82,13278,50134
2023-06-15 15:19:29,75,82,13278,50134
2023-06-15 15:19:33,74,82,13278,50134
2023-06-15 15:19:36,73,82,13278,50134
2023-06-15 15:19:36,73,81,13278,50134
2023-06-15 15:19:36,73,80,13278,50134
2023-06-15 15:19:42,74,80,13278,50134
2023-06-15 15:19:45,74,82,13278,50134
2023-06-15 15:19:45,74,81,13278,50134
2023-06-15 15:19:48,75,81,13278,50134
2023-06-15 15:19:48,75,83,13278,50134
2023-06-15 15:19:48,75,82,13278,50134
2023-06-15 15:19:55,74,82,13278,50134
2023-06-15 15:19:56,74,81,13278,50134
2023-06-15 15:19:56,74,80,13278,50134
2023-06-15 15:19:58,74,81,13278,50134
2023-06-15 15:19:58,73,81,13278,50134
2023-06-15 15:19:59,73,80,13278,50134
2023-06-15 15:20:01,73,81,13278,50134
2023-06-15 15:20:03,73,80,13278,50134
2023-06-15 15:20:06,72,80,13278,50134
2023-06-15 15:20:06,75,80,13278,50134
2023-06-15 15:20:06,75,79,13278,50134
2023-06-15 15:20:09,72,79,13078,50334
2023-06-15 15:20:10,72,78,13078,50334
2023-06-15 15:20:16,73,78,13078,50334
2023-06-15 15:20:17,72,78,13078,50334
2023-06-15 15:20:21,72,77,13078,50334
2023-06-15 15:20:22,71,77,12878,50534
2023-06-15 15:20:23,71,76,12878,50534
2023-06-15 15:20:24,69,76,12730,50734
2023-06-15 15:20:25,69,75,12730,50734
2023-06-15 15:20:27,70,75,12730,50734
2023-06-15 15:20:28,69,75,12730,50734
2023-06-15 15:20:37,70,75,12730,50734
2023-06-15 15:20:38,69,75,12730,50934
2023-06-15 15:20:39,69,73,12730,50934
2023-06-15 15:20:42,69,73,12730,50934
2023-06-15 15:20:46,67,73,12730,50934
2023-06-15 15:20:49,68,73,12730,50934
2023-06-15 15:20:50,67,73,12730,50934
2023-06-15 15:20:56,67,72,12730,50934
2023-06-15 15:20:59,67,73,12730,50934
2023-06-15 15:21:00,68,73,12730,50934
2023-06-15 15:21:04,69,73,12730,50934
2023-06-15 15:21:07,70,73,12730,50934
2023-06-15 15:21:10,71,73,12730,50934
2023-06-15 15:21:18,70,73,12730,50934
2023-06-15 15:21:26,71,73,12730,50934
2023-06-15 15:21:31,71,75,12930,51134
2023-06-15 15:21:31,72,75,12930,51134
2023-06-15 15:21:32,73,75,12930,51134
2023-06-15 15:21:35,72,75,12930,51134
2023-06-15 15:21:38,71,75,12930,51134
2023-06-15 15:21:51,72,75,12930,51134
2023-06-15 15:22:00,73,75,12930,51134
2023-06-15 15:22:01,72,75,12930,51134
2023-06-15 15:22:02,73,75,12930,51134
2023-06-15 15:22:08,73,77,12930,51334
2023-06-15 15:22:09,72,77,12930,51334
2023-06-15 15:22:09,72,76,12930,51334
2023-06-15 15:22:14,71,76,12930,51334
2023-06-15 15:22:21,72,76,12930,51334
2023-06-15 15:22:28,71,76,12930,51334
2023-06-15 15:22:28,71,75,12930,51334
2023-06-15 15:22:29,71,76,12930,51334
2023-06-15 15:22:43,72,76,12930,51334
2023-06-15 15:22:43,72,77,12930,51334
2023-06-15 15:22:44,73,77,12930,51334
2023-06-15 15:22:55,74,77,12930,51334
2023-06-15 15:22:59,75,77,12930,51334
2023-06-15 15:23:00,75,78,13078,51534
2023-06-15 15:23:22,75,78,13078,51536
2023-06-15 15:23:23,74,78,13078,51536
2023-06-15 15:23:23,74,76,13078,51536
2023-06-15 15:23:28,74,78,13078,51536
2023-06-15 15:23:28,74,75,13078,51536
2023-06-15 15:23:33,73,75,13078,51536
2023-06-15 15:23:38,75,76,13076,51538
2023-06-15 15:23:45,74,76,12928,51736
2023-06-15 15:23:45,74,75,12928,51736
2023-06-15 15:23:46,72,75,12928,51736
2023-06-15 15:23:59,71,75,12928,51936
2023-06-15 15:23:59,71,74,12928,51936
2023-06-15 15:24:08,70,74,12928,52136
2023-06-15 15:24:09,70,72,12928,52136
2023-06-15 15:24:09,70,71,12928,52136
2023-06-15 15:24:09,70,72,12928,52136
2023-06-15 15:24:22,70,73,12928,52136
2023-06-15 15:24:25,70,74,12928,52136
2023-06-15 15:24:32,71,74,12928,52136
2023-06-15 15:24:34,70,74,12928,52136
2023-06-15 15:24:35,70,72,12928,52136
2023-06-15 15:24:41,67,72,12928,52336
2023-06-15 15:24:41,67,71,12928,52336
2023-06-15 15:24:42,67,70,12928,52336
2023-06-15 15:24:43,67,71,12928,52336
2023-06-15 15:24:46,68,71,12928,52336
2023-06-15 15:24:47,69,71,12928,52336
2023-06-15 15:24:47,70,71,12928,52336
2023-06-15 15:24:47,70,72,12928,52336
2023-06-15 15:25:04,69,72,12928,52336
2023-06-15 15:25:06,68,72,12928,52336
2023-06-15 15:25:09,68,71,12928,52336
2023-06-15 15:25:10,68,72,12928,52336
2023-06-15 15:25:12,68,71,12928,52336
2023-06-15 15:25:15,67,71,12928,52336
2023-06-15 15:25:26,67,70,12928,52336
2023-06-15 15:25:41,68,70,12928,52336
2023-06-15 15:25:43,67,70,12928,52336
2023-06-15 15:25:44,67,71,12928,52340
2023-06-15 15:25:44,67,70,12928,52340
2023-06-15 15:25:48,66,70,12928,52340
2023-06-15 15:25:49,66,69,12928,52340
2023-06-15 15:25:50,66,68,12928,52340
2023-06-15 15:25:53,66,69,12928,52340
2023-06-15 15:25:57,66,68,12928,52340
2023-06-15 15:26:01,66,69,12928,52340
2023-06-15 15:26:11,67,69,12928,52340
2023-06-15 15:26:11,68,69,12928,52340
2023-06-15 15:26:14,68,71,12928,52343
2023-06-15 15:26:15,69,71,12928,52343
2023-06-15 15:26:23,70,71,12928,52343
2023-06-15 15:26:26,70,71,12928,52346
2023-06-15 15:26:35,70,72,12928,52351
2023-06-15 15:26:38,70,73,12928,52351
2023-06-15 15:26:38,71,73,12928,52351
2023-06-15 15:26:38,72,73,12928,52351
2023-06-15 15:26:40,71,73,12928,52351
2023-06-15 15:26:44,72,73,12928,52351
2023-06-15 15:26:46,72,74,12921,52358
2023-06-15 15:26:51,72,75,12921,52558
2023-06-15 15:26:52,73,75,12921,52558
2023-06-15 15:26:58,73,76,13121,52758
2023-06-15 15:26:58,74,76,13121,52758
2023-06-15 15:27:04,74,77,13121,52758
2023-06-15 15:27:04,73,77,13121,52758
2023-06-15 15:27:04,73,75,13121,52758
2023-06-15 15:27:05,73,77,13121,52758
2023-06-15 15:27:05,73,76,13121,52758
2023-06-15 15:27:05,73,74,13121,52758
2023-06-15 15:27:16,73,76,13121,52758
2023-06-15 15:27:16,73,77,13121,52758
2023-06-15 15:27:16,73,75,13121,52758
2023-06-15 15:27:21,74,75,13121,52758
2023-06-15 15:27:28,74,77,13121,52758
2023-06-15 15:27:28,74,78,13121,52758
2023-06-15 15:27:28,74,76,13121,52758
2023-06-15 15:27:36,74,77,13121,52758
2023-06-15 15:27:36,73,77,13121,52758
2023-06-15 15:27:36,73,75,13121,52758
2023-06-15 15:27:40,73,77,13121,52758
2023-06-15 15:27:40,73,76,13121,52758
2023-06-15 15:27:40,73,74,13121,52758
2023-06-15 15:27:48,71,74,13121,52958
2023-06-15 15:27:48,71,73,13121,52958
2023-06-15 15:27:54,71,74,13121,52958
2023-06-15 15:27:54,72,74,13121,52958
2023-06-15 15:27:56,72,73,13121,52958
2023-06-15 15:27:56,71,73,13121,52958
2023-06-15 15:27:57,71,72,13121,52958
2023-06-15 15:28:04,71,74,13121,52958
2023-06-15 15:28:04,71,73,13121,52958
2023-06-15 15:28:08,72,73,13121,52958
2023-06-15 15:28:08,72,74,13121,52958
2023-06-15 15:28:10,73,74,13121,52958
2023-06-15 15:28:14,72,74,13121,52958
2023-06-15 15:28:14,72,73,13121,52958
2023-06-15 15:28:24,72,74,13118,52961
2023-06-15 15:28:24,73,74,13118,52961
2023-06-15 15:28:28,73,76,13114,52965
2023-06-15 15:28:28,74,76,13114,52965
2023-06-15 15:28:32,74,75,13114,52965
2023-06-15 15:28:36,74,76,13114,52965
2023-06-15 15:28:39,74,75,13114,52965
2023-06-15 15:28:40,73,75,13114,52965
2023-06-15 15:28:46,73,76,13114,52965
2023-06-15 15:28:46,74,76,13114,52965
2023-06-15 15:28:49,75,76,13114,52965
2023-06-15 15:28:54,75,77,13114,53165
2023-06-15 15:28:54,76,77,13114,53165
2023-06-15 15:28:59,76,78,13114,53168
2023-06-15 15:29:01,75,78,13114,53168
2023-06-15 15:29:03,74,78,13114,53168
2023-06-15 15:29:04,74,77,13114,53168
2023-06-15 15:29:10,74,78,13114,53168
2023-06-15 15:29:14,74,77,13114,53168
2023-06-15 15:29:16,73,77,13114,53168
2023-06-15 15:29:16,73,76,13114,53168
2023-06-15 15:29:17,73,77,13114,53168
2023-06-15 15:29:19,74,77,13114,53168
2023-06-15 15:29:22,73,77,13114,53168
2023-06-15 15:29:26,75,77,13114,53168
2023-06-15 15:29:42,76,77,13114,53168
2023-06-15 15:29:43,76,77,13114,53170
2023-06-15 15:29:44,76,81,13359,53420
2023-06-15 15:29:45,78,81,13359,53420
2023-06-15 15:29:56,76,81,13359,53465
2023-06-15 15:29:58,76,80,13359,53465
2023-06-15 15:29:59,77,80,13359,53465
2023-06-15 15:30:07,76,80,13359,53465
2023-06-15 15:30:10,77,80,13359,53465
2023-06-15 15:30:10,78,80,13359,53465
2023-06-15 15:30:21,77,80,13359,53465
2023-06-15 15:30:24,78,80,13359,53465
2023-06-15 15:30:26,79,80,13359,53465
2023-06-15 15:30:33,78,80,13359,53465
2023-06-15 15:30:43,77,80,13359,53465
2023-06-15 15:30:45,77,79,13359,53465
2023-06-15 15:30:57,77,80,13359,53465
2023-06-15 15:30:57,77,79,13359,53465
2023-06-15 15:31:02,77,80,13359,53465
2023-06-15 15:31:03,78,80,13359,53465
2023-06-15 15:31:08,78,80,13356,53468
2023-06-15 15:31:09,79,80,13356,53468
2023-06-15 15:31:29,79,81,13352,53472
2023-06-15 15:31:29,80,81,13352,53472
2023-06-15 15:31:33,80,84,13349,53475
2023-06-15 15:31:47,81,84,13349,53475
2023-06-15 15:31:49,81,83,13349,53475
2023-06-15 15:31:49,82,83,13349,53475
2023-06-15 15:31:50,81,83,13349,53475
2023-06-15 15:31:54,82,83,13349,53475
2023-06-15 15:32:02,81,83,13349,53475
2023-06-15 15:32:04,82,83,13349,53475
2023-06-15 15:32:09,82,84,13346,53678
2023-06-15 15:32:09,81,84,13346,53678
2023-06-15 15:32:09,82,84,13346,53678
2023-06-15 15:32:12,81,84,13346,53678
2023-06-15 15:32:12,81,82,13346,53678
2023-06-15 15:32:15,80,82,13346,53678
2023-06-15 15:32:15,80,84,13343,53681
2023-06-15 15:32:20,80,83,13343,53681
2023-06-15 15:32:21,82,83,13343,53681
2023-06-15 15:32:21,82,84,13343,53681
2023-06-15 15:32:32,82,84,13343,53832
2023-06-15 15:32:33,82,83,13343,53832
2023-06-15 15:32:35,81,83,13343,53881
2023-06-15 15:32:53,82,83,13343,53881
2023-06-15 15:33:06,81,83,13343,53881
2023-06-15 15:33:45,81,82,13343,53881
2023-06-15 15:33:57,81,83,13343,53883
2023-06-15 15:34:04,80,83,13343,54083
2023-06-15 15:34:05,80,82,13343,54083
2023-06-15 15:34:07,80,83,13343,54083
2023-06-15 15:34:22,81,83,13343,54083
2023-06-15 15:34:29,82,83,13343,54083
2023-06-15 15:34:33,82,84,13340,54086
2023-06-15 15:34:37,81,84,13340,54086
2023-06-15 15:34:38,80,84,13340,54086
2023-06-15 15:34:38,80,83,13340,54086
2023-06-15 15:34:54,80,82,13340,54086
2023-06-15 15:35:01,80,83,13340,54086
2023-06-15 15:35:02,80,84,13340,54086
2023-06-15 15:35:04,80,83,13340,54086
2023-06-15 15:35:15,80,82,13340,54086
2023-06-15 15:35:21,80,83,13340,54086
2023-06-15 15:35:26,80,84,13340,54086
2023-06-15 15:35:31,80,83,13340,54086
2023-06-15 15:35:36,80,82,13340,54086
2023-06-15 15:35:37,79,82,13340,54234
2023-06-15 15:35:38,79,83,13340,54234
2023-06-15 15:35:44,79,82,13340,54234
2023-06-15 15:35:45,79,83,13340,54234
2023-06-15 15:35:47,80,83,13340,54234
2023-06-15 15:35:47,80,84,13340,54234
2023-06-15 15:35:49,81,84,13340,54234
2023-06-15 15:35:51,80,84,13340,54234
2023-06-15 15:36:05,79,84,13340,54234
2023-06-15 15:36:05,79,83,13340,54234
2023-06-15 15:36:05,79,82,13340,54234
2023-06-15 15:36:08,78,82,13340,54234
2023-06-15 15:36:08,78,81,13340,54234
2023-06-15 15:36:17,78,80,13340,54234
2023-06-15 15:36:20,78,79,13340,54234
2023-06-15 15:36:26,77,79,13340,54382
2023-06-15 15:36:26,77,78,13340,54382
2023-06-15 15:36:27,75,78,13340,54382
2023-06-15 15:36:27,75,77,13340,54382
2023-06-15 15:36:30,75,76,13340,54382
2023-06-15 15:36:31,75,77,13340,54382
2023-06-15 15:36:32,72,77,13340,54582
2023-06-15 15:36:40,71,77,13340,54582
2023-06-15 15:36:40,71,76,13340,54582
