datetime,bid,ask,open_interest,volume
2023-11-08 09:35:28,66,100,500,556
2023-11-08 09:35:28,66,70,500,556
2023-11-08 09:35:55,66,100,500,556
2023-11-08 09:35:55,1,100,500,556
2023-11-08 09:35:55,61,100,500,556
2023-11-08 09:35:55,63,100,500,556
2023-11-08 09:35:55,65,100,500,556
2023-11-08 09:35:55,65,72,500,556
2023-11-08 09:35:55,65,69,500,556
2023-11-08 09:36:28,65,100,500,556
2023-11-08 09:36:28,1,100,500,556
2023-11-08 09:36:28,57,100,500,556
2023-11-08 09:36:28,63,100,500,556
2023-11-08 09:36:28,63,68,500,556
2023-11-08 09:36:42,63,100,500,556
2023-11-08 09:36:42,1,100,500,556
2023-11-08 09:36:42,59,100,500,556
2023-11-08 09:36:42,61,100,500,556
2023-11-08 09:36:42,61,69,500,556
2023-11-08 09:36:42,61,67,500,556
2023-11-08 09:36:52,61,100,500,556
2023-11-08 09:36:52,1,100,500,556
2023-11-08 09:36:52,55,100,500,556
2023-11-08 09:36:52,60,100,500,556
2023-11-08 09:36:52,60,66,500,556
2023-11-08 09:37:19,60,100,500,556
2023-11-08 09:37:19,1,100,500,556
2023-11-08 09:37:19,57,100,500,556
2023-11-08 09:37:19,57,68,500,556
2023-11-08 09:37:19,57,64,500,556
2023-11-08 09:37:55,1,64,500,556
2023-11-08 09:37:55,1,100,500,556
2023-11-08 09:37:55,57,100,500,556
2023-11-08 09:37:55,60,100,500,556
2023-11-08 09:37:55,60,68,500,556
2023-11-08 09:37:55,60,66,500,556
2023-11-08 09:38:43,1,66,500,556
2023-11-08 09:38:43,1,100,500,556
2023-11-08 09:38:43,56,100,500,556
2023-11-08 09:38:43,61,100,500,556
2023-11-08 09:38:43,61,67,500,556
2023-11-08 09:39:18,1,67,500,556
2023-11-08 09:39:18,1,100,500,556
2023-11-08 09:39:18,62,100,500,556
2023-11-08 09:39:18,62,70,500,556
2023-11-08 09:39:18,62,68,500,556
2023-11-08 09:39:38,1,68,500,556
2023-11-08 09:39:38,1,100,500,556
2023-11-08 09:39:38,63,100,500,556
2023-11-08 09:39:38,63,72,500,556
2023-11-08 09:39:38,63,69,500,556
2023-11-08 09:40:06,63,100,500,556
2023-11-08 09:40:06,1,100,500,556
2023-11-08 09:40:06,60,100,500,556
2023-11-08 09:40:06,62,100,500,556
2023-11-08 09:40:06,62,68,500,556
2023-11-08 09:40:32,62,100,500,556
2023-11-08 09:40:32,1,100,500,556
2023-11-08 09:40:32,61,100,500,556
2023-11-08 09:40:32,61,72,500,556
2023-11-08 09:40:32,61,67,500,556
2023-11-08 09:41:17,61,100,500,556
2023-11-08 09:41:17,1,100,500,556
2023-11-08 09:41:17,57,100,500,556
2023-11-08 09:41:17,60,100,500,556
2023-11-08 09:41:17,60,66,500,556
2023-11-08 09:42:09,1,66,500,556
2023-11-08 09:42:09,1,100,500,556
2023-11-08 09:42:09,57,100,500,556
2023-11-08 09:42:09,61,100,500,556
2023-11-08 09:42:09,61,67,500,556
2023-11-08 09:42:18,1,67,500,556
2023-11-08 09:42:18,1,100,500,556
2023-11-08 09:42:18,63,100,500,556
2023-11-08 09:42:18,63,72,500,556
2023-11-08 09:42:18,63,69,500,556
2023-11-08 09:43:11,38,69,500,556
2023-11-08 09:43:11,38,100,500,556
2023-11-08 09:43:11,64,100,500,556
2023-11-08 09:43:11,64,74,500,556
2023-11-08 09:43:11,64,72,500,556
2023-11-08 09:43:11,64,70,500,556
2023-11-08 09:43:45,64,100,500,556
2023-11-08 09:43:45,38,100,500,556
2023-11-08 09:43:45,61,100,500,556
2023-11-08 09:43:45,63,100,500,556
2023-11-08 09:43:45,63,72,500,556
2023-11-08 09:43:45,63,69,500,556
2023-11-08 09:44:07,63,100,500,556
2023-11-08 09:44:07,38,100,500,556
2023-11-08 09:44:07,61,100,500,556
2023-11-08 09:44:07,61,72,500,556
2023-11-08 09:44:07,61,67,500,556
2023-11-08 09:45:07,59,67,500,556
2023-11-08 09:45:08,62,100,500,556
2023-11-08 09:45:08,62,70,500,556
2023-11-08 09:45:08,62,68,500,556
2023-11-08 09:45:13,62,100,500,556
2023-11-08 09:45:13,38,100,500,556
2023-11-08 09:45:13,56,100,500,556
2023-11-08 09:45:13,61,100,500,556
2023-11-08 09:45:13,61,72,500,556
2023-11-08 09:45:13,61,69,500,556
2023-11-08 09:45:13,61,67,500,556
2023-11-08 09:45:39,38,67,500,556
2023-11-08 09:45:39,38,100,500,556
2023-11-08 09:45:39,62,100,500,556
2023-11-08 09:45:39,62,72,500,556
2023-11-08 09:45:39,62,70,500,556
2023-11-08 09:45:39,62,68,500,556
2023-11-08 09:46:39,56,68,500,556
2023-11-08 09:46:40,62,100,500,556
2023-11-08 09:46:40,62,70,500,556
2023-11-08 09:46:40,62,68,500,556
2023-11-08 09:46:56,38,68,500,556
2023-11-08 09:46:56,38,100,500,556
2023-11-08 09:46:56,60,100,500,556
2023-11-08 09:46:56,64,100,500,556
2023-11-08 09:46:56,64,69,500,556
2023-11-08 09:47:48,64,100,500,556
2023-11-08 09:47:48,38,100,500,556
2023-11-08 09:47:48,60,100,500,556
2023-11-08 09:47:48,62,100,500,556
2023-11-08 09:47:48,62,68,500,556
2023-11-08 09:48:20,62,68,500,594
2023-11-08 09:48:48,56,68,500,594
2023-11-08 09:48:48,60,100,500,594
2023-11-08 09:48:48,64,100,500,594
2023-11-08 09:48:48,64,74,500,594
2023-11-08 09:48:48,64,72,500,594
2023-11-08 09:48:48,64,70,500,594
2023-11-08 09:49:02,38,70,500,594
2023-11-08 09:49:02,38,100,500,594
2023-11-08 09:49:02,65,100,500,594
2023-11-08 09:49:02,65,73,500,594
2023-11-08 09:49:02,65,72,500,594
2023-11-08 09:49:20,38,72,500,594
2023-11-08 09:49:20,38,100,500,594
2023-11-08 09:49:20,64,100,500,594
2023-11-08 09:49:20,66,100,500,594
2023-11-08 09:49:20,66,74,500,594
2023-11-08 09:49:20,66,72,500,594
2023-11-08 09:49:31,38,72,500,594
2023-11-08 09:49:31,38,100,500,594
2023-11-08 09:49:31,64,100,500,594
2023-11-08 09:49:31,66,100,500,594
2023-11-08 09:49:31,68,100,500,594
2023-11-08 09:49:31,68,76,500,594
2023-11-08 09:49:31,68,74,500,594
2023-11-08 09:49:50,68,100,500,594
2023-11-08 09:49:50,38,100,500,594
2023-11-08 09:49:50,64,100,500,594
2023-11-08 09:49:50,66,100,500,594
2023-11-08 09:49:50,66,76,500,594
2023-11-08 09:49:50,66,72,500,594
2023-11-08 09:50:37,66,100,500,594
2023-11-08 09:50:37,38,100,500,594
2023-11-08 09:50:37,61,100,500,594
2023-11-08 09:50:37,65,100,500,594
2023-11-08 09:50:37,65,72,500,594
2023-11-08 09:51:02,38,72,500,594
2023-11-08 09:51:02,38,100,500,594
2023-11-08 09:51:02,66,100,500,594
2023-11-08 09:51:02,66,74,500,594
2023-11-08 09:51:02,66,72,500,594
2023-11-08 09:51:45,38,72,500,594
2023-11-08 09:51:45,38,100,500,594
2023-11-08 09:51:45,64,100,500,594
2023-11-08 09:51:45,66,100,500,594
2023-11-08 09:51:45,68,100,500,594
2023-11-08 09:51:45,68,76,500,594
2023-11-08 09:51:45,68,74,500,594
2023-11-08 09:52:45,68,76,500,594
2023-11-08 09:52:46,64,100,500,594
2023-11-08 09:52:46,66,100,500,594
2023-11-08 09:52:46,68,100,500,594
2023-11-08 09:52:46,68,75,500,594
2023-11-08 09:52:46,68,73,500,594
2023-11-08 09:53:18,38,73,500,594
2023-11-08 09:53:18,38,100,500,594
2023-11-08 09:53:18,65,100,500,594
2023-11-08 09:53:18,67,100,500,594
2023-11-08 09:53:18,69,100,500,594
2023-11-08 09:53:18,69,79,500,594
2023-11-08 09:53:18,69,75,500,594
2023-11-08 09:53:48,69,100,500,594
2023-11-08 09:53:48,38,100,500,594
2023-11-08 09:53:48,68,100,500,594
2023-11-08 09:53:48,68,76,500,594
2023-11-08 09:53:48,68,74,500,594
2023-11-08 09:54:48,66,74,500,594
2023-11-08 09:54:49,67,100,500,594
2023-11-08 09:54:49,67,77,500,594
2023-11-08 09:54:49,67,75,500,594
2023-11-08 09:54:49,67,73,500,594
2023-11-08 09:55:14,38,73,500,594
2023-11-08 09:55:14,38,100,500,594
2023-11-08 09:55:14,65,100,500,594
2023-11-08 09:55:14,67,100,500,594
2023-11-08 09:55:14,69,100,500,594
2023-11-08 09:55:14,69,79,500,594
2023-11-08 09:55:14,69,75,500,594
2023-11-08 09:56:14,38,75,500,594
2023-11-08 09:56:15,65,100,500,594
2023-11-08 09:56:15,67,100,500,594
2023-11-08 09:56:15,69,100,500,594
2023-11-08 09:56:15,69,77,500,594
2023-11-08 09:56:15,69,75,500,594
2023-11-08 09:56:43,69,100,500,594
2023-11-08 09:56:43,38,100,500,594
2023-11-08 09:56:43,68,100,500,594
2023-11-08 09:56:43,68,76,500,594
2023-11-08 09:56:43,68,74,500,594
2023-11-08 09:56:47,68,100,500,594
2023-11-08 09:56:47,38,100,500,594
2023-11-08 09:56:47,66,100,500,594
2023-11-08 09:56:47,66,72,500,594
2023-11-08 09:57:47,64,72,500,594
2023-11-08 09:57:48,62,100,500,594
2023-11-08 09:57:48,66,100,500,594
2023-11-08 09:57:48,66,75,500,594
2023-11-08 09:57:48,66,72,500,594
2023-11-08 09:58:02,66,100,500,594
2023-11-08 09:58:02,38,100,500,594
2023-11-08 09:58:02,64,100,500,594
2023-11-08 09:58:02,64,72,500,594
2023-11-08 09:58:02,64,70,500,594
2023-11-08 09:58:33,64,100,500,594
2023-11-08 09:58:33,38,100,500,594
2023-11-08 09:58:33,63,100,500,594
2023-11-08 09:58:33,63,73,500,594
2023-11-08 09:58:33,63,69,500,594
2023-11-08 09:58:42,63,100,500,594
2023-11-08 09:58:42,38,100,500,594
2023-11-08 09:58:42,61,100,500,594
2023-11-08 09:58:42,61,69,500,594
2023-11-08 09:58:42,61,67,500,594
2023-11-08 09:59:03,38,67,500,594
2023-11-08 09:59:03,38,100,500,594
2023-11-08 09:59:03,61,100,500,594
2023-11-08 09:59:03,63,100,500,594
2023-11-08 09:59:03,63,72,500,594
2023-11-08 09:59:03,63,69,500,594
2023-11-08 09:59:25,38,69,500,594
2023-11-08 09:59:25,38,100,500,594
2023-11-08 09:59:25,60,100,500,594
2023-11-08 09:59:25,62,100,500,594
2023-11-08 09:59:25,64,100,500,594
2023-11-08 09:59:25,64,74,500,594
2023-11-08 09:59:25,64,72,500,594
2023-11-08 09:59:25,64,70,500,594
2023-11-08 10:00:01,38,70,500,594
2023-11-08 10:00:01,38,100,500,594
2023-11-08 10:00:01,62,100,500,594
2023-11-08 10:00:01,66,100,500,594
2023-11-08 10:00:01,66,72,500,594
2023-11-08 10:00:11,66,100,500,594
2023-11-08 10:00:11,38,100,500,594
2023-11-08 10:00:11,63,100,500,594
2023-11-08 10:00:11,65,100,500,594
2023-11-08 10:00:11,65,75,500,594
2023-11-08 10:00:11,65,73,500,594
2023-11-08 10:00:11,65,72,500,594
2023-11-08 10:00:26,65,100,500,594
2023-11-08 10:00:26,38,100,500,594
2023-11-08 10:00:26,59,100,500,594
2023-11-08 10:00:26,61,100,500,594
2023-11-08 10:00:26,63,100,500,594
2023-11-08 10:00:26,63,69,500,594
2023-11-08 10:00:51,63,100,500,594
2023-11-08 10:00:51,38,100,500,594
2023-11-08 10:00:51,57,100,500,594
2023-11-08 10:00:51,60,100,500,594
2023-11-08 10:00:51,62,100,500,594
2023-11-08 10:00:51,62,72,500,594
2023-11-08 10:00:51,62,70,500,594
2023-11-08 10:00:51,62,68,500,594
2023-11-08 10:01:05,62,100,500,594
2023-11-08 10:01:05,38,100,500,594
2023-11-08 10:01:05,55,100,500,594
2023-11-08 10:01:05,56,100,500,594
2023-11-08 10:01:05,56,70,500,594
2023-11-08 10:01:05,56,68,500,594
2023-11-08 10:01:24,38,68,500,594
2023-11-08 10:01:24,38,100,500,594
2023-11-08 10:01:24,61,100,500,594
2023-11-08 10:01:24,61,72,500,594
2023-11-08 10:01:24,61,67,500,594
2023-11-08 10:01:29,38,67,500,594
2023-11-08 10:01:29,38,100,500,594
2023-11-08 10:01:29,63,100,500,594
2023-11-08 10:01:29,63,72,500,594
2023-11-08 10:01:29,63,68,500,594
2023-11-08 10:01:50,63,100,500,594
2023-11-08 10:01:50,38,100,500,594
2023-11-08 10:01:50,61,100,500,594
2023-11-08 10:01:50,61,69,500,594
2023-11-08 10:01:50,61,67,500,594
2023-11-08 10:01:58,61,100,500,594
2023-11-08 10:01:58,38,100,500,594
2023-11-08 10:01:58,57,100,500,594
2023-11-08 10:01:58,60,100,500,594
2023-11-08 10:01:58,60,68,500,594
2023-11-08 10:01:58,60,66,500,594
2023-11-08 10:02:01,60,100,500,594
2023-11-08 10:02:01,38,100,500,594
2023-11-08 10:02:01,53,100,500,594
2023-11-08 10:02:01,57,100,500,594
2023-11-08 10:02:01,57,68,500,594
2023-11-08 10:02:01,57,66,500,594
2023-11-08 10:02:01,57,64,500,594
2023-11-08 10:02:05,57,100,500,594
2023-11-08 10:02:05,38,100,500,594
2023-11-08 10:02:05,56,100,500,594
2023-11-08 10:02:05,56,66,500,594
2023-11-08 10:02:05,56,64,500,594
2023-11-08 10:02:05,56,62,500,594
2023-11-08 10:02:10,56,100,500,594
2023-11-08 10:02:10,38,100,500,594
2023-11-08 10:02:10,53,100,500,594
2023-11-08 10:02:10,55,100,500,594
2023-11-08 10:02:10,55,61,500,594
2023-11-08 10:03:10,50,61,500,594
2023-11-08 10:03:11,54,100,500,594
2023-11-08 10:03:11,56,100,500,594
2023-11-08 10:03:11,56,62,500,594
2023-11-08 10:03:20,56,100,500,594
2023-11-08 10:03:20,38,100,500,594
2023-11-08 10:03:20,49,100,500,594
2023-11-08 10:03:20,52,100,500,594
2023-11-08 10:03:20,54,100,500,594
2023-11-08 10:03:20,54,62,500,594
2023-11-08 10:03:20,54,60,500,594
2023-11-08 10:03:40,54,100,500,594
2023-11-08 10:03:40,38,100,500,594
2023-11-08 10:03:40,48,100,500,594
2023-11-08 10:03:40,51,100,500,594
2023-11-08 10:03:40,53,100,500,594
2023-11-08 10:03:40,53,58,500,594
2023-11-08 10:03:58,53,100,500,594
2023-11-08 10:03:58,38,100,500,594
2023-11-08 10:03:58,51,100,500,594
2023-11-08 10:03:58,51,62,500,594
2023-11-08 10:03:58,51,59,500,594
2023-11-08 10:03:58,51,57,500,594
2023-11-08 10:04:17,38,57,500,594
2023-11-08 10:04:17,38,100,500,594
2023-11-08 10:04:17,48,100,500,594
2023-11-08 10:04:17,53,100,500,594
2023-11-08 10:04:17,53,60,500,594
2023-11-08 10:04:17,53,58,500,594
2023-11-08 10:04:45,53,100,500,594
2023-11-08 10:04:45,38,100,500,594
2023-11-08 10:04:45,46,100,500,594
2023-11-08 10:04:45,49,100,500,594
2023-11-08 10:04:45,51,100,500,594
2023-11-08 10:04:45,51,61,500,594
2023-11-08 10:04:45,51,57,500,594
2023-11-08 10:05:06,51,100,500,594
2023-11-08 10:05:06,38,100,500,594
2023-11-08 10:05:06,49,100,500,594
2023-11-08 10:05:06,49,57,500,594
2023-11-08 10:05:06,49,55,500,594
2023-11-08 10:05:39,38,55,500,594
2023-11-08 10:05:39,38,100,500,594
2023-11-08 10:05:39,48,100,500,594
2023-11-08 10:05:39,51,100,500,594
2023-11-08 10:05:39,51,57,500,594
2023-11-08 10:05:54,38,57,500,594
2023-11-08 10:05:54,38,100,500,594
2023-11-08 10:05:54,52,100,500,594
2023-11-08 10:05:54,52,58,500,594
2023-11-08 10:06:51,38,58,500,594
2023-11-08 10:06:51,38,100,500,594
2023-11-08 10:06:51,52,100,500,594
2023-11-08 10:06:51,54,100,500,594
2023-11-08 10:06:51,54,62,500,594
2023-11-08 10:06:51,54,60,500,594
2023-11-08 10:07:51,54,62,500,594
2023-11-08 10:07:52,54,100,500,594
2023-11-08 10:07:52,54,64,500,594
2023-11-08 10:07:52,54,62,500,594
2023-11-08 10:07:52,54,60,500,594
2023-11-08 10:08:46,38,60,500,594
2023-11-08 10:08:46,38,100,500,594
2023-11-08 10:08:46,53,100,500,594
2023-11-08 10:08:46,56,100,500,594
2023-11-08 10:08:46,56,63,500,594
2023-11-08 10:08:46,56,61,500,594
2023-11-08 10:08:49,38,61,500,594
2023-11-08 10:08:49,38,100,500,594
2023-11-08 10:08:49,52,100,500,594
2023-11-08 10:08:49,56,100,500,594
2023-11-08 10:08:49,56,65,500,594
2023-11-08 10:08:49,56,63,500,594
2023-11-08 10:09:35,38,63,500,594
2023-11-08 10:09:35,38,100,500,594
2023-11-08 10:09:35,56,100,500,594
2023-11-08 10:09:35,57,100,500,594
2023-11-08 10:09:35,57,66,500,594
2023-11-08 10:09:35,57,64,500,594
2023-11-08 10:10:02,38,64,500,594
2023-11-08 10:10:02,38,100,500,594
2023-11-08 10:10:02,56,100,500,594
2023-11-08 10:10:02,60,100,500,594
2023-11-08 10:10:02,60,70,500,594
2023-11-08 10:10:02,60,66,500,594
2023-11-08 10:10:04,38,66,500,594
2023-11-08 10:10:04,38,100,500,594
2023-11-08 10:10:04,61,100,500,594
2023-11-08 10:10:04,61,72,500,594
2023-11-08 10:10:04,61,69,500,594
2023-11-08 10:10:04,61,67,500,594
2023-11-08 10:11:04,61,72,500,594
2023-11-08 10:11:05,61,100,500,594
2023-11-08 10:11:05,61,67,500,594
2023-11-08 10:11:30,61,100,500,594
2023-11-08 10:11:30,38,100,500,594
2023-11-08 10:11:30,54,100,500,594
2023-11-08 10:11:30,56,100,500,594
2023-11-08 10:11:30,59,100,500,594
2023-11-08 10:11:30,59,67,500,594
2023-11-08 10:11:30,59,65,500,594
2023-11-08 10:11:55,59,100,500,594
2023-11-08 10:11:55,38,100,500,594
2023-11-08 10:11:55,53,100,500,594
2023-11-08 10:11:55,57,100,500,594
2023-11-08 10:11:55,57,66,500,594
2023-11-08 10:11:55,57,64,500,594
2023-11-08 10:11:59,57,100,500,594
2023-11-08 10:11:59,38,100,500,594
2023-11-08 10:11:59,55,100,500,594
2023-11-08 10:11:59,56,100,500,594
2023-11-08 10:11:59,56,63,500,594
2023-11-08 10:12:39,38,63,500,594
2023-11-08 10:12:39,38,100,500,594
2023-11-08 10:12:39,57,100,500,594
2023-11-08 10:12:39,57,64,500,594
2023-11-08 10:13:23,57,100,500,594
2023-11-08 10:13:23,38,100,500,594
2023-11-08 10:13:23,51,100,500,594
2023-11-08 10:13:23,54,100,500,594
2023-11-08 10:13:23,56,100,500,594
2023-11-08 10:13:23,56,62,500,594
2023-11-08 10:14:23,54,62,500,594
2023-11-08 10:14:24,56,100,500,594
2023-11-08 10:14:24,56,62,500,594
2023-11-08 10:15:09,56,100,500,594
2023-11-08 10:15:09,38,100,500,594
2023-11-08 10:15:09,50,100,500,594
2023-11-08 10:15:09,53,100,500,594
2023-11-08 10:15:09,55,100,500,594
2023-11-08 10:15:09,55,63,500,594
2023-11-08 10:15:09,55,61,500,594
2023-11-08 10:15:22,55,100,500,594
2023-11-08 10:15:22,38,100,500,594
2023-11-08 10:15:22,54,100,500,594
2023-11-08 10:15:22,54,62,500,594
2023-11-08 10:15:22,54,60,500,594
2023-11-08 10:15:44,54,100,500,594
2023-11-08 10:15:44,38,100,500,594
2023-11-08 10:15:44,47,100,500,594
2023-11-08 10:15:44,49,100,500,594
2023-11-08 10:15:44,52,100,500,594
2023-11-08 10:15:44,52,62,500,594
2023-11-08 10:15:44,52,58,500,594
2023-11-08 10:16:19,38,58,500,594
2023-11-08 10:16:19,38,100,500,594
2023-11-08 10:16:19,49,100,500,594
2023-11-08 10:16:19,54,100,500,594
2023-11-08 10:16:19,54,64,500,594
2023-11-08 10:16:19,54,62,500,594
2023-11-08 10:16:19,54,60,500,594
2023-11-08 10:16:35,38,60,500,594
2023-11-08 10:16:35,38,100,500,594
2023-11-08 10:16:35,54,100,500,594
2023-11-08 10:16:35,56,100,500,594
2023-11-08 10:16:35,56,61,500,594
2023-11-08 10:17:35,38,61,500,594
2023-11-08 10:17:36,51,100,500,594
2023-11-08 10:17:36,54,100,500,594
2023-11-08 10:17:36,56,100,500,594
2023-11-08 10:17:36,56,62,500,594
2023-11-08 10:18:36,25,62,500,594
2023-11-08 10:18:37,50,100,500,594
2023-11-08 10:18:37,55,100,500,594
2023-11-08 10:18:37,55,61,500,594
2023-11-08 10:19:17,25,61,500,594
2023-11-08 10:19:17,25,100,500,594
2023-11-08 10:19:17,52,100,500,594
2023-11-08 10:19:17,55,100,500,594
2023-11-08 10:19:17,56,100,500,594
2023-11-08 10:19:17,56,63,500,594
2023-11-08 10:20:15,56,100,500,594
2023-11-08 10:20:15,25,100,500,594
2023-11-08 10:20:15,55,100,500,594
2023-11-08 10:20:15,55,63,500,594
2023-11-08 10:20:15,55,61,500,594
2023-11-08 10:20:36,55,100,500,594
2023-11-08 10:20:36,25,100,500,594
2023-11-08 10:20:36,46,100,500,594
2023-11-08 10:20:36,48,100,500,594
2023-11-08 10:20:36,51,100,500,594
2023-11-08 10:20:36,51,63,500,594
2023-11-08 10:20:36,51,61,500,594
2023-11-08 10:20:53,51,100,500,594
2023-11-08 10:20:53,25,100,500,594
2023-11-08 10:20:53,44,100,500,594
2023-11-08 10:20:53,46,100,500,594
2023-11-08 10:20:53,49,100,500,594
2023-11-08 10:20:53,49,59,500,594
2023-11-08 10:21:09,49,100,500,594
2023-11-08 10:21:09,25,100,500,594
2023-11-08 10:21:09,47,100,500,594
2023-11-08 10:21:09,49,100,500,594
2023-11-08 10:21:09,49,60,500,594
2023-11-08 10:21:09,49,55,500,594
2023-11-08 10:21:22,49,100,500,594
2023-11-08 10:21:22,25,100,500,594
2023-11-08 10:21:22,46,100,500,594
2023-11-08 10:21:22,48,100,500,594
2023-11-08 10:21:22,48,59,500,594
2023-11-08 10:21:22,48,54,500,594
2023-11-08 10:21:27,25,54,500,594
2023-11-08 10:21:27,25,100,500,594
2023-11-08 10:21:27,44,100,500,594
2023-11-08 10:21:27,47,100,500,594
2023-11-08 10:21:27,49,100,500,594
2023-11-08 10:21:27,49,57,500,594
2023-11-08 10:21:27,49,55,500,594
2023-11-08 10:22:23,49,100,500,594
2023-11-08 10:22:23,25,100,500,594
2023-11-08 10:22:23,45,100,500,594
2023-11-08 10:22:23,48,100,500,594
2023-11-08 10:22:23,48,54,500,594
2023-11-08 10:22:43,48,100,500,594
2023-11-08 10:22:43,25,100,500,594
2023-11-08 10:22:43,46,100,500,594
2023-11-08 10:22:43,46,57,500,594
2023-11-08 10:22:43,46,52,500,594
2023-11-08 10:22:57,25,52,500,594
2023-11-08 10:22:57,25,100,500,594
2023-11-08 10:22:57,47,100,500,594
2023-11-08 10:22:57,47,55,500,594
2023-11-08 10:22:57,47,53,500,594
2023-11-08 10:23:03,25,53,500,594
2023-11-08 10:23:03,25,100,500,594
2023-11-08 10:23:03,49,100,500,594
2023-11-08 10:23:03,49,60,500,594
2023-11-08 10:23:03,49,57,500,594
2023-11-08 10:23:03,49,55,500,594
2023-11-08 10:23:13,25,55,500,594
2023-11-08 10:23:13,25,100,500,594
2023-11-08 10:23:13,50,100,500,594
2023-11-08 10:23:13,50,58,500,594
2023-11-08 10:23:13,50,56,500,594
2023-11-08 10:23:39,25,56,500,594
2023-11-08 10:23:39,25,100,500,594
2023-11-08 10:23:39,47,100,500,594
2023-11-08 10:23:39,52,100,500,594
2023-11-08 10:23:39,52,61,500,594
2023-11-08 10:23:39,52,58,500,594
2023-11-08 10:23:50,52,100,500,594
2023-11-08 10:23:50,25,100,500,594
2023-11-08 10:23:50,51,100,500,594
2023-11-08 10:23:50,51,62,500,594
2023-11-08 10:23:50,51,59,500,594
2023-11-08 10:23:50,51,57,500,594
2023-11-08 10:24:50,51,62,500,594
2023-11-08 10:24:51,49,100,500,594
2023-11-08 10:24:51,51,100,500,594
2023-11-08 10:24:51,51,62,500,594
2023-11-08 10:24:51,51,57,500,594
2023-11-08 10:25:24,25,57,500,594
2023-11-08 10:25:24,25,100,500,594
2023-11-08 10:25:24,48,100,500,594
2023-11-08 10:25:24,53,100,500,594
2023-11-08 10:25:24,53,60,500,594
2023-11-08 10:25:24,53,58,500,594
2023-11-08 10:25:34,53,100,500,594
2023-11-08 10:25:34,25,100,500,594
2023-11-08 10:25:34,51,100,500,594
2023-11-08 10:25:34,51,59,500,594
2023-11-08 10:25:34,51,57,500,594
2023-11-08 10:26:34,49,57,500,594
2023-11-08 10:26:35,50,100,500,594
2023-11-08 10:26:35,50,61,500,594
2023-11-08 10:26:35,50,56,500,594
2023-11-08 10:26:57,25,56,500,594
2023-11-08 10:26:57,25,100,500,594
2023-11-08 10:26:57,46,100,500,594
2023-11-08 10:26:57,51,100,500,594
2023-11-08 10:26:57,51,59,500,594
2023-11-08 10:26:57,51,57,500,594
2023-11-08 10:27:57,51,59,500,594
2023-11-08 10:27:58,51,100,500,594
2023-11-08 10:27:58,51,57,500,594
2023-11-08 10:28:39,51,100,500,594
2023-11-08 10:28:39,25,100,500,594
2023-11-08 10:28:39,50,100,500,594
2023-11-08 10:28:39,50,58,500,594
2023-11-08 10:28:39,50,56,500,594
2023-11-08 10:28:43,50,100,500,594
2023-11-08 10:28:43,25,100,500,594
2023-11-08 10:28:43,46,100,500,594
2023-11-08 10:28:43,48,100,500,594
2023-11-08 10:28:43,48,59,500,594
2023-11-08 10:28:43,48,54,500,594
2023-11-08 10:28:55,48,100,500,594
2023-11-08 10:28:55,25,100,500,594
2023-11-08 10:28:55,42,100,500,594
2023-11-08 10:28:55,44,100,500,594
2023-11-08 10:28:55,47,100,500,594
2023-11-08 10:28:55,47,53,500,594
2023-11-08 10:29:38,25,53,500,594
2023-11-08 10:29:38,25,100,500,594
2023-11-08 10:29:38,46,100,500,594
2023-11-08 10:29:38,49,100,500,594
2023-11-08 10:29:38,49,55,500,594
2023-11-08 10:30:25,25,55,500,594
2023-11-08 10:30:25,25,100,500,594
2023-11-08 10:30:25,50,100,500,594
2023-11-08 10:30:25,50,61,500,594
2023-11-08 10:30:25,50,56,500,594
2023-11-08 10:30:29,25,56,500,594
2023-11-08 10:30:29,25,100,500,594
2023-11-08 10:30:29,52,100,500,594
2023-11-08 10:30:29,52,62,500,594
2023-11-08 10:30:29,52,59,500,594
2023-11-08 10:30:29,52,57,500,594
2023-11-08 10:31:09,52,100,500,594
2023-11-08 10:31:09,25,100,500,594
2023-11-08 10:31:09,45,100,500,594
2023-11-08 10:31:09,50,100,500,594
2023-11-08 10:31:09,50,61,500,594
2023-11-08 10:31:09,50,56,500,594
2023-11-08 10:32:09,50,100,500,594
2023-11-08 10:32:10,48,100,500,594
2023-11-08 10:32:10,51,100,500,594
2023-11-08 10:32:10,51,62,500,594
2023-11-08 10:32:10,51,60,500,594
2023-11-08 10:32:10,51,57,500,594
2023-11-08 10:32:47,51,100,500,594
2023-11-08 10:32:47,25,100,500,594
2023-11-08 10:32:47,46,100,500,594
2023-11-08 10:32:47,49,100,500,594
2023-11-08 10:32:47,49,55,500,594
2023-11-08 10:33:47,46,55,500,594
2023-11-08 10:33:48,43,100,500,594
2023-11-08 10:33:48,46,100,500,594
2023-11-08 10:33:48,48,100,500,594
2023-11-08 10:33:48,48,54,500,594
2023-11-08 10:34:33,48,100,500,594
2023-11-08 10:34:33,25,100,500,594
2023-11-08 10:34:33,42,100,500,594
2023-11-08 10:34:33,47,100,500,594
2023-11-08 10:34:33,47,56,500,594
2023-11-08 10:34:33,47,53,500,594
2023-11-08 10:34:48,25,53,500,594
2023-11-08 10:34:48,25,100,500,594
2023-11-08 10:34:48,46,100,500,594
2023-11-08 10:34:48,48,100,500,594
2023-11-08 10:34:48,48,56,500,594
2023-11-08 10:34:48,48,54,500,594
2023-11-08 10:35:05,48,100,500,594
2023-11-08 10:35:05,25,100,500,594
2023-11-08 10:35:05,42,100,500,594
2023-11-08 10:35:05,47,100,500,594
2023-11-08 10:35:05,47,56,500,594
2023-11-08 10:35:05,47,53,500,594
2023-11-08 10:35:07,47,100,500,594
2023-11-08 10:35:07,25,100,500,594
2023-11-08 10:35:07,42,100,500,594
2023-11-08 10:35:07,42,56,500,594
2023-11-08 10:35:07,42,53,500,594
2023-11-08 10:35:30,25,53,500,594
2023-11-08 10:35:30,25,100,500,594
2023-11-08 10:35:30,41,100,500,594
2023-11-08 10:35:30,43,100,500,594
2023-11-08 10:35:30,46,100,500,594
2023-11-08 10:35:30,46,55,500,594
2023-11-08 10:35:30,46,52,500,594
2023-11-08 10:36:01,25,52,500,594
2023-11-08 10:36:01,25,100,500,594
2023-11-08 10:36:01,44,100,500,594
2023-11-08 10:36:01,47,100,500,594
2023-11-08 10:36:01,47,58,500,594
2023-11-08 10:36:01,47,53,500,594
2023-11-08 10:36:04,25,53,500,594
2023-11-08 10:36:04,25,100,500,594
2023-11-08 10:36:04,44,100,500,594
2023-11-08 10:36:04,49,100,500,594
2023-11-08 10:36:04,49,60,500,594
2023-11-08 10:36:04,49,57,500,594
2023-11-08 10:36:04,49,55,500,594
2023-11-08 10:36:55,25,55,500,594
2023-11-08 10:36:55,25,100,500,594
2023-11-08 10:36:55,50,100,500,594
2023-11-08 10:36:55,50,59,500,594
2023-11-08 10:36:55,50,56,500,594
2023-11-08 10:37:49,25,56,500,594
2023-11-08 10:37:49,25,100,500,594
2023-11-08 10:37:49,49,100,500,594
2023-11-08 10:37:49,51,100,500,594
2023-11-08 10:37:49,51,59,500,594
2023-11-08 10:37:49,51,57,500,594
2023-11-08 10:38:28,51,100,500,594
2023-11-08 10:38:28,25,100,500,594
2023-11-08 10:38:28,45,100,500,594
2023-11-08 10:38:28,47,100,500,594
2023-11-08 10:38:28,50,100,500,594
2023-11-08 10:38:28,50,59,500,594
2023-11-08 10:38:28,50,56,500,594
2023-11-08 10:38:32,50,100,500,594
2023-11-08 10:38:32,25,100,500,594
2023-11-08 10:38:32,47,100,500,594
2023-11-08 10:38:32,49,100,500,594
2023-11-08 10:38:32,49,55,500,594
2023-11-08 10:39:04,49,100,500,594
2023-11-08 10:39:04,25,100,500,594
2023-11-08 10:39:04,45,100,500,594
2023-11-08 10:39:04,47,100,500,594
2023-11-08 10:39:04,47,55,500,594
2023-11-08 10:39:04,47,53,500,594
2023-11-08 10:40:04,25,53,500,594
2023-11-08 10:40:05,47,100,500,594
2023-11-08 10:40:05,47,58,500,594
2023-11-08 10:40:05,47,55,500,594
2023-11-08 10:40:05,47,53,500,594
2023-11-08 10:40:24,25,53,500,594
2023-11-08 10:40:24,25,100,500,594
2023-11-08 10:40:24,45,100,500,594
2023-11-08 10:40:24,48,100,500,594
2023-11-08 10:40:24,48,57,500,594
2023-11-08 10:40:24,48,54,500,594
2023-11-08 10:40:35,48,100,500,594
2023-11-08 10:40:35,25,100,500,594
2023-11-08 10:40:35,42,100,500,594
2023-11-08 10:40:35,44,100,500,594
2023-11-08 10:40:35,47,100,500,594
2023-11-08 10:40:35,47,57,500,594
2023-11-08 10:40:35,47,55,500,594
2023-11-08 10:40:35,47,52,500,594
2023-11-08 10:40:49,47,100,500,594
2023-11-08 10:40:49,25,100,500,594
2023-11-08 10:40:49,40,100,500,594
2023-11-08 10:40:49,45,100,500,594
2023-11-08 10:40:49,45,56,500,594
2023-11-08 10:40:49,45,51,500,594
2023-11-08 10:41:10,25,51,500,594
2023-11-08 10:41:10,25,100,500,594
2023-11-08 10:41:10,41,100,500,594
2023-11-08 10:41:10,46,100,500,594
2023-11-08 10:41:10,46,55,500,594
2023-11-08 10:41:10,46,52,500,594
2023-11-08 10:41:30,25,52,500,594
2023-11-08 10:41:30,25,100,500,594
2023-11-08 10:41:30,45,100,500,594
2023-11-08 10:41:30,48,100,500,594
2023-11-08 10:41:30,48,59,500,594
2023-11-08 10:41:30,48,57,500,594
2023-11-08 10:41:30,48,54,500,594
2023-11-08 10:41:43,25,54,500,594
2023-11-08 10:41:43,25,100,500,594
2023-11-08 10:41:43,49,100,500,594
2023-11-08 10:41:43,49,55,500,594
2023-11-08 10:42:05,25,55,500,594
2023-11-08 10:42:05,25,100,500,594
2023-11-08 10:42:05,46,100,500,594
2023-11-08 10:42:05,48,100,500,594
2023-11-08 10:42:05,51,100,500,594
2023-11-08 10:42:05,51,61,500,594
2023-11-08 10:42:05,51,56,500,594
2023-11-08 10:42:26,48,56,475,619
2023-11-08 10:42:26,25,56,475,619
2023-11-08 10:42:26,25,100,475,619
2023-11-08 10:42:26,44,100,475,619
2023-11-08 10:42:26,49,100,475,619
2023-11-08 10:42:26,49,60,475,619
2023-11-08 10:42:26,49,55,475,619
2023-11-08 10:42:47,25,55,475,619
2023-11-08 10:42:47,25,100,475,619
2023-11-08 10:42:47,50,100,475,619
2023-11-08 10:42:47,50,58,475,619
2023-11-08 10:42:47,50,56,475,619
2023-11-08 10:42:55,25,56,475,619
2023-11-08 10:42:55,25,100,475,619
2023-11-08 10:42:55,50,100,475,619
2023-11-08 10:42:55,52,100,475,619
2023-11-08 10:42:55,52,58,475,619
2023-11-08 10:43:45,25,58,475,619
2023-11-08 10:43:45,25,100,475,619
2023-11-08 10:43:45,53,100,475,619
2023-11-08 10:43:45,53,61,475,619
2023-11-08 10:43:45,53,59,475,619
2023-11-08 10:43:53,53,100,475,619
2023-11-08 10:43:53,25,100,475,619
2023-11-08 10:43:53,49,100,475,619
2023-11-08 10:43:53,52,100,475,619
2023-11-08 10:43:53,52,62,475,619
2023-11-08 10:43:53,52,57,475,619
2023-11-08 10:44:39,25,57,475,619
2023-11-08 10:44:39,25,100,475,619
2023-11-08 10:44:39,48,100,475,619
2023-11-08 10:44:39,53,100,475,619
2023-11-08 10:44:39,53,61,475,619
2023-11-08 10:44:39,53,59,475,619
2023-11-08 10:45:16,25,59,475,619
2023-11-08 10:45:16,25,100,475,619
2023-11-08 10:45:16,49,100,475,619
2023-11-08 10:45:16,51,100,475,619
2023-11-08 10:45:16,54,100,475,619
2023-11-08 10:45:16,54,62,475,619
2023-11-08 10:45:16,54,60,475,619
2023-11-08 10:45:27,54,100,475,619
2023-11-08 10:45:27,25,100,475,619
2023-11-08 10:45:27,48,100,475,619
2023-11-08 10:45:27,51,100,475,619
2023-11-08 10:45:27,53,100,475,619
2023-11-08 10:45:27,53,61,475,619
2023-11-08 10:45:27,53,59,475,619
2023-11-08 10:45:52,53,100,475,619
2023-11-08 10:45:52,25,100,475,619
2023-11-08 10:45:52,51,100,475,619
2023-11-08 10:45:52,51,57,475,619
2023-11-08 10:46:27,51,100,475,619
2023-11-08 10:46:27,25,100,475,619
2023-11-08 10:46:27,50,100,475,619
2023-11-08 10:46:27,50,59,475,619
2023-11-08 10:46:27,50,56,475,619
2023-11-08 10:47:18,25,56,475,619
2023-11-08 10:47:18,25,100,475,619
2023-11-08 10:47:18,48,100,475,619
2023-11-08 10:47:18,51,100,475,619
2023-11-08 10:47:18,51,60,475,619
2023-11-08 10:47:18,51,57,475,619
2023-11-08 10:48:11,51,100,475,619
2023-11-08 10:48:11,25,100,475,619
2023-11-08 10:48:11,45,100,475,619
2023-11-08 10:48:11,48,100,475,619
2023-11-08 10:48:11,50,100,475,619
2023-11-08 10:48:11,50,61,475,619
2023-11-08 10:48:11,50,56,475,619
2023-11-08 10:48:41,25,56,475,619
2023-11-08 10:48:41,25,100,475,619
2023-11-08 10:48:41,51,100,475,619
2023-11-08 10:48:41,51,57,475,619
2023-11-08 10:49:20,51,100,475,619
2023-11-08 10:49:20,25,100,475,619
2023-11-08 10:49:20,50,100,475,619
2023-11-08 10:49:20,50,56,475,619
2023-11-08 10:49:56,25,56,475,619
2023-11-08 10:49:56,25,100,475,619
2023-11-08 10:49:56,51,100,475,619
2023-11-08 10:49:56,51,62,475,619
2023-11-08 10:49:56,51,59,475,619
2023-11-08 10:49:56,51,57,475,619
2023-11-08 10:50:37,51,100,475,619
2023-11-08 10:50:37,25,100,475,619
2023-11-08 10:50:37,45,100,475,619
2023-11-08 10:50:37,50,100,475,619
2023-11-08 10:50:37,50,61,475,619
2023-11-08 10:50:37,50,56,475,619
2023-11-08 10:50:47,50,100,475,619
2023-11-08 10:50:47,25,100,475,619
2023-11-08 10:50:47,43,100,475,619
2023-11-08 10:50:47,48,100,475,619
2023-11-08 10:50:47,48,57,475,619
2023-11-08 10:50:47,48,54,475,619
2023-11-08 10:51:15,48,100,475,619
2023-11-08 10:51:15,25,100,475,619
2023-11-08 10:51:15,42,100,475,619
2023-11-08 10:51:15,45,100,475,619
2023-11-08 10:51:15,47,100,475,619
2023-11-08 10:51:15,47,53,475,619
2023-11-08 10:51:23,25,53,475,619
2023-11-08 10:51:23,25,100,475,619
2023-11-08 10:51:23,43,100,475,619
2023-11-08 10:51:23,45,100,475,619
2023-11-08 10:51:23,48,100,475,619
2023-11-08 10:51:23,48,54,475,619
2023-11-08 10:52:23,25,54,475,619
2023-11-08 10:52:24,43,100,475,619
2023-11-08 10:52:24,48,100,475,619
2023-11-08 10:52:24,48,56,475,619
2023-11-08 10:52:24,48,54,475,619
2023-11-08 10:52:48,48,100,475,619
2023-11-08 10:52:48,25,100,475,619
2023-11-08 10:52:48,47,100,475,619
2023-11-08 10:52:48,47,57,475,619
2023-11-08 10:52:48,47,52,475,619
2023-11-08 10:53:42,25,52,475,619
2023-11-08 10:53:42,25,100,475,619
2023-11-08 10:53:42,43,100,475,619
2023-11-08 10:53:42,45,100,475,619
2023-11-08 10:53:42,48,100,475,619
2023-11-08 10:53:42,48,59,475,619
2023-11-08 10:53:42,48,54,475,619
2023-11-08 10:53:49,48,100,475,619
2023-11-08 10:53:49,25,100,475,619
2023-11-08 10:53:49,44,100,475,619
2023-11-08 10:53:49,46,100,475,619
2023-11-08 10:53:49,46,52,475,619
2023-11-08 10:53:59,46,100,475,619
2023-11-08 10:53:59,25,100,475,619
2023-11-08 10:53:59,43,100,475,619
2023-11-08 10:53:59,45,100,475,619
2023-11-08 10:53:59,45,53,475,619
2023-11-08 10:53:59,45,50,475,619
2023-11-08 10:54:51,45,100,475,619
2023-11-08 10:54:51,25,100,475,619
2023-11-08 10:54:51,40,100,475,619
2023-11-08 10:54:51,43,100,475,619
2023-11-08 10:54:51,43,52,475,619
2023-11-08 10:54:51,43,49,475,619
2023-11-08 10:55:03,25,49,475,619
2023-11-08 10:55:03,25,100,475,619
2023-11-08 10:55:03,44,100,475,619
2023-11-08 10:55:03,44,52,475,619
2023-11-08 10:55:03,44,50,475,619
2023-11-08 10:55:33,25,50,475,619
2023-11-08 10:55:33,25,100,475,619
2023-11-08 10:55:33,46,100,475,619
2023-11-08 10:55:33,46,57,475,619
2023-11-08 10:55:33,46,52,475,619
2023-11-08 10:55:51,25,52,475,619
2023-11-08 10:55:51,25,100,475,619
2023-11-08 10:55:51,47,100,475,619
2023-11-08 10:55:51,47,56,475,619
2023-11-08 10:55:51,47,53,475,619
2023-11-08 10:56:03,25,53,475,619
2023-11-08 10:56:03,25,100,475,619
2023-11-08 10:56:03,48,100,475,619
2023-11-08 10:56:03,48,56,475,619
2023-11-08 10:56:03,48,54,475,619
2023-11-08 10:56:33,48,100,475,619
2023-11-08 10:56:33,25,100,475,619
2023-11-08 10:56:33,47,100,475,619
2023-11-08 10:56:33,47,58,475,619
2023-11-08 10:56:33,47,53,475,619
2023-11-08 10:57:02,47,100,475,619
2023-11-08 10:57:02,25,100,475,619
2023-11-08 10:57:02,40,100,475,619
2023-11-08 10:57:02,42,100,475,619
2023-11-08 10:57:02,45,100,475,619
2023-11-08 10:57:02,45,51,475,619
2023-11-08 10:57:14,25,51,475,619
2023-11-08 10:57:14,25,100,475,619
2023-11-08 10:57:14,44,100,475,619
2023-11-08 10:57:14,46,100,475,619
2023-11-08 10:57:14,46,57,475,619
2023-11-08 10:57:14,46,52,475,619
2023-11-08 10:57:22,46,100,475,619
2023-11-08 10:57:22,25,100,475,619
2023-11-08 10:57:22,40,100,475,619
2023-11-08 10:57:22,45,100,475,619
2023-11-08 10:57:22,45,51,475,619
2023-11-08 10:57:47,45,100,475,619
2023-11-08 10:57:47,25,100,475,619
2023-11-08 10:57:47,42,100,475,619
2023-11-08 10:57:47,44,100,475,619
2023-11-08 10:57:47,44,52,475,619
2023-11-08 10:57:47,44,50,475,619
2023-11-08 10:58:22,44,100,475,619
2023-11-08 10:58:22,25,100,475,619
2023-11-08 10:58:22,37,100,475,619
2023-11-08 10:58:22,40,100,475,619
2023-11-08 10:58:22,42,100,475,619
2023-11-08 10:58:22,42,53,475,619
2023-11-08 10:58:22,42,48,475,619
2023-11-08 10:58:48,25,48,475,619
2023-11-08 10:58:48,25,100,475,619
2023-11-08 10:58:48,39,100,475,619
2023-11-08 10:58:48,42,100,475,619
2023-11-08 10:58:48,44,100,475,619
2023-11-08 10:58:48,44,50,475,619
2023-11-08 10:59:11,25,50,475,619
2023-11-08 10:59:11,25,100,475,619
2023-11-08 10:59:11,40,100,475,619
2023-11-08 10:59:11,45,100,475,619
2023-11-08 10:59:11,45,53,475,619
2023-11-08 10:59:11,45,51,475,619
2023-11-08 10:59:45,45,100,475,619
2023-11-08 10:59:45,25,100,475,619
2023-11-08 10:59:45,44,100,475,619
2023-11-08 10:59:45,44,52,475,619
2023-11-08 10:59:45,44,50,475,619
2023-11-08 10:59:53,44,100,475,619
2023-11-08 10:59:53,25,100,475,619
2023-11-08 10:59:53,41,100,475,619
2023-11-08 10:59:53,43,100,475,619
2023-11-08 10:59:53,43,49,475,619
2023-11-08 11:00:36,25,49,475,619
2023-11-08 11:00:36,25,100,475,619
2023-11-08 11:00:36,44,100,475,619
2023-11-08 11:00:36,44,53,475,619
2023-11-08 11:00:36,44,50,475,619
2023-11-08 11:00:57,25,50,475,619
2023-11-08 11:00:57,25,100,475,619
2023-11-08 11:00:57,46,100,475,619
2023-11-08 11:00:57,46,52,475,619
2023-11-08 11:01:13,25,52,475,619
2023-11-08 11:01:13,25,100,475,619
2023-11-08 11:01:13,45,100,475,619
2023-11-08 11:01:13,47,100,475,619
2023-11-08 11:01:13,47,55,475,619
2023-11-08 11:01:13,47,53,475,619
2023-11-08 11:01:20,47,100,475,619
2023-11-08 11:01:20,25,100,475,619
2023-11-08 11:01:20,41,100,475,619
2023-11-08 11:01:20,46,100,475,619
2023-11-08 11:01:20,46,54,475,619
2023-11-08 11:01:20,46,52,475,619
2023-11-08 11:01:23,46,100,475,619
2023-11-08 11:01:23,25,100,475,619
2023-11-08 11:01:23,39,100,475,619
2023-11-08 11:01:23,42,100,475,619
2023-11-08 11:01:23,44,100,475,619
2023-11-08 11:01:23,44,50,475,619
2023-11-08 11:01:48,25,50,475,619
2023-11-08 11:01:48,25,100,475,619
2023-11-08 11:01:48,43,100,475,619
2023-11-08 11:01:48,45,100,475,619
2023-11-08 11:01:48,45,51,475,619
2023-11-08 11:02:48,43,51,475,619
2023-11-08 11:02:49,45,100,475,619
2023-11-08 11:02:49,45,51,475,619
2023-11-08 11:02:54,25,51,475,619
2023-11-08 11:02:54,25,100,475,619
2023-11-08 11:02:54,42,100,475,619
2023-11-08 11:02:54,45,100,475,619
2023-11-08 11:02:54,47,100,475,619
2023-11-08 11:02:54,47,52,475,619
2023-11-08 11:03:05,47,100,475,619
2023-11-08 11:03:05,25,100,475,619
2023-11-08 11:03:05,43,100,475,619
2023-11-08 11:03:05,45,100,475,619
2023-11-08 11:03:05,45,56,475,619
2023-11-08 11:03:05,45,53,475,619
2023-11-08 11:03:05,45,51,475,619
2023-11-08 11:03:23,25,51,475,619
2023-11-08 11:03:23,25,100,475,619
2023-11-08 11:03:23,47,100,475,619
2023-11-08 11:03:23,47,58,475,619
2023-11-08 11:03:23,47,55,475,619
2023-11-08 11:03:23,47,53,475,619
2023-11-08 11:03:47,25,53,475,619
2023-11-08 11:03:47,25,100,475,619
2023-11-08 11:03:47,45,100,475,619
2023-11-08 11:03:47,48,100,475,619
2023-11-08 11:03:47,48,56,475,619
2023-11-08 11:03:47,48,54,475,619
2023-11-08 11:04:00,48,100,475,619
2023-11-08 11:04:00,25,100,475,619
2023-11-08 11:04:00,47,100,475,619
2023-11-08 11:04:00,47,56,475,619
2023-11-08 11:04:00,47,53,475,619
2023-11-08 11:04:20,25,53,475,619
2023-11-08 11:04:20,25,100,475,619
2023-11-08 11:04:20,43,100,475,619
2023-11-08 11:04:20,46,100,475,619
2023-11-08 11:04:20,48,100,475,619
2023-11-08 11:04:20,48,56,475,619
2023-11-08 11:04:20,48,54,475,619
2023-11-08 11:05:20,48,56,475,619
2023-11-08 11:05:21,42,100,475,619
2023-11-08 11:05:21,44,100,475,619
2023-11-08 11:05:21,47,100,475,619
2023-11-08 11:05:21,47,58,475,619
2023-11-08 11:05:21,47,56,475,619
2023-11-08 11:05:21,47,53,475,619
2023-11-08 11:05:35,47,100,475,619
2023-11-08 11:05:35,25,100,475,619
2023-11-08 11:05:35,46,100,475,619
2023-11-08 11:05:35,46,57,475,619
2023-11-08 11:05:35,46,55,475,619
2023-11-08 11:05:35,46,52,475,619
2023-11-08 11:06:35,46,55,475,619
2023-11-08 11:06:36,40,100,475,619
2023-11-08 11:06:36,45,100,475,619
2023-11-08 11:06:36,45,51,475,619
2023-11-08 11:07:36,43,51,475,619
2023-11-08 11:07:37,42,100,475,619
2023-11-08 11:07:37,45,100,475,619
2023-11-08 11:07:37,45,51,475,619
2023-11-08 11:07:41,45,100,475,619
2023-11-08 11:07:41,25,100,475,619
2023-11-08 11:07:41,42,100,475,619
2023-11-08 11:07:41,44,100,475,619
2023-11-08 11:07:41,44,50,475,619
2023-11-08 11:08:15,42,50,450,644
2023-11-08 11:08:16,42,100,450,644
2023-11-08 11:08:16,25,100,450,644
2023-11-08 11:08:16,42,100,450,644
2023-11-08 11:08:16,42,48,450,644
2023-11-08 11:08:20,42,100,450,644
2023-11-08 11:08:20,25,100,450,644
2023-11-08 11:08:20,36,100,450,644
2023-11-08 11:08:20,38,100,450,644
2023-11-08 11:08:20,41,100,450,644
2023-11-08 11:08:20,41,50,450,644
2023-11-08 11:08:20,41,47,450,644
2023-11-08 11:08:57,25,47,450,644
2023-11-08 11:08:57,25,100,450,644
2023-11-08 11:08:57,42,100,450,644
2023-11-08 11:08:57,42,50,450,644
2023-11-08 11:08:57,42,48,450,644
2023-11-08 11:09:30,25,48,450,644
2023-11-08 11:09:30,25,100,450,644
2023-11-08 11:09:30,42,100,450,644
2023-11-08 11:09:30,44,100,450,644
2023-11-08 11:09:30,44,52,450,644
2023-11-08 11:09:30,44,49,450,644
2023-11-08 11:09:36,44,100,450,644
2023-11-08 11:09:36,25,100,450,644
2023-11-08 11:09:36,39,100,450,644
2023-11-08 11:09:36,42,100,450,644
2023-11-08 11:09:36,42,48,450,644
2023-11-08 11:10:25,25,48,450,644
2023-11-08 11:10:25,25,100,450,644
2023-11-08 11:10:25,44,100,450,644
2023-11-08 11:10:25,44,55,450,644
2023-11-08 11:10:25,44,52,450,644
2023-11-08 11:10:25,44,50,450,644
2023-11-08 11:10:40,25,50,450,644
2023-11-08 11:10:40,25,100,450,644
2023-11-08 11:10:40,40,100,450,644
2023-11-08 11:10:40,45,100,450,644
2023-11-08 11:10:40,45,51,450,644
2023-11-08 11:11:40,45,54,450,644
2023-11-08 11:11:41,41,100,450,644
2023-11-08 11:11:41,46,100,450,644
2023-11-08 11:11:41,46,57,450,644
2023-11-08 11:11:41,46,54,450,644
2023-11-08 11:11:41,46,52,450,644
2023-11-08 11:11:50,25,52,450,644
2023-11-08 11:11:50,25,100,450,644
2023-11-08 11:11:50,47,100,450,644
2023-11-08 11:11:50,47,53,450,644
2023-11-08 11:12:04,47,100,450,644
2023-11-08 11:12:04,25,100,450,644
2023-11-08 11:12:04,46,100,450,644
2023-11-08 11:12:04,46,54,450,644
2023-11-08 11:12:04,46,52,450,644
2023-11-08 11:12:18,25,52,450,644
2023-11-08 11:12:18,25,100,450,644
2023-11-08 11:12:18,46,100,450,644
2023-11-08 11:12:18,48,100,450,644
2023-11-08 11:12:18,48,59,450,644
2023-11-08 11:12:18,48,54,450,644
2023-11-08 11:13:17,25,54,450,644
2023-11-08 11:13:17,25,100,450,644
2023-11-08 11:13:17,44,100,450,644
2023-11-08 11:13:17,46,100,450,644
2023-11-08 11:13:17,49,100,450,644
2023-11-08 11:13:17,49,57,450,644
2023-11-08 11:13:17,49,55,450,644
2023-11-08 11:13:38,55,57,450,719
2023-11-08 11:13:38,49,57,225,944
2023-11-08 11:13:53,49,100,225,944
2023-11-08 11:13:53,25,100,225,944
2023-11-08 11:13:53,43,100,225,944
2023-11-08 11:13:53,45,100,225,944
2023-11-08 11:13:53,48,100,225,944
2023-11-08 11:13:53,48,55,225,944
2023-11-08 11:13:53,48,53,225,944
2023-11-08 11:14:20,25,53,225,944
2023-11-08 11:14:20,25,100,225,944
2023-11-08 11:14:20,49,100,225,944
2023-11-08 11:14:20,49,57,225,944
2023-11-08 11:14:20,49,55,225,944
2023-11-08 11:14:47,49,100,225,944
2023-11-08 11:14:47,25,100,225,944
2023-11-08 11:14:47,47,100,225,944
2023-11-08 11:14:47,47,55,225,944
2023-11-08 11:14:47,47,53,225,944
2023-11-08 11:15:01,25,53,225,944
2023-11-08 11:15:01,25,100,225,944
2023-11-08 11:15:01,46,100,225,944
2023-11-08 11:15:01,49,100,225,944
2023-11-08 11:15:01,49,58,225,944
2023-11-08 11:15:01,49,55,225,944
2023-11-08 11:15:20,49,100,225,944
2023-11-08 11:15:20,25,100,225,944
2023-11-08 11:15:20,42,100,225,944
2023-11-08 11:15:20,47,100,225,944
2023-11-08 11:15:20,47,55,225,944
2023-11-08 11:15:20,47,53,225,944
2023-11-08 11:15:26,25,53,225,944
2023-11-08 11:15:26,25,100,225,944
2023-11-08 11:15:26,49,100,225,944
2023-11-08 11:15:26,49,58,225,944
2023-11-08 11:15:26,49,55,225,944
2023-11-08 11:16:01,25,55,225,944
2023-11-08 11:16:01,25,100,225,944
2023-11-08 11:16:01,45,100,225,944
2023-11-08 11:16:01,47,100,225,944
2023-11-08 11:16:01,50,100,225,944
2023-11-08 11:16:01,50,59,225,944
2023-11-08 11:16:01,50,56,225,944
2023-11-08 11:16:16,25,56,225,944
2023-11-08 11:16:16,25,100,225,944
2023-11-08 11:16:16,49,100,225,944
2023-11-08 11:16:16,51,100,225,944
2023-11-08 11:16:16,51,59,225,944
2023-11-08 11:16:16,51,57,225,944
2023-11-08 11:16:22,25,57,225,944
2023-11-08 11:16:22,25,100,225,944
2023-11-08 11:16:22,53,100,225,944
2023-11-08 11:16:22,53,59,225,944
2023-11-08 11:16:27,53,100,225,944
2023-11-08 11:16:27,25,100,225,944
2023-11-08 11:16:27,51,100,225,944
2023-11-08 11:16:27,51,61,225,944
2023-11-08 11:16:27,51,57,225,944
2023-11-08 11:17:13,25,57,225,944
2023-11-08 11:17:13,25,100,225,944
2023-11-08 11:17:13,53,100,225,944
2023-11-08 11:17:13,53,63,225,944
2023-11-08 11:17:13,53,60,225,944
2023-11-08 11:17:13,53,58,225,944
2023-11-08 11:17:28,25,58,225,944
2023-11-08 11:17:28,25,100,225,944
2023-11-08 11:17:28,49,100,225,944
2023-11-08 11:17:28,54,100,225,944
2023-11-08 11:17:28,54,60,225,944
2023-11-08 11:18:28,52,60,225,944
2023-11-08 11:18:29,55,100,225,944
2023-11-08 11:18:29,55,65,225,944
2023-11-08 11:18:29,55,63,225,944
2023-11-08 11:18:29,55,61,225,944
2023-11-08 11:18:58,55,100,225,944
2023-11-08 11:18:58,25,100,225,944
2023-11-08 11:18:58,51,100,225,944
2023-11-08 11:18:58,54,100,225,944
2023-11-08 11:18:58,54,61,225,944
2023-11-08 11:18:58,54,59,225,944
2023-11-08 11:19:07,54,100,225,944
2023-11-08 11:19:07,25,100,225,944
2023-11-08 11:19:07,49,100,225,944
2023-11-08 11:19:07,52,100,225,944
2023-11-08 11:19:07,52,62,225,944
2023-11-08 11:19:07,52,58,225,944
2023-11-08 11:20:07,25,58,225,944
2023-11-08 11:20:08,50,100,225,944
2023-11-08 11:20:08,53,100,225,944
2023-11-08 11:20:08,53,63,225,944
2023-11-08 11:20:08,53,60,225,944
2023-11-08 11:20:08,53,58,225,944
2023-11-08 11:20:23,53,100,225,944
2023-11-08 11:20:23,25,100,225,944
2023-11-08 11:20:23,46,100,225,944
2023-11-08 11:20:23,51,100,225,944
2023-11-08 11:20:23,51,59,225,944
2023-11-08 11:20:23,51,57,225,944
2023-11-08 11:20:29,51,100,225,944
2023-11-08 11:20:29,25,100,225,944
2023-11-08 11:20:29,45,100,225,944
2023-11-08 11:20:29,48,100,225,944
2023-11-08 11:20:29,50,100,225,944
2023-11-08 11:20:29,50,61,225,944
2023-11-08 11:20:29,50,58,225,944
2023-11-08 11:20:29,50,56,225,944
2023-11-08 11:21:00,50,100,225,944
2023-11-08 11:21:00,25,100,225,944
2023-11-08 11:21:00,46,100,225,944
2023-11-08 11:21:00,48,100,225,944
2023-11-08 11:21:00,48,59,225,944
2023-11-08 11:21:00,48,54,225,944
2023-11-08 11:21:15,48,100,225,944
2023-11-08 11:21:15,25,100,225,944
2023-11-08 11:21:15,44,100,225,944
2023-11-08 11:21:15,47,100,225,944
2023-11-08 11:21:15,47,55,225,944
2023-11-08 11:21:15,47,53,225,944
2023-11-08 11:21:18,47,100,225,944
2023-11-08 11:21:18,25,100,225,944
2023-11-08 11:21:18,46,100,225,944
2023-11-08 11:21:18,46,54,225,944
2023-11-08 11:21:18,46,52,225,944
2023-11-08 11:21:26,46,100,225,944
2023-11-08 11:21:26,25,100,225,944
2023-11-08 11:21:26,44,100,225,944
2023-11-08 11:21:26,44,55,225,944
2023-11-08 11:21:26,44,50,225,944
2023-11-08 11:21:38,44,100,225,944
2023-11-08 11:21:38,25,100,225,944
2023-11-08 11:21:38,43,100,225,944
2023-11-08 11:21:38,43,49,225,944
2023-11-08 11:22:05,25,49,225,944
2023-11-08 11:22:05,25,100,225,944
2023-11-08 11:22:05,42,100,225,944
2023-11-08 11:22:05,44,100,225,944
2023-11-08 11:22:05,44,50,225,944
2023-11-08 11:22:21,25,50,225,944
2023-11-08 11:22:21,25,100,225,944
2023-11-08 11:22:21,45,100,225,944
2023-11-08 11:22:21,45,51,225,944
2023-11-08 11:22:41,45,100,225,944
2023-11-08 11:22:41,25,100,225,944
2023-11-08 11:22:41,39,100,225,944
2023-11-08 11:22:41,44,100,225,944
2023-11-08 11:22:41,44,52,225,944
2023-11-08 11:22:41,44,50,225,944
2023-11-08 11:23:08,44,100,225,944
2023-11-08 11:23:08,25,100,225,944
2023-11-08 11:23:08,39,100,225,944
2023-11-08 11:23:08,41,100,225,944
2023-11-08 11:23:08,43,100,225,944
2023-11-08 11:23:08,43,49,225,944
2023-11-08 11:23:21,43,100,225,944
2023-11-08 11:23:21,25,100,225,944
2023-11-08 11:23:21,36,100,225,944
2023-11-08 11:23:21,39,100,225,944
2023-11-08 11:23:21,41,100,225,944
2023-11-08 11:23:21,41,49,225,944
2023-11-08 11:23:21,41,47,225,944
2023-11-08 11:23:39,25,47,225,944
2023-11-08 11:23:39,25,100,225,944
2023-11-08 11:23:39,43,100,225,944
2023-11-08 11:23:39,43,51,225,944
2023-11-08 11:23:39,43,49,225,944
2023-11-08 11:23:59,43,100,225,944
2023-11-08 11:23:59,25,100,225,944
2023-11-08 11:23:59,42,100,225,944
2023-11-08 11:23:59,42,51,225,944
2023-11-08 11:23:59,42,48,225,944
2023-11-08 11:24:19,42,100,225,944
2023-11-08 11:24:19,25,100,225,944
2023-11-08 11:24:19,40,100,225,944
2023-11-08 11:24:19,40,49,225,944
2023-11-08 11:24:19,40,46,225,944
2023-11-08 11:24:37,40,100,225,944
2023-11-08 11:24:37,25,100,225,944
2023-11-08 11:24:37,34,100,225,944
2023-11-08 11:24:37,38,100,225,944
2023-11-08 11:24:37,38,44,225,944
2023-11-08 11:24:40,38,100,225,944
2023-11-08 11:24:40,25,100,225,944
2023-11-08 11:24:40,31,100,225,944
2023-11-08 11:24:40,33,100,225,944
2023-11-08 11:24:40,33,44,225,944
2023-11-08 11:24:57,25,44,225,944
2023-11-08 11:24:57,25,100,225,944
2023-11-08 11:24:57,35,100,225,944
2023-11-08 11:24:57,37,100,225,944
2023-11-08 11:24:57,37,45,225,944
2023-11-08 11:24:57,37,44,225,944
2023-11-08 11:25:15,37,100,225,944
2023-11-08 11:25:15,25,100,225,944
2023-11-08 11:25:15,36,100,225,944
2023-11-08 11:25:15,36,44,225,944
2023-11-08 11:25:15,36,43,225,944
2023-11-08 11:25:31,25,43,225,944
2023-11-08 11:25:31,25,100,225,944
2023-11-08 11:25:31,38,100,225,944
2023-11-08 11:25:31,38,44,225,944
2023-11-08 11:26:31,25,44,225,944
2023-11-08 11:26:32,37,100,225,944
2023-11-08 11:26:32,37,45,225,944
2023-11-08 11:26:32,37,44,225,944
2023-11-08 11:26:56,25,44,225,944
2023-11-08 11:26:56,25,100,225,944
2023-11-08 11:26:56,39,100,225,944
2023-11-08 11:26:56,39,46,225,944
2023-11-08 11:26:56,39,44,225,944
2023-11-08 11:27:26,39,46,225,1033
2023-11-08 11:27:34,25,46,225,1033
2023-11-08 11:27:34,25,100,225,1033
2023-11-08 11:27:34,38,100,225,1033
2023-11-08 11:27:34,40,100,225,1033
2023-11-08 11:27:34,40,51,225,1033
2023-11-08 11:27:34,40,46,225,1033
2023-11-08 11:28:18,25,46,225,1033
2023-11-08 11:28:18,25,100,225,1033
2023-11-08 11:28:18,40,100,225,1033
2023-11-08 11:28:18,42,100,225,1033
2023-11-08 11:28:18,42,50,225,1033
2023-11-08 11:28:18,42,47,225,1033
2023-11-08 11:28:44,25,47,225,1033
2023-11-08 11:28:44,25,100,225,1033
2023-11-08 11:28:44,43,100,225,1033
2023-11-08 11:28:44,43,51,225,1033
2023-11-08 11:28:44,43,49,225,1033
2023-11-08 11:28:48,43,100,225,1033
2023-11-08 11:28:48,25,100,225,1033
2023-11-08 11:28:48,37,100,225,1033
2023-11-08 11:28:48,41,100,225,1033
2023-11-08 11:28:48,41,49,225,1033
2023-11-08 11:28:48,41,47,225,1033
2023-11-08 11:29:20,25,47,225,1033
2023-11-08 11:29:20,25,100,225,1033
2023-11-08 11:29:20,38,100,225,1033
2023-11-08 11:29:20,41,100,225,1033
2023-11-08 11:29:20,43,100,225,1033
2023-11-08 11:29:20,43,49,225,1033
2023-11-08 11:29:56,43,100,225,1033
2023-11-08 11:29:56,25,100,225,1033
2023-11-08 11:29:56,37,100,225,1033
2023-11-08 11:29:56,40,100,225,1033
2023-11-08 11:29:56,42,100,225,1033
2023-11-08 11:29:56,42,47,225,1033
2023-11-08 11:30:05,42,100,225,1033
2023-11-08 11:30:05,25,100,225,1033
2023-11-08 11:30:05,40,100,225,1033
2023-11-08 11:30:05,40,46,225,1033
2023-11-08 11:30:10,40,100,225,1033
2023-11-08 11:30:10,25,100,225,1033
2023-11-08 11:30:10,35,100,225,1033
2023-11-08 11:30:10,37,100,225,1033
2023-11-08 11:30:10,39,100,225,1033
2023-11-08 11:30:10,39,47,225,1033
2023-11-08 11:30:10,39,45,225,1033
2023-11-08 11:30:45,25,45,225,1033
2023-11-08 11:30:45,25,100,225,1033
2023-11-08 11:30:45,35,100,225,1033
2023-11-08 11:30:45,40,100,225,1033
2023-11-08 11:30:45,40,51,225,1033
2023-11-08 11:30:45,40,46,225,1033
2023-11-08 11:30:53,40,100,225,1033
2023-11-08 11:30:53,25,100,225,1033
2023-11-08 11:30:53,35,100,225,1033
2023-11-08 11:30:53,39,100,225,1033
2023-11-08 11:30:53,39,45,225,1033
2023-11-08 11:31:10,25,45,225,1033
2023-11-08 11:31:10,25,100,225,1033
2023-11-08 11:31:10,40,100,225,1033
2023-11-08 11:31:10,40,51,225,1033
2023-11-08 11:31:10,40,49,225,1033
2023-11-08 11:31:10,40,46,225,1033
2023-11-08 11:31:32,25,46,225,1033
2023-11-08 11:31:32,25,100,225,1033
2023-11-08 11:31:32,36,100,225,1033
2023-11-08 11:31:32,38,100,225,1033
2023-11-08 11:31:32,41,100,225,1033
2023-11-08 11:31:32,41,51,225,1033
2023-11-08 11:31:42,25,51,225,1033
2023-11-08 11:31:42,25,100,225,1033
2023-11-08 11:31:42,38,100,225,1033
2023-11-08 11:31:42,43,100,225,1033
2023-11-08 11:31:42,43,56,225,1033
2023-11-08 11:31:42,43,53,225,1033
2023-11-08 11:31:44,43,100,225,1033
2023-11-08 11:31:44,25,100,225,1033
2023-11-08 11:31:44,37,100,225,1033
2023-11-08 11:31:44,39,100,225,1033
2023-11-08 11:31:44,39,51,225,1033
2023-11-08 11:31:44,39,49,225,1033
2023-11-08 11:31:57,39,100,225,1033
2023-11-08 11:31:57,25,100,225,1033
2023-11-08 11:31:57,40,100,225,1033
2023-11-08 11:31:57,40,46,225,1033
2023-11-08 11:32:57,38,46,225,1033
2023-11-08 11:32:58,36,100,225,1033
2023-11-08 11:32:58,39,100,225,1033
2023-11-08 11:32:58,41,100,225,1033
2023-11-08 11:32:58,41,48,225,1033
2023-11-08 11:32:58,41,46,225,1033
2023-11-08 11:33:51,41,100,225,1033
2023-11-08 11:33:51,39,100,200,1058
2023-11-08 11:33:51,25,100,200,1058
2023-11-08 11:33:51,34,100,200,1058
2023-11-08 11:33:51,36,100,200,1058
2023-11-08 11:33:51,36,49,200,1058
2023-11-08 11:33:51,36,46,200,1058
2023-11-08 11:33:56,25,46,200,1058
2023-11-08 11:33:56,25,100,200,1058
2023-11-08 11:33:56,39,100,200,1058
2023-11-08 11:33:56,39,45,200,1058
2023-11-08 11:34:12,39,100,200,1058
2023-11-08 11:34:12,25,100,200,1058
2023-11-08 11:34:12,36,100,200,1058
2023-11-08 11:34:12,38,100,200,1058
2023-11-08 11:34:12,38,49,200,1058
2023-11-08 11:34:12,38,47,200,1058
2023-11-08 11:34:12,38,44,200,1058
2023-11-08 11:34:57,25,44,200,1058
2023-11-08 11:34:57,25,100,200,1058
2023-11-08 11:34:57,34,100,200,1058
2023-11-08 11:34:57,37,100,200,1058
2023-11-08 11:34:57,39,100,200,1058
2023-11-08 11:34:57,39,45,200,1058
2023-11-08 11:35:02,25,45,200,1058
2023-11-08 11:35:02,25,100,200,1058
2023-11-08 11:35:02,39,100,200,1058
2023-11-08 11:35:02,41,100,200,1058
2023-11-08 11:35:02,41,52,200,1058
2023-11-08 11:35:02,41,49,200,1058
2023-11-08 11:35:02,41,47,200,1058
2023-11-08 11:35:35,25,47,200,1058
2023-11-08 11:35:35,25,100,200,1058
2023-11-08 11:35:35,37,100,200,1058
2023-11-08 11:35:35,40,100,200,1058
2023-11-08 11:35:35,42,100,200,1058
2023-11-08 11:35:35,42,48,200,1058
2023-11-08 11:35:47,25,48,200,1058
2023-11-08 11:35:47,25,100,200,1058
2023-11-08 11:35:47,40,100,200,1058
2023-11-08 11:35:47,43,100,200,1058
2023-11-08 11:35:47,43,52,200,1058
2023-11-08 11:35:47,43,49,200,1058
2023-11-08 11:36:25,43,100,200,1058
2023-11-08 11:36:25,25,100,200,1058
2023-11-08 11:36:25,42,100,200,1058
2023-11-08 11:36:25,42,50,200,1058
2023-11-08 11:36:25,42,48,200,1058
2023-11-08 11:37:22,25,48,200,1058
2023-11-08 11:37:22,25,100,200,1058
2023-11-08 11:37:22,43,100,200,1058
2023-11-08 11:37:22,43,52,200,1058
2023-11-08 11:37:22,43,49,200,1058
2023-11-08 11:37:43,25,49,200,1058
2023-11-08 11:37:43,25,100,200,1058
2023-11-08 11:37:43,40,100,200,1058
2023-11-08 11:37:43,45,100,200,1058
2023-11-08 11:37:43,45,53,200,1058
2023-11-08 11:37:43,45,51,200,1058
2023-11-08 11:38:17,45,100,200,1058
2023-11-08 11:38:17,25,100,200,1058
2023-11-08 11:38:17,41,100,200,1058
2023-11-08 11:38:17,43,100,200,1058
2023-11-08 11:38:17,43,54,200,1058
2023-11-08 11:38:17,43,51,200,1058
2023-11-08 11:38:17,43,49,200,1058
2023-11-08 11:39:11,43,100,200,1058
2023-11-08 11:39:11,25,100,200,1058
2023-11-08 11:39:11,40,100,200,1058
2023-11-08 11:39:11,42,100,200,1058
2023-11-08 11:39:11,42,48,200,1058
2023-11-08 11:39:35,42,100,200,1058
2023-11-08 11:39:35,40,100,200,1058
2023-11-08 11:39:35,25,100,200,1058
2023-11-08 11:40:38,34,100,200,1058
2023-11-08 11:40:38,38,100,200,1058
2023-11-08 11:40:38,38,49,200,1058
2023-11-08 11:40:38,38,46,200,1058
2023-11-08 11:40:38,38,44,200,1058
2023-11-08 11:41:38,38,46,200,1058
2023-11-08 11:41:38,35,100,200,1058
2023-11-08 11:41:38,37,100,200,1058
2023-11-08 11:41:38,37,44,200,1058
2023-11-08 11:42:01,25,44,200,1058
2023-11-08 11:42:01,25,100,200,1058
2023-11-08 11:42:01,35,100,200,1058
2023-11-08 11:42:01,39,100,200,1058
2023-11-08 11:42:01,39,51,200,1058
2023-11-08 11:42:01,39,49,200,1058
2023-11-08 11:42:22,39,100,200,1058
2023-11-08 11:42:22,25,100,200,1058
2023-11-08 11:42:22,38,100,200,1058
2023-11-08 11:42:22,40,100,200,1058
2023-11-08 11:42:22,40,48,200,1058
2023-11-08 11:42:22,40,46,200,1058
2023-11-08 11:42:43,25,46,200,1058
2023-11-08 11:42:43,25,100,200,1058
2023-11-08 11:42:43,41,100,200,1058
2023-11-08 11:42:43,41,52,200,1058
2023-11-08 11:42:43,41,50,200,1058
2023-11-08 11:42:43,41,47,200,1058
2023-11-08 11:42:49,38,47,125,1133
2023-11-08 11:42:51,25,47,125,1133
2023-11-08 11:42:51,25,100,125,1133
2023-11-08 11:42:51,36,100,125,1133
2023-11-08 11:42:51,40,100,125,1133
2023-11-08 11:42:51,40,51,125,1133
2023-11-08 11:42:51,40,48,125,1133
2023-11-08 11:42:51,40,46,125,1133
2023-11-08 11:43:16,25,46,125,1133
2023-11-08 11:43:16,25,100,125,1133
2023-11-08 11:43:16,39,100,125,1133
2023-11-08 11:43:16,41,100,125,1133
2023-11-08 11:43:16,41,52,125,1133
2023-11-08 11:43:16,41,47,125,1133
2023-11-08 11:43:26,25,47,125,1133
2023-11-08 11:43:26,25,100,125,1133
2023-11-08 11:43:26,42,100,125,1133
2023-11-08 11:43:26,42,53,125,1133
2023-11-08 11:43:26,42,50,125,1133
2023-11-08 11:43:26,42,48,125,1133
2023-11-08 11:43:54,25,48,125,1133
2023-11-08 11:43:54,25,100,125,1133
2023-11-08 11:43:54,38,100,125,1133
2023-11-08 11:43:54,41,100,125,1133
2023-11-08 11:43:54,43,100,125,1133
2023-11-08 11:43:54,43,54,125,1133
2023-11-08 11:43:54,43,51,125,1133
2023-11-08 11:43:54,43,49,125,1133
2023-11-08 11:44:47,25,49,125,1133
2023-11-08 11:44:47,25,100,125,1133
2023-11-08 11:44:47,40,100,125,1133
2023-11-08 11:44:47,45,100,125,1133
2023-11-08 11:44:47,45,56,125,1133
2023-11-08 11:44:47,45,51,125,1133
2023-11-08 11:45:07,25,51,125,1133
2023-11-08 11:45:07,25,100,125,1133
2023-11-08 11:45:07,43,100,125,1133
2023-11-08 11:45:07,46,100,125,1133
2023-11-08 11:45:07,46,57,125,1133
2023-11-08 11:45:07,46,55,125,1133
2023-11-08 11:45:07,46,52,125,1133
2023-11-08 11:45:57,46,100,125,1133
2023-11-08 11:45:57,25,100,125,1133
2023-11-08 11:45:57,42,100,125,1133
2023-11-08 11:45:57,45,100,125,1133
2023-11-08 11:45:57,45,56,125,1133
2023-11-08 11:45:57,45,54,125,1133
2023-11-08 11:45:57,45,51,125,1133
2023-11-08 11:46:20,25,51,125,1133
2023-11-08 11:46:20,25,100,125,1133
2023-11-08 11:46:20,46,100,125,1133
2023-11-08 11:46:20,46,54,125,1133
2023-11-08 11:46:20,46,52,125,1133
2023-11-08 11:46:25,25,52,125,1133
2023-11-08 11:46:25,25,100,125,1133
2023-11-08 11:46:25,48,100,125,1133
2023-11-08 11:46:25,48,55,125,1133
2023-11-08 11:46:25,48,53,125,1133
2023-11-08 11:47:23,48,100,125,1133
2023-11-08 11:47:23,25,100,125,1133
2023-11-08 11:47:23,43,100,125,1133
2023-11-08 11:47:23,46,100,125,1133
2023-11-08 11:47:23,46,52,125,1133
2023-11-08 11:47:32,46,100,125,1133
2023-11-08 11:47:32,25,100,125,1133
2023-11-08 11:47:32,45,100,125,1133
2023-11-08 11:47:32,45,53,125,1133
2023-11-08 11:47:32,45,51,125,1133
2023-11-08 11:48:01,25,51,125,1133
2023-11-08 11:48:01,25,100,125,1133
2023-11-08 11:48:01,46,100,125,1133
2023-11-08 11:48:01,46,57,125,1133
2023-11-08 11:48:01,46,52,125,1133
2023-11-08 11:48:07,25,52,125,1133
2023-11-08 11:48:07,25,100,125,1133
2023-11-08 11:48:07,42,100,125,1133
2023-11-08 11:48:07,45,100,125,1133
2023-11-08 11:48:07,47,100,125,1133
2023-11-08 11:48:07,47,58,125,1133
2023-11-08 11:48:07,47,55,125,1133
2023-11-08 11:48:07,47,53,125,1133
2023-11-08 11:48:30,47,100,125,1133
2023-11-08 11:48:30,25,100,125,1133
2023-11-08 11:48:30,44,100,125,1133
2023-11-08 11:48:30,46,100,125,1133
2023-11-08 11:48:30,46,54,125,1133
2023-11-08 11:48:30,46,52,125,1133
2023-11-08 11:48:48,46,100,125,1133
2023-11-08 11:48:48,25,100,125,1133
2023-11-08 11:48:48,45,100,125,1133
2023-11-08 11:48:48,45,56,125,1133
2023-11-08 11:48:48,45,51,125,1133
2023-11-08 11:48:57,45,100,125,1133
2023-11-08 11:48:57,25,100,125,1133
2023-11-08 11:48:57,38,100,125,1133
2023-11-08 11:48:57,43,100,125,1133
2023-11-08 11:48:57,43,54,125,1133
2023-11-08 11:48:57,43,52,125,1133
2023-11-08 11:48:57,43,49,125,1133
2023-11-08 11:49:07,41,49,25,1233
2023-11-08 11:49:08,41,100,25,1233
2023-11-08 11:49:08,25,100,25,1233
2023-11-08 11:49:08,40,100,25,1233
2023-11-08 11:49:08,42,100,25,1233
2023-11-08 11:49:08,42,53,25,1233
2023-11-08 11:49:08,42,48,25,1233
2023-11-08 11:49:12,42,100,25,1233
2023-11-08 11:49:12,25,100,25,1233
2023-11-08 11:49:12,35,100,25,1233
2023-11-08 11:49:12,40,100,25,1233
2023-11-08 11:49:12,40,49,25,1233
2023-11-08 11:49:12,40,46,25,1233
2023-11-08 11:49:28,25,46,25,1233
2023-11-08 11:49:28,25,100,25,1233
2023-11-08 11:49:28,42,100,25,1233
2023-11-08 11:49:28,42,51,25,1233
2023-11-08 11:49:28,42,48,25,1233
2023-11-08 11:50:12,42,100,25,1233
2023-11-08 11:50:12,25,100,25,1233
2023-11-08 11:50:12,38,100,25,1233
2023-11-08 11:50:12,40,100,25,1233
2023-11-08 11:50:12,40,51,25,1233
2023-11-08 11:50:12,40,46,25,1233
2023-11-08 11:50:30,40,100,25,1233
2023-11-08 11:50:30,25,100,25,1233
2023-11-08 11:50:30,39,100,25,1233
2023-11-08 11:50:30,39,47,25,1233
2023-11-08 11:50:30,39,45,25,1233
2023-11-08 11:50:45,37,45,80,1333
2023-11-08 11:50:46,37,100,80,1333
2023-11-08 11:50:46,25,100,80,1333
2023-11-08 11:50:46,30,100,80,1333
2023-11-08 11:50:46,34,100,80,1333
2023-11-08 11:50:46,34,44,80,1333
2023-11-08 11:51:26,34,100,80,1333
2023-11-08 11:51:26,25,100,80,1333
2023-11-08 11:51:26,33,100,80,1333
2023-11-08 11:51:26,35,100,80,1333
2023-11-08 11:51:26,35,44,80,1333
2023-11-08 11:51:26,35,41,80,1333
2023-11-08 11:51:43,35,100,80,1333
2023-11-08 11:51:43,25,100,80,1333
2023-11-08 11:51:43,32,100,80,1333
2023-11-08 11:51:43,34,100,80,1333
2023-11-08 11:51:43,34,44,80,1333
2023-11-08 11:51:43,34,43,80,1333
2023-11-08 11:51:43,34,40,80,1333
2023-11-08 11:52:00,25,40,80,1333
2023-11-08 11:52:00,25,100,80,1333
2023-11-08 11:52:00,31,100,80,1333
2023-11-08 11:52:00,35,100,80,1333
2023-11-08 11:52:00,35,46,80,1333
2023-11-08 11:52:00,35,41,80,1333
2023-11-08 11:52:03,25,41,80,1333
2023-11-08 11:52:03,25,100,80,1333
2023-11-08 11:52:03,33,100,80,1333
2023-11-08 11:52:03,35,100,80,1333
2023-11-08 11:52:03,37,100,80,1333
2023-11-08 11:52:03,37,47,80,1333
2023-11-08 11:52:03,37,44,80,1333
2023-11-08 11:52:03,37,43,80,1333
2023-11-08 11:52:04,25,43,80,1333
2023-11-08 11:52:04,25,100,80,1333
2023-11-08 11:52:04,35,100,80,1333
2023-11-08 11:52:04,37,100,80,1333
2023-11-08 11:52:04,37,52,80,1333
2023-11-08 11:52:04,37,50,80,1333
2023-11-08 11:52:04,37,47,80,1333
2023-11-08 11:52:13,37,100,80,1333
2023-11-08 11:52:13,25,100,80,1333
2023-11-08 11:52:13,34,100,80,1333
2023-11-08 11:52:13,36,100,80,1333
2023-11-08 11:52:13,38,100,80,1333
2023-11-08 11:52:13,38,48,80,1333
2023-11-08 11:52:13,38,45,80,1333
2023-11-08 11:52:13,38,44,80,1333
2023-11-08 11:52:30,38,100,80,1333
2023-11-08 11:52:30,25,100,80,1333
2023-11-08 11:52:30,34,100,80,1333
2023-11-08 11:52:30,36,100,80,1333
2023-11-08 11:52:30,36,47,80,1333
2023-11-08 11:52:30,36,44,80,1333
2023-11-08 11:52:30,36,43,80,1333
2023-11-08 11:53:01,25,43,80,1333
2023-11-08 11:53:01,25,100,80,1333
2023-11-08 11:53:01,37,100,80,1333
2023-11-08 11:53:01,37,48,80,1333
2023-11-08 11:53:01,37,46,80,1333
2023-11-08 11:53:01,37,44,80,1333
2023-11-08 11:53:32,37,100,80,1333
2023-11-08 11:53:32,25,100,80,1333
2023-11-08 11:53:32,34,100,80,1333
2023-11-08 11:53:32,36,100,80,1333
2023-11-08 11:53:32,36,43,80,1333
2023-11-08 11:53:41,25,43,80,1333
2023-11-08 11:53:41,25,100,80,1333
2023-11-08 11:53:41,33,100,80,1333
2023-11-08 11:53:41,37,100,80,1333
2023-11-08 11:53:41,37,44,80,1333
2023-11-08 11:54:01,25,44,80,1333
2023-11-08 11:54:01,25,100,80,1333
2023-11-08 11:54:01,35,100,80,1333
2023-11-08 11:54:01,37,100,80,1333
2023-11-08 11:54:01,39,100,80,1333
2023-11-08 11:54:01,39,50,80,1333
2023-11-08 11:54:01,39,45,80,1333
2023-11-08 11:55:01,39,47,80,1333
2023-11-08 11:55:02,38,100,80,1333
2023-11-08 11:55:02,38,44,80,1333
2023-11-08 11:55:52,38,100,80,1333
2023-11-08 11:55:52,25,100,80,1333
2023-11-08 11:55:52,37,100,80,1333
2023-11-08 11:55:52,37,44,80,1333
2023-11-08 11:56:05,37,100,80,1333
2023-11-08 11:56:05,25,100,80,1333
2023-11-08 11:56:05,32,100,80,1333
2023-11-08 11:56:05,36,100,80,1333
2023-11-08 11:56:05,36,45,80,1333
2023-11-08 11:56:05,36,43,80,1333
2023-11-08 11:56:21,36,100,80,1333
2023-11-08 11:56:21,25,100,80,1333
2023-11-08 11:56:21,32,100,80,1333
2023-11-08 11:56:21,34,100,80,1333
2023-11-08 11:56:21,34,45,80,1333
2023-11-08 11:56:21,34,40,80,1333
2023-11-08 11:56:44,34,100,80,1333
2023-11-08 11:56:44,25,100,80,1333
2023-11-08 11:56:44,33,100,80,1333
2023-11-08 11:56:44,33,39,80,1333
2023-11-08 11:56:56,33,100,80,1333
2023-11-08 11:56:56,25,100,80,1333
2023-11-08 11:56:56,30,100,80,1333
2023-11-08 11:56:56,32,100,80,1333
2023-11-08 11:56:56,32,43,80,1333
2023-11-08 11:56:56,32,38,80,1333
2023-11-08 11:56:57,32,100,80,1333
2023-11-08 11:56:57,25,100,80,1333
2023-11-08 11:56:57,27,100,80,1333
2023-11-08 11:56:57,27,40,80,1333
2023-11-08 11:56:57,27,38,80,1333
2023-11-08 11:57:34,25,38,80,1333
2023-11-08 11:57:34,25,100,80,1333
2023-11-08 11:57:34,28,100,80,1333
2023-11-08 11:57:34,31,100,80,1333
2023-11-08 11:57:34,31,39,80,1333
2023-11-08 11:57:34,31,37,80,1333
2023-11-08 11:58:13,31,100,80,1333
2023-11-08 11:58:13,25,100,80,1333
2023-11-08 11:58:13,26,100,80,1333
2023-11-08 11:58:13,28,100,80,1333
2023-11-08 11:58:13,30,100,80,1333
2023-11-08 11:58:13,30,36,80,1333
2023-11-08 11:58:55,30,100,80,1333
2023-11-08 11:58:55,25,100,80,1333
2023-11-08 11:58:55,28,100,80,1333
2023-11-08 11:58:55,28,35,80,1333
2023-11-08 11:59:35,25,35,80,1333
2023-11-08 11:59:35,25,100,80,1333
2023-11-08 11:59:35,26,100,80,1333
2023-11-08 11:59:35,30,100,80,1333
2023-11-08 11:59:35,30,38,80,1333
2023-11-08 11:59:35,30,36,80,1333
2023-11-08 12:00:01,30,100,80,1333
2023-11-08 12:00:01,25,100,80,1333
2023-11-08 12:00:01,28,100,80,1333
2023-11-08 12:00:01,28,35,80,1333
2023-11-08 12:00:54,28,100,80,1333
2023-11-08 12:00:54,25,100,80,1333
2023-11-08 12:00:54,25,36,80,1333
2023-11-08 12:00:54,25,34,80,1333
2023-11-08 12:00:55,25,100,80,1333
2023-11-08 12:00:55,25,35,80,1333
2023-11-08 12:00:55,25,33,80,1333
2023-11-08 12:00:55,25,31,80,1333
2023-11-08 12:00:59,23,31,230,1483
2023-11-08 12:01:06,23,100,230,1483
2023-11-08 12:01:06,1,100,230,1483
2023-11-08 12:01:06,21,100,230,1483
2023-11-08 12:01:06,23,100,230,1483
2023-11-08 12:01:06,23,31,230,1483
2023-11-08 12:01:06,23,29,230,1483
2023-11-08 12:01:31,23,100,230,1483
2023-11-08 12:01:31,1,100,230,1483
2023-11-08 12:01:31,19,100,230,1483
2023-11-08 12:01:31,20,100,230,1483
2023-11-08 12:01:31,22,100,230,1483
2023-11-08 12:01:31,22,28,230,1483
2023-11-08 12:01:35,22,100,230,1483
2023-11-08 12:01:35,1,100,230,1483
2023-11-08 12:01:35,21,100,230,1483
2023-11-08 12:01:35,21,27,230,1483
2023-11-08 12:02:06,1,27,230,1483
2023-11-08 12:02:06,1,100,230,1483
2023-11-08 12:02:06,20,100,230,1483
2023-11-08 12:02:06,22,100,230,1483
2023-11-08 12:02:06,22,30,230,1483
2023-11-08 12:02:06,22,28,230,1483
2023-11-08 12:02:54,1,28,230,1483
2023-11-08 12:02:54,1,100,230,1483
2023-11-08 12:02:54,23,100,230,1483
2023-11-08 12:02:54,23,29,230,1483
2023-11-08 12:03:20,23,100,230,1483
2023-11-08 12:03:20,1,100,230,1483
2023-11-08 12:03:20,22,100,230,1483
2023-11-08 12:03:20,22,30,230,1483
2023-11-08 12:03:20,22,28,230,1483
2023-11-08 12:04:18,1,28,230,1483
2023-11-08 12:04:18,1,100,230,1483
2023-11-08 12:04:18,20,100,230,1483
2023-11-08 12:04:18,22,100,230,1483
2023-11-08 12:04:18,24,100,230,1483
2023-11-08 12:04:18,24,31,230,1483
2023-11-08 12:04:18,24,29,230,1483
2023-11-08 12:04:56,24,100,230,1483
2023-11-08 12:04:56,1,100,230,1483
2023-11-08 12:04:56,20,100,230,1483
2023-11-08 12:04:56,22,100,230,1483
2023-11-08 12:04:56,22,28,230,1483
2023-11-08 12:05:56,20,28,230,1483
2023-11-08 12:05:57,22,100,230,1483
2023-11-08 12:05:57,22,29,230,1483
2023-11-08 12:05:57,22,27,230,1483
2023-11-08 12:06:35,22,100,230,1483
2023-11-08 12:06:35,1,100,230,1483
2023-11-08 12:06:35,17,100,230,1483
2023-11-08 12:06:35,20,100,230,1483
2023-11-08 12:06:35,20,26,230,1483
2023-11-08 12:06:51,1,26,230,1483
2023-11-08 12:06:51,1,100,230,1483
2023-11-08 12:06:51,20,100,230,1483
2023-11-08 12:06:51,22,100,230,1483
2023-11-08 12:06:51,22,27,230,1483
2023-11-08 12:07:07,22,100,230,1483
2023-11-08 12:07:07,1,100,230,1483
2023-11-08 12:07:07,17,100,230,1483
2023-11-08 12:07:07,18,100,230,1483
2023-11-08 12:07:07,20,100,230,1483
2023-11-08 12:07:07,20,27,230,1483
2023-11-08 12:07:07,20,25,230,1483
2023-11-08 12:07:11,20,100,230,1483
2023-11-08 12:07:11,1,100,230,1483
2023-11-08 12:07:11,18,100,230,1483
2023-11-08 12:07:11,18,24,230,1483
2023-11-08 12:07:19,18,100,230,1483
2023-11-08 12:07:19,1,100,230,1483
2023-11-08 12:07:19,15,100,230,1483
2023-11-08 12:07:19,17,100,230,1483
2023-11-08 12:07:19,17,25,230,1483
2023-11-08 12:07:19,17,22,230,1483
2023-11-08 12:07:26,15,22,280,1533
2023-11-08 12:07:29,15,100,280,1533
2023-11-08 12:07:29,1,100,280,1533
2023-11-08 12:07:29,13,100,280,1533
2023-11-08 12:07:29,15,100,280,1533
2023-11-08 12:07:29,15,24,280,1533
2023-11-08 12:07:29,15,23,280,1533
2023-11-08 12:07:29,15,21,280,1533
2023-11-08 12:07:50,15,100,280,1533
2023-11-08 12:07:50,1,100,280,1533
2023-11-08 12:07:50,14,100,280,1533
2023-11-08 12:07:50,14,23,280,1533
2023-11-08 12:07:50,14,22,280,1533
2023-11-08 12:07:50,14,20,280,1533
2023-11-08 12:08:04,14,100,280,1533
2023-11-08 12:08:04,1,100,280,1533
2023-11-08 12:08:04,10,100,280,1533
2023-11-08 12:08:04,12,100,280,1533
2023-11-08 12:08:04,13,100,280,1533
2023-11-08 12:08:04,13,20,280,1533
2023-11-08 12:08:04,13,18,280,1533
2023-11-08 12:08:17,13,100,280,1533
2023-11-08 12:08:17,1,100,280,1533
2023-11-08 12:08:17,11,100,280,1533
2023-11-08 12:08:17,11,19,280,1533
2023-11-08 12:08:17,11,17,280,1533
2023-11-08 12:08:38,1,17,280,1533
2023-11-08 12:08:38,1,100,280,1533
2023-11-08 12:08:38,10,100,280,1533
2023-11-08 12:08:38,12,100,280,1533
2023-11-08 12:08:38,13,100,280,1533
2023-11-08 12:08:38,13,20,280,1533
2023-11-08 12:08:38,13,18,280,1533
2023-11-08 12:09:26,1,18,280,1533
2023-11-08 12:09:26,1,100,280,1533
2023-11-08 12:09:26,11,100,280,1533
2023-11-08 12:09:26,14,100,280,1533
2023-11-08 12:09:26,14,20,280,1533
2023-11-08 12:09:36,14,100,280,1533
2023-11-08 12:09:36,1,100,280,1533
2023-11-08 12:09:36,10,100,280,1533
2023-11-08 12:09:36,12,100,280,1533
2023-11-08 12:09:36,12,21,280,1533
2023-11-08 12:09:36,12,18,280,1533
2023-11-08 12:10:34,1,18,280,1533
2023-11-08 12:10:34,1,100,280,1533
2023-11-08 12:10:34,12,100,280,1533
2023-11-08 12:10:34,14,100,280,1533
2023-11-08 12:10:34,14,22,280,1533
2023-11-08 12:10:34,14,20,280,1533
2023-11-08 12:10:50,1,20,280,1533
2023-11-08 12:10:50,1,100,280,1533
2023-11-08 12:10:50,12,100,280,1533
2023-11-08 12:10:50,15,100,280,1533
2023-11-08 12:10:50,15,25,280,1533
2023-11-08 12:10:50,15,23,280,1533
2023-11-08 12:10:50,15,21,280,1533
2023-11-08 12:11:27,1,21,280,1533
2023-11-08 12:11:27,1,100,280,1533
2023-11-08 12:11:27,17,100,280,1533
2023-11-08 12:11:27,17,22,280,1533
2023-11-08 12:12:27,17,24,280,1533
2023-11-08 12:12:28,13,100,280,1533
2023-11-08 12:12:28,14,100,280,1533
2023-11-08 12:12:28,16,100,280,1533
2023-11-08 12:12:28,16,26,280,1533
2023-11-08 12:12:28,16,24,280,1533
2023-11-08 12:12:28,16,22,280,1533
2023-11-08 12:13:28,16,26,280,1533
2023-11-08 12:13:29,14,100,280,1533
2023-11-08 12:13:29,17,100,280,1533
2023-11-08 12:13:29,17,27,280,1533
2023-11-08 12:13:29,17,25,280,1533
2023-11-08 12:13:29,17,23,280,1533
2023-11-08 12:13:57,1,23,280,1533
2023-11-08 12:13:57,1,100,280,1533
2023-11-08 12:13:57,15,100,280,1533
2023-11-08 12:13:57,17,100,280,1533
2023-11-08 12:13:57,17,31,280,1533
2023-11-08 12:13:57,17,27,280,1533
2023-11-08 12:13:58,17,100,280,1533
2023-11-08 12:13:58,1,100,280,1533
2023-11-08 12:13:58,16,100,280,1533
2023-11-08 12:13:58,18,100,280,1533
2023-11-08 12:13:58,18,28,280,1533
2023-11-08 12:13:58,18,24,280,1533
2023-11-08 12:14:39,18,100,280,1533
2023-11-08 12:14:39,10,100,280,1533
2023-11-08 12:14:39,14,100,280,1533
2023-11-08 12:14:39,16,100,280,1533
2023-11-08 12:14:39,16,22,280,1533
2023-11-08 12:15:25,16,100,280,1533
2023-11-08 12:15:25,10,100,280,1533
2023-11-08 12:15:25,12,100,280,1533
2023-11-08 12:15:25,13,100,280,1533
2023-11-08 12:15:25,15,100,280,1533
2023-11-08 12:15:25,15,23,280,1533
2023-11-08 12:15:25,15,21,280,1533
2023-11-08 12:16:03,10,21,280,1533
2023-11-08 12:16:03,10,100,280,1533
2023-11-08 12:16:03,14,100,280,1533
2023-11-08 12:16:03,16,100,280,1533
2023-11-08 12:16:03,16,24,280,1533
2023-11-08 12:16:03,16,22,280,1533
2023-11-08 12:16:43,10,22,280,1533
2023-11-08 12:16:43,10,100,280,1533
2023-11-08 12:16:43,15,100,280,1533
2023-11-08 12:16:43,16,100,280,1533
2023-11-08 12:16:43,18,100,280,1533
2023-11-08 12:16:43,18,28,280,1533
2023-11-08 12:16:43,18,26,280,1533
2023-11-08 12:16:43,18,24,280,1533
2023-11-08 12:17:43,18,28,280,1533
2023-11-08 12:17:44,17,100,280,1533
2023-11-08 12:17:44,17,27,280,1533
2023-11-08 12:17:44,17,25,280,1533
2023-11-08 12:17:44,17,23,280,1533
2023-11-08 12:18:44,17,25,280,1533
2023-11-08 12:18:45,15,100,280,1533
2023-11-08 12:18:45,18,100,280,1533
2023-11-08 12:18:45,18,25,280,1533
2023-11-08 12:18:45,18,23,280,1533
2023-11-08 12:19:44,10,23,280,1533
2023-11-08 12:19:44,10,100,280,1533
2023-11-08 12:19:44,17,100,280,1533
2023-11-08 12:19:44,19,100,280,1533
2023-11-08 12:19:44,19,29,280,1533
2023-11-08 12:19:44,19,25,280,1533
2023-11-08 12:19:58,19,100,280,1533
2023-11-08 12:19:58,10,100,280,1533
2023-11-08 12:19:58,18,100,280,1533
2023-11-08 12:19:58,18,27,280,1533
2023-11-08 12:19:58,18,25,280,1533
2023-11-08 12:19:58,18,23,280,1533
2023-11-08 12:20:46,10,23,280,1533
2023-11-08 12:20:46,10,100,280,1533
2023-11-08 12:20:46,19,100,280,1533
2023-11-08 12:20:46,19,25,280,1533
2023-11-08 12:21:07,10,25,280,1533
2023-11-08 12:21:07,10,100,280,1533
2023-11-08 12:21:07,17,100,280,1533
2023-11-08 12:21:07,18,100,280,1533
2023-11-08 12:21:07,20,100,280,1533
2023-11-08 12:21:07,20,30,280,1533
2023-11-08 12:21:07,20,28,280,1533
2023-11-08 12:21:07,20,26,280,1533
2023-11-08 12:21:27,20,100,280,1533
2023-11-08 12:21:27,10,100,280,1533
2023-11-08 12:21:27,17,100,280,1533
2023-11-08 12:21:27,19,100,280,1533
2023-11-08 12:21:27,19,25,280,1533
2023-11-08 12:22:27,19,100,280,1533
2023-11-08 12:22:28,17,100,280,1533
2023-11-08 12:22:28,19,100,280,1533
2023-11-08 12:22:28,19,29,280,1533
2023-11-08 12:22:28,19,25,280,1533
2023-11-08 12:23:28,19,100,280,1533
2023-11-08 12:23:29,16,100,280,1533
2023-11-08 12:23:29,18,100,280,1533
2023-11-08 12:23:29,18,26,280,1533
2023-11-08 12:23:29,18,24,280,1533
2023-11-08 12:24:02,10,24,280,1533
2023-11-08 12:24:02,10,100,280,1533
2023-11-08 12:24:02,19,100,280,1533
2023-11-08 12:24:02,19,29,280,1533
2023-11-08 12:24:02,19,25,280,1533
2023-11-08 12:25:02,16,25,280,1533
2023-11-08 12:25:03,18,100,280,1533
2023-11-08 12:25:03,18,24,280,1533
2023-11-08 12:26:03,16,24,280,1533
2023-11-08 12:26:04,15,100,280,1533
2023-11-08 12:26:04,18,100,280,1533
2023-11-08 12:26:04,18,26,280,1533
2023-11-08 12:26:04,18,24,280,1533
2023-11-08 12:27:04,18,100,280,1533
2023-11-08 12:27:05,16,100,280,1533
2023-11-08 12:27:05,18,100,280,1533
2023-11-08 12:27:05,18,24,280,1533
2023-11-08 12:27:19,18,100,280,1533
2023-11-08 12:27:19,10,100,280,1533
2023-11-08 12:27:19,17,100,280,1533
2023-11-08 12:27:19,17,26,280,1533
2023-11-08 12:27:19,17,22,280,1533
2023-11-08 12:28:19,10,22,280,1533
2023-11-08 12:28:20,15,100,280,1533
2023-11-08 12:28:20,17,100,280,1533
2023-11-08 12:28:20,17,23,280,1533
2023-11-08 12:28:25,17,100,280,1533
2023-11-08 12:28:25,10,100,280,1533
2023-11-08 12:28:25,13,100,280,1533
2023-11-08 12:28:25,14,100,280,1533
2023-11-08 12:28:25,16,100,280,1533
2023-11-08 12:28:25,16,24,280,1533
2023-11-08 12:28:25,16,23,280,1533
2023-11-08 12:28:25,16,21,280,1533
2023-11-08 12:29:18,10,21,280,1533
2023-11-08 12:29:18,10,100,280,1533
2023-11-08 12:29:18,15,100,280,1533
2023-11-08 12:29:18,17,100,280,1533
2023-11-08 12:29:18,17,23,280,1533
2023-11-08 12:30:12,17,100,280,1533
2023-11-08 12:30:12,10,100,280,1533
2023-11-08 12:30:12,13,100,280,1533
2023-11-08 12:30:12,16,100,280,1533
2023-11-08 12:30:12,16,22,280,1533
2023-11-08 12:31:12,14,22,280,1533
2023-11-08 12:31:13,14,100,280,1533
2023-11-08 12:31:13,16,100,280,1533
2023-11-08 12:31:13,16,24,280,1533
2023-11-08 12:31:13,16,22,280,1533
2023-11-08 12:32:13,10,22,280,1533
2023-11-08 12:32:14,13,100,280,1533
2023-11-08 12:32:14,15,100,280,1533
2023-11-08 12:32:14,15,22,280,1533
2023-11-08 12:32:14,15,20,280,1533
2023-11-08 12:33:14,13,20,280,1533
2023-11-08 12:33:15,12,100,280,1533
2023-11-08 12:33:15,15,100,280,1533
2023-11-08 12:33:15,15,22,280,1533
2023-11-08 12:33:15,15,20,280,1533
2023-11-08 12:33:51,10,20,280,1533
2023-11-08 12:33:51,10,100,280,1533
2023-11-08 12:33:51,13,100,280,1533
2023-11-08 12:33:51,16,100,280,1533
2023-11-08 12:33:51,16,22,280,1533
2023-11-08 12:34:18,16,100,280,1533
2023-11-08 12:34:18,10,100,280,1533
2023-11-08 12:34:18,13,100,280,1533
2023-11-08 12:34:18,15,100,280,1533
2023-11-08 12:34:18,15,24,280,1533
2023-11-08 12:34:18,15,21,280,1533
2023-11-08 12:34:45,10,21,280,1533
2023-11-08 12:34:45,10,100,280,1533
2023-11-08 12:34:45,13,100,280,1533
2023-11-08 12:34:45,16,100,280,1533
2023-11-08 12:34:45,16,26,280,1533
2023-11-08 12:34:45,16,24,280,1533
2023-11-08 12:34:45,16,22,280,1533
2023-11-08 12:35:45,14,22,280,1533
2023-11-08 12:35:46,16,100,280,1533
2023-11-08 12:35:46,16,21,280,1533
2023-11-08 12:36:46,16,100,280,1533
2023-11-08 12:36:47,15,100,280,1533
2023-11-08 12:36:47,15,23,280,1533
2023-11-08 12:36:47,15,21,280,1533
2023-11-08 12:37:04,10,21,280,1533
2023-11-08 12:37:04,10,100,280,1533
2023-11-08 12:37:04,14,100,280,1533
2023-11-08 12:37:04,15,100,280,1533
2023-11-08 12:37:04,17,100,280,1533
2023-11-08 12:37:04,17,23,280,1533
2023-11-08 12:37:47,10,23,280,1533
2023-11-08 12:37:47,10,100,280,1533
2023-11-08 12:37:47,18,100,280,1533
2023-11-08 12:37:47,18,26,280,1533
2023-11-08 12:37:47,18,24,280,1533
2023-11-08 12:38:47,18,26,280,1533
2023-11-08 12:38:48,16,100,280,1533
2023-11-08 12:38:48,19,100,280,1533
2023-11-08 12:38:48,19,29,280,1533
2023-11-08 12:38:48,19,27,280,1533
2023-11-08 12:38:48,19,25,280,1533
2023-11-08 12:39:18,10,25,280,1533
2023-11-08 12:39:18,10,100,280,1533
2023-11-08 12:39:18,20,100,280,1533
2023-11-08 12:39:18,20,28,280,1533
2023-11-08 12:39:18,20,26,280,1533
2023-11-08 12:39:27,10,26,280,1533
2023-11-08 12:39:27,10,100,280,1533
2023-11-08 12:39:27,22,100,280,1533
2023-11-08 12:39:27,22,32,280,1533
2023-11-08 12:39:27,22,28,280,1533
2023-11-08 12:40:27,22,32,280,1533
2023-11-08 12:40:28,20,100,280,1533
2023-11-08 12:40:28,22,100,280,1533
2023-11-08 12:40:28,22,31,280,1533
2023-11-08 12:40:28,22,29,280,1533
2023-11-08 12:40:28,22,27,280,1533
2023-11-08 12:41:28,20,27,280,1533
2023-11-08 12:41:29,19,100,280,1533
2023-11-08 12:41:29,20,100,280,1533
2023-11-08 12:41:29,22,100,280,1533
2023-11-08 12:41:29,22,31,280,1533
2023-11-08 12:41:29,22,29,280,1533
2023-11-08 12:41:29,22,27,280,1533
2023-11-08 12:42:01,20,27,305,1558
2023-11-08 12:42:03,20,100,305,1558
2023-11-08 12:42:03,10,100,305,1558
2023-11-08 12:42:03,17,100,305,1558
2023-11-08 12:42:03,18,100,305,1558
2023-11-08 12:42:03,20,100,305,1558
2023-11-08 12:42:03,20,28,305,1558
2023-11-08 12:42:03,20,26,305,1558
2023-11-08 12:42:41,10,26,305,1558
2023-11-08 12:42:41,10,100,305,1558
2023-11-08 12:42:41,18,100,305,1558
2023-11-08 12:42:41,19,100,305,1558
2023-11-08 12:42:41,21,100,305,1558
2023-11-08 12:42:41,21,31,305,1558
2023-11-08 12:42:41,21,27,305,1558
2023-11-08 12:43:40,21,100,305,1558
2023-11-08 12:43:40,10,100,305,1558
2023-11-08 12:43:40,17,100,305,1558
2023-11-08 12:43:40,20,100,305,1558
2023-11-08 12:43:40,20,30,305,1558
2023-11-08 12:43:40,20,26,305,1558
2023-11-08 12:44:08,10,26,305,1558
2023-11-08 12:44:08,10,100,305,1558
2023-11-08 12:44:08,18,100,305,1558
2023-11-08 12:44:08,19,100,305,1558
2023-11-08 12:44:08,21,100,305,1558
2023-11-08 12:44:08,21,27,305,1558
2023-11-08 12:44:43,10,27,305,1558
2023-11-08 12:44:43,10,100,305,1558
2023-11-08 12:44:43,20,100,305,1558
2023-11-08 12:44:43,21,100,305,1558
2023-11-08 12:44:43,23,100,305,1558
2023-11-08 12:44:43,23,31,305,1558
2023-11-08 12:44:43,23,29,305,1558
2023-11-08 12:45:43,23,33,305,1558
2023-11-08 12:45:44,21,100,305,1558
2023-11-08 12:45:44,23,100,305,1558
2023-11-08 12:45:44,23,33,305,1558
2023-11-08 12:45:44,23,29,305,1558
2023-11-08 12:46:45,23,100,305,1558
2023-11-08 12:46:45,19,100,305,1558
2023-11-08 12:46:45,23,100,305,1558
2023-11-08 12:46:45,23,31,305,1558
2023-11-08 12:46:45,23,29,305,1558
2023-11-08 12:46:59,23,100,305,1558
2023-11-08 12:46:59,10,100,305,1558
2023-11-08 12:46:59,21,100,305,1558
2023-11-08 12:46:59,21,31,305,1558
2023-11-08 12:46:59,21,27,305,1558
2023-11-08 12:47:59,21,29,305,1558
2023-11-08 12:48:00,22,100,305,1558
2023-11-08 12:48:00,22,31,305,1558
2023-11-08 12:48:00,22,29,305,1558
2023-11-08 12:48:00,22,27,305,1558
2023-11-08 12:48:24,22,100,305,1558
2023-11-08 12:48:24,10,100,305,1558
2023-11-08 12:48:24,18,100,305,1558
2023-11-08 12:48:24,20,100,305,1558
2023-11-08 12:48:24,20,26,305,1558
2023-11-08 12:49:24,18,26,305,1558
2023-11-08 12:49:25,18,100,305,1558
2023-11-08 12:49:25,19,100,305,1558
2023-11-08 12:49:25,21,100,305,1558
2023-11-08 12:49:25,21,31,305,1558
2023-11-08 12:49:25,21,27,305,1558
2023-11-08 12:49:55,10,27,305,1558
2023-11-08 12:49:55,10,100,305,1558
2023-11-08 12:49:55,20,100,305,1558
2023-11-08 12:49:55,22,100,305,1558
2023-11-08 12:49:55,22,30,305,1558
2023-11-08 12:49:55,22,28,305,1558
2023-11-08 12:50:29,22,100,305,1558
2023-11-08 12:50:29,10,100,305,1558
2023-11-08 12:50:29,19,100,305,1558
2023-11-08 12:50:29,21,100,305,1558
2023-11-08 12:50:29,21,31,305,1558
2023-11-08 12:50:29,21,27,305,1558
2023-11-08 12:50:40,21,100,305,1558
2023-11-08 12:50:40,10,100,305,1558
2023-11-08 12:50:40,20,100,305,1558
2023-11-08 12:50:40,20,27,305,1558
2023-11-08 12:50:40,20,25,305,1558
2023-11-08 12:51:40,20,27,305,1558
2023-11-08 12:51:41,19,100,305,1558
2023-11-08 12:51:41,19,27,305,1558
2023-11-08 12:52:41,19,100,305,1558
2023-11-08 12:52:41,17,100,305,1558
2023-11-08 12:52:41,19,100,305,1558
2023-11-08 12:52:41,19,30,305,1558
2023-11-08 12:52:41,19,28,305,1558
2023-11-08 12:52:41,19,26,305,1558
2023-11-08 12:53:41,17,26,305,1558
2023-11-08 12:53:42,15,100,305,1558
2023-11-08 12:53:42,16,100,305,1558
2023-11-08 12:53:42,18,100,305,1558
2023-11-08 12:53:42,18,30,305,1558
2023-11-08 12:53:42,18,26,305,1558
2023-11-08 12:54:42,18,30,305,1558
2023-11-08 12:54:43,16,100,305,1558
2023-11-08 12:54:43,17,100,305,1558
2023-11-08 12:54:43,19,100,305,1558
2023-11-08 12:54:43,19,31,305,1558
2023-11-08 12:54:43,19,29,305,1558
2023-11-08 12:54:43,19,27,305,1558
2023-11-08 12:55:10,19,100,305,1558
2023-11-08 12:55:10,10,100,305,1558
2023-11-08 12:55:10,18,100,305,1558
2023-11-08 12:55:10,18,28,305,1558
2023-11-08 12:55:10,18,26,305,1558
2023-11-08 12:56:10,16,26,305,1558
2023-11-08 12:56:11,18,100,305,1558
2023-11-08 12:56:11,18,26,305,1558
2023-11-08 12:56:18,18,100,305,1558
2023-11-08 12:56:18,10,100,305,1558
2023-11-08 12:56:18,15,100,305,1558
2023-11-08 12:56:18,17,100,305,1558
2023-11-08 12:56:18,17,27,305,1558
2023-11-08 12:56:18,17,25,305,1558
2023-11-08 12:57:19,17,29,305,1558
2023-11-08 12:57:19,15,100,305,1558
2023-11-08 12:57:19,16,100,305,1558
2023-11-08 12:57:19,18,100,305,1558
2023-11-08 12:57:19,18,29,305,1558
2023-11-08 12:57:19,18,27,305,1558
2023-11-08 12:57:19,18,25,305,1558
2023-11-08 12:58:19,10,25,305,1558
2023-11-08 12:58:20,17,100,305,1558
2023-11-08 12:58:20,19,100,305,1558
2023-11-08 12:58:20,19,26,305,1558
2023-11-08 12:59:13,10,26,305,1558
2023-11-08 12:59:13,10,100,305,1558
2023-11-08 12:59:13,18,100,305,1558
2023-11-08 12:59:13,20,100,305,1558
2023-11-08 12:59:13,20,32,305,1558
2023-11-08 12:59:13,20,30,305,1558
2023-11-08 12:59:13,20,28,305,1558
2023-11-08 12:59:56,10,28,305,1558
2023-11-08 12:59:56,10,100,305,1558
2023-11-08 12:59:56,17,100,305,1558
2023-11-08 12:59:56,19,100,305,1558
2023-11-08 12:59:56,21,100,305,1558
2023-11-08 12:59:56,21,31,305,1558
2023-11-08 12:59:56,21,29,305,1558
2023-11-08 13:00:56,21,31,305,1558
2023-11-08 13:00:57,21,100,305,1558
2023-11-08 13:00:57,21,33,305,1558
2023-11-08 13:00:57,21,29,305,1558
2023-11-08 13:01:41,21,100,305,1558
2023-11-08 13:01:41,10,100,305,1558
2023-11-08 13:01:41,17,100,305,1558
2023-11-08 13:01:41,18,100,305,1558
2023-11-08 13:01:41,20,100,305,1558
2023-11-08 13:01:41,20,27,305,1558
2023-11-08 13:02:01,20,100,305,1558
2023-11-08 13:02:01,10,100,305,1558
2023-11-08 13:02:01,16,100,305,1558
2023-11-08 13:02:01,18,100,305,1558
2023-11-08 13:02:01,18,28,305,1558
2023-11-08 13:02:01,18,26,305,1558
2023-11-08 13:02:09,10,26,305,1558
2023-11-08 13:02:09,10,100,305,1558
2023-11-08 13:02:09,17,100,305,1558
2023-11-08 13:02:09,18,100,305,1558
2023-11-08 13:02:09,20,100,305,1558
2023-11-08 13:02:09,20,30,305,1558
2023-11-08 13:02:21,10,30,305,1558
2023-11-08 13:02:21,10,100,305,1558
2023-11-08 13:02:21,18,100,305,1558
2023-11-08 13:02:21,22,100,305,1558
2023-11-08 13:02:21,22,32,305,1558
2023-11-08 13:02:21,22,30,305,1558
2023-11-08 13:02:24,22,100,305,1558
2023-11-08 13:02:24,10,100,305,1558
2023-11-08 13:02:24,17,100,305,1558
2023-11-08 13:02:24,21,100,305,1558
2023-11-08 13:02:24,21,29,305,1558
2023-11-08 13:02:46,21,100,305,1558
2023-11-08 13:02:46,10,100,305,1558
2023-11-08 13:02:46,18,100,305,1558
2023-11-08 13:02:46,20,100,305,1558
2023-11-08 13:02:46,20,29,305,1558
2023-11-08 13:02:46,20,27,305,1558
2023-11-08 13:02:50,10,27,305,1558
2023-11-08 13:02:50,10,100,305,1558
2023-11-08 13:02:50,19,100,305,1558
2023-11-08 13:02:50,21,100,305,1558
2023-11-08 13:02:50,21,33,305,1558
2023-11-08 13:02:50,21,29,305,1558
2023-11-08 13:03:06,21,100,305,1558
2023-11-08 13:03:06,10,100,305,1558
2023-11-08 13:03:06,17,100,305,1558
2023-11-08 13:03:06,18,100,305,1558
2023-11-08 13:03:06,20,100,305,1558
2023-11-08 13:03:06,20,27,305,1558
2023-11-08 13:03:13,10,27,305,1558
2023-11-08 13:03:13,10,100,305,1558
2023-11-08 13:03:13,18,100,305,1558
2023-11-08 13:03:13,20,100,305,1558
2023-11-08 13:03:13,22,100,305,1558
2023-11-08 13:03:13,22,33,305,1558
2023-11-08 13:03:13,22,31,305,1558
2023-11-08 13:03:13,22,29,305,1558
2023-11-08 13:03:21,10,29,305,1558
2023-11-08 13:03:21,10,100,305,1558
2023-11-08 13:03:21,23,100,305,1558
2023-11-08 13:03:21,23,33,305,1558
2023-11-08 13:03:38,10,33,305,1558
2023-11-08 13:03:38,10,100,305,1558
2023-11-08 13:16:24,20,100,305,1558
2023-11-08 13:16:24,20,31,305,1558
2023-11-08 13:17:30,20,35,305,1558
2023-11-08 13:17:30,20,39,305,1558
2023-11-08 13:17:30,20,43,305,1558
2023-11-08 13:17:30,20,100,305,1558
2023-11-08 13:17:32,20,32,305,1558
2023-11-08 13:17:40,20,36,305,1558
2023-11-08 13:17:40,20,40,305,1558
2023-11-08 13:17:40,20,44,305,1558
2023-11-08 13:17:40,20,100,305,1558
2023-11-08 13:17:43,20,33,305,1558
2023-11-08 13:17:46,20,37,305,1558
2023-11-08 13:17:46,20,41,305,1558
2023-11-08 13:17:46,20,45,305,1558
2023-11-08 13:17:46,20,100,305,1558
2023-11-08 13:17:47,16,100,305,1558
2023-11-08 13:18:04,23,100,305,1558
2023-11-08 13:18:04,23,33,305,1558
2023-11-08 13:18:06,19,33,305,1558
2023-11-08 13:18:06,15,33,305,1558
2023-11-08 13:18:06,11,33,305,1558
2023-11-08 13:18:07,10,33,305,1558
2023-11-08 13:18:09,19,33,305,1558
2023-11-08 13:18:12,15,33,305,1558
2023-11-08 13:18:12,11,33,305,1558
2023-11-08 13:18:12,10,33,305,1558
2023-11-08 13:18:14,18,33,305,1558
2023-11-08 13:19:21,14,33,305,1558
2023-11-08 13:19:21,10,33,305,1558
2023-11-08 13:19:25,17,33,305,1558
2023-11-08 13:19:33,17,37,305,1558
2023-11-08 13:19:47,17,28,305,1558
2023-11-08 13:20:13,13,28,305,1558
2023-11-08 13:20:13,10,28,305,1558
2023-11-08 13:20:16,16,28,305,1558
2023-11-08 13:20:27,12,28,305,1558
2023-11-08 13:20:27,10,28,305,1558
2023-11-08 13:20:29,15,28,305,1558
2023-11-08 13:20:38,11,28,305,1558
2023-11-08 13:20:38,10,28,305,1558
2023-11-08 13:20:41,14,28,305,1558
2023-11-08 13:20:44,10,28,305,1558
2023-11-08 13:20:55,14,28,305,1558
2023-11-08 13:21:08,14,32,305,1558
2023-11-08 13:21:23,14,27,305,1558
2023-11-08 13:21:30,14,31,305,1558
2023-11-08 13:21:30,14,35,305,1558
2023-11-08 13:21:30,14,39,305,1558
2023-11-08 13:21:30,14,100,305,1558
2023-11-08 13:21:33,14,28,305,1558
2023-11-08 13:22:04,14,32,305,1558
2023-11-08 13:22:04,14,36,305,1558
2023-11-08 13:22:04,14,40,305,1558
2023-11-08 13:22:04,14,100,305,1558
2023-11-08 13:22:06,14,28,305,1558
2023-11-08 13:22:08,14,32,305,1558
2023-11-08 13:22:08,14,36,305,1558
2023-11-08 13:22:08,14,40,305,1558
2023-11-08 13:22:08,14,100,305,1558
2023-11-08 13:22:20,10,100,305,1558
2023-11-08 13:22:27,10,33,305,1558
2023-11-08 13:22:31,10,37,305,1558
2023-11-08 13:22:31,10,41,305,1558
2023-11-08 13:22:31,10,45,305,1558
2023-11-08 13:22:31,10,100,305,1558
2023-11-08 13:22:34,10,35,305,1558
2023-11-08 13:22:42,25,35,305,1558
2023-11-08 13:23:26,25,39,305,1558
2023-11-08 13:23:26,25,43,305,1558
2023-11-08 13:23:26,25,47,305,1558
2023-11-08 13:23:26,25,100,305,1558
2023-11-08 13:23:28,25,36,305,1558
2023-11-08 13:23:30,25,40,305,1558
2023-11-08 13:23:30,25,44,305,1558
2023-11-08 13:23:30,25,48,305,1558
2023-11-08 13:23:30,25,100,305,1558
2023-11-08 13:23:39,25,34,305,1558
2023-11-08 13:23:44,21,34,305,1558
2023-11-08 13:23:44,17,34,305,1558
2023-11-08 13:23:44,13,34,305,1558
2023-11-08 13:23:44,10,34,305,1558
2023-11-08 13:23:46,24,34,305,1558
2023-11-08 13:23:51,20,34,305,1558
2023-11-08 13:23:51,16,34,305,1558
2023-11-08 13:23:51,12,34,305,1558
2023-11-08 13:23:51,10,34,305,1558
2023-11-08 13:24:01,25,34,305,1558
2023-11-08 13:24:05,25,38,305,1558
2023-11-08 13:24:05,25,42,305,1558
2023-11-08 13:24:05,25,46,305,1558
2023-11-08 13:24:05,25,100,305,1558
2023-11-08 13:24:07,21,100,305,1558
2023-11-08 13:24:07,17,100,305,1558
2023-11-08 13:24:07,13,100,305,1558
2023-11-08 13:24:07,10,100,305,1558
2023-11-08 13:24:18,25,100,305,1558
2023-11-08 13:24:19,25,35,305,1558
2023-11-08 13:24:26,21,35,305,1558
2023-11-08 13:24:26,17,35,305,1558
2023-11-08 13:24:26,13,35,305,1558
2023-11-08 13:24:26,10,35,305,1558
2023-11-08 13:24:28,24,35,305,1558
2023-11-08 13:24:58,24,39,305,1558
2023-11-08 13:24:58,24,43,305,1558
2023-11-08 13:24:58,24,47,305,1558
2023-11-08 13:24:58,24,100,305,1558
2023-11-08 13:25:01,24,36,305,1558
2023-11-08 13:25:47,20,36,305,1558
2023-11-08 13:25:47,16,36,305,1558
2023-11-08 13:25:47,12,36,305,1558
2023-11-08 13:25:47,10,36,305,1558
2023-11-08 13:25:50,22,36,305,1558
2023-11-08 13:26:29,22,40,305,1558
2023-11-08 13:26:45,22,37,305,1558
2023-11-08 13:26:55,22,41,305,1558
2023-11-08 13:26:55,22,45,305,1558
2023-11-08 13:26:55,22,49,305,1558
2023-11-08 13:26:55,22,100,305,1558
2023-11-08 13:26:58,22,39,305,1558
2023-11-08 13:27:32,10,39,305,1558
2023-11-08 13:27:35,10,43,305,1558
2023-11-08 13:27:35,10,47,305,1558
2023-11-08 13:27:35,10,51,305,1558
2023-11-08 13:27:35,10,100,305,1558
2023-11-08 13:27:39,31,100,305,1558
2023-11-08 13:27:43,27,100,305,1558
2023-11-08 13:27:43,23,100,305,1558
2023-11-08 13:27:43,19,100,305,1558
2023-11-08 13:27:43,10,100,305,1558
2023-11-08 13:27:48,10,40,305,1558
2023-11-08 13:27:58,30,40,305,1558
2023-11-08 13:28:03,30,44,305,1558
2023-11-08 13:28:04,30,48,305,1558
2023-11-08 13:28:04,30,52,305,1558
2023-11-08 13:28:04,30,100,305,1558
2023-11-08 13:28:06,30,41,305,1558
2023-11-08 13:28:39,26,41,305,1558
2023-11-08 13:28:39,22,41,305,1558
2023-11-08 13:28:39,18,41,305,1558
2023-11-08 13:28:40,10,41,305,1558
2023-11-08 13:28:42,31,41,305,1558
2023-11-08 13:29:21,27,41,305,1558
2023-11-08 13:29:21,23,41,305,1558
2023-11-08 13:29:21,19,41,305,1558
2023-11-08 13:29:21,10,41,305,1558
2023-11-08 13:29:24,29,41,305,1558
2023-11-08 13:29:27,25,41,305,1558
2023-11-08 13:29:27,21,41,305,1558
2023-11-08 13:29:27,17,41,305,1558
2023-11-08 13:29:27,10,41,305,1558
2023-11-08 13:29:32,10,49,305,1558
2023-11-08 13:29:43,30,100,305,1558
2023-11-08 13:29:43,30,40,305,1558
2023-11-08 13:30:06,26,40,305,1558
2023-11-08 13:30:06,22,40,305,1558
2023-11-08 13:30:06,18,40,305,1558
2023-11-08 13:30:06,10,40,305,1558
2023-11-08 13:30:08,30,40,305,1558
2023-11-08 13:30:14,30,44,305,1558
2023-11-08 13:30:14,30,48,305,1558
2023-11-08 13:30:14,30,52,305,1558
2023-11-08 13:30:14,30,100,305,1558
2023-11-08 13:30:17,30,40,305,1558
2023-11-08 13:30:24,30,44,305,1558
2023-11-08 13:30:24,30,48,305,1558
2023-11-08 13:30:24,30,52,305,1558
2023-11-08 13:30:24,30,100,305,1558
2023-11-08 13:30:26,30,40,305,1558
2023-11-08 13:30:33,30,44,305,1558
2023-11-08 13:30:33,30,48,305,1558
2023-11-08 13:30:33,30,52,305,1558
2023-11-08 13:30:33,30,100,305,1558
2023-11-08 13:30:40,30,41,305,1558
2023-11-08 13:30:54,30,45,305,1558
2023-11-08 13:30:54,30,49,305,1558
2023-11-08 13:30:54,30,53,305,1558
2023-11-08 13:30:54,30,100,305,1558
2023-11-08 13:31:07,30,41,305,1558
2023-11-08 13:31:10,30,45,305,1558
2023-11-08 13:31:10,30,49,305,1558
2023-11-08 13:31:10,30,53,305,1558
2023-11-08 13:31:10,30,100,305,1558
2023-11-08 13:31:12,30,42,305,1558
2023-11-08 13:31:30,26,42,305,1558
2023-11-08 13:31:39,32,42,305,1558
2023-11-08 13:32:02,28,42,305,1558
2023-11-08 13:32:02,24,42,305,1558
2023-11-08 13:32:02,20,42,305,1558
2023-11-08 13:32:02,10,42,305,1558
2023-11-08 13:32:05,30,42,305,1558
2023-11-08 13:32:16,26,42,305,1558
2023-11-08 13:32:16,22,42,305,1558
2023-11-08 13:32:16,18,42,305,1558
2023-11-08 13:32:16,10,42,305,1558
2023-11-08 13:32:19,29,42,305,1558
2023-11-08 13:32:34,29,46,305,1558
2023-11-08 13:32:40,29,40,305,1558
2023-11-08 13:32:50,29,44,305,1558
2023-11-08 13:32:50,29,48,305,1558
2023-11-08 13:32:50,29,52,305,1558
2023-11-08 13:32:50,29,100,305,1558
2023-11-08 13:32:52,29,42,305,1558
2023-11-08 13:32:56,29,46,305,1558
2023-11-08 13:32:56,29,50,305,1558
2023-11-08 13:32:56,29,54,305,1558
2023-11-08 13:32:56,29,100,305,1558
2023-11-08 13:32:58,29,43,305,1558
2023-11-08 13:33:45,25,43,305,1558
2023-11-08 13:33:45,10,47,305,1558
2023-11-08 13:33:45,10,51,305,1558
2023-11-08 13:33:45,10,55,305,1558
2023-11-08 13:33:45,10,100,305,1558
2023-11-08 13:33:48,10,44,305,1558
2023-11-08 13:33:52,35,44,305,1558
2023-11-08 13:33:53,35,48,305,1558
2023-11-08 13:33:53,35,52,305,1558
2023-11-08 13:33:53,35,56,305,1558
2023-11-08 13:33:53,35,100,305,1558
2023-11-08 13:34:03,35,43,305,1558
2023-11-08 13:34:05,35,47,305,1558
2023-11-08 13:34:05,35,51,305,1558
2023-11-08 13:34:05,35,55,305,1558
2023-11-08 13:34:05,35,100,305,1558
2023-11-08 13:34:10,31,100,305,1558
2023-11-08 13:34:10,27,100,305,1558
2023-11-08 13:34:10,23,100,305,1558
2023-11-08 13:34:10,10,100,305,1558
2023-11-08 13:34:11,10,42,305,1558
2023-11-08 13:34:14,33,42,305,1558
2023-11-08 13:34:17,33,46,305,1558
2023-11-08 13:34:17,33,50,305,1558
2023-11-08 13:34:17,33,54,305,1558
2023-11-08 13:34:17,33,100,305,1558
2023-11-08 13:34:29,33,44,305,1558
2023-11-08 13:35:23,33,48,305,1558
2023-11-08 13:35:23,33,52,305,1558
2023-11-08 13:35:23,33,56,305,1558
2023-11-08 13:35:23,33,100,305,1558
2023-11-08 13:35:26,33,47,305,1558
2023-11-08 13:35:28,33,51,305,1558
2023-11-08 13:35:28,33,55,305,1558
2023-11-08 13:35:28,33,59,305,1558
2023-11-08 13:35:28,33,100,305,1558
2023-11-08 13:35:38,33,46,305,1558
2023-11-08 13:35:41,10,46,305,1558
2023-11-08 13:35:47,35,46,305,1558
2023-11-08 13:36:10,35,50,305,1558
2023-11-08 13:36:10,35,54,305,1558
2023-11-08 13:36:10,35,58,305,1558
2023-11-08 13:36:10,35,100,305,1558
2023-11-08 13:36:13,35,48,305,1558
2023-11-08 13:36:21,35,52,305,1558
2023-11-08 13:36:21,35,56,305,1558
2023-11-08 13:36:21,35,60,305,1558
2023-11-08 13:36:21,35,100,305,1558
2023-11-08 13:36:25,35,47,305,1558
2023-11-08 13:36:29,35,51,305,1558
2023-11-08 13:36:29,35,55,305,1558
2023-11-08 13:36:29,35,59,305,1558
2023-11-08 13:36:29,35,100,305,1558
2023-11-08 13:36:31,35,48,305,1558
2023-11-08 13:37:03,35,52,305,1558
2023-11-08 13:37:03,35,56,305,1558
2023-11-08 13:37:03,35,60,305,1558
2023-11-08 13:37:03,35,100,305,1558
2023-11-08 13:37:05,35,49,305,1558
2023-11-08 13:37:07,35,53,305,1558
2023-11-08 13:37:07,35,57,305,1558
2023-11-08 13:37:07,35,61,305,1558
2023-11-08 13:37:07,35,100,305,1558
2023-11-08 13:37:13,31,100,305,1558
2023-11-08 13:37:17,10,48,305,1558
2023-11-08 13:37:34,38,48,305,1558
2023-11-08 13:37:57,34,48,305,1558
2023-11-08 13:37:57,30,48,305,1558
2023-11-08 13:37:57,26,48,305,1558
2023-11-08 13:37:57,10,48,305,1558
2023-11-08 13:38:13,34,48,305,1558
2023-11-08 13:38:57,34,100,305,1558
2023-11-08 13:39:01,34,45,305,1558
2023-11-08 13:39:08,34,49,305,1558
2023-11-08 13:39:08,34,53,305,1558
2023-11-08 13:39:08,34,57,305,1558
2023-11-08 13:39:08,34,100,305,1558
2023-11-08 13:39:10,34,46,305,1558
2023-11-08 13:39:15,34,50,305,1558
2023-11-08 13:39:15,34,54,305,1558
2023-11-08 13:39:15,34,58,305,1558
2023-11-08 13:39:15,34,100,305,1558
2023-11-08 13:39:17,34,47,305,1558
2023-11-08 13:39:34,34,51,305,1558
2023-11-08 13:39:34,34,55,305,1558
2023-11-08 13:39:34,34,59,305,1558
2023-11-08 13:39:34,34,100,305,1558
2023-11-08 13:39:36,34,46,305,1558
2023-11-08 13:39:38,34,50,305,1558
2023-11-08 13:39:38,34,54,305,1558
2023-11-08 13:39:38,34,58,305,1558
2023-11-08 13:39:38,34,100,305,1558
2023-11-08 13:39:40,34,47,305,1558
2023-11-08 13:39:41,10,47,305,1558
2023-11-08 13:39:59,37,47,305,1558
2023-11-08 13:40:01,33,47,305,1558
2023-11-08 13:40:01,29,47,305,1558
2023-11-08 13:40:01,25,47,305,1558
2023-11-08 13:40:01,10,47,305,1558
2023-11-08 13:40:04,36,47,305,1558
2023-11-08 13:40:06,32,47,305,1558
2023-11-08 13:40:06,28,47,305,1558
2023-11-08 13:40:06,24,47,305,1558
2023-11-08 13:40:06,10,47,305,1558
2023-11-08 13:40:09,34,47,305,1558
2023-11-08 13:40:53,34,51,305,1558
2023-11-08 13:40:53,34,55,305,1558
2023-11-08 13:40:53,34,59,305,1558
2023-11-08 13:40:53,34,100,305,1558
2023-11-08 13:40:56,34,48,305,1558
2023-11-08 13:41:46,30,48,305,1558
2023-11-08 13:41:50,38,48,305,1558
2023-11-08 13:41:52,34,48,305,1558
2023-11-08 13:41:52,30,48,305,1558
2023-11-08 13:41:52,26,48,305,1558
2023-11-08 13:41:52,10,48,305,1558
2023-11-08 13:41:54,36,48,305,1558
2023-11-08 13:41:56,32,48,305,1558
2023-11-08 13:41:56,28,48,305,1558
2023-11-08 13:41:56,24,48,305,1558
2023-11-08 13:41:56,10,48,305,1558
2023-11-08 13:42:07,36,48,305,1558
2023-11-08 13:42:10,32,48,305,1558
2023-11-08 13:42:10,28,48,305,1558
2023-11-08 13:42:10,24,48,305,1558
2023-11-08 13:42:10,10,48,305,1558
2023-11-08 13:42:12,36,48,305,1558
2023-11-08 13:42:20,32,48,305,1558
2023-11-08 13:42:20,28,48,305,1558
2023-11-08 13:42:20,24,48,305,1558
2023-11-08 13:42:20,10,48,305,1558
2023-11-08 13:42:23,36,48,305,1558
2023-11-08 13:42:30,36,52,305,1558
2023-11-08 13:42:54,36,46,305,1558
2023-11-08 13:42:56,36,50,305,1558
2023-11-08 13:42:56,36,54,305,1558
2023-11-08 13:42:56,36,58,305,1558
2023-11-08 13:42:56,36,100,305,1558
2023-11-08 13:43:12,36,46,305,1558
2023-11-08 13:43:17,36,50,305,1558
2023-11-08 13:43:17,36,54,305,1558
2023-11-08 13:43:17,36,58,305,1558
2023-11-08 13:43:17,36,100,305,1558
2023-11-08 13:43:19,36,48,305,1558
2023-11-08 13:44:08,10,48,305,1558
2023-11-08 13:44:14,39,48,305,1558
2023-11-08 13:44:51,39,52,305,1558
2023-11-08 13:44:57,39,48,305,1558
2023-11-08 13:45:11,39,52,305,1558
2023-11-08 13:45:11,39,56,305,1558
2023-11-08 13:45:11,39,60,305,1558
2023-11-08 13:45:11,39,100,305,1558
2023-11-08 13:45:14,39,48,305,1558
2023-11-08 13:45:41,35,48,305,1558
2023-11-08 13:45:41,31,48,305,1558
2023-11-08 13:45:41,27,48,305,1558
2023-11-08 13:45:41,10,48,305,1558
2023-11-08 13:45:44,38,48,305,1558
2023-11-08 13:46:11,34,48,305,1558
2023-11-08 13:46:11,30,48,305,1558
2023-11-08 13:46:11,26,48,305,1558
2023-11-08 13:46:11,10,48,305,1558
2023-11-08 13:46:13,37,48,305,1558
2023-11-08 13:46:34,37,52,305,1558
2023-11-08 13:46:45,37,47,305,1558
2023-11-08 13:46:52,37,51,305,1558
2023-11-08 13:46:52,37,55,305,1558
2023-11-08 13:46:52,37,59,305,1558
2023-11-08 13:46:52,37,100,305,1558
2023-11-08 13:46:54,37,49,305,1558
2023-11-08 13:46:59,37,53,305,1558
2023-11-08 13:46:59,37,57,305,1558
