datetime,bid,ask,open_interest,volume
2023-02-28 09:31:03,0,38,1721,2237
2023-02-28 09:31:03,32,38,1721,2237
2023-02-28 09:33:24,32,38,1731,2247
2023-02-28 09:33:25,34,38,1731,2247
2023-02-28 09:33:28,32,38,1731,2247
2023-02-28 09:33:29,35,38,1731,2247
2023-02-28 09:37:26,32,34,1731,2257
2023-02-28 09:37:33,32,36,1731,2257
2023-02-28 09:37:33,32,34,1731,2257
2023-02-28 09:38:46,32,36,1731,2257
2023-02-28 09:38:46,32,34,1731,2257
2023-02-28 09:39:45,32,36,1731,2257
2023-02-28 09:39:45,32,38,1731,2257
2023-02-28 09:39:45,32,34,1731,2257
2023-02-28 09:40:28,32,38,1731,2257
2023-02-28 09:40:29,32,36,1731,2257
2023-02-28 09:40:29,32,34,1731,2257
2023-02-28 09:42:02,34,36,1847,2373
2023-02-28 09:42:26,34,38,1847,2373
2023-02-28 09:42:26,34,36,1847,2373
2023-02-28 09:42:26,31,34,1956,2482
2023-02-28 09:42:26,31,32,1956,2482
2023-02-28 09:42:44,31,34,1956,2482
2023-02-28 09:42:44,31,36,1956,2482
2023-02-28 09:42:44,31,32,1956,2482
2023-02-28 09:43:23,31,34,1956,2482
2023-02-28 09:43:23,31,37,1956,2482
2023-02-28 09:43:24,31,36,1956,2482
2023-02-28 09:43:24,31,32,1956,2482
2023-02-28 09:43:42,30,32,1956,2482
2023-02-28 09:43:44,29,32,1956,2482
2023-02-28 09:43:44,29,34,1956,2482
2023-02-28 09:43:44,30,34,1956,2482
2023-02-28 09:43:44,30,32,1956,2482
2023-02-28 09:43:55,29,32,1956,2482
2023-02-28 09:43:55,29,34,1956,2482
2023-02-28 09:43:55,30,34,1956,2482
2023-02-28 09:43:55,30,32,1956,2482
2023-02-28 09:44:27,29,32,1956,2482
2023-02-28 09:44:27,29,34,1956,2482
2023-02-28 09:44:27,29,36,1956,2482
2023-02-28 09:44:28,30,36,1956,2482
2023-02-28 09:44:28,30,32,1956,2482
2023-02-28 09:44:38,31,32,1956,2482
2023-02-28 09:44:48,31,34,1956,2482
2023-02-28 09:44:49,31,32,1956,2482
2023-02-28 09:45:07,31,34,1989,2515
2023-02-28 09:45:20,30,34,1989,2515
2023-02-28 09:45:21,29,34,1989,2515
2023-02-28 09:45:21,29,36,1989,2515
2023-02-28 09:45:21,30,36,1989,2515
2023-02-28 09:45:21,30,35,1989,2515
2023-02-28 09:45:21,30,33,1989,2515
2023-02-28 09:45:31,29,33,1989,2515
2023-02-28 09:45:31,29,36,1989,2515
2023-02-28 09:45:31,30,36,1989,2515
2023-02-28 09:45:31,30,34,1989,2515
2023-02-28 09:45:31,30,32,1989,2515
2023-02-28 09:46:26,29,32,1989,2515
2023-02-28 09:46:26,29,34,1989,2515
2023-02-28 09:46:26,29,36,1989,2515
2023-02-28 09:46:27,30,36,1989,2515
2023-02-28 09:46:27,30,32,1989,2515
2023-02-28 09:46:47,29,32,1989,2515
2023-02-28 09:46:47,29,34,1989,2515
2023-02-28 09:46:47,29,32,1989,2515
2023-02-28 09:46:55,29,34,1989,2515
2023-02-28 09:46:55,30,34,1989,2515
2023-02-28 09:46:55,30,32,1989,2515
2023-02-28 09:47:26,29,32,1989,2515
2023-02-28 09:47:26,29,36,1989,2515
2023-02-28 09:47:26,29,35,1989,2515
2023-02-28 09:47:26,29,33,1989,2515
2023-02-28 09:47:26,29,31,1989,2515
2023-02-28 09:47:46,29,33,1989,2515
2023-02-28 09:47:46,29,36,1989,2515
2023-02-28 09:47:46,29,32,1989,2515
2023-02-28 09:47:59,29,34,1989,2515
2023-02-28 09:47:59,29,32,1989,2515
2023-02-28 09:48:10,28,32,1989,2515
2023-02-28 09:48:10,31,32,1989,2515
2023-02-28 09:48:29,31,34,1989,2515
2023-02-28 09:48:29,31,32,1989,2515
2023-02-28 09:48:47,31,34,1989,2515
2023-02-28 09:48:47,31,32,1989,2515
2023-02-28 09:49:23,31,34,1989,2515
2023-02-28 09:49:23,31,32,1989,2515
2023-02-28 09:49:59,31,38,1989,2515
2023-02-28 09:49:59,31,34,1989,2515
2023-02-28 09:49:59,31,32,1989,2515
2023-02-28 09:50:02,31,34,2052,2578
2023-02-28 09:50:10,31,38,2052,2578
2023-02-28 09:50:10,31,35,2052,2578
2023-02-28 09:50:11,31,33,2052,2578
2023-02-28 09:50:27,31,37,2052,2578
2023-02-28 09:50:27,31,38,2052,2578
2023-02-28 09:50:27,31,34,2052,2578
2023-02-28 09:50:27,31,32,2052,2578
2023-02-28 09:50:40,31,34,2052,2578
2023-02-28 09:50:40,31,32,2052,2578
2023-02-28 09:51:28,31,34,2052,2578
2023-02-28 09:51:28,31,36,2052,2578
2023-02-28 09:51:28,31,38,2052,2578
2023-02-28 09:51:29,31,37,2052,2578
2023-02-28 09:51:29,31,35,2052,2578
2023-02-28 09:51:29,31,33,2052,2578
2023-02-28 09:51:43,31,35,2230,2756
2023-02-28 09:51:50,31,38,2230,2756
2023-02-28 09:51:50,31,36,2230,2756
2023-02-28 09:51:50,31,34,2230,2756
2023-02-28 09:51:58,31,38,2230,2756
2023-02-28 09:51:59,31,37,2230,2756
2023-02-28 09:51:59,31,33,2230,2756
2023-02-28 09:52:22,31,35,2230,2756
2023-02-28 09:52:22,31,38,2230,2756
2023-02-28 09:52:23,31,33,2230,2756
2023-02-28 09:52:42,31,35,2230,2756
2023-02-28 09:52:42,31,33,2230,2756
2023-02-28 09:52:57,31,35,2230,2756
2023-02-28 09:52:57,31,33,2230,2756
2023-02-28 09:53:30,31,35,2230,2756
2023-02-28 09:53:30,31,38,2230,2756
2023-02-28 09:53:30,31,37,2230,2756
2023-02-28 09:53:30,31,33,2230,2756
2023-02-28 09:53:59,31,35,2230,2756
2023-02-28 09:53:59,31,33,2230,2756
2023-02-28 09:54:25,31,38,2230,2756
2023-02-28 09:54:26,31,37,2230,2756
2023-02-28 09:54:26,31,35,2230,2756
2023-02-28 09:54:26,31,33,2230,2756
2023-02-28 09:55:25,31,35,2230,2756
2023-02-28 09:55:25,31,37,2230,2756
2023-02-28 09:55:26,31,38,2230,2756
2023-02-28 09:55:26,31,33,2230,2756
2023-02-28 09:55:47,31,35,2230,2756
2023-02-28 09:55:47,31,37,2230,2756
2023-02-28 09:55:47,31,38,2230,2756
2023-02-28 09:55:48,31,33,2230,2756
2023-02-28 09:55:58,31,35,2230,2756
2023-02-28 09:55:58,31,33,2230,2756
2023-02-28 09:56:56,31,35,2230,2756
2023-02-28 09:56:56,31,37,2230,2756
2023-02-28 09:56:56,32,37,2230,2756
2023-02-28 09:56:56,32,35,2230,2756
2023-02-28 09:57:28,31,35,2230,2756
2023-02-28 09:57:28,31,38,2230,2756
2023-02-28 09:57:28,32,38,2230,2756
2023-02-28 09:57:28,32,34,2230,2756
2023-02-28 09:57:46,32,38,2230,2756
2023-02-28 09:57:46,32,35,2230,2756
2023-02-28 09:58:00,32,37,2230,2756
2023-02-28 09:58:00,32,38,2230,2756
2023-02-28 09:58:00,32,34,2230,2756
2023-02-28 09:58:28,32,38,2230,2756
2023-02-28 09:58:28,32,37,2230,2756
2023-02-28 09:58:28,32,35,2230,2756
2023-02-28 09:58:47,31,35,2230,2756
2023-02-28 09:58:47,32,35,2230,2756
2023-02-28 09:58:58,31,35,2230,2756
2023-02-28 09:58:58,31,38,2230,2756
2023-02-28 09:58:58,32,38,2230,2756
2023-02-28 09:58:58,32,36,2230,2756
2023-02-28 09:58:59,32,34,2230,2756
2023-02-28 09:59:26,31,34,2230,2756
2023-02-28 09:59:27,32,34,2230,2756
2023-02-28 09:59:48,31,34,2230,2756
2023-02-28 09:59:48,31,38,2230,2756
2023-02-28 09:59:48,32,38,2230,2756
2023-02-28 09:59:48,32,35,2230,2756
2023-02-28 09:59:58,33,35,2230,2756
2023-02-28 10:00:12,32,35,2230,2756
2023-02-28 10:00:17,33,35,2230,2756
2023-02-28 10:00:28,32,35,2230,2756
2023-02-28 10:00:42,31,35,2230,2756
2023-02-28 10:00:42,31,37,2230,2756
2023-02-28 10:00:42,32,37,2230,2756
2023-02-28 10:00:42,32,35,2230,2756
2023-02-28 10:00:57,31,35,2230,2756
2023-02-28 10:00:57,31,37,2230,2756
2023-02-28 10:00:57,32,37,2230,2756
2023-02-28 10:00:57,32,34,2230,2756
2023-02-28 10:01:24,31,34,2230,2756
2023-02-28 10:01:24,31,36,2230,2756
2023-02-28 10:01:24,31,34,2230,2756
2023-02-28 10:01:44,31,36,2230,2756
2023-02-28 10:01:44,32,36,2230,2756
2023-02-28 10:01:44,32,34,2230,2756
2023-02-28 10:01:56,31,34,2230,2756
2023-02-28 10:01:56,31,37,2230,2756
2023-02-28 10:01:57,32,37,2230,2756
2023-02-28 10:01:57,32,36,2230,2756
2023-02-28 10:01:57,32,34,2230,2756
2023-02-28 10:02:27,31,34,2230,2756
2023-02-28 10:02:27,31,39,2230,2756
2023-02-28 10:02:27,32,39,2230,2756
2023-02-28 10:02:27,32,35,2230,2756
2023-02-28 10:02:42,31,35,2230,2756
2023-02-28 10:02:42,31,39,2230,2756
2023-02-28 10:02:42,32,39,2230,2756
2023-02-28 10:02:42,32,36,2230,2756
2023-02-28 10:02:42,32,34,2230,2756
2023-02-28 10:02:55,31,34,2230,2756
2023-02-28 10:02:55,31,36,2230,2756
2023-02-28 10:02:55,31,38,2230,2756
2023-02-28 10:02:55,31,39,2230,2756
2023-02-28 10:02:55,32,39,2230,2756
2023-02-28 10:02:55,32,37,2230,2756
2023-02-28 10:02:55,32,35,2230,2756
2023-02-28 10:03:26,31,35,2230,2756
2023-02-28 10:03:26,31,37,2230,2756
2023-02-28 10:03:26,31,38,2230,2756
2023-02-28 10:03:27,32,38,2230,2756
2023-02-28 10:03:27,32,35,2230,2756
2023-02-28 10:03:42,31,35,2230,2756
2023-02-28 10:03:42,31,38,2230,2756
2023-02-28 10:03:42,32,38,2230,2756
2023-02-28 10:03:42,32,34,2230,2756
2023-02-28 10:03:48,32,34,2231,2757
2023-02-28 10:03:51,31,34,2231,2757
2023-02-28 10:03:51,31,37,2231,2757
2023-02-28 10:03:52,32,37,2231,2757
2023-02-28 10:03:52,32,36,2231,2757
2023-02-28 10:03:52,32,34,2231,2757
2023-02-28 10:04:27,31,34,2231,2757
2023-02-28 10:04:27,31,36,2231,2757
2023-02-28 10:04:27,31,34,2231,2757
2023-02-28 10:04:39,32,34,2231,2757
2023-02-28 10:04:54,32,36,2231,2757
2023-02-28 10:04:54,32,37,2231,2757
2023-02-28 10:04:54,32,34,2231,2757
2023-02-28 10:05:27,32,36,2231,2757
2023-02-28 10:05:27,32,37,2231,2757
2023-02-28 10:05:28,32,34,2231,2757
2023-02-28 10:06:26,29,34,2231,2757
2023-02-28 10:06:26,29,36,2231,2757
2023-02-28 10:06:26,31,36,2231,2757
2023-02-28 10:06:26,31,34,2231,2757
2023-02-28 10:06:46,29,34,2231,2757
2023-02-28 10:06:46,29,36,2231,2757
2023-02-28 10:06:46,31,36,2231,2757
2023-02-28 10:06:46,31,33,2231,2757
2023-02-28 10:07:26,29,33,2231,2757
2023-02-28 10:07:26,31,33,2231,2757
2023-02-28 10:07:46,31,35,2231,2757
2023-02-28 10:07:46,31,37,2231,2757
2023-02-28 10:07:46,31,38,2231,2757
2023-02-28 10:07:47,32,38,2231,2757
2023-02-28 10:07:47,32,36,2231,2757
2023-02-28 10:07:47,32,34,2231,2757
2023-02-28 10:07:57,31,34,2231,2757
2023-02-28 10:07:57,31,36,2231,2757
2023-02-28 10:07:57,32,36,2231,2757
2023-02-28 10:07:57,32,34,2231,2757
2023-02-28 10:08:30,31,34,2231,2757
2023-02-28 10:08:30,31,36,2231,2757
2023-02-28 10:08:30,31,38,2231,2757
2023-02-28 10:08:30,32,38,2231,2757
2023-02-28 10:08:30,32,35,2231,2757
2023-02-28 10:08:48,31,35,2231,2757
2023-02-28 10:08:48,32,35,2231,2757
2023-02-28 10:08:48,32,34,2231,2757
2023-02-28 10:09:28,31,34,2231,2757
2023-02-28 10:09:28,31,36,2231,2757
2023-02-28 10:09:28,32,36,2231,2757
2023-02-28 10:09:28,32,34,2231,2757
2023-02-28 10:09:47,32,36,2231,2757
2023-02-28 10:09:47,32,34,2231,2757
2023-02-28 10:09:59,31,34,2231,2757
2023-02-28 10:10:00,33,34,2231,2757
2023-02-28 10:10:27,33,35,2231,2757
2023-02-28 10:10:27,33,39,2231,2757
2023-02-28 10:10:28,33,36,2231,2757
2023-02-28 10:10:47,33,38,2231,2757
2023-02-28 10:10:47,34,38,2231,2757
2023-02-28 10:10:47,34,36,2231,2757
2023-02-28 10:11:02,34,38,2231,2757
2023-02-28 10:11:02,34,36,2231,2757
2023-02-28 10:11:29,33,36,2231,2757
2023-02-28 10:11:29,33,38,2231,2757
2023-02-28 10:11:29,33,40,2231,2757
2023-02-28 10:11:30,34,40,2231,2757
2023-02-28 10:11:30,34,36,2231,2757
2023-02-28 10:11:58,33,36,2231,2757
2023-02-28 10:11:58,34,36,2231,2757
2023-02-28 10:12:15,33,36,2231,2757
2023-02-28 10:12:15,34,36,2231,2757
2023-02-28 10:12:21,34,38,2361,2887
2023-02-28 10:12:26,33,38,2361,2887
2023-02-28 10:12:26,33,40,2361,2887
2023-02-28 10:12:26,34,40,2361,2887
2023-02-28 10:12:26,34,38,2361,2887
2023-02-28 10:12:26,34,36,2361,2887
2023-02-28 10:12:45,33,36,2361,2887
2023-02-28 10:12:45,33,40,2361,2887
2023-02-28 10:12:45,34,40,2361,2887
2023-02-28 10:12:45,34,37,2361,2887
2023-02-28 10:12:55,35,37,2361,2887
2023-02-28 10:13:33,35,41,2361,2887
2023-02-28 10:13:33,36,41,2361,2887
2023-02-28 10:13:33,36,38,2361,2887
2023-02-28 10:13:45,36,40,2361,2887
2023-02-28 10:13:45,36,38,2361,2887
2023-02-28 10:13:57,35,38,2361,2887
2023-02-28 10:13:57,36,38,2361,2887
2023-02-28 10:14:23,33,38,2361,2887
2023-02-28 10:14:23,33,40,2361,2887
2023-02-28 10:14:23,34,40,2361,2887
2023-02-28 10:14:23,36,40,2361,2887
2023-02-28 10:14:23,36,38,2361,2887
2023-02-28 10:14:45,33,38,2361,2887
2023-02-28 10:14:45,33,40,2361,2887
2023-02-28 10:14:45,33,41,2361,2887
2023-02-28 10:14:45,34,41,2361,2887
2023-02-28 10:14:45,36,41,2361,2887
2023-02-28 10:14:45,36,38,2361,2887
2023-02-28 10:14:57,34,38,2361,2887
2023-02-28 10:14:58,36,38,2361,2887
2023-02-28 10:15:47,33,38,2361,2887
2023-02-28 10:15:47,34,38,2361,2887
2023-02-28 10:15:47,36,38,2361,2887
2023-02-28 10:16:00,35,38,2361,2887
2023-02-28 10:16:00,36,39,2361,2887
2023-02-28 10:16:24,35,39,2361,2887
2023-02-28 10:16:25,36,39,2361,2887
2023-02-28 10:17:00,35,39,2361,2887
2023-02-28 10:17:00,37,39,2361,2887
2023-02-28 10:17:29,37,41,2361,2887
2023-02-28 10:17:29,37,39,2361,2887
2023-02-28 10:18:22,35,39,2361,2887
2023-02-28 10:18:22,35,41,2361,2887
2023-02-28 10:18:23,37,41,2361,2887
2023-02-28 10:18:23,37,39,2361,2887
2023-02-28 10:18:59,35,39,2361,2887
2023-02-28 10:18:59,35,41,2361,2887
2023-02-28 10:18:59,35,40,2361,2887
2023-02-28 10:18:59,35,38,2361,2887
2023-02-28 10:20:31,35,40,2361,2887
2023-02-28 10:20:32,36,40,2361,2887
2023-02-28 10:20:32,36,38,2361,2887
2023-02-28 10:20:44,35,36,2361,2919
2023-02-28 10:20:48,35,36,2361,2951
2023-02-28 10:20:57,35,36,2361,2983
2023-02-28 10:22:17,35,38,2361,2983
2023-02-28 10:22:34,33,35,2361,3117
2023-02-28 10:22:45,35,40,2361,3187
2023-02-28 10:22:45,35,37,2361,3187
2023-02-28 10:22:58,33,37,2361,3187
2023-02-28 10:22:58,33,41,2361,3187
2023-02-28 10:22:59,35,41,2361,3187
2023-02-28 10:22:59,35,39,2361,3187
2023-02-28 10:22:59,35,37,2361,3187
2023-02-28 10:23:34,33,37,2361,3187
2023-02-28 10:23:34,33,39,2361,3187
2023-02-28 10:23:34,34,39,2361,3187
2023-02-28 10:23:34,34,37,2361,3187
2023-02-28 10:23:44,33,37,2361,3187
2023-02-28 10:23:44,33,39,2361,3187
2023-02-28 10:23:45,35,39,2361,3187
2023-02-28 10:23:45,35,37,2361,3187
2023-02-28 10:23:55,33,37,2361,3187
2023-02-28 10:23:55,33,41,2361,3187
2023-02-28 10:23:56,35,41,2361,3187
2023-02-28 10:23:56,35,39,2361,3187
2023-02-28 10:23:56,35,37,2361,3187
2023-02-28 10:24:29,33,37,2361,3187
2023-02-28 10:24:30,35,37,2361,3187
2023-02-28 10:25:30,33,37,2361,3187
2023-02-28 10:25:30,33,39,2361,3187
2023-02-28 10:25:31,33,41,2361,3187
2023-02-28 10:25:31,35,41,2361,3187
2023-02-28 10:25:31,35,37,2361,3187
2023-02-28 10:25:47,33,37,2361,3187
2023-02-28 10:25:48,35,37,2361,3187
2023-02-28 10:26:27,33,37,2361,3187
2023-02-28 10:26:27,33,39,2361,3187
2023-02-28 10:26:27,33,41,2361,3187
2023-02-28 10:26:27,35,41,2361,3187
2023-02-28 10:26:27,35,37,2361,3187
2023-02-28 10:26:45,35,39,2361,3187
2023-02-28 10:26:45,35,37,2361,3187
2023-02-28 10:27:24,35,39,2361,3187
2023-02-28 10:27:24,35,41,2361,3187
2023-02-28 10:27:24,35,40,2361,3187
2023-02-28 10:27:24,35,38,2361,3187
2023-02-28 10:27:51,35,40,2361,3187
2023-02-28 10:27:51,35,41,2361,3187
2023-02-28 10:27:51,35,37,2361,3187
2023-02-28 10:27:58,35,41,2361,3187
2023-02-28 10:27:59,35,40,2361,3187
2023-02-28 10:27:59,35,38,2361,3187
2023-02-28 10:28:42,36,38,2361,3187
2023-02-28 10:29:27,36,42,2361,3187
2023-02-28 10:29:27,36,40,2361,3187
2023-02-28 10:29:27,36,38,2361,3187
2023-02-28 10:29:58,35,38,2361,3187
2023-02-28 10:29:58,36,38,2361,3187
2023-02-28 10:30:50,35,38,2361,3187
2023-02-28 10:30:50,35,42,2361,3187
2023-02-28 10:30:51,36,42,2361,3187
2023-02-28 10:30:51,36,40,2361,3187
2023-02-28 10:30:51,36,38,2361,3187
2023-02-28 10:31:24,35,38,2361,3187
2023-02-28 10:31:24,35,40,2361,3187
2023-02-28 10:31:24,35,42,2361,3187
2023-02-28 10:31:24,36,42,2361,3187
2023-02-28 10:31:24,36,38,2361,3187
2023-02-28 10:33:03,35,38,2361,3187
2023-02-28 10:33:03,36,38,2361,3187
2023-02-28 10:33:46,36,40,2361,3187
2023-02-28 10:33:46,36,42,2361,3187
2023-02-28 10:33:46,36,39,2361,3187
2023-02-28 10:34:27,35,39,2361,3187
2023-02-28 10:34:27,36,39,2361,3187
2023-02-28 10:36:25,35,39,2361,3187
2023-02-28 10:36:25,37,39,2361,3187
2023-02-28 10:37:03,37,41,2361,3187
2023-02-28 10:37:03,37,39,2361,3187
2023-02-28 10:37:24,37,42,2361,3187
2023-02-28 10:37:24,37,41,2361,3187
2023-02-28 10:37:24,37,39,2361,3187
2023-02-28 10:37:51,35,39,2361,3187
2023-02-28 10:37:51,37,39,2361,3187
2023-02-28 10:37:57,35,39,2361,3187
2023-02-28 10:37:57,37,39,2361,3187
2023-02-28 10:38:23,37,42,2361,3187
2023-02-28 10:38:23,37,39,2361,3187
2023-02-28 10:38:23,38,39,2361,3187
2023-02-28 10:38:27,37,39,2361,3187
2023-02-28 10:38:56,35,39,2361,3187
2023-02-28 10:38:56,37,39,2361,3187
2023-02-28 10:39:25,35,39,2361,3187
2023-02-28 10:39:25,37,39,2361,3187
2023-02-28 10:39:46,35,39,2361,3187
2023-02-28 10:39:47,37,39,2361,3187
2023-02-28 10:39:58,35,39,2361,3187
2023-02-28 10:39:58,37,39,2361,3187
2023-02-28 10:41:44,35,39,2361,3187
2023-02-28 10:41:45,37,39,2361,3187
2023-02-28 10:42:30,35,39,2361,3187
2023-02-28 10:42:30,37,39,2361,3187
2023-02-28 10:43:08,35,39,2361,3187
2023-02-28 10:43:08,37,39,2361,3187
2023-02-28 10:43:28,37,42,2361,3187
2023-02-28 10:43:28,37,40,2361,3187
2023-02-28 10:43:51,35,40,2361,3187
2023-02-28 10:43:51,35,42,2361,3187
2023-02-28 10:43:52,37,42,2361,3187
2023-02-28 10:43:52,37,40,2361,3187
2023-02-28 10:44:11,37,42,2361,3187
2023-02-28 10:44:12,38,42,2361,3187
2023-02-28 10:44:12,38,40,2361,3187
2023-02-28 10:44:49,37,40,2361,3187
2023-02-28 10:44:49,37,42,2361,3187
2023-02-28 10:44:50,37,39,2361,3187
2023-02-28 10:45:32,37,41,2361,3187
2023-02-28 10:45:32,37,42,2361,3187
2023-02-28 10:45:33,37,39,2361,3187
2023-02-28 10:46:33,37,42,2361,3187
2023-02-28 10:46:33,37,41,2361,3187
2023-02-28 10:46:33,37,39,2361,3187
2023-02-28 10:48:09,37,42,2361,3187
2023-02-28 10:48:09,37,41,2361,3187
2023-02-28 10:48:09,37,39,2361,3187
2023-02-28 10:48:51,37,41,2361,3187
2023-02-28 10:48:51,37,39,2361,3187
2023-02-28 10:49:11,37,41,2361,3187
2023-02-28 10:49:11,37,42,2361,3187
2023-02-28 10:49:11,37,40,2361,3187
2023-02-28 10:49:30,37,42,2361,3187
2023-02-28 10:49:30,37,40,2361,3187
2023-02-28 10:50:45,37,40,2902,3728
2023-02-28 10:51:36,38,40,2902,3728
2023-02-28 10:52:05,37,40,2902,3728
2023-02-28 10:52:05,37,38,2902,3728
2023-02-28 10:52:17,37,40,3087,3913
2023-02-28 10:52:22,37,38,3087,3913
2023-02-28 10:52:36,36,38,3087,4063
2023-02-28 10:52:41,32,38,3087,4063
2023-02-28 10:52:41,32,40,3087,4063
2023-02-28 10:52:41,34,40,3087,4063
2023-02-28 10:52:41,34,38,3087,4063
2023-02-28 10:52:41,34,36,3087,4063
2023-02-28 10:52:53,32,36,3087,4063
2023-02-28 10:52:53,32,40,3087,4063
2023-02-28 10:52:53,34,40,3087,4063
2023-02-28 10:52:53,36,40,3087,4063
2023-02-28 10:52:53,36,38,3087,4063
2023-02-28 10:53:12,34,38,3087,4063
2023-02-28 10:53:12,36,38,3087,4063
2023-02-28 10:53:38,34,38,3087,4063
2023-02-28 10:53:38,34,42,3087,4063
2023-02-28 10:53:38,36,42,3087,4063
2023-02-28 10:53:38,36,39,3087,4063
2023-02-28 10:53:41,36,41,3308,4284
2023-02-28 10:53:57,36,41,3379,4355
2023-02-28 10:54:06,34,41,3379,4355
2023-02-28 10:54:06,36,41,3379,4355
2023-02-28 10:54:06,36,39,3379,4355
2023-02-28 10:54:12,34,39,3379,4355
2023-02-28 10:54:12,29,39,3379,4355
2023-02-28 10:54:12,29,41,3379,4355
2023-02-28 10:54:12,35,41,3379,4355
2023-02-28 10:54:12,37,41,3379,4355
2023-02-28 10:54:12,37,39,3379,4355
2023-02-28 10:54:27,35,39,3379,4355
2023-02-28 10:54:27,33,39,3379,4355
2023-02-28 10:54:27,29,39,3379,4355
2023-02-28 10:54:27,29,41,3379,4355
2023-02-28 10:54:27,29,42,3379,4355
2023-02-28 10:54:27,37,42,3379,4355
2023-02-28 10:54:27,37,40,3379,4355
2023-02-28 10:54:55,35,40,3379,4355
2023-02-28 10:54:55,35,42,3379,4355
2023-02-28 10:54:55,37,42,3379,4355
2023-02-28 10:54:55,37,40,3379,4355
2023-02-28 10:55:47,35,40,3379,4355
2023-02-28 10:55:47,29,40,3379,4355
2023-02-28 10:55:48,37,42,3379,4355
2023-02-28 10:55:48,37,40,3379,4355
2023-02-28 10:56:09,37,42,3379,4355
2023-02-28 10:56:09,37,40,3379,4355
2023-02-28 10:56:48,35,40,3379,4355
2023-02-28 10:56:48,29,40,3379,4355
2023-02-28 10:56:48,29,42,3379,4355
2023-02-28 10:56:49,34,42,3379,4355
2023-02-28 10:56:49,36,42,3379,4355
2023-02-28 10:56:49,38,42,3379,4355
2023-02-28 10:56:49,38,40,3379,4355
2023-02-28 10:57:42,36,40,3379,4355
2023-02-28 10:57:42,34,40,3379,4355
2023-02-28 10:57:42,29,40,3379,4355
2023-02-28 10:57:43,38,40,3379,4355
2023-02-28 10:58:02,36,40,3379,4355
2023-02-28 10:58:02,30,40,3379,4355
2023-02-28 10:58:02,30,42,3379,4355
2023-02-28 10:58:03,38,42,3379,4355
2023-02-28 10:58:03,38,41,3379,4355
2023-02-28 10:58:39,38,42,3379,4355
2023-02-28 10:58:40,38,41,3379,4355
2023-02-28 10:58:58,36,41,3379,4355
2023-02-28 10:58:59,38,41,3379,4355
2023-02-28 10:59:43,36,41,3379,4355
2023-02-28 10:59:44,30,41,3379,4355
2023-02-28 10:59:44,30,42,3379,4355
2023-02-28 10:59:44,38,42,3379,4355
2023-02-28 10:59:44,38,41,3379,4355
2023-02-28 11:00:08,34,41,3379,4355
2023-02-28 11:00:08,30,41,3379,4355
2023-02-28 11:00:08,37,41,3379,4355
2023-02-28 11:00:08,39,41,3379,4355
2023-02-28 11:00:52,35,41,3379,4355
2023-02-28 11:00:52,30,41,3379,4355
2023-02-28 11:00:52,38,41,3379,4355
2023-02-28 11:01:46,30,41,3379,4355
2023-02-28 11:01:46,30,42,3379,4355
2023-02-28 11:01:46,36,42,3379,4355
2023-02-28 11:01:46,38,42,3379,4355
2023-02-28 11:01:46,38,40,3379,4355
2023-02-28 11:02:10,36,40,3379,4355
2023-02-28 11:02:10,38,40,3379,4355
2023-02-28 11:02:35,36,40,3379,4355
2023-02-28 11:02:35,30,40,3379,4355
2023-02-28 11:02:36,38,40,3379,4355
2023-02-28 11:03:17,34,40,3379,4355
2023-02-28 11:03:17,30,40,3379,4355
2023-02-28 11:03:17,30,42,3379,4355
2023-02-28 11:03:18,36,42,3379,4355
2023-02-28 11:03:18,38,42,3379,4355
2023-02-28 11:03:18,38,40,3379,4355
2023-02-28 11:03:33,36,40,3379,4355
2023-02-28 11:03:33,38,40,3379,4355
2023-02-28 11:03:54,38,42,3379,4355
2023-02-28 11:03:54,38,40,3379,4355
2023-02-28 11:04:21,30,40,3379,4355
2023-02-28 11:04:22,34,40,3379,4355
2023-02-28 11:04:22,36,40,3379,4355
2023-02-28 11:04:22,38,40,3379,4355
2023-02-28 11:04:39,38,42,3379,4355
2023-02-28 11:04:39,38,41,3379,4355
2023-02-28 11:04:59,36,41,3379,4355
2023-02-28 11:04:59,36,42,3379,4355
2023-02-28 11:05:00,38,42,3379,4355
2023-02-28 11:05:00,38,40,3379,4355
2023-02-28 11:05:33,30,40,3379,4355
2023-02-28 11:05:33,30,42,3379,4355
2023-02-28 11:05:33,34,42,3379,4355
2023-02-28 11:05:33,36,42,3379,4355
2023-02-28 11:05:33,38,42,3379,4355
2023-02-28 11:05:33,38,40,3379,4355
2023-02-28 11:06:24,38,42,3379,4355
2023-02-28 11:06:24,38,40,3379,4355
2023-02-28 11:07:08,36,40,3379,4355
2023-02-28 11:07:08,38,40,3379,4355
2023-02-28 11:07:29,34,40,3379,4355
2023-02-28 11:07:29,30,40,3379,4355
2023-02-28 11:07:29,30,42,3379,4355
2023-02-28 11:07:29,37,42,3379,4355
2023-02-28 11:07:29,37,40,3379,4355
2023-02-28 11:07:47,30,40,3379,4355
2023-02-28 11:07:47,30,42,3379,4355
2023-02-28 11:07:47,36,42,3379,4355
2023-02-28 11:07:47,38,42,3379,4355
2023-02-28 11:07:47,38,40,3379,4355
2023-02-28 11:08:10,36,40,3379,4355
2023-02-28 11:08:10,36,42,3379,4355
2023-02-28 11:08:10,38,42,3379,4355
2023-02-28 11:08:10,38,40,3379,4355
2023-02-28 11:09:35,38,42,3379,4355
2023-02-28 11:09:36,38,40,3379,4355
2023-02-28 11:09:56,36,40,3379,4355
2023-02-28 11:09:56,38,40,3379,4355
2023-02-28 11:10:10,38,42,3379,4355
2023-02-28 11:10:10,38,40,3379,4355
2023-02-28 11:10:36,30,40,3379,4355
2023-02-28 11:10:36,30,42,3379,4355
2023-02-28 11:10:36,33,42,3379,4355
2023-02-28 11:10:36,35,42,3379,4355
2023-02-28 11:10:37,37,42,3379,4355
2023-02-28 11:10:37,37,40,3379,4355
2023-02-28 11:11:06,35,40,3379,4355
2023-02-28 11:11:06,37,40,3379,4355
2023-02-28 11:11:42,35,40,3379,4355
2023-02-28 11:11:42,30,40,3379,4355
2023-02-28 11:11:42,30,42,3379,4355
2023-02-28 11:11:43,36,42,3379,4355
2023-02-28 11:11:43,38,42,3379,4355
2023-02-28 11:11:43,38,40,3379,4355
2023-02-28 11:12:13,36,40,3379,4355
2023-02-28 11:12:13,36,42,3379,4355
2023-02-28 11:12:13,38,42,3379,4355
2023-02-28 11:12:13,38,40,3379,4355
2023-02-28 11:12:41,36,40,3379,4355
2023-02-28 11:12:41,36,42,3379,4355
2023-02-28 11:12:41,38,42,3379,4355
2023-02-28 11:12:41,38,40,3379,4355
2023-02-28 11:13:04,36,40,3379,4355
2023-02-28 11:13:04,36,42,3379,4355
2023-02-28 11:13:04,38,42,3379,4355
2023-02-28 11:13:04,38,40,3379,4355
2023-02-28 11:13:38,30,40,3379,4355
2023-02-28 11:13:38,36,40,3379,4355
2023-02-28 11:13:38,38,40,3379,4355
2023-02-28 11:13:51,38,42,3379,4355
2023-02-28 11:13:51,38,40,3379,4355
2023-02-28 11:14:12,36,40,3379,4355
2023-02-28 11:14:12,30,40,3379,4355
2023-02-28 11:14:12,38,40,3379,4355
2023-02-28 11:14:34,36,40,3379,4355
2023-02-28 11:14:34,36,42,3379,4355
2023-02-28 11:14:34,38,42,3379,4355
2023-02-28 11:14:34,38,40,3379,4355
2023-02-28 11:15:04,37,40,3379,4355
2023-02-28 11:15:05,38,40,3379,4355
2023-02-28 11:15:28,37,40,3379,4355
2023-02-28 11:15:28,37,41,3379,4355
2023-02-28 11:15:29,38,41,3379,4355
2023-02-28 11:15:29,38,40,3379,4355
2023-02-28 11:15:50,36,40,3379,4355
2023-02-28 11:15:50,38,40,3379,4355
2023-02-28 11:16:07,36,40,3379,4355
2023-02-28 11:16:07,36,41,3379,4355
2023-02-28 11:16:08,36,40,3379,4355
2023-02-28 11:16:08,37,40,3379,4355
2023-02-28 11:16:40,36,40,3379,4355
2023-02-28 11:16:40,37,40,3379,4355
2023-02-28 11:16:40,37,39,3379,4355
2023-02-28 11:16:58,37,40,3379,4355
2023-02-28 11:16:58,37,39,3379,4355
2023-02-28 11:17:30,36,39,3379,4355
2023-02-28 11:17:30,36,40,3379,4355
2023-02-28 11:17:31,37,40,3379,4355
2023-02-28 11:18:06,35,40,3379,4355
2023-02-28 11:18:07,37,40,3379,4355
2023-02-28 11:18:57,35,40,3379,4355
2023-02-28 11:18:57,36,40,3379,4355
2023-02-28 11:18:57,38,40,3379,4355
2023-02-28 11:19:23,36,40,3379,4355
2023-02-28 11:19:23,38,40,3379,4355
2023-02-28 11:20:06,36,40,3379,4355
2023-02-28 11:20:06,38,40,3379,4355
2023-02-28 11:20:39,36,40,3379,4355
2023-02-28 11:20:39,38,40,3379,4355
2023-02-28 11:21:13,36,40,3379,4355
2023-02-28 11:21:14,38,40,3379,4355
2023-02-28 11:21:35,36,40,3379,4355
2023-02-28 11:21:35,37,40,3379,4355
2023-02-28 11:22:01,37,39,3379,4355
2023-02-28 11:22:18,35,39,3379,4355
2023-02-28 11:22:18,37,39,3379,4355
2023-02-28 11:22:35,35,39,3379,4355
2023-02-28 11:22:35,37,39,3379,4355
2023-02-28 11:22:44,37,40,3379,4355
2023-02-28 11:23:18,36,40,3379,4355
2023-02-28 11:23:18,38,40,3379,4355
2023-02-28 11:23:37,36,40,3379,4355
2023-02-28 11:23:37,36,41,3379,4355
2023-02-28 11:23:38,38,41,3379,4355
2023-02-28 11:24:05,36,41,3379,4355
2023-02-28 11:24:05,38,41,3379,4355
2023-02-28 11:24:34,37,41,3379,4355
2023-02-28 11:24:35,38,41,3379,4355
2023-02-28 11:24:58,37,41,3379,4355
2023-02-28 11:24:59,39,41,3379,4355
2023-02-28 11:25:35,37,41,3379,4355
2023-02-28 11:25:35,39,41,3379,4355
2023-02-28 11:26:12,37,41,3379,4355
2023-02-28 11:26:12,39,41,3379,4355
2023-02-28 11:26:49,37,41,3379,4355
2023-02-28 11:26:50,38,41,3379,4355
2023-02-28 11:27:10,38,41,3378,4356
2023-02-28 11:27:10,37,41,3378,4356
2023-02-28 11:27:10,39,41,3378,4356
2023-02-28 11:27:37,37,41,3378,4356
2023-02-28 11:27:38,38,41,3378,4356
2023-02-28 11:28:13,37,41,3378,4356
2023-02-28 11:28:14,38,41,3378,4356
2023-02-28 11:28:37,36,41,3378,4356
2023-02-28 11:28:38,38,41,3378,4356
2023-02-28 11:28:38,38,40,3378,4356
2023-02-28 11:29:12,36,40,3378,4356
2023-02-28 11:29:12,36,41,3378,4356
2023-02-28 11:29:13,38,41,3378,4356
2023-02-28 11:29:24,37,41,3378,4356
2023-02-28 11:29:24,39,41,3378,4356
2023-02-28 11:29:52,37,41,3378,4356
2023-02-28 11:29:52,39,41,3378,4356
2023-02-28 11:30:02,37,41,3378,4356
2023-02-28 11:30:02,38,41,3378,4356
2023-02-28 11:30:53,38,42,3378,4356
2023-02-28 11:30:54,38,41,3378,4356
2023-02-28 11:32:34,38,42,3378,4356
2023-02-28 11:32:34,39,42,3378,4356
2023-02-28 11:32:34,39,41,3378,4356
2023-02-28 11:33:00,39,42,3378,4356
2023-02-28 11:33:00,39,41,3378,4356
2023-02-28 11:33:09,39,42,3378,4356
2023-02-28 11:33:09,39,41,3378,4356
2023-02-28 11:33:35,38,41,3378,4356
2023-02-28 11:33:58,38,42,3378,4356
2023-02-28 11:33:58,39,42,3378,4356
2023-02-28 11:33:58,39,41,3378,4356
2023-02-28 11:34:44,38,41,3378,4356
2023-02-28 11:34:44,38,42,3378,4356
2023-02-28 11:34:45,39,42,3378,4356
2023-02-28 11:34:45,39,41,3378,4356
2023-02-28 11:35:00,38,41,3378,4356
2023-02-28 11:35:00,38,42,3378,4356
2023-02-28 11:35:00,39,42,3378,4356
2023-02-28 11:35:28,38,42,3378,4356
2023-02-28 11:35:29,39,42,3378,4356
2023-02-28 11:35:29,39,41,3378,4356
2023-02-28 11:35:46,38,41,3378,4356
2023-02-28 11:35:46,39,41,3378,4356
2023-02-28 11:35:52,39,42,3415,4393
2023-02-28 11:36:32,39,43,3415,4393
2023-02-28 11:37:36,40,43,3415,4393
2023-02-28 11:37:58,39,43,3415,4393
2023-02-28 11:37:58,40,43,3415,4393
2023-02-28 11:38:34,39,43,3415,4393
2023-02-28 11:38:56,40,43,3415,4393
2023-02-28 11:39:19,39,43,3415,4393
2023-02-28 11:39:19,40,43,3415,4393
2023-02-28 11:40:38,39,43,3415,4393
2023-02-28 11:40:38,40,43,3415,4393
2023-02-28 11:40:54,39,43,3415,4393
2023-02-28 11:40:55,40,43,3415,4393
2023-02-28 11:41:11,39,43,3415,4393
2023-02-28 11:41:11,40,43,3415,4393
2023-02-28 11:41:38,39,43,3415,4393
2023-02-28 11:41:38,40,43,3415,4393
2023-02-28 11:41:58,39,43,3415,4393
2023-02-28 11:41:59,40,43,3415,4393
2023-02-28 11:43:32,39,43,3415,4393
2023-02-28 11:43:33,40,43,3415,4393
2023-02-28 11:44:09,39,43,3415,4393
2023-02-28 11:44:09,40,43,3415,4393
2023-02-28 11:44:29,39,43,3415,4393
2023-02-28 11:44:29,40,43,3415,4393
2023-02-28 11:44:33,40,44,3415,4393
2023-02-28 11:45:11,41,44,3415,4393
2023-02-28 11:45:43,40,44,3415,4393
2023-02-28 11:45:43,41,44,3415,4393
2023-02-28 11:46:37,40,44,3415,4393
2023-02-28 11:46:38,41,44,3415,4393
2023-02-28 11:47:11,40,44,3415,4393
2023-02-28 11:47:12,41,44,3415,4393
2023-02-28 11:47:35,40,44,3415,4393
2023-02-28 11:47:36,41,44,3415,4393
2023-02-28 11:48:07,40,44,3415,4393
2023-02-28 11:48:08,41,44,3415,4393
2023-02-28 11:48:47,40,44,3415,4393
2023-02-28 11:48:48,40,43,3415,4393
2023-02-28 11:50:19,40,44,3415,4393
2023-02-28 11:52:37,40,44,3422,4400
2023-02-28 11:55:47,41,44,3422,4400
2023-02-28 11:56:07,40,44,3422,4400
2023-02-28 11:56:53,41,44,3422,4400
2023-02-28 11:57:22,40,44,3422,4400
2023-02-28 11:57:23,41,44,3422,4400
2023-02-28 11:59:01,41,45,3422,4400
2023-02-28 11:59:01,41,44,3422,4400
2023-02-28 11:59:29,41,45,3422,4400
2023-02-28 11:59:30,41,44,3422,4400
2023-02-28 12:00:36,41,45,3422,4400
2023-02-28 12:00:36,41,44,3422,4400
2023-02-28 12:01:29,41,45,3422,4400
2023-02-28 12:01:29,41,44,3422,4400
2023-02-28 12:01:50,41,45,3422,4400
2023-02-28 12:01:50,41,44,3422,4400
2023-02-28 12:02:31,41,45,3422,4400
2023-02-28 12:02:31,41,44,3422,4400
2023-02-28 12:02:34,40,44,3422,4400
2023-02-28 12:02:52,40,43,3422,4400
2023-02-28 12:03:41,40,44,3422,4400
2023-02-28 12:05:24,40,43,3422,4400
2023-02-28 12:06:11,39,43,3422,4400
2023-02-28 12:06:12,40,43,3422,4400
2023-02-28 12:06:42,38,43,3422,4400
2023-02-28 12:06:42,35,43,3422,4400
2023-02-28 12:06:42,35,44,3422,4400
2023-02-28 12:06:43,39,44,3422,4400
2023-02-28 12:06:43,39,43,3422,4400
2023-02-28 12:06:53,35,43,3422,4400
2023-02-28 12:06:53,35,44,3422,4400
2023-02-28 12:06:53,36,44,3422,4400
2023-02-28 12:06:53,38,44,3422,4400
2023-02-28 12:06:53,40,44,3422,4400
2023-02-28 12:06:53,40,43,3422,4400
2023-02-28 12:07:10,40,44,3422,4400
2023-02-28 12:07:10,40,43,3422,4400
2023-02-28 12:07:28,35,43,3422,4400
2023-02-28 12:07:28,35,44,3422,4400
2023-02-28 12:07:29,36,44,3422,4400
2023-02-28 12:07:29,38,44,3422,4400
2023-02-28 12:07:29,40,44,3422,4400
2023-02-28 12:07:47,38,44,3422,4400
2023-02-28 12:07:47,35,44,3422,4400
2023-02-28 12:07:47,39,44,3422,4400
2023-02-28 12:07:47,41,44,3422,4400
2023-02-28 12:08:07,39,44,3422,4400
2023-02-28 12:08:07,41,44,3422,4400
2023-02-28 12:08:41,39,44,3422,4400
2023-02-28 12:08:41,35,44,3422,4400
2023-02-28 12:08:42,37,44,3422,4400
2023-02-28 12:08:42,41,44,3422,4400
2023-02-28 12:09:23,39,44,3422,4400
2023-02-28 12:09:23,41,44,3422,4400
2023-02-28 12:10:12,39,44,3422,4400
2023-02-28 12:10:12,41,44,3422,4400
2023-02-28 12:10:34,34,44,3422,4400
2023-02-28 12:10:34,38,44,3422,4400
2023-02-28 12:10:34,40,44,3422,4400
2023-02-28 12:10:34,40,43,3422,4400
2023-02-28 12:11:36,38,43,3422,4400
2023-02-28 12:11:36,40,43,3422,4400
2023-02-28 12:11:53,38,43,3422,4400
2023-02-28 12:11:54,40,43,3422,4400
2023-02-28 12:12:31,38,43,3422,4400
2023-02-28 12:12:31,39,43,3422,4400
2023-02-28 12:12:32,39,42,3422,4400
2023-02-28 12:12:53,38,42,3422,4400
2023-02-28 12:12:54,39,42,3422,4400
2023-02-28 12:12:54,39,41,3422,4400
2023-02-28 12:13:32,38,41,3422,4400
2023-02-28 12:13:32,38,42,3422,4400
2023-02-28 12:13:32,39,42,3422,4400
2023-02-28 12:13:32,39,41,3422,4400
2023-02-28 12:13:54,39,42,3422,4400
2023-02-28 12:13:54,39,41,3422,4400
2023-02-28 12:14:41,38,41,3422,4400
2023-02-28 12:15:16,38,42,3422,4400
2023-02-28 12:15:16,39,42,3422,4400
2023-02-28 12:15:16,39,41,3422,4400
2023-02-28 12:15:38,38,41,3422,4400
2023-02-28 12:15:38,38,42,3422,4400
2023-02-28 12:15:38,39,42,3422,4400
2023-02-28 12:15:38,39,41,3422,4400
2023-02-28 12:16:13,38,41,3422,4400
2023-02-28 12:16:13,38,42,3422,4400
2023-02-28 12:16:13,39,42,3422,4400
2023-02-28 12:16:13,39,41,3422,4400
2023-02-28 12:16:41,38,41,3422,4400
2023-02-28 12:16:41,39,41,3422,4400
2023-02-28 12:17:20,38,41,3422,4400
2023-02-28 12:17:20,38,43,3422,4400
2023-02-28 12:17:20,39,43,3422,4400
2023-02-28 12:17:20,39,41,3422,4400
2023-02-28 12:17:38,38,41,3422,4400
2023-02-28 12:17:38,38,43,3422,4400
2023-02-28 12:17:38,39,43,3422,4400
2023-02-28 12:18:06,40,43,3422,4400
2023-02-28 12:18:26,39,43,3422,4400
2023-02-28 12:18:40,39,41,3422,4400
2023-02-28 12:20:08,39,43,3422,4400
2023-02-28 12:20:09,39,41,3422,4400
2023-02-28 12:20:56,38,41,3422,4400
2023-02-28 12:20:56,38,43,3422,4400
2023-02-28 12:20:56,38,41,3422,4400
2023-02-28 12:21:12,38,42,3422,4400
2023-02-28 12:21:12,38,41,3422,4400
2023-02-28 12:21:32,38,42,3422,4400
2023-02-28 12:21:32,38,40,3422,4400
2023-02-28 12:22:05,36,40,3422,4743
2023-02-28 12:22:14,35,40,3422,4743
2023-02-28 12:22:14,37,40,3422,4743
2023-02-28 12:22:14,37,39,3422,4743
2023-02-28 12:22:35,37,41,3422,4743
2023-02-28 12:22:35,37,39,3422,4743
2023-02-28 12:22:50,36,39,3422,4743
2023-02-28 12:22:50,36,41,3422,4743
2023-02-28 12:22:50,36,40,3422,4743
2023-02-28 12:22:50,36,38,3422,4743
2023-02-28 12:23:13,36,40,3422,4743
2023-02-28 12:23:13,36,41,3422,4743
2023-02-28 12:23:13,37,41,3422,4743
2023-02-28 12:23:14,37,39,3422,4743
2023-02-28 12:23:48,38,39,3422,4743
2023-02-28 12:23:51,38,41,3422,4743
2023-02-28 12:23:52,38,39,3422,4743
2023-02-28 12:24:12,38,42,3422,4743
2023-02-28 12:24:12,38,40,3422,4743
2023-02-28 12:24:30,39,40,3422,4743
2023-02-28 12:24:44,39,43,3422,4743
2023-02-28 12:24:44,39,40,3422,4743
2023-02-28 12:24:56,39,43,3422,4743
2023-02-28 12:24:56,39,40,3422,4743
2023-02-28 12:25:30,39,43,3422,4743
2023-02-28 12:25:31,39,40,3422,4743
2023-02-28 12:25:33,38,40,3422,4743
2023-02-28 12:25:49,38,43,3422,4743
2023-02-28 12:25:49,38,40,3422,4743
2023-02-28 12:26:11,38,43,3422,4743
2023-02-28 12:26:11,38,39,3422,4743
2023-02-28 12:26:54,38,43,3422,4743
2023-02-28 12:26:55,38,40,3422,4743
2023-02-28 12:27:22,39,40,3422,4743
2023-02-28 12:27:30,39,43,3422,4743
2023-02-28 12:27:30,39,41,3422,4743
2023-02-28 12:27:51,39,43,3422,4743
2023-02-28 12:27:52,39,41,3422,4743
2023-02-28 12:28:09,39,43,3422,4743
2023-02-28 12:28:09,39,41,3422,4743
2023-02-28 12:28:29,38,41,3422,4743
2023-02-28 12:28:49,38,43,3422,4743
2023-02-28 12:28:50,38,40,3422,4743
2023-02-28 12:29:07,38,43,3422,4743
2023-02-28 12:29:07,38,40,3422,4743
2023-02-28 12:29:25,38,43,3422,4743
2023-02-28 12:29:25,38,40,3422,4743
2023-02-28 12:29:50,38,42,3422,4743
2023-02-28 12:29:50,38,40,3422,4743
2023-02-28 12:30:34,38,42,3422,4743
2023-02-28 12:30:35,38,40,3422,4743
2023-02-28 12:30:55,38,42,3422,4743
2023-02-28 12:30:55,38,40,3422,4743
2023-02-28 12:31:14,38,42,3422,4743
2023-02-28 12:31:15,38,40,3422,4743
2023-02-28 12:31:36,38,42,3422,4743
2023-02-28 12:31:36,38,40,3422,4743
2023-02-28 12:31:58,37,40,3422,4743
2023-02-28 12:31:58,37,42,3422,4743
2023-02-28 12:31:58,37,40,3422,4743
2023-02-28 12:32:32,37,41,3422,4743
2023-02-28 12:32:33,37,39,3422,4743
2023-02-28 12:32:49,37,41,3422,4743
2023-02-28 12:32:49,37,39,3422,4743
2023-02-28 12:33:05,37,41,3422,4743
2023-02-28 12:33:05,37,39,3422,4743
2023-02-28 12:33:26,37,41,3422,4743
2023-02-28 12:33:26,37,42,3422,4743
2023-02-28 12:33:27,37,40,3422,4743
2023-02-28 12:33:40,37,42,3422,4743
2023-02-28 12:33:40,38,42,3422,4743
2023-02-28 12:33:40,38,40,3422,4743
2023-02-28 12:34:00,38,42,3422,4743
2023-02-28 12:34:00,38,40,3422,4743
2023-02-28 12:34:30,38,42,3422,4743
2023-02-28 12:34:30,38,40,3422,4743
2023-02-28 12:34:39,38,42,3422,4743
2023-02-28 12:34:40,38,40,3422,4743
2023-02-28 12:35:26,38,42,3422,4743
2023-02-28 12:35:26,38,40,3422,4743
2023-02-28 12:35:46,38,42,3422,4743
2023-02-28 12:35:46,38,40,3422,4743
2023-02-28 12:35:55,38,42,3422,4743
2023-02-28 12:35:55,38,40,3422,4743
2023-02-28 12:36:23,37,40,3422,4743
2023-02-28 12:36:24,37,42,3422,4743
2023-02-28 12:36:24,37,39,3422,4743
2023-02-28 12:36:40,37,42,3422,4743
2023-02-28 12:36:40,39,42,3422,4743
2023-02-28 12:36:50,40,42,3422,4743
2023-02-28 12:36:53,40,43,3422,4743
2023-02-28 12:36:58,38,43,3422,4743
2023-02-28 12:36:59,40,43,3422,4743
2023-02-28 12:37:14,40,44,3422,4743
2023-02-28 12:37:27,40,45,3422,4743
2023-02-28 12:37:28,42,45,3422,4743
2023-02-28 12:37:28,42,44,3422,4743
2023-02-28 12:37:58,40,44,3422,4743
2023-02-28 12:37:58,42,44,3422,4743
2023-02-28 12:38:25,42,43,3422,4743
2023-02-28 12:38:45,38,43,3422,4743
2023-02-28 12:38:46,40,43,3422,4743
2023-02-28 12:39:40,38,43,3422,4743
2023-02-28 12:39:40,40,43,3422,4743
2023-02-28 12:39:55,38,43,3422,4743
2023-02-28 12:39:55,39,43,3422,4743
2023-02-28 12:39:55,41,43,3422,4743
2023-02-28 12:40:19,41,44,3422,4743
2023-02-28 12:40:32,39,44,3422,4743
2023-02-28 12:40:32,42,44,3422,4743
2023-02-28 12:40:44,40,44,3422,4743
2023-02-28 12:40:44,42,44,3422,4743
2023-02-28 12:41:32,41,44,3422,4743
2023-02-28 12:41:32,41,45,3422,4743
2023-02-28 12:41:32,43,45,3422,4743
2023-02-28 12:41:56,41,45,3422,4743
2023-02-28 12:41:57,43,45,3422,4743
2023-02-28 12:42:29,41,45,3422,4743
2023-02-28 12:42:29,43,45,3422,4743
2023-02-28 12:43:03,43,44,3422,4743
2023-02-28 12:43:08,40,44,3422,4743
2023-02-28 12:43:09,42,44,3422,4743
2023-02-28 12:43:51,40,44,3422,4743
2023-02-28 12:43:51,39,44,3422,4743
2023-02-28 12:43:52,41,44,3422,4743
2023-02-28 12:43:54,41,43,3422,4743
2023-02-28 12:44:45,39,43,3422,4743
2023-02-28 12:44:45,41,43,3422,4743
2023-02-28 12:44:50,41,44,3422,4743
2023-02-28 12:45:12,39,44,3422,4743
2023-02-28 12:45:12,41,44,3422,4743
2023-02-28 12:45:21,41,43,3422,4743
2023-02-28 12:46:11,39,43,3422,4743
2023-02-28 12:46:11,41,43,3422,4743
2023-02-28 12:46:39,39,43,3422,4743
2023-02-28 12:46:39,38,43,3422,4743
2023-02-28 12:46:40,40,43,3422,4743
2023-02-28 12:46:51,38,43,3422,4743
2023-02-28 12:46:51,40,43,3422,4743
2023-02-28 12:47:07,39,43,3422,4743
2023-02-28 12:47:07,40,43,3422,4743
2023-02-28 12:47:36,39,43,3422,4743
2023-02-28 12:47:36,40,43,3422,4743
2023-02-28 12:47:56,39,43,3422,4743
2023-02-28 12:47:57,40,43,3422,4743
2023-02-28 12:48:07,39,43,3422,4743
2023-02-28 12:48:07,41,43,3422,4743
2023-02-28 12:48:48,39,43,3422,4743
2023-02-28 12:48:48,41,43,3422,4743
2023-02-28 12:49:07,39,43,3422,4743
2023-02-28 12:49:07,40,43,3422,4743
2023-02-28 12:49:17,40,42,3422,4743
2023-02-28 12:49:34,38,42,3422,4743
2023-02-28 12:49:34,40,42,3422,4743
2023-02-28 12:50:44,38,42,3422,4743
2023-02-28 12:50:45,40,42,3422,4743
2023-02-28 12:51:14,37,42,3422,4743
2023-02-28 12:51:15,38,42,3422,4743
2023-02-28 12:51:15,40,42,3422,4743
2023-02-28 12:51:35,40,41,3422,4743
2023-02-28 12:51:38,40,41,3415,4821
2023-02-28 12:51:43,36,41,3415,4821
2023-02-28 12:51:43,35,41,3415,4821
2023-02-28 12:51:44,39,41,3415,4821
2023-02-28 12:51:53,39,41,3265,4971
2023-02-28 12:52:08,39,41,3265,5049
2023-02-28 12:52:10,39,40,3265,5049
2023-02-28 12:52:14,39,41,3265,5049
2023-02-28 12:52:16,37,41,3265,5049
2023-02-28 12:52:17,33,41,3265,5049
2023-02-28 12:52:17,38,41,3265,5049
2023-02-28 12:52:17,38,40,3265,5049
2023-02-28 12:52:30,36,40,3265,5049
2023-02-28 12:52:30,33,40,3265,5049
2023-02-28 12:52:30,33,41,3265,5049
2023-02-28 12:52:30,35,41,3265,5049
2023-02-28 12:52:30,35,39,3265,5049
2023-02-28 12:52:30,35,37,3265,5049
2023-02-28 12:52:53,34,37,3265,5049
2023-02-28 12:52:53,34,39,3265,5049
2023-02-28 12:52:53,34,37,3265,5049
2023-02-28 12:53:07,33,37,3265,5049
2023-02-28 12:53:07,33,38,3265,5049
2023-02-28 12:53:07,34,38,3265,5049
2023-02-28 12:53:07,34,36,3265,5049
2023-02-28 12:53:36,33,36,3265,5049
2023-02-28 12:53:36,33,35,3265,5049
2023-02-28 12:53:55,33,37,3265,5049
2023-02-28 12:53:55,33,36,3265,5049
2023-02-28 12:53:55,33,34,3265,5049
2023-02-28 12:54:13,34,36,3265,5103
2023-02-28 12:54:24,34,38,3265,5103
2023-02-28 12:54:24,34,37,3265,5103
2023-02-28 12:54:24,34,35,3265,5103
2023-02-28 12:54:41,34,36,3265,5103
2023-02-28 12:54:41,34,35,3265,5103
2023-02-28 12:55:03,32,35,3265,5103
2023-02-28 12:55:07,31,35,3265,5103
2023-02-28 12:55:08,31,34,3265,5103
2023-02-28 12:55:11,31,33,3265,5103
2023-02-28 12:55:29,30,33,3265,5103
2023-02-28 12:55:30,30,32,3265,5103
2023-02-28 12:55:38,31,32,3265,5103
2023-02-28 12:55:43,31,33,3265,5103
2023-02-28 12:55:43,31,32,3265,5103
2023-02-28 12:55:44,30,32,3265,5103
2023-02-28 12:56:09,30,33,3265,5103
2023-02-28 12:56:09,30,32,3265,5103
2023-02-28 12:56:32,30,33,3265,5103
2023-02-28 12:56:32,30,32,3265,5103
2023-02-28 12:56:50,31,32,3265,5103
2023-02-28 12:57:07,31,33,3265,5103
2023-02-28 12:57:26,30,33,3265,5103
2023-02-28 12:57:28,30,34,3265,5103
2023-02-28 12:57:28,31,34,3265,5103
2023-02-28 12:57:28,31,33,3265,5103
2023-02-28 12:57:46,30,33,3265,5103
2023-02-28 12:57:46,30,35,3265,5103
2023-02-28 12:57:46,30,34,3265,5103
2023-02-28 12:57:47,30,32,3265,5103
2023-02-28 12:58:08,30,33,3265,5103
2023-02-28 12:58:08,31,33,3265,5103
2023-02-28 12:58:14,31,33,3265,5153
2023-02-28 12:58:33,30,33,3265,5153
2023-02-28 12:58:33,30,32,3265,5153
2023-02-28 12:58:47,30,34,3265,5153
2023-02-28 12:58:47,30,33,3265,5153
2023-02-28 12:58:53,30,35,3603,5491
2023-02-28 12:58:57,32,35,3603,5491
2023-02-28 12:59:03,32,33,3603,5491
2023-02-28 12:59:10,30,33,3603,5491
2023-02-28 12:59:27,31,33,3603,5491
2023-02-28 12:59:35,31,35,3603,5491
2023-02-28 12:59:35,31,34,3603,5491
2023-02-28 12:59:48,31,35,3603,5491
2023-02-28 12:59:48,31,34,3603,5491
2023-02-28 13:00:06,31,35,3603,5491
2023-02-28 13:00:06,32,35,3603,5491
2023-02-28 13:00:06,32,34,3603,5491
2023-02-28 13:00:40,31,34,3603,5491
2023-02-28 13:00:40,31,35,3603,5491
2023-02-28 13:00:40,32,35,3603,5491
2023-02-28 13:00:45,32,34,3603,5491
2023-02-28 13:00:49,32,35,3603,5491
2023-02-28 13:00:56,31,35,3603,5491
2023-02-28 13:00:57,31,34,3603,5491
2023-02-28 13:01:30,31,33,3603,5491
2023-02-28 13:01:55,31,35,3603,5491
2023-02-28 13:01:55,31,33,3603,5491
2023-02-28 13:02:17,31,35,3603,5491
2023-02-28 13:02:18,32,35,3603,5491
2023-02-28 13:02:18,32,34,3603,5491
2023-02-28 13:02:28,31,34,3603,5491
2023-02-28 13:02:28,31,35,3603,5491
2023-02-28 13:02:28,32,35,3603,5491
2023-02-28 13:02:28,32,34,3603,5491
2023-02-28 13:02:50,32,33,3603,5491
2023-02-28 13:02:54,30,33,3603,5491
2023-02-28 13:02:54,31,33,3603,5491
2023-02-28 13:02:54,31,32,3603,5491
2023-02-28 13:03:06,30,32,3603,5491
2023-02-28 13:03:06,31,32,3603,5491
2023-02-28 13:03:19,31,33,3603,5491
2023-02-28 13:03:35,31,32,3603,5491
2023-02-28 13:03:35,30,32,3603,5491
2023-02-28 13:03:35,31,32,3603,5491
2023-02-28 13:03:39,28,31,3547,5547
2023-02-28 13:03:44,29,31,3547,5547
2023-02-28 13:03:54,30,31,3547,5547
2023-02-28 13:04:16,29,31,3547,5547
2023-02-28 13:04:17,30,31,3547,5547
2023-02-28 13:04:35,29,30,3434,5660
2023-02-28 13:04:46,28,30,3434,5660
2023-02-28 13:05:02,28,29,3434,5660
2023-02-28 13:05:13,28,29,3378,5716
2023-02-28 13:05:16,28,31,3378,5716
2023-02-28 13:05:19,27,31,3378,5716
2023-02-28 13:05:19,28,31,3378,5716
2023-02-28 13:05:43,28,30,3378,5716
2023-02-28 13:05:44,28,31,3378,5716
2023-02-28 13:05:44,28,30,3378,5716
2023-02-28 13:06:02,28,29,3378,5716
2023-02-28 13:06:02,27,29,3378,5716
2023-02-28 13:06:33,27,29,3405,5838
2023-02-28 13:06:40,27,29,3505,5938
2023-02-28 13:06:44,27,32,3505,5938
2023-02-28 13:06:44,28,32,3505,5938
2023-02-28 13:06:44,28,31,3505,5938
2023-02-28 13:06:45,29,31,3505,5938
2023-02-28 13:06:49,28,31,3505,5938
2023-02-28 13:07:15,27,31,3505,5938
2023-02-28 13:07:15,27,32,3505,5938
2023-02-28 13:07:15,28,32,3505,5938
2023-02-28 13:07:15,28,31,3505,5938
2023-02-28 13:07:36,28,30,3505,5938
2023-02-28 13:07:45,28,29,3505,5938
2023-02-28 13:07:59,26,29,3505,5938
2023-02-28 13:07:59,27,29,3505,5938
2023-02-28 13:08:14,26,29,3505,5938
2023-02-28 13:08:34,27,29,3505,5938
2023-02-28 13:08:47,28,29,3505,5938
2023-02-28 13:08:52,28,31,3505,5938
2023-02-28 13:08:54,28,30,3505,5938
2023-02-28 13:09:29,29,30,3505,5938
2023-02-28 13:09:35,29,32,3778,6211
2023-02-28 13:09:50,29,34,3778,6211
2023-02-28 13:09:51,29,33,3778,6211
2023-02-28 13:09:51,29,31,3778,6211
2023-02-28 13:10:09,29,33,3778,6211
2023-02-28 13:10:09,29,31,3778,6211
2023-02-28 13:10:37,29,33,3778,6211
2023-02-28 13:10:37,29,31,3778,6211
2023-02-28 13:11:07,28,31,3778,6211
2023-02-28 13:11:12,28,32,3778,6211
2023-02-28 13:11:13,28,31,3778,6211
2023-02-28 13:11:38,26,31,3778,6211
2023-02-28 13:11:38,27,31,3778,6211
2023-02-28 13:11:38,27,30,3778,6211
2023-02-28 13:11:55,28,30,3778,6211
2023-02-28 13:11:57,28,32,3778,6211
2023-02-28 13:11:57,28,30,3778,6211
2023-02-28 13:12:35,28,31,3778,6211
2023-02-28 13:12:36,28,30,3778,6211
2023-02-28 13:12:48,30,32,3940,6373
2023-02-28 13:12:56,28,30,4078,6511
2023-02-28 13:13:13,28,30,4178,6611
2023-02-28 13:13:17,30,31,4209,6642
2023-02-28 13:13:30,28,31,4209,6642
2023-02-28 13:13:32,28,33,4209,6642
2023-02-28 13:13:33,28,31,4209,6642
2023-02-28 13:14:00,28,33,4209,6642
2023-02-28 13:14:00,30,33,4209,6642
2023-02-28 13:14:01,30,32,4209,6642
2023-02-28 13:14:32,30,31,4209,6642
2023-02-28 13:14:36,30,32,4364,6797
2023-02-28 13:14:40,29,32,4364,6797
2023-02-28 13:14:40,29,33,4364,6797
2023-02-28 13:14:40,29,32,4364,6797
2023-02-28 13:14:51,30,32,4364,6797
2023-02-28 13:14:57,30,34,4364,6797
2023-02-28 13:14:57,30,32,4364,6797
2023-02-28 13:15:08,31,32,4364,6797
2023-02-28 13:15:29,31,34,4364,6797
2023-02-28 13:15:29,31,35,4364,6797
2023-02-28 13:15:29,31,34,4364,6797
2023-02-28 13:15:50,29,34,4364,6797
2023-02-28 13:15:50,31,34,4364,6797
2023-02-28 13:15:50,31,33,4364,6797
2023-02-28 13:16:01,29,33,4364,6797
2023-02-28 13:16:01,29,34,4364,6797
2023-02-28 13:16:02,30,34,4364,6797
2023-02-28 13:16:02,30,32,4364,6797
2023-02-28 13:16:33,30,34,4364,6797
2023-02-28 13:16:33,31,34,4364,6797
2023-02-28 13:16:34,31,33,4364,6797
2023-02-28 13:16:48,31,35,4364,6797
2023-02-28 13:16:48,31,33,4364,6797
2023-02-28 13:17:49,31,35,4364,6797
2023-02-28 13:17:49,31,34,4364,6797
2023-02-28 13:18:06,31,35,4364,6797
2023-02-28 13:18:06,31,34,4364,6797
2023-02-28 13:18:32,31,33,4364,6797
2023-02-28 13:18:51,29,33,4364,6797
2023-02-28 13:18:51,29,35,4364,6797
2023-02-28 13:18:51,30,35,4364,6797
2023-02-28 13:18:51,30,33,4364,6797
2023-02-28 13:19:02,31,33,4364,6797
2023-02-28 13:19:10,31,33,4589,7022
2023-02-28 13:19:12,31,35,4589,7022
2023-02-28 13:19:12,31,33,4589,7022
2023-02-28 13:19:20,31,35,4844,7277
2023-02-28 13:19:21,31,33,4844,7277
2023-02-28 13:19:30,32,33,4844,7277
2023-02-28 13:19:36,32,36,4844,7277
2023-02-28 13:19:36,33,36,4844,7277
2023-02-28 13:19:54,33,35,4844,7277
2023-02-28 13:20:16,33,36,4844,7277
2023-02-28 13:20:24,33,35,4844,7277
2023-02-28 13:20:36,31,35,4844,7277
2023-02-28 13:20:36,33,35,4844,7277
2023-02-28 13:20:43,33,34,4844,7277
2023-02-28 13:20:52,31,33,4689,7432
2023-02-28 13:20:54,31,33,4638,7483
2023-02-28 13:21:14,31,34,4638,7483
2023-02-28 13:21:14,31,32,4638,7483
2023-02-28 13:21:15,32,34,4619,7502
2023-02-28 13:21:18,32,33,4619,7502
2023-02-28 13:21:32,31,33,4619,7502
2023-02-28 13:22:00,29,33,4619,7502
2023-02-28 13:22:00,30,33,4619,7502
2023-02-28 13:22:00,30,32,4619,7502
2023-02-28 13:22:39,29,32,4619,7502
2023-02-28 13:22:39,29,33,4619,7502
2023-02-28 13:22:39,29,34,4619,7502
2023-02-28 13:22:39,30,34,4619,7502
2023-02-28 13:22:39,30,33,4619,7502
2023-02-28 13:22:56,29,33,4619,7502
2023-02-28 13:22:56,31,33,4619,7502
2023-02-28 13:23:13,31,32,4619,7502
2023-02-28 13:23:16,28,32,4619,7502
2023-02-28 13:23:17,30,32,4619,7502
2023-02-28 13:23:39,28,32,4619,7502
2023-02-28 13:23:39,28,33,4619,7502
2023-02-28 13:23:39,30,33,4619,7502
2023-02-28 13:23:39,30,32,4619,7502
2023-02-28 13:24:09,29,32,4619,7502
2023-02-28 13:24:09,29,33,4619,7502
2023-02-28 13:24:09,30,33,4619,7502
2023-02-28 13:24:09,30,32,4619,7502
2023-02-28 13:24:29,28,32,4619,7502
2023-02-28 13:24:44,28,31,4619,7502
2023-02-28 13:24:46,27,31,4619,7502
2023-02-28 13:24:47,28,31,4619,7502
2023-02-28 13:24:56,27,31,4619,7601
2023-02-28 13:24:58,27,30,4619,7601
2023-02-28 13:25:10,28,30,4619,7601
2023-02-28 13:25:21,28,29,4619,7601
2023-02-28 13:25:31,28,30,4619,7601
2023-02-28 13:25:43,27,30,4619,7601
2023-02-28 13:25:44,28,30,4619,7601
2023-02-28 13:25:56,27,30,4619,7601
2023-02-28 13:25:56,28,30,4619,7601
2023-02-28 13:26:06,27,30,4619,7601
2023-02-28 13:26:29,27,29,4619,7601
2023-02-28 13:26:47,26,29,4619,7601
2023-02-28 13:26:47,27,29,4619,7601
2023-02-28 13:26:52,27,28,4619,7601
2023-02-28 13:26:58,26,28,4619,7601
2023-02-28 13:27:29,26,29,4619,7601
2023-02-28 13:27:39,27,29,4619,7601
2023-02-28 13:27:42,27,28,4619,7601
2023-02-28 13:27:46,26,28,4619,7601
2023-02-28 13:27:58,26,29,4619,7601
2023-02-28 13:28:07,27,29,4619,7601
2023-02-28 13:28:30,27,31,4619,7601
2023-02-28 13:28:30,27,30,4619,7601
2023-02-28 13:28:38,28,30,4619,7601
2023-02-28 13:28:44,27,30,4619,7601
2023-02-28 13:28:51,28,30,4619,7601
2023-02-28 13:29:03,28,29,4619,7601
2023-02-28 13:29:04,27,29,4619,7601
2023-02-28 13:29:25,27,28,4619,7601
2023-02-28 13:29:45,26,28,4619,7601
2023-02-28 13:29:50,25,28,4619,7601
2023-02-28 13:30:00,25,27,4619,7601
2023-02-28 13:30:04,25,26,4619,7601
2023-02-28 13:30:06,25,26,4619,7637
2023-02-28 13:30:14,25,27,4619,7637
2023-02-28 13:30:14,23,24,4619,7696
2023-02-28 13:30:20,23,24,4619,7791
2023-02-28 13:30:42,22,24,4619,7791
2023-02-28 13:31:00,22,24,4697,7869
2023-02-28 13:31:02,22,24,4867,8039
2023-02-28 13:31:02,23,24,4867,8039
2023-02-28 13:31:09,24,26,4933,8105
2023-02-28 13:31:13,23,26,4933,8105
2023-02-28 13:31:13,23,27,4933,8105
2023-02-28 13:31:14,23,26,4933,8105
2023-02-28 13:31:14,23,24,4933,8105
2023-02-28 13:31:19,24,26,4972,8144
2023-02-28 13:31:19,24,25,4972,8144
2023-02-28 13:31:29,23,25,4972,8144
2023-02-28 13:31:30,23,26,5207,8379
2023-02-28 13:31:33,23,27,5207,8379
2023-02-28 13:31:33,24,27,5207,8379
2023-02-28 13:31:34,24,25,5207,8379
2023-02-28 13:31:37,25,27,5207,8561
2023-02-28 13:31:47,26,27,5207,8561
2023-02-28 13:31:54,25,27,5207,8561
2023-02-28 13:31:55,25,27,5199,8569
2023-02-28 13:32:00,27,28,5199,8639
2023-02-28 13:32:03,27,28,5369,8809
2023-02-28 13:32:03,28,30,5457,8897
2023-02-28 13:32:16,28,30,5479,8919
2023-02-28 13:32:17,28,30,5579,9019
2023-02-28 13:32:18,28,32,5579,9019
2023-02-28 13:32:18,28,31,5579,9019
2023-02-28 13:32:18,28,29,5579,9019
2023-02-28 13:32:22,28,29,5679,9119
2023-02-28 13:32:25,28,31,5837,9277
2023-02-28 13:32:27,28,30,5837,9277
2023-02-28 13:32:35,28,31,5837,9277
2023-02-28 13:32:55,28,30,5837,9277
2023-02-28 13:32:57,28,31,5837,9277
2023-02-28 13:32:58,28,32,5837,9277
2023-02-28 13:33:01,28,31,5837,9277
2023-02-28 13:33:03,28,32,5837,9277
2023-02-28 13:33:06,28,31,5837,9277
2023-02-28 13:33:10,28,30,5837,9277
2023-02-28 13:33:13,28,31,5837,9277
2023-02-28 13:33:29,28,32,5837,9277
2023-02-28 13:33:31,28,31,5837,9277
2023-02-28 13:33:35,28,32,5837,9277
2023-02-28 13:33:39,28,31,5837,9277
2023-02-28 13:33:44,28,30,5837,9277
2023-02-28 13:33:53,28,31,5837,9277
2023-02-28 13:33:56,28,30,5837,9277
2023-02-28 13:33:59,27,30,5837,9277
2023-02-28 13:33:59,28,30,5837,9277
2023-02-28 13:34:00,28,31,5837,9277
2023-02-28 13:34:20,28,30,5837,9277
2023-02-28 13:34:25,28,29,5837,9277
2023-02-28 13:34:27,26,29,5837,9277
2023-02-28 13:34:28,27,29,5837,9277
2023-02-28 13:34:28,28,29,5837,9277
2023-02-28 13:34:40,26,29,5837,9277
2023-02-28 13:34:41,28,29,5837,9277
2023-02-28 13:34:51,28,30,5837,9277
2023-02-28 13:34:52,29,30,5837,9277
2023-02-28 13:34:56,29,30,5837,9365
2023-02-28 13:35:03,29,30,5886,9414
2023-02-28 13:35:10,28,29,5915,9443
2023-02-28 13:35:13,28,29,5837,9521
2023-02-28 13:35:14,28,29,5837,9648
2023-02-28 13:35:23,25,29,5837,9648
2023-02-28 13:35:24,27,29,5837,9648
2023-02-28 13:35:34,27,28,5837,9648
2023-02-28 13:35:35,27,28,5837,9668
2023-02-28 13:35:39,27,28,5759,9746
2023-02-28 13:35:52,26,28,5759,9746
2023-02-28 13:35:52,24,28,5759,9746
2023-02-28 13:35:52,26,28,5759,9746
2023-02-28 13:36:06,24,28,5759,9746
2023-02-28 13:36:06,24,30,5759,9746
2023-02-28 13:36:06,25,30,5759,9746
2023-02-28 13:36:06,25,29,5759,9746
2023-02-28 13:36:07,25,27,5759,9746
2023-02-28 13:36:26,25,26,5759,9746
2023-02-28 13:37:06,26,27,5759,9946
2023-02-28 13:37:12,26,29,5759,9946
2023-02-28 13:37:13,26,28,5759,9946
2023-02-28 13:37:38,25,28,5759,9946
2023-02-28 13:37:44,25,27,5759,9946
2023-02-28 13:38:09,23,27,5759,9946
2023-02-28 13:38:10,25,27,5759,9946
2023-02-28 13:38:38,23,27,5759,9946
2023-02-28 13:38:38,24,27,5759,9946
2023-02-28 13:38:38,24,26,5759,9946
2023-02-28 13:39:08,23,26,5759,9946
2023-02-28 13:39:08,23,27,5759,9946
2023-02-28 13:39:08,24,27,5759,9946
2023-02-28 13:39:08,24,26,5759,9946
2023-02-28 13:39:12,25,26,5759,9946
2023-02-28 13:39:28,25,27,5759,9946
2023-02-28 13:40:48,26,27,5759,9946
2023-02-28 13:40:50,25,27,5759,9946
2023-02-28 13:40:51,26,27,5759,9946
2023-02-28 13:40:54,26,29,5759,9946
2023-02-28 13:40:54,26,27,5759,9946
2023-02-28 13:40:58,25,27,5759,9946
2023-02-28 13:41:09,26,27,5759,9946
2023-02-28 13:41:10,25,27,5759,9946
2023-02-28 13:41:12,25,29,5759,9946
2023-02-28 13:41:12,26,29,5759,9946
2023-02-28 13:41:12,26,28,5759,9946
2023-02-28 13:41:29,25,28,5759,9946
2023-02-28 13:41:29,25,29,5759,9946
2023-02-28 13:41:29,26,29,5759,9946
2023-02-28 13:41:29,26,28,5759,9946
2023-02-28 13:41:49,25,28,5759,9946
2023-02-28 13:41:49,26,28,5759,9946
2023-02-28 13:42:00,27,28,5759,9946
2023-02-28 13:42:12,26,28,5759,9946
2023-02-28 13:42:19,26,30,5759,9946
2023-02-28 13:42:19,26,28,5759,9946
2023-02-28 13:42:29,25,28,5759,9946
2023-02-28 13:42:31,27,28,5759,9946
2023-02-28 13:42:55,25,28,5759,9946
2023-02-28 13:42:55,25,29,5759,9946
2023-02-28 13:42:55,26,29,5759,9946
2023-02-28 13:42:55,26,28,5759,9946
2023-02-28 13:43:09,26,27,5759,9946
2023-02-28 13:43:09,25,27,5759,9946
2023-02-28 13:43:09,26,27,5759,9946
2023-02-28 13:43:17,25,26,5759,9988
2023-02-28 13:44:44,25,26,5845,10074
2023-02-28 13:45:40,25,26,5973,10202
2023-02-28 13:45:49,25,26,6059,10288
2023-02-28 13:46:10,25,26,6178,10407
2023-02-28 13:46:13,25,26,6217,10446
2023-02-28 13:46:18,24,25,6314,10543
2023-02-28 13:46:19,23,24,6229,10628
2023-02-28 13:46:20,22,24,6229,10628
2023-02-28 13:46:21,24,25,6161,10696
2023-02-28 13:46:24,24,26,6161,10696
2023-02-28 13:46:27,24,25,6161,10696
2023-02-28 13:46:43,22,24,6144,10713
2023-02-28 13:46:51,22,25,6144,10713
2023-02-28 13:46:54,22,24,6144,10713
2023-02-28 13:47:02,21,24,6047,10810
2023-02-28 13:47:07,21,23,6047,10810
2023-02-28 13:47:32,20,23,6047,10810
2023-02-28 13:47:32,20,24,6047,10810
2023-02-28 13:47:32,20,25,6047,10810
2023-02-28 13:47:32,20,24,6047,10810
2023-02-28 13:47:32,20,22,6047,10810
2023-02-28 13:48:16,21,22,6047,10810
2023-02-28 13:48:37,21,25,6047,10810
2023-02-28 13:48:37,21,24,6047,10810
2023-02-28 13:48:37,21,25,6047,10810
2023-02-28 13:48:37,21,23,6047,10810
2023-02-28 13:48:43,22,23,6047,10810
2023-02-28 13:49:15,22,26,6047,10810
2023-02-28 13:49:15,22,24,6047,10810
2023-02-28 13:49:43,22,26,6047,10810
2023-02-28 13:49:43,22,24,6047,10810
2023-02-28 13:49:44,23,24,6047,10810
2023-02-28 13:49:57,23,26,6087,10850
2023-02-28 13:49:58,24,26,6087,10850
2023-02-28 13:50:00,24,27,6087,10850
2023-02-28 13:50:00,24,25,6087,10850
2023-02-28 13:50:14,24,25,6233,10996
2023-02-28 13:50:14,25,27,6233,11017
2023-02-28 13:50:15,25,29,6233,11017
2023-02-28 13:50:15,25,27,6233,11017
2023-02-28 13:50:15,25,27,6233,11142
2023-02-28 13:51:07,25,26,6233,11142
2023-02-28 13:51:39,25,28,6233,11142
2023-02-28 13:51:52,26,28,6233,11142
2023-02-28 13:52:03,24,26,6233,11221
2023-02-28 13:52:09,25,26,6233,11221
2023-02-28 13:52:21,25,27,6233,11221
2023-02-28 13:52:21,23,27,6233,11221
2023-02-28 13:52:22,25,27,6233,11221
2023-02-28 13:52:22,25,26,6233,11221
2023-02-28 13:52:40,25,27,6233,11221
2023-02-28 13:52:41,23,27,6233,11221
2023-02-28 13:52:41,23,26,6233,11221
2023-02-28 13:52:53,23,27,6233,11221
2023-02-28 13:52:53,24,27,6233,11221
2023-02-28 13:52:53,24,26,6233,11221
2023-02-28 13:53:34,22,26,6233,11221
2023-02-28 13:53:34,24,26,6233,11221
2023-02-28 13:53:44,22,26,6233,11221
2023-02-28 13:53:44,23,26,6233,11221
2023-02-28 13:53:54,23,25,6233,11221
2023-02-28 13:54:03,22,25,6233,11221
2023-02-28 13:54:03,23,25,6233,11221
2023-02-28 13:54:07,23,24,6233,11221
2023-02-28 13:54:11,23,25,6233,11221
2023-02-28 13:54:12,23,24,6233,11221
2023-02-28 13:54:29,21,24,6233,11221
2023-02-28 13:54:29,22,24,6233,11221
2023-02-28 13:54:44,21,24,6233,11221
2023-02-28 13:54:44,22,24,6233,11221
2023-02-28 13:55:01,21,24,6233,11221
2023-02-28 13:55:01,22,24,6233,11221
2023-02-28 13:55:02,22,25,6233,11221
2023-02-28 13:55:13,22,24,6233,11221
2023-02-28 13:55:29,21,24,6233,11221
2023-02-28 13:55:29,22,24,6233,11221
2023-02-28 13:55:48,21,24,6233,11221
2023-02-28 13:55:48,22,24,6233,11221
2023-02-28 13:55:57,22,23,6233,11221
2023-02-28 13:56:01,22,24,6233,11221
2023-02-28 13:56:02,22,23,6233,11221
2023-02-28 13:56:04,20,23,6233,11221
2023-02-28 13:56:04,22,23,6233,11221
2023-02-28 13:56:14,22,23,6233,11284
2023-02-28 13:56:32,20,23,6233,11284
2023-02-28 13:56:33,21,23,6233,11284
2023-02-28 13:56:48,20,23,6233,11284
2023-02-28 13:57:10,20,25,6233,11284
2023-02-28 13:57:11,21,25,6233,11284
2023-02-28 13:57:11,21,23,6233,11284
2023-02-28 13:57:31,21,25,6233,11284
2023-02-28 13:57:31,22,25,6233,11284
2023-02-28 13:57:31,22,24,6233,11284
2023-02-28 13:57:40,22,23,6233,11284
2023-02-28 13:57:48,20,23,6233,11284
2023-02-28 13:57:48,22,23,6233,11284
2023-02-28 13:58:05,22,24,6233,11284
2023-02-28 13:58:08,20,24,6233,11284
2023-02-28 13:58:08,20,25,6233,11284
2023-02-28 13:58:08,21,25,6233,11284
2023-02-28 13:58:08,21,23,6233,11284
2023-02-28 13:58:34,21,25,6233,11284
2023-02-28 13:58:34,21,24,6233,11284
2023-02-28 13:58:54,21,25,6233,11284
2023-02-28 13:58:54,22,25,6233,11284
2023-02-28 13:58:54,22,24,6233,11284
2023-02-28 13:59:10,23,24,6233,11284
2023-02-28 13:59:31,23,27,6233,11284
2023-02-28 13:59:31,23,25,6233,11284
2023-02-28 13:59:44,23,27,6233,11284
2023-02-28 13:59:44,23,25,6233,11284
2023-02-28 14:00:36,23,25,6233,11288
2023-02-28 14:00:37,20,25,6233,11288
2023-02-28 14:00:37,21,25,6233,11288
2023-02-28 14:00:37,21,24,6233,11288
2023-02-28 14:00:40,21,23,6233,11288
2023-02-28 14:00:44,21,24,6233,11288
2023-02-28 14:00:47,22,24,6233,11288
2023-02-28 14:01:04,20,24,6233,11288
2023-02-28 14:01:04,20,25,6233,11288
2023-02-28 14:01:04,20,24,6233,11288
2023-02-28 14:01:04,20,23,6233,11288
2023-02-28 14:01:08,20,22,6233,11288
2023-02-28 14:01:39,20,21,6233,11288
2023-02-28 14:01:57,20,22,6233,11288
2023-02-28 14:02:51,20,24,6233,11288
2023-02-28 14:02:51,20,25,6233,11288
2023-02-28 14:02:51,20,23,6233,11288
2023-02-28 14:03:03,20,22,6233,11288
2023-02-28 14:04:11,20,23,6233,11288
2023-02-28 14:04:12,20,22,6233,11288
2023-02-28 14:04:36,20,23,6233,11288
2023-02-28 14:04:47,20,25,6233,11288
2023-02-28 14:04:47,21,25,6233,11288
2023-02-28 14:04:47,21,23,6233,11288
2023-02-28 14:05:11,22,23,6233,11288
2023-02-28 14:05:18,21,23,6233,11288
2023-02-28 14:05:22,22,23,6233,11288
2023-02-28 14:05:24,21,23,6233,11288
2023-02-28 14:05:25,23,25,6233,11471
2023-02-28 14:05:25,21,25,6233,11471
2023-02-28 14:05:26,24,25,6233,11513
2023-02-28 14:05:31,24,25,6333,11613
2023-02-28 14:05:32,24,25,6501,11781
2023-02-28 14:05:33,24,26,6501,11781
2023-02-28 14:05:33,24,26,6679,11959
2023-02-28 14:05:47,24,27,6679,11959
2023-02-28 14:05:47,26,27,6679,11959
2023-02-28 14:05:48,26,28,6679,11959
2023-02-28 14:05:48,26,28,6726,12006
2023-02-28 14:05:50,28,30,6737,12017
2023-02-28 14:05:54,28,30,6837,12117
2023-02-28 14:05:55,27,30,6837,12117
2023-02-28 14:05:58,28,30,6837,12117
2023-02-28 14:05:59,28,30,6937,12217
2023-02-28 14:06:05,26,30,6937,12217
2023-02-28 14:06:05,26,32,7027,12318
2023-02-28 14:06:06,30,32,7027,12318
2023-02-28 14:06:06,30,32,6885,12460
2023-02-28 14:06:07,30,32,6885,12560
2023-02-28 14:06:17,30,31,6885,12560
2023-02-28 14:06:19,30,31,6785,12660
2023-02-28 14:06:19,30,31,6707,12738
2023-02-28 14:06:20,32,33,6624,12904
2023-02-28 14:06:36,29,33,6624,12904
2023-02-28 14:06:37,30,33,6624,12904
2023-02-28 14:06:41,29,33,6624,12904
2023-02-28 14:06:42,30,33,6624,12904
2023-02-28 14:06:43,29,33,6624,12904
2023-02-28 14:06:45,29,31,6624,12904
2023-02-28 14:06:53,29,33,6624,12904
2023-02-28 14:06:54,30,33,6624,12904
2023-02-28 14:06:57,29,33,6624,12904
2023-02-28 14:07:05,30,33,6624,12904
2023-02-28 14:07:07,29,33,6624,12904
2023-02-28 14:07:08,30,33,6624,12904
2023-02-28 14:07:12,30,32,6624,12904
2023-02-28 14:07:12,29,32,6624,12904
2023-02-28 14:07:38,29,30,6624,12904
2023-02-28 14:07:45,27,30,6624,12904
2023-02-28 14:08:04,28,30,6624,12904
2023-02-28 14:08:06,28,30,6546,12982
2023-02-28 14:08:07,28,29,6546,12982
2023-02-28 14:08:29,26,29,6546,12982
2023-02-28 14:08:30,25,29,6546,12982
2023-02-28 14:08:31,27,29,6546,12982
2023-02-28 14:09:02,26,29,6546,12982
2023-02-28 14:09:02,27,29,6546,12982
2023-02-28 14:09:12,28,29,6546,12982
2023-02-28 14:09:17,27,29,6546,12982
2023-02-28 14:09:30,28,29,6546,12982
2023-02-28 14:09:33,28,31,6546,12982
2023-02-28 14:09:33,28,30,6546,12982
2023-02-28 14:09:55,28,29,6546,12982
2023-02-28 14:10:06,26,29,6546,12982
2023-02-28 14:10:06,25,29,6546,12982
2023-02-28 14:10:06,27,29,6546,12982
2023-02-28 14:10:18,27,28,6546,12982
2023-02-28 14:10:35,27,29,6546,12982
2023-02-28 14:10:37,25,29,6546,12982
2023-02-28 14:10:37,26,29,6546,12982
2023-02-28 14:10:37,26,28,6546,12982
2023-02-28 14:10:52,26,30,6546,12982
2023-02-28 14:10:52,26,29,6546,12982
2023-02-28 14:11:07,27,29,6546,12982
2023-02-28 14:11:12,27,30,6546,12982
2023-02-28 14:11:12,27,29,6546,12982
2023-02-28 14:11:32,28,29,6546,12982
2023-02-28 14:11:43,27,29,6546,12982
2023-02-28 14:11:44,26,29,6546,12982
2023-02-28 14:11:44,26,30,6546,12982
2023-02-28 14:11:44,27,30,6546,12982
2023-02-28 14:11:44,27,29,6546,12982
2023-02-28 14:12:00,27,30,6546,12982
2023-02-28 14:12:00,27,29,6546,12982
2023-02-28 14:12:16,27,28,6546,12982
2023-02-28 14:12:27,27,29,6546,12982
2023-02-28 14:12:33,25,29,6546,12982
2023-02-28 14:12:33,26,29,6546,12982
2023-02-28 14:12:33,26,28,6546,12982
2023-02-28 14:12:52,25,28,6546,12982
2023-02-28 14:12:52,25,29,6546,12982
2023-02-28 14:12:52,26,29,6546,12982
2023-02-28 14:13:06,26,28,6546,12982
2023-02-28 14:13:09,25,28,6546,12982
2023-02-28 14:13:09,26,28,6546,12982
2023-02-28 14:13:12,26,27,6546,12982
2023-02-28 14:13:16,26,27,6507,13060
2023-02-28 14:13:35,24,27,6507,13060
2023-02-28 14:13:35,24,26,6507,13060
2023-02-28 14:13:56,25,26,6507,13060
2023-02-28 14:13:57,25,28,6507,13060
2023-02-28 14:13:57,25,27,6507,13060
2023-02-28 14:14:13,25,26,6507,13060
2023-02-28 14:14:32,23,26,6507,13060
2023-02-28 14:14:32,23,25,6507,13060
2023-02-28 14:14:50,23,26,6507,13060
2023-02-28 14:14:50,23,25,6507,13060
2023-02-28 14:15:04,22,25,6507,13060
2023-02-28 14:15:04,22,26,6507,13060
2023-02-28 14:15:04,23,26,6507,13060
2023-02-28 14:15:04,23,25,6507,13060
2023-02-28 14:15:25,24,25,6507,13060
2023-02-28 14:15:33,24,27,6507,13060
2023-02-28 14:15:33,24,25,6507,13060
2023-02-28 14:15:34,23,25,6507,13060
2023-02-28 14:15:52,24,25,6507,13060
2023-02-28 14:15:53,24,26,6507,13060
2023-02-28 14:16:02,23,26,6507,13060
2023-02-28 14:16:05,23,25,6507,13060
2023-02-28 14:16:07,23,26,6507,13060
2023-02-28 14:16:23,24,26,6507,13060
2023-02-28 14:16:28,23,26,6507,13060
2023-02-28 14:16:36,22,26,6507,13060
2023-02-28 14:16:37,23,26,6507,13060
2023-02-28 14:16:37,23,25,6507,13060
2023-02-28 14:16:57,22,25,6507,13060
2023-02-28 14:16:57,22,26,6507,13060
2023-02-28 14:16:57,23,26,6507,13060
2023-02-28 14:16:57,23,25,6507,13060
2023-02-28 14:17:14,23,27,6507,13060
2023-02-28 14:17:14,23,25,6507,13060
2023-02-28 14:17:27,24,25,6507,13060
2023-02-28 14:17:28,24,25,6566,13158
2023-02-28 14:17:30,25,26,6566,13161
2023-02-28 14:17:50,25,26,6662,13257
2023-02-28 14:17:51,25,26,6740,13335
2023-02-28 14:17:51,26,28,6740,13396
2023-02-28 14:17:52,26,29,6740,13396
2023-02-28 14:17:52,26,28,6740,13396
2023-02-28 14:18:09,27,28,6740,13396
2023-02-28 14:18:12,27,30,6740,13396
2023-02-28 14:18:12,27,28,6740,13396
2023-02-28 14:18:18,27,28,6740,13415
2023-02-28 14:18:21,26,28,6740,13415
2023-02-28 14:18:30,26,31,6740,13415
2023-02-28 14:18:30,28,31,6740,13415
2023-02-28 14:18:30,28,30,6740,13415
2023-02-28 14:18:46,28,29,6740,13415
2023-02-28 14:18:51,26,29,6740,13415
2023-02-28 14:18:51,28,29,6740,13415
2023-02-28 14:18:53,28,30,6740,13415
2023-02-28 14:19:32,28,32,6740,13415
2023-02-28 14:19:32,28,31,6740,13415
2023-02-28 14:19:43,27,31,6740,13415
2023-02-28 14:19:43,28,31,6740,13415
2023-02-28 14:19:43,28,29,6740,13415
2023-02-28 14:19:47,28,31,6740,13415
2023-02-28 14:19:51,28,30,6740,13415
2023-02-28 14:19:53,28,31,6740,13415
2023-02-28 14:19:54,28,30,6740,13415
2023-02-28 14:19:55,28,31,6740,13415
2023-02-28 14:20:00,28,30,6740,13415
2023-02-28 14:20:03,28,31,6740,13415
2023-02-28 14:20:07,27,31,6740,13415
2023-02-28 14:20:07,25,31,6740,13415
2023-02-28 14:20:07,28,31,6740,13415
2023-02-28 14:20:07,28,30,6740,13415
2023-02-28 14:20:16,30,31,6834,13509
2023-02-28 14:20:23,30,32,6834,13509
2023-02-28 14:20:30,28,32,6834,13509
2023-02-28 14:20:34,27,32,6834,13509
2023-02-28 14:20:34,28,32,6834,13509
2023-02-28 14:20:34,28,31,6834,13509
2023-02-28 14:20:57,27,31,6834,13509
2023-02-28 14:20:57,28,31,6834,13509
2023-02-28 14:21:03,28,31,6756,13587
2023-02-28 14:21:09,28,30,6756,13587
2023-02-28 14:21:15,28,29,6756,13587
2023-02-28 14:21:27,26,29,6756,13587
2023-02-28 14:21:27,24,29,6756,13587
2023-02-28 14:21:28,26,29,6756,13587
2023-02-28 14:21:36,26,28,6756,13587
2023-02-28 14:21:37,26,28,6678,13665
2023-02-28 14:21:39,26,27,6678,13665
2023-02-28 14:21:53,24,27,6678,13665
2023-02-28 14:21:53,26,27,6678,13665
2023-02-28 14:21:55,26,27,6678,13764
2023-02-28 14:22:02,24,26,6628,13814
2023-02-28 14:22:15,23,26,6628,13814
2023-02-28 14:22:15,24,26,6628,13814
2023-02-28 14:22:38,23,26,6628,13814
2023-02-28 14:22:38,24,26,6628,13814
2023-02-28 14:23:12,25,26,6628,13814
2023-02-28 14:23:32,23,26,6628,13814
2023-02-28 14:23:33,24,26,6628,13814
2023-02-28 14:23:58,23,26,6628,13814
2023-02-28 14:23:58,24,26,6628,13814
2023-02-28 14:24:39,25,26,6628,13814
2023-02-28 14:24:40,24,26,6628,13814
2023-02-28 14:24:41,25,26,6628,13814
2023-02-28 14:25:00,24,26,6628,13814
2023-02-28 14:25:00,25,26,6628,13814
2023-02-28 14:25:03,26,27,6601,13842
2023-02-28 14:25:09,25,27,6601,13842
2023-02-28 14:25:25,26,27,6601,13842
2023-02-28 14:25:29,26,29,6601,13842
2023-02-28 14:25:29,26,28,6601,13842
2023-02-28 14:25:44,25,28,6601,13842
2023-02-28 14:25:47,25,29,6601,13842
2023-02-28 14:25:47,26,29,6601,13842
2023-02-28 14:25:47,26,28,6601,13842
2023-02-28 14:26:11,27,28,6601,13842
2023-02-28 14:26:16,27,30,6660,13902
2023-02-28 14:26:19,28,30,6660,13902
2023-02-28 14:26:24,30,31,6963,14205
2023-02-28 14:26:29,28,29,6987,14229
2023-02-28 14:26:41,28,31,6992,14234
2023-02-28 14:26:48,29,31,6992,14234
2023-02-28 14:26:53,29,33,6992,14234
2023-02-28 14:26:53,29,31,6992,14234
2023-02-28 14:26:58,30,31,6992,14234
2023-02-28 14:27:01,30,33,6992,14234
2023-02-28 14:27:01,30,31,6992,14234
2023-02-28 14:27:12,31,33,6992,14263
2023-02-28 14:27:13,31,32,6992,14263
2023-02-28 14:27:32,31,33,6992,14263
2023-02-28 14:27:46,29,33,6992,14263
2023-02-28 14:27:46,31,33,6992,14263
2023-02-28 14:27:47,31,32,6992,14263
2023-02-28 14:27:55,31,33,6992,14263
2023-02-28 14:28:08,30,33,6992,14263
2023-02-28 14:28:08,30,32,6992,14263
2023-02-28 14:28:13,31,32,6992,14263
2023-02-28 14:28:17,30,32,6992,14263
2023-02-28 14:28:19,31,32,6992,14263
2023-02-28 14:28:37,31,34,6992,14263
2023-02-28 14:28:46,31,33,6992,14263
2023-02-28 14:28:47,31,34,6992,14263
2023-02-28 14:28:49,32,34,6992,14263
2023-02-28 14:29:07,32,35,6992,14263
2023-02-28 14:29:07,32,34,6992,14263
2023-02-28 14:29:17,33,34,6992,14263
2023-02-28 14:29:30,33,34,6992,14305
2023-02-28 14:29:32,33,35,6992,14305
2023-02-28 14:29:52,33,38,6992,14305
2023-02-28 14:29:52,33,36,6992,14305
2023-02-28 14:30:07,32,36,6992,14305
2023-02-28 14:30:07,34,36,6992,14305
2023-02-28 14:30:37,32,36,6992,14305
2023-02-28 14:30:37,34,36,6992,14305
2023-02-28 14:30:56,32,36,6992,14305
2023-02-28 14:30:57,34,36,6992,14305
2023-02-28 14:31:04,34,37,7020,14333
2023-02-28 14:31:04,34,38,7020,14333
2023-02-28 14:31:06,37,38,7020,14333
2023-02-28 14:31:14,37,38,7135,14448
2023-02-28 14:31:15,34,38,7135,14448
2023-02-28 14:31:15,35,38,7135,14448
2023-02-28 14:31:30,36,38,7135,14448
2023-02-28 14:31:59,35,38,7135,14448
2023-02-28 14:31:59,36,38,7135,14448
2023-02-28 14:32:05,35,36,7048,14550
2023-02-28 14:32:05,34,36,7048,14550
2023-02-28 14:32:18,33,36,6792,14806
2023-02-28 14:32:26,34,36,6792,14806
2023-02-28 14:32:46,33,36,6792,14806
2023-02-28 14:32:46,34,36,6792,14806
2023-02-28 14:33:00,34,37,6792,14806
2023-02-28 14:33:07,33,37,6792,14806
2023-02-28 14:33:08,33,36,6792,14806
2023-02-28 14:33:18,34,36,6792,14806
2023-02-28 14:33:23,35,36,6792,14806
2023-02-28 14:33:30,34,36,6792,14806
2023-02-28 14:33:31,35,36,6792,14806
2023-02-28 14:33:36,35,38,6792,14806
2023-02-28 14:33:36,35,36,6792,14806
2023-02-28 14:33:41,34,36,6792,14806
2023-02-28 14:33:42,35,36,6792,14806
2023-02-28 14:33:43,34,36,6792,14806
2023-02-28 14:33:44,35,36,6792,14806
2023-02-28 14:33:45,34,36,6792,14806
2023-02-28 14:33:49,34,38,6848,14862
2023-02-28 14:33:56,35,38,6848,14862
2023-02-28 14:33:56,35,37,6848,14862
2023-02-28 14:34:17,35,38,6848,14862
2023-02-28 14:34:17,35,37,6848,14862
2023-02-28 14:34:26,35,40,6848,14862
2023-02-28 14:34:26,35,38,6848,14862
2023-02-28 14:34:27,37,38,6848,14862
2023-02-28 14:34:43,37,41,6848,14862
2023-02-28 14:34:43,37,39,6848,14862
2023-02-28 14:34:52,37,40,6848,14862
2023-02-28 14:34:52,37,39,6848,14862
2023-02-28 14:35:09,35,39,6848,14862
2023-02-28 14:35:09,36,39,6848,14862
2023-02-28 14:35:09,36,38,6848,14862
2023-02-28 14:35:26,36,39,6848,14862
2023-02-28 14:35:27,36,38,6848,14862
2023-02-28 14:35:35,37,38,6848,14862
2023-02-28 14:35:40,37,38,6888,14902
2023-02-28 14:35:41,39,40,6900,14914
2023-02-28 14:35:47,39,40,6958,14972
2023-02-28 14:35:48,38,40,6958,14972
2023-02-28 14:35:50,37,38,6980,14994
2023-02-28 14:35:52,40,42,7191,15205
2023-02-28 14:35:59,40,42,7191,15227
2023-02-28 14:35:59,40,43,7191,15227
2023-02-28 14:36:03,37,43,7191,15227
2023-02-28 14:36:07,39,43,7191,15227
2023-02-28 14:36:07,39,41,7191,15227
2023-02-28 14:36:18,37,41,7191,15227
2023-02-28 14:36:18,37,42,7191,15227
2023-02-28 14:36:19,39,42,7191,15227
2023-02-28 14:36:19,39,41,7191,15227
2023-02-28 14:36:31,36,41,7191,15227
2023-02-28 14:36:31,36,42,7191,15227
2023-02-28 14:36:31,38,42,7191,15227
2023-02-28 14:36:31,38,40,7191,15227
2023-02-28 14:36:48,37,40,7191,15227
2023-02-28 14:36:48,37,41,7191,15227
2023-02-28 14:36:48,39,41,7191,15227
2023-02-28 14:36:52,39,40,7191,15227
2023-02-28 14:37:10,38,40,7191,15227
2023-02-28 14:37:10,38,39,7191,15227
2023-02-28 14:37:17,37,38,7192,15228
2023-02-28 14:37:22,37,38,7212,15306
2023-02-28 14:37:23,36,37,7194,15324
2023-02-28 14:37:48,34,36,7204,15334
2023-02-28 14:38:29,34,37,7204,15334
2023-02-28 14:38:29,34,36,7204,15334
2023-02-28 14:38:46,35,36,7204,15334
2023-02-28 14:38:50,35,38,7204,15334
2023-02-28 14:38:50,35,36,7204,15334
2023-02-28 14:38:55,34,36,7204,15334
2023-02-28 14:39:01,33,36,7204,15334
2023-02-28 14:39:01,33,37,7204,15334
2023-02-28 14:39:01,35,37,7204,15334
2023-02-28 14:39:25,35,36,7204,15334
2023-02-28 14:39:27,34,36,7204,15334
2023-02-28 14:39:27,35,36,7204,15334
2023-02-28 14:39:35,34,36,7204,15334
2023-02-28 14:39:58,34,35,7204,15334
2023-02-28 14:40:17,34,36,7204,15383
2023-02-28 14:40:18,35,36,7204,15383
2023-02-28 14:40:19,34,36,7204,15383
2023-02-28 14:40:24,35,36,7204,15383
2023-02-28 14:40:25,34,36,7204,15383
2023-02-28 14:40:34,35,36,7204,15383
2023-02-28 14:40:36,35,38,7204,15383
2023-02-28 14:40:36,35,39,7204,15383
2023-02-28 14:40:36,35,37,7204,15383
2023-02-28 14:40:43,35,37,7222,15401
2023-02-28 14:40:44,37,39,7222,15431
2023-02-28 14:40:49,35,39,7222,15431
2023-02-28 14:41:05,36,39,7222,15431
2023-02-28 14:41:08,37,39,7222,15431
2023-02-28 14:41:16,37,41,7222,15431
2023-02-28 14:41:16,37,39,7222,15431
2023-02-28 14:41:25,35,39,7222,15431
2023-02-28 14:41:25,35,41,7222,15431
2023-02-28 14:41:25,36,41,7222,15431
2023-02-28 14:41:25,38,41,7222,15431
2023-02-28 14:41:42,38,40,7222,15431
2023-02-28 14:41:51,38,41,7222,15431
2023-02-28 14:41:52,37,41,7222,15431
2023-02-28 14:41:52,37,40,7222,15431
2023-02-28 14:42:03,37,41,7222,15431
2023-02-28 14:42:03,37,39,7222,15431
2023-02-28 14:42:29,37,41,7281,15505
2023-02-28 14:42:33,37,43,7281,15505
2023-02-28 14:42:34,37,40,7281,15505
2023-02-28 14:42:47,37,39,7281,15505
2023-02-28 14:42:49,37,39,7257,15529
2023-02-28 14:43:31,37,38,7257,15529
2023-02-28 14:44:08,36,37,7257,15538
2023-02-28 14:44:11,36,38,7257,15538
2023-02-28 14:44:21,36,37,7257,15538
2023-02-28 14:44:24,35,36,7233,15572
2023-02-28 14:44:29,34,35,7233,15582
2023-02-28 14:44:39,34,35,7209,15606
2023-02-28 14:44:49,34,37,7209,15606
2023-02-28 14:44:59,34,35,7209,15606
2023-02-28 14:45:13,34,36,7209,15606
2023-02-28 14:45:35,34,35,7209,15606
2023-02-28 14:45:52,34,36,7209,15606
2023-02-28 14:45:52,34,35,7209,15606
2023-02-28 14:46:10,34,36,7209,15606
2023-02-28 14:46:11,34,35,7209,15606
2023-02-28 14:46:43,33,35,7209,15616
2023-02-28 14:46:50,33,37,7209,15616
2023-02-28 14:46:50,33,35,7209,15616
2023-02-28 14:47:03,33,36,7209,15616
2023-02-28 14:47:03,34,36,7209,15616
2023-02-28 14:47:10,34,35,7209,15616
2023-02-28 14:47:45,33,34,7187,15638
2023-02-28 14:47:51,32,33,7187,15658
2023-02-28 14:47:51,32,34,7187,15658
2023-02-28 14:47:51,29,32,7187,15678
2023-02-28 14:47:52,29,32,7120,15745
2023-02-28 14:47:52,30,32,7120,15745
2023-02-28 14:47:53,30,34,7120,15745
2023-02-28 14:47:53,30,31,7120,15745
2023-02-28 14:47:59,30,31,7082,15783
2023-02-28 14:48:01,30,31,7066,15883
2023-02-28 14:48:07,30,31,7066,15961
2023-02-28 14:48:17,28,31,7066,15961
2023-02-28 14:48:17,28,31,7066,15983
2023-02-28 14:48:26,28,30,7066,15983
2023-02-28 14:48:31,27,30,7066,15983
2023-02-28 14:48:31,27,29,7066,15983
2023-02-28 14:48:50,26,29,7066,15983
2023-02-28 14:48:50,26,30,7066,15983
2023-02-28 14:48:51,26,28,7066,15983
2023-02-28 14:48:59,27,28,7066,15983
2023-02-28 14:49:06,27,30,7066,16003
2023-02-28 14:49:14,27,28,7066,16003
2023-02-28 14:49:38,26,27,7066,16081
2023-02-28 14:49:53,26,28,7066,16137
2023-02-28 14:49:53,26,29,7066,16137
2023-02-28 14:49:54,27,29,7066,16137
2023-02-28 14:49:54,27,30,7066,16137
2023-02-28 14:49:55,27,30,7080,16159
2023-02-28 14:49:55,27,28,7080,16159
2023-02-28 14:50:02,27,28,7080,16181
2023-02-28 14:50:19,27,28,7124,16225
2023-02-28 14:50:41,26,27,7136,16237
2023-02-28 14:50:45,26,29,7168,16269
2023-02-28 14:50:47,27,29,7168,16269
2023-02-28 14:50:54,27,29,7325,16426
2023-02-28 14:50:55,29,31,7390,16491
2023-02-28 14:50:58,29,31,7434,16535
2023-02-28 14:50:58,26,29,7550,16651
2023-02-28 14:51:08,26,31,7656,16757
2023-02-28 14:51:09,26,32,7656,16757
2023-02-28 14:51:09,26,31,7656,16757
2023-02-28 14:51:09,26,32,7656,16757
2023-02-28 14:51:10,28,32,7656,16757
2023-02-28 14:51:10,28,31,7656,16757
2023-02-28 14:51:34,30,31,7656,16757
2023-02-28 14:51:57,30,32,7656,16757
2023-02-28 14:52:06,30,34,7714,16815
2023-02-28 14:52:06,32,34,7714,16815
2023-02-28 14:52:10,30,34,7714,16815
2023-02-28 14:52:10,30,36,7714,16815
2023-02-28 14:52:10,30,35,7714,16815
2023-02-28 14:52:10,32,35,7714,16815
2023-02-28 14:52:10,32,34,7714,16815
2023-02-28 14:52:37,32,36,7714,16815
2023-02-28 14:52:37,32,37,7714,16815
2023-02-28 14:52:37,33,37,7714,16815
2023-02-28 14:52:37,33,36,7714,16815
2023-02-28 14:52:59,32,36,7714,16815
2023-02-28 14:52:59,32,38,7714,16815
2023-02-28 14:52:59,35,38,7714,16815
2023-02-28 14:52:59,35,37,7714,16815
2023-02-28 14:53:01,33,35,7651,16878
2023-02-28 14:53:14,34,35,7651,16878
2023-02-28 14:53:15,33,34,7609,16920
2023-02-28 14:53:23,33,35,7609,16920
2023-02-28 14:53:28,33,34,7609,16920
2023-02-28 14:53:30,33,35,7609,16920
2023-02-28 14:53:38,32,35,7609,16920
2023-02-28 14:53:38,31,35,7609,16920
2023-02-28 14:53:38,33,35,7609,16920
2023-02-28 14:54:00,31,35,7609,16920
2023-02-28 14:54:00,33,35,7609,16920
2023-02-28 14:54:27,31,35,7609,16920
2023-02-28 14:54:27,33,35,7609,16920
2023-02-28 14:54:40,31,35,7609,16920
2023-02-28 14:54:40,32,35,7609,16920
2023-02-28 14:54:55,33,35,7609,16920
2023-02-28 14:55:06,34,35,7609,16920
2023-02-28 14:55:10,35,36,7609,16935
2023-02-28 14:55:16,34,36,7609,16935
2023-02-28 14:55:20,34,38,7713,17039
2023-02-28 14:55:21,36,38,7713,17039
2023-02-28 14:55:24,36,38,7909,17235
2023-02-28 14:55:25,36,43,7909,17235
2023-02-28 14:55:25,37,43,7909,17235
2023-02-28 14:55:25,37,39,7909,17235
2023-02-28 14:55:38,37,41,8003,17329
2023-02-28 14:55:39,37,43,8003,17329
2023-02-28 14:55:39,37,42,8003,17329
2023-02-28 14:55:39,37,43,8003,17329
2023-02-28 14:55:39,38,43,8003,17329
2023-02-28 14:55:39,38,41,8003,17329
2023-02-28 14:55:47,38,39,8003,17329
2023-02-28 14:55:47,37,39,8003,17329
2023-02-28 14:55:47,37,39,7947,17385
2023-02-28 14:56:03,38,39,7947,17385
2023-02-28 14:56:07,38,41,7984,17444
2023-02-28 14:56:21,38,43,7984,17444
2023-02-28 14:56:21,38,41,7984,17444
2023-02-28 14:56:37,40,41,7984,17444
2023-02-28 14:56:39,40,43,8077,17537
2023-02-28 14:56:40,40,42,8077,17537
2023-02-28 14:56:41,40,43,8077,17537
2023-02-28 14:56:42,41,43,8077,17537
2023-02-28 14:56:49,41,44,8077,17537
2023-02-28 14:56:50,40,44,8077,17537
2023-02-28 14:56:51,40,43,8077,17537
2023-02-28 14:56:52,40,44,8077,17537
2023-02-28 14:56:59,40,43,8077,17537
2023-02-28 14:57:03,40,43,7960,17654
2023-02-28 14:57:08,40,41,7960,17654
2023-02-28 14:57:29,38,41,7960,17654
2023-02-28 14:57:30,38,40,7960,17654
2023-02-28 14:57:44,41,43,7979,17751
2023-02-28 14:57:51,38,40,7999,17771
2023-02-28 14:57:55,38,43,8191,17963
2023-02-28 14:57:58,40,43,8191,17963
2023-02-28 14:57:59,40,44,8266,18038
2023-02-28 14:58:05,40,45,8458,18230
2023-02-28 14:58:09,40,47,8458,18230
2023-02-28 14:58:12,40,44,8458,18230
2023-02-28 14:58:15,40,45,8530,18302
2023-02-28 14:58:18,40,47,8530,18302
2023-02-28 14:58:18,41,47,8530,18302
2023-02-28 14:58:18,43,47,8530,18302
2023-02-28 14:58:18,43,46,8530,18302
2023-02-28 14:58:32,43,45,8530,18302
2023-02-28 14:58:35,42,45,8530,18302
2023-02-28 14:58:47,42,47,8530,18302
2023-02-28 14:58:47,42,44,8530,18302
2023-02-28 14:59:00,42,48,8530,18302
2023-02-28 14:59:00,43,48,8530,18302
2023-02-28 14:59:00,45,48,8530,18302
2023-02-28 14:59:00,45,47,8530,18302
2023-02-28 14:59:24,43,45,8512,18320
2023-02-28 14:59:26,43,48,8512,18320
2023-02-28 14:59:26,44,48,8512,18320
2023-02-28 14:59:26,44,47,8512,18320
2023-02-28 14:59:42,42,47,8512,18320
2023-02-28 14:59:42,42,48,8512,18320
2023-02-28 14:59:42,43,48,8512,18320
2023-02-28 14:59:42,45,48,8512,18320
2023-02-28 14:59:42,45,47,8512,18320
2023-02-28 14:59:43,47,49,8512,18339
2023-02-28 14:59:48,47,51,8512,18339
2023-02-28 14:59:48,47,48,8512,18339
2023-02-28 14:59:50,45,48,8512,18339
2023-02-28 14:59:53,45,51,8630,18457
2023-02-28 14:59:53,45,50,8630,18457
2023-02-28 14:59:54,45,49,8630,18457
2023-02-28 14:59:58,46,49,8630,18457
2023-02-28 14:59:58,48,49,8630,18457
2023-02-28 15:00:04,48,50,8630,18457
2023-02-28 15:00:15,46,50,8630,18457
2023-02-28 15:00:15,46,52,8630,18457
2023-02-28 15:00:15,50,52,8630,18457
2023-02-28 15:00:15,50,51,8630,18457
2023-02-28 15:00:16,48,51,8613,18474
2023-02-28 15:00:21,50,51,8613,18474
2023-02-28 15:00:27,48,51,8613,18474
2023-02-28 15:00:29,48,51,8613,18488
2023-02-28 15:00:34,48,53,8613,18488
2023-02-28 15:00:34,48,51,8613,18488
2023-02-28 15:00:44,46,51,8613,18488
2023-02-28 15:00:44,46,53,8613,18488
2023-02-28 15:00:44,47,53,8613,18488
2023-02-28 15:00:44,49,53,8613,18488
2023-02-28 15:00:44,49,52,8613,18488
2023-02-28 15:00:48,49,50,8613,18488
2023-02-28 15:00:53,49,52,8613,18488
2023-02-28 15:00:57,47,52,8508,18593
2023-02-28 15:01:01,46,52,8508,18593
2023-02-28 15:01:01,46,53,8508,18593
2023-02-28 15:01:01,47,53,8508,18593
2023-02-28 15:01:01,49,53,8508,18593
2023-02-28 15:01:01,49,51,8508,18593
2023-02-28 15:01:07,49,50,8508,18593
2023-02-28 15:01:14,49,51,8508,18680
2023-02-28 15:01:15,51,53,8564,18736
2023-02-28 15:01:20,51,55,8564,18736
2023-02-28 15:01:20,51,56,8564,18736
2023-02-28 15:01:21,51,52,8564,18736
2023-02-28 15:01:27,49,52,8564,18736
2023-02-28 15:01:28,49,51,8564,18736
2023-02-28 15:01:28,50,51,8564,18736
2023-02-28 15:01:28,50,51,8482,18818
2023-02-28 15:01:44,50,55,8482,18818
2023-02-28 15:01:44,50,52,8482,18818
2023-02-28 15:01:45,49,52,8482,18818
2023-02-28 15:01:45,51,52,8482,18818
2023-02-28 15:01:46,49,51,8417,18883
2023-02-28 15:01:58,49,52,8417,18883
2023-02-28 15:01:58,50,52,8417,18883
2023-02-28 15:02:19,51,52,8417,18883
2023-02-28 15:02:27,53,55,8482,19026
2023-02-28 15:02:30,53,56,8482,19026
2023-02-28 15:02:30,53,55,8482,19026
2023-02-28 15:02:44,53,57,8482,19026
2023-02-28 15:02:44,54,57,8482,19026
2023-02-28 15:02:44,54,56,8482,19026
2023-02-28 15:03:23,54,55,8482,19026
2023-02-28 15:03:24,53,54,8466,19042
2023-02-28 15:03:31,53,55,8466,19042
2023-02-28 15:03:31,53,56,8466,19042
2023-02-28 15:03:40,51,56,8466,19042
2023-02-28 15:03:40,51,55,8466,19042
2023-02-28 15:03:41,53,55,8466,19042
2023-02-28 15:03:45,51,53,8394,19114
2023-02-28 15:03:48,51,55,8394,19114
2023-02-28 15:03:59,51,56,8394,19114
2023-02-28 15:04:04,54,56,8394,19114
2023-02-28 15:04:09,54,57,8394,19114
2023-02-28 15:04:09,54,56,8394,19114
2023-02-28 15:04:09,52,54,8401,19121
2023-02-28 15:04:29,52,56,8447,19167
2023-02-28 15:04:37,52,57,8447,19167
2023-02-28 15:04:37,54,57,8447,19167
2023-02-28 15:04:37,54,56,8447,19167
2023-02-28 15:05:03,54,57,8447,19167
2023-02-28 15:05:24,54,59,8447,19167
2023-02-28 15:05:24,55,59,8447,19167
2023-02-28 15:05:24,55,58,8447,19167
2023-02-28 15:05:42,54,58,8447,19167
2023-02-28 15:05:42,54,59,8447,19167
2023-02-28 15:05:43,55,59,8447,19167
2023-02-28 15:05:43,55,58,8447,19167
2023-02-28 15:05:45,55,57,8447,19167
2023-02-28 15:05:47,55,58,8447,19167
2023-02-28 15:06:04,53,58,8447,19167
2023-02-28 15:06:05,55,58,8447,19167
2023-02-28 15:06:06,53,55,8361,19253
2023-02-28 15:06:11,53,57,8361,19253
2023-02-28 15:06:17,54,57,8361,19253
2023-02-28 15:06:28,53,57,8361,19253
2023-02-28 15:06:28,53,59,8361,19253
2023-02-28 15:06:28,55,59,8361,19253
2023-02-28 15:06:28,55,57,8361,19253
2023-02-28 15:06:37,56,57,8361,19253
2023-02-28 15:06:38,56,59,8413,19305
2023-02-28 15:06:42,60,61,8585,19477
2023-02-28 15:06:42,60,61,8596,19488
2023-02-28 15:06:42,60,61,8607,19499
2023-02-28 15:06:49,56,60,8607,19552
2023-02-28 15:06:49,56,58,8607,19552
2023-02-28 15:07:02,57,58,8607,19552
2023-02-28 15:07:06,57,61,8607,19552
2023-02-28 15:07:07,57,60,8607,19552
2023-02-28 15:07:27,58,60,8607,19552
2023-02-28 15:07:32,58,62,8607,19552
2023-02-28 15:07:32,59,62,8607,19552
2023-02-28 15:07:48,57,62,8607,19552
2023-02-28 15:07:48,57,59,8607,19552
2023-02-28 15:07:49,57,59,8591,19568
2023-02-28 15:07:52,57,62,8591,19568
2023-02-28 15:07:57,57,60,8591,19568
2023-02-28 15:08:03,57,59,8591,19568
2023-02-28 15:08:12,57,60,8591,19568
2023-02-28 15:08:14,55,60,8591,19568
2023-02-28 15:08:14,56,60,8591,19568
2023-02-28 15:08:14,56,59,8591,19568
2023-02-28 15:08:24,56,58,8591,19568
2023-02-28 15:08:31,55,58,8591,19568
2023-02-28 15:08:31,56,58,8591,19568
2023-02-28 15:08:37,55,56,8559,19600
2023-02-28 15:08:41,53,56,8397,19772
2023-02-28 15:08:42,53,55,8397,19772
2023-02-28 15:08:44,53,55,8366,19803
2023-02-28 15:08:58,53,57,8366,19944
2023-02-28 15:09:00,53,55,8366,19944
2023-02-28 15:09:07,53,57,8397,19975
2023-02-28 15:09:12,53,56,8397,19975
2023-02-28 15:09:15,53,57,8476,20054
2023-02-28 15:09:18,53,60,8476,20054
2023-02-28 15:09:19,55,60,8476,20054
2023-02-28 15:09:19,55,58,8476,20054
2023-02-28 15:09:27,55,60,8476,20054
2023-02-28 15:09:27,55,63,8476,20054
2023-02-28 15:09:27,57,63,8476,20054
2023-02-28 15:09:27,57,62,8476,20054
2023-02-28 15:09:27,57,60,8476,20054
2023-02-28 15:09:39,56,60,8476,20054
2023-02-28 15:09:39,56,62,8476,20054
2023-02-28 15:09:39,56,63,8476,20054
2023-02-28 15:09:39,59,63,8476,20054
2023-02-28 15:09:39,59,61,8476,20054
2023-02-28 15:09:46,56,59,8436,20094
2023-02-28 15:09:48,56,61,8436,20094
2023-02-28 15:09:51,57,61,8436,20094
2023-02-28 15:09:52,57,60,8436,20094
2023-02-28 15:09:58,52,60,8436,20094
2023-02-28 15:09:58,56,60,8436,20094
2023-02-28 15:09:58,56,59,8436,20094
2023-02-28 15:10:04,55,59,8436,20094
2023-02-28 15:10:04,56,59,8436,20094
2023-02-28 15:10:17,56,61,8436,20094
2023-02-28 15:10:17,56,63,8436,20094
2023-02-28 15:10:17,56,59,8436,20094
2023-02-28 15:10:21,56,61,8463,20121
2023-02-28 15:10:26,56,59,8463,20121
2023-02-28 15:10:29,55,56,8423,20161
2023-02-28 15:10:29,54,56,8423,20161
2023-02-28 15:10:29,55,56,8423,20161
2023-02-28 15:10:29,55,56,8393,20191
2023-02-28 15:10:38,55,59,8393,20191
2023-02-28 15:10:38,55,56,8393,20191
2023-02-28 15:10:40,54,56,8393,20191
2023-02-28 15:10:55,52,56,8393,20191
2023-02-28 15:10:55,54,56,8393,20191
2023-02-28 15:11:02,53,54,8379,20205
2023-02-28 15:11:08,53,55,8379,20205
2023-02-28 15:11:12,52,53,8306,20288
2023-02-28 15:11:21,52,55,8306,20288
2023-02-28 15:11:25,50,55,8306,20288
2023-02-28 15:11:25,51,55,8306,20288
2023-02-28 15:11:25,51,53,8306,20288
2023-02-28 15:11:41,50,53,8306,20288
2023-02-28 15:11:41,50,56,8306,20288
2023-02-28 15:11:41,52,56,8306,20288
2023-02-28 15:11:41,52,54,8306,20288
2023-02-28 15:11:57,50,54,8306,20288
2023-02-28 15:11:57,51,54,8306,20288
2023-02-28 15:12:04,50,54,8306,20288
2023-02-28 15:12:04,50,53,8306,20288
2023-02-28 15:12:25,50,55,8378,20360
2023-02-28 15:12:25,53,55,8378,20360
2023-02-28 15:12:26,54,55,8378,20360
2023-02-28 15:12:27,54,57,8378,20360
2023-02-28 15:12:27,54,55,8378,20360
2023-02-28 15:12:31,53,55,8378,20360
2023-02-28 15:12:35,53,58,8378,20360
2023-02-28 15:12:36,53,56,8378,20360
2023-02-28 15:12:43,51,56,8378,20360
2023-02-28 15:12:43,51,58,8378,20360
2023-02-28 15:12:43,53,58,8378,20360
2023-02-28 15:12:43,53,56,8378,20360
2023-02-28 15:12:51,54,56,8378,20360
2023-02-28 15:12:53,54,56,8430,20412
2023-02-28 15:12:55,55,56,8430,20412
2023-02-28 15:13:07,55,58,8438,20420
2023-02-28 15:13:10,56,58,8438,20420
2023-02-28 15:13:11,56,59,8525,20507
2023-02-28 15:13:17,56,61,8525,20507
2023-02-28 15:13:17,56,64,8525,20507
2023-02-28 15:13:17,56,60,8525,20507
2023-02-28 15:13:17,57,60,8525,20507
2023-02-28 15:13:46,56,60,8525,20507
2023-02-28 15:13:46,54,60,8525,20507
2023-02-28 15:13:46,54,62,8525,20507
2023-02-28 15:13:46,54,66,8525,20507
2023-02-28 15:13:46,55,66,8525,20507
2023-02-28 15:13:46,59,66,8525,20507
2023-02-28 15:13:46,59,61,8525,20507
2023-02-28 15:13:57,59,63,8539,20521
2023-02-28 15:13:58,58,63,8539,20521
2023-02-28 15:13:58,58,65,8539,20521
2023-02-28 15:13:58,60,65,8539,20521
2023-02-28 15:13:58,60,64,8539,20521
2023-02-28 15:13:58,60,63,8539,20521
2023-02-28 15:14:07,61,63,8539,20521
2023-02-28 15:14:30,59,63,8539,20521
2023-02-28 15:14:30,59,65,8539,20521
2023-02-28 15:14:30,59,70,8539,20521
2023-02-28 15:14:30,59,69,8539,20521
2023-02-28 15:14:31,62,69,8539,20521
2023-02-28 15:14:31,62,68,8539,20521
2023-02-28 15:14:31,62,66,8539,20521
2023-02-28 15:14:31,62,64,8539,20521
2023-02-28 15:14:45,62,63,8539,20521
2023-02-28 15:14:46,62,63,8539,20553
2023-02-28 15:15:31,61,63,8539,20553
2023-02-28 15:15:31,59,63,8539,20553
2023-02-28 15:15:31,61,63,8539,20553
2023-02-28 15:16:00,59,63,8539,20553
2023-02-28 15:16:00,61,63,8539,20553
2023-02-28 15:16:06,61,62,8539,20553
2023-02-28 15:16:07,61,63,8539,20553
2023-02-28 15:16:16,59,63,8539,20553
2023-02-28 15:16:16,61,63,8539,20553
2023-02-28 15:16:25,61,62,8539,20553
2023-02-28 15:16:45,59,62,8539,20553
2023-02-28 15:16:45,59,64,8539,20553
2023-02-28 15:16:45,59,68,8539,20553
2023-02-28 15:16:45,61,68,8539,20553
2023-02-28 15:16:45,61,63,8539,20553
2023-02-28 15:17:01,60,63,8539,20553
2023-02-28 15:17:01,60,68,8539,20553
2023-02-28 15:17:01,60,67,8539,20553
2023-02-28 15:17:01,61,67,8539,20553
2023-02-28 15:17:01,61,66,8539,20553
2023-02-28 15:17:01,61,64,8539,20553
2023-02-28 15:17:28,60,64,8539,20553
2023-02-28 15:17:28,60,66,8539,20553
2023-02-28 15:17:28,60,70,8539,20553
2023-02-28 15:17:28,62,70,8539,20553
2023-02-28 15:17:28,62,69,8539,20553
2023-02-28 15:17:28,62,65,8539,20553
2023-02-28 15:17:35,64,65,8539,20553
2023-02-28 15:17:38,64,67,8539,20553
2023-02-28 15:17:38,64,70,8539,20553
2023-02-28 15:17:38,64,66,8539,20553
2023-02-28 15:17:43,63,66,8539,20553
2023-02-28 15:17:46,62,66,8539,20553
2023-02-28 15:17:46,62,68,8539,20553
2023-02-28 15:17:46,62,70,8539,20553
2023-02-28 15:17:46,63,70,8539,20553
2023-02-28 15:17:46,63,65,8539,20553
2023-02-28 15:18:01,64,65,8539,20553
2023-02-28 15:18:20,64,66,8552,20566
2023-02-28 15:18:24,63,66,8552,20566
2023-02-28 15:18:24,62,66,8552,20566
2023-02-28 15:18:24,60,66,8552,20566
2023-02-28 15:18:24,59,66,8552,20566
2023-02-28 15:18:24,59,69,8552,20566
2023-02-28 15:18:24,59,70,8552,20566
2023-02-28 15:18:25,61,70,8552,20566
2023-02-28 15:18:25,61,67,8552,20566
2023-02-28 15:18:25,61,65,8552,20566
2023-02-28 15:18:25,61,63,8552,20566
2023-02-28 15:18:26,61,65,8589,20603
2023-02-28 15:18:26,63,65,8589,20603
2023-02-28 15:18:33,61,65,8589,20603
2023-02-28 15:18:38,61,64,8589,20603
2023-02-28 15:18:43,61,64,8626,20640
2023-02-28 15:18:50,59,64,8626,20640
2023-02-28 15:18:50,58,64,8626,20640
2023-02-28 15:18:50,58,66,8626,20640
2023-02-28 15:18:50,60,66,8626,20640
2023-02-28 15:18:50,64,66,8626,20640
2023-02-28 15:18:50,64,65,8626,20640
2023-02-28 15:18:51,64,66,8626,20640
2023-02-28 15:18:52,62,66,8548,20718
2023-02-28 15:18:53,60,62,8479,20787
2023-02-28 15:18:55,60,66,8479,20787
2023-02-28 15:18:55,60,65,8479,20787
2023-02-28 15:18:57,60,66,8479,20787
2023-02-28 15:19:09,60,64,8479,20787
2023-02-28 15:19:11,60,66,8479,20787
2023-02-28 15:19:12,60,64,8479,20787
2023-02-28 15:19:18,60,63,8479,20787
2023-02-28 15:19:20,58,63,8479,20787
2023-02-28 15:19:20,59,63,8479,20787
2023-02-28 15:19:20,61,63,8479,20787
2023-02-28 15:19:29,61,64,8479,20787
2023-02-28 15:19:33,59,64,8406,20860
2023-02-28 15:19:36,59,63,8406,20860
2023-02-28 15:19:45,58,63,8406,20860
2023-02-28 15:19:45,59,63,8406,20860
2023-02-28 15:19:45,59,61,8406,20860
2023-02-28 15:19:51,60,61,8406,20860
2023-02-28 15:19:53,60,63,8443,20897
2023-02-28 15:19:59,60,61,8443,20897
2023-02-28 15:20:04,60,63,8504,20958
2023-02-28 15:20:13,60,62,8504,20958
2023-02-28 15:20:14,60,63,8565,21019
2023-02-28 15:20:17,63,64,8565,21029
2023-02-28 15:20:28,63,66,8565,21029
2023-02-28 15:20:28,63,64,8565,21029
2023-02-28 15:20:44,63,66,8565,21029
2023-02-28 15:20:44,63,64,8565,21029
2023-02-28 15:20:50,63,66,8600,21064
2023-02-28 15:20:59,63,65,8600,21064
2023-02-28 15:21:01,63,64,8600,21064
2023-02-28 15:21:07,63,65,8600,21064
2023-02-28 15:21:07,62,65,8600,21132
2023-02-28 15:21:08,62,65,8477,21255
2023-02-28 15:21:09,60,62,8473,21259
2023-02-28 15:21:10,60,65,8473,21259
2023-02-28 15:21:11,58,65,8473,21259
2023-02-28 15:21:11,58,64,8473,21259
2023-02-28 15:21:11,60,64,8473,21259
2023-02-28 15:21:11,60,63,8473,21259
2023-02-28 15:21:20,60,64,8473,21259
2023-02-28 15:21:20,60,63,8473,21259
2023-02-28 15:21:25,60,62,8473,21259
2023-02-28 15:21:26,60,63,8473,21259
2023-02-28 15:21:27,60,62,8473,21259
2023-02-28 15:21:28,57,62,8473,21259
2023-02-28 15:21:28,56,62,8473,21259
2023-02-28 15:21:28,57,62,8473,21259
2023-02-28 15:21:28,57,60,8473,21259
2023-02-28 15:21:39,59,60,8473,21259
2023-02-28 15:21:44,59,62,8473,21259
2023-02-28 15:21:44,59,66,8473,21259
2023-02-28 15:21:44,59,65,8473,21259
2023-02-28 15:21:44,59,61,8473,21259
2023-02-28 15:21:44,60,61,8473,21259
2023-02-28 15:21:46,59,61,8473,21259
2023-02-28 15:21:56,59,63,8473,21259
2023-02-28 15:21:56,59,61,8473,21259
2023-02-28 15:22:05,59,63,8483,21269
2023-02-28 15:22:05,59,62,8483,21269
2023-02-28 15:22:06,62,63,8504,21290
2023-02-28 15:22:08,62,67,8504,21290
2023-02-28 15:22:08,62,67,8558,21344
2023-02-28 15:22:08,62,66,8558,21344
2023-02-28 15:22:08,62,64,8558,21344
2023-02-28 15:22:16,62,63,8558,21344
2023-02-28 15:22:18,62,64,8623,21409
2023-02-28 15:22:24,63,64,8623,21409
2023-02-28 15:22:27,63,65,8732,21518
2023-02-28 15:22:34,64,65,8732,21518
2023-02-28 15:22:35,64,66,8732,21518
2023-02-28 15:22:35,64,67,8732,21518
2023-02-28 15:22:35,64,69,8732,21518
2023-02-28 15:22:35,64,66,8732,21518
2023-02-28 15:22:35,64,69,8732,21518
2023-02-28 15:22:35,64,67,8732,21518
2023-02-28 15:22:45,66,67,8732,21518
2023-02-28 15:22:47,66,68,8787,21573
2023-02-28 15:22:54,66,72,8666,21849
2023-02-28 15:22:54,66,71,8666,21849
2023-02-28 15:22:56,66,72,8666,21849
2023-02-28 15:22:56,69,72,8666,21849
2023-02-28 15:23:02,69,71,8666,21849
2023-02-28 15:23:03,69,72,8666,21849
2023-02-28 15:23:04,71,72,8666,21849
2023-02-28 15:23:06,71,72,8666,21916
2023-02-28 15:23:13,71,72,8666,21951
2023-02-28 15:23:13,69,71,8666,21959
2023-02-28 15:23:14,69,71,8588,22037
2023-02-28 15:23:15,67,71,8588,22037
2023-02-28 15:23:15,64,71,8588,22037
2023-02-28 15:23:16,64,71,8588,22069
2023-02-28 15:23:16,68,71,8588,22069
2023-02-28 15:23:16,70,71,8588,22069
2023-02-28 15:23:26,68,70,8469,22188
2023-02-28 15:23:27,68,69,8469,22188
2023-02-28 15:23:31,66,69,8469,22188
2023-02-28 15:23:31,68,69,8469,22188
2023-02-28 15:23:39,66,69,8459,22198
2023-02-28 15:23:50,66,70,8459,22198
2023-02-28 15:23:51,65,70,8459,22198
2023-02-28 15:23:51,65,71,8459,22198
2023-02-28 15:23:51,67,71,8459,22198
2023-02-28 15:23:51,67,70,8459,22198
2023-02-28 15:23:52,67,69,8459,22198
2023-02-28 15:23:54,67,70,8459,22198
2023-02-28 15:23:58,67,69,8459,22198
2023-02-28 15:24:07,66,67,8395,22262
2023-02-28 15:24:13,66,69,8395,22262
2023-02-28 15:24:25,65,69,8395,22262
2023-02-28 15:24:25,65,71,8395,22262
2023-02-28 15:24:25,65,69,8395,22262
2023-02-28 15:24:25,65,67,8395,22262
2023-02-28 15:24:46,66,67,8395,22262
2023-02-28 15:24:50,66,69,8406,22273
2023-02-28 15:24:50,66,68,8406,22273
2023-02-28 15:24:54,66,69,8428,22295
2023-02-28 15:24:54,66,68,8428,22295
2023-02-28 15:24:54,66,69,8428,22295
2023-02-28 15:24:57,66,69,8430,22297
2023-02-28 15:24:59,66,71,8430,22297
2023-02-28 15:24:59,66,69,8430,22297
2023-02-28 15:25:04,66,71,8474,22341
2023-02-28 15:25:06,67,71,8474,22341
2023-02-28 15:25:06,67,69,8474,22341
2023-02-28 15:25:13,67,70,8518,22385
2023-02-28 15:25:14,70,71,8584,22451
2023-02-28 15:26:00,71,74,8584,22454
2023-02-28 15:26:00,71,73,8584,22454
2023-02-28 15:26:05,70,73,8584,22454
2023-02-28 15:26:07,71,73,8584,22454
2023-02-28 15:26:12,71,75,8584,22454
2023-02-28 15:26:12,71,74,8584,22454
2023-02-28 15:26:24,73,74,8584,22454
2023-02-28 15:26:41,73,75,8584,22454
2023-02-28 15:26:41,73,78,8584,22454
2023-02-28 15:26:41,74,78,8584,22454
2023-02-28 15:26:41,74,76,8584,22454
2023-02-28 15:26:56,75,76,8584,22454
2023-02-28 15:27:15,75,76,8604,22474
2023-02-28 15:27:22,75,78,8624,22494
2023-02-28 15:27:24,75,77,8624,22494
2023-02-28 15:27:25,75,82,8624,22494
2023-02-28 15:27:25,77,82,8624,22494
2023-02-28 15:27:25,77,79,8624,22494
2023-02-28 15:27:26,77,78,8624,22494
2023-02-28 15:27:29,77,79,8624,22494
2023-02-28 15:27:31,76,79,8624,22494
2023-02-28 15:27:31,76,80,8624,22494
2023-02-28 15:27:31,76,78,8624,22494
2023-02-28 15:27:42,76,80,8624,22494
2023-02-28 15:27:42,78,80,8624,22494
2023-02-28 15:27:55,78,79,8624,22494
2023-02-28 15:28:03,76,79,8624,22494
2023-02-28 15:28:03,76,80,8624,22494
2023-02-28 15:28:03,78,80,8624,22494
2023-02-28 15:28:11,76,80,8595,22523
2023-02-28 15:28:19,77,80,8595,22523
2023-02-28 15:28:26,79,80,8595,22523
2023-02-28 15:28:48,77,80,8566,22552
2023-02-28 15:28:53,76,80,8566,22552
2023-02-28 15:28:55,76,78,8566,22552
2023-02-28 15:29:05,77,78,8566,22552
2023-02-28 15:29:06,75,78,8518,22620
2023-02-28 15:29:10,76,78,8518,22620
2023-02-28 15:29:26,75,78,8518,22620
2023-02-28 15:29:26,73,78,8518,22620
2023-02-28 15:29:26,74,78,8518,22620
2023-02-28 15:29:26,76,78,8518,22620
2023-02-28 15:29:44,74,78,8518,22620
2023-02-28 15:29:44,76,78,8518,22620
2023-02-28 15:29:54,77,78,8518,22620
2023-02-28 15:29:58,77,78,8500,22638
2023-02-28 15:30:03,77,79,8500,22638
2023-02-28 15:30:09,77,79,8500,22638
2023-02-28 15:30:17,77,80,8500,22638
2023-02-28 15:30:17,77,83,8500,22638
2023-02-28 15:30:17,77,85,8500,22638
2023-02-28 15:30:18,77,82,8500,22638
2023-02-28 15:30:18,78,82,8500,22638
2023-02-28 15:30:18,78,85,8500,22638
2023-02-28 15:30:18,78,81,8500,22638
2023-02-28 15:30:27,77,81,8500,22638
2023-02-28 15:30:27,77,83,8500,22638
2023-02-28 15:30:27,79,83,8500,22638
2023-02-28 15:30:27,79,81,8500,22638
2023-02-28 15:30:37,79,81,8508,22646
2023-02-28 15:30:38,77,81,8398,22756
2023-02-28 15:30:40,77,80,8398,22756
2023-02-28 15:30:49,77,78,8398,22756
2023-02-28 15:30:57,76,78,8398,22756
2023-02-28 15:30:57,76,80,8398,22756
2023-02-28 15:30:58,76,82,8398,22756
2023-02-28 15:30:58,76,81,8398,22756
2023-02-28 15:30:58,76,82,8398,22756
2023-02-28 15:30:58,76,80,8398,22756
2023-02-28 15:31:17,77,80,8398,22756
2023-02-28 15:31:29,77,82,8398,22756
2023-02-28 15:31:29,77,83,8398,22756
2023-02-28 15:31:30,77,81,8398,22756
2023-02-28 15:31:35,77,83,8398,22756
2023-02-28 15:31:35,79,83,8398,22756
2023-02-28 15:31:35,79,81,8398,22756
2023-02-28 15:31:43,77,81,8398,22756
2023-02-28 15:31:43,77,84,8398,22756
2023-02-28 15:31:43,78,84,8398,22756
2023-02-28 15:31:43,80,84,8398,22756
2023-02-28 15:31:43,80,82,8398,22756
2023-02-28 15:31:55,80,81,8398,22756
2023-02-28 15:32:28,80,82,8398,22756
2023-02-28 15:32:28,80,84,8398,22756
2023-02-28 15:32:28,80,85,8398,22756
2023-02-28 15:32:28,80,83,8398,22756
2023-02-28 15:32:28,80,85,8398,22756
2023-02-28 15:32:28,82,85,8398,22756
2023-02-28 15:32:28,82,84,8398,22756
2023-02-28 15:32:45,81,84,8398,22756
2023-02-28 15:32:45,81,85,8398,22756
2023-02-28 15:32:45,82,85,8398,22756
2023-02-28 15:32:45,82,84,8398,22756
2023-02-28 15:33:32,82,85,8398,22756
2023-02-28 15:33:32,84,85,8398,22756
2023-02-28 15:33:32,84,85,8398,22779
2023-02-28 15:33:39,82,85,8319,22858
2023-02-28 15:33:39,83,85,8319,22858
2023-02-28 15:33:42,83,85,8319,22912
2023-02-28 15:33:57,83,85,8319,22989
2023-02-28 15:34:04,84,85,8319,22989
2023-02-28 15:34:28,84,85,8319,23068
2023-02-28 15:34:28,84,86,8313,23091
2023-02-28 15:34:28,86,87,8239,23165
2023-02-28 15:34:29,83,87,8165,23317
2023-02-28 15:34:42,86,87,8165,23317
2023-02-28 15:34:50,86,87,8126,23356
2023-02-28 15:35:06,86,88,8126,23356
2023-02-28 15:35:29,85,88,8126,23356
