datetime,bid,ask,open_interest,volume
2023-02-15 09:31:13,17,99,1227,3434
2023-02-15 09:31:13,17,26,1227,3434
2023-02-15 09:31:13,17,23,1227,3434
2023-02-15 09:31:37,17,100,1227,3434
2023-02-15 09:31:37,17,28,1227,3434
2023-02-15 09:31:37,17,25,1227,3434
2023-02-15 09:31:37,19,25,1227,3434
2023-02-15 09:33:23,19,27,1227,3434
2023-02-15 09:33:23,21,27,1227,3434
2023-02-15 09:33:35,19,27,1227,3434
2023-02-15 09:33:43,21,27,1227,3434
2023-02-15 09:33:44,19,27,1227,3434
2023-02-15 09:33:54,21,27,1227,3434
2023-02-15 09:34:15,19,27,1227,3434
2023-02-15 09:34:17,21,27,1227,3434
2023-02-15 09:34:34,19,27,1227,3434
2023-02-15 09:34:35,21,27,1227,3434
2023-02-15 09:34:55,19,27,1227,3434
2023-02-15 09:34:56,21,27,1227,3434
2023-02-15 09:34:58,19,27,1227,3434
2023-02-15 09:35:06,19,25,1227,3434
2023-02-15 09:35:08,19,27,1227,3434
2023-02-15 09:35:09,19,25,1227,3434
2023-02-15 09:35:17,19,27,1227,3434
2023-02-15 09:35:21,19,25,1227,3434
2023-02-15 09:35:28,19,27,1227,3434
2023-02-15 09:35:37,19,27,1229,3436
2023-02-15 09:35:38,19,24,1229,3436
2023-02-15 09:35:39,21,24,1229,3436
2023-02-15 09:35:50,19,24,1229,3436
2023-02-15 09:36:08,21,24,1229,3436
2023-02-15 09:36:09,19,24,1229,3436
2023-02-15 09:36:10,21,24,1229,3436
2023-02-15 09:37:07,21,26,1229,3436
2023-02-15 09:37:22,21,25,1229,3436
2023-02-15 09:38:30,21,24,1229,3436
2023-02-15 09:38:30,19,24,1229,3436
2023-02-15 09:39:01,21,24,1229,3436
2023-02-15 09:39:08,19,24,1229,3436
2023-02-15 09:39:17,19,23,1229,3436
2023-02-15 09:39:35,19,24,1229,3436
2023-02-15 09:39:38,19,23,1229,3436
2023-02-15 09:39:44,19,24,1229,3436
2023-02-15 09:39:49,19,23,1229,3436
2023-02-15 09:40:04,19,24,1229,3436
2023-02-15 09:40:05,19,23,1229,3436
2023-02-15 09:40:07,19,24,1229,3436
2023-02-15 09:40:31,19,23,1229,3436
2023-02-15 09:40:43,19,22,1229,3436
2023-02-15 09:40:44,19,21,1229,3436
2023-02-15 09:40:45,16,21,1229,3436
2023-02-15 09:40:46,17,21,1229,3436
2023-02-15 09:40:47,17,22,1229,3436
2023-02-15 09:40:50,17,21,1229,3436
2023-02-15 09:40:51,18,21,1229,3436
2023-02-15 09:40:51,20,21,1229,3436
2023-02-15 09:41:08,20,22,1229,3436
2023-02-15 09:41:19,19,22,1229,3436
2023-02-15 09:41:49,19,23,1229,3436
2023-02-15 09:41:49,20,23,1229,3436
2023-02-15 09:41:49,20,24,1229,3436
2023-02-15 09:41:55,21,24,1229,3436
2023-02-15 09:42:03,20,24,1229,3436
2023-02-15 09:42:14,21,24,1229,3436
2023-02-15 09:42:20,21,25,1229,3436
2023-02-15 09:42:23,23,25,1229,3436
2023-02-15 09:42:32,21,25,1229,3436
2023-02-15 09:42:48,21,26,1229,3436
2023-02-15 09:42:48,22,26,1229,3436
2023-02-15 09:42:51,23,26,1229,3436
2023-02-15 09:43:01,22,26,1229,3436
2023-02-15 09:43:02,23,26,1229,3436
2023-02-15 09:43:04,22,26,1229,3436
2023-02-15 09:43:32,22,25,1229,3436
2023-02-15 09:44:04,22,26,1229,3436
2023-02-15 09:44:08,22,25,1229,3436
2023-02-15 09:44:21,21,25,1229,3436
2023-02-15 09:44:24,21,26,1229,3436
2023-02-15 09:44:46,21,25,1229,3436
2023-02-15 09:45:08,21,26,1229,3436
2023-02-15 09:45:08,21,24,1229,3436
2023-02-15 09:45:21,21,26,1229,3436
2023-02-15 09:45:23,21,25,1229,3436
2023-02-15 09:45:48,21,26,1229,3436
2023-02-15 09:45:49,21,25,1229,3436
2023-02-15 09:46:08,21,26,1229,3436
2023-02-15 09:46:08,21,24,1229,3436
2023-02-15 09:46:32,21,26,1229,3436
2023-02-15 09:46:51,21,25,1229,3436
2023-02-15 09:47:06,23,25,1229,3436
2023-02-15 09:47:12,21,25,1229,3436
2023-02-15 09:47:17,23,25,1229,3436
2023-02-15 09:47:22,23,26,1229,3436
2023-02-15 09:47:29,21,26,1229,3436
2023-02-15 09:47:40,23,26,1229,3436
2023-02-15 09:48:30,22,26,1229,3436
2023-02-15 09:48:35,23,26,1229,3436
2023-02-15 09:48:37,22,26,1229,3436
2023-02-15 09:48:42,23,26,1229,3436
2023-02-15 09:49:07,23,27,1229,3436
2023-02-15 09:50:15,25,27,1229,3436
2023-02-15 09:50:19,23,27,1229,3436
2023-02-15 09:50:20,25,27,1229,3436
2023-02-15 09:50:24,23,27,1229,3436
2023-02-15 09:50:26,25,27,1229,3436
2023-02-15 09:50:28,25,28,1229,3436
2023-02-15 09:50:32,23,28,1229,3436
2023-02-15 09:50:58,24,28,1229,3436
2023-02-15 09:51:05,24,29,1229,3436
2023-02-15 09:51:05,24,27,1229,3436
2023-02-15 09:51:21,24,26,1229,3436
2023-02-15 09:51:23,22,26,1229,3436
2023-02-15 09:51:23,21,26,1229,3436
2023-02-15 09:51:24,23,26,1229,3436
2023-02-15 09:51:28,23,27,1229,3436
2023-02-15 09:51:29,23,26,1229,3436
2023-02-15 09:51:32,23,27,1229,3436
2023-02-15 09:51:35,23,26,1229,3436
2023-02-15 09:51:37,23,27,1229,3436
2023-02-15 09:51:38,23,26,1229,3436
2023-02-15 09:51:46,23,27,1229,3436
2023-02-15 09:51:48,23,26,1229,3436
2023-02-15 09:51:49,22,26,1229,3436
2023-02-15 09:51:57,22,27,1229,3436
2023-02-15 09:51:58,23,27,1229,3436
2023-02-15 09:52:02,22,27,1229,3436
2023-02-15 09:52:02,22,26,1229,3436
2023-02-15 09:52:06,22,27,1229,3436
2023-02-15 09:52:07,23,27,1229,3436
2023-02-15 09:52:10,22,27,1229,3436
2023-02-15 09:52:11,22,27,1229,3436
2023-02-15 09:52:11,23,27,1229,3436
2023-02-15 09:52:12,23,26,1229,3436
2023-02-15 09:52:12,22,26,1229,3436
2023-02-15 09:52:48,21,26,1229,3436
2023-02-15 09:52:54,21,25,1229,3436
2023-02-15 09:53:04,21,24,1229,3436
2023-02-15 09:53:24,21,23,1229,3436
2023-02-15 09:53:36,21,22,1229,3436
2023-02-15 09:53:46,21,22,1227,3438
2023-02-15 09:53:53,21,22,1227,3538
2023-02-15 09:53:53,19,22,1227,3538
2023-02-15 09:54:04,19,21,1227,3538
2023-02-15 09:54:06,19,20,1227,3538
2023-02-15 09:54:08,19,20,1227,3638
2023-02-15 09:54:15,17,20,1227,3835
2023-02-15 09:54:18,16,20,1346,4145
2023-02-15 09:54:33,16,21,1346,4145
2023-02-15 09:54:39,16,21,1366,4165
2023-02-15 09:54:47,16,19,1366,4165
2023-02-15 09:55:14,17,19,1366,4165
2023-02-15 09:55:14,16,19,1366,4165
2023-02-15 09:55:23,17,19,1366,4165
2023-02-15 09:55:37,17,19,1367,4166
2023-02-15 09:55:40,18,19,1367,4166
2023-02-15 09:55:41,17,19,1367,4166
2023-02-15 09:55:43,18,19,1367,4166
2023-02-15 09:55:50,17,19,1367,4166
2023-02-15 09:55:50,17,20,1367,4166
2023-02-15 09:56:04,16,20,1367,4166
2023-02-15 09:56:06,17,20,1367,4166
2023-02-15 09:56:16,16,20,1367,4166
2023-02-15 09:56:24,16,19,1367,4166
2023-02-15 09:57:22,16,18,1367,4166
2023-02-15 09:57:33,16,19,1367,4166
2023-02-15 09:57:38,16,18,1367,4166
2023-02-15 09:57:40,16,19,1367,4166
2023-02-15 09:57:48,16,18,1367,4166
2023-02-15 09:58:47,16,19,1367,4166
2023-02-15 09:59:22,17,19,1367,4166
2023-02-15 09:59:24,16,19,1367,4166
2023-02-15 09:59:25,17,19,1367,4166
2023-02-15 09:59:35,16,19,1367,4166
2023-02-15 09:59:47,16,20,1367,4166
2023-02-15 09:59:59,17,20,1367,4166
2023-02-15 10:00:00,16,20,1367,4166
2023-02-15 10:00:16,17,20,1367,4166
2023-02-15 10:00:17,18,20,1367,4166
2023-02-15 10:00:20,19,20,1367,4166
2023-02-15 10:00:31,19,20,1367,4167
2023-02-15 10:00:32,20,22,1249,4549
2023-02-15 10:00:49,19,22,1249,4549
2023-02-15 10:00:50,20,22,1249,4549
2023-02-15 10:00:50,20,23,1249,4549
2023-02-15 10:01:21,19,23,1249,4549
2023-02-15 10:01:29,19,22,1249,4549
2023-02-15 10:01:31,19,23,1249,4549
2023-02-15 10:01:33,19,22,1249,4549
2023-02-15 10:01:48,17,22,1249,4549
2023-02-15 10:01:48,18,22,1249,4549
2023-02-15 10:02:37,18,21,1249,4549
2023-02-15 10:02:46,18,20,1249,4549
2023-02-15 10:02:48,18,21,1249,4549
2023-02-15 10:02:52,18,20,1249,4549
2023-02-15 10:03:18,17,20,1249,4549
2023-02-15 10:03:26,17,21,1249,4549
2023-02-15 10:03:29,18,21,1249,4549
2023-02-15 10:03:47,17,21,1249,4549
2023-02-15 10:03:52,18,21,1249,4549
2023-02-15 10:03:57,17,21,1249,4549
2023-02-15 10:04:11,18,21,1249,4549
2023-02-15 10:04:19,18,22,1249,4549
2023-02-15 10:04:51,18,23,1249,4549
2023-02-15 10:04:51,19,23,1249,4549
2023-02-15 10:04:53,19,22,1249,4549
2023-02-15 10:04:54,18,22,1249,4549
2023-02-15 10:05:02,18,21,1249,4549
2023-02-15 10:05:07,18,22,1249,4549
2023-02-15 10:05:11,18,21,1249,4549
2023-02-15 10:05:20,18,20,1249,4549
2023-02-15 10:05:24,18,21,1249,4549
2023-02-15 10:05:32,18,22,1249,4549
2023-02-15 10:05:36,18,21,1249,4549
2023-02-15 10:05:48,17,21,1249,4549
2023-02-15 10:06:11,18,21,1249,4549
2023-02-15 10:06:20,17,21,1249,4549
2023-02-15 10:06:36,17,20,1249,4549
2023-02-15 10:07:04,17,19,1249,4549
2023-02-15 10:07:11,17,18,1249,4549
2023-02-15 10:07:14,17,18,1247,4551
2023-02-15 10:07:22,16,18,1247,4551
2023-02-15 10:07:27,16,19,1247,4551
2023-02-15 10:07:53,16,18,1247,4551
2023-02-15 10:08:24,16,17,1247,4551
2023-02-15 10:08:26,16,18,1247,4551
2023-02-15 10:08:33,14,18,1252,4556
2023-02-15 10:08:49,14,16,1252,4556
2023-02-15 10:08:49,12,16,1252,4556
2023-02-15 10:09:00,13,16,1252,4556
2023-02-15 10:09:16,14,16,1252,4556
2023-02-15 10:09:19,14,18,1252,4556
2023-02-15 10:09:19,14,19,1252,4556
2023-02-15 10:09:20,14,17,1252,4556
2023-02-15 10:09:38,13,17,1252,4556
2023-02-15 10:09:38,14,17,1252,4556
2023-02-15 10:09:50,14,19,1252,4556
2023-02-15 10:09:51,15,19,1252,4556
2023-02-15 10:10:25,14,19,1252,4556
2023-02-15 10:11:02,15,19,1252,4556
2023-02-15 10:11:04,14,19,1252,4556
2023-02-15 10:11:18,14,20,1252,4556
2023-02-15 10:11:19,15,20,1252,4556
2023-02-15 10:11:20,15,19,1252,4556
2023-02-15 10:11:48,14,19,1252,4556
2023-02-15 10:11:49,14,18,1252,4556
2023-02-15 10:12:07,14,17,1252,4556
2023-02-15 10:12:16,14,18,1252,4556
2023-02-15 10:12:50,14,16,1252,4556
2023-02-15 10:12:50,12,16,1252,4556
2023-02-15 10:12:51,13,16,1252,4556
2023-02-15 10:13:05,14,16,1252,4556
2023-02-15 10:13:10,14,18,1484,4788
2023-02-15 10:13:18,14,19,1484,4788
2023-02-15 10:13:19,14,17,1484,4788
2023-02-15 10:13:28,15,17,1484,4788
2023-02-15 10:13:47,15,19,1484,4788
2023-02-15 10:14:00,16,19,1484,4788
2023-02-15 10:14:11,17,19,1484,4788
2023-02-15 10:14:17,17,21,1484,4788
2023-02-15 10:14:18,17,20,1484,4788
2023-02-15 10:14:18,16,20,1484,4788
2023-02-15 10:14:21,17,20,1484,4788
2023-02-15 10:14:21,16,20,1484,4788
2023-02-15 10:14:48,16,21,1484,4788
2023-02-15 10:15:22,16,20,1484,4788
2023-02-15 10:15:36,17,20,1484,4788
2023-02-15 10:15:43,16,20,1484,4788
2023-02-15 10:15:47,16,22,1484,4788
2023-02-15 10:15:48,16,21,1484,4788
2023-02-15 10:15:48,17,21,1484,4788
2023-02-15 10:15:59,17,21,1485,4789
2023-02-15 10:16:19,18,21,1485,4789
2023-02-15 10:16:23,17,21,1485,4789
2023-02-15 10:16:26,18,21,1485,4789
2023-02-15 10:16:29,17,21,1485,4789
2023-02-15 10:16:34,18,21,1485,4789
2023-02-15 10:16:47,18,23,1485,4789
2023-02-15 10:16:48,18,22,1485,4789
2023-02-15 10:17:26,19,22,1485,4789
2023-02-15 10:17:47,19,24,1485,4789
2023-02-15 10:17:56,20,24,1485,4789
2023-02-15 10:17:59,19,24,1485,4789
2023-02-15 10:17:59,20,24,1485,4789
2023-02-15 10:18:11,19,24,1485,4789
2023-02-15 10:18:40,20,24,1485,4789
2023-02-15 10:18:41,21,24,1485,4789
2023-02-15 10:18:48,21,26,1485,4789
2023-02-15 10:18:48,21,25,1485,4789
2023-02-15 10:18:48,21,23,1485,4789
2023-02-15 10:18:52,22,23,1485,4789
2023-02-15 10:18:53,21,23,1485,4789
2023-02-15 10:19:12,22,23,1485,4789
2023-02-15 10:19:17,22,25,1485,4789
2023-02-15 10:19:26,21,25,1485,4789
2023-02-15 10:19:37,22,25,1485,4789
2023-02-15 10:19:45,21,25,1485,4789
2023-02-15 10:19:46,21,27,1485,4789
2023-02-15 10:19:46,21,26,1485,4789
2023-02-15 10:19:59,22,26,1485,4789
2023-02-15 10:20:00,21,26,1485,4789
2023-02-15 10:20:01,22,26,1485,4789
2023-02-15 10:20:05,21,26,1485,4789
2023-02-15 10:20:10,22,26,1485,4789
2023-02-15 10:20:11,21,26,1485,4789
2023-02-15 10:20:13,22,26,1485,4789
2023-02-15 10:20:17,21,26,1485,4789
2023-02-15 10:20:25,21,27,1485,4789
2023-02-15 10:20:25,22,27,1485,4789
2023-02-15 10:20:26,22,25,1485,4789
2023-02-15 10:20:27,21,25,1485,4789
2023-02-15 10:20:33,22,25,1485,4789
2023-02-15 10:20:44,23,25,1485,4789
2023-02-15 10:20:49,22,25,1485,4789
2023-02-15 10:20:52,23,25,1485,4789
2023-02-15 10:20:52,23,26,1485,4789
2023-02-15 10:20:54,22,26,1485,4789
2023-02-15 10:20:58,23,26,1485,4789
2023-02-15 10:20:59,22,26,1485,4789
2023-02-15 10:21:23,23,26,1485,4789
2023-02-15 10:21:24,22,26,1485,4789
2023-02-15 10:21:32,23,26,1485,4789
2023-02-15 10:21:40,22,26,1485,4789
2023-02-15 10:22:00,21,26,1485,4789
2023-02-15 10:22:04,22,26,1485,4789
2023-02-15 10:22:34,23,26,1485,4789
2023-02-15 10:22:37,22,26,1485,4789
2023-02-15 10:22:42,23,26,1485,4789
2023-02-15 10:22:44,22,26,1485,4789
2023-02-15 10:22:56,22,28,1485,4789
2023-02-15 10:22:56,22,27,1485,4789
2023-02-15 10:22:56,23,27,1485,4789
2023-02-15 10:22:57,22,27,1485,4789
2023-02-15 10:23:29,22,26,1485,4789
2023-02-15 10:23:33,22,27,1485,4789
2023-02-15 10:23:43,22,26,1485,4789
2023-02-15 10:23:50,20,26,1485,4789
2023-02-15 10:23:51,20,25,1485,4789
2023-02-15 10:24:03,21,25,1485,4789
2023-02-15 10:24:05,20,25,1485,4789
2023-02-15 10:24:46,20,24,1485,4789
2023-02-15 10:25:21,19,24,1485,4789
2023-02-15 10:25:46,20,24,1485,4789
2023-02-15 10:25:47,20,23,1485,4789
2023-02-15 10:26:18,20,25,1485,4789
2023-02-15 10:26:46,20,24,1485,4789
2023-02-15 10:28:10,21,24,1485,4789
2023-02-15 10:28:17,21,26,1485,4789
2023-02-15 10:28:18,21,24,1485,4789
2023-02-15 10:28:49,21,27,1485,4789
2023-02-15 10:28:51,21,25,1485,4789
2023-02-15 10:29:04,20,25,1485,4789
2023-02-15 10:29:07,21,25,1485,4789
2023-02-15 10:29:09,20,25,1485,4789
2023-02-15 10:29:16,20,26,1485,4789
2023-02-15 10:29:17,21,26,1485,4789
2023-02-15 10:29:30,21,25,1485,4789
2023-02-15 10:29:37,22,25,1485,4789
2023-02-15 10:29:46,22,24,1485,4789
2023-02-15 10:30:10,22,23,1485,4789
2023-02-15 10:30:14,22,24,1485,4789
2023-02-15 10:30:48,22,23,1485,4789
2023-02-15 10:31:18,22,27,1485,4789
2023-02-15 10:31:18,22,24,1485,4789
2023-02-15 10:31:48,22,25,1485,4789
2023-02-15 10:32:17,22,27,1485,4789
2023-02-15 10:32:17,22,26,1485,4789
2023-02-15 10:32:19,23,26,1485,4789
2023-02-15 10:32:22,22,26,1485,4789
2023-02-15 10:32:26,23,26,1485,4789
2023-02-15 10:32:28,22,26,1485,4789
2023-02-15 10:32:30,23,26,1485,4789
2023-02-15 10:32:32,22,26,1485,4789
2023-02-15 10:32:32,23,26,1485,4789
2023-02-15 10:32:34,22,26,1485,4789
2023-02-15 10:32:40,23,26,1485,4789
2023-02-15 10:32:42,22,26,1485,4789
2023-02-15 10:32:49,23,26,1485,4789
2023-02-15 10:33:01,22,26,1485,4789
2023-02-15 10:33:03,23,26,1485,4789
2023-02-15 10:33:18,23,28,1485,4789
2023-02-15 10:33:18,23,27,1485,4789
2023-02-15 10:33:30,22,27,1485,4789
2023-02-15 10:33:32,23,27,1485,4789
2023-02-15 10:33:37,22,27,1485,4789
2023-02-15 10:34:00,23,27,1485,4789
2023-02-15 10:34:05,22,27,1485,4789
2023-02-15 10:34:14,23,27,1485,4789
2023-02-15 10:34:15,22,27,1485,4789
2023-02-15 10:34:18,23,27,1485,4789
2023-02-15 10:34:18,23,28,1485,4789
2023-02-15 10:34:19,23,26,1485,4789
2023-02-15 10:34:47,23,28,1485,4789
2023-02-15 10:34:48,23,29,1485,4789
2023-02-15 10:34:48,25,29,1485,4789
2023-02-15 10:34:48,25,27,1485,4789
2023-02-15 10:34:50,23,27,1485,4789
2023-02-15 10:35:12,25,27,1485,4789
2023-02-15 10:35:13,23,27,1485,4789
2023-02-15 10:35:20,23,28,1485,4789
2023-02-15 10:36:20,22,28,1485,4789
2023-02-15 10:36:21,22,27,1485,4789
2023-02-15 10:36:48,22,26,1485,4789
2023-02-15 10:37:23,21,26,1485,4858
2023-02-15 10:37:47,21,24,1485,4858
2023-02-15 10:38:20,21,25,1485,4858
2023-02-15 10:38:29,23,25,1485,4858
2023-02-15 10:38:47,23,27,1485,4858
2023-02-15 10:39:48,23,28,1485,4858
2023-02-15 10:40:26,23,27,1485,4858
2023-02-15 10:41:15,22,27,1485,4858
2023-02-15 10:41:42,22,26,1485,4858
2023-02-15 10:41:50,21,26,1485,4858
2023-02-15 10:42:01,21,25,1485,4858
2023-02-15 10:42:04,21,24,1485,4858
2023-02-15 10:42:08,21,23,1485,4858
2023-02-15 10:42:11,21,24,1485,4858
2023-02-15 10:42:15,21,25,1485,4858
2023-02-15 10:42:18,20,25,1485,4858
2023-02-15 10:42:48,20,24,1485,4858
2023-02-15 10:43:52,18,24,1485,4858
2023-02-15 10:43:53,19,24,1485,4858
2023-02-15 10:43:56,20,24,1485,4858
2023-02-15 10:44:03,19,24,1485,4858
2023-02-15 10:44:44,19,23,1485,4858
2023-02-15 10:44:46,19,22,1485,4858
2023-02-15 10:44:49,15,22,1485,4858
2023-02-15 10:44:50,15,21,1485,4858
2023-02-15 10:44:50,16,21,1485,4858
2023-02-15 10:44:51,18,21,1485,4858
2023-02-15 10:44:57,18,22,1485,4858
2023-02-15 10:45:01,18,21,1485,4858
2023-02-15 10:45:22,16,21,1485,4858
2023-02-15 10:45:40,17,21,1485,4858
2023-02-15 10:45:47,16,21,1485,4858
2023-02-15 10:46:15,16,20,1485,4858
2023-02-15 10:46:18,15,20,1485,4858
2023-02-15 10:46:18,15,21,1485,4858
2023-02-15 10:46:19,16,21,1485,4858
2023-02-15 10:46:32,16,20,1485,4858
2023-02-15 10:46:41,16,21,1485,4858
2023-02-15 10:46:49,16,20,1485,4858
2023-02-15 10:47:18,15,20,1485,4858
2023-02-15 10:47:47,16,20,1485,4858
2023-02-15 10:48:22,17,20,1485,4858
2023-02-15 10:48:35,16,20,1485,4858
2023-02-15 10:48:47,16,22,1485,4858
2023-02-15 10:48:47,17,22,1485,4858
2023-02-15 10:48:48,17,21,1485,4858
2023-02-15 10:49:19,15,21,1485,4858
2023-02-15 10:49:19,16,21,1485,4858
2023-02-15 10:50:27,16,20,1485,4858
2023-02-15 10:51:19,16,21,1485,4858
2023-02-15 10:52:17,16,22,1485,4858
2023-02-15 10:52:17,16,20,1485,4858
2023-02-15 10:52:27,17,20,1485,4858
2023-02-15 10:52:48,17,22,1485,4858
2023-02-15 10:52:50,17,21,1485,4858
2023-02-15 10:53:18,17,23,1485,4858
2023-02-15 10:53:18,17,22,1485,4858
2023-02-15 10:53:52,18,22,1485,4858
2023-02-15 10:53:53,18,23,1485,4858
2023-02-15 10:54:28,18,22,1485,4858
2023-02-15 10:54:31,18,23,1485,4858
2023-02-15 10:54:32,18,22,1485,4858
2023-02-15 10:54:41,18,23,1485,4858
2023-02-15 10:54:42,18,22,1485,4858
2023-02-15 10:54:47,17,22,1485,4858
2023-02-15 10:55:23,17,23,1485,4858
2023-02-15 10:55:23,17,21,1485,4858
2023-02-15 10:56:20,17,23,1485,4858
2023-02-15 10:56:20,17,22,1485,4858
2023-02-15 10:56:23,19,22,1485,4858
2023-02-15 10:56:28,17,22,1485,4858
2023-02-15 10:56:50,19,22,1485,4858
2023-02-15 10:56:50,19,24,1485,4858
2023-02-15 10:56:50,19,23,1485,4858
2023-02-15 10:57:19,17,23,1485,4858
2023-02-15 10:57:19,18,23,1485,4858
2023-02-15 10:57:19,18,22,1485,4858
2023-02-15 10:57:47,18,23,1485,4858
2023-02-15 10:57:54,18,22,1485,4858
2023-02-15 10:57:55,18,23,1485,4858
2023-02-15 10:58:17,18,22,1485,4858
2023-02-15 10:58:19,16,22,1485,4858
2023-02-15 10:58:20,15,22,1485,4858
2023-02-15 10:58:20,17,22,1485,4858
2023-02-15 10:58:22,17,21,1485,4858
2023-02-15 10:58:36,17,20,1485,4858
2023-02-15 10:58:38,17,21,1485,4858
2023-02-15 10:58:43,17,20,1485,4858
2023-02-15 10:58:48,15,20,1485,4858
2023-02-15 10:58:49,16,20,1485,4858
2023-02-15 10:59:16,16,21,1485,4858
2023-02-15 10:59:17,15,21,1485,4858
2023-02-15 10:59:17,15,19,1485,4858
2023-02-15 10:59:47,15,20,1485,4858
2023-02-15 11:00:27,16,20,1485,4858
2023-02-15 11:00:53,15,20,1485,4858
2023-02-15 11:01:12,17,20,1485,4858
2023-02-15 11:01:24,16,20,1485,4858
2023-02-15 11:01:26,17,20,1485,4858
2023-02-15 11:01:27,16,20,1485,4858
2023-02-15 11:01:28,17,20,1485,4858
2023-02-15 11:01:29,16,20,1485,4858
2023-02-15 11:01:30,17,20,1485,4858
2023-02-15 11:01:31,16,20,1485,4858
2023-02-15 11:01:49,15,20,1485,4858
2023-02-15 11:01:49,17,20,1485,4858
2023-02-15 11:01:50,17,22,1485,4858
2023-02-15 11:01:50,17,21,1485,4858
2023-02-15 11:02:18,16,21,1485,4858
2023-02-15 11:02:54,17,21,1485,4858
2023-02-15 11:03:20,17,22,1485,4858
2023-02-15 11:03:32,19,22,1485,4858
2023-02-15 11:03:40,17,22,1485,4858
2023-02-15 11:03:50,17,24,1485,4858
2023-02-15 11:03:50,18,24,1485,4858
2023-02-15 11:03:50,18,23,1485,4858
2023-02-15 11:03:51,19,23,1485,4858
2023-02-15 11:03:55,18,23,1485,4858
2023-02-15 11:04:09,19,23,1485,4858
2023-02-15 11:04:41,21,23,1485,4858
2023-02-15 11:04:49,20,23,1485,4858
2023-02-15 11:04:50,20,25,1485,4858
2023-02-15 11:05:05,21,25,1485,4858
2023-02-15 11:05:43,20,25,1485,4858
2023-02-15 11:05:45,21,25,1485,4858
2023-02-15 11:05:48,20,25,1485,4858
2023-02-15 11:05:51,20,26,1485,4858
2023-02-15 11:05:51,21,26,1485,4858
2023-02-15 11:06:14,23,26,1485,4858
2023-02-15 11:06:16,23,26,1510,4883
2023-02-15 11:06:19,23,27,1510,4883
2023-02-15 11:06:20,23,25,1510,4883
2023-02-15 11:06:44,23,27,1837,5210
2023-02-15 11:06:47,23,29,1837,5210
2023-02-15 11:06:49,25,29,1837,5210
2023-02-15 11:06:49,25,30,1837,5210
2023-02-15 11:07:47,23,30,1837,5210
2023-02-15 11:07:47,24,30,1837,5210
2023-02-15 11:07:48,26,30,1837,5210
2023-02-15 11:08:19,26,31,1837,5210
2023-02-15 11:08:19,26,29,1837,5210
2023-02-15 11:08:48,24,29,1837,5210
2023-02-15 11:08:49,23,29,1837,5210
2023-02-15 11:08:50,25,29,1837,5210
2023-02-15 11:08:56,25,28,1837,5210
2023-02-15 11:09:13,25,29,1837,5210
2023-02-15 11:09:30,25,28,1837,5210
2023-02-15 11:09:34,25,29,1837,5210
2023-02-15 11:09:36,25,28,1837,5210
2023-02-15 11:09:44,25,29,1837,5210
2023-02-15 11:09:46,25,28,1837,5210
2023-02-15 11:10:01,25,29,1837,5210
2023-02-15 11:10:24,22,29,1837,5210
2023-02-15 11:10:24,24,29,1837,5210
2023-02-15 11:10:40,24,28,1837,5210
2023-02-15 11:10:48,22,28,1837,5210
2023-02-15 11:10:50,23,28,1837,5210
2023-02-15 11:10:50,25,28,1837,5210
2023-02-15 11:11:15,25,29,1837,5210
2023-02-15 11:11:19,24,29,1837,5210
2023-02-15 11:11:47,24,28,1837,5210
2023-02-15 11:11:49,24,29,1837,5210
2023-02-15 11:11:49,24,28,1837,5210
2023-02-15 11:11:50,23,28,1837,5210
2023-02-15 11:11:50,25,28,1837,5210
2023-02-15 11:11:54,25,29,1837,5210
2023-02-15 11:12:19,24,29,1837,5210
2023-02-15 11:12:49,26,29,1837,5210
2023-02-15 11:13:24,26,28,1837,5210
2023-02-15 11:13:27,26,29,1837,5210
2023-02-15 11:13:31,26,28,1837,5210
2023-02-15 11:13:39,26,28,1817,5230
2023-02-15 11:13:48,24,28,1817,5230
2023-02-15 11:14:48,25,28,1817,5230
2023-02-15 11:15:45,25,30,1817,5230
2023-02-15 11:15:45,26,30,1817,5230
2023-02-15 11:16:58,26,29,1817,5230
2023-02-15 11:17:10,26,28,1817,5230
2023-02-15 11:17:18,25,28,1817,5230
2023-02-15 11:17:28,25,27,1817,5230
2023-02-15 11:17:35,25,26,1817,5230
2023-02-15 11:17:40,25,27,1817,5230
2023-02-15 11:17:41,25,26,1817,5230
2023-02-15 11:17:42,25,27,1817,5230
2023-02-15 11:17:43,25,26,1817,5230
2023-02-15 11:17:51,24,26,1817,5230
2023-02-15 11:17:56,24,25,1817,5230
2023-02-15 11:17:59,24,25,1484,5563
2023-02-15 11:18:02,22,25,1458,5589
2023-02-15 11:18:04,22,26,1458,5589
2023-02-15 11:18:05,22,25,1458,5589
2023-02-15 11:18:17,20,25,1458,5589
2023-02-15 11:18:28,22,25,1458,5589
2023-02-15 11:18:43,20,25,1458,5589
2023-02-15 11:18:46,22,25,1458,5589
2023-02-15 11:18:48,22,26,1458,5589
2023-02-15 11:19:10,21,26,1458,5589
2023-02-15 11:19:10,21,25,1458,5589
2023-02-15 11:19:12,21,26,1458,5589
2023-02-15 11:19:12,22,26,1458,5589
2023-02-15 11:19:24,22,25,1458,5589
2023-02-15 11:19:24,21,25,1458,5589
2023-02-15 11:19:48,22,25,1458,5589
2023-02-15 11:19:49,22,26,1458,5589
2023-02-15 11:21:02,24,26,1458,5589
2023-02-15 11:21:04,22,26,1458,5589
2023-02-15 11:21:27,24,26,1458,5589
2023-02-15 11:22:05,24,28,1458,5589
2023-02-15 11:22:25,24,27,1458,5589
2023-02-15 11:22:25,23,27,1458,5589
2023-02-15 11:22:33,23,28,1458,5589
2023-02-15 11:22:35,23,28,1458,5589
2023-02-15 11:22:35,23,27,1458,5589
2023-02-15 11:22:36,24,27,1458,5589
2023-02-15 11:22:37,24,28,1458,5589
2023-02-15 11:22:51,24,27,1458,5589
2023-02-15 11:22:51,22,27,1458,5589
2023-02-15 11:23:19,24,27,1458,5589
2023-02-15 11:23:47,24,28,1458,5589
2023-02-15 11:23:51,24,27,1458,5589
2023-02-15 11:23:51,23,27,1458,5589
2023-02-15 11:23:55,24,27,1458,5589
2023-02-15 11:23:55,24,28,1458,5589
2023-02-15 11:23:57,23,28,1458,5589
2023-02-15 11:24:24,23,26,1458,5589
2023-02-15 11:24:30,23,27,1458,5589
2023-02-15 11:24:41,24,27,1458,5589
2023-02-15 11:25:21,24,28,1458,5589
2023-02-15 11:25:28,23,28,1458,5589
2023-02-15 11:25:29,23,27,1458,5589
2023-02-15 11:25:45,24,27,1458,5589
2023-02-15 11:25:45,24,28,1458,5589
2023-02-15 11:26:34,26,28,1458,5589
2023-02-15 11:26:48,26,29,1458,5589
2023-02-15 11:27:13,28,29,1458,5589
2023-02-15 11:27:23,28,30,1458,5589
2023-02-15 11:27:50,28,32,1458,5589
2023-02-15 11:28:11,26,32,1458,5589
2023-02-15 11:28:11,26,31,1458,5589
2023-02-15 11:28:35,28,31,1458,5589
2023-02-15 11:28:36,26,31,1458,5589
2023-02-15 11:28:41,28,31,1458,5589
2023-02-15 11:29:15,30,31,1458,5589
2023-02-15 11:29:40,30,31,1478,5609
2023-02-15 11:29:48,30,33,1478,5609
2023-02-15 11:29:52,29,33,1478,5609
2023-02-15 11:30:03,30,33,1478,5609
2023-02-15 11:30:27,30,36,1478,5609
2023-02-15 11:30:28,30,34,1478,5609
2023-02-15 11:30:48,29,34,1478,5609
2023-02-15 11:31:05,29,33,1478,5609
2023-02-15 11:31:14,29,31,1478,5609
2023-02-15 11:31:18,27,31,1478,5609
2023-02-15 11:31:28,27,30,1478,5609
2023-02-15 11:31:50,25,30,1478,5609
2023-02-15 11:32:25,25,31,1478,5609
2023-02-15 11:32:40,26,31,1478,5609
2023-02-15 11:33:17,25,31,1478,5609
2023-02-15 11:33:18,26,31,1478,5609
2023-02-15 11:33:49,22,31,1478,5609
2023-02-15 11:33:49,25,31,1478,5609
2023-02-15 11:33:49,26,31,1478,5609
2023-02-15 11:33:49,26,33,1478,5609
2023-02-15 11:33:50,26,32,1478,5609
2023-02-15 11:33:50,26,30,1478,5609
2023-02-15 11:34:02,29,30,1478,5609
2023-02-15 11:34:19,29,31,1478,5609
2023-02-15 11:35:50,29,30,1478,5609
2023-02-15 11:36:17,29,33,1478,5609
2023-02-15 11:36:18,29,31,1478,5609
2023-02-15 11:36:47,29,33,1478,5609
2023-02-15 11:36:48,29,32,1478,5609
2023-02-15 11:37:12,32,33,1884,6015
2023-02-15 11:37:17,32,34,1884,6015
2023-02-15 11:37:19,32,34,1921,6052
2023-02-15 11:37:50,32,33,1921,6052
2023-02-15 11:38:13,28,33,1921,6052
2023-02-15 11:38:18,28,34,1921,6052
2023-02-15 11:38:19,29,34,1921,6052
2023-02-15 11:38:23,30,34,1921,6052
2023-02-15 11:39:06,34,35,2261,6392
2023-02-15 11:39:08,34,36,2261,6392
2023-02-15 11:41:21,34,37,2261,6392
2023-02-15 11:41:49,34,39,2261,6392
2023-02-15 11:41:49,34,38,2261,6392
2023-02-15 11:42:19,32,38,2261,6392
2023-02-15 11:42:22,33,38,2261,6392
2023-02-15 11:42:35,38,39,2557,6688
2023-02-15 11:42:49,38,40,2557,6688
2023-02-15 11:43:17,38,42,2557,6688
2023-02-15 11:43:17,38,41,2557,6688
2023-02-15 11:44:38,38,41,2557,7021
2023-02-15 11:45:21,38,42,2557,7021
2023-02-15 11:45:47,36,42,2557,7021
2023-02-15 11:45:48,37,42,2557,7021
2023-02-15 11:46:19,37,42,2556,7022
2023-02-15 11:46:22,36,42,2556,7022
2023-02-15 11:46:36,36,41,2556,7022
2023-02-15 11:46:40,36,41,2516,7062
2023-02-15 11:46:41,36,42,2516,7062
2023-02-15 11:47:45,36,41,2516,7062
2023-02-15 11:47:52,36,42,2516,7062
2023-02-15 11:48:20,36,41,2516,7062
2023-02-15 11:48:20,37,41,2516,7062
2023-02-15 11:48:28,41,43,2832,7378
2023-02-15 11:48:48,41,45,2832,7378
2023-02-15 11:48:49,41,44,2832,7378
2023-02-15 11:49:33,39,44,2832,7378
2023-02-15 11:49:48,37,44,2832,7378
2023-02-15 11:49:48,38,44,2832,7378
2023-02-15 11:50:56,38,43,2832,7378
2023-02-15 11:50:56,39,43,2832,7378
2023-02-15 11:51:19,37,43,2832,7378
2023-02-15 11:51:21,38,43,2832,7378
2023-02-15 11:52:08,38,43,2831,7379
2023-02-15 11:52:17,39,43,2831,7379
2023-02-15 11:52:49,37,43,2831,7379
2023-02-15 11:52:51,38,43,2831,7379
2023-02-15 11:53:16,38,44,2831,7379
2023-02-15 11:53:18,37,44,2831,7379
2023-02-15 11:53:18,39,44,2831,7379
2023-02-15 11:54:19,37,44,2831,7379
2023-02-15 11:54:19,39,44,2831,7379
2023-02-15 11:54:53,38,44,2831,7379
2023-02-15 11:55:50,39,44,2831,7379
2023-02-15 11:55:51,39,45,2831,7379
2023-02-15 11:57:22,39,44,2831,7379
2023-02-15 11:57:23,39,45,2831,7379
2023-02-15 11:57:23,39,44,2831,7379
2023-02-15 11:57:46,39,43,2831,7379
2023-02-15 11:57:48,37,43,2831,7379
2023-02-15 11:57:49,38,43,2831,7379
2023-02-15 11:58:48,38,42,2831,7379
2023-02-15 11:58:49,37,42,2831,7379
2023-02-15 11:59:22,37,42,2498,7712
2023-02-15 11:59:24,35,42,2498,7712
2023-02-15 11:59:24,35,41,2498,7712
2023-02-15 11:59:25,36,41,2498,7712
2023-02-15 12:00:27,35,41,2498,7712
2023-02-15 12:00:27,35,39,2498,7712
2023-02-15 12:00:51,35,41,2498,7712
2023-02-15 12:00:52,35,40,2498,7712
2023-02-15 12:01:49,35,41,2498,7712
2023-02-15 12:01:50,35,39,2498,7712
2023-02-15 12:02:00,33,39,2498,7712
2023-02-15 12:02:50,33,40,2498,7712
2023-02-15 12:02:51,33,38,2498,7712
2023-02-15 12:03:00,35,38,2498,7712
2023-02-15 12:03:18,35,40,2498,7712
2023-02-15 12:03:20,35,39,2498,7712
2023-02-15 12:04:01,34,39,2498,7712
2023-02-15 12:04:19,33,39,2498,7712
2023-02-15 12:05:25,33,38,2498,7712
2023-02-15 12:05:55,33,40,2498,7712
2023-02-15 12:05:55,33,39,2498,7712
2023-02-15 12:06:19,33,38,2498,7712
2023-02-15 12:06:34,33,36,2498,7712
2023-02-15 12:06:37,33,35,2498,7712
2023-02-15 12:06:37,33,34,2498,7712
2023-02-15 12:06:40,33,34,2473,7737
2023-02-15 12:06:40,33,36,2473,7737
2023-02-15 12:06:42,33,36,2473,7837
2023-02-15 12:06:42,33,34,2473,7837
2023-02-15 12:06:45,33,34,2473,7937
2023-02-15 12:06:49,31,34,2473,7937
2023-02-15 12:06:49,31,33,2473,7937
2023-02-15 12:06:49,32,33,2473,7937
2023-02-15 12:07:05,32,36,2473,7937
2023-02-15 12:07:21,32,34,2473,7937
2023-02-15 12:07:22,31,34,2473,7937
2023-02-15 12:07:50,31,36,2473,7937
2023-02-15 12:07:51,31,33,2473,7937
2023-02-15 12:08:20,31,32,2473,7937
2023-02-15 12:08:50,31,33,2473,7937
2023-02-15 12:09:19,31,35,2473,7937
2023-02-15 12:09:19,31,34,2473,7937
2023-02-15 12:09:48,31,33,2473,7937
2023-02-15 12:10:27,31,37,2473,7937
2023-02-15 12:10:28,31,34,2473,7937
2023-02-15 12:10:48,31,37,2473,7937
2023-02-15 12:10:48,31,33,2473,7937
2023-02-15 12:11:13,31,33,2498,7962
2023-02-15 12:11:18,31,34,2498,7962
2023-02-15 12:11:47,31,35,2498,7962
2023-02-15 12:11:55,31,34,2498,7962
2023-02-15 12:12:09,31,35,2498,7962
2023-02-15 12:12:23,31,33,2498,7962
2023-02-15 12:12:49,31,34,2498,7962
2023-02-15 12:15:21,31,36,2498,7962
2023-02-15 12:15:22,31,34,2498,7962
2023-02-15 12:15:27,31,34,2498,8062
2023-02-15 12:15:50,31,33,2498,8062
2023-02-15 12:16:19,31,35,2498,8062
2023-02-15 12:16:19,31,34,2498,8062
2023-02-15 12:17:17,31,35,2498,8062
2023-02-15 12:18:51,31,36,2498,8062
2023-02-15 12:20:10,30,36,2498,8062
2023-02-15 12:20:21,30,35,2498,8062
2023-02-15 12:20:24,30,36,2498,8062
2023-02-15 12:20:50,29,36,2498,8062
2023-02-15 12:20:51,29,34,2498,8062
2023-02-15 12:21:16,31,34,2498,8062
2023-02-15 12:21:53,31,36,2498,8062
2023-02-15 12:21:53,31,35,2498,8062
2023-02-15 12:22:49,30,35,2498,8062
2023-02-15 12:23:07,30,34,2498,8062
2023-02-15 12:23:20,29,34,2498,8062
2023-02-15 12:23:48,29,36,2498,8062
2023-02-15 12:23:49,29,33,2498,8062
2023-02-15 12:24:21,29,34,2498,8062
2023-02-15 12:24:52,29,33,2498,8062
2023-02-15 12:25:20,29,34,2498,8062
2023-02-15 12:25:50,29,33,2498,8062
2023-02-15 12:26:10,29,35,2498,8062
2023-02-15 12:26:22,29,33,2498,8062
2023-02-15 12:26:51,29,35,2498,8062
2023-02-15 12:26:51,29,34,2498,8062
2023-02-15 12:27:08,31,34,2498,8062
2023-02-15 12:27:21,31,36,2498,8062
2023-02-15 12:27:21,31,37,2498,8062
2023-02-15 12:27:22,31,35,2498,8062
2023-02-15 12:27:50,31,37,2498,8062
2023-02-15 12:27:51,31,36,2498,8062
2023-02-15 12:27:59,35,36,2498,8062
2023-02-15 12:29:20,30,35,2670,8234
2023-02-15 12:29:39,30,34,2670,8234
2023-02-15 12:29:40,30,35,2670,8234
2023-02-15 12:29:40,30,33,2670,8234
2023-02-15 12:29:50,28,33,2670,8234
2023-02-15 12:29:50,27,33,2670,8234
2023-02-15 12:29:50,29,33,2670,8234
2023-02-15 12:30:25,27,33,2670,8234
2023-02-15 12:30:26,28,33,2670,8234
2023-02-15 12:30:35,28,32,2670,8234
2023-02-15 12:30:44,28,33,2670,8234
2023-02-15 12:30:46,28,32,2670,8234
2023-02-15 12:30:55,28,33,2670,8234
2023-02-15 12:31:20,27,33,2670,8234
2023-02-15 12:31:47,27,32,2670,8234
2023-02-15 12:31:50,25,32,2670,8234
2023-02-15 12:31:50,28,32,2670,8234
2023-02-15 12:32:01,28,33,2670,8234
2023-02-15 12:32:02,28,32,2670,8234
2023-02-15 12:32:07,28,33,2670,8234
2023-02-15 12:32:17,28,32,2670,8234
2023-02-15 12:32:17,27,32,2670,8234
2023-02-15 12:32:46,27,33,2670,8234
2023-02-15 12:32:46,28,33,2670,8234
2023-02-15 12:34:14,28,34,2670,8234
2023-02-15 12:34:18,28,35,2670,8234
2023-02-15 12:34:19,28,33,2670,8234
2023-02-15 12:34:29,29,33,2670,8234
2023-02-15 12:34:49,29,35,2670,8234
2023-02-15 12:35:06,31,35,2670,8234
2023-02-15 12:35:21,31,36,2670,8234
2023-02-15 12:36:49,31,37,2670,8234
2023-02-15 12:36:49,33,37,2670,8234
2023-02-15 12:37:18,33,40,2670,8234
2023-02-15 12:37:18,33,38,2670,8234
2023-02-15 12:37:19,33,35,2670,8234
2023-02-15 12:37:21,33,34,2670,8234
2023-02-15 12:37:23,33,35,2670,8234
2023-02-15 12:37:25,33,34,2670,8234
2023-02-15 12:37:26,33,34,2645,8259
2023-02-15 12:37:26,33,35,2645,8259
2023-02-15 12:37:27,33,35,2645,8359
2023-02-15 12:37:31,33,35,2645,8384
2023-02-15 12:37:32,33,36,2645,8384
2023-02-15 12:37:34,33,37,2645,8384
2023-02-15 12:37:35,33,38,2645,8384
2023-02-15 12:37:48,33,37,2645,8384
2023-02-15 12:37:49,31,37,2670,8434
2023-02-15 12:37:49,31,36,2670,8434
2023-02-15 12:37:49,31,35,2670,8434
2023-02-15 12:37:50,31,33,2670,8434
2023-02-15 12:37:50,29,33,2670,8434
2023-02-15 12:38:00,28,33,2670,8434
2023-02-15 12:38:02,27,33,2670,8434
2023-02-15 12:38:03,26,33,2670,8434
2023-02-15 12:38:03,26,32,2670,8434
2023-02-15 12:38:04,26,33,2670,8434
2023-02-15 12:38:05,26,32,2670,8434
2023-02-15 12:38:07,26,33,2670,8434
2023-02-15 12:38:08,27,33,2670,8434
2023-02-15 12:38:18,29,33,2670,8434
2023-02-15 12:38:28,29,32,2670,8434
2023-02-15 12:38:30,29,33,2670,8434
2023-02-15 12:38:47,29,31,2670,8434
2023-02-15 12:38:47,27,31,2670,8434
2023-02-15 12:39:03,26,31,2670,8434
2023-02-15 12:39:07,27,31,2670,8434
2023-02-15 12:39:19,27,33,2670,8434
2023-02-15 12:39:20,27,32,2670,8434
2023-02-15 12:39:45,28,32,2670,8434
2023-02-15 12:39:48,28,31,2670,8434
2023-02-15 12:39:52,29,31,2670,8434
2023-02-15 12:40:00,29,33,2867,8631
2023-02-15 12:40:03,30,33,2867,8631
2023-02-15 12:40:24,31,33,2867,8631
2023-02-15 12:40:27,31,34,2867,8631
2023-02-15 12:40:53,31,36,2867,8631
2023-02-15 12:41:30,32,36,2867,8631
2023-02-15 12:43:09,33,36,2867,8631
2023-02-15 12:43:13,35,36,2867,8631
2023-02-15 12:43:31,35,36,3200,8964
2023-02-15 12:43:43,31,36,3200,8964
2023-02-15 12:43:44,33,38,3200,8969
2023-02-15 12:43:47,33,40,3200,8969
2023-02-15 12:43:48,35,40,3200,8969
2023-02-15 12:44:19,33,40,3200,8969
2023-02-15 12:44:19,33,39,3200,8969
2023-02-15 12:44:19,34,39,3200,8969
2023-02-15 12:44:36,35,39,3200,8969
2023-02-15 12:46:02,34,39,3200,8969
2023-02-15 12:46:17,33,39,3200,8969
2023-02-15 12:47:21,33,38,3200,8969
2023-02-15 12:47:25,33,39,3200,8969
2023-02-15 12:47:39,33,38,3200,8969
2023-02-15 12:47:40,33,39,3200,8969
2023-02-15 12:47:49,33,37,3200,8969
2023-02-15 12:48:21,33,38,3200,8969
2023-02-15 12:48:46,33,39,3200,8969
2023-02-15 12:48:46,33,37,3200,8969
2023-02-15 12:49:48,33,40,3200,8969
2023-02-15 12:49:49,33,38,3200,8969
2023-02-15 12:50:23,33,39,3200,8969
2023-02-15 12:50:43,35,39,3200,8969
2023-02-15 12:51:22,33,39,3200,8969
2023-02-15 12:51:47,33,40,3200,8969
2023-02-15 12:51:47,33,38,3200,8969
2023-02-15 12:52:18,33,40,3200,8969
2023-02-15 12:52:18,33,39,3200,8969
2023-02-15 12:52:18,35,39,3200,8969
2023-02-15 12:53:50,35,40,3200,8969
2023-02-15 12:54:10,37,40,3200,8969
2023-02-15 12:54:46,37,43,3200,8969
2023-02-15 12:54:46,37,41,3200,8969
2023-02-15 12:55:33,35,41,3200,8969
2023-02-15 12:55:47,35,40,3200,8969
2023-02-15 12:56:04,35,39,3200,8969
2023-02-15 12:56:18,33,39,3200,8969
2023-02-15 12:56:18,33,38,3200,8969
2023-02-15 12:56:49,33,39,3200,8969
2023-02-15 12:56:49,33,37,3200,8969
2023-02-15 12:58:08,32,37,3200,8969
2023-02-15 12:58:08,35,37,3200,8969
2023-02-15 12:58:18,35,38,3200,8969
2023-02-15 12:58:45,33,38,3200,8969
2023-02-15 12:59:19,32,38,3200,8969
2023-02-15 12:59:38,32,37,3200,8969
2023-02-15 12:59:43,32,38,3200,8969
2023-02-15 12:59:44,32,36,3200,8969
2023-02-15 12:59:48,30,36,3200,8969
2023-02-15 12:59:48,29,36,3200,8969
2023-02-15 12:59:49,31,36,3200,8969
2023-02-15 13:00:16,34,36,3200,8969
2023-02-15 13:00:25,34,38,3200,8969
2023-02-15 13:00:25,34,35,3200,8969
2023-02-15 13:00:49,34,39,3200,8969
2023-02-15 13:00:49,34,40,3200,8969
2023-02-15 13:00:51,34,38,3200,8969
2023-02-15 13:00:59,33,38,3200,8969
2023-02-15 13:01:10,34,38,3200,8969
2023-02-15 13:01:11,34,38,3270,9039
2023-02-15 13:02:22,34,41,3270,9039
2023-02-15 13:02:23,34,39,3270,9039
2023-02-15 13:03:17,34,40,3270,9039
2023-02-15 13:03:18,34,39,3270,9039
2023-02-15 13:03:49,34,40,3270,9039
2023-02-15 13:03:49,34,38,3270,9039
2023-02-15 13:04:13,33,38,3270,9039
2023-02-15 13:04:34,33,37,3270,9039
2023-02-15 13:04:49,31,37,3270,9039
2023-02-15 13:05:12,31,36,3270,9039
2023-02-15 13:05:16,31,35,3270,9039
2023-02-15 13:05:42,31,34,3270,9039
2023-02-15 13:05:46,31,36,3270,9039
2023-02-15 13:05:46,31,33,3270,9039
2023-02-15 13:05:50,29,33,3270,9039
2023-02-15 13:06:00,29,34,3270,9039
2023-02-15 13:06:18,29,33,3270,9039
2023-02-15 13:06:18,28,33,3270,9039
2023-02-15 13:06:46,29,33,3270,9039
2023-02-15 13:07:19,27,33,3270,9039
2023-02-15 13:07:52,28,33,3270,9039
2023-02-15 13:08:19,28,34,3270,9039
2023-02-15 13:08:49,29,34,3270,9039
2023-02-15 13:08:51,30,34,3270,9039
2023-02-15 13:09:19,30,36,3270,9039
2023-02-15 13:09:22,32,36,3270,9039
2023-02-15 13:09:50,32,37,3270,9039
2023-02-15 13:10:02,34,37,3270,9039
2023-02-15 13:10:11,32,37,3270,9039
2023-02-15 13:10:11,36,37,3270,9039
2023-02-15 13:10:24,36,39,3270,9039
2023-02-15 13:10:38,36,41,3270,9397
2023-02-15 13:10:49,36,43,3270,9397
2023-02-15 13:10:49,36,42,3270,9397
2023-02-15 13:10:49,37,42,3270,9397
2023-02-15 13:11:17,37,43,3270,9397
2023-02-15 13:11:49,38,43,3270,9397
2023-02-15 13:12:59,38,44,3270,9397
2023-02-15 13:13:49,38,45,3270,9397
2023-02-15 13:13:50,40,45,3270,9397
2023-02-15 13:14:49,39,45,3270,9397
2023-02-15 13:16:02,40,45,3270,9397
2023-02-15 13:16:26,40,44,3270,9397
2023-02-15 13:16:41,38,44,2976,9691
2023-02-15 13:16:49,39,44,2976,9691
2023-02-15 13:17:48,39,42,2976,9691
2023-02-15 13:17:48,38,42,2976,9691
2023-02-15 13:18:18,38,44,2976,9691
2023-02-15 13:18:18,38,43,2976,9691
2023-02-15 13:18:28,37,43,2976,9691
2023-02-15 13:18:28,40,43,2976,9691
2023-02-15 13:18:47,40,46,2976,9691
2023-02-15 13:18:48,40,44,2976,9691
2023-02-15 13:19:02,39,44,2976,9691
2023-02-15 13:19:35,40,44,2976,9691
2023-02-15 13:19:48,40,46,2976,9691
2023-02-15 13:19:48,40,44,2976,9691
2023-02-15 13:20:27,40,45,2976,9691
2023-02-15 13:20:48,40,46,2976,9691
2023-02-15 13:21:17,40,47,2976,9691
2023-02-15 13:21:18,40,45,2976,9691
2023-02-15 13:21:22,42,45,2976,9691
2023-02-15 13:21:48,42,49,2976,9691
2023-02-15 13:21:49,42,46,2976,9691
2023-02-15 13:23:38,40,46,2976,9691
2023-02-15 13:23:48,40,47,2976,9691
2023-02-15 13:23:48,40,45,2976,9691
2023-02-15 13:24:15,42,45,2976,9691
2023-02-15 13:24:50,42,47,2976,9691
2023-02-15 13:24:51,42,46,2976,9691
2023-02-15 13:26:46,42,47,2976,9691
2023-02-15 13:26:54,41,47,2976,9691
2023-02-15 13:26:54,44,47,2976,9691
2023-02-15 13:29:17,44,49,2976,9691
2023-02-15 13:29:17,44,48,2976,9691
2023-02-15 13:29:49,44,47,2976,9691
2023-02-15 13:30:01,46,47,2976,9691
2023-02-15 13:30:27,46,49,2976,9691
2023-02-15 13:30:50,46,51,2976,9691
2023-02-15 13:30:50,46,52,2976,9691
2023-02-15 13:30:51,46,50,2976,9691
2023-02-15 13:32:08,44,50,2976,9691
2023-02-15 13:32:18,44,49,2976,9691
2023-02-15 13:32:48,42,49,2976,9691
2023-02-15 13:32:48,42,48,2976,9691
2023-02-15 13:32:58,42,47,2976,9691
2023-02-15 13:33:06,42,48,2976,9691
2023-02-15 13:33:18,42,46,2976,9691
2023-02-15 13:33:49,42,48,2976,9691
2023-02-15 13:33:49,42,47,2976,9691
2023-02-15 13:34:02,41,47,2976,9691
2023-02-15 13:34:02,44,47,2976,9691
2023-02-15 13:35:20,44,49,2976,9691
2023-02-15 13:35:21,44,51,2976,9691
2023-02-15 13:35:22,44,49,2976,9691
2023-02-15 13:35:48,44,48,2976,9691
2023-02-15 13:36:21,44,50,2976,9691
2023-02-15 13:36:22,44,51,2976,9691
2023-02-15 13:36:22,44,49,2976,9691
2023-02-15 13:36:49,44,51,2976,9691
2023-02-15 13:36:50,44,52,2976,9691
2023-02-15 13:36:50,44,48,2976,9691
2023-02-15 13:37:19,42,48,2976,9691
2023-02-15 13:37:19,40,48,2976,9691
2023-02-15 13:37:19,46,48,2976,9691
2023-02-15 13:37:21,46,49,2976,9691
2023-02-15 13:37:48,46,50,2976,9691
2023-02-15 13:38:52,48,50,2976,9691
2023-02-15 13:39:22,48,51,2976,9691
2023-02-15 13:39:40,46,51,2976,9691
2023-02-15 13:40:11,45,51,2976,9691
2023-02-15 13:40:11,48,51,2976,9691
2023-02-15 13:40:25,48,53,2976,9691
2023-02-15 13:40:26,48,50,2976,9691
2023-02-15 13:40:50,48,51,2976,9691
2023-02-15 13:41:21,51,53,3323,10038
2023-02-15 13:41:48,51,54,3323,10038
2023-02-15 13:41:48,51,52,3323,10038
2023-02-15 13:42:19,51,53,3323,10038
2023-02-15 13:43:19,51,55,3323,10038
2023-02-15 13:43:19,51,54,3323,10038
2023-02-15 13:43:51,52,54,3323,10038
2023-02-15 13:44:23,52,56,3323,10038
2023-02-15 13:44:28,53,56,3323,10038
2023-02-15 13:45:23,53,58,3323,10038
2023-02-15 13:45:23,53,57,3323,10038
2023-02-15 13:45:23,53,55,3323,10038
2023-02-15 13:45:27,52,55,3323,10038
2023-02-15 13:45:48,52,57,3323,10038
2023-02-15 13:45:50,52,56,3323,10038
2023-02-15 13:45:51,54,56,3323,10038
2023-02-15 13:47:06,52,56,3323,10038
2023-02-15 13:47:22,53,56,3323,10038
2023-02-15 13:47:48,53,57,3323,10038
2023-02-15 13:47:48,53,55,3323,10038
2023-02-15 13:48:48,53,57,3323,10038
2023-02-15 13:48:49,53,58,3323,10038
2023-02-15 13:48:49,53,56,3323,10038
2023-02-15 13:48:49,53,54,3323,10038
2023-02-15 13:49:34,53,54,3325,10040
2023-02-15 13:50:39,54,56,3541,10256
2023-02-15 13:50:47,53,56,3541,10256
2023-02-15 13:51:20,53,54,3541,10256
2023-02-15 13:51:47,54,56,3804,10519
2023-02-15 13:51:48,54,55,3804,10519
2023-02-15 13:52:31,53,55,3804,10519
2023-02-15 13:52:47,53,56,3804,10519
2023-02-15 13:53:38,54,56,3804,10519
2023-02-15 13:54:18,54,58,3804,10519
2023-02-15 13:54:18,54,59,3804,10519
2023-02-15 13:54:18,54,57,3804,10519
2023-02-15 13:54:23,56,57,3804,10519
2023-02-15 13:54:51,56,58,3804,10519
2023-02-15 13:55:36,54,58,3804,10519
2023-02-15 13:59:48,54,60,3804,10519
2023-02-15 13:59:49,54,59,3804,10519
2023-02-15 13:59:58,59,60,4101,10816
2023-02-15 14:00:02,59,61,4101,10816
2023-02-15 14:00:24,59,62,4101,10816
2023-02-15 14:00:25,59,60,4101,10816
2023-02-15 14:00:29,59,60,4101,11149
2023-02-15 14:00:44,59,60,4101,11482
2023-02-15 14:01:13,55,60,4101,11482
2023-02-15 14:01:22,55,61,4101,11482
2023-02-15 14:01:38,57,61,4101,11482
2023-02-15 14:02:21,57,60,4101,11482
2023-02-15 14:02:50,57,62,4101,11482
2023-02-15 14:02:50,57,61,4101,11482
2023-02-15 14:03:02,59,61,4101,11482
2023-02-15 14:03:57,57,61,4101,11482
2023-02-15 14:04:27,56,61,4101,11482
2023-02-15 14:05:21,56,63,4101,11482
2023-02-15 14:05:22,56,62,4101,11482
2023-02-15 14:05:22,56,60,4101,11482
2023-02-15 14:06:08,59,60,4101,11482
2023-02-15 14:06:15,59,60,4312,11693
2023-02-15 14:06:19,56,60,4312,11693
2023-02-15 14:06:48,56,61,4312,11693
2023-02-15 14:07:13,58,61,4312,11693
2023-02-15 14:07:45,58,62,4312,11693
2023-02-15 14:08:20,58,60,4312,11693
2023-02-15 14:08:47,58,62,4312,11693
2023-02-15 14:08:47,58,64,4312,11693
2023-02-15 14:08:48,58,63,4312,11693
2023-02-15 14:08:48,58,61,4312,11693
2023-02-15 14:09:19,58,64,4312,11693
2023-02-15 14:09:19,58,60,4312,11693
2023-02-15 14:09:44,58,60,4328,11709
2023-02-15 14:09:48,58,59,4328,11709
2023-02-15 14:10:24,52,57,4378,11759
2023-02-15 14:10:47,52,59,4378,11759
2023-02-15 14:10:48,52,61,4378,11759
2023-02-15 14:10:48,52,60,4378,11759
2023-02-15 14:10:48,52,58,4378,11759
2023-02-15 14:11:20,53,58,4378,11759
2023-02-15 14:11:49,0,58,4378,11759
2023-02-15 14:11:50,50,58,4378,11759
2023-02-15 14:11:50,52,58,4378,11759
2023-02-15 14:12:48,48,58,4378,11759
2023-02-15 14:12:48,51,58,4378,11759
2023-02-15 14:12:50,53,58,4378,11759
2023-02-15 14:13:19,51,58,4378,11759
2023-02-15 14:13:20,52,58,4378,11759
2023-02-15 14:14:17,50,58,4378,11759
2023-02-15 14:14:17,49,58,4378,11759
2023-02-15 14:14:17,53,58,4378,11759
2023-02-15 14:14:49,53,60,4378,11759
2023-02-15 14:14:49,53,61,4378,11759
2023-02-15 14:14:49,49,61,4378,11759
2023-02-15 14:14:50,50,61,4378,11759
2023-02-15 14:14:50,50,57,4378,11759
2023-02-15 14:14:51,52,57,4378,11759
2023-02-15 14:15:48,50,57,4378,11759
2023-02-15 14:15:49,48,57,4378,11759
2023-02-15 14:15:49,51,57,4378,11759
2023-02-15 14:16:21,30,57,4378,11759
2023-02-15 14:16:21,48,57,4378,11759
2023-02-15 14:16:22,52,57,4378,11759
2023-02-15 14:17:18,52,61,4378,11759
2023-02-15 14:17:18,52,60,4378,11759
2023-02-15 14:17:18,54,60,4378,11759
2023-02-15 14:17:48,54,59,4378,11759
2023-02-15 14:17:48,50,59,4378,11759
2023-02-15 14:17:48,51,59,4378,11759
2023-02-15 14:17:48,53,59,4378,11759
2023-02-15 14:18:18,53,61,4378,11759
2023-02-15 14:18:18,53,60,4378,11759
2023-02-15 14:18:18,55,60,4378,11759
2023-02-15 14:19:17,53,60,4378,11759
2023-02-15 14:19:17,54,60,4378,11759
2023-02-15 14:19:17,54,62,4378,11759
2023-02-15 14:19:17,56,62,4378,11759
2023-02-15 14:19:17,56,61,4378,11759
2023-02-15 14:21:49,55,61,4378,11759
2023-02-15 14:22:17,51,61,4378,11759
2023-02-15 14:22:17,56,61,4378,11759
2023-02-15 14:22:48,53,61,4378,11759
2023-02-15 14:22:49,55,61,4378,11759
2023-02-15 14:23:21,55,63,4378,11759
2023-02-15 14:23:21,56,63,4378,11759
2023-02-15 14:23:21,56,62,4378,11759
2023-02-15 14:26:18,54,62,4378,11759
2023-02-15 14:26:18,57,62,4378,11759
2023-02-15 14:26:48,57,63,4378,11759
2023-02-15 14:27:53,57,63,4401,11782
2023-02-15 14:28:47,55,63,4401,11782
2023-02-15 14:28:47,53,63,4401,11782
2023-02-15 14:28:47,56,63,4401,11782
2023-02-15 14:28:47,58,63,4401,11782
2023-02-15 14:30:11,58,62,4401,11782
2023-02-15 14:30:12,58,63,4401,11782
2023-02-15 14:30:26,56,63,4401,11782
2023-02-15 14:30:26,57,63,4401,11782
2023-02-15 14:30:51,57,62,4401,11782
2023-02-15 14:31:17,55,62,4401,11782
2023-02-15 14:31:17,56,62,4401,11782
2023-02-15 14:31:49,56,61,4401,11782
2023-02-15 14:32:20,56,62,4401,11782
2023-02-15 14:32:47,56,61,4401,11782
2023-02-15 14:33:16,56,63,4401,11782
2023-02-15 14:33:16,56,62,4401,11782
2023-02-15 14:33:46,57,62,4401,11782
2023-02-15 14:34:17,55,62,4401,11782
2023-02-15 14:34:18,55,64,4401,11782
2023-02-15 14:34:18,55,63,4401,11782
2023-02-15 14:34:18,58,63,4401,11782
2023-02-15 14:34:47,57,63,4401,11782
2023-02-15 14:36:22,0,63,4401,11782
2023-02-15 14:36:22,54,63,4401,11782
2023-02-15 14:36:22,56,63,4401,11782
2023-02-15 14:36:22,58,63,4401,11782
2023-02-15 14:36:22,58,64,4401,11782
2023-02-15 14:36:49,56,64,4401,11782
2023-02-15 14:36:49,57,64,4401,11782
2023-02-15 14:36:49,59,64,4401,11782
2023-02-15 14:37:17,56,64,4401,11782
2023-02-15 14:37:18,58,64,4401,11782
2023-02-15 14:38:48,58,65,4401,11782
2023-02-15 14:38:49,58,63,4401,11782
2023-02-15 14:39:46,58,65,4401,11782
2023-02-15 14:39:46,58,64,4401,11782
2023-02-15 14:40:51,59,64,4401,11782
2023-02-15 14:41:49,60,64,4401,11782
2023-02-15 14:41:49,60,66,4401,11782
2023-02-15 14:41:49,60,65,4401,11782
2023-02-15 14:42:47,58,65,4401,11782
2023-02-15 14:42:48,59,65,4401,11782
2023-02-15 14:43:17,59,64,4401,11782
2023-02-15 14:44:49,57,64,4401,11782
2023-02-15 14:44:49,58,64,4401,11782
2023-02-15 14:45:48,57,64,4401,11782
2023-02-15 14:45:48,59,64,4401,11782
2023-02-15 14:46:45,57,64,4401,11782
2023-02-15 14:46:46,55,64,4401,11782
2023-02-15 14:46:46,55,63,4401,11782
2023-02-15 14:46:46,0,63,4401,11782
2023-02-15 14:46:46,54,63,4401,11782
2023-02-15 14:46:46,56,63,4401,11782
2023-02-15 14:46:46,58,63,4401,11782
2023-02-15 14:47:46,58,62,4401,11782
2023-02-15 14:47:46,56,62,4401,11782
2023-02-15 14:47:46,57,62,4401,11782
2023-02-15 14:48:19,57,64,4401,11782
2023-02-15 14:48:20,58,64,4401,11782
2023-02-15 14:48:48,58,65,4401,11782
2023-02-15 14:48:48,60,65,4401,11782
2023-02-15 14:49:16,60,67,4401,11782
2023-02-15 14:49:18,59,67,4401,11782
2023-02-15 14:49:18,59,66,4401,11782
2023-02-15 14:49:18,61,66,4401,11782
2023-02-15 14:49:46,61,68,4401,11782
2023-02-15 14:49:47,61,67,4401,11782
2023-02-15 14:50:47,61,68,4401,11782
2023-02-15 14:50:47,62,68,4401,11782
2023-02-15 14:51:25,62,68,4401,11783
2023-02-15 14:51:26,64,68,4401,11783
2023-02-15 14:51:28,66,68,4401,11783
2023-02-15 14:52:18,66,69,4401,11783
2023-02-15 14:54:18,66,70,4401,11783
2023-02-15 14:54:47,66,69,4401,11783
2023-02-15 14:55:18,66,70,4401,11783
2023-02-15 14:58:09,66,68,4401,11783
2023-02-15 14:58:09,65,68,4401,11783
2023-02-15 14:58:52,64,68,4401,11783
2023-02-15 14:59:23,64,66,4401,11783
2023-02-15 14:59:23,63,66,4401,11783
2023-02-15 14:59:49,62,66,4401,11783
2023-02-15 15:00:01,64,66,4401,11783
2023-02-15 15:00:01,64,67,4401,11783
2023-02-15 15:00:22,62,67,4401,11783
2023-02-15 15:00:22,66,67,4401,11783
2023-02-15 15:00:27,66,69,4401,11783
2023-02-15 15:00:28,66,68,4401,11783
2023-02-15 15:00:54,66,70,4401,11783
2023-02-15 15:01:36,66,70,4401,11803
2023-02-15 15:01:36,67,70,4401,11803
2023-02-15 15:02:31,68,70,4401,11803
2023-02-15 15:02:31,68,71,4401,11803
2023-02-15 15:02:48,68,72,4401,11803
2023-02-15 15:02:55,69,72,4401,11803
2023-02-15 15:03:43,68,72,4401,11803
2023-02-15 15:03:50,68,71,4401,11803
2023-02-15 15:04:09,69,71,4401,11803
2023-02-15 15:04:49,69,72,4401,11803
2023-02-15 15:05:20,70,72,4401,11803
2023-02-15 15:05:37,71,72,4401,11803
2023-02-15 15:05:50,71,74,4401,11803
2023-02-15 15:05:50,71,73,4401,11803
2023-02-15 15:06:17,70,71,4421,11823
2023-02-15 15:06:40,70,71,4422,11824
2023-02-15 15:06:41,66,71,4422,11824
2023-02-15 15:07:17,66,75,4422,11824
2023-02-15 15:07:18,66,74,4422,11824
2023-02-15 15:07:18,66,72,4422,11824
2023-02-15 15:07:48,64,72,4422,11824
2023-02-15 15:07:48,65,72,4422,11824
2023-02-15 15:07:48,67,72,4422,11824
2023-02-15 15:09:48,67,76,4422,11824
2023-02-15 15:09:48,67,73,4422,11824
2023-02-15 15:10:25,68,73,4422,11824
2023-02-15 15:10:48,68,75,4422,11824
2023-02-15 15:10:49,68,76,4422,11824
2023-02-15 15:10:49,68,74,4422,11824
2023-02-15 15:11:16,69,74,4422,11824
2023-02-15 15:11:42,69,74,4432,11834
2023-02-15 15:11:47,69,77,4432,11834
2023-02-15 15:11:47,67,77,4432,11834
2023-02-15 15:11:47,70,77,4432,11834
2023-02-15 15:11:48,70,75,4432,11834
2023-02-15 15:12:50,70,75,4447,11849
2023-02-15 15:13:16,68,75,4447,11849
2023-02-15 15:13:16,68,76,4447,11849
2023-02-15 15:13:16,70,76,4447,11849
2023-02-15 15:13:49,70,75,4447,11849
2023-02-15 15:14:47,71,75,4447,11849
2023-02-15 15:14:47,71,76,4447,11849
2023-02-15 15:15:41,71,75,4447,11849
2023-02-15 15:16:04,71,76,4447,11849
2023-02-15 15:16:20,71,77,4447,11849
2023-02-15 15:16:21,71,75,4447,11849
2023-02-15 15:16:21,70,75,4447,11849
2023-02-15 15:16:49,70,77,4447,11849
2023-02-15 15:16:49,72,77,4447,11849
2023-02-15 15:17:53,72,75,4447,11849
2023-02-15 15:18:21,71,75,4447,11849
2023-02-15 15:18:39,71,76,4447,11849
2023-02-15 15:18:55,71,75,4447,11849
2023-02-15 15:19:17,71,74,4447,11849
2023-02-15 15:19:26,71,75,4447,11849
2023-02-15 15:19:48,70,75,4447,11849
2023-02-15 15:20:49,68,75,4447,11849
2023-02-15 15:20:49,71,75,4447,11849
2023-02-15 15:20:49,71,76,4447,11849
2023-02-15 15:21:49,73,76,4447,11849
2023-02-15 15:21:50,73,78,4447,11849
2023-02-15 15:22:03,73,76,4447,11849
2023-02-15 15:22:05,73,77,4447,11849
2023-02-15 15:22:17,71,77,4447,11849
2023-02-15 15:22:18,72,77,4447,11849
2023-02-15 15:22:32,72,76,4447,11849
2023-02-15 15:22:35,72,75,4447,11849
2023-02-15 15:23:03,72,74,4447,11849
2023-02-15 15:23:22,70,74,4447,11849
2023-02-15 15:23:25,70,73,4447,11849
2023-02-15 15:23:30,70,72,4447,11849
2023-02-15 15:23:43,70,71,4447,11849
2023-02-15 15:23:51,67,71,4447,11849
2023-02-15 15:23:51,69,71,4447,11849
2023-02-15 15:23:57,69,72,4447,11849
2023-02-15 15:24:20,69,70,4447,11849
2023-02-15 15:24:22,67,70,4447,11849
2023-02-15 15:24:22,66,70,4447,11849
2023-02-15 15:24:22,66,72,4447,11849
2023-02-15 15:24:22,66,71,4447,11849
2023-02-15 15:24:39,66,72,4447,11849
2023-02-15 15:24:46,64,72,4447,11849
2023-02-15 15:24:46,65,72,4447,11849
2023-02-15 15:24:46,67,72,4447,11849
2023-02-15 15:24:56,67,71,4447,11849
2023-02-15 15:26:17,69,71,4447,11849
2023-02-15 15:26:51,67,71,4447,11849
2023-02-15 15:26:51,72,74,4422,11874
2023-02-15 15:27:17,0,74,4422,11874
2023-02-15 15:28:21,72,74,4422,11874
2023-02-15 15:28:21,74,80,4422,11899
2023-02-15 15:28:21,74,79,4422,11899
2023-02-15 15:28:23,74,78,4422,11899
2023-02-15 15:28:35,74,79,4422,11899
2023-02-15 15:29:21,75,79,4422,11899
2023-02-15 15:29:39,75,78,4422,11899
2023-02-15 15:29:41,75,79,4422,11899
2023-02-15 15:29:48,74,79,4422,11899
2023-02-15 15:29:48,76,79,4422,11899
2023-02-15 15:29:52,76,80,4422,11899
2023-02-15 15:30:30,76,79,4422,11899
2023-02-15 15:30:32,76,80,4422,11899
2023-02-15 15:30:42,76,81,4457,11959
2023-02-15 15:30:43,77,81,4457,11959
2023-02-15 15:30:49,79,81,4457,11959
2023-02-15 15:30:53,76,81,4457,11959
2023-02-15 15:30:53,77,81,4457,11959
2023-02-15 15:30:58,77,82,4457,11959
2023-02-15 15:31:01,81,82,4457,11959
2023-02-15 15:31:22,81,83,4457,11959
2023-02-15 15:31:23,82,83,4457,11959
2023-02-15 15:31:31,81,83,4457,11959
2023-02-15 15:31:32,81,83,4487,11989
2023-02-15 15:31:50,81,84,4487,11989
2023-02-15 15:31:51,81,85,4487,11989
2023-02-15 15:31:56,81,84,4487,11989
2023-02-15 15:32:01,81,85,4487,11989
2023-02-15 15:32:57,81,84,4487,11989
2023-02-15 15:33:00,81,85,4487,11989
2023-02-15 15:33:28,83,85,4487,11989
2023-02-15 15:34:38,82,85,4487,11989
2023-02-15 15:34:46,81,85,4487,11989
2023-02-15 15:34:46,83,85,4487,11989
2023-02-15 15:35:49,84,85,4487,11989
2023-02-15 15:36:45,84,88,4487,11989
2023-02-15 15:36:50,84,89,4487,11989
2023-02-15 15:37:18,83,89,4487,11989
2023-02-15 15:37:18,85,89,4487,11989
2023-02-15 15:37:19,85,89,4512,12039
2023-02-15 15:38:08,85,89,4527,12054
2023-02-15 15:38:15,85,89,4512,12069
2023-02-15 15:38:24,85,89,4527,12084
2023-02-15 15:38:46,86,89,4527,12084
2023-02-15 15:38:48,86,90,4527,12084
2023-02-15 15:39:46,87,90,4527,12084
2023-02-15 15:39:46,87,91,4527,12084
2023-02-15 15:40:49,87,92,4527,12084
2023-02-15 15:40:49,87,93,4527,12084
2023-02-15 15:40:52,87,95,4527,12084
2023-02-15 15:40:52,87,94,4527,12084
2023-02-15 15:40:52,87,92,4527,12084
2023-02-15 15:41:08,87,91,4527,12084
2023-02-15 15:41:15,87,92,4527,12084
2023-02-15 15:41:21,87,91,4527,12084
2023-02-15 15:41:48,86,91,4527,12084
2023-02-15 15:42:00,86,92,4527,12084
2023-02-15 15:42:01,86,91,4527,12084
2023-02-15 15:42:07,86,90,4527,12084
2023-02-15 15:42:29,86,92,4527,12109
2023-02-15 15:42:29,86,91,4527,12109
2023-02-15 15:42:31,88,91,4527,12109
2023-02-15 15:43:43,90,91,4527,12109
2023-02-15 15:43:47,88,91,4527,12109
2023-02-15 15:43:53,88,95,4552,12134
2023-02-15 15:43:59,88,94,4552,12134
2023-02-15 15:44:54,88,91,4552,12134
2023-02-15 15:45:00,90,91,4552,12134
2023-02-15 15:45:02,88,91,4552,12134
2023-02-15 15:45:25,90,91,4552,12134
2023-02-15 15:46:17,92,95,4552,12154
2023-02-15 15:47:38,92,94,4552,12154
2023-02-15 15:47:42,92,95,4552,12154
2023-02-15 15:48:38,92,96,4552,12154
2023-02-15 15:48:58,95,96,4552,12154
2023-02-15 15:48:58,95,97,4552,12154
2023-02-15 15:49:11,92,97,4552,12154
2023-02-15 15:49:56,95,97,4552,12154
2023-02-15 15:51:11,95,97,4590,12192
2023-02-15 15:52:17,95,96,4590,12192
2023-02-15 15:52:33,95,97,4590,12192
2023-02-15 15:52:43,95,98,4590,12254
2023-02-15 15:54:00,95,99,4574,12270
2023-02-15 15:55:01,95,100,4974,12723
2023-02-15 15:55:33,99,100,4974,12723
2023-02-15 15:55:44,95,100,4984,12733
2023-02-15 15:56:28,99,100,4984,12733
2023-02-15 15:56:59,99,100,4984,12735
2023-02-15 15:57:04,95,99,5002,12753
2023-02-15 15:57:12,95,100,5002,12753
