datetime,bid,ask,open_interest,volume
2023-12-13 09:30:01,1,30,0,0
2023-12-13 09:30:33,2,30,0,0
2023-12-13 09:30:52,22,30,0,0
2023-12-13 09:31:00,22,29,0,0
2023-12-13 09:31:00,25,29,0,0
2023-12-13 09:31:00,26,29,0,0
2023-12-13 09:31:02,26,28,0,0
2023-12-13 09:31:03,25,28,0,0
2023-12-13 09:31:03,26,28,0,0
2023-12-13 09:31:17,25,28,0,0
2023-12-13 09:31:17,26,28,0,0
2023-12-13 09:31:21,25,28,0,0
2023-12-13 09:31:21,26,28,0,0
2023-12-13 09:31:33,26,29,0,0
2023-12-13 09:31:34,26,28,0,0
2023-12-13 09:31:35,26,29,0,0
2023-12-13 09:31:42,26,28,0,0
2023-12-13 09:31:44,26,29,0,0
2023-12-13 09:31:46,26,28,0,0
2023-12-13 09:31:48,26,29,0,0
2023-12-13 09:32:11,26,28,0,0
2023-12-13 09:32:16,26,29,0,0
2023-12-13 09:32:23,27,29,0,0
2023-12-13 09:32:29,26,29,0,0
2023-12-13 09:32:39,26,28,0,0
2023-12-13 09:32:41,26,29,0,0
2023-12-13 09:32:50,26,28,0,0
2023-12-13 09:32:52,26,29,0,0
2023-12-13 09:32:53,26,28,0,0
2023-12-13 09:32:54,26,29,0,0
2023-12-13 09:33:01,26,28,0,0
2023-12-13 09:33:02,26,29,0,0
2023-12-13 09:33:06,27,29,0,0
2023-12-13 09:33:49,27,30,1200,1200
2023-12-13 09:33:50,28,30,1200,1200
2023-12-13 09:34:22,29,30,1200,1200
2023-12-13 09:34:25,29,30,1200,1210
2023-12-13 09:34:47,30,31,1200,1240
2023-12-13 09:36:03,30,31,1200,1360
2023-12-13 09:36:27,30,31,1350,1510
2023-12-13 09:38:23,30,31,1350,1570
2023-12-13 09:38:32,30,32,1950,2170
2023-12-13 09:40:19,30,32,1950,2310
2023-12-13 09:40:30,30,33,2550,2910
2023-12-13 09:41:04,30,33,2550,2970
2023-12-13 09:42:29,30,33,2550,3090
2023-12-13 09:43:29,30,33,2550,3210
2023-12-13 09:43:30,30,32,2550,3210
2023-12-13 09:43:30,29,32,2550,3210
2023-12-13 09:43:32,29,32,2550,3330
2023-12-13 09:44:00,29,35,4282,5062
2023-12-13 09:44:01,30,35,4282,5062
2023-12-13 09:44:01,30,35,4282,5242
2023-12-13 09:44:02,30,32,4282,5242
2023-12-13 09:44:02,29,32,4282,5242
2023-12-13 09:44:02,29,32,4282,5362
2023-12-13 09:45:21,29,31,4282,5362
2023-12-13 09:46:01,28,31,4122,5522
2023-12-13 09:46:22,28,31,4390,5790
2023-12-13 09:46:47,28,30,4390,5790
2023-12-13 09:46:47,28,31,4390,5790
2023-12-13 09:46:48,29,31,4390,5790
2023-12-13 09:47:02,28,31,4190,5990
2023-12-13 09:47:03,29,31,4190,5990
2023-12-13 09:47:04,28,31,4190,5990
2023-12-13 09:47:05,29,31,4190,5990
2023-12-13 09:47:12,28,31,4190,5990
2023-12-13 09:47:36,29,31,4190,5990
2023-12-13 09:47:40,29,31,4190,6240
2023-12-13 09:47:40,29,30,4190,6240
2023-12-13 09:47:40,28,30,4190,6240
2023-12-13 09:48:13,29,30,4190,6240
2023-12-13 09:48:14,28,30,4190,6240
2023-12-13 09:48:17,29,30,4190,6240
2023-12-13 09:48:18,28,30,4190,6240
2023-12-13 09:48:19,29,30,4190,6240
2023-12-13 09:48:21,28,30,4190,6240
2023-12-13 09:48:27,29,30,4190,6240
2023-12-13 09:48:29,28,30,4190,6240
2023-12-13 09:48:41,29,30,4190,6240
2023-12-13 09:48:49,28,30,4190,6240
2023-12-13 09:48:50,29,30,4190,6240
2023-12-13 09:48:56,28,30,4190,6240
2023-12-13 09:48:59,29,30,4190,6240
2023-12-13 09:49:04,28,30,4190,6240
2023-12-13 09:49:05,29,30,4190,6240
2023-12-13 09:49:06,28,30,4190,6240
2023-12-13 09:49:12,29,30,4190,6240
2023-12-13 09:49:16,28,30,4190,6240
2023-12-13 09:49:17,29,30,4190,6240
2023-12-13 09:50:17,28,30,4190,6240
2023-12-13 09:50:34,28,31,4190,6240
2023-12-13 09:50:34,28,29,4190,6240
2023-12-13 09:56:21,28,29,3990,6440
2023-12-13 09:59:54,28,30,4071,6571
2023-12-13 09:59:59,28,31,4071,6571
2023-12-13 10:00:01,28,30,4071,6571
2023-12-13 10:00:57,29,30,4071,6571
2023-12-13 10:00:58,29,31,4071,6571
2023-12-13 10:01:01,29,30,4071,6571
2023-12-13 10:01:02,28,30,4071,6571
2023-12-13 10:01:10,29,30,4071,6571
2023-12-13 10:01:19,28,30,3990,6652
2023-12-13 10:01:31,27,30,3990,6652
2023-12-13 10:01:31,28,30,3990,6652
2023-12-13 10:02:09,28,29,3990,6652
2023-12-13 10:02:15,28,30,3990,6652
2023-12-13 10:02:15,28,29,3990,6652
2023-12-13 10:02:21,28,30,3990,6652
2023-12-13 10:02:21,28,29,3990,6652
2023-12-13 10:02:31,28,30,3990,6652
2023-12-13 10:02:31,28,29,3990,6652
2023-12-13 10:02:37,28,30,3990,6652
2023-12-13 10:02:37,28,29,3990,6652
2023-12-13 10:02:49,28,30,3990,6652
2023-12-13 10:02:49,28,29,3990,6652
2023-12-13 10:03:03,27,29,3990,6652
2023-12-13 10:03:06,27,30,3990,6652
2023-12-13 10:03:06,27,29,3990,6652
2023-12-13 10:03:17,27,30,3990,6652
2023-12-13 10:03:17,27,29,3990,6652
2023-12-13 10:03:17,27,30,3990,6652
2023-12-13 10:03:23,28,30,3990,6652
2023-12-13 10:03:36,28,29,3990,6652
2023-12-13 10:03:39,28,30,3990,6652
2023-12-13 10:03:39,28,29,3990,6652
2023-12-13 10:03:45,28,30,3990,6652
2023-12-13 10:03:45,28,29,3990,6652
2023-12-13 10:04:01,28,30,3990,6652
2023-12-13 10:04:01,28,29,3990,6652
2023-12-13 10:04:03,28,30,3990,6652
2023-12-13 10:04:03,28,29,3990,6652
2023-12-13 10:04:12,28,30,3990,6652
2023-12-13 10:04:48,28,29,3990,6652
2023-12-13 10:04:52,28,30,3990,6652
2023-12-13 10:04:52,28,29,3990,6652
2023-12-13 10:04:55,28,30,3990,6652
2023-12-13 10:04:55,28,29,3990,6652
2023-12-13 10:05:00,28,30,3990,6652
2023-12-13 10:05:00,28,29,3990,6652
2023-12-13 10:05:07,28,30,3990,6652
2023-12-13 10:05:07,28,29,3990,6652
2023-12-13 10:05:16,28,30,3990,6652
2023-12-13 10:05:16,28,29,3990,6652
2023-12-13 10:05:21,27,29,3990,6652
2023-12-13 10:05:27,27,30,3990,6652
2023-12-13 10:05:27,27,29,3990,6652
2023-12-13 10:05:29,27,30,3990,6652
2023-12-13 10:05:36,27,29,3990,6652
2023-12-13 10:05:38,27,30,3990,6652
2023-12-13 10:05:41,28,30,3990,6652
2023-12-13 10:05:41,28,29,3990,6652
2023-12-13 10:05:46,28,30,3990,6652
2023-12-13 10:05:46,28,29,3990,6652
2023-12-13 10:05:48,28,30,3990,6652
2023-12-13 10:05:54,28,29,3990,6652
2023-12-13 10:05:57,28,30,3990,6652
2023-12-13 10:06:00,28,29,3990,6652
2023-12-13 10:06:12,28,30,3990,6652
2023-12-13 10:06:12,28,29,3990,6652
2023-12-13 10:06:52,28,30,3990,6652
2023-12-13 10:06:52,28,29,3990,6652
2023-12-13 10:07:12,28,30,3990,6652
2023-12-13 10:07:13,28,29,3990,6652
2023-12-13 10:07:14,28,30,3990,6652
2023-12-13 10:07:22,28,29,3990,6652
2023-12-13 10:07:29,28,30,3990,6652
2023-12-13 10:10:08,29,30,3990,6652
2023-12-13 10:10:13,28,30,3990,6652
2023-12-13 10:10:23,29,30,3990,6652
2023-12-13 10:10:26,28,30,3990,6652
2023-12-13 10:10:27,29,30,3990,6652
2023-12-13 10:10:33,29,31,3990,6652
2023-12-13 10:18:54,29,31,4490,7152
2023-12-13 10:19:06,29,31,4990,7652
2023-12-13 10:19:58,29,32,4990,7652
2023-12-13 10:30:53,31,32,4990,7652
2023-12-13 10:31:22,30,32,4990,7652
2023-12-13 10:31:36,32,33,4990,8352
2023-12-13 10:33:49,32,33,4990,8784
2023-12-13 10:33:51,31,33,4990,8784
2023-12-13 10:43:35,31,35,5390,9284
2023-12-13 10:43:42,31,38,5390,9284
2023-12-13 10:43:43,31,35,5390,9284
2023-12-13 10:43:48,35,37,5590,9484
2023-12-13 10:43:49,31,37,5590,9784
2023-12-13 10:44:28,31,34,5590,9784
2023-12-13 10:44:32,31,37,6090,10284
2023-12-13 10:44:34,34,37,6090,10284
2023-12-13 10:44:35,31,37,5981,10716
2023-12-13 10:44:37,31,35,5981,10716
2023-12-13 10:44:43,37,38,6081,10816
2023-12-13 10:44:44,31,37,6481,11216
2023-12-13 10:44:44,31,36,6481,11216
2023-12-13 10:45:06,35,36,6481,11216
2023-12-13 10:45:08,35,36,6481,11666
2023-12-13 10:45:11,31,36,6481,11916
2023-12-13 10:45:44,31,37,6481,11916
2023-12-13 10:45:45,31,37,6481,11916
2023-12-13 10:45:45,31,36,6481,11916
2023-12-13 10:45:53,31,36,6482,11917
2023-12-13 10:46:10,32,36,6482,11917
2023-12-13 10:46:47,32,35,6482,11917
2023-12-13 10:48:19,33,35,6482,11917
2023-12-13 10:51:23,33,35,6482,12367
2023-12-13 11:01:29,33,35,6982,12867
2023-12-13 11:02:07,35,37,7082,12967
2023-12-13 11:03:01,35,38,7082,12967
2023-12-13 11:03:02,35,37,7082,12967
2023-12-13 11:03:12,33,37,7482,13367
2023-12-13 11:04:02,33,38,7482,13367
2023-12-13 11:04:03,33,37,7482,13367
2023-12-13 11:05:03,33,38,7482,13367
2023-12-13 11:05:04,33,37,7482,13367
2023-12-13 11:06:04,33,38,7482,13367
2023-12-13 11:06:05,33,37,7482,13367
2023-12-13 11:11:10,33,36,7482,13367
2023-12-13 11:11:50,33,36,7482,13567
2023-12-13 11:12:10,33,37,7482,13567
2023-12-13 11:12:11,33,36,7482,13567
2023-12-13 11:13:11,33,37,7482,13567
2023-12-13 11:13:12,33,36,7482,13567
2023-12-13 11:13:23,33,36,7482,13767
2023-12-13 11:13:45,31,33,7482,13917
2023-12-13 11:14:55,31,36,7482,13967
2023-12-13 11:15:13,31,40,7482,13967
2023-12-13 11:15:14,31,37,7482,13967
2023-12-13 11:15:14,31,36,7482,13967
2023-12-13 11:17:15,31,37,7482,13967
2023-12-13 11:17:16,31,36,7482,13967
2023-12-13 11:18:16,31,37,7482,13967
2023-12-13 11:18:17,31,36,7482,13967
2023-12-13 11:19:17,31,37,7482,13967
2023-12-13 11:19:18,31,36,7482,13967
2023-12-13 11:21:19,31,37,7482,13967
2023-12-13 11:21:20,31,36,7482,13967
2023-12-13 11:22:20,31,37,7482,13967
2023-12-13 11:22:21,31,36,7482,13967
2023-12-13 11:39:01,30,36,7482,13967
2023-12-13 11:39:35,30,35,7482,13967
2023-12-13 11:41:39,30,36,7482,13967
2023-12-13 11:41:40,30,35,7482,13967
2023-12-13 11:41:47,30,34,7482,13967
2023-12-13 11:41:57,30,35,7482,13967
2023-12-13 11:43:41,30,36,7482,13967
2023-12-13 11:43:42,30,35,7482,13967
2023-12-13 11:45:25,30,36,7482,13967
2023-12-13 11:46:45,30,35,7482,13967
2023-12-13 11:47:45,30,40,7482,13967
2023-12-13 11:47:45,30,39,7482,13967
2023-12-13 11:47:46,30,36,7482,13967
2023-12-13 11:47:54,30,35,7482,13967
2023-12-13 11:49:17,30,36,7482,13967
2023-12-13 11:49:48,30,35,7482,13967
2023-12-13 11:50:48,30,36,7482,13967
2023-12-13 11:50:59,30,35,7482,13967
2023-12-13 11:52:48,30,32,7482,13967
2023-12-13 11:54:54,30,36,7482,13967
2023-12-13 11:54:54,29,36,7482,13967
2023-12-13 11:54:54,28,36,7482,13967
2023-12-13 11:55:22,23,36,7482,13967
2023-12-13 11:55:23,28,36,7482,13967
2023-12-13 11:55:23,32,36,7482,13967
2023-12-13 11:55:23,33,36,7482,13967
2023-12-13 11:55:26,32,36,7482,14167
2023-12-13 11:55:54,32,35,7482,14167
2023-12-13 11:56:54,32,36,7482,14167
2023-12-13 11:56:55,32,35,7482,14167
2023-12-13 11:58:08,32,35,7482,14367
2023-12-13 11:58:12,32,35,7482,14667
2023-12-13 11:58:34,32,34,7482,14667
2023-12-13 12:00:07,32,35,7482,14667
2023-12-13 12:01:59,32,40,7482,14667
2023-12-13 12:02:00,32,36,7482,14667
2023-12-13 12:02:00,32,35,7482,14667
2023-12-13 12:02:13,32,34,7482,14667
2023-12-13 12:02:56,33,34,7482,14667
2023-12-13 12:02:57,32,34,7482,14667
2023-12-13 12:02:57,33,34,7482,14667
2023-12-13 12:03:00,32,34,7482,14667
2023-12-13 12:03:00,33,34,7482,14667
2023-12-13 12:03:00,32,34,7482,14783
2023-12-13 12:03:54,32,35,7482,14783
2023-12-13 12:04:01,32,36,7482,14783
2023-12-13 12:04:01,32,39,7482,14783
2023-12-13 12:04:02,32,35,7482,14783
2023-12-13 12:04:02,32,34,7482,14783
2023-12-13 12:04:03,31,34,7482,14783
2023-12-13 12:04:05,30,34,6596,15683
2023-12-13 12:04:05,31,34,6596,15683
2023-12-13 12:04:06,31,33,6596,15683
2023-12-13 12:04:12,31,34,6596,15683
2023-12-13 12:04:12,31,34,6596,15683
2023-12-13 12:04:14,31,33,6596,15683
2023-12-13 12:04:26,29,33,5888,16583
2023-12-13 12:04:26,30,33,5888,16583
2023-12-13 12:04:30,29,32,5888,16583
2023-12-13 12:04:30,30,32,5888,16583
2023-12-13 12:05:01,31,32,5888,16583
2023-12-13 12:05:01,30,32,5888,16583
2023-12-13 12:05:01,31,32,5888,16583
2023-12-13 12:05:02,30,32,5888,16583
2023-12-13 12:05:02,31,32,5888,16583
2023-12-13 12:05:13,30,32,5888,16583
2023-12-13 12:05:13,31,32,5888,16583
2023-12-13 12:05:15,30,32,5888,16583
2023-12-13 12:05:15,31,32,5888,16583
2023-12-13 12:05:16,30,32,5888,16583
2023-12-13 12:05:16,31,32,5888,16583
2023-12-13 12:05:18,30,32,5888,16583
2023-12-13 12:05:18,31,32,5888,16583
2023-12-13 12:05:20,30,32,5888,16583
2023-12-13 12:05:20,31,32,5888,16583
2023-12-13 12:05:23,30,32,5888,16583
2023-12-13 12:05:24,29,32,5127,17483
2023-12-13 12:05:24,30,32,5127,17483
2023-12-13 12:05:25,30,31,5127,17483
2023-12-13 12:05:27,29,31,5127,17483
2023-12-13 12:05:33,29,31,4827,17783
2023-12-13 12:05:41,30,31,4827,17783
2023-12-13 12:05:42,29,31,4827,17783
2023-12-13 12:05:42,30,31,4827,17783
2023-12-13 12:05:47,29,31,4827,17783
2023-12-13 12:05:48,30,31,4827,17783
2023-12-13 12:05:54,29,31,4827,17783
2023-12-13 12:05:55,30,31,4827,17783
2023-12-13 12:05:59,29,31,4827,17783
2023-12-13 12:06:00,30,31,4827,17783
2023-12-13 12:06:15,28,31,4827,17783
2023-12-13 12:06:15,30,31,4827,17783
2023-12-13 12:06:23,28,31,4827,17783
2023-12-13 12:06:23,29,31,4827,17783
2023-12-13 12:06:27,28,31,4827,17783
2023-12-13 12:06:28,29,31,4827,17783
2023-12-13 12:06:32,28,31,4827,17783
2023-12-13 12:06:33,29,31,4827,17783
2023-12-13 12:06:35,28,31,4827,17783
2023-12-13 12:06:35,29,31,4827,17783
2023-12-13 12:06:39,28,31,4827,17783
2023-12-13 12:06:39,30,31,4827,17783
2023-12-13 12:06:39,28,31,4827,17783
2023-12-13 12:06:39,30,31,4827,17783
2023-12-13 12:06:45,28,31,4827,17783
2023-12-13 12:06:45,29,31,4827,17783
2023-12-13 12:06:47,30,31,4827,17783
2023-12-13 12:06:47,29,31,4827,17783
2023-12-13 12:06:47,30,31,4827,17783
2023-12-13 12:06:50,29,31,4827,17783
2023-12-13 12:06:51,30,31,4827,17783
2023-12-13 12:06:59,29,31,4827,17783
2023-12-13 12:06:59,30,31,4827,17783
2023-12-13 12:07:02,29,31,4827,17783
2023-12-13 12:07:02,30,31,4827,17783
2023-12-13 12:07:05,29,31,4827,17783
2023-12-13 12:07:05,30,31,4827,17783
2023-12-13 12:07:12,29,31,4827,17783
2023-12-13 12:07:12,30,31,4827,17783
2023-12-13 12:07:15,29,31,4827,17783
2023-12-13 12:07:15,30,31,4827,17783
2023-12-13 12:07:18,29,31,4827,17783
2023-12-13 12:07:25,28,31,4827,17783
2023-12-13 12:07:25,29,31,4827,17783
2023-12-13 12:07:32,30,31,4827,17783
2023-12-13 12:07:34,29,31,4827,17783
2023-12-13 12:07:34,30,31,4827,17783
2023-12-13 12:07:55,29,31,4827,17783
2023-12-13 12:07:56,30,31,4827,17783
2023-12-13 12:07:57,29,31,4827,17783
2023-12-13 12:07:57,30,31,4827,17783
2023-12-13 12:08:00,28,31,4827,17783
2023-12-13 12:08:00,29,31,4827,17783
2023-12-13 12:08:01,28,31,4827,17783
2023-12-13 12:08:01,30,31,4827,17783
2023-12-13 12:08:10,29,31,4827,17783
2023-12-13 12:08:10,30,31,4827,17783
2023-12-13 12:08:14,29,31,4827,17783
2023-12-13 12:08:14,30,31,4827,17783
2023-12-13 12:08:17,29,31,4827,17783
2023-12-13 12:08:17,30,31,4827,17783
2023-12-13 12:08:19,29,31,4827,17783
2023-12-13 12:08:20,30,31,4827,17783
2023-12-13 12:08:22,29,31,4827,17783
2023-12-13 12:08:22,30,31,4827,17783
2023-12-13 12:08:23,29,31,4827,17783
2023-12-13 12:08:23,30,31,4827,17783
2023-12-13 12:08:31,29,31,4827,17783
2023-12-13 12:08:31,30,31,4827,17783
2023-12-13 12:08:38,29,31,4827,17783
2023-12-13 12:08:38,30,31,4827,17783
2023-12-13 12:08:41,29,31,4827,17783
2023-12-13 12:08:41,30,31,4827,17783
2023-12-13 12:08:49,29,31,4827,17783
2023-12-13 12:08:50,30,31,4827,17783
2023-12-13 12:08:57,29,31,4827,17783
2023-12-13 12:08:58,30,31,4827,17783
2023-12-13 12:09:00,29,31,4827,17783
2023-12-13 12:09:00,30,31,4827,17783
2023-12-13 12:09:08,29,31,4827,17783
2023-12-13 12:09:08,30,31,4827,17783
2023-12-13 12:09:17,29,31,4827,17783
2023-12-13 12:09:17,30,31,4827,17783
2023-12-13 12:09:23,29,31,4827,17783
2023-12-13 12:09:23,30,31,4827,17783
2023-12-13 12:09:31,29,31,4827,17783
2023-12-13 12:09:31,30,31,4827,17783
2023-12-13 12:09:35,29,31,4827,17783
2023-12-13 12:09:35,30,31,4827,17783
2023-12-13 12:09:49,29,31,4827,17783
2023-12-13 12:09:49,30,31,4827,17783
2023-12-13 12:09:51,29,31,4827,17783
2023-12-13 12:09:51,30,31,4827,17783
2023-12-13 12:09:52,29,31,4827,17783
2023-12-13 12:09:52,30,31,4827,17783
2023-12-13 12:10:03,29,31,4827,17783
2023-12-13 12:10:03,30,31,4827,17783
2023-12-13 12:10:05,29,31,4827,17783
2023-12-13 12:10:06,30,31,4827,17783
2023-12-13 12:10:11,29,31,4827,17783
2023-12-13 12:10:11,30,31,4827,17783
2023-12-13 12:10:46,29,31,4827,17783
2023-12-13 12:10:46,30,31,4827,17783
2023-12-13 12:10:48,29,31,4827,17783
2023-12-13 12:10:48,30,31,4827,17783
2023-12-13 12:10:49,29,31,4827,17783
2023-12-13 12:10:49,30,31,4827,17783
2023-12-13 12:10:59,29,31,4827,17783
2023-12-13 12:10:59,30,31,4827,17783
2023-12-13 12:11:06,29,31,4827,17783
2023-12-13 12:11:10,30,31,4827,17783
2023-12-13 12:11:11,29,31,4827,17783
2023-12-13 12:11:11,29,31,4827,18116
2023-12-13 12:11:11,30,31,4827,18116
2023-12-13 12:11:12,30,32,4827,18116
2023-12-13 12:11:12,29,32,4827,18116
2023-12-13 12:11:20,30,32,4827,18116
2023-12-13 12:11:20,30,31,4827,18116
2023-12-13 12:11:24,30,32,4827,18116
2023-12-13 12:11:30,29,32,4827,18116
2023-12-13 12:11:31,29,31,4827,18116
2023-12-13 12:11:32,30,32,4827,18116
2023-12-13 12:11:39,29,32,4827,18116
2023-12-13 12:11:39,30,32,4827,18116
2023-12-13 12:11:40,30,31,4827,18116
2023-12-13 12:11:45,30,32,4827,18116
2023-12-13 12:11:45,29,32,4827,18116
2023-12-13 12:11:45,30,32,4827,18116
2023-12-13 12:11:50,29,31,4827,18116
2023-12-13 12:11:50,29,32,4827,18116
2023-12-13 12:11:50,29,31,4827,18116
2023-12-13 12:11:54,29,31,4827,18116
2023-12-13 12:11:54,29,31,4827,18116
2023-12-13 12:11:54,30,31,4827,18116
2023-12-13 12:11:54,30,32,4641,18302
2023-12-13 12:12:09,29,32,4641,18302
2023-12-13 12:12:09,30,32,4641,18302
2023-12-13 12:12:14,29,32,4641,18302
2023-12-13 12:12:14,30,32,4641,18302
2023-12-13 12:12:20,29,32,4641,18302
2023-12-13 12:12:20,30,32,4641,18302
2023-12-13 12:12:46,31,32,4641,18302
2023-12-13 12:12:49,30,32,4641,18302
2023-12-13 12:13:05,29,32,4641,18302
2023-12-13 12:13:05,30,32,4641,18302
2023-12-13 12:13:07,29,32,4641,18302
2023-12-13 12:13:07,30,32,4641,18302
2023-12-13 12:13:18,29,32,4641,18302
2023-12-13 12:13:18,30,32,4641,18302
2023-12-13 12:13:29,29,32,4641,18302
2023-12-13 12:13:31,30,32,4641,18302
2023-12-13 12:13:44,29,32,4641,18302
2023-12-13 12:13:44,30,32,4641,18302
2023-12-13 12:13:49,29,32,4641,18302
2023-12-13 12:13:49,30,32,4641,18302
2023-12-13 12:14:14,29,32,4641,18302
2023-12-13 12:14:14,31,32,4641,18302
2023-12-13 12:14:14,29,32,4641,18302
2023-12-13 12:14:14,31,32,4641,18302
2023-12-13 12:14:31,29,32,4641,18302
2023-12-13 12:14:31,30,32,4641,18302
2023-12-13 12:14:37,29,32,4641,18302
2023-12-13 12:14:37,30,32,4641,18302
2023-12-13 12:14:43,29,32,4641,18302
2023-12-13 12:14:44,30,32,4641,18302
2023-12-13 12:14:46,29,32,4641,18302
2023-12-13 12:14:47,30,32,4641,18302
2023-12-13 12:14:54,29,32,4641,18302
2023-12-13 12:14:54,30,32,4641,18302
2023-12-13 12:15:00,29,32,4641,18302
2023-12-13 12:15:00,30,32,4641,18302
2023-12-13 12:15:07,29,32,4641,18302
2023-12-13 12:15:07,30,32,4641,18302
2023-12-13 12:15:09,29,32,4641,18302
2023-12-13 12:15:10,30,32,4641,18302
2023-12-13 12:15:15,29,32,4641,18302
2023-12-13 12:15:17,30,32,4641,18302
2023-12-13 12:15:21,29,32,4641,18302
2023-12-13 12:15:23,30,32,4641,18302
2023-12-13 12:15:33,29,32,4641,18302
2023-12-13 12:15:33,30,32,4641,18302
2023-12-13 12:15:36,29,32,4641,18302
2023-12-13 12:15:36,30,32,4641,18302
2023-12-13 12:15:40,29,32,4641,18302
2023-12-13 12:15:40,30,32,4641,18302
2023-12-13 12:15:46,29,32,4641,18302
2023-12-13 12:15:46,30,32,4641,18302
2023-12-13 12:15:49,29,32,4641,18302
2023-12-13 12:15:49,30,32,4641,18302
2023-12-13 12:15:57,29,32,4641,18302
2023-12-13 12:15:57,30,32,4641,18302
2023-12-13 12:16:01,29,32,4641,18302
2023-12-13 12:16:02,30,32,4641,18302
2023-12-13 12:16:10,29,32,4641,18302
2023-12-13 12:16:11,30,32,4641,18302
2023-12-13 12:16:13,29,32,4641,18302
2023-12-13 12:16:13,30,32,4641,18302
2023-12-13 12:16:15,29,32,4641,18302
2023-12-13 12:16:15,30,32,4641,18302
2023-12-13 12:16:18,29,32,4641,18302
2023-12-13 12:16:18,30,32,4641,18302
2023-12-13 12:16:22,29,32,4641,18302
2023-12-13 12:16:22,30,32,4641,18302
2023-12-13 12:16:29,29,32,4641,18302
2023-12-13 12:16:29,30,32,4641,18302
2023-12-13 12:16:44,29,32,4641,18302
2023-12-13 12:16:44,30,32,4641,18302
2023-12-13 12:16:48,29,32,4641,18302
2023-12-13 12:16:49,30,32,4641,18302
2023-12-13 12:16:56,29,32,4641,18302
2023-12-13 12:16:57,30,32,4641,18302
2023-12-13 12:17:05,29,32,4641,18302
2023-12-13 12:17:05,30,32,4641,18302
2023-12-13 12:17:16,29,32,4641,18302
2023-12-13 12:17:16,30,32,4641,18302
2023-12-13 12:17:31,29,32,4641,18302
2023-12-13 12:17:31,30,32,4641,18302
2023-12-13 12:17:50,29,32,4641,18302
2023-12-13 12:17:51,30,32,4641,18302
2023-12-13 12:18:12,29,32,4641,18302
2023-12-13 12:18:12,30,32,4641,18302
2023-12-13 12:18:14,29,32,4641,18302
2023-12-13 12:18:14,30,32,4641,18302
2023-12-13 12:18:15,29,32,4641,18302
2023-12-13 12:18:15,30,32,4641,18302
2023-12-13 12:18:23,29,32,4641,18302
2023-12-13 12:18:24,30,32,4641,18302
2023-12-13 12:18:30,29,32,4641,18302
2023-12-13 12:18:32,30,32,4641,18302
2023-12-13 12:18:37,29,32,4641,18302
2023-12-13 12:18:37,30,32,4641,18302
2023-12-13 12:18:49,29,32,4641,18302
2023-12-13 12:18:50,30,32,4641,18302
2023-12-13 12:19:00,29,32,4641,18302
2023-12-13 12:19:00,31,32,4641,18302
2023-12-13 12:19:02,29,32,4641,18302
2023-12-13 12:19:02,30,32,4641,18302
2023-12-13 12:19:04,29,32,4641,18302
2023-12-13 12:19:04,31,32,4641,18302
2023-12-13 12:19:06,29,32,4641,18302
2023-12-13 12:20:09,30,32,4641,18302
2023-12-13 12:20:11,29,32,4641,18302
2023-12-13 12:20:11,31,32,4641,18302
2023-12-13 12:20:11,29,32,4641,18302
2023-12-13 12:20:11,31,32,4641,18302
2023-12-13 12:20:16,29,32,4641,18302
2023-12-13 12:20:17,30,32,4641,18302
2023-12-13 12:20:20,29,32,4641,18302
2023-12-13 12:20:20,31,32,4641,18302
2023-12-13 12:20:23,29,32,4641,18302
2023-12-13 12:20:23,31,32,4641,18302
2023-12-13 12:20:23,29,32,4641,18302
2023-12-13 12:20:23,31,32,4641,18302
2023-12-13 12:20:31,29,32,4641,18302
2023-12-13 12:30:31,28,32,4641,18302
2023-12-13 12:31:21,27,32,4641,18302
2023-12-13 12:31:21,28,32,4641,18302
2023-12-13 12:31:23,28,30,4641,18302
2023-12-13 12:33:11,27,30,4641,18302
2023-12-13 12:33:11,28,30,4641,18302
2023-12-13 12:33:54,29,30,4641,18302
2023-12-13 12:33:55,28,30,4641,18302
2023-12-13 12:33:59,29,30,4641,18302
2023-12-13 12:34:00,28,30,4641,18302
2023-12-13 12:34:03,29,30,4641,18302
2023-12-13 12:35:01,29,32,4641,18502
2023-12-13 12:35:18,28,32,4641,18502
2023-12-13 12:36:22,29,32,4641,18502
2023-12-13 12:36:36,28,32,4641,18502
2023-12-13 12:36:38,29,32,4641,18502
2023-12-13 12:37:32,28,32,4641,18502
2023-12-13 12:39:24,29,32,4641,18502
2023-12-13 12:40:39,28,32,4641,18502
2023-12-13 12:40:40,29,32,4641,18502
2023-12-13 12:41:01,28,32,4641,18502
2023-12-13 12:41:03,29,32,4641,18502
2023-12-13 12:41:04,28,32,4641,18502
2023-12-13 12:41:05,28,29,4641,18502
2023-12-13 12:42:36,28,29,4641,18652
2023-12-13 12:43:19,28,30,4641,18752
2023-12-13 12:44:41,28,31,4641,19152
2023-12-13 12:45:54,29,31,4641,19152
2023-12-13 12:46:11,28,31,4641,19152
2023-12-13 12:46:15,29,31,4641,19152
2023-12-13 12:46:52,28,31,4641,19152
2023-12-13 12:47:46,29,31,4641,19152
2023-12-13 12:47:54,28,31,4641,19152
2023-12-13 12:47:54,29,31,4641,19152
2023-12-13 12:48:07,28,31,4641,19152
2023-12-13 12:48:07,29,31,4641,19152
2023-12-13 12:48:47,28,31,4641,19152
2023-12-13 12:48:47,29,31,4641,19152
2023-12-13 12:48:49,28,31,4641,19152
2023-12-13 12:48:49,29,31,4641,19152
2023-12-13 12:50:13,30,31,4641,19152
2023-12-13 12:50:18,29,31,4641,19152
2023-12-13 12:50:18,30,31,4641,19152
2023-12-13 12:50:19,29,31,4641,19152
2023-12-13 12:50:19,30,31,4641,19152
2023-12-13 12:50:23,29,31,4641,19152
2023-12-13 12:50:24,30,31,4641,19152
2023-12-13 12:50:25,29,31,4641,19152
2023-12-13 12:50:26,30,31,4641,19152
2023-12-13 12:50:27,29,31,4641,19152
2023-12-13 12:50:36,30,31,4641,19152
2023-12-13 12:50:48,29,31,4641,19152
2023-12-13 12:50:49,30,31,4641,19152
2023-12-13 12:50:51,29,31,4641,19152
2023-12-13 12:54:27,29,32,4540,19453
2023-12-13 12:54:27,29,31,4540,19453
2023-12-13 12:54:34,29,32,4540,19453
2023-12-13 12:54:34,29,31,4540,19453
2023-12-13 12:54:38,29,32,4540,19453
2023-12-13 12:54:38,29,31,4540,19453
2023-12-13 12:54:41,30,31,4540,19453
2023-12-13 12:54:44,29,31,4540,19453
2023-12-13 12:54:44,30,32,4540,19453
2023-12-13 12:54:44,30,31,4540,19453
2023-12-13 12:54:47,30,32,4540,19453
2023-12-13 12:54:47,30,32,4540,19453
2023-12-13 12:54:47,30,31,4540,19453
2023-12-13 12:54:55,30,32,4540,19453
2023-12-13 12:54:56,30,31,4540,19453
2023-12-13 12:54:57,30,32,4540,19453
2023-12-13 12:54:59,30,31,4540,19453
2023-12-13 12:55:06,29,31,4540,19453
2023-12-13 12:55:06,30,32,4540,19453
2023-12-13 12:55:06,30,31,4540,19453
2023-12-13 12:55:13,30,32,4540,19453
2023-12-13 12:55:13,29,32,4540,19453
2023-12-13 12:55:13,29,31,4540,19453
2023-12-13 12:55:13,30,31,4540,19453
2023-12-13 12:55:21,29,31,4540,19453
2023-12-13 12:55:22,29,32,4540,19453
2023-12-13 12:55:23,29,31,4540,19453
2023-12-13 12:55:25,29,32,4540,19453
2023-12-13 12:55:25,29,31,4540,19453
2023-12-13 12:55:30,29,32,4540,19453
2023-12-13 12:55:30,29,31,4540,19453
2023-12-13 12:55:41,30,31,4540,19453
2023-12-13 12:55:49,29,31,4540,19453
2023-12-13 12:55:50,30,32,4540,19453
2023-12-13 12:55:50,30,31,4540,19453
2023-12-13 12:55:54,29,31,4540,19453
2023-12-13 12:56:01,29,32,4540,19453
2023-12-13 12:56:01,29,31,4540,19453
2023-12-13 12:56:20,29,32,4540,19453
2023-12-13 12:56:20,29,31,4540,19453
2023-12-13 12:56:22,29,32,4540,19453
2023-12-13 12:56:22,29,31,4540,19453
2023-12-13 12:56:31,29,32,4540,19453
2023-12-13 12:56:31,29,31,4540,19453
2023-12-13 12:56:33,30,31,4540,19453
2023-12-13 12:56:33,29,31,4540,19453
2023-12-13 12:56:35,30,31,4540,19453
2023-12-13 12:56:36,29,31,4540,19453
2023-12-13 12:56:41,29,32,4540,19453
2023-12-13 12:56:41,29,31,4540,19453
2023-12-13 12:56:46,29,32,4540,19453
2023-12-13 12:56:46,29,31,4540,19453
2023-12-13 12:56:48,30,31,4540,19453
2023-12-13 12:56:53,29,31,4540,19453
2023-12-13 12:56:56,30,31,4540,19453
2023-12-13 12:56:57,30,32,4540,19453
2023-12-13 12:56:57,30,32,4540,19453
2023-12-13 12:56:57,30,31,4540,19453
2023-12-13 12:56:58,29,31,4540,19453
2023-12-13 12:57:04,29,32,4540,19453
2023-12-13 12:57:04,29,31,4540,19453
2023-12-13 12:57:06,29,32,4540,19453
2023-12-13 12:57:06,29,31,4540,19453
2023-12-13 12:57:07,30,31,4540,19453
2023-12-13 12:57:16,30,32,4540,19453
2023-12-13 12:57:17,30,31,4540,19453
2023-12-13 12:57:20,30,32,4540,19453
2023-12-13 12:57:21,30,31,4540,19453
2023-12-13 12:57:22,30,32,4540,19453
2023-12-13 12:57:22,29,32,4540,19453
2023-12-13 12:57:22,29,31,4540,19453
2023-12-13 12:57:23,30,32,4540,19453
2023-12-13 12:57:27,30,31,4540,19453
2023-12-13 12:57:28,30,32,4540,19453
2023-12-13 12:57:46,29,32,4540,19453
2023-12-13 12:57:54,30,32,4540,19453
2023-12-13 12:58:05,29,32,4540,19453
2023-12-13 12:58:05,30,32,4540,19453
2023-12-13 12:58:08,30,31,4540,19453
2023-12-13 12:58:11,30,32,4540,19453
2023-12-13 12:58:14,29,32,4540,19453
2023-12-13 12:58:14,29,31,4540,19453
2023-12-13 12:58:16,29,32,4540,19453
2023-12-13 12:58:17,29,31,4540,19453
2023-12-13 12:58:18,29,32,4540,19453
2023-12-13 12:58:21,29,31,4540,19453
2023-12-13 12:58:36,29,32,4540,19453
2023-12-13 12:58:37,29,31,4540,19453
2023-12-13 12:58:50,29,32,4540,19453
2023-12-13 12:58:51,29,31,4540,19453
2023-12-13 12:58:53,29,32,4540,19453
2023-12-13 12:58:53,29,31,4540,19453
2023-12-13 12:58:55,29,32,4540,19453
2023-12-13 12:58:55,29,31,4540,19453
2023-12-13 12:59:02,29,32,4540,19453
2023-12-13 12:59:04,29,31,4540,19453
2023-12-13 12:59:10,29,32,4540,19453
2023-12-13 12:59:10,30,32,4540,19453
2023-12-13 12:59:10,30,31,4540,19453
2023-12-13 12:59:12,30,32,4540,19453
2023-12-13 12:59:16,29,32,4540,19453
2023-12-13 12:59:32,30,32,4540,19453
2023-12-13 12:59:38,29,32,4540,19453
2023-12-13 12:59:38,30,32,4540,19453
2023-12-13 12:59:48,29,32,4540,19453
2023-12-13 12:59:48,30,32,4540,19453
2023-12-13 12:59:51,29,32,4540,19453
2023-12-13 12:59:51,30,32,4540,19453
2023-12-13 12:59:56,29,32,4540,19453
2023-12-13 12:59:56,30,32,4540,19453
2023-12-13 12:59:58,30,31,4540,19453
2023-12-13 13:00:01,30,32,4540,19453
2023-12-13 13:00:01,29,32,4540,19453
2023-12-13 13:00:01,30,32,4540,19453
2023-12-13 13:00:01,30,31,4540,19453
2023-12-13 13:00:03,29,31,4540,19453
2023-12-13 13:00:04,30,31,4540,19453
2023-12-13 13:00:06,30,32,4540,19453
2023-12-13 13:00:06,29,32,4540,19453
2023-12-13 13:00:06,29,31,4540,19453
2023-12-13 13:00:09,30,31,4540,19453
2023-12-13 13:00:12,30,32,4540,19453
2023-12-13 13:00:12,30,32,4540,19453
2023-12-13 13:00:12,30,31,4540,19453
2023-12-13 13:00:13,30,32,4540,19453
2023-12-13 13:00:16,30,31,4540,19453
2023-12-13 13:00:20,30,32,4540,19453
2023-12-13 13:00:21,30,31,4540,19453
2023-12-13 13:00:30,30,32,4540,19453
2023-12-13 13:00:30,29,31,4540,19453
2023-12-13 13:00:30,30,31,4540,19453
2023-12-13 13:00:35,30,32,4540,19453
2023-12-13 13:00:35,29,32,4540,19453
2023-12-13 13:00:35,29,31,4540,19453
2023-12-13 13:00:35,30,31,4540,19453
2023-12-13 13:00:43,30,32,4540,19453
2023-12-13 13:00:46,30,31,4540,19453
2023-12-13 13:00:54,30,32,4540,19453
2023-12-13 13:00:54,30,32,4540,19453
2023-12-13 13:00:54,30,31,4540,19453
2023-12-13 13:00:56,29,31,4540,19453
2023-12-13 13:01:00,30,31,4540,19453
2023-12-13 13:01:05,29,31,4540,19453
2023-12-13 13:01:05,29,32,4540,19453
2023-12-13 13:01:05,30,32,4540,19453
2023-12-13 13:01:05,30,31,4540,19453
2023-12-13 13:01:08,29,31,4540,19453
2023-12-13 13:01:08,30,32,4540,19453
2023-12-13 13:01:08,30,31,4540,19453
2023-12-13 13:01:14,29,31,4540,19453
2023-12-13 13:01:14,30,32,4540,19453
2023-12-13 13:01:14,30,31,4540,19453
2023-12-13 13:01:14,30,32,4540,19453
2023-12-13 13:01:25,29,32,4540,19453
2023-12-13 13:01:26,30,32,4540,19453
2023-12-13 13:01:37,29,32,4540,19453
2023-12-13 13:01:45,30,32,4540,19453
2023-12-13 13:01:46,29,32,4540,19453
2023-12-13 13:01:46,30,32,4540,19453
2023-12-13 13:01:48,29,32,4540,19453
2023-12-13 13:01:48,30,32,4540,19453
2023-12-13 13:01:49,30,31,4540,19453
2023-12-13 13:01:49,29,31,4540,19453
2023-12-13 13:01:51,30,31,4540,19453
2023-12-13 13:01:52,29,31,4540,19453
2023-12-13 13:01:52,29,31,4540,19453
2023-12-13 13:01:54,30,31,4540,19453
2023-12-13 13:01:58,29,31,4540,19453
2023-12-13 13:02:03,29,32,4540,19453
2023-12-13 13:02:03,29,31,4540,19453
2023-12-13 13:02:18,29,32,4540,19453
2023-12-13 13:02:18,29,31,4540,19453
2023-12-13 13:02:20,29,32,4540,19453
2023-12-13 13:02:20,29,31,4540,19453
2023-12-13 13:02:21,29,32,4540,19453
2023-12-13 13:02:21,29,31,4540,19453
2023-12-13 13:02:22,28,31,4540,19453
2023-12-13 13:02:22,28,31,4540,19453
2023-12-13 13:02:32,29,32,4540,19453
2023-12-13 13:02:32,28,32,4540,19453
2023-12-13 13:02:32,28,31,4540,19453
2023-12-13 13:02:32,29,31,4540,19453
2023-12-13 13:02:37,28,31,4540,19453
2023-12-13 13:02:37,29,32,4540,19453
2023-12-13 13:02:37,29,31,4540,19453
2023-12-13 13:02:43,28,31,4540,19453
2023-12-13 13:02:43,29,32,4540,19453
2023-12-13 13:02:43,29,31,4540,19453
2023-12-13 13:02:51,29,32,4540,19453
2023-12-13 13:02:51,28,32,4540,19453
2023-12-13 13:02:51,28,31,4540,19453
2023-12-13 13:02:51,29,31,4540,19453
2023-12-13 13:02:56,28,31,4540,19453
2023-12-13 13:02:56,29,32,4540,19453
2023-12-13 13:02:56,29,31,4540,19453
2023-12-13 13:02:57,29,32,4540,19453
2023-12-13 13:02:57,29,32,4540,19453
2023-12-13 13:02:57,29,31,4540,19453
2023-12-13 13:03:07,29,32,4540,19453
2023-12-13 13:03:07,28,32,4540,19453
2023-12-13 13:03:07,29,32,4540,19453
2023-12-13 13:03:07,29,31,4540,19453
2023-12-13 13:03:17,29,32,4540,19453
2023-12-13 13:03:17,28,32,4540,19453
2023-12-13 13:03:17,29,32,4540,19453
2023-12-13 13:03:17,29,31,4540,19453
2023-12-13 13:03:19,29,32,4540,19453
2023-12-13 13:03:19,28,32,4540,19453
2023-12-13 13:03:19,29,32,4540,19453
2023-12-13 13:03:19,29,31,4540,19453
2023-12-13 13:03:24,29,30,4540,19453
2023-12-13 13:03:25,28,30,4540,19453
2023-12-13 13:03:25,29,30,4540,19453
2023-12-13 13:03:34,28,30,4540,19453
2023-12-13 13:03:34,29,30,4540,19453
2023-12-13 13:03:48,28,30,4540,19453
2023-12-13 13:03:48,29,30,4540,19453
2023-12-13 13:03:51,28,30,4540,19453
2023-12-13 13:03:51,29,30,4540,19453
2023-12-13 13:03:52,28,30,4540,19453
2023-12-13 13:03:52,29,30,4540,19453
2023-12-13 13:03:54,28,30,4540,19453
2023-12-13 13:03:55,29,30,4540,19453
2023-12-13 13:03:56,28,30,4540,19453
2023-12-13 13:03:56,29,30,4540,19453
2023-12-13 13:04:10,28,30,4540,19453
2023-12-13 13:04:25,29,30,4540,19453
2023-12-13 13:04:27,28,30,4540,19453
2023-12-13 13:04:37,29,30,4540,19453
2023-12-13 13:04:43,28,30,4540,19453
2023-12-13 13:04:43,29,30,4540,19453
2023-12-13 13:04:52,28,30,4540,19453
2023-12-13 13:04:52,29,30,4540,19453
2023-12-13 13:04:53,28,30,4540,19453
2023-12-13 13:05:12,29,30,4540,19453
2023-12-13 13:05:12,28,30,4540,19453
2023-12-13 13:05:12,29,30,4540,19453
2023-12-13 13:05:19,28,30,4540,19453
2023-12-13 13:05:19,29,30,4540,19453
2023-12-13 13:05:23,28,30,4540,19453
2023-12-13 13:05:23,29,30,4540,19453
2023-12-13 13:05:34,28,30,4540,19453
2023-12-13 13:05:55,29,30,4540,19453
2023-12-13 13:06:06,28,30,4540,19453
2023-12-13 13:06:16,29,30,4540,19453
2023-12-13 13:06:21,28,30,4540,19453
2023-12-13 13:06:21,29,30,4540,19453
2023-12-13 13:06:24,28,30,4540,19453
2023-12-13 13:06:24,29,30,4540,19453
2023-12-13 13:06:28,28,30,4540,19453
2023-12-13 13:06:28,29,30,4540,19453
2023-12-13 13:06:29,28,30,4540,19453
2023-12-13 13:06:29,29,30,4540,19453
2023-12-13 13:06:34,28,30,4540,19453
2023-12-13 13:06:34,29,30,4540,19453
2023-12-13 13:06:42,28,30,4540,19453
2023-12-13 13:06:42,29,30,4540,19453
2023-12-13 13:06:56,28,30,4540,19453
2023-12-13 13:06:56,29,30,4540,19453
2023-12-13 13:06:57,28,30,4540,19453
2023-12-13 13:07:16,29,30,4540,19453
2023-12-13 13:07:18,28,30,4540,19453
2023-12-13 13:07:18,29,30,4540,19453
2023-12-13 13:07:25,28,30,4540,19453
2023-12-13 13:07:26,29,30,4540,19453
2023-12-13 13:07:31,28,30,4540,19453
2023-12-13 13:07:38,29,30,4540,19453
2023-12-13 13:07:41,28,30,4540,19453
2023-12-13 13:07:41,29,30,4540,19453
2023-12-13 13:07:47,28,30,4540,19453
2023-12-13 13:07:47,29,30,4540,19453
2023-12-13 13:07:48,28,30,4540,19453
2023-12-13 13:07:48,29,30,4540,19453
2023-12-13 13:07:59,28,30,4540,19453
2023-12-13 13:07:59,29,30,4540,19453
2023-12-13 13:08:04,28,30,4540,19453
2023-12-13 13:08:04,29,30,4540,19453
2023-12-13 13:08:16,28,30,4540,19453
2023-12-13 13:08:16,29,30,4540,19453
2023-12-13 13:08:18,28,30,4540,19453
2023-12-13 13:08:18,29,30,4540,19453
2023-12-13 13:08:36,28,30,4540,19453
2023-12-13 13:08:50,29,30,4540,19453
2023-12-13 13:08:51,28,30,4540,19453
2023-12-13 13:08:51,29,30,4540,19453
2023-12-13 13:08:55,28,30,4540,19453
2023-12-13 13:08:56,29,30,4540,19453
2023-12-13 13:08:57,28,30,4540,19453
2023-12-13 13:09:11,27,30,4540,19453
2023-12-13 13:09:11,28,30,4540,19453
2023-12-13 13:09:15,27,30,4540,19453
2023-12-13 13:09:15,28,30,4540,19453
2023-12-13 13:09:33,27,30,4540,19453
2023-12-13 13:09:34,28,30,4540,19453
2023-12-13 13:09:37,27,30,4540,19453
2023-12-13 13:09:37,29,30,4540,19453
2023-12-13 13:09:47,27,30,4540,19453
2023-12-13 13:09:47,29,30,4540,19453
2023-12-13 13:09:47,27,30,4540,19453
2023-12-13 13:09:47,29,30,4540,19453
2023-12-13 13:09:49,27,30,4540,19453
2023-12-13 13:09:49,28,30,4540,19453
2023-12-13 13:10:03,27,30,4540,19453
2023-12-13 13:10:05,28,30,4540,19453
2023-12-13 13:10:06,27,30,4540,19453
2023-12-13 13:10:06,28,30,4540,19453
2023-12-13 13:10:18,27,30,4540,19453
2023-12-13 13:10:18,28,30,4540,19453
2023-12-13 13:10:19,27,30,4540,19453
2023-12-13 13:10:22,28,30,4540,19453
2023-12-13 13:10:23,27,30,4540,19453
2023-12-13 13:10:23,28,30,4540,19453
2023-12-13 13:10:31,27,30,4540,19453
2023-12-13 13:10:31,28,30,4540,19453
2023-12-13 13:10:48,27,30,4540,19453
2023-12-13 13:10:48,28,30,4540,19453
2023-12-13 13:10:50,27,30,4540,19453
2023-12-13 13:10:50,28,30,4540,19453
2023-12-13 13:10:53,27,30,4540,19453
2023-12-13 13:10:53,28,30,4540,19453
2023-12-13 13:11:05,27,30,4540,19453
2023-12-13 13:11:05,28,30,4540,19453
2023-12-13 13:11:15,27,30,4540,19453
2023-12-13 13:11:15,28,30,4540,19453
2023-12-13 13:11:21,27,30,4540,19453
2023-12-13 13:11:21,28,30,4540,19453
2023-12-13 13:11:38,27,30,4540,19453
2023-12-13 13:11:39,28,30,4540,19453
2023-12-13 13:11:47,27,30,4540,19453
2023-12-13 13:11:47,28,30,4540,19453
2023-12-13 13:12:35,27,30,4540,19453
2023-12-13 13:12:50,28,30,4540,19453
2023-12-13 13:12:52,27,30,4540,19453
2023-12-13 13:12:52,28,30,4540,19453
2023-12-13 13:12:54,27,30,4540,19453
2023-12-13 13:13:07,28,30,4540,19453
2023-12-13 13:13:23,27,30,4540,19453
2023-12-13 13:13:23,28,30,4540,19453
2023-12-13 13:13:27,27,30,4540,19453
2023-12-13 13:13:27,28,30,4540,19453
2023-12-13 13:13:51,27,30,4540,19453
2023-12-13 13:13:51,28,30,4540,19453
2023-12-13 13:14:02,27,30,4540,19453
2023-12-13 13:14:02,28,30,4540,19453
2023-12-13 13:14:08,27,30,4540,19453
2023-12-13 13:14:08,28,30,4540,19453
2023-12-13 13:14:10,27,30,4540,19453
2023-12-13 13:14:10,28,30,4540,19453
2023-12-13 13:14:15,27,30,4540,19453
2023-12-13 13:14:15,28,30,4540,19453
2023-12-13 13:14:24,27,30,4540,19453
2023-12-13 13:14:24,28,30,4540,19453
2023-12-13 13:14:47,27,30,4540,19453
2023-12-13 13:14:47,28,30,4540,19453
2023-12-13 13:14:54,27,30,4540,19453
2023-12-13 13:14:54,28,30,4540,19453
2023-12-13 13:15:11,27,30,4540,19453
2023-12-13 13:15:11,28,30,4540,19453
2023-12-13 13:15:17,27,30,4540,19453
2023-12-13 13:15:17,28,30,4540,19453
2023-12-13 13:15:19,27,30,4540,19453
2023-12-13 13:15:19,28,30,4540,19453
2023-12-13 13:15:21,27,30,4540,19453
2023-12-13 13:15:21,28,30,4540,19453
2023-12-13 13:15:27,27,30,4540,19453
2023-12-13 13:15:27,28,30,4540,19453
2023-12-13 13:15:46,29,30,4540,19453
2023-12-13 13:15:47,28,30,4540,19453
2023-12-13 13:15:51,27,30,4540,19453
2023-12-13 13:15:51,28,30,4540,19453
2023-12-13 13:16:02,27,30,4540,19453
2023-12-13 13:16:02,28,30,4540,19453
2023-12-13 13:16:04,29,30,4540,19453
2023-12-13 13:16:05,28,30,4540,19453
2023-12-13 13:16:05,29,30,4540,19453
2023-12-13 13:16:12,28,30,4540,19453
2023-12-13 13:16:13,29,30,4540,19453
2023-12-13 13:16:15,27,30,4540,19453
2023-12-13 13:16:15,28,30,4540,19453
2023-12-13 13:16:20,27,30,4540,19453
2023-12-13 13:16:21,28,30,4540,19453
2023-12-13 13:16:30,27,30,4540,19453
2023-12-13 13:16:30,28,30,4540,19453
2023-12-13 13:16:37,27,30,4540,19453
2023-12-13 13:16:37,28,30,4540,19453
2023-12-13 13:16:44,27,30,4540,19453
2023-12-13 13:16:44,28,30,4540,19453
2023-12-13 13:16:45,27,30,4540,19453
2023-12-13 13:16:45,28,30,4540,19453
2023-12-13 13:16:53,27,30,4540,19453
2023-12-13 13:16:53,28,30,4540,19453
2023-12-13 13:17:00,27,30,4540,19453
2023-12-13 13:17:00,28,30,4540,19453
2023-12-13 13:17:02,27,30,4540,19453
2023-12-13 13:17:03,28,30,4540,19453
2023-12-13 13:17:07,27,30,4540,19453
2023-12-13 13:17:07,28,30,4540,19453
2023-12-13 13:17:11,27,30,4540,19453
2023-12-13 13:17:11,28,30,4540,19453
2023-12-13 13:17:36,27,30,4540,19453
2023-12-13 13:17:36,28,30,4540,19453
2023-12-13 13:17:37,27,30,4540,19453
2023-12-13 13:17:59,28,30,4540,19453
2023-12-13 13:18:01,27,30,4540,19453
2023-12-13 13:18:10,28,30,4540,19453
2023-12-13 13:18:11,27,30,4540,19453
2023-12-13 13:18:11,28,30,4540,19453
2023-12-13 13:18:18,27,30,4540,19453
2023-12-13 13:18:19,28,30,4540,19453
2023-12-13 13:18:31,27,30,4540,19453
2023-12-13 13:18:39,27,29,4540,19453
2023-12-13 13:18:42,27,30,4540,19453
2023-12-13 13:18:42,27,29,4540,19453
2023-12-13 13:18:46,27,30,4540,19453
2023-12-13 13:18:46,27,29,4540,19453
2023-12-13 13:18:47,28,29,4540,19453
2023-12-13 13:18:54,27,29,4540,19453
2023-12-13 13:19:01,27,30,4540,19453
2023-12-13 13:19:02,27,29,4540,19453
2023-12-13 13:19:05,28,29,4540,19453
2023-12-13 13:19:09,27,29,4540,19453
2023-12-13 13:19:09,27,30,4540,19453
2023-12-13 13:19:09,27,29,4540,19453
2023-12-13 13:19:09,28,29,4540,19453
2023-12-13 13:19:10,28,30,4540,19453
2023-12-13 13:19:12,28,29,4540,19453
2023-12-13 13:19:14,28,30,4540,19453
2023-12-13 13:19:14,28,29,4540,19453
2023-12-13 13:19:17,28,30,4540,19453
2023-12-13 13:19:18,28,29,4540,19453
2023-12-13 13:19:19,28,30,4540,19453
2023-12-13 13:19:20,28,29,4540,19453
2023-12-13 13:19:21,28,30,4540,19453
2023-12-13 13:19:21,27,30,4540,19453
2023-12-13 13:19:21,28,30,4540,19453
2023-12-13 13:19:24,28,30,4540,19453
2023-12-13 13:19:24,28,29,4540,19453
2023-12-13 13:19:25,28,30,4540,19453
2023-12-13 13:19:25,27,30,4540,19453
2023-12-13 13:19:25,28,30,4540,19453
2023-12-13 13:19:32,27,30,4540,19453
2023-12-13 13:19:32,28,30,4540,19453
2023-12-13 13:19:35,27,30,4540,19453
2023-12-13 13:19:35,28,30,4540,19453
2023-12-13 13:19:40,28,29,4540,19453
2023-12-13 13:19:48,28,30,4540,19453
2023-12-13 13:19:48,27,29,4540,19453
2023-12-13 13:19:48,28,29,4540,19453
2023-12-13 13:19:50,28,30,4540,19453
2023-12-13 13:19:50,28,29,4540,19453
2023-12-13 13:19:51,28,30,4540,19453
2023-12-13 13:19:59,27,30,4540,19453
2023-12-13 13:19:59,28,30,4540,19453
2023-12-13 13:20:04,27,30,4540,19453
2023-12-13 13:20:04,28,30,4540,19453
2023-12-13 13:20:09,28,29,4540,19453
2023-12-13 13:20:15,28,30,4540,19453
2023-12-13 13:20:26,27,30,4540,19453
2023-12-13 13:20:26,28,30,4540,19453
2023-12-13 13:20:30,27,30,4540,19453
2023-12-13 13:20:30,28,30,4540,19453
2023-12-13 13:21:10,27,30,4540,19453
2023-12-13 13:21:10,28,30,4540,19453
2023-12-13 13:21:15,27,30,4540,19453
2023-12-13 13:21:15,28,30,4540,19453
2023-12-13 13:21:39,27,30,4540,19453
2023-12-13 13:21:39,28,30,4540,19453
2023-12-13 13:21:41,27,30,4540,19453
2023-12-13 13:21:41,28,30,4540,19453
2023-12-13 13:21:48,27,30,4540,19453
2023-12-13 13:21:48,28,30,4540,19453
2023-12-13 13:21:54,27,30,4540,19453
2023-12-13 13:21:55,28,30,4540,19453
2023-12-13 13:21:59,27,30,4540,19453
2023-12-13 13:21:59,28,30,4540,19453
2023-12-13 13:22:01,27,30,4540,19453
2023-12-13 13:22:01,28,30,4540,19453
2023-12-13 13:22:06,27,30,4540,19453
2023-12-13 13:22:06,28,30,4540,19453
2023-12-13 13:22:10,27,30,4540,19453
2023-12-13 13:22:10,29,30,4540,19453
2023-12-13 13:22:11,27,30,4540,19453
2023-12-13 13:22:11,28,30,4540,19453
2023-12-13 13:22:15,27,30,4540,19453
2023-12-13 13:22:15,29,30,4540,19453
2023-12-13 13:22:16,27,30,4540,19453
2023-12-13 13:22:16,28,30,4540,19453
2023-12-13 13:22:21,27,30,4540,19453
2023-12-13 13:22:21,28,30,4540,19453
2023-12-13 13:22:23,27,30,4540,19453
2023-12-13 13:22:23,28,30,4540,19453
2023-12-13 13:22:27,27,30,4540,19453
2023-12-13 13:22:27,29,30,4540,19453
2023-12-13 13:22:29,27,30,4665,19578
2023-12-13 13:22:29,28,30,4665,19578
2023-12-13 13:22:30,27,30,4665,19578
2023-12-13 13:22:30,28,30,4665,19578
2023-12-13 13:22:32,27,30,4665,19578
2023-12-13 13:22:32,28,30,4665,19578
2023-12-13 13:22:33,27,30,4665,19578
2023-12-13 13:22:33,28,30,4665,19578
2023-12-13 13:22:39,27,30,4665,19578
2023-12-13 13:22:40,28,30,4665,19578
2023-12-13 13:22:44,27,30,4665,19578
2023-12-13 13:22:44,28,30,4665,19578
2023-12-13 13:22:48,27,30,4665,19578
2023-12-13 13:22:48,28,30,4665,19578
2023-12-13 13:22:55,27,30,4665,19578
2023-12-13 13:22:55,28,30,4665,19578
2023-12-13 13:23:23,27,30,4665,19578
2023-12-13 13:23:23,29,30,4665,19578
2023-12-13 13:23:23,27,30,4665,19578
2023-12-13 13:23:23,29,30,4665,19578
2023-12-13 13:23:28,27,30,4665,19578
2023-12-13 13:23:28,28,30,4665,19578
2023-12-13 13:23:29,27,30,4665,19578
2023-12-13 13:23:29,28,30,4665,19578
2023-12-13 13:23:31,27,30,4665,19578
2023-12-13 13:23:31,28,30,4665,19578
2023-12-13 13:23:46,27,30,4665,19578
2023-12-13 13:23:46,28,30,4665,19578
2023-12-13 13:23:51,27,30,4665,19578
2023-12-13 13:23:51,28,30,4665,19578
2023-12-13 13:23:59,27,30,4665,19578
2023-12-13 13:23:59,29,30,4665,19578
2023-12-13 13:24:03,27,30,4665,19578
2023-12-13 13:24:03,28,30,4665,19578
2023-12-13 13:24:06,27,30,4665,19578
2023-12-13 13:24:06,28,30,4665,19578
2023-12-13 13:24:21,27,30,4665,19578
2023-12-13 13:24:21,28,30,4665,19578
2023-12-13 13:24:29,27,30,4665,19578
2023-12-13 13:24:29,28,30,4665,19578
2023-12-13 13:24:37,27,30,4665,19578
2023-12-13 13:24:37,28,30,4665,19578
2023-12-13 13:24:38,27,30,4665,19578
2023-12-13 13:24:38,28,30,4665,19578
2023-12-13 13:24:39,27,30,4665,19578
2023-12-13 13:24:39,28,30,4665,19578
2023-12-13 13:24:41,27,30,4665,19578
2023-12-13 13:24:41,28,30,4665,19578
2023-12-13 13:24:49,27,30,4665,19578
2023-12-13 13:24:49,28,30,4665,19578
2023-12-13 13:24:57,27,30,4665,19578
2023-12-13 13:24:57,29,30,4665,19578
2023-12-13 13:24:59,27,30,4665,19578
2023-12-13 13:24:59,28,30,4665,19578
2023-12-13 13:25:11,27,30,4665,19578
2023-12-13 13:25:11,28,30,4665,19578
2023-12-13 13:25:18,27,30,4665,19578
2023-12-13 13:25:18,28,30,4665,19578
2023-12-13 13:25:19,27,30,4665,19578
2023-12-13 13:25:19,29,30,4665,19578
2023-12-13 13:25:19,27,30,4665,19578
2023-12-13 13:25:19,29,30,4665,19578
2023-12-13 13:25:21,27,30,4665,19578
2023-12-13 13:25:21,29,30,4665,19578
2023-12-13 13:25:23,27,30,4665,19578
2023-12-13 13:25:23,29,30,4665,19578
2023-12-13 13:25:27,27,30,4665,19578
2023-12-13 13:25:28,28,30,4665,19578
2023-12-13 13:25:33,27,30,4665,19578
2023-12-13 13:25:34,28,30,4665,19578
2023-12-13 13:25:37,27,30,4665,19578
2023-12-13 13:25:37,29,30,4665,19578
2023-12-13 13:25:37,27,30,4665,19578
2023-12-13 13:25:37,29,30,4665,19578
2023-12-13 13:25:37,27,30,4665,19578
2023-12-13 13:25:37,29,30,4665,19578
2023-12-13 13:25:40,28,30,4665,19578
2023-12-13 13:25:41,29,30,4665,19578
2023-12-13 13:25:47,28,30,4665,19578
2023-12-13 13:25:47,29,30,4665,19578
2023-12-13 13:25:51,28,30,4665,19578
2023-12-13 13:25:51,29,30,4665,19578
2023-12-13 13:25:55,28,30,4665,19578
2023-12-13 13:25:55,29,30,4665,19578
2023-12-13 13:26:03,28,30,4665,19578
2023-12-13 13:26:21,29,30,4665,19578
2023-12-13 13:26:24,27,30,4665,19578
2023-12-13 13:26:24,28,30,4665,19578
2023-12-13 13:26:27,27,30,4665,19578
2023-12-13 13:26:27,28,30,4665,19578
2023-12-13 13:26:31,27,30,4665,19578
2023-12-13 13:26:31,28,30,4665,19578
2023-12-13 13:26:35,27,30,4665,19578
2023-12-13 13:26:35,28,30,4665,19578
2023-12-13 13:26:42,27,30,4665,19578
2023-12-13 13:26:42,28,30,4665,19578
2023-12-13 13:26:47,27,30,4665,19578
2023-12-13 13:26:48,28,30,4665,19578
2023-12-13 13:26:54,27,30,4665,19578
2023-12-13 13:26:54,28,30,4665,19578
2023-12-13 13:26:56,27,30,4665,19578
2023-12-13 13:26:56,28,30,4665,19578
2023-12-13 13:27:13,27,30,4665,19578
2023-12-13 13:27:13,28,30,4665,19578
2023-12-13 13:27:31,27,30,4665,19578
2023-12-13 13:27:31,28,30,4665,19578
2023-12-13 13:27:47,27,30,4665,19578
2023-12-13 13:27:48,28,30,4665,19578
2023-12-13 13:27:51,27,30,4665,19578
2023-12-13 13:27:51,28,30,4665,19578
2023-12-13 13:27:57,27,30,4665,19578
2023-12-13 13:27:57,28,30,4665,19578
2023-12-13 13:27:59,27,30,4665,19578
2023-12-13 13:27:59,28,30,4665,19578
2023-12-13 13:28:03,27,30,4665,19578
2023-12-13 13:28:03,28,30,4665,19578
2023-12-13 13:28:05,27,30,4665,19578
2023-12-13 13:28:05,28,30,4665,19578
2023-12-13 13:28:11,27,30,4665,19578
2023-12-13 13:28:11,28,30,4665,19578
2023-12-13 13:28:12,27,30,4665,19578
2023-12-13 13:28:12,28,30,4665,19578
2023-12-13 13:28:14,27,30,4665,19578
2023-12-13 13:28:14,28,30,4665,19578
2023-12-13 13:28:18,27,30,4665,19578
2023-12-13 13:28:18,28,30,4665,19578
2023-12-13 13:28:25,27,30,4665,19578
2023-12-13 13:28:25,28,30,4665,19578
2023-12-13 13:28:35,27,30,4665,19578
2023-12-13 13:28:35,28,30,4665,19578
2023-12-13 13:28:41,27,30,4665,19578
2023-12-13 13:28:41,28,30,4665,19578
2023-12-13 13:28:43,27,30,4665,19578
2023-12-13 13:28:43,28,30,4665,19578
2023-12-13 13:28:49,27,30,4665,19578
2023-12-13 13:28:49,28,30,4665,19578
2023-12-13 13:28:52,27,30,4665,19578
2023-12-13 13:28:53,28,30,4665,19578
2023-12-13 13:29:03,27,30,4665,19578
2023-12-13 13:29:03,28,30,4665,19578
2023-12-13 13:29:10,28,30,4675,19588
2023-12-13 13:29:11,28,29,4675,19588
2023-12-13 13:29:15,27,29,4675,19588
2023-12-13 13:29:15,28,29,4675,19588
2023-12-13 13:29:27,27,29,4675,19588
2023-12-13 13:29:27,28,29,4675,19588
2023-12-13 13:29:31,27,29,4675,19588
2023-12-13 13:29:31,28,29,4675,19588
2023-12-13 13:29:41,27,29,4675,19588
2023-12-13 13:29:41,28,29,4675,19588
2023-12-13 13:29:47,27,29,4675,19588
2023-12-13 13:29:47,28,29,4675,19588
2023-12-13 13:30:09,27,29,4675,19588
2023-12-13 13:30:09,28,29,4675,19588
2023-12-13 13:30:10,27,29,4675,19588
2023-12-13 13:30:41,28,29,4675,19588
2023-12-13 13:30:50,27,29,4675,19588
2023-12-13 13:30:50,28,29,4675,19588
2023-12-13 13:30:51,27,29,4675,19588
2023-12-13 13:30:51,28,29,4675,19588
2023-12-13 13:31:05,27,29,4675,19588
2023-12-13 13:31:05,28,29,4675,19588
2023-12-13 13:31:07,27,29,4675,19588
2023-12-13 13:31:07,28,29,4675,19588
2023-12-13 13:31:09,27,29,4675,19588
2023-12-13 13:31:09,28,29,4675,19588
2023-12-13 13:31:11,27,29,4675,19588
2023-12-13 13:31:11,28,29,4675,19588
2023-12-13 13:31:13,27,29,4675,19588
2023-12-13 13:31:13,28,29,4675,19588
2023-12-13 13:31:21,27,29,4675,19588
2023-12-13 13:31:21,28,29,4675,19588
2023-12-13 13:31:38,27,29,4675,19588
2023-12-13 13:31:39,28,29,4675,19588
2023-12-13 13:31:43,27,29,4675,19588
2023-12-13 13:31:43,28,29,4675,19588
2023-12-13 13:31:47,27,29,4675,19588
2023-12-13 13:31:47,28,29,4675,19588
2023-12-13 13:31:54,27,29,4675,19588
2023-12-13 13:31:54,28,29,4675,19588
2023-12-13 13:31:58,27,29,4675,19588
2023-12-13 13:31:58,28,29,4675,19588
2023-12-13 13:32:00,27,29,4675,19588
2023-12-13 13:32:01,28,29,4675,19588
2023-12-13 13:32:10,27,29,4675,19588
2023-12-13 13:32:10,28,29,4675,19588
2023-12-13 13:32:22,27,29,4675,19588
2023-12-13 13:32:22,28,29,4675,19588
2023-12-13 13:32:29,27,29,4675,19588
2023-12-13 13:32:29,28,29,4675,19588
2023-12-13 13:32:37,27,29,4675,19588
2023-12-13 13:32:37,28,29,4675,19588
2023-12-13 13:32:42,27,29,4675,19588
2023-12-13 13:32:42,28,29,4675,19588
2023-12-13 13:32:44,27,29,4675,19588
2023-12-13 13:32:44,28,29,4675,19588
2023-12-13 13:32:56,27,29,4675,19588
2023-12-13 13:32:56,28,29,4675,19588
2023-12-13 13:33:04,27,29,4675,19588
2023-12-13 13:33:04,28,29,4675,19588
2023-12-13 13:33:21,27,29,4675,19588
2023-12-13 13:33:21,28,29,4675,19588
2023-12-13 13:33:28,27,29,4675,19588
2023-12-13 13:33:28,28,29,4675,19588
2023-12-13 13:33:29,27,29,4675,19588
2023-12-13 13:33:30,28,29,4675,19588
2023-12-13 13:33:31,27,29,4675,19588
2023-12-13 13:33:40,28,29,4675,19588
2023-12-13 13:33:42,27,29,4675,19588
2023-12-13 13:33:42,28,29,4675,19588
2023-12-13 13:33:47,27,29,4675,19588
2023-12-13 13:33:47,28,29,4675,19588
2023-12-13 13:33:54,27,29,4675,19588
2023-12-13 13:33:54,28,29,4675,19588
2023-12-13 13:33:57,27,29,4675,19588
2023-12-13 13:33:57,28,29,4675,19588
2023-12-13 13:33:58,27,29,4675,19588
2023-12-13 13:33:58,28,29,4675,19588
2023-12-13 13:33:59,27,29,4675,19588
2023-12-13 13:33:59,28,29,4675,19588
2023-12-13 13:34:04,27,29,4675,19588
2023-12-13 13:34:04,28,29,4675,19588
2023-12-13 13:34:19,27,29,4675,19588
2023-12-13 13:34:19,28,29,4675,19588
2023-12-13 13:34:28,27,29,4675,19588
2023-12-13 13:34:28,28,29,4675,19588
2023-12-13 13:34:32,27,29,4675,19588
2023-12-13 13:34:32,28,29,4675,19588
2023-12-13 13:34:54,27,29,4675,19588
2023-12-13 13:34:54,28,29,4675,19588
2023-12-13 13:34:57,27,29,4675,19588
2023-12-13 13:34:57,28,29,4675,19588
2023-12-13 13:35:04,27,29,4675,19588
2023-12-13 13:35:04,28,29,4675,19588
2023-12-13 13:35:12,27,29,4675,19588
2023-12-13 13:35:12,28,29,4675,19588
2023-12-13 13:35:22,27,29,4675,19588
2023-12-13 13:35:23,28,29,4675,19588
2023-12-13 13:35:29,27,29,4675,19588
2023-12-13 13:35:29,28,29,4675,19588
2023-12-13 13:35:39,27,29,4675,19588
2023-12-13 13:35:39,28,29,4675,19588
2023-12-13 13:35:48,27,29,4675,19588
2023-12-13 13:35:48,28,29,4675,19588
2023-12-13 13:35:57,27,29,4675,19588
2023-12-13 13:35:57,28,29,4675,19588
2023-12-13 13:36:08,27,29,4675,19588
2023-12-13 13:36:08,28,29,4675,19588
2023-12-13 13:36:15,27,29,4675,19588
2023-12-13 13:36:15,28,29,4675,19588
2023-12-13 13:36:20,27,29,4675,19588
2023-12-13 13:36:23,28,29,4675,19588
2023-12-13 13:36:30,27,29,4675,19588
2023-12-13 13:36:30,28,29,4675,19588
2023-12-13 13:36:34,27,29,4675,19588
2023-12-13 13:36:34,28,29,4675,19588
2023-12-13 13:36:41,27,29,4675,19588
2023-12-13 13:36:41,28,29,4675,19588
2023-12-13 13:36:43,27,29,4675,19588
2023-12-13 13:36:44,28,29,4675,19588
2023-12-13 13:36:46,27,29,4675,19588
2023-12-13 13:36:47,28,29,4675,19588
2023-12-13 13:37:08,27,29,4675,19588
2023-12-13 13:37:08,28,29,4675,19588
2023-12-13 13:37:14,27,29,4675,19588
2023-12-13 13:37:14,28,29,4675,19588
2023-12-13 13:37:31,27,29,4675,19588
2023-12-13 13:37:31,28,29,4675,19588
2023-12-13 13:37:37,27,29,4675,19588
2023-12-13 13:37:38,28,29,4675,19588
2023-12-13 13:37:54,27,29,4675,19588
2023-12-13 13:37:56,28,29,4675,19588
2023-12-13 13:38:01,27,29,4675,19588
2023-12-13 13:38:01,28,29,4675,19588
2023-12-13 13:38:02,27,29,4675,19588
2023-12-13 13:38:02,28,29,4675,19588
2023-12-13 13:38:05,27,29,4675,19588
2023-12-13 13:38:06,28,29,4675,19588
2023-12-13 13:38:13,27,29,4675,19588
2023-12-13 13:38:13,28,29,4675,19588
2023-12-13 13:38:14,28,30,4675,19598
2023-12-13 13:38:15,29,30,4675,19598
2023-12-13 13:38:25,28,30,4675,19598
2023-12-13 13:38:25,29,30,4675,19598
2023-12-13 13:38:32,28,30,4675,19598
2023-12-13 13:38:32,29,30,4675,19598
2023-12-13 13:38:34,28,30,4675,19598
2023-12-13 13:38:34,29,30,4675,19598
2023-12-13 13:38:39,28,30,4675,19598
2023-12-13 13:38:39,29,30,4675,19598
2023-12-13 13:38:55,28,30,4675,19598
2023-12-13 13:38:55,29,30,4675,19598
2023-12-13 13:38:57,28,30,4675,19598
2023-12-13 13:38:57,29,30,4675,19598
2023-12-13 13:39:03,27,30,4675,19598
2023-12-13 13:39:03,28,30,4675,19598
2023-12-13 13:39:22,27,30,4675,19598
2023-12-13 13:39:23,28,30,4675,19598
2023-12-13 13:39:43,29,30,4675,19598
2023-12-13 13:39:45,28,30,4675,19598
2023-12-13 13:39:45,29,30,4675,19598
2023-12-13 13:39:47,28,30,4675,19598
2023-12-13 13:39:47,29,30,4675,19598
2023-12-13 13:39:51,28,30,4675,19598
2023-12-13 13:39:51,29,30,4675,19598
2023-12-13 13:39:55,28,30,4675,19598
2023-12-13 13:39:56,29,30,4675,19598
2023-12-13 13:39:58,28,30,4675,19598
2023-12-13 13:39:59,29,30,4675,19598
2023-12-13 13:40:01,28,30,4675,19598
2023-12-13 13:40:01,29,30,4675,19598
2023-12-13 13:40:09,28,30,4675,19598
2023-12-13 13:40:09,29,30,4675,19598
2023-12-13 13:40:16,28,30,4675,19598
2023-12-13 13:40:16,29,30,4675,19598
2023-12-13 13:40:34,28,30,4675,19598
2023-12-13 13:40:34,29,30,4675,19598
2023-12-13 13:40:36,28,30,4675,19598
2023-12-13 13:40:36,29,30,4675,19598
2023-12-13 13:40:42,28,30,4675,19598
2023-12-13 13:40:43,29,30,4675,19598
2023-12-13 13:40:59,28,30,4675,19598
2023-12-13 13:40:59,29,30,4675,19598
2023-12-13 13:41:01,28,30,4675,19598
2023-12-13 13:41:01,29,30,4675,19598
2023-12-13 13:41:21,28,30,4675,19598
2023-12-13 13:41:21,29,30,4675,19598
2023-12-13 13:41:22,28,30,4675,19598
2023-12-13 13:41:27,29,30,4675,19598
2023-12-13 13:41:47,28,30,4675,19598
2023-12-13 13:41:47,29,30,4675,19598
2023-12-13 13:41:49,28,30,4675,19598
2023-12-13 13:41:49,29,30,4675,19598
2023-12-13 13:41:52,28,30,4675,19598
2023-12-13 13:42:28,29,30,4675,19598
2023-12-13 13:42:29,28,30,4675,19598
2023-12-13 13:42:29,29,30,4675,19598
2023-12-13 13:42:35,28,30,4675,19598
2023-12-13 13:42:35,29,30,4675,19598
2023-12-13 13:42:35,28,30,4675,19598
2023-12-13 13:42:35,29,30,4675,19598
2023-12-13 13:42:40,28,30,4675,19598
2023-12-13 13:42:40,29,30,4675,19598
2023-12-13 13:42:42,28,30,4675,19598
2023-12-13 13:42:42,29,30,4675,19598
2023-12-13 13:42:51,28,30,4675,19598
2023-12-13 13:42:51,29,30,4675,19598
2023-12-13 13:42:59,27,30,4675,19598
2023-12-13 13:42:59,29,30,4675,19598
2023-12-13 13:43:05,28,30,4675,19598
2023-12-13 13:43:05,29,30,4675,19598
2023-12-13 13:43:11,28,30,4675,19598
2023-12-13 13:43:11,29,30,4675,19598
2023-12-13 13:43:13,28,30,4675,19598
2023-12-13 13:43:14,29,30,4675,19598
2023-12-13 13:43:15,28,30,4675,19598
2023-12-13 13:43:15,29,30,4675,19598
2023-12-13 13:43:17,28,30,4675,19598
2023-12-13 13:43:17,29,30,4675,19598
2023-12-13 13:43:19,28,30,4675,19598
2023-12-13 13:43:19,29,30,4675,19598
2023-12-13 13:43:24,28,30,4675,19598
2023-12-13 13:43:24,29,30,4675,19598
2023-12-13 13:43:31,28,30,4675,19598
2023-12-13 13:43:32,29,30,4675,19598
2023-12-13 13:43:47,28,30,4675,19598
2023-12-13 13:43:47,29,30,4675,19598
2023-12-13 13:44:13,28,30,4675,19598
2023-12-13 13:44:13,29,30,4675,19598
2023-12-13 13:44:21,28,30,4675,19598
2023-12-13 13:44:22,29,30,4675,19598
2023-12-13 13:44:24,28,30,4675,19598
2023-12-13 13:44:24,29,30,4675,19598
2023-12-13 13:44:26,28,30,4675,19598
2023-12-13 13:44:26,29,30,4675,19598
2023-12-13 13:44:30,28,30,4675,19598
2023-12-13 13:44:30,29,30,4675,19598
2023-12-13 13:45:00,28,30,4675,19598
2023-12-13 13:45:06,29,30,4675,19598
2023-12-13 13:45:07,28,30,4675,19598
2023-12-13 13:45:07,29,30,4675,19598
2023-12-13 13:45:10,28,30,4675,19598
2023-12-13 13:45:10,29,30,4675,19598
2023-12-13 13:45:22,28,30,4675,19598
2023-12-13 13:45:22,29,30,4675,19598
2023-12-13 13:45:26,28,30,4675,19598
2023-12-13 13:45:26,29,30,4675,19598
2023-12-13 13:45:40,28,30,4675,19598
2023-12-13 13:45:40,29,30,4675,19598
2023-12-13 13:45:58,28,30,4675,19598
2023-12-13 13:45:58,29,30,4675,19598
2023-12-13 13:46:01,28,30,4675,19598
2023-12-13 13:46:01,29,30,4675,19598
2023-12-13 13:46:05,28,30,4675,19598
2023-12-13 13:46:05,29,30,4675,19598
2023-12-13 13:46:09,28,30,4675,19598
2023-12-13 13:46:09,29,30,4675,19598
2023-12-13 13:46:11,28,30,4675,19598
2023-12-13 13:46:11,29,30,4675,19598
2023-12-13 13:46:13,28,30,4675,19598
2023-12-13 13:46:13,29,30,4675,19598
2023-12-13 13:46:17,28,30,4675,19598
2023-12-13 13:46:17,29,30,4675,19598
2023-12-13 13:46:29,28,30,4675,19598
2023-12-13 13:46:29,29,30,4675,19598
2023-12-13 13:46:32,28,30,4675,19598
2023-12-13 13:46:32,29,30,4675,19598
2023-12-13 13:46:51,29,34,4675,19798
2023-12-13 13:46:54,29,33,4675,19798
2023-12-13 13:46:56,29,32,4675,19798
2023-12-13 13:46:59,29,33,4675,19798
2023-12-13 13:46:59,29,31,4675,19798
2023-12-13 13:46:59,29,33,4675,19798
2023-12-13 13:46:59,29,31,4675,19798
2023-12-13 13:47:01,29,33,4675,19798
2023-12-13 13:47:28,29,32,4675,19798
2023-12-13 13:47:43,29,33,4675,19798
2023-12-13 13:47:43,29,32,4675,19798
2023-12-13 13:47:46,29,33,4675,19798
2023-12-13 13:47:46,29,32,4675,19798
2023-12-13 13:47:49,30,32,4675,19798
2023-12-13 13:47:50,29,32,4675,19798
2023-12-13 13:47:50,30,33,4675,19798
2023-12-13 13:47:50,29,32,4675,19798
2023-12-13 13:47:54,29,33,4675,19798
2023-12-13 13:47:54,29,31,4675,19798
2023-12-13 13:47:54,29,33,4675,19798
2023-12-13 13:47:54,29,31,4675,19798
2023-12-13 13:47:57,29,33,4675,19798
2023-12-13 13:47:57,29,31,4675,19798
2023-12-13 13:48:05,29,33,4675,19798
2023-12-13 13:48:05,29,31,4675,19798
2023-12-13 13:48:20,29,33,4675,19798
2023-12-13 13:48:20,29,31,4675,19798
2023-12-13 13:48:20,29,33,4675,19798
2023-12-13 13:48:20,29,31,4675,19798
2023-12-13 13:48:23,29,33,4675,19798
2023-12-13 13:48:23,29,32,4675,19798
2023-12-13 13:48:43,29,34,4675,19798
2023-12-13 13:48:44,29,40,4675,19798
2023-12-13 13:48:45,29,35,4675,19798
2023-12-13 13:48:45,29,34,4675,19798
2023-12-13 13:49:45,29,40,4675,19798
2023-12-13 13:49:46,29,35,4675,19798
2023-12-13 13:49:46,29,34,4675,19798
2023-12-13 13:50:28,28,34,4675,19798
2023-12-13 13:50:28,29,34,4675,19798
2023-12-13 13:50:29,28,34,4675,19798
2023-12-13 13:50:29,29,34,4675,19798
2023-12-13 13:50:33,28,34,4675,19798
2023-12-13 13:50:33,29,34,4675,19798
2023-12-13 13:50:35,28,34,4675,19798
2023-12-13 13:50:35,29,34,4675,19798
2023-12-13 13:50:46,29,35,4675,19798
2023-12-13 13:50:47,29,35,4675,19798
2023-12-13 13:50:47,29,39,4675,19798
2023-12-13 13:50:47,29,35,4675,19798
2023-12-13 13:50:47,29,34,4675,19798
2023-12-13 13:51:01,30,34,4675,19798
2023-12-13 13:51:03,29,34,4675,19798
2023-12-13 13:51:03,30,34,4675,19798
2023-12-13 13:51:03,29,34,4675,19798
2023-12-13 13:51:03,30,34,4675,19798
2023-12-13 13:51:07,29,34,4675,19798
2023-12-13 13:51:07,30,34,4675,19798
2023-12-13 13:51:08,29,34,4675,19798
2023-12-13 13:51:47,29,40,4675,19798
2023-12-13 13:51:47,29,39,4675,19798
2023-12-13 13:51:48,29,36,4675,19798
2023-12-13 13:51:48,29,35,4675,19798
2023-12-13 13:52:48,29,40,4675,19798
2023-12-13 13:52:48,29,39,4675,19798
2023-12-13 13:52:49,29,36,4675,19798
2023-12-13 13:52:49,29,35,4675,19798
2023-12-13 13:53:37,30,35,4675,19798
2023-12-13 13:53:43,29,35,4675,19798
2023-12-13 13:53:43,30,35,4675,19798
2023-12-13 13:53:44,29,35,4675,19798
2023-12-13 13:53:45,30,35,4675,19798
2023-12-13 13:53:49,30,40,4675,19798
2023-12-13 13:53:50,30,36,4675,19798
2023-12-13 13:53:50,30,35,4675,19798
2023-12-13 13:53:52,29,35,4675,19798
2023-12-13 13:53:52,30,35,4675,19798
2023-12-13 13:54:17,29,35,4675,19798
2023-12-13 13:54:17,30,35,4675,19798
2023-12-13 13:54:19,29,35,4675,19798
2023-12-13 13:54:19,30,35,4675,19798
2023-12-13 13:54:21,29,35,4675,19798
2023-12-13 13:54:21,30,35,4675,19798
2023-12-13 13:54:33,29,35,4675,19798
2023-12-13 13:54:33,30,35,4675,19798
2023-12-13 13:54:39,29,35,4675,19798
2023-12-13 13:54:39,30,35,4675,19798
2023-12-13 13:54:50,30,36,4675,19798
2023-12-13 13:54:50,30,39,4675,19798
2023-12-13 13:54:50,30,36,4675,19798
2023-12-13 13:54:50,30,39,4675,19798
2023-12-13 13:54:51,30,35,4675,19798
2023-12-13 13:54:53,29,35,4675,19798
2023-12-13 13:54:53,30,35,4675,19798
2023-12-13 13:54:55,29,35,4675,19798
2023-12-13 13:54:55,30,35,4675,19798
2023-12-13 13:54:59,29,35,4675,19798
2023-12-13 13:54:59,30,35,4675,19798
2023-12-13 13:55:04,29,35,4675,19798
2023-12-13 13:55:04,30,35,4675,19798
2023-12-13 13:55:07,29,35,4675,19798
2023-12-13 13:55:07,30,35,4675,19798
2023-12-13 13:55:11,29,35,4675,19798
2023-12-13 13:55:11,30,35,4675,19798
2023-12-13 13:55:15,29,35,4675,19798
2023-12-13 13:55:15,30,35,4675,19798
2023-12-13 13:55:18,29,35,4675,19798
2023-12-13 13:55:19,30,35,4675,19798
2023-12-13 13:55:23,29,35,4675,19798
2023-12-13 13:55:23,30,35,4675,19798
2023-12-13 13:55:25,29,35,4675,19798
2023-12-13 13:55:25,30,35,4675,19798
2023-12-13 13:55:31,29,35,4675,19798
2023-12-13 13:55:31,30,35,4675,19798
2023-12-13 13:55:33,29,35,4675,19798
2023-12-13 13:55:33,30,35,4675,19798
2023-12-13 13:55:35,29,35,4675,19798
2023-12-13 13:55:35,30,35,4675,19798
2023-12-13 13:55:40,31,35,4675,19798
2023-12-13 13:55:45,30,35,4675,19798
2023-12-13 13:55:45,31,35,4675,19798
2023-12-13 13:55:51,31,36,4675,19798
2023-12-13 13:55:51,30,40,4675,19798
2023-12-13 13:55:51,30,39,4675,19798
2023-12-13 13:55:51,31,39,4675,19798
2023-12-13 13:55:52,31,36,4675,19798
2023-12-13 13:55:52,31,35,4675,19798
2023-12-13 13:56:04,30,35,4675,19798
2023-12-13 13:56:04,31,35,4675,19798
2023-12-13 13:56:05,30,35,4675,19798
2023-12-13 13:56:05,31,35,4675,19798
2023-12-13 13:56:09,29,35,4675,19798
2023-12-13 13:56:09,30,35,4675,19798
2023-12-13 13:56:11,29,35,4675,19798
2023-12-13 13:56:11,31,35,4675,19798
2023-12-13 13:56:18,29,35,4675,19798
2023-12-13 13:56:19,30,35,4675,19798
2023-12-13 13:56:21,29,35,4675,19798
2023-12-13 13:56:21,30,35,4675,19798
2023-12-13 13:56:27,29,35,4675,19798
2023-12-13 13:56:27,30,35,4675,19798
2023-12-13 13:56:34,29,35,4675,19798
2023-12-13 13:56:34,30,35,4675,19798
2023-12-13 13:56:36,29,35,4675,19798
2023-12-13 13:56:36,30,35,4675,19798
2023-12-13 13:56:37,29,35,4675,19798
2023-12-13 13:56:37,30,35,4675,19798
2023-12-13 13:56:41,29,35,4675,19798
2023-12-13 13:56:41,30,35,4675,19798
2023-12-13 13:56:43,29,35,4675,19798
2023-12-13 13:56:43,30,35,4675,19798
2023-12-13 13:56:52,30,40,4675,19798
2023-12-13 13:56:52,30,39,4675,19798
2023-12-13 13:56:53,29,39,4675,19798
2023-12-13 13:56:53,30,39,4675,19798
2023-12-13 13:56:53,30,36,4675,19798
2023-12-13 13:56:54,31,36,4675,19798
2023-12-13 13:56:57,30,36,4675,19798
2023-12-13 13:56:58,31,36,4675,19798
2023-12-13 13:56:58,30,36,4675,19798
2023-12-13 13:57:06,31,36,4675,19798
2023-12-13 13:57:18,30,36,4675,19798
2023-12-13 13:57:18,31,36,4675,19798
2023-12-13 13:57:23,30,36,4675,19798
2023-12-13 13:57:23,31,36,4675,19798
2023-12-13 13:57:25,30,36,4675,19798
2023-12-13 13:57:25,31,36,4675,19798
2023-12-13 13:57:28,30,36,4675,19798
2023-12-13 13:57:53,30,40,4675,19798
2023-12-13 13:57:53,30,39,4675,19798
2023-12-13 13:57:54,30,36,4675,19798
2023-12-13 13:58:38,30,36,4678,19801
2023-12-13 13:58:50,31,36,4678,19801
2023-12-13 13:58:50,30,36,4678,19801
2023-12-13 13:58:51,31,36,4678,19801
2023-12-13 13:58:52,30,36,4678,19801
2023-12-13 13:58:54,30,39,4678,19801
2023-12-13 13:58:55,30,37,4678,19801
2023-12-13 13:58:55,30,36,4678,19801
2023-12-13 13:59:01,31,36,4678,19801
2023-12-13 13:59:05,30,36,4678,19801
2023-12-13 13:59:20,29,36,4678,19801
2023-12-13 13:59:55,29,37,4678,19801
2023-12-13 13:59:55,29,39,4678,19801
2023-12-13 13:59:56,29,35,4678,19801
2023-12-13 14:00:02,30,35,4678,19801
2023-12-13 14:00:02,30,40,4678,19801
2023-12-13 14:00:02,30,39,4678,19801
2023-12-13 14:00:03,30,38,4678,19801
2023-12-13 14:00:03,30,37,4678,19801
2023-12-13 14:00:03,31,37,4678,19801
2023-12-13 14:00:09,31,40,4678,19801
2023-12-13 14:00:09,31,39,4678,19801
2023-12-13 14:00:12,32,39,4678,19801
2023-12-13 14:00:13,32,40,4678,19801
2023-12-13 14:00:31,33,40,4678,19801
2023-12-13 14:00:44,34,40,4678,19801
2023-12-13 14:00:56,35,40,4678,19801
2023-12-13 14:01:21,36,40,4678,19801
2023-12-13 14:01:27,36,40,4678,20251
2023-12-13 14:01:28,36,39,4678,20251
2023-12-13 14:01:36,37,38,4678,20251
2023-12-13 14:01:37,35,38,4678,20651
2023-12-13 14:01:39,36,38,4678,20651
2023-12-13 14:01:42,41,43,5503,21476
2023-12-13 14:01:42,36,43,5578,21551
2023-12-13 14:01:42,36,43,5578,21751
2023-12-13 14:01:43,36,39,5578,21751
2023-12-13 14:01:45,37,39,5578,22201
2023-12-13 14:01:45,37,39,5578,22261
2023-12-13 14:02:03,38,39,5578,22261
2023-12-13 14:02:21,38,40,5578,22261
2023-12-13 14:02:40,38,41,5578,22461
2023-12-13 14:02:45,38,41,5578,22911
2023-12-13 14:02:46,38,43,5578,23111
2023-12-13 14:02:50,39,43,5578,23111
2023-12-13 14:02:53,39,43,5578,23211
2023-12-13 14:02:58,38,43,5578,23211
2023-12-13 14:03:06,42,43,5578,23211
2023-12-13 14:03:09,42,43,6028,23661
2023-12-13 14:03:13,38,43,6478,24111
2023-12-13 14:03:20,38,46,6478,24261
2023-12-13 14:03:28,38,98,6478,24261
2023-12-13 14:03:28,38,97,6478,24261
2023-12-13 14:03:29,38,44,6478,24261
2023-12-13 14:03:53,38,45,6678,24461
2023-12-13 14:04:29,38,98,6678,24461
2023-12-13 14:04:29,37,98,6678,24461
2023-12-13 14:04:30,37,46,6678,24461
2023-12-13 14:04:30,37,45,6678,24461
2023-12-13 14:04:33,38,45,6678,24461
2023-12-13 14:04:43,37,45,6678,24461
2023-12-13 14:04:46,45,46,6778,24561
2023-12-13 14:04:48,45,46,7228,25011
2023-12-13 14:04:50,37,46,7578,25361
2023-12-13 14:05:04,37,46,7678,25461
2023-12-13 14:05:22,40,46,7678,25461
2023-12-13 14:05:22,40,46,7678,25641
2023-12-13 14:05:24,40,46,7678,25701
2023-12-13 14:05:26,40,46,7678,25761
2023-12-13 14:05:26,40,98,7678,25761
2023-12-13 14:05:26,40,97,7678,25761
2023-12-13 14:05:26,40,44,7678,25761
2023-12-13 14:05:41,40,98,7678,25761
2023-12-13 14:05:41,40,97,7678,25761
2023-12-13 14:05:41,40,43,7678,25761
2023-12-13 14:05:41,40,41,7678,25761
2023-12-13 14:05:42,35,41,7678,25996
2023-12-13 14:05:52,34,41,7678,25996
2023-12-13 14:06:41,34,98,7678,25996
2023-12-13 14:06:41,34,97,7678,25996
2023-12-13 14:06:42,34,43,7678,25996
2023-12-13 14:06:42,34,41,7678,25996
2023-12-13 14:06:42,34,40,7678,25996
2023-12-13 14:06:47,34,41,7678,25996
2023-12-13 14:07:20,34,97,7678,25996
2023-12-13 14:07:20,34,44,7678,25996
2023-12-13 14:07:20,34,43,7678,25996
2023-12-13 14:08:20,34,97,7678,25996
2023-12-13 14:08:21,34,45,7678,25996
2023-12-13 14:08:21,34,44,7678,25996
2023-12-13 14:08:22,35,44,7678,25996
2023-12-13 14:09:16,36,44,7678,25996
2023-12-13 14:09:21,36,98,7678,25996
2023-12-13 14:09:21,36,45,7678,25996
2023-12-13 14:09:21,36,98,7678,25996
2023-12-13 14:09:21,36,97,7678,25996
2023-12-13 14:09:22,36,46,7678,25996
2023-12-13 14:09:22,36,45,7678,25996
2023-12-13 14:09:26,35,45,7678,25996
2023-12-13 14:09:35,36,45,7678,25996
2023-12-13 14:09:41,35,45,7678,25996
2023-12-13 14:09:45,36,45,7678,25996
2023-12-13 14:09:46,35,45,7678,25996
2023-12-13 14:10:22,35,46,7678,25996
2023-12-13 14:10:22,35,97,7678,25996
2023-12-13 14:10:23,36,97,7678,25996
2023-12-13 14:10:23,36,44,7678,25996
2023-12-13 14:10:23,36,43,7678,25996
2023-12-13 14:10:43,36,43,7595,26296
2023-12-13 14:11:23,36,98,7595,26296
2023-12-13 14:11:23,36,97,7595,26296
2023-12-13 14:11:24,36,45,7595,26296
2023-12-13 14:11:24,36,44,7595,26296
2023-12-13 14:11:30,36,44,7895,26596
2023-12-13 14:11:53,36,44,8195,26896
2023-12-13 14:12:04,37,44,8195,26896
2023-12-13 14:12:17,36,44,8195,26896
2023-12-13 14:12:24,36,97,8195,26896
2023-12-13 14:12:24,37,97,8195,26896
2023-12-13 14:12:25,37,46,8195,26896
2023-12-13 14:12:25,37,45,8195,26896
2023-12-13 14:13:14,36,45,8195,26896
2023-12-13 14:13:24,37,45,8195,26896
2023-12-13 14:13:25,37,98,8195,26896
2023-12-13 14:13:25,37,97,8195,26896
2023-12-13 14:13:26,37,47,8195,26896
2023-12-13 14:13:26,37,46,8195,26896
2023-12-13 14:14:26,37,98,8195,26896
2023-12-13 14:14:26,37,97,8195,26896
2023-12-13 14:14:27,37,46,8195,26896
2023-12-13 14:14:27,37,45,8195,26896
2023-12-13 14:14:31,38,45,8195,26896
2023-12-13 14:15:02,37,45,8195,26896
2023-12-13 14:15:23,37,45,8216,26917
2023-12-13 14:15:27,37,98,8216,26917
2023-12-13 14:15:27,37,97,8216,26917
2023-12-13 14:15:28,37,46,8216,26917
2023-12-13 14:15:28,37,45,8216,26917
2023-12-13 14:16:28,37,46,8216,26917
2023-12-13 14:16:28,37,97,8216,26917
2023-12-13 14:16:29,37,46,8216,26917
2023-12-13 14:16:29,37,45,8216,26917
2023-12-13 14:16:56,37,46,8816,27517
2023-12-13 14:17:29,37,98,8816,27517
2023-12-13 14:17:29,37,97,8816,27517
2023-12-13 14:17:30,37,46,8816,27517
2023-12-13 14:17:30,37,45,8816,27517
2023-12-13 14:17:33,38,45,8816,27517
2023-12-13 14:17:51,37,45,8816,27517
2023-12-13 14:17:51,38,45,8816,27517
2023-12-13 14:18:30,38,98,8816,27517
2023-12-13 14:18:30,38,46,8816,27517
2023-12-13 14:18:30,38,98,8816,27517
2023-12-13 14:18:30,38,97,8816,27517
2023-12-13 14:18:31,38,47,8816,27517
2023-12-13 14:18:31,38,46,8816,27517
2023-12-13 14:19:23,38,47,9566,28267
2023-12-13 14:19:31,38,98,9566,28267
2023-12-13 14:19:31,38,97,9566,28267
2023-12-13 14:19:32,38,98,9566,28267
2023-12-13 14:19:32,38,45,9566,28267
2023-12-13 14:20:32,38,98,9566,28267
2023-12-13 14:20:32,38,97,9566,28267
2023-12-13 14:20:33,38,44,9566,28267
2023-12-13 14:21:20,37,44,9566,28267
2023-12-13 14:21:27,34,44,9566,28267
2023-12-13 14:21:33,34,98,9566,28267
2023-12-13 14:21:33,34,97,9566,28267
2023-12-13 14:21:34,34,99,9566,28267
2023-12-13 14:21:34,34,44,9566,28267
2023-12-13 14:21:34,34,43,9566,28267
2023-12-13 14:21:38,35,43,9566,28267
2023-12-13 14:22:13,34,43,9566,29267
2023-12-13 14:22:34,34,44,9566,29267
2023-12-13 14:22:34,34,97,9566,29267
2023-12-13 14:22:35,34,43,9566,29267
2023-12-13 14:22:56,34,42,9566,29267
2023-12-13 14:22:56,34,43,9566,29267
2023-12-13 14:22:59,33,43,9566,29267
2023-12-13 14:23:35,33,98,9566,29267
2023-12-13 14:23:36,33,40,9566,29267
2023-12-13 14:23:37,28,40,7266,32267
2023-12-13 14:23:38,28,33,7266,32267
2023-12-13 14:23:38,28,32,7266,32267
2023-12-13 14:23:38,28,31,7266,32267
2023-12-13 14:23:57,28,30,7266,32267
2023-12-13 14:23:58,28,31,7066,32467
2023-12-13 14:24:06,28,31,7066,32472
2023-12-13 14:24:16,29,31,7066,32472
2023-12-13 14:24:18,29,32,7066,32472
2023-12-13 14:24:38,29,33,6571,33472
2023-12-13 14:24:39,30,33,6571,33472
2023-12-13 14:24:40,30,32,6571,33472
2023-12-13 14:24:43,30,33,6571,33472
2023-12-13 14:24:43,30,32,6571,33472
2023-12-13 14:24:50,31,32,6571,33472
2023-12-13 14:24:53,31,33,6571,33472
2023-12-13 14:24:57,31,33,6571,34027
2023-12-13 14:24:58,32,33,6571,34027
2023-12-13 14:24:59,32,34,6571,34027
2023-12-13 14:25:01,32,34,6571,34077
2023-12-13 14:25:01,31,34,6571,34277
2023-12-13 14:25:01,31,34,6571,34407
2023-12-13 14:25:08,31,33,6571,34407
2023-12-13 14:25:11,31,34,6571,34547
2023-12-13 14:25:11,31,33,6571,34547
2023-12-13 14:25:13,31,34,6571,34727
2023-12-13 14:25:15,32,34,6571,34727
2023-12-13 14:25:26,32,34,6571,35177
2023-12-13 14:25:26,32,35,6571,35177
2023-12-13 14:25:26,33,35,6571,35177
2023-12-13 14:25:27,34,35,6571,35177
2023-12-13 14:25:27,34,36,6571,35332
2023-12-13 14:25:49,33,36,6571,35332
2023-12-13 14:25:49,34,36,6571,35332
2023-12-13 14:25:57,33,36,6571,35332
2023-12-13 14:26:08,34,36,6571,35332
2023-12-13 14:26:25,33,36,6571,35332
2023-12-13 14:27:57,34,36,6571,35332
2023-12-13 14:28:05,33,36,6571,35332
2023-12-13 14:28:06,34,36,6571,35332
2023-12-13 14:29:37,33,36,6571,35332
2023-12-13 14:29:45,34,36,6571,35332
2023-12-13 14:30:19,33,36,6571,35332
2023-12-13 14:30:31,33,35,6571,35332
2023-12-13 14:31:02,34,35,6571,35332
2023-12-13 14:31:03,34,36,6571,35332
2023-12-13 14:31:07,35,36,6571,35332
2023-12-13 14:31:08,35,37,6571,35332
2023-12-13 14:31:15,34,37,6571,35332
2023-12-13 14:31:15,35,37,6571,35332
2023-12-13 14:31:19,34,37,6571,35332
2023-12-13 14:31:31,35,37,6571,35332
2023-12-13 14:31:44,36,37,6571,35332
2023-12-13 14:32:02,36,38,6571,35332
2023-12-13 14:32:25,35,38,6571,35332
2023-12-13 14:32:25,35,37,6571,35332
2023-12-13 14:32:40,35,46,6621,36332
2023-12-13 14:32:41,36,46,6621,36332
2023-12-13 14:32:46,36,46,6621,36732
2023-12-13 14:32:47,36,38,6621,36732
2023-12-13 14:32:47,35,38,6621,36732
2023-12-13 14:32:50,36,38,6621,36732
2023-12-13 14:32:51,37,38,6621,36732
2023-12-13 14:32:52,36,38,6621,36732
2023-12-13 14:32:52,37,38,6621,36732
2023-12-13 14:32:52,37,38,6621,36757
2023-12-13 14:32:53,36,38,6621,36757
2023-12-13 14:33:04,36,38,6621,36857
2023-12-13 14:33:05,35,38,6621,36857
2023-12-13 14:33:06,36,38,6621,36857
2023-12-13 14:33:31,35,38,6621,37057
2023-12-13 14:33:32,35,37,6621,37057
2023-12-13 14:33:44,34,37,6621,37057
2023-12-13 14:33:47,35,37,6621,37057
2023-12-13 14:33:54,34,37,6621,37057
2023-12-13 14:34:00,35,37,6621,37057
2023-12-13 14:34:03,34,37,6621,37057
2023-12-13 14:34:07,34,36,6621,37057
2023-12-13 14:34:11,33,36,6621,37257
2023-12-13 14:34:18,32,36,6621,37257
2023-12-13 14:34:18,33,36,6621,37257
2023-12-13 14:34:20,32,36,6621,37457
2023-12-13 14:34:21,32,35,6621,37457
2023-12-13 14:34:30,32,34,6621,37457
2023-12-13 14:34:47,32,33,6621,37457
2023-12-13 14:34:50,31,33,6621,37857
2023-12-13 14:34:57,31,32,6621,37857
2023-12-13 14:35:00,31,33,6621,37857
2023-12-13 14:35:04,31,32,6621,37857
2023-12-13 14:35:06,30,32,6021,38457
2023-12-13 14:35:07,30,31,6021,38457
2023-12-13 14:35:12,30,31,6121,38742
2023-12-13 14:35:22,30,31,6306,38942
2023-12-13 14:35:24,28,31,6321,38957
2023-12-13 14:35:39,28,30,6321,38957
2023-12-13 14:35:39,28,30,6321,39017
2023-12-13 14:35:41,28,29,6321,39017
2023-12-13 14:35:44,27,29,6321,39017
2023-12-13 14:35:48,27,29,6321,39137
2023-12-13 14:35:59,27,28,6321,39137
2023-12-13 14:35:59,27,28,6436,39257
2023-12-13 14:36:01,27,28,6584,39405
2023-12-13 14:36:03,26,28,6584,39405
2023-12-13 14:36:07,26,27,6584,39405
2023-12-13 14:36:10,25,27,6784,39605
2023-12-13 14:36:39,25,26,6784,39605
2023-12-13 14:36:39,25,27,6784,39605
2023-12-13 14:36:45,25,26,6784,39605
2023-12-13 14:36:47,25,27,6784,39605
2023-12-13 14:36:56,25,28,6584,39805
2023-12-13 14:36:57,26,28,6584,39805
2023-12-13 14:36:58,26,29,6584,39805
2023-12-13 14:36:58,27,29,6584,39805
2023-12-13 14:36:58,27,29,6704,39925
2023-12-13 14:36:59,26,29,6704,39925
2023-12-13 14:37:00,26,28,6704,39925
2023-12-13 14:37:02,25,28,6704,39925
2023-12-13 14:37:17,26,28,6704,39925
2023-12-13 14:37:17,25,28,6704,39925
2023-12-13 14:37:37,26,28,6704,39925
2023-12-13 14:37:40,25,28,6704,39925
2023-12-13 14:37:58,26,28,6704,39925
2023-12-13 14:38:01,25,28,6704,39925
2023-12-13 14:38:02,25,27,6704,39925
2023-12-13 14:38:02,25,28,6704,39925
2023-12-13 14:38:06,25,27,6704,39925
2023-12-13 14:38:07,25,28,6704,39925
2023-12-13 14:38:09,25,27,6704,39925
2023-12-13 14:38:15,25,28,6704,39925
2023-12-13 14:38:30,25,27,6704,39925
2023-12-13 14:38:43,25,27,7154,40375
2023-12-13 14:38:44,25,26,7154,40375
2023-12-13 14:38:44,25,26,7274,40495
2023-12-13 14:38:46,25,26,7334,40555
2023-12-13 14:38:46,24,26,7404,40625
2023-12-13 14:38:48,23,26,7404,40625
2023-12-13 14:38:48,23,25,7404,40625
2023-12-13 14:39:20,23,24,7404,40625
2023-12-13 14:39:22,23,25,7404,40625
2023-12-13 14:39:47,23,25,7404,40695
2023-12-13 14:39:51,23,24,7404,40695
2023-12-13 14:39:58,22,24,7404,40695
2023-12-13 14:39:59,22,23,7404,40695
2023-12-13 14:40:20,21,23,7404,40695
2023-12-13 14:40:22,21,22,7404,40695
2023-12-13 14:40:26,20,22,7404,40695
2023-12-13 14:40:26,20,21,7404,40695
2023-12-13 14:40:40,20,22,7404,40695
2023-12-13 14:40:43,20,22,7414,40705
2023-12-13 14:40:49,20,23,7414,40705
2023-12-13 14:40:49,21,23,7414,40705
2023-12-13 14:40:52,21,22,7414,40705
2023-12-13 14:40:55,20,22,7414,40705
2023-12-13 14:40:59,20,21,7414,40705
2023-12-13 14:41:16,20,22,7414,40705
2023-12-13 14:41:19,20,23,7414,40705
2023-12-13 14:41:23,21,23,7414,40705
2023-12-13 14:41:36,20,23,7414,40705
2023-12-13 14:41:43,20,22,7414,40705
2023-12-13 14:41:45,20,23,7566,42280
2023-12-13 14:41:45,20,22,7566,42280
2023-12-13 14:41:47,20,23,7566,42280
2023-12-13 14:41:47,20,21,7566,42280
2023-12-13 14:42:27,19,21,7569,42360
2023-12-13 14:42:28,18,21,7569,43265
2023-12-13 14:42:29,18,20,7569,43265
2023-12-13 14:42:34,17,20,7569,43265
2023-12-13 14:42:43,17,18,7569,43265
2023-12-13 14:42:43,17,18,7449,43385
2023-12-13 14:42:44,16,18,7449,43385
2023-12-13 14:42:49,16,19,7449,43385
2023-12-13 14:42:49,16,18,7449,43385
2023-12-13 14:42:49,16,19,7449,43385
2023-12-13 14:42:56,16,18,7449,43385
2023-12-13 14:43:01,16,18,7449,43390
2023-12-13 14:43:06,16,19,7449,43390
2023-12-13 14:43:12,17,19,7449,43390
2023-12-13 14:43:13,17,20,7449,43390
2023-12-13 14:43:13,18,20,7449,43390
2023-12-13 14:43:14,18,21,7449,43390
2023-12-13 14:43:14,19,21,7449,43390
2023-12-13 14:43:18,20,21,7449,43390
2023-12-13 14:43:19,20,21,7449,43392
2023-12-13 14:43:19,20,21,7449,43394
2023-12-13 14:43:24,19,21,7449,43394
2023-12-13 14:43:26,19,20,7449,43394
2023-12-13 14:43:26,19,20,7449,43396
2023-12-13 14:43:27,18,20,7449,43396
2023-12-13 14:43:34,18,20,7451,43398
2023-12-13 14:43:37,17,20,7451,43398
2023-12-13 14:43:41,17,18,7451,43398
2023-12-13 14:43:42,16,18,7451,43398
2023-12-13 14:43:57,16,19,7451,43398
2023-12-13 14:43:57,17,19,7451,43398
2023-12-13 14:43:57,18,19,7451,43398
2023-12-13 14:44:01,17,19,7451,43398
2023-12-13 14:44:03,17,20,7451,43398
2023-12-13 14:44:03,18,20,7451,43398
2023-12-13 14:44:09,18,19,7451,43398
2023-12-13 14:44:13,17,19,7451,43398
2023-12-13 14:44:13,16,19,7451,43398
2023-12-13 14:44:13,17,19,7451,43398
2023-12-13 14:44:20,16,19,7451,43398
2023-12-13 14:44:20,17,19,7451,43398
2023-12-13 14:44:20,17,20,7451,43398
2023-12-13 14:44:20,18,20,7451,43398
2023-12-13 14:44:21,17,20,7451,43398
2023-12-13 14:44:21,18,20,7451,43398
2023-12-13 14:44:21,19,20,7451,43398
2023-12-13 14:44:22,20,21,7451,43398
2023-12-13 14:44:24,19,21,7451,43398
2023-12-13 14:44:25,19,20,7451,43398
2023-12-13 14:44:30,18,20,7451,43398
2023-12-13 14:44:39,18,19,7451,43398
2023-12-13 14:44:40,16,19,7451,43398
2023-12-13 14:44:40,17,19,7451,43398
2023-12-13 14:45:14,17,18,7451,43398
2023-12-13 14:45:35,16,18,7382,43550
2023-12-13 14:45:37,16,19,7382,43550
2023-12-13 14:45:42,16,18,7382,43550
2023-12-13 14:45:47,16,19,7382,43550
2023-12-13 14:45:49,16,18,7382,43550
2023-12-13 14:45:50,16,19,7382,43550
2023-12-13 14:45:52,16,18,7382,43550
2023-12-13 14:46:08,16,17,7382,43550
2023-12-13 14:46:38,16,17,7384,43552
2023-12-13 14:46:46,16,17,7386,43554
2023-12-13 14:46:47,16,18,7386,43554
2023-12-13 14:46:53,16,18,7388,43556
2023-12-13 14:46:57,15,18,7388,44456
2023-12-13 14:47:01,15,18,7390,44458
2023-12-13 14:47:05,15,17,7390,44458
2023-12-13 14:47:50,15,16,7390,44458
2023-12-13 14:48:08,15,17,7390,44458
2023-12-13 14:48:43,15,18,7390,44458
2023-12-13 14:48:44,16,18,7390,44458
2023-12-13 14:48:45,16,19,7390,44458
2023-12-13 14:48:51,16,19,7390,44458
2023-12-13 14:48:52,16,18,7390,44458
2023-12-13 14:48:53,15,18,7390,44458
2023-12-13 14:48:55,15,17,7390,44458
2023-12-13 14:48:57,15,18,7390,44458
2023-12-13 14:48:58,15,17,7390,44458
2023-12-13 14:49:13,15,17,7390,44753
2023-12-13 14:49:16,15,16,7390,44753
2023-12-13 14:49:23,15,16,7475,44838
2023-12-13 14:49:28,14,15,7475,44929
2023-12-13 14:49:29,13,15,7475,44929
2023-12-13 14:49:59,13,16,7475,44929
2023-12-13 14:49:59,14,17,7475,44929
2023-12-13 14:50:02,15,17,7475,44929
2023-12-13 14:50:03,15,18,7475,44929
2023-12-13 14:50:04,16,18,7475,44929
2023-12-13 14:50:04,16,18,7535,44989
2023-12-13 14:50:06,15,18,7535,44989
2023-12-13 14:50:06,15,17,7535,44989
2023-12-13 14:50:12,15,16,7535,44989
2023-12-13 14:50:14,14,16,7535,44989
2023-12-13 14:50:19,13,16,7535,44989
2023-12-13 14:50:34,13,15,7535,44989
2023-12-13 14:50:36,13,15,7557,45011
2023-12-13 14:50:36,13,14,7557,45011
2023-12-13 14:50:36,13,14,7700,45154
2023-12-13 14:50:43,12,14,7700,45154
2023-12-13 14:50:58,13,14,7700,45154
2023-12-13 14:50:58,13,15,7700,45154
2023-12-13 14:50:59,13,16,7700,45154
2023-12-13 14:51:01,14,16,7700,45154
2023-12-13 14:51:02,14,17,7700,45154
2023-12-13 14:51:03,14,16,7700,45154
2023-12-13 14:51:07,13,16,7700,45154
2023-12-13 14:51:08,13,15,7700,45154
2023-12-13 14:51:12,13,16,7700,45154
2023-12-13 14:51:16,13,15,7700,45154
2023-12-13 14:51:17,12,15,7700,45154
2023-12-13 14:51:22,12,15,7950,45404
2023-12-13 14:51:22,12,14,8180,45634
2023-12-13 14:51:22,12,15,8180,45634
2023-12-13 14:51:23,12,14,8180,45634
2023-12-13 14:52:09,11,14,8180,45634
2023-12-13 14:52:13,11,13,8180,45634
2023-12-13 14:52:17,11,12,8180,45634
2023-12-13 14:52:24,11,12,8180,45834
2023-12-13 14:52:24,10,12,8230,45884
2023-12-13 14:52:29,10,12,8232,45886
2023-12-13 14:52:35,10,11,8232,45886
2023-12-13 14:52:37,9,11,8232,45886
2023-12-13 14:52:37,9,11,8234,45888
2023-12-13 14:52:44,9,11,8236,45890
2023-12-13 14:52:52,9,11,8238,45892
2023-12-13 14:53:00,9,11,8240,45894
2023-12-13 14:53:08,9,11,8242,45896
2023-12-13 14:53:13,9,10,8242,45896
2023-12-13 14:53:15,9,10,8244,45898
2023-12-13 14:53:16,9,11,8244,45898
2023-12-13 14:53:33,8,11,8244,45898
2023-12-13 14:53:44,8,10,8244,45898
2023-12-13 14:53:49,8,9,8244,45898
2023-12-13 14:53:49,7,9,8244,45898
2023-12-13 14:54:00,7,8,8244,45898
2023-12-13 14:54:05,7,9,8244,45898
2023-12-13 14:54:11,7,8,8244,45898
2023-12-13 14:54:21,7,8,8419,46073
2023-12-13 14:54:22,7,8,8419,47023
2023-12-13 14:54:26,6,8,8419,47223
2023-12-13 14:54:38,5,8,8419,47223
2023-12-13 14:54:38,5,7,8419,47223
2023-12-13 14:54:42,5,8,8419,47223
2023-12-13 14:54:45,5,7,8419,47223
2023-12-13 14:54:45,5,6,8419,47223
2023-12-13 14:54:47,5,7,8419,47223
2023-12-13 14:54:47,5,6,8419,47223
2023-12-13 14:54:48,5,7,8419,47223
2023-12-13 14:54:48,5,6,8419,47223
2023-12-13 14:54:48,5,7,8419,47223
2023-12-13 14:54:53,5,8,8419,47223
2023-12-13 14:54:53,5,7,8419,47223
2023-12-13 14:55:09,5,6,8419,47223
2023-12-13 14:55:20,5,7,8419,47223
2023-12-13 14:55:35,5,6,8419,47223
2023-12-13 14:55:41,4,5,8409,47233
2023-12-13 14:55:46,4,5,8409,47433
2023-12-13 14:55:46,3,5,8587,47611
2023-12-13 14:55:46,3,4,8587,47611
2023-12-13 14:56:07,3,5,8587,47611
2023-12-13 14:56:10,3,6,8587,47611
2023-12-13 14:56:11,4,6,8587,47611
2023-12-13 14:56:11,4,6,8767,47791
2023-12-13 14:56:14,5,6,8767,47791
2023-12-13 14:56:20,5,6,9017,48041
2023-12-13 14:56:27,5,6,9017,48241
2023-12-13 14:56:42,3,5,9017,48291
2023-12-13 14:57:08,3,4,9017,48291
2023-12-13 14:57:21,3,4,9122,48396
2023-12-13 14:58:03,3,4,9022,48496
2023-12-13 14:58:17,3,5,9022,48496
2023-12-13 14:58:18,3,6,9022,48496
2023-12-13 14:58:22,4,6,9022,48496
2023-12-13 14:58:33,4,5,9022,48496
2023-12-13 14:59:03,3,4,8967,48551
2023-12-13 14:59:45,3,5,8967,48551
2023-12-13 15:00:10,3,6,8967,48551
2023-12-13 15:00:13,3,5,8967,48551
2023-12-13 15:00:31,3,6,8967,48551
2023-12-13 15:00:46,3,5,8967,48551
2023-12-13 15:01:00,3,4,8967,48551
2023-12-13 15:01:18,3,4,8967,48751
2023-12-13 15:01:21,2,3,9034,48818
2023-12-13 15:02:17,1,3,9034,48818
2023-12-13 15:03:28,1,2,9034,48818
2023-12-13 15:04:38,1,2,8844,49018
2023-12-13 15:04:49,1,2,8644,49218
2023-12-13 15:06:01,0,2,8644,49228
2023-12-13 15:06:27,0,2,8644,49278
2023-12-13 15:06:29,1,2,8644,49278
2023-12-13 15:06:47,1,2,8824,49458
2023-12-13 15:06:59,1,2,9024,49658
2023-12-13 15:07:17,1,2,9046,49680
2023-12-13 15:07:24,1,2,9106,49740
2023-12-13 15:07:25,1,2,9128,49762
2023-12-13 15:07:40,1,3,8913,50112
2023-12-13 15:08:11,1,3,8973,50172
2023-12-13 15:08:27,1,2,8973,50172
2023-12-13 15:08:41,1,3,8973,50172
2023-12-13 15:08:58,1,2,8973,50172
2023-12-13 15:09:23,1,3,8973,50172
2023-12-13 15:10:10,2,3,8973,50172
2023-12-13 15:10:11,1,3,8973,50172
2023-12-13 15:10:11,1,3,8983,50182
2023-12-13 15:10:16,2,3,8983,50182
2023-12-13 15:10:29,1,3,8983,50182
2023-12-13 15:10:39,2,3,8983,50182
2023-12-13 15:10:42,1,3,8983,50182
2023-12-13 15:10:43,2,3,8983,50182
2023-12-13 15:10:51,3,4,8983,50225
2023-12-13 15:10:51,3,4,9018,50352
2023-12-13 15:10:52,2,4,9018,50352
2023-12-13 15:11:01,2,5,8983,50552
2023-12-13 15:11:03,2,4,8983,50552
2023-12-13 15:11:07,1,4,8983,50552
2023-12-13 15:11:09,2,4,8983,50552
2023-12-13 15:11:11,1,4,8983,50552
2023-12-13 15:11:29,2,4,8983,50552
2023-12-13 15:11:30,1,4,8983,50552
2023-12-13 15:11:31,2,4,8983,50552
2023-12-13 15:11:42,2,5,8983,50552
2023-12-13 15:11:47,3,5,8983,50552
2023-12-13 15:11:49,2,5,8983,50552
2023-12-13 15:11:55,3,5,8983,50552
2023-12-13 15:12:22,2,5,8983,50552
2023-12-13 15:12:50,3,5,8983,50552
2023-12-13 15:12:56,3,5,8983,50672
2023-12-13 15:13:05,2,5,8983,50672
2023-12-13 15:13:09,2,4,8983,50672
2023-12-13 15:13:14,1,4,8983,50672
2023-12-13 15:13:15,2,4,8983,50672
2023-12-13 15:14:10,2,5,8983,50672
2023-12-13 15:14:38,3,5,8983,50672
2023-12-13 15:14:38,3,5,8998,50732
2023-12-13 15:14:44,2,5,8998,50732
2023-12-13 15:14:58,3,5,8998,50732
2023-12-13 15:15:06,3,6,8983,50932
2023-12-13 15:15:07,4,6,8983,50932
2023-12-13 15:15:07,4,6,8983,51052
2023-12-13 15:15:25,3,6,8983,51052
2023-12-13 15:15:32,4,6,8983,51052
2023-12-13 15:15:37,3,6,8983,51052
2023-12-13 15:15:49,4,6,8983,51052
2023-12-13 15:15:52,4,6,9098,51232
2023-12-13 15:15:57,3,6,9098,51232
2023-12-13 15:16:03,3,5,9098,51232
2023-12-13 15:16:07,2,5,9098,51232
2023-12-13 15:16:09,2,4,9098,51232
2023-12-13 15:16:12,2,5,9098,51232
2023-12-13 15:16:14,2,4,9098,51232
2023-12-13 15:16:20,2,4,9098,51242
2023-12-13 15:16:28,2,5,9098,51242
2023-12-13 15:16:29,2,4,9098,51242
2023-12-13 15:16:30,2,5,9098,51242
2023-12-13 15:16:32,2,4,9098,51242
2023-12-13 15:16:33,2,5,9098,51242
2023-12-13 15:16:49,3,5,9098,51242
2023-12-13 15:16:50,3,6,9098,51242
2023-12-13 15:16:54,3,4,9098,51242
2023-12-13 15:17:03,2,4,9098,51242
2023-12-13 15:17:03,2,5,9098,51262
2023-12-13 15:17:04,2,4,9098,51262
2023-12-13 15:17:11,2,3,9098,51262
2023-12-13 15:17:11,2,5,9331,52664
2023-12-13 15:17:12,2,3,9331,52664
2023-12-13 15:17:17,2,5,10131,53464
2023-12-13 15:17:18,2,3,10131,53464
2023-12-13 15:17:23,2,5,11331,54664
2023-12-13 15:17:24,2,3,11331,54664
2023-12-13 15:17:31,2,3,11531,54864
2023-12-13 15:17:31,2,3,11531,54984
2023-12-13 15:17:32,2,4,11811,55264
2023-12-13 15:17:34,2,3,11811,55264
2023-12-13 15:17:35,2,3,11811,55384
2023-12-13 15:17:37,2,3,12366,55939
2023-12-13 15:17:42,2,3,12921,56494
2023-12-13 15:17:54,1,3,12921,56494
2023-12-13 15:17:56,2,3,12921,56494
2023-12-13 15:18:01,1,3,12921,56494
2023-12-13 15:18:12,2,3,12921,56494
2023-12-13 15:18:15,1,3,12921,56494
2023-12-13 15:18:29,0,3,12921,56494
2023-12-13 15:18:29,1,3,12921,56494
2023-12-13 15:18:30,0,3,12921,56494
2023-12-13 15:18:34,1,3,12921,56494
2023-12-13 15:18:44,0,3,12921,56494
2023-12-13 15:18:47,1,3,12921,56494
2023-12-13 15:19:21,2,3,12921,56494
2023-12-13 15:19:25,1,3,12921,56494
2023-12-13 15:19:50,2,3,12921,56494
2023-12-13 15:19:52,2,4,12921,56494
2023-12-13 15:20:05,3,4,12921,56494
2023-12-13 15:20:05,3,4,13041,56614
2023-12-13 15:20:05,3,4,13491,57064
2023-12-13 15:20:08,3,5,13491,57064
2023-12-13 15:20:12,3,4,13491,57064
2023-12-13 15:20:15,2,4,13491,57064
2023-12-13 15:20:16,3,4,13491,57064
2023-12-13 15:20:17,2,4,13491,57064
2023-12-13 15:20:19,3,4,13491,57064
2023-12-13 15:20:26,2,4,13491,57064
2023-12-13 15:20:27,2,5,14891,58464
2023-12-13 15:20:27,2,4,15391,59364
2023-12-13 15:20:28,3,4,15391,59364
2023-12-13 15:20:37,2,4,15391,59364
2023-12-13 15:20:40,2,4,15391,59364
2023-12-13 15:20:40,3,4,15391,59364
2023-12-13 15:20:44,3,4,15491,59464
2023-12-13 15:20:45,2,4,15591,59564
2023-12-13 15:20:47,2,3,15591,59564
2023-12-13 15:20:59,2,4,15791,59764
2023-12-13 15:21:11,2,3,15791,59764
2023-12-13 15:21:19,2,3,15991,59964
2023-12-13 15:21:36,2,4,15991,59964
2023-12-13 15:21:39,3,4,15991,59964
2023-12-13 15:22:00,3,4,16191,60164
2023-12-13 15:22:08,4,5,16491,60464
2023-12-13 15:22:13,4,5,16501,60474
2023-12-13 15:22:15,4,5,16701,60674
2023-12-13 15:22:15,4,5,16761,60734
2023-12-13 15:22:17,4,5,16821,60794
2023-12-13 15:22:18,3,4,16911,60884
2023-12-13 15:22:24,4,5,17021,60994
2023-12-13 15:22:24,4,5,17221,61194
2023-12-13 15:22:25,3,5,17221,61194
2023-12-13 15:22:29,3,5,17621,61594
2023-12-13 15:22:29,2,5,17621,61594
2023-12-13 15:22:31,3,5,17621,61594
2023-12-13 15:22:32,3,5,17621,61654
2023-12-13 15:22:36,2,5,17621,61654
2023-12-13 15:22:38,3,5,17621,61654
2023-12-13 15:22:43,3,5,17621,61714
2023-12-13 15:22:47,0,5,17621,61714
2023-12-13 15:22:55,2,5,18176,62269
2023-12-13 15:23:16,0,5,18176,62269
2023-12-13 15:23:16,3,5,18176,62269
2023-12-13 15:23:16,3,5,18176,62449
2023-12-13 15:23:19,4,5,18176,62449
2023-12-13 15:23:19,4,5,18176,62509
2023-12-13 15:23:19,4,6,18516,62849
2023-12-13 15:23:30,4,7,18516,62849
2023-12-13 15:23:34,0,7,18516,62849
2023-12-13 15:23:34,5,7,18516,62849
2023-12-13 15:23:34,5,7,18515,62889
2023-12-13 15:23:36,5,8,18515,62889
2023-12-13 15:23:37,4,8,18515,62889
2023-12-13 15:23:39,5,8,18515,62889
2023-12-13 15:23:42,5,8,18870,63444
2023-12-13 15:23:43,7,8,18870,63444
2023-12-13 15:24:11,7,9,19070,63644
2023-12-13 15:24:12,8,9,19070,63644
2023-12-13 15:24:17,7,9,19070,63644
2023-12-13 15:24:21,7,9,19070,63664
2023-12-13 15:24:24,7,10,19070,63664
2023-12-13 15:24:27,8,10,19070,63664
2023-12-13 15:24:31,7,10,19070,63664
2023-12-13 15:24:31,9,10,19070,63664
2023-12-13 15:24:31,9,10,18913,63821
2023-12-13 15:24:32,9,11,18913,63821
2023-12-13 15:24:38,10,11,18913,63821
2023-12-13 15:24:39,10,11,18913,63881
2023-12-13 15:24:43,9,11,18913,63881
2023-12-13 15:24:44,9,12,18913,63881
2023-12-13 15:24:46,10,12,18913,63881
2023-12-13 15:24:50,10,11,18913,63881
2023-12-13 15:24:54,10,12,18913,63881
2023-12-13 15:24:57,11,12,18913,63881
2023-12-13 15:24:59,11,14,18913,63881
2023-12-13 15:25:06,12,14,18913,63881
2023-12-13 15:25:07,11,14,18913,63881
2023-12-13 15:25:07,13,14,18913,63881
2023-12-13 15:25:09,13,15,18913,64081
2023-12-13 15:25:11,12,15,18913,64081
2023-12-13 15:25:13,11,15,18913,64081
2023-12-13 15:25:14,12,15,18913,64081
2023-12-13 15:25:17,12,15,19163,64531
2023-12-13 15:25:17,12,16,19163,64531
2023-12-13 15:25:18,12,17,19163,64531
2023-12-13 15:25:18,13,17,19163,64531
2023-12-13 15:25:23,13,16,19163,64531
2023-12-13 15:25:24,13,17,19163,64531
2023-12-13 15:25:42,14,17,19163,64531
2023-12-13 15:25:48,13,17,19163,64531
2023-12-13 15:25:58,14,17,19163,64531
2023-12-13 15:26:00,13,17,19163,64531
2023-12-13 15:26:02,13,16,19163,64531
2023-12-13 15:26:05,13,17,19163,64531
2023-12-13 15:26:11,14,17,19163,64531
2023-12-13 15:26:13,13,17,19163,64531
2023-12-13 15:26:21,14,17,19163,64531
2023-12-13 15:26:23,13,17,19163,64531
2023-12-13 15:26:30,14,17,19163,64531
2023-12-13 15:26:36,15,17,19163,64531
2023-12-13 15:26:40,14,17,19163,64531
2023-12-13 15:26:48,15,17,19163,64531
2023-12-13 15:26:51,14,17,19163,64531
2023-12-13 15:26:51,15,17,19163,64531
2023-12-13 15:26:54,14,17,19163,64531
2023-12-13 15:26:54,15,17,19163,64531
2023-12-13 15:26:55,15,18,19163,64731
2023-12-13 15:26:55,14,18,19163,64731
2023-12-13 15:26:56,15,18,19163,64731
2023-12-13 15:27:00,14,18,19163,64731
2023-12-13 15:27:04,15,18,19163,64731
2023-12-13 15:27:05,14,18,19163,64731
2023-12-13 15:27:07,15,18,19163,64731
2023-12-13 15:27:10,14,18,19163,64731
2023-12-13 15:27:11,14,17,19163,64731
2023-12-13 15:27:21,13,17,19163,64731
2023-12-13 15:27:21,13,16,19163,64731
2023-12-13 15:27:22,13,15,19163,64731
2023-12-13 15:27:23,13,14,19163,64731
2023-12-13 15:27:24,13,14,19163,64791
2023-12-13 15:27:26,12,14,19163,64791
2023-12-13 15:27:26,12,13,19163,64791
2023-12-13 15:27:29,12,13,19163,64911
2023-12-13 15:27:29,12,13,19263,65011
2023-12-13 15:27:33,11,13,19363,65111
2023-12-13 15:27:34,11,12,19363,65111
2023-12-13 15:27:35,11,12,19363,65126
2023-12-13 15:27:36,11,12,19463,65226
2023-12-13 15:27:37,10,12,19563,65326
2023-12-13 15:27:39,10,11,19563,65326
2023-12-13 15:27:44,10,11,19663,65426
2023-12-13 15:27:45,9,11,19763,65526
2023-12-13 15:27:47,9,10,19763,65526
2023-12-13 15:27:49,9,10,19863,65626
2023-12-13 15:27:50,8,10,19963,65726
2023-12-13 15:27:52,8,9,19963,65726
2023-12-13 15:28:05,8,10,19963,65726
2023-12-13 15:28:05,9,10,19963,65726
2023-12-13 15:28:06,8,10,19963,65726
2023-12-13 15:28:06,9,10,19963,65726
2023-12-13 15:28:07,9,10,19963,65753
2023-12-13 15:28:08,9,10,19963,65780
2023-12-13 15:28:11,8,10,19963,65780
2023-12-13 15:28:11,9,10,19963,65780
2023-12-13 15:28:18,9,11,19963,65780
2023-12-13 15:28:19,9,12,19963,65780
2023-12-13 15:28:25,8,12,19963,65780
2023-12-13 15:28:25,8,11,19963,65780
2023-12-13 15:28:30,8,10,19963,65780
2023-12-13 15:28:40,9,10,19963,65780
2023-12-13 15:28:43,8,10,19963,65780
2023-12-13 15:28:43,9,10,19963,65780
2023-12-13 15:28:45,8,10,19963,65780
2023-12-13 15:28:45,9,10,19963,65780
2023-12-13 15:28:53,9,10,19963,65880
2023-12-13 15:28:54,8,9,19963,65951
2023-12-13 15:28:55,7,9,19963,65951
2023-12-13 15:28:55,7,8,19963,65951
2023-12-13 15:29:06,6,8,20063,66051
2023-12-13 15:29:06,6,7,20063,66051
2023-12-13 15:29:22,6,7,20163,66151
2023-12-13 15:29:29,3,7,20163,66151
2023-12-13 15:29:29,3,6,20163,66151
2023-12-13 15:29:30,4,6,20163,66151
2023-12-13 15:29:32,3,6,20163,66151
2023-12-13 15:29:32,4,6,20163,66151
2023-12-13 15:29:33,3,6,20163,66151
2023-12-13 15:29:33,5,6,20163,66151
2023-12-13 15:29:33,3,6,20163,66151
2023-12-13 15:29:33,5,6,20163,66151
2023-12-13 15:29:42,3,6,20163,66151
2023-12-13 15:29:42,5,6,20163,66151
2023-12-13 15:29:42,3,6,20163,66151
2023-12-13 15:29:42,5,6,20163,66151
2023-12-13 15:29:46,3,6,20163,66151
2023-12-13 15:29:46,4,6,20163,66151
2023-12-13 15:29:53,4,7,20163,66151
2023-12-13 15:29:57,4,6,20163,66151
2023-12-13 15:29:57,5,6,20163,66151
2023-12-13 15:30:03,5,7,20163,66151
2023-12-13 15:30:07,6,7,20163,66151
2023-12-13 15:30:10,6,8,20163,66151
2023-12-13 15:30:10,5,8,20163,66151
2023-12-13 15:30:12,5,7,20163,66151
2023-12-13 15:30:13,4,7,20163,66151
2023-12-13 15:30:15,5,7,20163,66151
2023-12-13 15:30:18,4,7,20163,66151
2023-12-13 15:30:18,5,7,20163,66151
2023-12-13 15:30:21,4,7,20163,66151
2023-12-13 15:30:21,5,7,20163,66151
2023-12-13 15:30:22,4,7,20163,66151
2023-12-13 15:30:22,5,7,20163,66151
2023-12-13 15:30:26,6,7,20163,66151
2023-12-13 15:30:37,6,7,20163,66251
2023-12-13 15:30:46,5,7,20163,66251
2023-12-13 15:30:46,6,7,20163,66251
2023-12-13 15:31:00,4,7,20163,66251
2023-12-13 15:31:00,6,7,20163,66251
2023-12-13 15:31:03,6,8,20163,66251
2023-12-13 15:31:06,7,8,20163,66251
2023-12-13 15:31:10,6,8,20163,66251
2023-12-13 15:31:10,7,8,20163,66251
2023-12-13 15:31:12,7,9,20163,66251
2023-12-13 15:31:12,8,9,20163,66251
2023-12-13 15:31:17,8,10,20163,66251
2023-12-13 15:31:18,0,10,20163,66251
2023-12-13 15:31:18,9,10,20163,66251
2023-12-13 15:31:20,8,10,20163,66251
2023-12-13 15:31:20,8,9,20163,66251
2023-12-13 15:31:22,7,9,20163,66251
2023-12-13 15:31:27,8,9,20163,66251
2023-12-13 15:31:29,8,9,20163,66256
2023-12-13 15:31:38,7,8,20043,66376
2023-12-13 15:31:40,6,8,20043,66376
2023-12-13 15:31:40,7,8,20043,66376
2023-12-13 15:31:42,7,8,20043,66476
2023-12-13 15:31:42,6,8,20043,66476
2023-12-13 15:31:43,7,8,20043,66476
2023-12-13 15:31:43,7,8,20043,66576
2023-12-13 15:31:43,6,8,20043,66576
2023-12-13 15:31:44,7,8,20043,66576
2023-12-13 15:31:46,7,8,20043,66676
2023-12-13 15:31:47,5,7,20043,66727
2023-12-13 15:31:47,6,7,20043,66727
2023-12-13 15:31:49,5,7,20043,66727
2023-12-13 15:31:53,5,6,20043,66727
2023-12-13 15:32:07,5,6,20143,66827
2023-12-13 15:32:10,3,6,20143,66827
2023-12-13 15:32:12,3,5,20143,66827
2023-12-13 15:32:29,0,5,20143,66827
2023-12-13 15:32:29,2,5,20143,66827
2023-12-13 15:32:36,2,4,20143,66827
2023-12-13 15:32:43,2,5,20143,66827
2023-12-13 15:32:44,2,4,20143,66827
2023-12-13 15:32:58,1,4,20143,66827
2023-12-13 15:33:03,0,4,20143,66827
2023-12-13 15:33:15,2,5,20143,66827
2023-12-13 15:34:03,0,5,20143,66827
2023-12-13 15:34:03,1,5,20143,66827
2023-12-13 15:34:03,1,4,20143,66827
2023-12-13 15:34:13,1,5,20143,66827
2023-12-13 15:34:14,0,5,20143,66827
2023-12-13 15:34:14,2,5,20143,66827
2023-12-13 15:34:31,1,5,20143,66827
2023-12-13 15:34:31,1,4,20143,66827
2023-12-13 15:35:05,0,4,20143,66827
2023-12-13 15:35:10,0,3,20143,66827
2023-12-13 15:35:28,0,3,20148,66832
2023-12-13 15:35:37,0,2,20148,66832
2023-12-13 15:36:29,0,1,20148,66832
2023-12-13 15:36:43,0,2,20148,66832
2023-12-13 15:36:43,0,1,20148,66832
2023-12-13 15:36:56,0,2,20148,67032
2023-12-13 15:38:17,0,1,20148,67032
2023-12-13 15:42:08,0,1,20138,67042
2023-12-13 15:43:20,0,1,20078,67102
2023-12-13 15:45:20,0,1,19958,67222
2023-12-13 15:48:02,0,1,19898,67282
2023-12-13 15:48:04,0,1,19838,67342
2023-12-13 15:48:06,0,1,19778,67402
2023-12-13 15:48:12,0,1,19718,67462
2023-12-13 15:48:14,0,1,19696,67484
2023-12-13 15:50:54,0,1,19696,67494
2023-12-13 15:50:55,0,1,19636,67554
2023-12-13 15:50:56,0,1,19576,67614
2023-12-13 15:50:58,0,1,19551,67639
2023-12-13 15:51:00,0,1,19546,67644
2023-12-13 15:54:06,0,1,19486,67704
2023-12-13 15:57:44,0,1,19286,67904
