datetime,bid,ask,open_interest,volume
2023-11-27 09:30:01,1,43,227,266
2023-11-27 09:30:05,1,100,377,416
2023-11-27 09:30:05,1,99,377,416
2023-11-27 09:30:14,43,99,377,416
2023-11-27 09:30:14,43,56,377,416
2023-11-27 09:30:14,43,53,377,416
2023-11-27 09:30:21,1,53,377,416
2023-11-27 09:30:21,1,100,377,416
2023-11-27 09:30:21,41,100,377,416
2023-11-27 09:30:21,43,100,377,416
2023-11-27 09:30:21,43,54,377,416
2023-11-27 09:30:27,43,53,377,416
2023-11-27 09:30:27,43,54,418,457
2023-11-27 09:30:41,2,54,418,457
2023-11-27 09:30:41,2,100,418,457
2023-11-27 09:30:41,2,99,418,457
2023-11-27 09:30:41,44,99,418,457
2023-11-27 09:30:41,44,54,418,457
2023-11-27 09:30:50,2,54,418,457
2023-11-27 09:30:50,2,100,418,457
2023-11-27 09:30:50,2,99,418,457
2023-11-27 09:30:50,42,99,418,457
2023-11-27 09:30:50,45,99,418,457
2023-11-27 09:30:50,45,58,418,457
2023-11-27 09:30:50,45,55,418,457
2023-11-27 09:31:00,50,55,418,457
2023-11-27 09:31:00,50,52,418,457
2023-11-27 09:31:05,50,51,418,457
2023-11-27 09:31:06,50,52,418,457
2023-11-27 09:31:06,50,52,618,657
2023-11-27 09:31:07,50,51,618,657
2023-11-27 09:31:08,49,51,618,657
2023-11-27 09:31:14,48,51,618,657
2023-11-27 09:31:21,49,51,618,657
2023-11-27 09:31:22,49,52,618,657
2023-11-27 09:31:27,49,51,618,657
2023-11-27 09:31:31,49,52,618,657
2023-11-27 09:31:33,49,51,618,657
2023-11-27 09:31:35,48,51,618,657
2023-11-27 09:31:36,48,51,618,657
2023-11-27 09:31:40,48,51,618,657
2023-11-27 09:31:41,49,51,618,657
2023-11-27 09:31:43,48,51,618,657
2023-11-27 09:31:51,49,51,618,657
2023-11-27 09:32:01,48,51,618,657
2023-11-27 09:32:02,48,50,618,657
2023-11-27 09:32:03,47,50,618,657
2023-11-27 09:32:04,48,50,618,657
2023-11-27 09:32:11,47,50,618,657
2023-11-27 09:32:13,48,50,618,657
2023-11-27 09:32:14,47,50,618,657
2023-11-27 09:32:31,47,49,618,657
2023-11-27 09:32:33,47,50,618,657
2023-11-27 09:32:34,47,49,618,657
2023-11-27 09:32:39,47,49,790,829
2023-11-27 09:32:43,46,49,818,857
2023-11-27 09:32:44,46,48,818,857
2023-11-27 09:32:50,46,47,818,857
2023-11-27 09:32:50,46,47,878,917
2023-11-27 09:32:58,45,47,878,917
2023-11-27 09:33:03,44,47,878,917
2023-11-27 09:33:09,44,46,878,917
2023-11-27 09:33:11,44,45,878,917
2023-11-27 09:33:11,44,45,938,977
2023-11-27 09:33:12,43,45,938,977
2023-11-27 09:33:14,44,45,938,977
2023-11-27 09:33:14,44,45,998,1037
2023-11-27 09:33:15,44,45,1018,1057
2023-11-27 09:33:19,43,45,1138,1177
2023-11-27 09:33:25,42,45,1138,1177
2023-11-27 09:33:25,42,44,1138,1177
2023-11-27 09:33:33,42,43,1138,1177
2023-11-27 09:33:34,42,44,1138,1177
2023-11-27 09:33:35,42,45,1138,1177
2023-11-27 09:33:35,42,44,1138,1177
2023-11-27 09:33:35,42,45,1138,1177
2023-11-27 09:33:44,43,45,1138,1177
2023-11-27 09:33:46,42,45,1138,1177
2023-11-27 09:33:56,43,45,1138,1177
2023-11-27 09:34:01,43,46,1138,1177
2023-11-27 09:34:05,44,46,1138,1177
2023-11-27 09:34:05,43,46,1138,1177
2023-11-27 09:34:06,43,45,1138,1177
2023-11-27 09:34:07,43,46,1138,1177
2023-11-27 09:34:07,43,46,1138,1218
2023-11-27 09:34:08,44,46,1138,1218
2023-11-27 09:34:11,44,45,1138,1218
2023-11-27 09:34:12,44,46,1138,1218
2023-11-27 09:34:22,44,45,1138,1218
2023-11-27 09:34:23,43,45,1138,1218
2023-11-27 09:34:25,44,45,1138,1218
2023-11-27 09:34:26,44,46,1138,1218
2023-11-27 09:34:28,45,46,1138,1218
2023-11-27 09:34:28,44,46,1138,1218
2023-11-27 09:34:29,44,45,1138,1218
2023-11-27 09:34:34,44,45,1198,1278
2023-11-27 09:34:39,43,45,1238,1318
2023-11-27 09:34:40,43,44,1238,1318
2023-11-27 09:34:41,42,44,1238,1518
2023-11-27 09:34:47,42,43,1238,1518
2023-11-27 09:34:51,42,44,1238,1518
2023-11-27 09:34:56,42,43,1238,1518
2023-11-27 09:34:57,42,44,1238,1518
2023-11-27 09:35:03,42,43,1238,1518
2023-11-27 09:35:05,42,45,1238,1518
2023-11-27 09:35:05,42,44,1238,1518
2023-11-27 09:35:07,42,45,1238,1518
2023-11-27 09:35:08,42,44,1238,1518
2023-11-27 09:35:30,42,43,1238,1518
2023-11-27 09:35:32,42,44,1238,1518
2023-11-27 09:35:35,42,43,1238,1518
2023-11-27 09:35:42,40,43,1238,1718
2023-11-27 09:35:55,40,42,1238,1718
2023-11-27 09:35:56,40,41,1238,1718
2023-11-27 09:35:58,39,41,1238,1718
2023-11-27 09:35:59,39,42,1238,1718
2023-11-27 09:36:01,39,41,1238,1718
2023-11-27 09:36:02,39,42,1238,1718
2023-11-27 09:36:06,39,40,1238,1718
2023-11-27 09:36:07,38,40,1238,1718
2023-11-27 09:36:10,39,40,1238,1718
2023-11-27 09:36:11,39,40,1417,1897
2023-11-27 09:36:24,38,39,1417,1918
2023-11-27 09:36:25,37,38,1417,1918
2023-11-27 09:36:29,37,39,1417,1918
2023-11-27 09:36:30,36,39,1417,1918
2023-11-27 09:36:30,36,38,1417,1918
2023-11-27 09:36:32,36,39,1417,1918
2023-11-27 09:36:32,36,38,1417,1918
2023-11-27 09:36:33,36,39,1417,1918
2023-11-27 09:36:37,37,39,1417,1918
2023-11-27 09:36:38,37,40,1417,1918
2023-11-27 09:36:38,37,39,1417,1918
2023-11-27 09:36:39,37,40,1417,1918
2023-11-27 09:36:45,37,39,1417,1918
2023-11-27 09:36:46,37,40,1417,1918
2023-11-27 09:36:48,37,39,1417,1918
2023-11-27 09:36:51,38,39,1417,1918
2023-11-27 09:36:53,38,40,1417,1918
2023-11-27 09:36:57,38,42,1417,1918
2023-11-27 09:36:57,39,42,1417,1918
2023-11-27 09:37:08,39,41,1417,1918
2023-11-27 09:37:09,38,41,1417,1918
2023-11-27 09:37:10,39,41,1417,1918
2023-11-27 09:37:12,39,42,1417,1918
2023-11-27 09:37:27,39,41,1417,1918
2023-11-27 09:37:31,38,41,1417,1918
2023-11-27 09:37:34,39,41,1417,1918
2023-11-27 09:37:34,39,42,1417,1918
2023-11-27 09:37:39,39,41,1417,1918
2023-11-27 09:37:42,38,41,1417,1918
2023-11-27 09:37:50,38,40,1417,1918
2023-11-27 09:37:52,38,41,1417,1918
2023-11-27 09:37:53,39,41,1417,1918
2023-11-27 09:37:54,38,41,1417,1918
2023-11-27 09:37:54,39,41,1417,1918
2023-11-27 09:38:02,39,42,1417,1918
2023-11-27 09:38:05,40,42,1417,1918
2023-11-27 09:38:06,39,42,1417,1918
2023-11-27 09:38:08,39,41,1417,1918
2023-11-27 09:38:13,39,42,1417,1918
2023-11-27 09:38:14,39,41,1417,1918
2023-11-27 09:38:15,39,42,1417,1918
2023-11-27 09:38:16,40,42,1417,1918
2023-11-27 09:38:17,39,42,1417,1918
2023-11-27 09:38:20,40,42,1417,1918
2023-11-27 09:38:28,40,43,1417,1918
2023-11-27 09:38:32,41,43,1417,1918
2023-11-27 09:38:39,41,42,1417,1918
2023-11-27 09:38:39,40,42,1417,1918
2023-11-27 09:38:43,40,43,1417,1918
2023-11-27 09:38:45,41,43,1417,1918
2023-11-27 09:38:46,40,43,1417,1918
2023-11-27 09:38:48,41,43,1417,1918
2023-11-27 09:38:55,40,43,1417,1918
2023-11-27 09:38:56,40,42,1417,1918
2023-11-27 09:39:02,40,43,1417,1918
2023-11-27 09:39:02,41,43,1417,1918
2023-11-27 09:39:12,41,44,1417,1918
2023-11-27 09:39:15,42,44,1417,1918
2023-11-27 09:39:26,43,44,1417,1918
2023-11-27 09:39:27,42,44,1417,1918
2023-11-27 09:39:41,41,44,1417,1918
2023-11-27 09:39:47,42,44,1417,1918
2023-11-27 09:39:51,41,44,1417,1918
2023-11-27 09:39:52,42,44,1417,1918
2023-11-27 09:39:56,43,44,1417,1918
2023-11-27 09:40:04,42,44,1417,1918
2023-11-27 09:40:09,41,44,1417,1918
2023-11-27 09:40:12,42,44,1417,1918
2023-11-27 09:40:15,43,44,1417,1918
2023-11-27 09:40:15,43,45,1417,1918
2023-11-27 09:40:36,42,45,1417,1918
2023-11-27 09:40:37,41,45,1417,1918
2023-11-27 09:40:37,41,44,1417,1918
2023-11-27 09:40:43,41,43,1417,1918
2023-11-27 09:40:46,40,43,1417,1918
2023-11-27 09:40:47,41,43,1417,1918
2023-11-27 09:40:50,41,44,1417,1918
2023-11-27 09:41:06,41,43,1417,1918
2023-11-27 09:41:16,42,43,1417,1918
2023-11-27 09:41:17,42,44,1417,1918
2023-11-27 09:41:18,42,43,1417,1918
2023-11-27 09:41:19,42,44,1417,1918
2023-11-27 09:41:20,41,44,1417,1918
2023-11-27 09:41:20,41,43,1417,1918
2023-11-27 09:41:22,42,43,1417,1918
2023-11-27 09:41:22,42,44,1417,1918
2023-11-27 09:41:29,42,45,1417,1918
2023-11-27 09:41:30,42,44,1417,1918
2023-11-27 09:41:33,42,45,1417,1918
2023-11-27 09:41:42,43,45,1417,1918
2023-11-27 09:41:48,42,45,1417,1918
2023-11-27 09:41:49,43,45,1417,1918
2023-11-27 09:41:50,42,45,1417,1918
2023-11-27 09:41:52,42,44,1417,1918
2023-11-27 09:41:52,41,44,1417,1918
2023-11-27 09:41:53,41,43,1417,1918
2023-11-27 09:41:55,40,43,1417,1918
2023-11-27 09:41:59,40,42,1417,1918
2023-11-27 09:42:07,40,43,1417,1918
2023-11-27 09:42:08,40,42,1417,1918
2023-11-27 09:42:11,40,43,1417,1918
2023-11-27 09:42:11,40,42,1417,1918
2023-11-27 09:42:12,40,41,1417,1918
2023-11-27 09:42:13,40,42,1417,1918
2023-11-27 09:42:14,40,41,1417,1918
2023-11-27 09:42:17,40,42,1417,1918
2023-11-27 09:42:18,40,41,1417,1918
2023-11-27 09:42:20,40,42,1417,1918
2023-11-27 09:42:28,40,41,1417,1918
2023-11-27 09:42:28,40,42,1417,1918
2023-11-27 09:42:41,40,41,1417,1918
2023-11-27 09:42:45,40,42,1417,1918
2023-11-27 09:42:53,41,42,1417,1918
2023-11-27 09:42:53,41,43,1417,1918
2023-11-27 09:42:58,41,44,1417,1918
2023-11-27 09:43:12,42,44,1417,1918
2023-11-27 09:43:14,42,45,1417,1918
2023-11-27 09:43:20,43,45,1417,1918
2023-11-27 09:43:35,43,44,1417,1918
2023-11-27 09:43:36,42,44,1417,1918
2023-11-27 09:43:36,42,45,1417,1918
2023-11-27 09:43:38,42,44,1417,1918
2023-11-27 09:43:47,43,44,1417,1918
2023-11-27 09:43:47,43,45,1417,1918
2023-11-27 09:43:51,43,44,1417,1918
2023-11-27 09:43:51,43,45,1417,1918
2023-11-27 09:44:10,43,44,1417,1918
2023-11-27 09:44:11,43,45,1417,1918
2023-11-27 09:44:14,43,44,1417,1918
2023-11-27 09:44:15,42,44,1417,1918
2023-11-27 09:44:25,41,44,1417,1918
2023-11-27 09:44:27,42,44,1417,1918
2023-11-27 09:44:30,42,43,1417,1918
2023-11-27 09:44:31,41,43,1417,1918
2023-11-27 09:44:45,41,44,1417,1918
2023-11-27 09:44:45,41,43,1417,1918
2023-11-27 09:44:51,42,43,1417,1918
2023-11-27 09:44:51,42,44,1417,1918
2023-11-27 09:44:53,41,44,1417,1918
2023-11-27 09:44:53,41,43,1417,1918
2023-11-27 09:45:01,41,44,1417,1918
2023-11-27 09:45:01,41,43,1417,1918
2023-11-27 09:45:05,40,43,1417,1918
2023-11-27 09:45:06,40,42,1417,1918
2023-11-27 09:45:08,40,43,1417,1918
2023-11-27 09:45:09,41,43,1417,1918
2023-11-27 09:45:09,41,44,1417,1918
2023-11-27 09:45:09,41,43,1417,1918
2023-11-27 09:45:09,41,44,1417,1918
2023-11-27 09:45:10,41,43,1417,1918
2023-11-27 09:45:18,40,43,1417,1918
2023-11-27 09:45:18,40,42,1417,1918
2023-11-27 09:45:19,41,42,1417,1918
2023-11-27 09:45:19,41,44,1417,1918
2023-11-27 09:45:19,41,43,1417,1918
2023-11-27 09:45:20,41,44,1417,1918
2023-11-27 09:45:21,41,43,1417,1918
2023-11-27 09:45:23,40,43,1417,1918
2023-11-27 09:45:24,40,42,1417,1918
2023-11-27 09:45:26,41,42,1417,1918
2023-11-27 09:45:32,41,43,1417,1918
2023-11-27 09:45:35,41,44,1417,1918
2023-11-27 09:45:36,41,43,1417,1918
2023-11-27 09:45:37,41,42,1417,1918
2023-11-27 09:45:40,41,44,1417,1918
2023-11-27 09:45:40,41,43,1417,1918
2023-11-27 09:45:42,42,43,1417,1918
2023-11-27 09:45:42,42,44,1417,1918
2023-11-27 09:45:45,41,44,1417,1918
2023-11-27 09:45:46,41,43,1417,1918
2023-11-27 09:45:53,42,43,1417,1918
2023-11-27 09:45:54,41,43,1417,1918
2023-11-27 09:45:58,41,42,1417,1918
2023-11-27 09:45:59,41,43,1417,1918
2023-11-27 09:46:00,41,42,1417,1918
2023-11-27 09:46:01,41,43,1417,1918
2023-11-27 09:46:01,41,44,1417,1918
2023-11-27 09:46:01,41,43,1417,1918
2023-11-27 09:46:02,41,42,1417,1918
2023-11-27 09:46:04,40,42,1417,1918
2023-11-27 09:46:07,41,42,1417,1918
2023-11-27 09:46:09,40,42,1417,1918
2023-11-27 09:46:09,40,43,1417,1918
2023-11-27 09:46:09,40,42,1417,1918
2023-11-27 09:46:12,41,42,1417,1918
2023-11-27 09:46:12,41,43,1417,1918
2023-11-27 09:46:14,41,44,1417,1918
2023-11-27 09:46:14,41,43,1417,1918
2023-11-27 09:46:20,41,42,1417,1918
2023-11-27 09:46:21,41,43,1417,1918
2023-11-27 09:46:23,41,42,1417,1918
2023-11-27 09:46:27,40,42,1417,1918
2023-11-27 09:46:30,40,43,1417,1918
2023-11-27 09:46:30,40,42,1417,1918
2023-11-27 09:46:33,40,43,1417,1918
2023-11-27 09:46:34,40,42,1417,1918
2023-11-27 09:46:35,40,41,1417,1918
2023-11-27 09:46:39,40,42,1417,1918
2023-11-27 09:46:39,40,41,1417,1918
2023-11-27 09:46:40,40,41,1517,2018
2023-11-27 09:46:40,40,42,1517,2018
2023-11-27 09:46:42,41,42,1517,2018
2023-11-27 09:46:51,42,44,1617,2118
2023-11-27 09:46:51,41,44,1717,2218
2023-11-27 09:46:55,41,43,1717,2218
2023-11-27 09:46:56,40,43,1717,2218
2023-11-27 09:47:01,41,43,1717,2218
2023-11-27 09:47:03,40,43,1717,2218
2023-11-27 09:47:03,40,42,1717,2218
2023-11-27 09:47:04,40,43,1717,2218
2023-11-27 09:47:05,41,43,1717,2218
2023-11-27 09:47:06,40,43,1717,2218
2023-11-27 09:47:09,41,43,1717,2218
2023-11-27 09:47:10,40,43,1717,2218
2023-11-27 09:47:11,41,43,1717,2218
2023-11-27 09:47:15,41,44,1717,2218
2023-11-27 09:47:16,42,44,1717,2218
2023-11-27 09:47:16,42,45,1717,2218
2023-11-27 09:47:33,43,45,1717,2218
2023-11-27 09:47:34,43,44,1717,2218
2023-11-27 09:47:34,42,44,1717,2218
2023-11-27 09:47:37,42,45,1717,2218
2023-11-27 09:47:38,42,44,1717,2218
2023-11-27 09:47:40,41,44,1717,2218
2023-11-27 09:47:43,40,44,1717,2218
2023-11-27 09:47:45,40,43,1717,2218
2023-11-27 09:47:51,39,43,1717,2218
2023-11-27 09:47:51,39,42,1717,2218
2023-11-27 09:47:57,38,42,1717,2218
2023-11-27 09:47:57,38,41,1717,2218
2023-11-27 09:47:58,38,42,1717,2218
2023-11-27 09:47:58,39,42,1717,2218
2023-11-27 09:47:59,38,42,1717,2218
2023-11-27 09:47:59,38,41,1717,2218
2023-11-27 09:48:01,38,42,1717,2218
2023-11-27 09:48:01,39,42,1717,2218
2023-11-27 09:48:02,40,42,1717,2218
2023-11-27 09:48:15,40,42,1717,2368
2023-11-27 09:48:20,40,41,1717,2368
2023-11-27 09:48:21,40,42,1717,2368
2023-11-27 09:48:21,40,41,1717,2368
2023-11-27 09:48:24,40,42,1717,2368
2023-11-27 09:48:25,40,43,1717,2368
2023-11-27 09:48:25,40,41,1717,2368
2023-11-27 09:48:25,40,43,1717,2368
2023-11-27 09:48:26,40,42,1717,2368
2023-11-27 09:48:27,40,43,1717,2368
2023-11-27 09:48:34,40,42,1717,2368
2023-11-27 09:48:37,40,41,1717,2368
2023-11-27 09:48:41,40,42,1717,2368
2023-11-27 09:48:42,40,41,1717,2368
2023-11-27 09:48:46,40,41,1917,2568
2023-11-27 09:48:46,40,44,1917,2568
2023-11-27 09:48:46,40,43,1917,2568
2023-11-27 09:48:46,40,44,1917,2568
2023-11-27 09:48:46,40,42,1917,2568
2023-11-27 09:48:48,40,43,1917,2568
2023-11-27 09:48:48,40,42,1917,2568
2023-11-27 09:48:50,40,43,1917,2568
2023-11-27 09:48:51,40,42,1917,2568
2023-11-27 09:48:52,40,43,1917,2568
2023-11-27 09:49:00,41,43,1917,2568
2023-11-27 09:49:00,41,44,1917,2568
2023-11-27 09:49:04,41,43,1917,2568
2023-11-27 09:49:04,40,43,1917,2568
2023-11-27 09:49:05,41,43,1917,2568
2023-11-27 09:49:05,40,43,1917,2568
2023-11-27 09:49:08,41,43,1917,2568
2023-11-27 09:49:16,40,43,1917,2568
2023-11-27 09:49:16,41,43,1917,2568
2023-11-27 09:49:33,42,43,1917,2568
2023-11-27 09:49:40,42,44,1917,2568
2023-11-27 09:49:43,41,44,1917,2568
2023-11-27 09:49:44,40,44,1917,2568
2023-11-27 09:49:44,41,44,1917,2568
2023-11-27 09:49:45,42,44,1917,2568
2023-11-27 09:49:49,42,43,1917,2568
2023-11-27 09:49:53,41,43,1917,2568
2023-11-27 09:49:55,40,43,1917,2568
2023-11-27 09:49:57,40,42,1917,2568
2023-11-27 09:49:58,40,43,1917,2568
2023-11-27 09:50:06,40,42,1917,2568
2023-11-27 09:50:36,40,43,1917,2568
2023-11-27 09:50:48,40,42,1917,2568
2023-11-27 09:50:49,40,43,1917,2568
2023-11-27 09:50:49,41,43,1917,2568
2023-11-27 09:50:50,41,43,1917,2703
2023-11-27 09:50:51,41,42,1917,2703
2023-11-27 09:50:57,40,43,1917,2703
2023-11-27 09:50:58,40,42,1917,2703
2023-11-27 09:51:00,40,43,1917,2703
2023-11-27 09:51:01,41,43,1917,2703
2023-11-27 09:51:02,41,42,1917,2703
2023-11-27 09:51:12,40,41,1917,2703
2023-11-27 09:51:12,38,41,1917,2803
2023-11-27 09:51:18,38,40,1917,2803
2023-11-27 09:51:23,38,41,1917,2803
2023-11-27 09:51:27,38,40,1917,2803
2023-11-27 09:51:29,38,41,1917,2803
2023-11-27 09:51:36,38,40,1917,2803
2023-11-27 09:51:42,38,42,1917,2803
2023-11-27 09:51:47,39,43,1917,2803
2023-11-27 09:51:47,40,43,1917,2803
2023-11-27 09:51:48,39,43,1917,2803
2023-11-27 09:51:50,40,43,1917,2803
2023-11-27 09:51:51,40,42,1917,2803
2023-11-27 09:51:51,39,42,1917,2803
2023-11-27 09:52:00,40,42,1917,2803
2023-11-27 09:52:04,39,42,1917,2803
2023-11-27 09:52:04,40,42,1917,2803
2023-11-27 09:52:06,39,42,1917,2803
2023-11-27 09:52:11,40,42,1917,2803
2023-11-27 09:52:11,39,42,1917,2803
2023-11-27 09:52:12,39,41,1917,2803
2023-11-27 09:52:15,38,41,1917,2803
2023-11-27 09:52:31,39,41,1917,2803
2023-11-27 09:52:31,39,42,1917,2803
2023-11-27 09:52:35,39,41,1917,2803
2023-11-27 09:52:37,38,41,1917,2803
2023-11-27 09:52:37,39,41,1917,2803
2023-11-27 09:52:39,39,42,1917,2803
2023-11-27 09:52:42,39,41,1917,2803
2023-11-27 09:52:43,38,41,1917,2803
2023-11-27 09:52:43,39,41,1917,2803
2023-11-27 09:52:45,38,41,1917,2803
2023-11-27 09:52:45,39,41,1917,2803
2023-11-27 09:52:48,38,41,1917,2803
2023-11-27 09:52:49,38,40,1917,2803
2023-11-27 09:52:51,37,40,1917,2803
2023-11-27 09:52:51,37,39,1917,2803
2023-11-27 09:53:00,37,40,1917,2803
2023-11-27 09:53:06,37,39,1917,2803
2023-11-27 09:53:16,37,40,1917,2803
2023-11-27 09:53:19,37,41,1917,2803
2023-11-27 09:53:20,37,40,1917,2803
2023-11-27 09:53:26,38,40,1917,2803
2023-11-27 09:53:27,38,41,1917,2803
2023-11-27 09:53:28,38,40,1917,2803
2023-11-27 09:53:28,38,41,1917,2803
2023-11-27 09:53:30,38,40,1917,2803
2023-11-27 09:53:32,38,41,1917,2803
2023-11-27 09:53:34,38,42,1917,2803
2023-11-27 09:53:36,39,42,1917,2803
2023-11-27 09:53:45,38,42,1917,2803
2023-11-27 09:53:47,38,41,1917,2803
2023-11-27 09:53:48,39,41,1917,2803
2023-11-27 09:53:49,38,41,1917,2803
2023-11-27 09:53:49,39,41,1917,2803
2023-11-27 09:53:50,38,41,1917,2803
2023-11-27 09:53:51,39,41,1917,2803
2023-11-27 09:53:51,38,41,1917,2803
2023-11-27 09:53:52,39,41,1917,2803
2023-11-27 09:53:52,39,41,2052,3003
2023-11-27 09:53:53,38,41,2052,3003
2023-11-27 09:53:59,39,41,2052,3003
2023-11-27 09:54:00,39,41,2169,3120
2023-11-27 09:54:04,39,42,2169,3120
2023-11-27 09:54:05,39,41,2169,3120
2023-11-27 09:54:09,38,41,2169,3120
2023-11-27 09:54:10,39,41,2169,3120
2023-11-27 09:54:12,38,41,2169,3120
2023-11-27 09:54:13,39,41,2169,3120
2023-11-27 09:54:31,39,42,2169,3120
2023-11-27 09:54:33,40,42,2169,3120
2023-11-27 09:54:33,40,43,2169,3120
2023-11-27 09:54:41,40,44,2169,3120
2023-11-27 09:54:42,41,44,2169,3120
2023-11-27 09:54:45,41,45,2169,3120
2023-11-27 09:54:48,41,44,2169,3120
2023-11-27 09:54:51,41,45,2169,3120
2023-11-27 09:54:53,42,45,2169,3120
2023-11-27 09:54:55,43,45,2169,3120
2023-11-27 09:55:06,44,45,2169,3120
2023-11-27 09:55:08,43,45,2169,3120
2023-11-27 09:55:10,44,45,2169,3120
2023-11-27 09:55:10,43,45,2169,3120
2023-11-27 09:55:11,44,45,2169,3120
2023-11-27 09:55:11,44,46,2169,3120
2023-11-27 09:55:11,45,46,2169,3120
2023-11-27 09:55:13,44,46,2169,3120
2023-11-27 09:55:14,43,46,2169,3120
2023-11-27 09:55:16,44,46,2169,3120
2023-11-27 09:55:16,44,46,2229,3180
2023-11-27 09:55:17,44,45,2229,3180
2023-11-27 09:55:17,43,45,2229,3180
2023-11-27 09:55:17,44,45,2229,3180
2023-11-27 09:55:22,43,45,2229,3180
2023-11-27 09:55:27,42,45,2229,3180
2023-11-27 09:55:28,42,44,2229,3180
2023-11-27 09:55:29,42,45,2229,3180
2023-11-27 09:55:30,42,44,2229,3180
2023-11-27 09:55:31,41,44,2229,3180
2023-11-27 09:55:32,42,44,2229,3180
2023-11-27 09:55:33,42,45,2229,3180
2023-11-27 09:55:33,43,45,2229,3180
2023-11-27 09:55:34,43,44,2229,3180
2023-11-27 09:55:34,42,44,2229,3180
2023-11-27 09:55:38,43,44,2229,3180
2023-11-27 09:55:39,42,44,2229,3180
2023-11-27 09:55:40,43,44,2229,3180
2023-11-27 09:55:41,42,44,2229,3180
2023-11-27 09:55:41,43,44,2229,3180
2023-11-27 09:55:47,43,44,2229,3380
2023-11-27 09:55:47,42,44,2415,3566
2023-11-27 09:55:47,41,44,2415,3566
2023-11-27 09:55:47,41,43,2415,3566
2023-11-27 09:55:47,42,43,2415,3566
2023-11-27 09:55:50,41,43,2415,3566
2023-11-27 09:55:52,40,43,2415,3566
2023-11-27 09:55:53,40,42,2415,3566
2023-11-27 09:55:59,40,43,2415,3566
2023-11-27 09:56:03,41,43,2415,3566
2023-11-27 09:56:06,42,43,2415,3566
2023-11-27 09:56:07,42,44,2415,3566
2023-11-27 09:56:09,42,43,2415,3566
2023-11-27 09:56:11,41,43,2415,3566
2023-11-27 09:56:12,42,43,2415,3566
2023-11-27 09:56:13,40,43,2415,3566
2023-11-27 09:56:14,41,43,2415,3566
2023-11-27 09:56:14,42,43,2415,3566
2023-11-27 09:56:18,42,44,2415,3566
2023-11-27 09:56:18,41,44,2415,3566
2023-11-27 09:56:20,42,44,2415,3566
2023-11-27 09:56:24,43,44,2415,3566
2023-11-27 09:56:25,41,44,2415,3566
2023-11-27 09:56:28,42,44,2415,3566
2023-11-27 09:56:28,43,44,2415,3566
2023-11-27 09:56:29,42,44,2415,3566
2023-11-27 09:56:30,43,44,2415,3566
2023-11-27 09:56:32,42,44,2415,3566
2023-11-27 09:56:38,42,45,2415,3566
2023-11-27 09:56:39,43,45,2415,3566
2023-11-27 09:56:41,43,46,2415,3566
2023-11-27 09:56:44,43,45,2415,3566
2023-11-27 09:56:46,42,45,2415,3566
2023-11-27 09:56:48,43,45,2415,3566
2023-11-27 09:56:55,42,45,2415,3566
2023-11-27 09:56:55,44,45,2415,3566
2023-11-27 09:56:55,42,45,2415,3566
2023-11-27 09:56:55,44,45,2415,3566
2023-11-27 09:56:55,42,45,2415,3566
2023-11-27 09:57:02,43,45,2415,3566
2023-11-27 09:57:02,44,45,2415,3566
2023-11-27 09:57:07,43,45,2415,3566
2023-11-27 09:57:09,43,46,2415,3566
2023-11-27 09:57:11,43,45,2415,3566
2023-11-27 09:57:13,43,46,2415,3566
2023-11-27 09:57:25,43,45,2415,3566
2023-11-27 09:57:31,44,45,2415,3566
2023-11-27 09:57:40,44,46,2415,3566
2023-11-27 09:57:40,45,46,2415,3566
2023-11-27 09:57:49,44,46,2415,3566
2023-11-27 09:57:50,45,46,2415,3566
2023-11-27 09:57:50,44,46,2415,3566
2023-11-27 09:57:52,45,46,2415,3566
2023-11-27 09:57:53,44,46,2415,3566
2023-11-27 09:57:53,45,46,2415,3566
2023-11-27 09:57:55,44,46,2415,3566
2023-11-27 09:57:56,45,46,2415,3566
2023-11-27 09:58:04,43,46,2548,3699
2023-11-27 09:58:04,43,45,2548,3699
2023-11-27 09:58:04,44,45,2548,3699
2023-11-27 09:58:11,44,46,2548,3699
2023-11-27 09:58:17,45,46,2548,3699
2023-11-27 09:58:20,44,46,2548,3699
2023-11-27 09:58:22,44,45,2548,3699
2023-11-27 09:58:22,43,45,2548,3699
2023-11-27 09:58:34,42,45,2548,3699
2023-11-27 09:58:36,43,45,2548,3699
2023-11-27 09:58:45,44,45,2548,3699
2023-11-27 09:58:53,44,46,2548,3699
2023-11-27 09:58:56,43,46,2548,3699
2023-11-27 09:58:56,44,46,2548,3699
2023-11-27 09:58:57,44,45,2548,3699
2023-11-27 09:58:57,43,45,2548,3699
2023-11-27 09:59:14,44,45,2548,3699
2023-11-27 09:59:15,43,45,2548,3699
2023-11-27 09:59:19,44,45,2548,3699
2023-11-27 09:59:21,44,46,2548,3699
2023-11-27 09:59:30,44,47,2548,3699
2023-11-27 09:59:30,45,47,2548,3699
2023-11-27 09:59:33,45,46,2548,3699
2023-11-27 09:59:34,45,47,2548,3699
2023-11-27 09:59:39,45,46,2548,3699
2023-11-27 09:59:40,45,47,2548,3699
2023-11-27 09:59:44,46,47,2548,3699
2023-11-27 09:59:51,46,48,2548,3699
2023-11-27 09:59:59,46,49,2548,3699
2023-11-27 10:00:01,47,49,2548,3699
2023-11-27 10:00:02,48,49,2548,3699
2023-11-27 10:00:03,48,50,2548,3699
2023-11-27 10:00:03,49,50,2548,3699
2023-11-27 10:00:03,49,51,2548,3699
2023-11-27 10:00:06,49,52,2548,3699
2023-11-27 10:00:15,49,51,2548,3699
2023-11-27 10:00:18,50,51,2548,3699
2023-11-27 10:00:24,50,52,2548,3699
2023-11-27 10:00:24,51,52,2548,3699
2023-11-27 10:00:27,49,52,2548,3699
2023-11-27 10:00:27,51,52,2548,3699
2023-11-27 10:00:27,49,52,2548,3699
2023-11-27 10:00:27,51,52,2548,3699
2023-11-27 10:00:27,49,52,2548,3699
2023-11-27 10:00:27,51,52,2548,3699
2023-11-27 10:00:28,49,52,2548,3699
2023-11-27 10:00:28,51,52,2548,3699
2023-11-27 10:00:28,49,52,2548,3699
2023-11-27 10:00:28,51,52,2548,3699
2023-11-27 10:00:28,49,52,2548,3699
2023-11-27 10:00:28,51,52,2548,3699
2023-11-27 10:00:28,49,52,2548,3699
2023-11-27 10:00:28,51,52,2548,3699
2023-11-27 10:00:28,49,52,2548,3699
2023-11-27 10:00:28,51,52,2548,3699
2023-11-27 10:00:29,49,51,2653,3804
2023-11-27 10:00:31,50,51,2653,3804
2023-11-27 10:00:35,49,51,2653,3804
2023-11-27 10:00:36,50,51,2653,3804
2023-11-27 10:00:36,49,51,2653,3804
2023-11-27 10:00:38,48,51,2653,3804
2023-11-27 10:00:38,47,50,2653,3804
2023-11-27 10:00:43,48,50,2653,3804
2023-11-27 10:00:46,47,50,2653,3804
2023-11-27 10:00:55,47,49,2653,3804
2023-11-27 10:00:58,46,49,2653,3804
2023-11-27 10:00:59,47,49,2653,3804
2023-11-27 10:01:04,47,50,2653,3804
2023-11-27 10:01:06,48,50,2653,3804
2023-11-27 10:01:09,48,51,2653,3804
2023-11-27 10:01:10,48,50,2653,3804
2023-11-27 10:01:11,47,50,2653,3804
2023-11-27 10:01:11,47,49,2653,3804
2023-11-27 10:01:11,47,50,2653,3804
2023-11-27 10:01:12,48,50,2653,3804
2023-11-27 10:01:14,47,50,2653,3804
2023-11-27 10:01:15,48,50,2653,3804
2023-11-27 10:01:19,48,51,2653,3804
2023-11-27 10:01:25,49,51,2653,3804
2023-11-27 10:01:26,50,51,2653,3804
2023-11-27 10:01:31,49,51,2653,3804
2023-11-27 10:01:33,48,51,2653,3804
2023-11-27 10:01:36,49,51,2653,3804
2023-11-27 10:01:37,48,51,2653,3804
2023-11-27 10:01:38,48,50,2653,3804
2023-11-27 10:01:41,48,49,2653,3804
2023-11-27 10:01:42,48,50,2653,3804
2023-11-27 10:01:45,48,51,2653,3804
2023-11-27 10:01:47,48,50,2653,3804
2023-11-27 10:02:03,46,50,2653,3804
2023-11-27 10:02:03,46,49,2653,3804
2023-11-27 10:02:03,47,49,2653,3804
2023-11-27 10:02:03,46,49,2653,3804
2023-11-27 10:02:06,47,49,2653,3804
2023-11-27 10:02:08,47,50,2653,3804
2023-11-27 10:02:10,47,49,2653,3804
2023-11-27 10:02:14,46,49,2653,3804
2023-11-27 10:02:15,47,49,2653,3804
2023-11-27 10:02:16,46,49,2653,3804
2023-11-27 10:02:23,47,49,2653,3804
2023-11-27 10:02:26,47,50,2653,3804
2023-11-27 10:02:31,48,50,2653,3804
2023-11-27 10:02:32,48,51,2653,3804
2023-11-27 10:02:40,48,50,2653,3804
2023-11-27 10:02:42,47,50,2653,3804
2023-11-27 10:02:42,48,50,2653,3804
2023-11-27 10:02:48,49,50,2653,3804
2023-11-27 10:02:49,48,51,2653,3804
2023-11-27 10:02:50,48,50,2653,3804
2023-11-27 10:02:51,49,50,2653,3804
2023-11-27 10:02:51,49,51,2653,3804
2023-11-27 10:02:52,48,51,2653,3804
2023-11-27 10:02:52,48,50,2653,3804
2023-11-27 10:02:53,48,51,2653,3804
2023-11-27 10:02:54,49,51,2653,3804
2023-11-27 10:03:15,50,51,2653,3804
2023-11-27 10:03:17,49,51,2653,3804
2023-11-27 10:03:18,50,51,2653,3804
2023-11-27 10:03:19,49,51,2653,3804
2023-11-27 10:03:20,50,51,2653,3804
2023-11-27 10:03:36,50,52,2735,3886
2023-11-27 10:03:37,51,52,2735,3886
2023-11-27 10:03:51,49,52,2735,3886
2023-11-27 10:03:51,51,52,2735,3886
2023-11-27 10:03:51,50,52,2735,3886
2023-11-27 10:03:51,51,52,2735,3886
2023-11-27 10:03:52,50,52,2735,3886
2023-11-27 10:03:52,49,52,2735,3886
2023-11-27 10:03:52,50,52,2735,3886
2023-11-27 10:03:53,49,52,2735,3886
2023-11-27 10:03:54,50,52,2735,3886
2023-11-27 10:04:02,51,52,2735,3886
2023-11-27 10:04:03,50,52,2735,3886
2023-11-27 10:04:03,51,52,2735,3886
2023-11-27 10:04:04,50,52,2735,3886
2023-11-27 10:04:05,51,52,2735,3886
2023-11-27 10:04:06,50,52,2735,3886
2023-11-27 10:04:08,50,51,2735,3886
2023-11-27 10:04:08,49,51,2735,3886
2023-11-27 10:04:15,49,52,2735,3886
2023-11-27 10:04:18,50,52,2735,3886
2023-11-27 10:04:27,50,51,2735,3886
2023-11-27 10:04:27,49,51,2735,3886
2023-11-27 10:04:29,50,51,2735,3886
2023-11-27 10:04:33,49,51,2735,3886
2023-11-27 10:04:44,50,51,2735,3886
2023-11-27 10:04:44,49,51,2735,3886
2023-11-27 10:04:45,50,51,2735,3886
2023-11-27 10:04:46,49,51,2735,3886
2023-11-27 10:04:47,50,51,2735,3886
2023-11-27 10:04:47,50,52,2735,3886
2023-11-27 10:04:51,50,51,2735,3886
2023-11-27 10:04:51,49,51,2735,3886
2023-11-27 10:04:52,50,51,2735,3886
2023-11-27 10:04:53,50,52,2735,3886
2023-11-27 10:05:10,51,52,2735,3886
2023-11-27 10:05:14,50,52,2735,3886
2023-11-27 10:05:27,51,52,2735,3886
2023-11-27 10:05:30,50,52,2735,3886
2023-11-27 10:05:35,51,52,2735,3886
2023-11-27 10:05:45,51,53,2735,3886
2023-11-27 10:05:46,51,54,2735,3886
2023-11-27 10:05:56,52,54,2735,3886
2023-11-27 10:06:01,53,54,2735,3886
2023-11-27 10:06:01,52,54,2735,3886
2023-11-27 10:06:01,53,54,2735,3886
2023-11-27 10:06:26,52,54,2735,3886
2023-11-27 10:06:27,52,53,2735,3886
2023-11-27 10:06:27,51,53,2735,3886
2023-11-27 10:06:28,50,53,2735,3886
2023-11-27 10:06:30,51,53,2735,3886
2023-11-27 10:06:31,50,53,2735,3886
2023-11-27 10:06:31,51,53,2735,3886
2023-11-27 10:06:36,50,53,2735,3886
2023-11-27 10:06:36,51,53,2735,3886
2023-11-27 10:06:40,50,53,2735,3886
2023-11-27 10:06:40,51,53,2735,3886
2023-11-27 10:06:41,52,53,2735,3886
2023-11-27 10:06:51,52,54,2735,3886
2023-11-27 10:06:51,51,54,2735,3886
2023-11-27 10:06:51,52,54,2735,3886
2023-11-27 10:06:55,53,54,2735,3886
2023-11-27 10:06:57,52,53,2735,4076
2023-11-27 10:06:57,53,54,2735,4086
2023-11-27 10:06:57,52,54,2735,4086
2023-11-27 10:06:57,53,54,2735,4086
2023-11-27 10:06:59,52,54,2735,4086
2023-11-27 10:07:00,52,53,2735,4086
2023-11-27 10:07:06,50,53,2735,4086
2023-11-27 10:07:06,51,53,2735,4086
2023-11-27 10:07:10,51,54,2735,4086
2023-11-27 10:07:11,52,54,2735,4086
2023-11-27 10:07:11,51,54,2735,4086
2023-11-27 10:07:12,52,54,2735,4086
2023-11-27 10:07:25,53,54,2735,4086
2023-11-27 10:07:26,52,54,2735,4086
2023-11-27 10:07:31,53,54,2735,4086
2023-11-27 10:07:48,52,54,2735,4086
2023-11-27 10:07:49,53,54,2735,4086
2023-11-27 10:07:50,53,55,2735,4086
2023-11-27 10:07:50,54,55,2735,4086
2023-11-27 10:07:52,53,55,2735,4086
2023-11-27 10:08:01,52,55,2735,4086
2023-11-27 10:08:08,52,54,2735,4086
2023-11-27 10:08:10,51,54,2735,4086
2023-11-27 10:08:12,52,54,2735,4086
2023-11-27 10:08:14,52,55,2735,4086
2023-11-27 10:08:16,53,55,2735,4086
2023-11-27 10:08:23,54,55,2735,4086
2023-11-27 10:08:24,54,56,2735,4086
2023-11-27 10:08:38,55,56,2735,4086
2023-11-27 10:08:39,54,56,2735,4086
2023-11-27 10:08:44,55,56,2735,4086
2023-11-27 10:09:25,55,57,2735,4086
2023-11-27 10:09:25,56,57,2735,4086
2023-11-27 10:09:28,56,57,2737,4088
2023-11-27 10:09:30,55,57,2737,4088
2023-11-27 10:09:36,56,57,2737,4088
2023-11-27 10:09:54,56,57,2735,4090
2023-11-27 10:09:55,56,58,2735,4090
2023-11-27 10:09:55,57,58,2735,4090
2023-11-27 10:09:59,57,59,2735,4090
2023-11-27 10:09:59,58,59,2735,4090
2023-11-27 10:10:02,58,60,2735,4090
2023-11-27 10:10:02,59,60,2735,4090
2023-11-27 10:10:07,58,60,2735,4090
2023-11-27 10:10:15,59,60,2735,4090
2023-11-27 10:10:24,58,60,2735,4090
2023-11-27 10:10:25,59,60,2735,4090
2023-11-27 10:10:35,58,60,2735,4090
2023-11-27 10:10:35,59,60,2735,4090
2023-11-27 10:10:37,58,60,2735,4090
2023-11-27 10:10:37,59,60,2735,4090
2023-11-27 10:10:38,59,60,2907,4290
2023-11-27 10:10:39,59,60,3107,4490
2023-11-27 10:10:39,58,60,3107,4490
2023-11-27 10:10:49,58,59,3107,4490
2023-11-27 10:10:55,58,60,3107,4490
2023-11-27 10:10:56,59,60,3107,4490
2023-11-27 10:10:58,58,60,3107,4490
2023-11-27 10:10:59,59,60,3107,4490
2023-11-27 10:11:00,58,60,3107,4490
2023-11-27 10:11:18,57,60,3107,4490
2023-11-27 10:11:20,57,59,3107,4490
2023-11-27 10:11:30,56,59,3107,4490
2023-11-27 10:11:35,57,59,3107,4490
2023-11-27 10:11:37,56,59,3107,4490
2023-11-27 10:11:37,56,58,3107,4490
2023-11-27 10:11:38,56,59,3107,4490
2023-11-27 10:11:39,56,58,3107,4490
2023-11-27 10:11:40,56,59,3107,4490
2023-11-27 10:11:41,56,58,3107,4490
2023-11-27 10:11:42,57,58,3107,4490
2023-11-27 10:11:42,57,59,3107,4490
2023-11-27 10:11:43,57,58,3107,4490
2023-11-27 10:11:45,57,59,3107,4490
2023-11-27 10:11:45,57,58,3107,4490
2023-11-27 10:11:48,56,58,3107,4490
2023-11-27 10:11:58,55,58,3107,4490
2023-11-27 10:12:04,55,57,3107,4490
2023-11-27 10:12:07,54,57,3107,4490
2023-11-27 10:12:10,54,56,3107,4490
2023-11-27 10:12:18,54,55,3107,4490
2023-11-27 10:12:20,54,55,3107,4550
2023-11-27 10:12:22,53,55,3107,4550
2023-11-27 10:12:26,53,56,3107,4550
2023-11-27 10:12:26,53,55,3107,4550
2023-11-27 10:12:29,53,54,3107,4550
2023-11-27 10:12:31,53,56,3107,4550
2023-11-27 10:12:31,53,55,3107,4550
2023-11-27 10:12:31,53,54,3107,4550
2023-11-27 10:12:32,54,55,2983,4674
2023-11-27 10:12:33,53,55,2983,4674
2023-11-27 10:12:37,54,55,2983,4674
2023-11-27 10:12:37,54,56,2983,4674
2023-11-27 10:12:39,53,56,2983,4674
2023-11-27 10:12:39,53,55,2983,4674
2023-11-27 10:12:46,54,55,2983,4674
2023-11-27 10:12:49,53,55,2983,4674
2023-11-27 10:12:55,53,56,2983,4674
2023-11-27 10:12:55,53,55,2983,4674
2023-11-27 10:12:56,53,54,2983,4674
2023-11-27 10:13:01,53,55,2983,4674
2023-11-27 10:13:12,54,55,2983,4674
2023-11-27 10:13:12,54,56,2983,4674
2023-11-27 10:13:16,53,56,2983,4674
2023-11-27 10:13:17,54,56,2983,4674
2023-11-27 10:13:25,54,55,2983,4674
2023-11-27 10:13:28,54,56,2983,4674
2023-11-27 10:13:39,55,56,2983,4674
2023-11-27 10:13:40,55,57,2983,4674
2023-11-27 10:13:49,54,57,2983,4674
2023-11-27 10:13:49,54,56,2983,4674
2023-11-27 10:13:59,55,56,2983,4674
2023-11-27 10:13:59,55,57,2983,4674
2023-11-27 10:14:01,55,56,2983,4674
2023-11-27 10:14:02,55,57,2983,4674
2023-11-27 10:14:02,55,56,2983,4674
2023-11-27 10:14:03,55,57,2983,4674
2023-11-27 10:14:04,55,56,2983,4674
2023-11-27 10:14:05,55,57,2983,4674
2023-11-27 10:14:08,55,56,2983,4674
2023-11-27 10:14:15,55,57,2983,4674
2023-11-27 10:14:28,54,57,2983,4674
2023-11-27 10:14:28,54,56,2983,4674
2023-11-27 10:14:36,54,57,2983,4674
2023-11-27 10:14:36,54,56,2983,4674
2023-11-27 10:14:39,54,57,2983,4674
2023-11-27 10:14:41,54,56,2983,4674
2023-11-27 10:14:41,54,57,2983,4674
2023-11-27 10:14:42,55,57,2983,4674
2023-11-27 10:14:42,55,56,2983,4674
2023-11-27 10:14:54,55,57,2983,4674
2023-11-27 10:14:55,55,56,2983,4674
2023-11-27 10:14:56,55,57,2983,4674
2023-11-27 10:14:57,55,56,2983,4674
2023-11-27 10:14:57,55,57,2983,4674
2023-11-27 10:14:58,55,56,2983,4674
2023-11-27 10:14:58,55,57,2983,4674
2023-11-27 10:15:02,55,56,2983,4674
2023-11-27 10:15:04,55,57,2983,4674
2023-11-27 10:15:08,56,57,2983,4674
2023-11-27 10:15:11,56,58,2983,4674
2023-11-27 10:15:13,56,57,2983,4674
2023-11-27 10:15:22,55,57,2983,4674
2023-11-27 10:15:25,55,58,2983,4674
2023-11-27 10:15:25,55,57,2983,4674
2023-11-27 10:15:29,55,56,2983,4674
2023-11-27 10:15:32,55,57,2983,4674
2023-11-27 10:15:33,55,58,2983,4674
2023-11-27 10:15:33,55,57,2983,4674
2023-11-27 10:15:37,55,56,2983,4674
2023-11-27 10:15:38,55,57,2983,4674
2023-11-27 10:15:38,55,58,2983,4674
2023-11-27 10:15:38,55,57,2983,4674
2023-11-27 10:15:40,55,58,2983,4674
2023-11-27 10:15:40,55,57,2983,4674
2023-11-27 10:15:47,56,57,2983,4674
2023-11-27 10:15:51,56,58,2983,4674
2023-11-27 10:15:51,56,57,2983,4674
2023-11-27 10:15:54,56,58,2983,4674
2023-11-27 10:15:54,56,57,2983,4674
2023-11-27 10:16:00,55,57,2983,4674
2023-11-27 10:16:11,56,57,2983,4674
2023-11-27 10:16:16,56,58,2983,4674
2023-11-27 10:16:16,56,57,2983,4674
2023-11-27 10:16:18,55,57,2983,4674
2023-11-27 10:16:21,56,57,2983,4674
2023-11-27 10:16:24,56,58,2983,4674
2023-11-27 10:16:25,56,57,2983,4674
2023-11-27 10:16:28,56,58,2983,4674
2023-11-27 10:16:28,56,57,2983,4674
2023-11-27 10:16:34,55,57,2983,4674
2023-11-27 10:16:34,55,56,2983,4674
2023-11-27 10:16:39,55,57,2983,4674
2023-11-27 10:16:41,56,57,2983,4674
2023-11-27 10:16:43,55,57,2983,4674
2023-11-27 10:16:44,56,57,2983,4674
2023-11-27 10:16:52,56,58,2983,4674
2023-11-27 10:16:54,56,57,2983,4674
2023-11-27 10:16:55,56,58,2983,4674
2023-11-27 10:16:56,56,57,2983,4674
2023-11-27 10:17:11,55,57,2983,4674
2023-11-27 10:17:13,55,56,2983,4674
2023-11-27 10:17:14,55,57,2983,4674
2023-11-27 10:17:21,55,56,2983,4674
2023-11-27 10:17:24,55,57,2983,4674
2023-11-27 10:17:24,55,56,2983,4674
2023-11-27 10:17:37,55,57,2983,4674
2023-11-27 10:17:37,55,56,2983,4674
2023-11-27 10:17:39,55,57,2983,4674
2023-11-27 10:17:39,55,56,2983,4674
2023-11-27 10:17:44,55,57,2983,4674
2023-11-27 10:17:44,55,56,2983,4674
2023-11-27 10:17:46,54,56,2983,4674
2023-11-27 10:17:51,53,56,2983,4674
2023-11-27 10:17:57,53,55,2983,4674
2023-11-27 10:18:05,53,54,2983,4674
2023-11-27 10:18:20,53,54,2983,4835
2023-11-27 10:18:21,52,54,2983,4835
2023-11-27 10:18:21,52,53,2983,4835
2023-11-27 10:18:47,51,53,2983,4835
2023-11-27 10:18:47,51,52,2983,4835
2023-11-27 10:18:53,51,52,2956,4985
2023-11-27 10:18:55,51,53,2956,4985
2023-11-27 10:18:55,51,52,2956,4985
2023-11-27 10:18:57,50,52,2956,4985
2023-11-27 10:18:57,50,51,2956,4985
2023-11-27 10:18:58,50,52,2956,4985
2023-11-27 10:18:59,50,51,2956,4985
2023-11-27 10:19:01,50,52,2956,4985
2023-11-27 10:19:01,50,51,2956,4985
2023-11-27 10:19:09,50,52,2956,4985
2023-11-27 10:19:10,50,51,2956,4985
2023-11-27 10:19:13,50,52,2956,4985
2023-11-27 10:19:22,50,51,2956,4985
2023-11-27 10:19:25,50,52,2956,4985
2023-11-27 10:19:29,50,51,2956,4985
2023-11-27 10:19:37,50,52,2956,4985
2023-11-27 10:19:37,50,51,2956,4985
2023-11-27 10:19:46,50,52,2956,4985
2023-11-27 10:19:48,50,53,2956,4985
2023-11-27 10:19:51,50,52,2956,4985
2023-11-27 10:20:01,51,52,2956,4985
2023-11-27 10:20:01,51,53,2956,4985
2023-11-27 10:20:22,51,54,2956,4985
2023-11-27 10:20:28,52,54,2956,4985
2023-11-27 10:20:29,51,54,2956,4985
2023-11-27 10:20:29,52,54,2956,4985
2023-11-27 10:20:30,51,54,2956,4985
2023-11-27 10:20:30,52,54,2956,4985
2023-11-27 10:20:31,51,54,2956,4985
2023-11-27 10:20:31,52,54,2956,4985
2023-11-27 10:20:43,53,54,2956,4985
2023-11-27 10:20:44,52,54,2956,4985
2023-11-27 10:20:45,53,54,2956,4985
2023-11-27 10:20:47,53,55,2956,4985
2023-11-27 10:20:58,52,55,2956,4985
2023-11-27 10:20:58,53,55,2956,4985
2023-11-27 10:21:04,53,54,2956,4985
2023-11-27 10:21:04,52,54,2956,4985
2023-11-27 10:21:05,51,54,2956,4985
2023-11-27 10:21:08,51,53,2956,4985
2023-11-27 10:21:11,51,54,2956,4985
2023-11-27 10:21:14,51,53,2956,4985
2023-11-27 10:21:19,52,53,2956,4985
2023-11-27 10:21:24,51,53,2956,4985
2023-11-27 10:21:24,52,53,2956,4985
2023-11-27 10:21:27,51,53,2956,4985
2023-11-27 10:21:28,52,53,2956,4985
2023-11-27 10:21:33,51,53,2956,4985
2023-11-27 10:21:45,52,53,2956,4985
2023-11-27 10:21:47,52,54,2956,4985
2023-11-27 10:22:07,53,54,2956,4985
2023-11-27 10:22:14,52,55,2956,4985
2023-11-27 10:22:16,53,55,2956,4985
2023-11-27 10:22:19,53,54,2956,4985
2023-11-27 10:22:20,52,55,2956,4985
2023-11-27 10:22:21,52,54,2956,4985
2023-11-27 10:22:23,52,55,2956,4985
2023-11-27 10:22:24,52,54,2956,4985
2023-11-27 10:22:33,51,54,2956,4985
2023-11-27 10:22:33,52,54,2956,4985
2023-11-27 10:22:38,51,54,2956,4985
2023-11-27 10:22:40,52,54,2956,4985
2023-11-27 10:22:45,51,54,2956,4985
2023-11-27 10:22:45,52,54,2956,4985
2023-11-27 10:22:49,52,53,2956,4985
2023-11-27 10:22:54,51,53,2956,4985
2023-11-27 10:23:00,50,53,2956,4985
2023-11-27 10:23:01,51,53,2956,4985
2023-11-27 10:23:02,50,53,2956,4985
2023-11-27 10:23:03,50,52,2956,4985
2023-11-27 10:23:28,50,52,3039,5068
2023-11-27 10:23:30,50,51,3039,5068
2023-11-27 10:23:37,49,51,3039,5068
2023-11-27 10:23:38,49,50,3039,5068
2023-11-27 10:23:38,48,50,3039,5068
2023-11-27 10:23:47,47,50,3039,5068
2023-11-27 10:23:48,47,49,3039,5068
2023-11-27 10:24:05,47,48,3039,5068
2023-11-27 10:24:05,46,48,3039,5068
2023-11-27 10:24:09,46,49,3039,5068
2023-11-27 10:24:12,46,48,3039,5068
2023-11-27 10:24:15,46,49,3039,5068
2023-11-27 10:24:20,47,49,3039,5068
2023-11-27 10:24:21,47,48,3039,5068
2023-11-27 10:24:21,46,48,3039,5068
2023-11-27 10:24:27,47,48,3039,5068
2023-11-27 10:24:28,46,48,3039,5068
2023-11-27 10:24:29,47,48,3039,5068
2023-11-27 10:24:32,47,49,3039,5068
2023-11-27 10:24:35,47,48,3039,5068
2023-11-27 10:24:37,45,48,3039,5068
2023-11-27 10:24:37,46,48,3039,5068
2023-11-27 10:24:38,46,47,3039,5068
2023-11-27 10:24:38,46,47,3210,5239
2023-11-27 10:24:38,45,47,3210,5239
2023-11-27 10:24:39,44,46,3210,5239
2023-11-27 10:24:41,43,46,3210,5239
2023-11-27 10:24:52,43,45,3210,5239
2023-11-27 10:24:53,42,45,3210,5239
2023-11-27 10:24:59,43,45,3210,5239
2023-11-27 10:24:59,43,46,3210,5239
2023-11-27 10:25:06,44,46,3210,5239
2023-11-27 10:25:07,44,47,3210,5239
2023-11-27 10:25:10,45,47,3210,5239
2023-11-27 10:25:14,44,47,3210,5239
2023-11-27 10:25:18,45,47,3210,5239
2023-11-27 10:25:20,45,48,3210,5239
2023-11-27 10:25:23,46,48,3210,5239
2023-11-27 10:25:24,45,48,3210,5239
2023-11-27 10:25:24,46,48,3210,5239
2023-11-27 10:25:28,46,47,3210,5239
2023-11-27 10:25:31,46,48,3210,5239
2023-11-27 10:25:37,46,49,3210,5239
2023-11-27 10:25:47,47,49,3210,5239
2023-11-27 10:25:51,46,49,3210,5239
2023-11-27 10:25:51,47,49,3210,5239
2023-11-27 10:25:52,47,49,3313,5342
2023-11-27 10:25:53,47,50,3313,5342
2023-11-27 10:26:02,47,49,3313,5342
2023-11-27 10:26:12,48,49,3313,5342
2023-11-27 10:26:12,48,50,3313,5342
2023-11-27 10:26:13,49,50,3313,5342
2023-11-27 10:26:13,49,51,3313,5342
2023-11-27 10:26:14,49,52,3313,5342
2023-11-27 10:26:16,50,52,3313,5342
2023-11-27 10:26:21,49,52,3313,5342
2023-11-27 10:26:22,50,52,3313,5342
2023-11-27 10:26:26,50,52,3745,5897
2023-11-27 10:26:28,50,53,3745,5897
2023-11-27 10:26:28,51,53,3745,5897
2023-11-27 10:26:28,51,53,3745,5957
2023-11-27 10:26:31,52,53,3745,5957
2023-11-27 10:26:32,52,54,3745,5957
2023-11-27 10:26:37,51,54,3745,5957
2023-11-27 10:26:37,52,54,3745,5957
2023-11-27 10:26:37,53,54,3745,5957
2023-11-27 10:26:44,53,55,3745,5957
2023-11-27 10:26:44,54,55,3745,5957
2023-11-27 10:26:44,54,55,3745,6060
2023-11-27 10:27:21,53,55,3745,6060
2023-11-27 10:27:28,53,54,3745,6060
2023-11-27 10:27:29,51,54,3745,6060
2023-11-27 10:27:29,52,54,3745,6060
2023-11-27 10:27:41,53,54,3745,6060
2023-11-27 10:27:41,53,55,3745,6060
2023-11-27 10:27:41,53,54,3745,6060
2023-11-27 10:27:48,53,54,3745,6239
2023-11-27 10:27:49,51,54,3745,6239
2023-11-27 10:27:49,52,54,3745,6239
2023-11-27 10:27:49,52,53,3745,6239
2023-11-27 10:28:00,52,54,3745,6239
2023-11-27 10:28:01,51,54,3745,6239
2023-11-27 10:28:01,52,54,3745,6239
2023-11-27 10:28:01,53,54,3745,6239
2023-11-27 10:28:08,51,54,3745,6239
2023-11-27 10:28:08,52,54,3745,6239
2023-11-27 10:28:09,52,53,3745,6239
2023-11-27 10:28:20,51,53,3745,6239
2023-11-27 10:28:20,51,53,3745,6239
2023-11-27 10:28:25,51,52,3745,6239
2023-11-27 10:28:26,51,53,3745,6239
2023-11-27 10:28:26,51,52,3745,6239
2023-11-27 10:28:27,51,53,3745,6239
2023-11-27 10:28:27,51,52,3745,6239
2023-11-27 10:28:28,51,52,3788,6372
2023-11-27 10:28:28,50,52,3788,6372
2023-11-27 10:28:28,50,53,3788,6372
2023-11-27 10:28:28,50,52,3788,6372
2023-11-27 10:28:29,50,53,3788,6372
2023-11-27 10:28:29,50,52,3788,6372
2023-11-27 10:28:33,50,53,3788,6372
2023-11-27 10:28:34,51,53,3788,6372
2023-11-27 10:28:34,51,52,3788,6372
2023-11-27 10:28:35,51,53,3788,6372
2023-11-27 10:28:42,51,52,3788,6372
2023-11-27 10:28:44,51,53,3788,6372
2023-11-27 10:28:46,51,52,3788,6372
2023-11-27 10:28:46,50,52,3788,6372
2023-11-27 10:28:47,51,52,3788,6372
2023-11-27 10:28:47,51,53,3788,6372
2023-11-27 10:28:59,51,54,3788,6372
2023-11-27 10:29:06,52,54,3788,6372
2023-11-27 10:29:11,52,55,3788,6372
2023-11-27 10:29:14,52,54,3788,6372
2023-11-27 10:29:23,51,54,3788,6372
2023-11-27 10:29:26,51,53,3788,6372
2023-11-27 10:29:29,50,53,3788,6372
2023-11-27 10:29:32,51,53,3788,6372
2023-11-27 10:29:36,51,54,3788,6372
2023-11-27 10:29:37,51,53,3788,6372
2023-11-27 10:29:42,51,52,3788,6372
2023-11-27 10:29:42,51,53,3788,6372
2023-11-27 10:29:44,51,52,3788,6372
2023-11-27 10:29:46,50,52,3788,6372
2023-11-27 10:29:49,50,53,3788,6372
2023-11-27 10:29:51,51,53,3788,6372
2023-11-27 10:29:56,51,52,3788,6372
2023-11-27 10:29:56,50,52,3788,6372
2023-11-27 10:30:01,51,52,3788,6372
2023-11-27 10:30:01,51,53,3788,6372
2023-11-27 10:30:05,51,54,3788,6372
2023-11-27 10:30:11,51,53,3788,6372
2023-11-27 10:30:22,52,53,3788,6372
2023-11-27 10:30:22,52,54,3788,6372
2023-11-27 10:30:23,52,55,3788,6372
2023-11-27 10:30:24,52,54,3788,6372
2023-11-27 10:30:33,51,54,3788,6372
2023-11-27 10:30:34,52,54,3788,6372
2023-11-27 10:30:36,51,54,3788,6372
2023-11-27 10:30:37,52,54,3788,6372
2023-11-27 10:30:39,52,53,3788,6372
2023-11-27 10:30:40,52,54,3788,6372
2023-11-27 10:30:43,52,55,3788,6372
2023-11-27 10:30:45,53,55,3788,6372
2023-11-27 10:31:01,52,55,3788,6372
2023-11-27 10:31:02,52,54,3788,6372
2023-11-27 10:31:12,52,55,3788,6372
2023-11-27 10:31:17,53,55,3788,6372
2023-11-27 10:31:37,53,54,3788,6372
2023-11-27 10:31:37,52,54,3788,6372
2023-11-27 10:31:42,52,55,3788,6372
2023-11-27 10:31:44,52,54,3788,6372
2023-11-27 10:31:47,52,55,3788,6372
2023-11-27 10:31:52,53,55,3788,6372
2023-11-27 10:32:09,53,56,3788,6372
2023-11-27 10:32:09,54,56,3788,6372
2023-11-27 10:32:19,55,56,3788,6372
2023-11-27 10:32:19,54,56,3788,6372
2023-11-27 10:32:22,55,56,3788,6372
2023-11-27 10:32:22,54,56,3788,6372
2023-11-27 10:32:22,55,56,3788,6372
2023-11-27 10:32:31,54,56,3788,6372
2023-11-27 10:32:33,55,56,3788,6372
2023-11-27 10:32:34,54,56,3788,6372
2023-11-27 10:32:37,55,56,3788,6372
2023-11-27 10:32:52,54,56,3788,6372
2023-11-27 10:32:52,55,56,3788,6372
2023-11-27 10:32:58,54,56,3788,6372
2023-11-27 10:33:04,55,56,3788,6372
2023-11-27 10:33:08,54,56,3788,6372
2023-11-27 10:33:08,55,56,3788,6372
2023-11-27 10:33:10,54,56,3788,6372
2023-11-27 10:33:18,53,56,3788,6372
2023-11-27 10:33:26,53,55,3788,6372
2023-11-27 10:33:36,53,56,3788,6372
2023-11-27 10:33:39,54,56,3788,6372
2023-11-27 10:33:42,53,56,3788,6372
2023-11-27 10:33:43,54,56,3788,6372
2023-11-27 10:33:44,53,56,3788,6372
2023-11-27 10:33:45,54,56,3788,6372
2023-11-27 10:33:56,55,56,3788,6372
2023-11-27 10:33:56,54,56,3788,6372
2023-11-27 10:33:58,55,56,3788,6372
2023-11-27 10:33:58,54,56,3788,6372
2023-11-27 10:33:59,55,56,3788,6372
2023-11-27 10:34:00,54,56,3788,6372
2023-11-27 10:34:01,55,56,3788,6372
2023-11-27 10:34:07,54,56,3788,6372
2023-11-27 10:34:12,55,56,3788,6372
2023-11-27 10:34:17,54,56,3788,6372
2023-11-27 10:34:19,55,56,3788,6372
2023-11-27 10:34:23,54,56,3788,6372
2023-11-27 10:34:24,55,56,3788,6372
2023-11-27 10:34:31,54,56,3788,6372
2023-11-27 10:34:33,55,56,3788,6372
2023-11-27 10:34:34,54,56,3788,6372
2023-11-27 10:34:35,55,56,3788,6372
2023-11-27 10:34:44,55,57,3788,6372
2023-11-27 10:34:49,56,57,3788,6372
2023-11-27 10:34:53,55,57,3788,6372
2023-11-27 10:34:55,56,57,3788,6372
2023-11-27 10:34:56,56,58,3788,6372
2023-11-27 10:35:03,57,58,3788,6372
2023-11-27 10:35:03,56,58,3788,6372
2023-11-27 10:35:04,57,58,3788,6372
2023-11-27 10:35:04,56,58,3788,6372
2023-11-27 10:35:05,57,58,3788,6372
2023-11-27 10:35:20,57,59,3788,6372
2023-11-27 10:35:24,58,59,3788,6372
2023-11-27 10:35:25,57,59,3788,6372
2023-11-27 10:35:25,58,59,3788,6372
2023-11-27 10:35:32,58,60,3788,6372
2023-11-27 10:35:46,59,60,3788,6372
2023-11-27 10:35:52,59,61,3788,6372
2023-11-27 10:35:52,60,61,3788,6372
2023-11-27 10:35:57,59,61,3788,6372
2023-11-27 10:35:58,60,61,3788,6372
2023-11-27 10:36:02,59,61,3788,6372
2023-11-27 10:36:02,60,61,3788,6372
2023-11-27 10:36:06,59,61,3788,6372
2023-11-27 10:36:06,60,61,3788,6372
2023-11-27 10:36:09,59,61,3788,6372
2023-11-27 10:36:09,60,61,3788,6372
2023-11-27 10:36:13,60,62,3945,6572
2023-11-27 10:36:13,61,62,3945,6572
2023-11-27 10:36:18,60,62,3945,6572
2023-11-27 10:36:20,60,61,3945,6572
2023-11-27 10:36:20,59,61,3945,6572
2023-11-27 10:36:22,60,61,3945,6572
2023-11-27 10:36:23,59,61,3945,6572
2023-11-27 10:36:23,60,61,3945,6572
2023-11-27 10:36:27,59,61,3945,6572
2023-11-27 10:36:33,60,61,3945,6572
2023-11-27 10:36:39,59,61,3945,6572
2023-11-27 10:36:39,60,61,3945,6572
2023-11-27 10:36:45,59,61,3945,6572
2023-11-27 10:36:45,60,61,3945,6572
2023-11-27 10:36:46,59,61,3945,6572
2023-11-27 10:36:52,58,61,3945,6572
2023-11-27 10:36:53,59,61,3945,6572
2023-11-27 10:36:56,58,61,3945,6572
2023-11-27 10:36:57,59,61,3945,6572
2023-11-27 10:37:10,59,60,3945,6572
2023-11-27 10:37:13,59,61,3945,6572
2023-11-27 10:37:14,59,60,3945,6572
2023-11-27 10:37:15,58,60,3945,6572
2023-11-27 10:37:16,57,60,3945,6572
2023-11-27 10:37:19,57,59,3945,6572
2023-11-27 10:37:26,57,60,3945,6572
2023-11-27 10:37:27,57,59,3945,6572
2023-11-27 10:37:31,56,59,3945,6572
2023-11-27 10:37:37,57,59,3945,6572
2023-11-27 10:37:57,56,59,3945,6572
2023-11-27 10:37:57,56,58,3945,6572
2023-11-27 10:37:58,57,58,3945,6572
2023-11-27 10:37:58,57,59,3945,6572
2023-11-27 10:38:06,57,60,3945,6572
2023-11-27 10:38:11,57,59,3945,6572
2023-11-27 10:38:15,56,59,3945,6572
2023-11-27 10:38:24,57,59,3945,6572
2023-11-27 10:38:26,57,59,4045,6672
2023-11-27 10:38:29,57,58,4045,6672
2023-11-27 10:38:33,57,59,4045,6672
2023-11-27 10:38:34,57,58,4045,6672
2023-11-27 10:38:37,57,59,4045,6672
2023-11-27 10:38:38,57,58,4045,6672
2023-11-27 10:38:38,56,58,4045,6672
2023-11-27 10:38:54,55,58,4045,6672
2023-11-27 10:38:54,57,58,4045,6672
2023-11-27 10:38:57,56,58,3945,6772
2023-11-27 10:39:04,55,58,3945,6772
2023-11-27 10:39:04,56,58,3945,6772
2023-11-27 10:39:06,55,58,3945,6772
2023-11-27 10:39:06,55,57,3945,6772
2023-11-27 10:39:09,55,57,3945,6772
2023-11-27 10:39:09,55,58,3945,6772
2023-11-27 10:39:10,56,58,3945,6772
2023-11-27 10:39:10,56,57,3945,6772
2023-11-27 10:39:10,55,57,3945,6772
2023-11-27 10:39:11,55,58,3945,6772
2023-11-27 10:39:11,56,58,3945,6772
2023-11-27 10:39:16,56,57,3945,6772
2023-11-27 10:39:18,55,58,3945,6772
2023-11-27 10:39:28,56,59,3945,6772
2023-11-27 10:39:34,57,59,3945,6772
2023-11-27 10:40:01,57,58,3945,6772
2023-11-27 10:40:02,57,59,3945,6772
2023-11-27 10:40:02,57,58,3945,6772
2023-11-27 10:40:03,57,59,3945,6772
2023-11-27 10:40:17,58,59,3945,6772
2023-11-27 10:40:17,58,60,3945,6772
2023-11-27 10:40:19,58,61,3945,6772
2023-11-27 10:40:20,59,61,3945,6772
2023-11-27 10:40:32,58,61,3945,6772
2023-11-27 10:40:35,59,61,3945,6772
2023-11-27 10:40:44,59,62,3945,6772
2023-11-27 10:40:54,60,62,3945,6772
2023-11-27 10:41:21,61,62,3945,6772
2023-11-27 10:41:37,60,62,3945,6772
2023-11-27 10:41:41,61,62,3945,6772
2023-11-27 10:42:00,60,62,3945,6772
2023-11-27 10:42:13,61,62,3945,6772
2023-11-27 10:42:14,60,62,3945,6772
2023-11-27 10:42:15,59,62,3945,6772
2023-11-27 10:42:16,60,62,3945,6772
2023-11-27 10:42:38,59,62,3945,6772
2023-11-27 10:42:42,59,61,3945,6772
2023-11-27 10:42:50,59,62,3945,6772
2023-11-27 10:42:50,59,61,3945,6772
2023-11-27 10:42:52,58,61,3945,6772
2023-11-27 10:43:01,58,60,3945,6772
2023-11-27 10:43:05,58,61,3945,6772
2023-11-27 10:43:08,59,61,3945,6772
2023-11-27 10:43:08,59,60,3945,6772
2023-11-27 10:43:09,58,60,3945,6772
2023-11-27 10:43:11,59,60,3945,6772
2023-11-27 10:43:12,59,61,3945,6772
2023-11-27 10:43:19,58,61,3945,6772
2023-11-27 10:43:19,59,61,3945,6772
2023-11-27 10:43:29,59,62,3945,6772
2023-11-27 10:43:30,60,62,3945,6772
2023-11-27 10:43:31,59,62,3945,6772
2023-11-27 10:43:35,60,62,3945,6772
2023-11-27 10:43:36,59,62,3945,6772
2023-11-27 10:43:39,59,61,3945,6772
2023-11-27 10:43:49,59,62,3945,6772
2023-11-27 10:43:50,59,61,3945,6772
2023-11-27 10:44:11,60,61,3945,6772
2023-11-27 10:44:13,59,61,3945,6772
2023-11-27 10:44:27,60,61,3945,6772
2023-11-27 10:44:28,59,61,3945,6772
2023-11-27 10:44:28,60,61,3945,6772
2023-11-27 10:44:29,59,61,3945,6772
2023-11-27 10:44:33,60,61,3945,6772
2023-11-27 10:44:34,59,61,3945,6772
2023-11-27 10:44:34,60,61,3945,6772
2023-11-27 10:44:35,59,61,3945,6772
2023-11-27 10:44:37,59,62,3945,6772
2023-11-27 10:44:38,59,61,3945,6772
2023-11-27 10:44:39,60,61,3945,6772
2023-11-27 10:44:40,60,62,3945,6772
2023-11-27 10:44:42,59,62,3945,6772
2023-11-27 10:44:42,60,62,3945,6772
2023-11-27 10:45:01,60,61,3945,6772
2023-11-27 10:45:02,58,61,3945,6772
2023-11-27 10:45:03,58,60,3945,6772
2023-11-27 10:45:03,57,60,3945,6772
2023-11-27 10:45:05,57,59,3945,6772
2023-11-27 10:45:07,57,60,3945,6772
2023-11-27 10:45:17,58,60,3945,6772
2023-11-27 10:45:21,57,60,3945,6772
2023-11-27 10:45:24,57,59,3945,6772
2023-11-27 10:45:24,56,59,3945,6772
2023-11-27 10:45:33,57,59,3945,6772
2023-11-27 10:45:40,57,60,3945,6772
2023-11-27 10:45:40,57,59,3945,6772
2023-11-27 10:45:42,57,60,3945,6772
2023-11-27 10:45:56,57,59,3945,6772
2023-11-27 10:46:02,57,60,3945,6772
2023-11-27 10:46:02,57,59,3945,6772
2023-11-27 10:46:08,56,59,3945,6772
2023-11-27 10:46:13,56,58,3945,6772
2023-11-27 10:46:14,56,59,3945,6772
2023-11-27 10:46:18,57,59,3945,6772
2023-11-27 10:46:20,57,60,3945,6772
2023-11-27 10:46:30,58,60,3945,6772
2023-11-27 10:46:32,57,60,3945,6772
2023-11-27 10:46:33,58,60,3945,6772
2023-11-27 10:46:39,58,61,3945,6772
2023-11-27 10:46:40,59,61,3945,6772
2023-11-27 10:46:42,59,62,3945,6772
2023-11-27 10:46:55,59,61,3945,6772
2023-11-27 10:46:55,59,62,3945,6772
2023-11-27 10:46:56,59,61,3945,6772
2023-11-27 10:46:57,60,61,3945,6772
2023-11-27 10:47:00,60,62,3945,6772
2023-11-27 10:47:02,59,62,3945,6772
2023-11-27 10:47:02,59,61,3945,6772
2023-11-27 10:47:04,60,61,3945,6772
2023-11-27 10:47:04,60,62,3945,6772
2023-11-27 10:47:11,59,62,3945,6772
2023-11-27 10:47:12,59,61,3945,6772
2023-11-27 10:47:14,59,62,3945,6772
2023-11-27 10:47:15,60,62,3945,6772
2023-11-27 10:47:15,60,61,3945,6772
2023-11-27 10:47:16,60,62,3945,6772
2023-11-27 10:47:18,59,62,3945,6772
2023-11-27 10:47:18,59,61,3945,6772
2023-11-27 10:47:30,58,61,3945,6772
2023-11-27 10:47:36,59,61,3945,6772
2023-11-27 10:47:41,59,60,3945,6772
2023-11-27 10:47:41,58,60,3945,6772
2023-11-27 10:47:42,59,60,3945,6772
2023-11-27 10:47:49,59,61,3945,6772
2023-11-27 10:47:49,59,60,3945,6772
2023-11-27 10:47:53,59,61,3945,6772
2023-11-27 10:48:01,59,62,3945,6772
2023-11-27 10:48:01,59,61,3945,6772
2023-11-27 10:48:02,60,61,3945,6772
2023-11-27 10:48:02,60,62,3945,6772
2023-11-27 10:48:11,60,63,3945,6772
2023-11-27 10:48:12,61,63,3945,6772
2023-11-27 10:48:13,60,63,3945,6772
2023-11-27 10:48:20,61,63,3945,6772
2023-11-27 10:48:21,61,62,3945,6772
2023-11-27 10:48:21,60,62,3945,6772
2023-11-27 10:48:21,61,62,3945,6772
2023-11-27 10:48:22,61,63,3945,6772
2023-11-27 10:48:23,61,62,3945,6772
2023-11-27 10:48:24,60,62,3945,6772
2023-11-27 10:48:30,61,62,3945,6772
2023-11-27 10:48:31,61,63,3945,6772
2023-11-27 10:48:31,61,62,3945,6772
2023-11-27 10:48:32,61,63,3945,6772
2023-11-27 10:48:35,61,62,3945,6772
2023-11-27 10:48:36,61,63,3945,6772
2023-11-27 10:49:04,61,62,3945,6772
2023-11-27 10:49:06,61,63,3945,6772
2023-11-27 10:49:06,61,62,3945,6772
2023-11-27 10:49:09,61,63,3945,6772
2023-11-27 10:49:10,61,62,3945,6772
2023-11-27 10:49:13,60,62,3945,6772
2023-11-27 10:49:16,61,62,3945,6772
2023-11-27 10:49:17,60,62,3945,6772
2023-11-27 10:49:20,60,63,3945,6772
2023-11-27 10:49:20,60,62,3945,6772
2023-11-27 10:49:31,60,63,3945,6772
2023-11-27 10:49:31,60,62,3945,6772
2023-11-27 10:49:38,60,61,3945,6772
2023-11-27 10:49:39,60,62,3945,6772
2023-11-27 10:49:40,60,61,3945,6772
2023-11-27 10:49:41,60,62,3945,6772
2023-11-27 10:49:43,60,61,3945,6772
2023-11-27 10:49:44,59,61,3945,6772
2023-11-27 10:49:50,59,62,3945,6772
2023-11-27 10:49:50,59,61,3945,6772
2023-11-27 10:50:02,58,61,3945,6772
2023-11-27 10:50:02,58,60,3945,6772
2023-11-27 10:50:04,58,61,3945,6772
2023-11-27 10:50:06,58,60,3945,6772
2023-11-27 10:50:08,58,61,3945,6772
2023-11-27 10:50:09,58,60,3945,6772
2023-11-27 10:50:12,58,61,3945,6772
2023-11-27 10:50:16,58,60,3945,6772
2023-11-27 10:50:26,59,60,3945,6772
2023-11-27 10:50:26,59,61,3945,6772
2023-11-27 10:50:27,59,62,3945,6772
2023-11-27 10:50:33,59,61,3945,6772
2023-11-27 10:50:34,58,61,3945,6772
2023-11-27 10:50:35,58,60,3945,6772
2023-11-27 10:50:40,57,60,3945,6772
2023-11-27 10:50:43,58,60,3945,6772
2023-11-27 10:50:50,57,60,3945,6772
2023-11-27 10:50:51,57,59,3945,6772
2023-11-27 10:50:52,58,59,3945,6772
2023-11-27 10:50:52,58,60,3945,6772
2023-11-27 10:50:58,59,60,3945,6772
2023-11-27 10:50:58,59,61,3945,6772
2023-11-27 10:51:15,59,60,3945,6772
2023-11-27 10:51:16,59,61,3945,6772
2023-11-27 10:51:18,59,60,3945,6772
2023-11-27 10:51:20,59,61,3945,6772
2023-11-27 10:51:22,59,60,3945,6772
2023-11-27 10:51:24,58,60,3945,6772
2023-11-27 10:51:41,58,59,3945,6772
2023-11-27 10:51:43,57,59,3945,6772
2023-11-27 10:51:44,57,60,3945,6772
2023-11-27 10:51:45,58,60,3945,6772
2023-11-27 10:51:50,58,59,3945,6772
2023-11-27 10:51:52,58,60,3945,6772
2023-11-27 10:51:53,58,59,3945,6772
2023-11-27 10:51:53,58,60,3945,6772
2023-11-27 10:51:54,58,59,3945,6772
2023-11-27 10:51:57,58,60,3945,6772
2023-11-27 10:51:58,58,59,3945,6772
2023-11-27 10:52:00,58,60,3945,6772
2023-11-27 10:52:01,58,59,3945,6772
2023-11-27 10:52:01,58,60,3945,6772
2023-11-27 10:52:02,58,59,3945,6772
2023-11-27 10:52:04,57,59,3945,6772
2023-11-27 10:52:07,58,59,3945,6772
2023-11-27 10:52:13,58,60,3945,6772
2023-11-27 10:52:14,59,60,3945,6772
2023-11-27 10:52:15,58,60,3945,6772
2023-11-27 10:52:31,58,59,3945,6772
2023-11-27 10:52:31,57,59,3945,6772
2023-11-27 10:52:39,58,59,3945,6772
2023-11-27 10:52:40,58,60,3945,6772
2023-11-27 10:52:59,58,59,3945,6772
2023-11-27 10:53:02,57,59,3945,6772
2023-11-27 10:53:17,57,58,3945,6772
2023-11-27 10:53:20,57,58,3788,6972
2023-11-27 10:53:20,57,60,3788,6972
2023-11-27 10:53:20,57,59,3788,6972
2023-11-27 10:53:39,57,58,3788,6972
2023-11-27 10:53:40,56,58,3788,6972
2023-11-27 10:53:40,56,59,3788,6972
2023-11-27 10:53:40,56,58,3788,6972
2023-11-27 10:53:41,57,58,3788,6972
2023-11-27 10:53:41,57,59,3788,6972
2023-11-27 10:53:51,56,59,3788,6972
2023-11-27 10:53:51,56,58,3788,6972
2023-11-27 10:53:52,56,59,3788,6972
2023-11-27 10:53:52,56,58,3788,6972
2023-11-27 10:53:53,56,59,3788,6972
2023-11-27 10:53:54,56,58,3788,6972
2023-11-27 10:53:55,57,58,3788,6972
2023-11-27 10:53:55,57,59,3788,6972
2023-11-27 10:53:55,57,60,3788,6972
2023-11-27 10:53:55,57,59,3788,6972
2023-11-27 10:54:12,57,58,3788,6972
2023-11-27 10:54:13,57,59,3788,6972
2023-11-27 10:54:19,58,59,3788,6972
2023-11-27 10:54:21,58,61,3788,6972
2023-11-27 10:54:21,58,60,3788,6972
2023-11-27 10:54:22,58,61,3788,6972
2023-11-27 10:54:33,58,60,3788,6972
2023-11-27 10:54:53,57,60,3788,6972
2023-11-27 10:55:05,57,59,3788,6972
2023-11-27 10:55:05,57,60,3788,6972
2023-11-27 10:55:09,57,59,3788,6972
2023-11-27 10:55:10,57,60,3788,6972
2023-11-27 10:55:10,58,60,3788,6972
2023-11-27 10:55:10,58,59,3788,6972
2023-11-27 10:55:11,58,60,3788,6972
2023-11-27 10:55:17,58,61,3788,6972
2023-11-27 10:55:18,58,60,3788,6972
2023-11-27 10:55:30,58,61,3788,6972
2023-11-27 10:55:30,58,60,3788,6972
2023-11-27 10:55:37,59,60,3788,6972
2023-11-27 10:55:38,59,61,3788,6972
2023-11-27 10:55:39,59,60,3788,6972
2023-11-27 10:55:39,59,61,3788,6972
2023-11-27 10:55:39,59,61,3828,7012
2023-11-27 10:55:44,58,61,3828,7012
2023-11-27 10:55:44,59,61,3828,7012
2023-11-27 10:55:45,58,61,3828,7012
2023-11-27 10:55:45,59,61,3828,7012
2023-11-27 10:55:46,58,61,3828,7012
2023-11-27 10:55:47,59,61,3828,7012
2023-11-27 10:56:01,59,62,3828,7012
2023-11-27 10:56:04,59,61,3828,7012
2023-11-27 10:56:07,58,61,3828,7012
2023-11-27 10:56:22,59,61,3828,7012
2023-11-27 10:56:30,59,62,3828,7012
2023-11-27 10:56:40,59,61,3828,7012
2023-11-27 10:56:41,60,61,3828,7012
2023-11-27 10:56:41,60,62,3828,7012
2023-11-27 10:56:47,60,63,3828,7012
2023-11-27 10:56:48,60,62,3828,7012
2023-11-27 10:56:49,60,63,3828,7012
2023-11-27 10:56:51,61,63,3828,7012
2023-11-27 10:57:07,62,63,3828,7012
2023-11-27 10:57:09,61,63,3828,7012
2023-11-27 10:57:12,62,63,3828,7012
2023-11-27 10:57:15,61,63,3828,7012
2023-11-27 10:57:27,60,63,3828,7012
2023-11-27 10:57:28,61,63,3828,7012
2023-11-27 10:57:35,60,63,3828,7012
2023-11-27 10:57:35,60,62,3828,7012
2023-11-27 10:57:36,60,63,3828,7012
2023-11-27 10:57:37,61,63,3828,7012
2023-11-27 10:57:42,61,62,3828,7012
2023-11-27 10:57:42,60,62,3828,7012
2023-11-27 10:57:43,61,62,3828,7012
2023-11-27 10:57:47,60,62,3828,7012
2023-11-27 10:57:52,61,62,3828,7012
2023-11-27 10:57:58,61,63,3828,7012
2023-11-27 10:58:02,61,62,3828,7012
2023-11-27 10:58:03,60,62,3828,7012
2023-11-27 10:58:22,60,63,3828,7012
2023-11-27 10:58:26,60,62,3828,7012
2023-11-27 10:58:27,60,63,3828,7012
2023-11-27 10:58:29,61,63,3828,7012
2023-11-27 10:58:46,60,63,3828,7012
2023-11-27 10:58:47,61,63,3828,7012
2023-11-27 10:58:49,60,63,3828,7012
2023-11-27 10:58:50,60,62,3828,7012
2023-11-27 10:58:55,60,63,3828,7012
2023-11-27 10:59:03,60,62,3828,7012
2023-11-27 10:59:06,60,63,3828,7012
2023-11-27 10:59:06,60,62,3828,7012
2023-11-27 10:59:24,60,61,3828,7012
2023-11-27 10:59:26,59,61,3828,7012
2023-11-27 10:59:31,59,62,3828,7012
2023-11-27 10:59:31,59,61,3828,7012
2023-11-27 10:59:37,58,61,3828,7012
2023-11-27 10:59:37,59,61,3828,7012
2023-11-27 10:59:39,58,61,3828,7012
2023-11-27 10:59:40,59,61,3828,7012
2023-11-27 10:59:42,58,61,3828,7012
2023-11-27 10:59:51,58,60,3828,7012
2023-11-27 10:59:57,57,60,3828,7012
2023-11-27 10:59:58,58,60,3828,7012
2023-11-27 10:59:58,57,60,3828,7012
2023-11-27 11:00:01,58,60,3828,7012
2023-11-27 11:00:01,57,60,3828,7012
2023-11-27 11:00:03,57,59,3828,7012
2023-11-27 11:00:09,56,59,3828,7012
2023-11-27 11:00:19,56,58,3828,7012
2023-11-27 11:00:26,56,57,3828,7012
2023-11-27 11:00:29,55,57,3828,7012
2023-11-27 11:00:36,55,56,3828,7012
2023-11-27 11:00:48,54,56,3828,7012
2023-11-27 11:00:49,54,55,3828,7012
2023-11-27 11:00:49,54,56,3828,7012
2023-11-27 11:00:51,54,55,3828,7012
2023-11-27 11:00:56,54,56,3828,7012
2023-11-27 11:00:58,54,55,3828,7012
2023-11-27 11:01:00,54,56,3828,7012
2023-11-27 11:01:04,54,57,3828,7012
2023-11-27 11:01:07,54,56,3828,7012
2023-11-27 11:01:10,54,55,3828,7012
2023-11-27 11:01:11,53,55,3828,7012
2023-11-27 11:01:28,52,55,3828,7012
2023-11-27 11:01:29,52,54,3828,7012
2023-11-27 11:01:29,52,53,3828,7012
2023-11-27 11:01:36,52,55,3828,7012
2023-11-27 11:01:36,52,54,3828,7012
2023-11-27 11:01:41,52,55,3828,7012
2023-11-27 11:01:41,52,54,3828,7012
2023-11-27 11:01:47,52,53,3828,7012
2023-11-27 11:01:50,52,55,3828,7012
2023-11-27 11:01:50,52,53,3828,7012
2023-11-27 11:01:54,52,54,3828,7012
2023-11-27 11:01:57,51,54,3828,7012
2023-11-27 11:01:57,51,53,3828,7012
2023-11-27 11:02:04,51,54,3828,7012
2023-11-27 11:02:07,51,53,3828,7012
2023-11-27 11:02:12,51,54,3828,7012
2023-11-27 11:02:12,51,53,3828,7012
2023-11-27 11:02:18,51,52,3828,7012
2023-11-27 11:02:35,51,54,3828,7012
2023-11-27 11:02:35,51,53,3828,7012
2023-11-27 11:02:36,52,53,3828,7012
2023-11-27 11:02:36,52,55,3828,7012
2023-11-27 11:02:36,52,54,3828,7012
2023-11-27 11:02:37,52,55,3828,7012
2023-11-27 11:02:52,52,54,3828,7012
2023-11-27 11:03:01,51,54,3828,7012
2023-11-27 11:03:03,51,53,3828,7012
2023-11-27 11:03:03,51,54,3828,7012
2023-11-27 11:03:05,51,53,3828,7012
2023-11-27 11:03:13,51,52,3828,7012
2023-11-27 11:03:14,51,53,3828,7012
2023-11-27 11:03:16,51,52,3828,7012
2023-11-27 11:03:29,51,53,3828,7012
2023-11-27 11:03:29,51,52,3828,7012
2023-11-27 11:03:34,51,53,3828,7012
2023-11-27 11:03:34,51,52,3828,7012
2023-11-27 11:03:36,50,52,3828,7012
2023-11-27 11:03:43,50,51,3828,7012
2023-11-27 11:03:56,50,52,3828,7012
2023-11-27 11:03:56,50,51,3828,7012
2023-11-27 11:04:03,50,52,3828,7012
2023-11-27 11:04:07,50,51,3828,7012
2023-11-27 11:04:09,50,52,3828,7012
2023-11-27 11:04:10,50,51,3828,7012
2023-11-27 11:04:10,50,52,3828,7012
2023-11-27 11:04:15,50,51,3828,7012
2023-11-27 11:04:17,50,52,3828,7012
2023-11-27 11:04:17,50,51,3828,7012
2023-11-27 11:04:53,50,52,3828,7012
2023-11-27 11:04:54,50,51,3828,7012
2023-11-27 11:05:04,50,52,3828,7012
2023-11-27 11:05:07,51,52,3828,7012
2023-11-27 11:05:07,51,53,3828,7012
2023-11-27 11:05:07,51,52,3828,7012
2023-11-27 11:05:08,51,53,3828,7012
2023-11-27 11:05:15,51,52,3828,7012
2023-11-27 11:05:17,50,52,3828,7012
2023-11-27 11:05:28,50,51,3828,7012
2023-11-27 11:05:31,49,51,3828,7012
2023-11-27 11:05:33,49,50,3828,7012
2023-11-27 11:05:38,48,50,3828,7012
2023-11-27 11:05:38,47,50,3828,7012
2023-11-27 11:05:38,47,49,3828,7012
2023-11-27 11:05:39,47,48,3828,7012
2023-11-27 11:05:40,46,48,3828,7012
2023-11-27 11:05:40,46,47,3828,7012
2023-11-27 11:05:41,45,47,3828,7012
2023-11-27 11:05:42,45,46,3828,7012
2023-11-27 11:05:47,44,46,3828,7212
2023-11-27 11:05:58,44,45,3828,7212
2023-11-27 11:06:01,44,46,3828,7212
2023-11-27 11:06:04,44,47,3828,7212
2023-11-27 11:06:04,44,45,3828,7212
2023-11-27 11:06:04,44,47,3828,7212
2023-11-27 11:06:04,44,45,3828,7212
2023-11-27 11:06:04,44,47,3828,7212
2023-11-27 11:06:04,44,45,3828,7212
2023-11-27 11:06:04,44,47,3828,7212
2023-11-27 11:06:04,44,45,3828,7212
2023-11-27 11:06:04,44,47,3828,7212
2023-11-27 11:06:05,44,45,3828,7212
2023-11-27 11:06:05,44,47,3828,7212
2023-11-27 11:06:05,44,45,3828,7212
2023-11-27 11:06:05,44,47,3828,7212
2023-11-27 11:06:05,44,45,3828,7212
2023-11-27 11:06:05,44,47,3828,7212
2023-11-27 11:06:05,44,45,3828,7212
2023-11-27 11:06:05,44,47,3828,7212
2023-11-27 11:06:05,44,45,3828,7212
2023-11-27 11:06:05,44,47,3828,7212
2023-11-27 11:06:06,44,45,3828,7212
2023-11-27 11:06:06,44,47,3828,7212
2023-11-27 11:06:06,44,45,3828,7212
2023-11-27 11:06:06,44,47,3828,7212
2023-11-27 11:06:06,44,45,3828,7212
2023-11-27 11:06:06,44,47,3828,7212
2023-11-27 11:06:06,44,45,3828,7212
2023-11-27 11:06:06,44,47,3828,7212
2023-11-27 11:06:06,44,45,3828,7212
2023-11-27 11:06:06,44,47,3828,7212
2023-11-27 11:06:06,44,45,3828,7212
2023-11-27 11:06:08,44,47,3828,7212
2023-11-27 11:06:08,44,46,3828,7212
2023-11-27 11:06:10,44,47,3828,7212
2023-11-27 11:06:12,44,46,3828,7212
2023-11-27 11:06:13,44,47,3828,7212
2023-11-27 11:06:14,44,46,3828,7212
2023-11-27 11:06:18,44,47,3828,7212
2023-11-27 11:06:18,44,45,3828,7212
2023-11-27 11:06:19,44,47,3828,7212
2023-11-27 11:06:22,44,46,3828,7212
2023-11-27 11:06:22,44,45,3828,7212
2023-11-27 11:06:23,43,45,3828,7212
2023-11-27 11:06:28,42,45,3828,7212
2023-11-27 11:06:35,42,44,3828,7212
2023-11-27 11:06:40,42,43,3828,7212
2023-11-27 11:06:44,41,43,3828,7212
2023-11-27 11:06:44,41,42,3828,7212
2023-11-27 11:06:46,41,43,3828,7212
2023-11-27 11:06:46,42,43,3828,7212
2023-11-27 11:06:48,42,45,3828,7212
2023-11-27 11:06:49,42,44,3828,7212
2023-11-27 11:06:52,42,45,3828,7212
2023-11-27 11:06:58,42,44,3828,7212
2023-11-27 11:06:59,42,43,3828,7212
2023-11-27 11:06:59,42,44,3828,7212
2023-11-27 11:06:59,42,44,3828,7212
2023-11-27 11:07:01,43,44,3828,7212
2023-11-27 11:07:01,43,46,3828,7212
2023-11-27 11:07:01,43,45,3828,7212
2023-11-27 11:07:03,44,45,3828,7212
2023-11-27 11:07:03,44,47,3828,7212
2023-11-27 11:07:04,45,47,3828,7212
2023-11-27 11:07:04,45,48,3828,7212
2023-11-27 11:07:19,46,48,3828,7212
2023-11-27 11:07:33,46,49,3828,7212
2023-11-27 11:07:33,46,48,3828,7212
2023-11-27 11:07:33,46,49,3828,7212
2023-11-27 11:07:48,46,48,3828,7212
2023-11-27 11:07:49,47,48,3828,7212
2023-11-27 11:07:51,47,49,3828,7212
2023-11-27 11:07:51,46,49,3828,7212
2023-11-27 11:07:51,47,49,3828,7212
2023-11-27 11:07:58,47,50,3828,7212
2023-11-27 11:08:08,48,50,3828,7212
2023-11-27 11:08:11,48,51,3828,7212
2023-11-27 11:08:18,48,50,3828,7212
2023-11-27 11:08:24,48,51,3828,7212
2023-11-27 11:08:25,49,51,3828,7212
2023-11-27 11:08:29,49,52,3828,7212
2023-11-27 11:08:35,49,51,3828,7212
2023-11-27 11:08:38,48,51,3828,7212
2023-11-27 11:08:40,49,51,3828,7212
2023-11-27 11:08:41,48,51,3828,7212
2023-11-27 11:08:41,49,51,3828,7212
2023-11-27 11:08:50,48,51,3828,7212
2023-11-27 11:08:51,49,51,3828,7212
2023-11-27 11:08:59,48,51,3828,7212
2023-11-27 11:09:01,49,51,3828,7212
2023-11-27 11:09:06,48,51,3828,7212
2023-11-27 11:09:14,49,51,3828,7212
2023-11-27 11:09:17,49,52,3828,7212
2023-11-27 11:09:30,49,51,3828,7212
2023-11-27 11:09:31,49,52,3828,7212
2023-11-27 11:09:33,49,51,3828,7212
2023-11-27 11:09:35,49,52,3828,7212
2023-11-27 11:09:37,50,52,3828,7212
2023-11-27 11:09:37,50,51,3828,7212
2023-11-27 11:09:37,49,51,3828,7212
2023-11-27 11:09:38,50,51,3828,7212
2023-11-27 11:09:41,50,52,3828,7212
2023-11-27 11:09:52,50,51,3828,7212
2023-11-27 11:09:53,50,52,3828,7212
2023-11-27 11:10:02,50,53,3828,7212
2023-11-27 11:10:04,50,52,3828,7212
2023-11-27 11:10:05,50,53,3828,7212
2023-11-27 11:10:10,50,52,3828,7212
2023-11-27 11:10:11,51,52,3828,7212
2023-11-27 11:10:12,50,52,3828,7212
2023-11-27 11:10:13,49,52,3828,7212
2023-11-27 11:10:19,49,51,3828,7212
2023-11-27 11:10:19,48,51,3828,7212
2023-11-27 11:10:24,48,52,3828,7212
2023-11-27 11:10:27,50,52,3828,7212
2023-11-27 11:10:29,49,52,3828,7212
2023-11-27 11:10:40,50,52,3828,7212
2023-11-27 11:10:42,49,52,3828,7212
2023-11-27 11:10:42,50,52,3828,7212
2023-11-27 11:10:51,49,52,3828,7212
2023-11-27 11:10:52,50,52,3828,7212
2023-11-27 11:11:04,50,53,3828,7212
2023-11-27 11:11:05,51,53,3828,7212
2023-11-27 11:11:05,51,54,3828,7212
2023-11-27 11:11:20,52,54,3828,7212
2023-11-27 11:11:27,52,53,3828,7212
2023-11-27 11:11:27,51,53,3828,7212
2023-11-27 11:11:28,50,53,3828,7212
2023-11-27 11:11:29,50,52,3828,7212
2023-11-27 11:11:29,49,52,3828,7212
2023-11-27 11:11:34,49,51,3828,7212
2023-11-27 11:11:47,48,50,3828,7212
2023-11-27 11:11:47,49,50,3828,7212
2023-11-27 11:11:51,48,50,3828,7212
2023-11-27 11:11:53,49,50,3828,7212
2023-11-27 11:12:05,48,50,3828,7212
2023-11-27 11:12:07,47,50,3828,7212
2023-11-27 11:12:21,48,50,3828,7212
2023-11-27 11:12:29,47,50,3828,7212
2023-11-27 11:12:29,48,50,3828,7212
2023-11-27 11:12:30,48,49,3828,7212
2023-11-27 11:12:30,47,49,3828,7212
2023-11-27 11:12:33,46,49,3828,7212
2023-11-27 11:12:34,45,49,3828,7212
2023-11-27 11:12:34,45,48,3828,7212
2023-11-27 11:12:40,46,48,3828,7212
2023-11-27 11:12:40,46,49,3828,7212
2023-11-27 11:12:51,46,48,3828,7212
2023-11-27 11:12:53,46,49,3828,7212
2023-11-27 11:12:53,46,48,3828,7212
2023-11-27 11:13:00,45,48,3828,7212
2023-11-27 11:13:00,46,48,3828,7212
2023-11-27 11:13:08,46,47,3828,7212
2023-11-27 11:13:09,45,47,3828,7212
2023-11-27 11:13:09,45,48,3828,7212
2023-11-27 11:13:09,45,47,3828,7212
2023-11-27 11:13:10,46,47,3828,7212
2023-11-27 11:13:10,46,48,3828,7212
2023-11-27 11:13:15,46,47,3828,7212
2023-11-27 11:13:18,46,48,3828,7212
2023-11-27 11:13:19,46,47,3828,7212
2023-11-27 11:13:20,46,48,3828,7212
2023-11-27 11:13:20,45,48,3828,7212
2023-11-27 11:13:20,46,48,3828,7212
2023-11-27 11:13:22,46,47,3828,7212
2023-11-27 11:13:23,46,48,3828,7212
2023-11-27 11:13:27,46,47,3828,7212
2023-11-27 11:13:28,45,47,3828,7212
2023-11-27 11:13:47,44,47,3828,7212
2023-11-27 11:13:47,44,46,3828,7212
2023-11-27 11:13:48,45,46,3828,7212
2023-11-27 11:13:48,45,47,3828,7212
2023-11-27 11:13:52,45,48,3828,7212
2023-11-27 11:13:55,46,48,3828,7212
2023-11-27 11:13:55,46,49,3828,7212
2023-11-27 11:14:00,46,48,3828,7212
2023-11-27 11:14:02,45,48,3828,7212
2023-11-27 11:14:04,45,47,3828,7212
2023-11-27 11:14:08,44,47,3828,7212
2023-11-27 11:14:11,45,47,3828,7212
2023-11-27 11:14:11,45,48,3828,7212
2023-11-27 11:14:12,45,47,3828,7212
2023-11-27 11:14:13,45,48,3828,7212
2023-11-27 11:14:13,45,47,3828,7212
2023-11-27 11:14:14,45,48,3828,7212
2023-11-27 11:14:18,45,47,3828,7212
2023-11-27 11:14:21,45,48,3828,7212
2023-11-27 11:14:21,45,47,3828,7212
2023-11-27 11:14:26,45,48,3828,7212
2023-11-27 11:14:27,46,48,3828,7212
2023-11-27 11:14:28,45,48,3828,7212
2023-11-27 11:14:30,45,47,3828,7212
2023-11-27 11:14:34,46,47,3828,7212
2023-11-27 11:14:35,46,48,3828,7212
2023-11-27 11:14:39,46,49,3828,7212
2023-11-27 11:14:50,46,49,3878,7262
2023-11-27 11:14:50,47,49,3878,7262
2023-11-27 11:14:51,47,50,3878,7262
2023-11-27 11:14:51,48,50,3878,7262
2023-11-27 11:14:51,48,50,3878,7262
2023-11-27 11:15:06,47,50,3878,7262
2023-11-27 11:15:24,47,48,3878,7262
2023-11-27 11:15:25,47,49,3878,7262
2023-11-27 11:15:28,47,48,3878,7262
2023-11-27 11:15:34,46,48,3878,7262
2023-11-27 11:15:50,46,47,3878,7262
2023-11-27 11:15:51,46,48,3878,7262
2023-11-27 11:15:53,46,49,3878,7262
2023-11-27 11:15:53,46,48,3878,7262
2023-11-27 11:16:02,46,49,3878,7262
2023-11-27 11:16:03,46,48,3878,7262
2023-11-27 11:16:07,46,47,3878,7262
2023-11-27 11:16:08,46,48,3878,7262
2023-11-27 11:16:08,47,49,3878,7262
2023-11-27 11:16:08,47,48,3878,7262
2023-11-27 11:16:10,47,49,3878,7262
2023-11-27 11:16:12,47,50,3878,7262
2023-11-27 11:16:12,47,49,3878,7262
2023-11-27 11:16:15,47,50,3878,7262
2023-11-27 11:16:23,48,50,3878,7262
2023-11-27 11:16:24,48,49,3878,7262
2023-11-27 11:16:25,48,50,3878,7262
2023-11-27 11:16:26,48,49,3878,7262
2023-11-27 11:16:27,48,50,3878,7262
2023-11-27 11:16:27,48,49,3878,7262
2023-11-27 11:16:28,48,50,3878,7262
2023-11-27 11:16:30,48,49,3878,7262
2023-11-27 11:16:33,48,50,3878,7262
2023-11-27 11:16:40,48,49,3878,7262
2023-11-27 11:16:53,48,50,3878,7262
2023-11-27 11:16:58,49,50,3878,7262
2023-11-27 11:18:27,48,50,3878,7267
2023-11-27 11:18:27,48,49,3878,7267
2023-11-27 11:18:33,46,49,3828,7323
2023-11-27 11:18:39,46,48,3828,7323
2023-11-27 11:18:40,46,49,3828,7323
2023-11-27 11:18:42,46,48,3828,7323
2023-11-27 11:18:43,46,49,3828,7323
2023-11-27 11:18:43,46,48,3828,7323
2023-11-27 11:18:44,46,49,3828,7323
2023-11-27 11:18:46,47,49,3828,7323
2023-11-27 11:18:52,48,49,3828,7323
2023-11-27 11:19:08,49,50,3831,7337
2023-11-27 11:19:13,48,50,3831,7337
2023-11-27 11:19:23,49,50,3831,7337
2023-11-27 11:19:24,48,50,3831,7337
2023-11-27 11:19:34,49,50,3831,7337
2023-11-27 11:19:48,50,52,3931,7437
2023-11-27 11:19:49,49,52,3931,7437
2023-11-27 11:19:53,50,52,3931,7437
2023-11-27 11:20:04,50,53,3931,7437
2023-11-27 11:20:04,50,52,3931,7437
2023-11-27 11:20:04,50,53,3931,7437
2023-11-27 11:20:07,50,52,3931,7437
2023-11-27 11:20:08,50,53,3931,7437
2023-11-27 11:20:09,50,52,3931,7437
2023-11-27 11:20:12,51,52,3931,7437
2023-11-27 11:20:15,50,53,3931,7437
2023-11-27 11:20:16,51,53,3931,7437
2023-11-27 11:20:17,50,53,3931,7437
2023-11-27 11:20:29,51,52,3931,7437
2023-11-27 11:20:31,50,53,3931,7437
2023-11-27 11:20:33,51,53,3931,7437
2023-11-27 11:20:34,50,53,3931,7437
2023-11-27 11:20:35,51,53,3931,7437
2023-11-27 11:20:44,50,53,3931,7437
2023-11-27 11:20:45,50,52,3931,7437
2023-11-27 11:20:45,49,52,3931,7437
2023-11-27 11:20:46,50,52,3931,7437
2023-11-27 11:20:49,49,52,3931,7437
2023-11-27 11:20:51,50,52,3931,7437
2023-11-27 11:20:55,49,52,3931,7437
2023-11-27 11:21:00,50,52,3931,7437
2023-11-27 11:21:05,50,53,3931,7437
2023-11-27 11:21:09,51,53,3931,7437
2023-11-27 11:21:09,51,54,3931,7437
2023-11-27 11:21:22,52,54,3931,7437
2023-11-27 11:21:25,52,53,3931,7437
2023-11-27 11:21:26,52,54,3931,7437
2023-11-27 11:21:27,52,53,3931,7437
2023-11-27 11:21:28,52,54,3931,7437
2023-11-27 11:21:39,53,54,3931,7437
2023-11-27 11:21:49,53,55,4031,7537
2023-11-27 11:21:49,54,55,4031,7537
2023-11-27 11:21:51,53,55,4031,7537
2023-11-27 11:21:54,54,55,4031,7537
2023-11-27 11:21:54,53,55,4031,7537
2023-11-27 11:21:55,54,55,4031,7537
2023-11-27 11:21:55,53,55,4031,7537
2023-11-27 11:22:00,53,54,4031,7537
2023-11-27 11:22:01,53,55,4031,7537
2023-11-27 11:22:13,53,54,4031,7537
2023-11-27 11:22:13,52,54,4031,7537
2023-11-27 11:22:22,52,55,4031,7537
2023-11-27 11:22:24,53,55,4031,7537
2023-11-27 11:22:35,53,56,4031,7537
2023-11-27 11:22:36,53,55,4031,7537
2023-11-27 11:22:40,54,55,4031,7537
2023-11-27 11:22:43,54,56,4031,7537
2023-11-27 11:22:54,54,57,4031,7537
2023-11-27 11:22:54,55,57,4031,7537
2023-11-27 11:23:10,56,57,4031,7537
2023-11-27 11:23:14,56,58,4031,7537
2023-11-27 11:23:16,56,57,4031,7537
2023-11-27 11:23:21,56,58,4031,7537
2023-11-27 11:23:31,55,58,4031,7537
2023-11-27 11:23:31,56,58,4031,7537
2023-11-27 11:23:36,55,58,4031,7537
2023-11-27 11:23:36,56,58,4031,7537
2023-11-27 11:23:37,57,58,4031,7537
2023-11-27 11:23:38,56,58,4031,7537
2023-11-27 11:23:41,57,58,4031,7537
2023-11-27 11:23:41,56,58,4031,7537
2023-11-27 11:24:08,57,58,4031,7537
2023-11-27 11:24:09,57,58,4031,7537
2023-11-27 11:24:11,55,58,4031,7537
2023-11-27 11:24:11,55,59,4031,7537
2023-11-27 11:24:11,55,58,4031,7537
2023-11-27 11:24:12,57,58,4031,7537
2023-11-27 11:24:14,56,58,4031,7537
2023-11-27 11:24:14,57,58,4031,7537
2023-11-27 11:24:15,56,58,4031,7537
2023-11-27 11:24:16,55,58,4031,7537
2023-11-27 11:24:20,55,57,4031,7537
2023-11-27 11:24:20,54,57,4031,7537
2023-11-27 11:24:29,53,57,4031,7537
2023-11-27 11:24:29,53,56,4031,7537
2023-11-27 11:24:39,53,55,4031,7537
2023-11-27 11:24:39,52,55,4031,7537
2023-11-27 11:24:41,52,54,4031,7537
2023-11-27 11:24:41,51,54,4031,7537
2023-11-27 11:24:51,50,54,4031,7537
2023-11-27 11:24:57,50,53,4031,7537
2023-11-27 11:24:58,50,52,4031,7537
2023-11-27 11:25:00,50,53,4031,7537
2023-11-27 11:25:03,50,52,4031,7537
2023-11-27 11:25:05,50,53,4031,7537
2023-11-27 11:25:05,50,52,4031,7537
2023-11-27 11:25:27,50,53,4031,7537
2023-11-27 11:25:27,50,52,4031,7537
2023-11-27 11:25:36,49,50,5102,8608
2023-11-27 11:25:36,50,52,5133,8639
2023-11-27 11:25:36,49,52,5133,8639
2023-11-27 11:25:36,50,52,5133,8639
2023-11-27 11:25:38,49,52,5133,8639
2023-11-27 11:25:38,49,51,5133,8639
2023-11-27 11:25:45,48,51,5133,8639
2023-11-27 11:25:49,48,50,5133,8639
2023-11-27 11:25:50,48,51,5133,8639
2023-11-27 11:25:50,48,52,5133,8639
2023-11-27 11:25:50,48,51,5133,8639
2023-11-27 11:25:55,49,51,5133,8639
2023-11-27 11:26:01,48,51,5133,8639
2023-11-27 11:26:02,49,51,5133,8639
2023-11-27 11:26:02,49,52,5133,8639
2023-11-27 11:26:06,50,52,5133,8639
2023-11-27 11:26:06,50,53,5133,8639
2023-11-27 11:26:20,51,53,5133,8639
2023-11-27 11:26:21,50,53,5133,8639
2023-11-27 11:26:22,51,53,5133,8639
2023-11-27 11:26:23,51,52,5133,8639
2023-11-27 11:26:24,50,52,5133,8639
2023-11-27 11:26:33,50,51,5133,8639
2023-11-27 11:26:33,49,51,5133,8639
2023-11-27 11:26:40,50,51,5133,8639
2023-11-27 11:26:43,50,52,5133,8639
2023-11-27 11:26:43,50,53,5133,8639
2023-11-27 11:26:43,50,52,5133,8639
2023-11-27 11:26:46,51,52,5133,8639
2023-11-27 11:26:49,50,52,5133,8639
2023-11-27 11:26:51,51,52,5133,8639
2023-11-27 11:26:58,51,53,5133,8639
2023-11-27 11:26:58,51,54,5133,8639
2023-11-27 11:26:58,51,53,5133,8639
2023-11-27 11:27:06,52,53,5133,8639
2023-11-27 11:27:45,52,53,5133,8839
2023-11-27 11:27:46,52,54,5133,8839
2023-11-27 11:27:46,52,55,5133,8839
2023-11-27 11:27:46,52,54,5133,8839
2023-11-27 11:27:46,53,54,5133,8839
2023-11-27 11:27:47,52,54,5133,8839
2023-11-27 11:27:47,53,54,5133,8839
2023-11-27 11:27:48,52,54,5133,8839
2023-11-27 11:27:55,53,54,5133,8839
2023-11-27 11:27:56,52,54,5133,8839
2023-11-27 11:27:56,53,54,5133,8839
2023-11-27 11:28:04,52,54,5133,8839
2023-11-27 11:28:04,52,53,5133,8839
2023-11-27 11:28:19,52,53,5133,9039
2023-11-27 11:28:20,52,54,5133,9170
2023-11-27 11:28:21,53,54,5133,9170
2023-11-27 11:28:21,52,54,5133,9170
2023-11-27 11:28:24,53,54,5133,9170
2023-11-27 11:28:28,53,55,5133,9170
2023-11-27 11:28:35,53,56,5133,9170
2023-11-27 11:28:42,54,56,5133,9170
2023-11-27 11:28:43,54,56,5333,9370
2023-11-27 11:28:43,55,56,5333,9370
2023-11-27 11:28:43,55,57,5333,9370
2023-11-27 11:28:44,55,58,5333,9370
2023-11-27 11:28:46,56,58,5333,9370
2023-11-27 11:28:55,55,58,5333,9570
2023-11-27 11:28:57,56,58,5333,9570
2023-11-27 11:28:58,57,58,5333,9570
2023-11-27 11:29:05,57,59,5333,9570
2023-11-27 11:29:05,58,59,5333,9570
2023-11-27 11:29:10,57,59,5333,9570
2023-11-27 11:29:14,57,60,5833,10070
2023-11-27 11:29:14,57,59,5833,10070
2023-11-27 11:29:15,58,59,5833,10070
2023-11-27 11:29:18,58,60,5833,10070
2023-11-27 11:29:21,59,60,5833,10070
2023-11-27 11:30:00,59,61,5833,10070
2023-11-27 11:30:00,60,61,5833,10070
2023-11-27 11:30:13,60,62,5833,10070
2023-11-27 11:30:22,61,62,5833,10070
2023-11-27 11:30:23,60,62,5833,10070
2023-11-27 11:30:23,61,62,5833,10070
2023-11-27 11:30:27,60,62,5833,10070
2023-11-27 11:30:28,61,62,5833,10070
2023-11-27 11:30:39,60,62,5833,10070
2023-11-27 11:30:40,61,62,5833,10070
2023-11-27 11:30:44,59,61,5980,10717
2023-11-27 11:30:47,60,61,5980,10717
2023-11-27 11:30:49,60,62,5980,10717
2023-11-27 11:30:49,61,62,5980,10717
2023-11-27 11:30:54,60,62,5980,10717
2023-11-27 11:30:55,61,62,5980,10717
2023-11-27 11:31:02,60,62,5980,10717
2023-11-27 11:31:06,59,62,5980,10717
2023-11-27 11:31:17,60,62,5980,10717
2023-11-27 11:31:27,59,62,5980,10717
2023-11-27 11:31:27,60,62,5980,10717
2023-11-27 11:31:51,59,62,5980,10717
2023-11-27 11:31:51,60,62,5980,10717
2023-11-27 11:31:52,59,62,5980,10717
2023-11-27 11:31:52,60,62,5980,10717
2023-11-27 11:31:57,60,61,5980,10717
2023-11-27 11:31:59,59,61,5980,10717
2023-11-27 11:32:01,60,61,5980,10717
2023-11-27 11:32:02,59,61,5980,10717
2023-11-27 11:32:08,59,60,5980,10717
2023-11-27 11:32:08,58,60,5980,10717
2023-11-27 11:32:17,59,60,5980,10717
2023-11-27 11:32:19,59,61,5980,10717
2023-11-27 11:32:28,58,61,5980,10717
2023-11-27 11:32:30,58,60,5980,10717
2023-11-27 11:32:31,58,61,5980,10717
2023-11-27 11:32:32,59,61,5980,10717
2023-11-27 11:32:45,58,61,5980,10717
2023-11-27 11:32:45,59,61,5980,10717
2023-11-27 11:32:45,59,60,5980,10717
2023-11-27 11:32:46,58,60,5980,10717
2023-11-27 11:32:52,58,59,5980,10717
2023-11-27 11:32:52,57,59,5980,10717
2023-11-27 11:33:02,57,58,5980,10717
2023-11-27 11:33:02,56,58,5980,10717
2023-11-27 11:33:09,57,58,5980,10717
2023-11-27 11:33:11,56,58,5980,10717
2023-11-27 11:33:13,57,58,5980,10717
2023-11-27 11:33:13,56,58,5980,10717
2023-11-27 11:33:17,56,57,5980,10717
2023-11-27 11:33:17,55,57,5980,10717
2023-11-27 11:33:18,54,57,5980,10717
2023-11-27 11:33:34,55,56,5980,10717
2023-11-27 11:33:35,54,56,5980,10717
2023-11-27 11:33:47,53,56,5980,10717
2023-11-27 11:33:51,53,55,5980,10717
2023-11-27 11:33:56,52,55,5980,10717
2023-11-27 11:33:57,53,55,5980,10717
2023-11-27 11:33:57,52,55,5980,10717
2023-11-27 11:34:01,53,55,5980,10717
2023-11-27 11:34:01,53,56,5980,10717
2023-11-27 11:34:02,53,54,5980,10717
2023-11-27 11:34:02,52,54,5980,10717
2023-11-27 11:34:03,53,54,5980,10717
2023-11-27 11:34:16,53,56,5980,10717
2023-11-27 11:34:16,54,56,5980,10717
2023-11-27 11:34:18,53,56,5980,10717
2023-11-27 11:34:19,54,56,5980,10717
2023-11-27 11:34:19,53,56,5980,10717
2023-11-27 11:34:20,54,56,5980,10717
2023-11-27 11:34:20,53,56,5980,10717
2023-11-27 11:34:21,54,56,5980,10717
2023-11-27 11:34:28,53,56,5980,10717
2023-11-27 11:34:29,54,56,5980,10717
2023-11-27 11:34:31,53,56,5980,10717
2023-11-27 11:34:32,54,56,5980,10717
2023-11-27 11:34:38,54,55,5980,10717
2023-11-27 11:34:38,53,55,5980,10717
2023-11-27 11:34:40,53,56,5980,10717
2023-11-27 11:34:40,54,56,5980,10717
2023-11-27 11:34:46,54,57,5980,10717
2023-11-27 11:34:55,55,57,5980,10717
2023-11-27 11:34:59,54,57,5980,10717
2023-11-27 11:34:59,55,57,5980,10717
2023-11-27 11:35:00,55,58,5980,10717
2023-11-27 11:35:02,56,58,5980,10717
2023-11-27 11:35:02,56,59,5980,10717
2023-11-27 11:35:10,56,58,5980,10717
2023-11-27 11:35:10,55,58,5980,10717
2023-11-27 11:35:16,56,58,5980,10717
2023-11-27 11:35:18,55,58,5980,10717
2023-11-27 11:35:19,56,58,5980,10717
2023-11-27 11:35:20,56,59,5980,10717
2023-11-27 11:35:25,56,58,5980,10717
2023-11-27 11:35:25,57,58,5980,10717
2023-11-27 11:35:26,56,58,5980,10717
2023-11-27 11:35:27,57,58,5980,10717
2023-11-27 11:35:28,56,58,5980,10717
2023-11-27 11:35:30,55,58,5980,10717
2023-11-27 11:35:31,56,58,5980,10717
2023-11-27 11:35:31,57,58,5980,10717
2023-11-27 11:35:33,56,58,5980,10717
2023-11-27 11:35:34,56,59,5980,10717
2023-11-27 11:35:34,57,59,5980,10717
2023-11-27 11:35:35,57,58,5980,10717
2023-11-27 11:35:35,56,58,5980,10717
2023-11-27 11:35:36,56,59,5980,10717
2023-11-27 11:35:36,57,59,5980,10717
2023-11-27 11:35:40,57,58,5980,10717
2023-11-27 11:35:40,56,58,5980,10717
2023-11-27 11:35:44,56,59,5980,10717
2023-11-27 11:35:44,57,59,5980,10717
2023-11-27 11:35:45,57,59,5980,10717
2023-11-27 11:35:53,57,60,5980,10717
2023-11-27 11:36:00,58,60,5980,10717
2023-11-27 11:36:00,58,61,5980,10717
2023-11-27 11:36:11,59,61,5980,10717
2023-11-27 11:36:17,59,62,5980,10717
2023-11-27 11:36:17,60,62,5980,10717
2023-11-27 11:36:18,59,62,5980,10717
2023-11-27 11:36:20,60,62,5980,10717
2023-11-27 11:36:22,59,62,5980,10717
2023-11-27 11:36:31,60,62,5980,10717
2023-11-27 11:36:32,59,62,5980,10717
2023-11-27 11:36:32,60,62,5980,10717
2023-11-27 11:36:35,59,62,5980,10717
2023-11-27 11:36:35,60,62,5980,10717
2023-11-27 11:36:37,61,62,5980,10717
2023-11-27 11:36:43,60,62,5980,10717
2023-11-27 11:36:43,61,62,5980,10717
2023-11-27 11:36:45,60,62,5980,10717
2023-11-27 11:36:57,61,62,5980,10717
2023-11-27 11:37:01,60,62,5980,10717
2023-11-27 11:37:01,61,62,5980,10717
2023-11-27 11:37:04,60,62,5980,10717
2023-11-27 11:37:05,61,62,5980,10717
2023-11-27 11:37:17,60,62,5980,10717
2023-11-27 11:37:17,61,62,5980,10717
2023-11-27 11:37:21,61,63,5980,10717
2023-11-27 11:37:21,62,63,5980,10717
2023-11-27 11:37:22,61,63,5980,10717
2023-11-27 11:37:23,60,63,5980,10717
2023-11-27 11:37:23,61,63,5980,10717
2023-11-27 11:37:50,62,63,5980,10717
2023-11-27 11:37:50,61,63,5980,10717
2023-11-27 11:37:51,62,63,5980,10717
2023-11-27 11:37:55,61,63,5980,10717
2023-11-27 11:37:55,62,63,5980,10717
2023-11-27 11:37:57,61,63,5980,10717
2023-11-27 11:38:07,62,63,5980,10717
2023-11-27 11:38:37,62,64,6080,10817
2023-11-27 11:38:37,63,64,6080,10817
2023-11-27 11:38:40,63,65,6080,10817
2023-11-27 11:38:40,64,65,6080,10817
2023-11-27 11:38:44,63,65,6080,10817
2023-11-27 11:38:46,63,64,6080,10817
2023-11-27 11:38:49,63,65,6080,10817
2023-11-27 11:38:52,63,64,6080,10817
2023-11-27 11:38:52,62,64,6080,10817
2023-11-27 11:38:52,63,64,6080,10817
2023-11-27 11:38:59,63,65,6080,10817
2023-11-27 11:39:01,62,65,6080,10817
2023-11-27 11:39:01,63,65,6080,10817
2023-11-27 11:39:05,63,64,6080,10817
2023-11-27 11:39:10,62,64,6080,10817
2023-11-27 11:39:10,62,64,6080,10817
2023-11-27 11:39:16,61,64,6080,10817
2023-11-27 11:39:17,61,63,6080,10817
2023-11-27 11:39:18,61,64,6080,10817
2023-11-27 11:39:21,61,63,6080,10817
2023-11-27 11:39:21,62,63,6080,10817
2023-11-27 11:39:21,61,63,6080,10817
2023-11-27 11:39:25,62,63,6080,10817
2023-11-27 11:39:25,61,63,6080,10817
2023-11-27 11:39:30,62,63,6080,10817
2023-11-27 11:39:31,61,63,6080,10817
2023-11-27 11:39:35,60,63,6080,10817
2023-11-27 11:39:37,61,63,6080,10817
2023-11-27 11:39:37,60,63,6080,10817
2023-11-27 11:39:38,60,62,6080,10817
2023-11-27 11:39:38,59,62,6080,10817
2023-11-27 11:39:44,58,62,6080,10817
2023-11-27 11:39:48,59,62,6080,10817
2023-11-27 11:39:54,60,62,6080,10817
2023-11-27 11:40:00,60,63,6080,10817
2023-11-27 11:40:03,61,63,6080,10817
2023-11-27 11:40:03,61,64,6080,10817
2023-11-27 11:40:06,61,63,6080,10817
2023-11-27 11:40:07,61,64,6080,10817
2023-11-27 11:40:14,62,64,6080,10817
2023-11-27 11:40:16,61,64,6080,10817
2023-11-27 11:40:19,61,63,6080,10817
2023-11-27 11:40:19,62,63,6080,10817
2023-11-27 11:40:19,61,63,6080,10817
2023-11-27 11:40:28,61,64,6080,10817
2023-11-27 11:40:28,62,64,6080,10817
2023-11-27 11:40:37,61,64,6080,10817
2023-11-27 11:40:37,62,64,6080,10817
2023-11-27 11:40:53,62,63,6080,10817
2023-11-27 11:40:53,61,63,6080,10817
2023-11-27 11:40:54,61,64,6080,10817
2023-11-27 11:40:56,61,63,6080,10817
2023-11-27 11:41:02,62,63,6080,10817
2023-11-27 11:41:05,62,64,6080,10817
2023-11-27 11:41:10,62,65,6080,10817
2023-11-27 11:41:21,63,65,6080,10817
2023-11-27 11:41:30,63,64,6080,10817
2023-11-27 11:41:40,63,64,6430,11167
2023-11-27 11:41:42,63,65,6430,11167
2023-11-27 11:41:43,64,65,6430,11167
2023-11-27 11:41:47,64,66,6430,11167
2023-11-27 11:41:47,65,66,6430,11167
2023-11-27 11:41:54,64,66,6430,11167
2023-11-27 11:41:54,65,66,6430,11167
2023-11-27 11:42:02,64,66,6430,11167
2023-11-27 11:42:04,63,66,6430,11167
2023-11-27 11:42:04,64,66,6430,11167
2023-11-27 11:42:09,63,66,6430,11167
2023-11-27 11:42:10,64,66,6430,11167
2023-11-27 11:42:14,63,66,6430,11167
2023-11-27 11:42:16,64,66,6430,11167
2023-11-27 11:42:16,63,66,6430,11167
2023-11-27 11:42:17,64,66,6430,11167
2023-11-27 11:42:21,64,65,6430,11167
2023-11-27 11:42:21,63,65,6430,11167
2023-11-27 11:42:22,62,65,6430,11167
2023-11-27 11:42:23,63,65,6430,11167
2023-11-27 11:42:23,62,65,6430,11167
2023-11-27 11:42:39,62,64,6430,11167
2023-11-27 11:42:40,61,64,6430,11167
2023-11-27 11:42:40,62,64,6430,11167
2023-11-27 11:42:41,62,63,6430,11167
2023-11-27 11:42:41,60,63,6430,11167
2023-11-27 11:42:51,61,63,6430,11167
2023-11-27 11:42:53,60,63,6430,11167
2023-11-27 11:42:55,61,63,6430,11167
2023-11-27 11:42:55,60,63,6430,11167
2023-11-27 11:42:56,61,63,6430,11167
2023-11-27 11:43:03,61,62,6430,11167
2023-11-27 11:43:03,60,62,6430,11167
2023-11-27 11:43:04,59,62,6430,11167
2023-11-27 11:43:05,59,61,6430,11167
2023-11-27 11:43:05,58,61,6430,11167
2023-11-27 11:43:08,58,60,6430,11167
2023-11-27 11:43:09,57,60,6430,11167
2023-11-27 11:43:11,57,59,6430,11167
2023-11-27 11:43:12,56,59,6430,11167
2023-11-27 11:43:20,57,59,6430,11167
2023-11-27 11:43:31,57,58,6430,11167
2023-11-27 11:43:31,56,58,6430,11167
2023-11-27 11:43:36,55,58,6430,11167
2023-11-27 11:43:38,56,58,6430,11167
2023-11-27 11:43:41,55,58,6430,11167
2023-11-27 11:43:45,56,58,6430,11167
2023-11-27 11:43:50,56,59,6430,11167
2023-11-27 11:43:53,57,59,6430,11167
2023-11-27 11:43:54,57,60,6430,11167
2023-11-27 11:43:59,58,60,6430,11167
2023-11-27 11:44:00,58,61,6430,11167
2023-11-27 11:44:02,59,61,6430,11167
2023-11-27 11:44:04,59,62,6430,11167
2023-11-27 11:44:15,60,62,6430,11167
2023-11-27 11:44:16,60,63,6430,11167
2023-11-27 11:44:22,59,63,6430,11167
2023-11-27 11:44:23,60,63,6430,11167
2023-11-27 11:44:25,60,62,6430,11167
2023-11-27 11:44:27,60,63,6430,11167
2023-11-27 11:44:28,61,63,6430,11167
2023-11-27 11:44:30,60,63,6430,11167
2023-11-27 11:44:32,61,63,6430,11167
2023-11-27 11:44:36,61,62,6430,11167
2023-11-27 11:45:01,60,62,6430,11167
2023-11-27 11:45:02,59,62,6430,11167
2023-11-27 11:45:02,60,62,6430,11167
2023-11-27 11:45:04,61,62,6430,11167
2023-11-27 11:45:06,60,62,6430,11167
2023-11-27 11:45:14,61,62,6430,11167
2023-11-27 11:45:21,60,62,6430,11167
2023-11-27 11:45:29,61,62,6430,11167
2023-11-27 11:45:38,60,62,6430,11167
2023-11-27 11:45:47,60,61,6430,11167
2023-11-27 11:45:47,59,61,6430,11167
2023-11-27 11:45:47,60,61,6430,11167
2023-11-27 11:45:48,59,61,6430,11167
2023-11-27 11:45:50,60,61,6430,11167
2023-11-27 11:45:51,59,61,6430,11167
2023-11-27 11:45:51,60,61,6430,11167
2023-11-27 11:45:52,59,61,6430,11167
2023-11-27 11:46:00,59,60,6430,11167
2023-11-27 11:46:05,59,61,6430,11167
2023-11-27 11:46:06,60,61,6430,11167
2023-11-27 11:46:06,59,61,6430,11167
2023-11-27 11:46:06,60,61,6430,11167
2023-11-27 11:46:10,59,61,6430,11167
2023-11-27 11:46:10,60,61,6430,11167
2023-11-27 11:46:12,59,61,6430,11167
2023-11-27 11:46:17,60,61,6430,11167
2023-11-27 11:46:23,60,62,6430,11167
2023-11-27 11:46:27,59,62,6430,11167
2023-11-27 11:46:30,60,62,6430,11167
2023-11-27 11:46:32,59,62,6430,11167
2023-11-27 11:46:35,60,62,6430,11167
2023-11-27 11:46:40,61,62,6430,11167
2023-11-27 11:46:42,61,63,6530,11267
2023-11-27 11:46:43,60,63,6530,11267
2023-11-27 11:46:44,61,63,6530,11267
2023-11-27 11:46:46,60,63,6530,11267
2023-11-27 11:46:46,61,63,6530,11267
2023-11-27 11:46:51,61,64,6530,11267
2023-11-27 11:46:52,61,63,6530,11267
2023-11-27 11:46:56,61,64,6530,11267
2023-11-27 11:46:57,61,63,6530,11267
2023-11-27 11:46:58,61,64,6530,11267
2023-11-27 11:46:59,61,63,6530,11267
2023-11-27 11:47:08,61,64,6530,11267
2023-11-27 11:47:15,62,64,6530,11267
2023-11-27 11:47:16,61,64,6530,11267
2023-11-27 11:47:19,62,64,6530,11267
2023-11-27 11:47:20,61,64,6530,11267
2023-11-27 11:47:22,62,64,6530,11267
2023-11-27 11:47:29,62,65,6530,11267
2023-11-27 11:47:29,62,64,6530,11267
2023-11-27 11:47:30,62,65,6530,11267
2023-11-27 11:47:31,62,64,6530,11267
2023-11-27 11:47:39,61,64,6530,11267
2023-11-27 11:47:39,62,64,6530,11267
2023-11-27 11:48:00,62,65,6530,11267
2023-11-27 11:48:01,62,64,6530,11267
2023-11-27 11:48:02,62,65,6530,11267
2023-11-27 11:48:05,63,65,6530,11267
2023-11-27 11:48:06,62,65,6530,11267
2023-11-27 11:48:07,63,65,6530,11267
2023-11-27 11:48:08,62,65,6530,11267
2023-11-27 11:48:08,63,65,6530,11267
2023-11-27 11:48:15,62,65,6530,11267
2023-11-27 11:48:15,63,65,6530,11267
2023-11-27 11:48:38,62,65,6530,11267
2023-11-27 11:48:39,63,65,6530,11267
2023-11-27 11:48:43,62,65,6530,11267
2023-11-27 11:48:44,63,65,6530,11267
2023-11-27 11:48:45,63,64,6530,11267
2023-11-27 11:48:45,62,64,6530,11267
2023-11-27 11:48:45,62,64,6530,11267
2023-11-27 11:48:52,62,65,6530,11267
2023-11-27 11:48:52,61,65,6530,11267
2023-11-27 11:48:53,62,65,6530,11267
2023-11-27 11:48:53,62,64,6530,11267
2023-11-27 11:48:58,61,64,6530,11267
2023-11-27 11:49:02,61,63,6530,11267
2023-11-27 11:49:13,62,63,6530,11267
2023-11-27 11:49:14,61,63,6530,11267
2023-11-27 11:49:15,62,63,6530,11267
2023-11-27 11:49:16,62,64,6530,11267
2023-11-27 11:49:16,61,64,6530,11267
2023-11-27 11:49:16,62,63,6530,11267
2023-11-27 11:49:18,62,64,6530,11267
2023-11-27 11:49:18,62,63,6530,11267
2023-11-27 11:49:20,62,64,6530,11267
2023-11-27 11:49:20,61,64,6530,11267
2023-11-27 11:49:20,62,64,6530,11267
2023-11-27 11:49:30,62,63,6530,11267
2023-11-27 11:49:33,60,63,6530,11267
2023-11-27 11:49:44,61,63,6530,11267
2023-11-27 11:49:47,61,64,6530,11267
2023-11-27 11:49:47,61,63,6530,11267
2023-11-27 11:49:49,61,64,6530,11267
2023-11-27 11:49:52,61,65,6530,11267
2023-11-27 11:49:52,61,64,6530,11267
2023-11-27 11:49:55,62,64,6530,11267
2023-11-27 11:49:55,62,65,6530,11267
2023-11-27 11:50:09,63,65,6530,11267
2023-11-27 11:50:10,62,65,6530,11267
2023-11-27 11:50:10,63,65,6530,11267
2023-11-27 11:50:12,63,64,6530,11267
2023-11-27 11:50:13,62,64,6530,11267
2023-11-27 11:50:13,63,64,6530,11267
2023-11-27 11:50:14,62,64,6530,11267
2023-11-27 11:50:30,63,64,6530,11267
2023-11-27 11:50:30,62,64,6530,11267
2023-11-27 11:50:31,62,65,6530,11267
2023-11-27 11:50:31,62,64,6530,11267
2023-11-27 11:50:31,63,64,6530,11267
2023-11-27 11:50:34,63,65,6530,11267
2023-11-27 11:50:34,62,65,6530,11267
2023-11-27 11:50:35,63,65,6530,11267
2023-11-27 11:50:37,63,66,6530,11267
2023-11-27 11:50:43,62,66,6530,11267
2023-11-27 11:50:46,63,65,6530,11267
2023-11-27 11:50:58,62,65,6530,11267
2023-11-27 11:50:58,62,64,6530,11267
2023-11-27 11:51:00,61,64,6530,11267
2023-11-27 11:51:03,61,65,6530,11267
2023-11-27 11:51:06,62,65,6530,11267
2023-11-27 11:51:14,62,64,6530,11267
2023-11-27 11:51:17,62,65,6530,11267
2023-11-27 11:51:19,63,65,6530,11267
2023-11-27 11:51:27,63,66,6530,11267
2023-11-27 11:51:29,64,66,6530,11267
2023-11-27 11:51:31,64,67,6530,11267
2023-11-27 11:51:33,65,67,6530,11267
2023-11-27 11:51:36,65,68,6530,11267
2023-11-27 11:51:43,66,68,6530,11267
2023-11-27 11:51:51,66,67,6530,11267
2023-11-27 11:51:56,65,67,6530,11267
2023-11-27 11:52:02,66,67,6530,11267
2023-11-27 11:52:02,66,68,6530,11267
2023-11-27 11:52:06,66,67,6530,11267
2023-11-27 11:52:08,65,67,6530,11267
2023-11-27 11:52:09,66,67,6530,11267
2023-11-27 11:52:10,65,67,6530,11267
2023-11-27 11:52:10,66,67,6530,11267
2023-11-27 11:52:11,65,67,6530,11267
2023-11-27 11:52:19,66,67,6530,11267
2023-11-27 11:52:19,66,68,6530,11267
2023-11-27 11:52:19,66,67,6530,11267
2023-11-27 11:52:20,65,67,6530,11267
2023-11-27 11:52:28,66,67,6530,11267
2023-11-27 11:52:31,65,67,6530,11267
2023-11-27 11:52:31,65,68,6530,11267
2023-11-27 11:52:31,65,67,6530,11267
2023-11-27 11:52:31,66,67,6530,11267
2023-11-27 11:52:32,65,67,6530,11267
2023-11-27 11:52:33,66,67,6530,11267
2023-11-27 11:52:34,66,68,6530,11267
2023-11-27 11:52:41,66,67,6530,11267
2023-11-27 11:52:42,66,68,6530,11267
2023-11-27 11:52:42,66,67,6530,11267
2023-11-27 11:52:43,66,68,6530,11267
2023-11-27 11:52:43,66,67,6530,11267
2023-11-27 11:52:46,66,68,6530,11267
2023-11-27 11:52:46,66,67,6530,11267
2023-11-27 11:52:48,66,68,6530,11267
2023-11-27 11:52:48,66,67,6530,11267
2023-11-27 11:52:49,66,68,6530,11267
2023-11-27 11:52:51,66,69,6530,11267
2023-11-27 11:52:51,66,68,6530,11267
2023-11-27 11:52:54,67,68,6530,11267
2023-11-27 11:52:54,67,69,6530,11267
2023-11-27 11:52:56,67,70,6530,11267
2023-11-27 11:53:08,67,69,6530,11267
2023-11-27 11:53:28,68,69,6530,11267
2023-11-27 11:53:38,67,69,6530,11267
2023-11-27 11:53:41,68,69,6530,11267
2023-11-27 11:53:42,67,69,6530,11267
2023-11-27 11:53:56,67,70,6530,11267
2023-11-27 11:53:56,67,69,6530,11267
2023-11-27 11:54:02,67,70,6530,11267
2023-11-27 11:54:04,68,70,6530,11267
2023-11-27 11:54:06,67,70,6530,11267
2023-11-27 11:54:06,68,70,6530,11267
2023-11-27 11:54:11,67,70,6530,11267
2023-11-27 11:54:11,68,70,6530,11267
2023-11-27 11:54:17,68,69,6530,11267
2023-11-27 11:54:19,68,70,6530,11267
2023-11-27 11:54:28,68,69,6530,11267
2023-11-27 11:54:31,68,70,6530,11267
2023-11-27 11:54:33,68,69,6530,11267
2023-11-27 11:54:34,67,69,6530,11267
2023-11-27 11:54:42,68,69,6530,11267
2023-11-27 11:54:42,68,70,6530,11267
2023-11-27 11:54:43,68,69,6530,11267
2023-11-27 11:54:46,67,69,6530,11267
2023-11-27 11:54:48,68,69,6530,11267
2023-11-27 11:54:53,68,70,6530,11267
2023-11-27 11:55:03,68,69,6530,11267
2023-11-27 11:55:04,68,70,6530,11267
2023-11-27 11:55:12,68,69,6530,11267
2023-11-27 11:55:18,68,70,6530,11267
2023-11-27 11:55:31,68,69,6530,11267
2023-11-27 11:55:39,68,70,6530,11267
2023-11-27 11:55:40,68,69,6530,11267
2023-11-27 11:55:41,68,70,6530,11267
2023-11-27 11:55:42,68,69,6530,11267
2023-11-27 11:55:43,68,70,6530,11267
2023-11-27 11:55:44,68,69,6530,11267
2023-11-27 11:55:45,68,70,6530,11267
2023-11-27 11:55:46,69,70,6530,11267
2023-11-27 11:56:03,69,70,6530,11667
2023-11-27 11:56:03,69,72,6530,11667
2023-11-27 11:56:04,70,72,6530,11667
2023-11-27 11:56:04,70,71,6530,11667
2023-11-27 11:56:06,70,72,6530,11667
2023-11-27 11:56:06,71,72,6530,11667
2023-11-27 11:56:07,71,72,6350,11847
2023-11-27 11:56:11,71,73,6350,11867
2023-11-27 11:56:11,72,74,6350,11867
2023-11-27 11:56:11,73,74,6350,11867
2023-11-27 11:56:11,73,75,5950,12267
2023-11-27 11:56:14,73,74,5950,12267
2023-11-27 11:56:30,72,74,5950,12267
2023-11-27 11:56:32,72,73,5950,12267
2023-11-27 11:56:38,71,73,5950,12267
2023-11-27 11:56:48,72,73,5950,12267
2023-11-27 11:57:05,72,74,5950,12267
2023-11-27 11:57:08,73,74,5950,12267
2023-11-27 11:57:10,72,74,5950,12267
2023-11-27 11:57:10,73,74,5950,12267
2023-11-27 11:57:13,72,74,5950,12267
2023-11-27 11:57:13,73,74,5950,12267
2023-11-27 11:57:17,72,74,5950,12267
2023-11-27 11:57:17,72,73,5950,12267
2023-11-27 11:57:27,71,73,5950,12267
2023-11-27 11:57:27,71,72,5950,12267
2023-11-27 11:57:30,70,72,5950,12267
2023-11-27 11:57:37,70,71,5950,12267
2023-11-27 11:57:38,69,71,5950,12267
2023-11-27 11:57:43,69,70,5950,12267
2023-11-27 11:57:44,68,70,5950,12267
2023-11-27 11:57:52,69,70,5950,12267
2023-11-27 11:58:18,69,71,5950,12267
2023-11-27 11:58:20,70,71,5950,12267
2023-11-27 11:58:23,69,71,5950,12267
2023-11-27 11:58:26,70,71,5950,12267
2023-11-27 11:58:46,69,71,5950,12267
2023-11-27 11:58:46,69,70,5950,12267
2023-11-27 11:59:13,68,69,5947,12270
2023-11-27 11:59:13,67,69,5947,12270
2023-11-27 11:59:23,68,69,5947,12270
2023-11-27 11:59:24,67,69,5947,12270
2023-11-27 11:59:25,68,69,5947,12270
2023-11-27 11:59:33,68,71,5947,12270
2023-11-27 11:59:33,68,70,5947,12270
2023-11-27 11:59:46,69,70,5947,12270
2023-11-27 11:59:52,68,70,5947,12270
2023-11-27 11:59:52,68,71,5947,12270
2023-11-27 11:59:52,68,69,5947,12270
2023-11-27 11:59:57,67,69,5947,12270
2023-11-27 11:59:58,68,69,5947,12270
2023-11-27 12:00:04,67,69,5947,12270
2023-11-27 12:00:04,68,69,5947,12270
2023-11-27 12:00:17,67,69,5947,12270
2023-11-27 12:00:17,67,68,5947,12270
2023-11-27 12:00:18,66,68,5947,12270
2023-11-27 12:00:19,65,68,5947,12270
2023-11-27 12:00:19,65,67,5947,12270
2023-11-27 12:00:20,65,68,5947,12270
2023-11-27 12:00:20,65,67,5947,12270
2023-11-27 12:00:20,65,66,5947,12270
2023-11-27 12:00:25,64,66,5947,12270
2023-11-27 12:00:35,64,67,5947,12270
2023-11-27 12:00:35,64,65,5947,12270
2023-11-27 12:00:36,64,67,5947,12270
2023-11-27 12:00:36,64,66,5947,12270
2023-11-27 12:00:39,64,67,5947,12270
2023-11-27 12:00:39,64,65,5947,12270
2023-11-27 12:00:49,64,67,5947,12270
2023-11-27 12:00:49,64,66,5947,12270
2023-11-27 12:00:49,65,66,5947,12270
2023-11-27 12:00:51,64,66,5947,12270
2023-11-27 12:00:51,65,66,5947,12270
2023-11-27 12:00:56,65,67,5947,12270
2023-11-27 12:00:56,65,68,5947,12270
2023-11-27 12:00:56,65,67,5947,12270
2023-11-27 12:00:59,65,68,5947,12270
2023-11-27 12:00:59,65,66,5947,12270
2023-11-27 12:00:59,64,66,5947,12270
2023-11-27 12:01:01,65,66,5947,12270
2023-11-27 12:01:02,64,66,5947,12270
2023-11-27 12:01:02,65,66,5947,12270
2023-11-27 12:01:07,64,66,5947,12270
2023-11-27 12:01:08,65,66,5947,12270
