datetime,bid,ask,open_interest,volume
2023-11-27 09:30:01,36,65,3456,4056
2023-11-27 09:30:01,36,64,3456,4056
2023-11-27 09:30:01,36,65,3456,4056
2023-11-27 09:30:04,36,64,3456,4056
2023-11-27 09:30:09,36,64,3106,4406
2023-11-27 09:30:11,36,64,2756,4756
2023-11-27 09:30:12,36,64,2406,5106
2023-11-27 09:30:13,36,64,2056,5456
2023-11-27 09:30:14,36,40,2056,5456
2023-11-27 09:30:16,36,40,1706,5806
2023-11-27 09:30:18,36,40,1356,6156
2023-11-27 09:30:19,36,40,1347,6506
2023-11-27 09:30:21,36,40,1347,6856
2023-11-27 09:30:21,36,64,1347,6856
2023-11-27 09:30:21,36,40,1347,6856
2023-11-27 09:30:21,36,38,1347,6856
2023-11-27 09:30:22,28,38,1347,7056
2023-11-27 09:30:41,28,58,1347,7056
2023-11-27 09:30:41,28,57,1347,7056
2023-11-27 09:30:41,28,58,1347,7056
2023-11-27 09:30:41,8,58,1347,7056
2023-11-27 09:30:41,26,58,1347,7056
2023-11-27 09:30:41,26,38,1347,7056
2023-11-27 09:30:41,26,36,1347,7056
2023-11-27 09:30:50,26,58,1347,7056
2023-11-27 09:30:50,26,57,1347,7056
2023-11-27 09:30:50,26,58,1347,7056
2023-11-27 09:30:50,8,58,1347,7056
2023-11-27 09:30:50,22,58,1347,7056
2023-11-27 09:30:50,24,58,1347,7056
2023-11-27 09:30:50,24,34,1347,7056
2023-11-27 09:31:00,26,34,1347,7056
2023-11-27 09:31:00,28,31,1347,7056
2023-11-27 09:31:03,29,31,1347,7056
2023-11-27 09:31:05,29,33,1347,7056
2023-11-27 09:31:05,30,33,1347,7056
2023-11-27 09:31:05,30,33,1587,7296
2023-11-27 09:31:06,29,33,1587,7296
2023-11-27 09:31:06,29,32,1587,7296
2023-11-27 09:31:06,30,32,1587,7296
2023-11-27 09:31:06,29,32,1787,7496
2023-11-27 09:31:07,30,32,1787,7496
2023-11-27 09:31:08,30,33,1787,7496
2023-11-27 09:31:14,30,34,1787,7496
2023-11-27 09:31:14,31,34,1787,7496
2023-11-27 09:31:16,31,33,1787,7496
2023-11-27 09:31:18,31,34,1787,7496
2023-11-27 09:31:20,30,34,1787,7496
2023-11-27 09:31:21,30,32,1787,7496
2023-11-27 09:31:22,29,32,1787,7496
2023-11-27 09:31:23,29,31,1787,7496
2023-11-27 09:31:24,29,32,1787,7496
2023-11-27 09:31:29,30,32,1787,7496
2023-11-27 09:31:30,29,32,1787,7496
2023-11-27 09:31:35,30,32,1787,7496
2023-11-27 09:31:36,31,32,1787,7496
2023-11-27 09:31:38,31,33,1787,7496
2023-11-27 09:31:39,31,34,1787,7496
2023-11-27 09:31:39,31,34,2137,7846
2023-11-27 09:31:40,30,34,2137,7846
2023-11-27 09:31:40,30,33,2137,7846
2023-11-27 09:31:41,29,33,2137,7846
2023-11-27 09:31:41,30,33,2137,7846
2023-11-27 09:31:48,30,34,2137,7846
2023-11-27 09:31:48,30,33,2137,7846
2023-11-27 09:31:53,29,33,2137,7846
2023-11-27 09:31:53,29,32,2137,7846
2023-11-27 09:31:54,30,32,2137,7846
2023-11-27 09:31:54,30,33,2137,7846
2023-11-27 09:31:56,29,33,2137,7846
2023-11-27 09:31:56,29,32,2137,7846
2023-11-27 09:31:57,29,33,2137,7846
2023-11-27 09:31:57,30,33,2137,7846
2023-11-27 09:31:59,30,32,2137,7846
2023-11-27 09:32:00,30,33,2137,7846
2023-11-27 09:32:02,30,34,2137,7846
2023-11-27 09:32:02,31,34,2137,7846
2023-11-27 09:32:03,32,34,2137,7846
2023-11-27 09:32:05,31,34,2337,8046
2023-11-27 09:32:11,32,34,2337,8046
2023-11-27 09:32:16,32,36,2337,8046
2023-11-27 09:32:16,32,35,2337,8046
2023-11-27 09:32:31,33,35,2337,8046
2023-11-27 09:32:32,33,36,2337,8046
2023-11-27 09:32:37,34,36,2337,8046
2023-11-27 09:32:44,34,37,2337,8046
2023-11-27 09:32:57,35,38,2337,8046
2023-11-27 09:32:58,36,38,2337,8046
2023-11-27 09:33:00,37,38,2337,8046
2023-11-27 09:33:03,37,39,2337,8046
2023-11-27 09:33:09,38,39,2337,8046
2023-11-27 09:33:09,38,40,2337,8046
2023-11-27 09:33:12,39,40,2337,8046
2023-11-27 09:33:15,39,41,2337,8046
2023-11-27 09:33:25,40,41,2337,8046
2023-11-27 09:33:26,40,42,2337,8046
2023-11-27 09:33:34,39,42,2337,8046
2023-11-27 09:33:42,39,41,2337,8046
2023-11-27 09:33:43,39,42,2337,8046
2023-11-27 09:33:44,39,41,2337,8046
2023-11-27 09:33:46,39,42,2337,8046
2023-11-27 09:33:56,39,41,2337,8046
2023-11-27 09:34:06,39,42,2337,8046
2023-11-27 09:34:08,39,41,2337,8046
2023-11-27 09:34:10,39,42,2337,8046
2023-11-27 09:34:11,39,41,2337,8046
2023-11-27 09:34:11,39,42,2337,8046
2023-11-27 09:34:11,40,42,2337,8046
2023-11-27 09:34:12,40,41,2337,8046
2023-11-27 09:34:12,39,41,2337,8046
2023-11-27 09:34:21,39,42,2337,8046
2023-11-27 09:34:23,40,42,2337,8046
2023-11-27 09:34:28,40,41,2337,8046
2023-11-27 09:34:28,40,42,2337,8046
2023-11-27 09:34:39,41,42,2337,8046
2023-11-27 09:34:40,41,43,2337,8046
2023-11-27 09:34:47,41,44,2337,8046
2023-11-27 09:34:47,42,44,2337,8046
2023-11-27 09:34:52,41,44,2337,8046
2023-11-27 09:34:57,42,44,2337,8046
2023-11-27 09:34:57,43,44,2337,8046
2023-11-27 09:35:04,41,43,2337,8223
2023-11-27 09:35:04,42,43,2337,8223
2023-11-27 09:35:05,41,43,2337,8223
2023-11-27 09:35:06,41,44,2337,8223
2023-11-27 09:35:06,42,44,2337,8223
2023-11-27 09:35:07,42,43,2337,8223
2023-11-27 09:35:07,41,43,2337,8223
2023-11-27 09:35:08,41,44,2337,8223
2023-11-27 09:35:08,42,44,2337,8223
2023-11-27 09:35:09,41,44,2337,8223
2023-11-27 09:35:12,42,44,2337,8223
2023-11-27 09:35:13,41,44,2337,8223
2023-11-27 09:35:13,42,44,2337,8223
2023-11-27 09:35:14,41,44,2337,8223
2023-11-27 09:35:15,42,44,2337,8223
2023-11-27 09:35:15,41,44,2337,8223
2023-11-27 09:35:15,42,44,2337,8223
2023-11-27 09:35:16,41,44,2337,8223
2023-11-27 09:35:19,42,44,2337,8223
2023-11-27 09:35:29,43,44,2337,8223
2023-11-27 09:35:30,43,45,2337,8223
2023-11-27 09:35:49,43,46,2137,8423
2023-11-27 09:35:50,44,46,2137,8423
2023-11-27 09:35:54,45,46,2137,8423
2023-11-27 09:35:55,44,46,2137,8423
2023-11-27 09:35:55,45,46,2137,8423
2023-11-27 09:35:58,45,47,2137,8423
2023-11-27 09:36:04,46,47,2137,8423
2023-11-27 09:36:09,46,48,2137,8423
2023-11-27 09:36:10,45,48,2137,8423
2023-11-27 09:36:11,46,48,2137,8423
2023-11-27 09:36:11,47,48,2137,8423
2023-11-27 09:36:11,46,48,2316,8602
2023-11-27 09:36:11,47,48,2316,8602
2023-11-27 09:36:12,46,48,2316,8602
2023-11-27 09:36:13,47,48,2316,8602
2023-11-27 09:36:13,46,48,2316,8602
2023-11-27 09:36:14,47,48,2316,8602
2023-11-27 09:36:25,47,49,2316,8602
2023-11-27 09:36:25,48,49,2316,8602
2023-11-27 09:36:30,47,49,2316,8602
2023-11-27 09:36:32,48,49,2316,8602
2023-11-27 09:36:37,47,49,2316,8602
2023-11-27 09:36:39,47,48,2316,8602
2023-11-27 09:36:40,46,48,2316,8602
2023-11-27 09:36:41,46,49,2316,8602
2023-11-27 09:36:41,47,49,2316,8602
2023-11-27 09:36:42,46,49,2316,8602
2023-11-27 09:36:44,47,49,2316,8602
2023-11-27 09:36:45,46,49,2316,8602
2023-11-27 09:36:48,47,49,2316,8602
2023-11-27 09:36:50,48,49,2316,8602
2023-11-27 09:36:51,47,48,2316,8724
2023-11-27 09:36:52,47,49,2316,8724
2023-11-27 09:36:53,47,48,2316,8724
2023-11-27 09:36:54,45,48,2316,8724
2023-11-27 09:36:54,46,48,2316,8724
2023-11-27 09:36:56,45,48,2316,8724
2023-11-27 09:37:00,45,47,2316,8724
2023-11-27 09:37:08,45,48,2316,8724
2023-11-27 09:37:12,45,47,2316,8724
2023-11-27 09:37:14,44,47,2316,8724
2023-11-27 09:37:18,45,47,2316,8724
2023-11-27 09:37:19,44,47,2316,8724
2023-11-27 09:37:21,45,47,2316,8724
2023-11-27 09:37:22,44,47,2316,8724
2023-11-27 09:37:26,45,47,2316,8724
2023-11-27 09:37:29,45,48,2316,8724
2023-11-27 09:37:31,46,48,2316,8724
2023-11-27 09:37:34,45,48,2316,8724
2023-11-27 09:37:42,46,48,2316,8724
2023-11-27 09:37:50,46,49,2316,8724
2023-11-27 09:37:52,46,48,2316,8724
2023-11-27 09:37:53,45,48,2316,8724
2023-11-27 09:37:59,46,48,2316,8724
2023-11-27 09:38:01,45,48,2316,8724
2023-11-27 09:38:02,45,47,2316,8724
2023-11-27 09:38:08,45,48,2316,8724
2023-11-27 09:38:12,45,47,2316,8724
2023-11-27 09:38:12,45,48,2316,8724
2023-11-27 09:38:13,45,47,2316,8724
2023-11-27 09:38:16,44,47,2316,8724
2023-11-27 09:38:17,45,47,2316,8724
2023-11-27 09:38:20,44,47,2316,8724
2023-11-27 09:38:28,44,46,2316,8724
2023-11-27 09:38:40,44,47,2316,8724
2023-11-27 09:38:42,44,46,2316,8724
2023-11-27 09:38:50,44,45,2316,8724
2023-11-27 09:38:52,44,46,2316,8724
2023-11-27 09:38:56,44,47,2316,8724
2023-11-27 09:39:02,44,46,2316,8724
2023-11-27 09:39:15,44,45,2316,8724
2023-11-27 09:39:22,43,44,2316,8724
2023-11-27 09:39:26,42,44,2316,8724
2023-11-27 09:39:27,42,45,2316,8724
2023-11-27 09:39:37,42,45,2513,8921
2023-11-27 09:39:38,42,44,2513,8921
2023-11-27 09:39:40,42,44,2650,9058
2023-11-27 09:39:41,42,45,2650,9058
2023-11-27 09:39:41,43,45,2650,9058
2023-11-27 09:39:41,43,45,2650,9240
2023-11-27 09:39:41,42,43,2650,9358
2023-11-27 09:39:41,42,45,2650,9358
2023-11-27 09:39:41,42,43,2650,9358
2023-11-27 09:39:41,42,45,2650,9358
2023-11-27 09:39:41,42,43,2650,9358
2023-11-27 09:39:45,42,45,2650,9358
2023-11-27 09:39:47,42,44,2650,9358
2023-11-27 09:39:57,42,43,2650,9358
2023-11-27 09:40:02,42,44,2650,9358
2023-11-27 09:40:15,42,43,2650,9358
2023-11-27 09:40:36,42,44,2650,9358
2023-11-27 09:40:39,43,44,2650,9358
2023-11-27 09:40:41,43,45,2650,9358
2023-11-27 09:40:41,43,46,2650,9358
2023-11-27 09:40:41,43,45,2650,9358
2023-11-27 09:40:51,43,46,2650,9358
2023-11-27 09:40:51,43,44,2650,9358
2023-11-27 09:41:05,42,44,2650,9358
2023-11-27 09:41:05,43,44,2650,9358
2023-11-27 09:41:07,43,45,2650,9358
2023-11-27 09:41:07,44,45,2650,9358
2023-11-27 09:41:17,43,45,2650,9358
2023-11-27 09:41:17,43,44,2650,9358
2023-11-27 09:41:22,42,44,2650,9358
2023-11-27 09:41:22,43,44,2650,9358
2023-11-27 09:41:29,42,44,2650,9358
2023-11-27 09:41:29,42,43,2650,9358
2023-11-27 09:41:31,42,44,2650,9358
2023-11-27 09:41:31,43,44,2650,9358
2023-11-27 09:41:33,42,44,2650,9358
2023-11-27 09:41:35,42,43,2650,9358
2023-11-27 09:41:50,42,44,2650,9358
2023-11-27 09:41:52,43,44,2650,9358
2023-11-27 09:41:53,43,45,2650,9358
2023-11-27 09:41:53,43,46,2650,9358
2023-11-27 09:41:53,43,45,2650,9358
2023-11-27 09:41:56,44,45,2650,9358
2023-11-27 09:41:59,44,46,2650,9358
2023-11-27 09:41:59,44,47,2650,9358
2023-11-27 09:41:59,44,46,2650,9358
2023-11-27 09:42:10,45,46,2650,9358
2023-11-27 09:42:11,44,46,2650,9358
2023-11-27 09:42:11,44,47,2650,9358
2023-11-27 09:42:11,44,45,2650,9358
2023-11-27 09:42:12,44,47,2650,9358
2023-11-27 09:42:12,44,46,2650,9358
2023-11-27 09:42:12,45,46,2650,9358
2023-11-27 09:42:32,44,46,2650,9358
2023-11-27 09:42:32,44,45,2650,9358
2023-11-27 09:42:38,44,47,2650,9358
2023-11-27 09:42:38,44,46,2650,9358
2023-11-27 09:42:38,45,46,2650,9358
2023-11-27 09:42:51,44,46,2650,9358
2023-11-27 09:42:51,44,45,2650,9358
2023-11-27 09:42:58,43,45,2650,9358
2023-11-27 09:43:04,43,44,2650,9358
2023-11-27 09:43:16,42,44,2650,9358
2023-11-27 09:43:17,42,45,2650,9358
2023-11-27 09:43:17,42,44,2650,9358
2023-11-27 09:43:17,42,43,2650,9358
2023-11-27 09:43:36,42,45,2650,9358
2023-11-27 09:43:36,42,44,2650,9358
2023-11-27 09:43:38,43,44,2650,9358
2023-11-27 09:43:47,42,44,2650,9358
2023-11-27 09:43:47,42,43,2650,9358
2023-11-27 09:44:15,42,44,2650,9358
2023-11-27 09:44:15,42,45,2650,9358
2023-11-27 09:44:15,42,44,2650,9358
2023-11-27 09:44:15,43,44,2650,9358
2023-11-27 09:44:16,42,44,2650,9358
2023-11-27 09:44:16,43,44,2650,9358
2023-11-27 09:44:28,42,44,2650,9358
2023-11-27 09:44:28,43,44,2650,9358
2023-11-27 09:44:31,43,46,2450,9558
2023-11-27 09:44:31,44,46,2450,9558
2023-11-27 09:44:46,45,46,2450,9558
2023-11-27 09:44:48,44,46,2450,9558
2023-11-27 09:44:48,45,46,2450,9558
2023-11-27 09:44:49,44,46,2450,9558
2023-11-27 09:44:51,44,45,2450,9558
2023-11-27 09:44:51,43,45,2450,9558
2023-11-27 09:44:52,44,45,2450,9558
2023-11-27 09:44:53,44,46,2450,9558
2023-11-27 09:44:56,45,46,2450,9558
2023-11-27 09:45:00,45,47,2450,9558
2023-11-27 09:45:01,45,46,2450,9558
2023-11-27 09:45:01,43,46,2450,9558
2023-11-27 09:45:01,44,46,2450,9558
2023-11-27 09:45:05,44,47,2450,9558
2023-11-27 09:45:09,44,46,2450,9558
2023-11-27 09:45:09,43,46,2450,9558
2023-11-27 09:45:09,45,46,2450,9558
2023-11-27 09:45:09,43,46,2450,9558
2023-11-27 09:45:11,44,46,2450,9558
2023-11-27 09:45:12,45,46,2450,9558
2023-11-27 09:45:15,44,46,2450,9558
2023-11-27 09:45:16,45,46,2450,9558
2023-11-27 09:45:20,44,46,2450,9558
2023-11-27 09:45:22,45,46,2450,9558
2023-11-27 09:45:25,45,47,2450,9558
2023-11-27 09:45:26,45,46,2450,9558
2023-11-27 09:45:35,43,46,2450,9558
2023-11-27 09:45:37,44,46,2450,9558
2023-11-27 09:45:37,45,46,2450,9558
2023-11-27 09:45:42,44,45,2450,9679
2023-11-27 09:45:42,43,45,2450,9679
2023-11-27 09:45:42,44,45,2450,9679
2023-11-27 09:45:43,44,46,2450,9679
2023-11-27 09:45:47,45,46,2450,9679
2023-11-27 09:45:53,44,46,2450,9679
2023-11-27 09:45:54,45,46,2450,9679
2023-11-27 09:46:01,43,46,2450,9679
2023-11-27 09:46:01,45,46,2450,9679
2023-11-27 09:46:01,44,46,2450,9679
2023-11-27 09:46:01,45,46,2450,9679
2023-11-27 09:46:03,45,47,2450,9679
2023-11-27 09:46:09,44,47,2450,9679
2023-11-27 09:46:12,45,47,2450,9679
2023-11-27 09:46:14,45,46,2450,9679
2023-11-27 09:46:15,43,46,2450,9679
2023-11-27 09:46:17,44,46,2450,9679
2023-11-27 09:46:17,45,46,2450,9679
2023-11-27 09:46:18,45,47,2450,9679
2023-11-27 09:46:26,44,47,2450,9679
2023-11-27 09:46:30,45,47,2450,9679
2023-11-27 09:46:30,46,47,2450,9679
2023-11-27 09:46:33,45,47,2450,9679
2023-11-27 09:46:34,45,48,2450,9679
2023-11-27 09:46:34,46,48,2450,9679
2023-11-27 09:46:36,45,48,2450,9679
2023-11-27 09:46:38,46,48,2450,9679
2023-11-27 09:46:40,47,48,2450,9679
2023-11-27 09:46:40,46,47,2450,9779
2023-11-27 09:46:42,45,47,2450,9779
2023-11-27 09:46:43,46,47,2450,9779
2023-11-27 09:46:43,45,47,2450,9779
2023-11-27 09:46:50,45,46,2450,9779
2023-11-27 09:46:51,44,46,2550,9879
2023-11-27 09:46:55,44,47,2550,9879
2023-11-27 09:46:56,45,47,2550,9879
2023-11-27 09:46:57,44,47,2550,9879
2023-11-27 09:46:57,45,47,2550,9879
2023-11-27 09:47:14,45,46,2550,9879
2023-11-27 09:47:15,44,46,2550,9879
2023-11-27 09:47:15,43,46,2550,9879
2023-11-27 09:47:15,44,46,2550,9879
2023-11-27 09:47:16,43,46,2550,9879
2023-11-27 09:47:19,43,45,2550,9879
2023-11-27 09:47:20,43,46,2550,9879
2023-11-27 09:47:26,42,46,2550,9879
2023-11-27 09:47:26,42,45,2550,9879
2023-11-27 09:47:29,42,46,2550,9879
2023-11-27 09:47:30,42,46,2550,9879
2023-11-27 09:47:30,42,45,2550,9879
2023-11-27 09:47:31,42,46,2550,9879
2023-11-27 09:47:31,43,46,2550,9879
2023-11-27 09:47:33,43,45,2550,9879
2023-11-27 09:47:34,44,45,2550,9879
2023-11-27 09:47:34,44,46,2550,9879
2023-11-27 09:47:37,43,46,2550,9879
2023-11-27 09:47:38,44,46,2550,9879
2023-11-27 09:47:42,44,47,2550,9879
2023-11-27 09:47:48,45,47,2550,9879
2023-11-27 09:47:51,46,47,2550,9879
2023-11-27 09:48:47,45,47,2664,9993
2023-11-27 09:48:47,46,47,2664,9993
2023-11-27 09:48:48,45,47,2664,9993
2023-11-27 09:48:48,46,47,2664,9993
2023-11-27 09:48:50,45,47,2664,9993
2023-11-27 09:48:51,46,47,2664,9993
2023-11-27 09:48:51,45,47,2664,9993
2023-11-27 09:49:03,44,47,2664,9993
2023-11-27 09:49:04,45,47,2664,9993
2023-11-27 09:49:20,45,46,2664,9993
2023-11-27 09:49:23,45,47,2664,9993
2023-11-27 09:49:33,45,46,2664,9993
2023-11-27 09:49:41,44,46,2664,9993
2023-11-27 09:49:44,45,46,2664,9993
2023-11-27 09:49:44,45,47,2664,9993
2023-11-27 09:49:44,45,46,2664,9993
2023-11-27 09:49:45,44,46,2664,9993
2023-11-27 09:49:47,45,46,2664,9993
2023-11-27 09:49:53,45,47,2664,9993
2023-11-27 09:49:55,46,47,2664,9993
2023-11-27 09:50:14,46,48,2764,10193
2023-11-27 09:50:14,46,49,2764,10193
2023-11-27 09:50:16,46,49,2764,10193
2023-11-27 09:50:18,47,49,2764,10193
2023-11-27 09:50:21,46,49,2764,10193
2023-11-27 09:50:22,46,48,2764,10193
2023-11-27 09:50:24,46,49,2764,10193
2023-11-27 09:50:24,46,48,2764,10193
2023-11-27 09:50:27,46,49,2764,10193
2023-11-27 09:50:27,46,48,2764,10193
2023-11-27 09:50:47,46,49,2764,10193
2023-11-27 09:50:47,46,48,2764,10193
2023-11-27 09:50:50,46,48,2899,10328
2023-11-27 09:50:53,46,49,2899,10328
2023-11-27 09:50:54,46,48,2899,10328
2023-11-27 09:51:07,46,49,2899,10328
2023-11-27 09:51:08,47,49,2899,10328
2023-11-27 09:51:12,48,49,2899,10328
2023-11-27 09:51:12,48,49,2999,10428
2023-11-27 09:51:18,48,50,2999,10428
2023-11-27 09:51:42,47,50,2999,10428
2023-11-27 09:51:44,47,49,2999,10428
2023-11-27 09:51:47,46,49,2999,10428
2023-11-27 09:51:50,46,50,2599,10828
2023-11-27 09:51:51,47,50,2599,10828
2023-11-27 09:51:54,47,49,2599,10828
2023-11-27 09:51:55,47,50,2599,10828
2023-11-27 09:51:58,47,49,2599,10828
2023-11-27 09:52:01,47,48,2599,10828
2023-11-27 09:52:04,47,50,2599,10828
2023-11-27 09:52:04,47,49,2599,10828
2023-11-27 09:52:06,47,50,2599,10828
2023-11-27 09:52:07,47,49,2599,10828
2023-11-27 09:52:13,48,49,2599,10828
2023-11-27 09:52:13,48,50,2599,10828
2023-11-27 09:52:34,47,50,2599,10828
2023-11-27 09:52:35,48,50,2599,10828
2023-11-27 09:52:51,48,51,2599,10828
2023-11-27 09:52:51,49,51,2599,10828
2023-11-27 09:53:07,50,51,2599,10828
2023-11-27 09:53:15,49,51,2599,10828
2023-11-27 09:53:19,48,51,2599,10828
2023-11-27 09:53:20,49,51,2599,10828
2023-11-27 09:53:25,48,51,2599,10828
2023-11-27 09:53:25,49,51,2599,10828
2023-11-27 09:53:27,48,51,2599,10828
2023-11-27 09:53:30,49,51,2599,10828
2023-11-27 09:53:32,49,50,2599,10828
2023-11-27 09:53:32,48,50,2599,10828
2023-11-27 09:53:36,47,50,2599,10828
2023-11-27 09:53:37,47,49,2599,10828
2023-11-27 09:53:38,47,50,2599,10828
2023-11-27 09:53:40,47,49,2599,10828
2023-11-27 09:53:41,47,50,2599,10828
2023-11-27 09:53:47,48,50,2599,10828
2023-11-27 09:53:52,48,50,2799,11028
2023-11-27 09:53:54,48,51,2799,11028
2023-11-27 09:53:55,48,50,2799,11028
2023-11-27 09:54:05,48,50,2916,11145
2023-11-27 09:54:31,47,50,2916,11145
2023-11-27 09:54:31,48,50,2916,11145
2023-11-27 09:54:32,48,49,2916,11145
2023-11-27 09:54:32,46,49,2916,11145
2023-11-27 09:54:32,47,49,2916,11145
2023-11-27 09:54:33,46,49,2916,11145
2023-11-27 09:54:42,46,48,2916,11145
2023-11-27 09:54:45,46,47,2916,11145
2023-11-27 09:54:45,45,47,2916,11145
2023-11-27 09:54:46,45,48,2916,11145
2023-11-27 09:54:52,45,47,2916,11145
2023-11-27 09:54:54,45,47,2976,11205
2023-11-27 09:54:56,44,47,2976,11205
2023-11-27 09:54:58,44,46,2976,11205
2023-11-27 09:55:08,44,47,2976,11205
2023-11-27 09:55:09,44,46,2976,11205
2023-11-27 09:55:10,44,45,2976,11205
2023-11-27 09:55:11,43,45,2976,11205
2023-11-27 09:55:11,43,46,2976,11205
2023-11-27 09:55:15,44,46,2976,11205
2023-11-27 09:55:15,44,45,2976,11205
2023-11-27 09:55:16,44,47,2976,11205
2023-11-27 09:55:21,44,47,3036,11265
2023-11-27 09:55:21,44,46,3036,11265
2023-11-27 09:55:22,45,46,3036,11265
2023-11-27 09:55:24,44,46,3036,11265
2023-11-27 09:55:26,45,46,3036,11265
2023-11-27 09:55:28,45,48,3036,11265
2023-11-27 09:55:28,45,47,3036,11265
2023-11-27 09:55:43,45,46,3036,11265
2023-11-27 09:55:43,45,47,3036,11265
2023-11-27 09:55:47,46,47,3036,11265
2023-11-27 09:55:47,46,47,3222,11451
2023-11-27 09:55:47,46,48,3222,11451
2023-11-27 09:55:50,46,47,3222,11451
2023-11-27 09:55:50,46,48,3222,11451
2023-11-27 09:55:52,47,48,3222,11451
2023-11-27 09:56:00,46,48,3222,11451
2023-11-27 09:56:07,46,47,3222,11451
2023-11-27 09:56:13,46,48,3222,11451
2023-11-27 09:56:15,46,47,3222,11451
2023-11-27 09:56:18,45,47,3222,11451
2023-11-27 09:56:28,45,46,3222,11451
2023-11-27 09:56:39,44,46,3222,11451
2023-11-27 09:56:40,44,47,3222,11451
2023-11-27 09:56:40,44,46,3222,11451
2023-11-27 09:56:40,44,45,3222,11451
2023-11-27 09:56:41,43,45,3222,11451
2023-11-27 09:56:45,44,45,3222,11451
2023-11-27 09:56:46,44,47,3222,11451
2023-11-27 09:56:46,44,46,3222,11451
2023-11-27 09:56:50,44,47,3222,11451
2023-11-27 09:56:50,44,45,3222,11451
2023-11-27 09:56:57,44,46,3222,11451
2023-11-27 09:57:02,44,45,3222,11451
2023-11-27 09:57:07,43,45,3222,11451
2023-11-27 09:57:18,43,44,3222,11451
2023-11-27 09:57:29,43,45,3222,11451
2023-11-27 09:57:29,43,44,3222,11451
2023-11-27 09:57:31,43,45,3222,11451
2023-11-27 09:57:32,44,45,3222,11451
2023-11-27 09:57:40,43,45,3222,11451
2023-11-27 09:57:41,43,44,3222,11451
2023-11-27 09:58:02,43,45,3222,11451
2023-11-27 09:58:04,44,45,3222,11451
2023-11-27 09:58:04,44,45,3355,11584
2023-11-27 09:58:05,43,45,3355,11584
2023-11-27 09:58:09,43,46,3295,11644
2023-11-27 09:58:10,43,45,3295,11644
2023-11-27 09:58:21,43,46,3295,11644
2023-11-27 09:58:24,44,46,3295,11644
2023-11-27 09:58:27,43,46,3295,11644
2023-11-27 09:58:30,44,46,3295,11644
2023-11-27 09:58:31,43,46,3295,11644
2023-11-27 09:58:33,44,46,3295,11644
2023-11-27 09:58:34,44,47,3295,11644
2023-11-27 09:58:38,44,46,3295,11644
2023-11-27 09:58:39,44,47,3295,11644
2023-11-27 09:58:39,45,47,3295,11644
2023-11-27 09:58:40,44,47,3295,11644
2023-11-27 09:58:42,44,46,3295,11644
2023-11-27 09:58:48,43,46,3295,11644
2023-11-27 09:58:50,44,46,3295,11644
2023-11-27 09:58:51,43,46,3295,11644
2023-11-27 09:58:52,44,46,3295,11644
2023-11-27 09:58:53,43,46,3295,11644
2023-11-27 09:58:56,43,47,3295,11644
2023-11-27 09:58:56,43,46,3295,11644
2023-11-27 09:58:57,44,46,3295,11644
2023-11-27 09:59:01,44,47,3295,11644
2023-11-27 09:59:13,44,46,3295,11644
2023-11-27 09:59:23,43,46,3295,11644
2023-11-27 09:59:28,43,45,3295,11644
2023-11-27 09:59:42,43,44,3295,11644
2023-11-27 09:59:45,42,44,3295,11644
2023-11-27 09:59:54,41,44,3295,11644
2023-11-27 09:59:55,41,43,3295,11644
2023-11-27 09:59:59,41,43,3095,11844
2023-11-27 10:00:02,40,43,3095,11844
2023-11-27 10:00:02,40,42,3095,11844
2023-11-27 10:00:03,40,42,3095,11904
2023-11-27 10:00:03,40,41,3095,11904
2023-11-27 10:00:04,38,40,3095,11904
2023-11-27 10:00:05,37,40,3095,11904
2023-11-27 10:00:08,38,40,3095,11904
2023-11-27 10:00:09,37,40,3095,11904
2023-11-27 10:00:15,38,40,3095,11904
2023-11-27 10:00:24,38,39,3095,11904
2023-11-27 10:00:24,38,39,3282,12091
2023-11-27 10:00:25,37,39,3282,12091
2023-11-27 10:00:27,37,39,3182,12191
2023-11-27 10:00:31,37,38,3182,12191
2023-11-27 10:00:34,37,40,3182,12191
2023-11-27 10:00:34,37,39,3182,12191
2023-11-27 10:00:36,37,40,3182,12191
2023-11-27 10:00:36,38,40,3182,12191
2023-11-27 10:00:38,39,40,3182,12191
2023-11-27 10:00:38,39,42,3182,12191
2023-11-27 10:00:38,40,42,3182,12191
2023-11-27 10:00:38,40,43,3182,12191
2023-11-27 10:00:38,40,43,3182,12191
2023-11-27 10:00:39,40,42,3182,12191
2023-11-27 10:00:40,40,43,3182,12191
2023-11-27 10:00:40,40,41,3182,12191
2023-11-27 10:00:45,40,43,3095,12278
2023-11-27 10:00:55,40,44,3095,12278
2023-11-27 10:00:55,40,43,3095,12278
2023-11-27 10:00:56,41,43,3095,12278
2023-11-27 10:00:59,40,43,3095,12278
2023-11-27 10:01:07,40,42,3095,12278
2023-11-27 10:01:08,39,42,3095,12278
2023-11-27 10:01:11,39,43,3095,12278
2023-11-27 10:01:11,40,43,3095,12278
2023-11-27 10:01:14,41,43,3095,12278
2023-11-27 10:01:15,40,43,3095,12278
2023-11-27 10:01:19,40,42,3095,12278
2023-11-27 10:01:19,39,42,3095,12278
2023-11-27 10:01:25,38,42,3095,12278
2023-11-27 10:01:25,38,41,3095,12278
2023-11-27 10:01:26,38,40,3095,12278
2023-11-27 10:01:31,38,41,3095,12278
2023-11-27 10:01:33,38,42,3095,12278
2023-11-27 10:01:33,39,42,3095,12278
2023-11-27 10:01:38,40,42,3095,12278
2023-11-27 10:01:38,40,43,3095,12278
2023-11-27 10:01:40,41,43,3095,12278
2023-11-27 10:01:43,40,43,3095,12278
2023-11-27 10:01:45,39,43,3095,12278
2023-11-27 10:01:45,39,42,3095,12278
2023-11-27 10:01:46,40,42,3095,12278
2023-11-27 10:01:46,40,43,3095,12278
2023-11-27 10:01:55,41,43,3095,12278
2023-11-27 10:02:13,42,43,3095,12278
2023-11-27 10:02:15,41,43,3095,12278
2023-11-27 10:02:15,42,43,3095,12278
2023-11-27 10:02:18,42,45,3095,12286
2023-11-27 10:02:20,42,44,3095,12286
2023-11-27 10:02:21,41,44,3095,12286
2023-11-27 10:02:27,41,43,3095,12286
2023-11-27 10:02:28,40,43,3095,12286
2023-11-27 10:02:33,40,42,3095,12286
2023-11-27 10:02:34,40,43,3095,12286
2023-11-27 10:02:35,40,42,3095,12286
2023-11-27 10:02:36,40,43,3095,12286
2023-11-27 10:02:38,40,42,3095,12286
2023-11-27 10:02:40,40,43,3095,12286
2023-11-27 10:02:44,40,42,3095,12286
2023-11-27 10:02:48,39,42,3095,12286
2023-11-27 10:02:49,40,42,3095,12286
2023-11-27 10:02:55,39,42,3095,12286
2023-11-27 10:02:58,39,42,3095,12386
2023-11-27 10:03:00,40,42,3095,12386
2023-11-27 10:03:01,39,42,3095,12386
2023-11-27 10:03:02,39,41,3095,12386
2023-11-27 10:03:09,38,41,3095,12386
2023-11-27 10:03:11,38,40,3095,12386
2023-11-27 10:03:17,38,41,3095,12386
2023-11-27 10:03:21,38,40,3095,12386
2023-11-27 10:03:23,37,40,3095,12386
2023-11-27 10:03:26,37,39,3095,12386
2023-11-27 10:03:27,38,39,3095,12386
2023-11-27 10:03:28,37,39,3095,12386
2023-11-27 10:03:33,37,40,3095,12386
2023-11-27 10:03:33,37,39,3095,12386
2023-11-27 10:03:42,38,39,3095,12386
2023-11-27 10:03:44,37,39,3095,12386
2023-11-27 10:03:45,37,38,3095,12386
2023-11-27 10:03:46,37,39,3095,12386
2023-11-27 10:03:49,38,39,3095,12386
2023-11-27 10:03:49,38,40,3095,12386
2023-11-27 10:03:50,38,39,3095,12386
2023-11-27 10:03:51,38,40,3095,12386
2023-11-27 10:03:51,38,41,3095,12386
2023-11-27 10:03:51,38,40,3095,12386
2023-11-27 10:03:52,38,41,3095,12386
2023-11-27 10:03:54,38,40,3095,12386
2023-11-27 10:03:59,37,40,3095,12386
2023-11-27 10:04:01,37,41,2995,13250
2023-11-27 10:04:01,38,41,2995,13250
2023-11-27 10:04:02,38,40,2995,13250
2023-11-27 10:04:03,38,41,2995,13250
2023-11-27 10:04:03,38,40,2995,13250
2023-11-27 10:04:07,39,40,2995,13250
2023-11-27 10:04:07,39,41,2995,13250
2023-11-27 10:04:08,39,42,2995,13250
2023-11-27 10:04:09,39,43,2995,13250
2023-11-27 10:04:09,40,43,2995,13250
2023-11-27 10:04:10,40,42,2995,13250
2023-11-27 10:04:15,39,42,2995,13250
2023-11-27 10:04:18,39,41,2995,13250
2023-11-27 10:04:21,39,41,2731,13600
2023-11-27 10:04:27,40,41,2731,13600
2023-11-27 10:04:27,40,42,2731,13600
2023-11-27 10:04:28,40,41,2731,13600
2023-11-27 10:04:28,40,42,2731,13600
2023-11-27 10:04:29,40,41,2731,13600
2023-11-27 10:04:30,39,41,2731,13750
2023-11-27 10:04:33,39,42,2731,13750
2023-11-27 10:04:43,40,42,2731,13750
2023-11-27 10:04:44,39,41,2731,13750
2023-11-27 10:04:44,40,41,2731,13750
2023-11-27 10:04:44,39,41,2891,13910
2023-11-27 10:04:51,40,41,2891,13910
2023-11-27 10:04:52,39,41,2891,13910
2023-11-27 10:04:56,38,41,2891,13910
2023-11-27 10:05:10,38,40,2891,13910
2023-11-27 10:05:14,38,41,2891,13910
2023-11-27 10:05:14,39,41,2891,13910
2023-11-27 10:05:14,39,40,2891,13910
2023-11-27 10:05:15,39,41,2891,13910
2023-11-27 10:05:15,39,42,2891,13910
2023-11-27 10:05:15,39,41,2891,13910
2023-11-27 10:05:21,38,41,2891,13910
2023-11-27 10:05:24,39,41,2891,13910
2023-11-27 10:05:26,38,41,2891,13910
2023-11-27 10:05:27,38,40,2891,13910
2023-11-27 10:05:30,38,41,2891,13910
2023-11-27 10:05:35,38,40,2891,13910
2023-11-27 10:05:46,38,39,2891,13910
2023-11-27 10:05:47,37,39,3041,14060
2023-11-27 10:05:53,37,40,3041,14060
2023-11-27 10:05:56,37,39,3041,14060
2023-11-27 10:06:00,36,39,3041,14060
2023-11-27 10:06:01,36,38,3041,14060
2023-11-27 10:06:11,36,39,3041,14060
2023-11-27 10:06:14,36,38,3041,14060
2023-11-27 10:06:14,36,37,3041,14060
2023-11-27 10:06:20,36,38,3041,14060
2023-11-27 10:06:20,36,39,3041,14060
2023-11-27 10:06:20,37,39,3041,14060
2023-11-27 10:06:20,37,38,3041,14060
2023-11-27 10:06:25,37,40,3041,14060
2023-11-27 10:06:27,38,39,3041,14060
2023-11-27 10:06:27,38,41,3041,14060
2023-11-27 10:06:34,38,40,3041,14060
2023-11-27 10:06:34,38,41,3041,14060
2023-11-27 10:06:36,38,40,3041,14060
2023-11-27 10:06:36,38,41,3041,14060
2023-11-27 10:06:36,38,40,3041,14060
2023-11-27 10:06:38,38,41,3041,14060
2023-11-27 10:06:39,38,40,3041,14060
2023-11-27 10:06:42,37,40,3041,14060
2023-11-27 10:06:42,37,39,3041,14060
2023-11-27 10:06:51,37,40,3041,14060
2023-11-27 10:06:51,37,39,3041,14060
2023-11-27 10:06:57,37,38,3041,14060
2023-11-27 10:06:57,37,39,3041,14060
2023-11-27 10:06:58,37,38,3041,14060
2023-11-27 10:06:58,37,39,3041,14060
2023-11-27 10:06:59,37,38,3041,14060
2023-11-27 10:06:59,37,39,3041,14060
2023-11-27 10:07:00,38,39,3041,14060
2023-11-27 10:07:01,38,40,3041,14060
2023-11-27 10:07:02,38,39,3041,14060
2023-11-27 10:07:03,38,40,3041,14060
2023-11-27 10:07:06,38,41,3041,14060
2023-11-27 10:07:08,38,40,3041,14060
2023-11-27 10:07:11,38,41,3041,14060
2023-11-27 10:07:11,38,40,3041,14060
2023-11-27 10:07:12,37,40,3041,14060
2023-11-27 10:07:13,37,39,3041,14060
2023-11-27 10:07:17,36,39,3041,14060
2023-11-27 10:07:25,36,38,3041,14060
2023-11-27 10:07:26,36,39,3041,14060
2023-11-27 10:07:31,36,38,3041,14060
2023-11-27 10:07:32,37,38,3041,14060
2023-11-27 10:07:36,36,38,3041,14060
2023-11-27 10:07:36,36,37,3041,14060
2023-11-27 10:07:37,36,40,3041,14060
2023-11-27 10:07:37,37,40,3041,14060
2023-11-27 10:07:39,37,39,3041,14060
2023-11-27 10:07:42,37,38,3041,14060
2023-11-27 10:07:43,37,40,3041,14060
2023-11-27 10:07:45,37,39,3041,14060
2023-11-27 10:07:45,37,38,3041,14060
2023-11-27 10:07:46,36,38,3041,14060
2023-11-27 10:07:47,36,37,3041,14060
2023-11-27 10:07:49,36,38,3041,14060
2023-11-27 10:07:54,36,39,3041,14060
2023-11-27 10:07:59,36,38,3041,14060
2023-11-27 10:08:00,36,39,3041,14060
2023-11-27 10:08:04,37,39,3041,14060
2023-11-27 10:08:10,37,40,3041,14060
2023-11-27 10:08:14,37,39,3041,14060
2023-11-27 10:08:16,37,38,3041,14060
2023-11-27 10:08:16,37,39,3041,14060
2023-11-27 10:08:16,37,38,3041,14060
2023-11-27 10:08:18,36,38,3041,14060
2023-11-27 10:08:21,35,38,3041,14060
2023-11-27 10:08:22,35,37,3041,14060
2023-11-27 10:08:26,34,37,3041,14060
2023-11-27 10:08:26,34,36,3041,14060
2023-11-27 10:08:39,34,35,3041,14060
2023-11-27 10:08:47,34,36,3041,14060
2023-11-27 10:08:48,35,36,3041,14060
2023-11-27 10:08:51,34,36,3041,14060
2023-11-27 10:08:58,34,35,3041,14060
2023-11-27 10:08:58,34,37,3041,14060
2023-11-27 10:08:58,34,35,3041,14060
2023-11-27 10:08:58,34,37,3041,14060
2023-11-27 10:08:58,34,35,3041,14060
2023-11-27 10:08:58,34,37,3041,14060
2023-11-27 10:08:58,34,35,3041,14060
2023-11-27 10:08:58,34,37,3041,14060
2023-11-27 10:08:59,34,35,3041,14060
2023-11-27 10:08:59,34,36,3041,14060
2023-11-27 10:08:59,34,35,3041,14060
2023-11-27 10:09:12,33,34,3241,14260
2023-11-27 10:09:12,33,34,3741,14760
2023-11-27 10:09:51,32,34,3741,14760
2023-11-27 10:09:52,32,33,3741,14760
2023-11-27 10:09:55,31,33,3741,14760
2023-11-27 10:09:55,31,34,3741,14760
2023-11-27 10:09:55,31,32,3741,14760
2023-11-27 10:09:57,30,32,3741,14760
2023-11-27 10:09:57,30,31,3741,14760
2023-11-27 10:10:01,30,32,3741,14760
2023-11-27 10:10:01,30,31,3741,14760
2023-11-27 10:10:01,29,31,3741,14760
2023-11-27 10:10:01,29,30,3741,14760
2023-11-27 10:10:02,28,30,3741,14760
2023-11-27 10:10:02,28,30,3741,14760
2023-11-27 10:10:02,28,29,3741,14760
2023-11-27 10:10:08,28,31,3741,14760
2023-11-27 10:10:08,28,30,3741,14760
2023-11-27 10:10:12,29,30,3741,14760
2023-11-27 10:10:18,29,32,3741,14760
2023-11-27 10:10:18,29,31,3741,14760
2023-11-27 10:10:21,29,30,3741,14760
2023-11-27 10:10:22,29,31,3741,14760
2023-11-27 10:10:25,29,32,3741,14760
2023-11-27 10:10:25,29,30,3741,14760
2023-11-27 10:10:30,29,31,3741,14760
2023-11-27 10:10:39,30,31,3741,14760
2023-11-27 10:10:40,29,31,3741,14760
2023-11-27 10:10:48,29,32,3741,14760
2023-11-27 10:10:48,30,32,3741,14760
2023-11-27 10:10:50,29,32,3741,14760
2023-11-27 10:10:54,29,31,3741,14760
2023-11-27 10:11:02,29,31,3195,15315
2023-11-27 10:11:12,30,31,3195,15315
2023-11-27 10:11:14,29,31,3195,15315
2023-11-27 10:11:16,30,31,3195,15315
2023-11-27 10:11:17,30,32,3195,15315
2023-11-27 10:11:28,30,33,3195,15315
2023-11-27 10:11:28,30,34,3195,15315
2023-11-27 10:11:28,30,33,3195,15315
2023-11-27 10:11:29,31,33,3195,15315
2023-11-27 10:11:44,32,33,3195,15315
2023-11-27 10:11:45,31,33,3195,15315
2023-11-27 10:11:45,32,33,3195,15315
2023-11-27 10:11:46,31,33,3195,15315
2023-11-27 10:11:48,32,33,3195,15315
2023-11-27 10:11:49,32,34,3195,15315
2023-11-27 10:12:00,33,34,3195,15315
2023-11-27 10:12:03,33,35,3495,15615
2023-11-27 10:12:06,34,35,3495,15615
2023-11-27 10:12:11,35,36,3495,15615
2023-11-27 10:12:11,35,37,3495,15615
2023-11-27 10:12:11,35,38,3495,15615
2023-11-27 10:12:11,35,37,3495,15615
2023-11-27 10:12:13,35,38,3495,15615
2023-11-27 10:12:21,36,38,3495,15615
2023-11-27 10:12:22,36,39,3495,15615
2023-11-27 10:12:24,36,38,3495,15615
2023-11-27 10:12:25,35,38,3495,15615
2023-11-27 10:12:27,36,38,3495,15615
2023-11-27 10:12:28,35,38,3495,15615
2023-11-27 10:12:28,36,38,3495,15615
2023-11-27 10:12:31,35,38,3495,15615
2023-11-27 10:12:31,36,38,3495,15615
2023-11-27 10:12:37,36,37,3495,15615
2023-11-27 10:12:37,34,37,3495,15615
2023-11-27 10:12:37,35,37,3495,15615
2023-11-27 10:12:40,36,37,3495,15615
2023-11-27 10:12:55,36,38,3495,15615
2023-11-27 10:12:57,37,38,3495,15615
2023-11-27 10:13:01,35,38,3495,15615
2023-11-27 10:13:01,36,38,3495,15615
2023-11-27 10:13:09,36,37,3495,15615
2023-11-27 10:13:09,35,37,3495,15615
2023-11-27 10:13:12,34,37,3495,15615
2023-11-27 10:13:12,35,37,3495,15615
2023-11-27 10:13:15,34,37,3495,15615
2023-11-27 10:13:16,35,37,3495,15615
2023-11-27 10:13:17,34,37,3495,15615
2023-11-27 10:13:17,35,37,3495,15615
2023-11-27 10:13:23,35,36,3495,15615
2023-11-27 10:13:23,34,36,3495,15615
2023-11-27 10:13:24,34,37,3495,15615
2023-11-27 10:13:24,35,37,3495,15615
2023-11-27 10:13:29,35,36,3495,15615
2023-11-27 10:13:31,34,36,3495,15615
2023-11-27 10:13:33,35,36,3495,15615
2023-11-27 10:13:38,33,36,3495,15615
2023-11-27 10:13:38,34,36,3495,15615
2023-11-27 10:13:40,34,35,3495,15615
2023-11-27 10:13:41,33,35,3495,15615
2023-11-27 10:13:49,34,35,3495,15615
2023-11-27 10:13:50,34,36,3495,15615
2023-11-27 10:13:59,33,36,3495,15615
2023-11-27 10:13:59,34,36,3495,15615
2023-11-27 10:14:02,34,35,3495,15615
2023-11-27 10:14:05,33,35,3495,15615
2023-11-27 10:14:07,34,35,3495,15615
2023-11-27 10:14:15,33,35,3495,15615
2023-11-27 10:14:18,33,34,3495,15615
2023-11-27 10:14:18,32,34,3495,15615
2023-11-27 10:14:20,33,34,3495,15615
2023-11-27 10:14:21,33,35,3495,15615
2023-11-27 10:14:28,33,36,3495,15615
2023-11-27 10:14:28,34,36,3495,15615
2023-11-27 10:14:41,33,36,3495,15615
2023-11-27 10:14:42,34,36,3495,15615
2023-11-27 10:14:44,34,35,3495,15615
2023-11-27 10:14:48,33,35,3495,15615
2023-11-27 10:14:48,34,35,3495,15615
2023-11-27 10:14:54,33,35,3495,15615
2023-11-27 10:14:55,34,35,3495,15615
2023-11-27 10:14:57,33,35,3495,15615
2023-11-27 10:14:57,34,35,3495,15615
2023-11-27 10:15:03,33,35,3495,15615
2023-11-27 10:15:03,32,35,3495,15615
2023-11-27 10:15:03,33,35,3495,15615
2023-11-27 10:15:03,34,35,3495,15615
2023-11-27 10:15:03,33,35,3495,15615
2023-11-27 10:15:03,34,35,3495,15615
2023-11-27 10:15:06,33,35,3495,15615
2023-11-27 10:15:06,33,34,3495,15615
2023-11-27 10:15:11,32,34,3495,15615
2023-11-27 10:15:13,33,34,3495,15615
2023-11-27 10:15:22,33,36,3495,15615
2023-11-27 10:15:22,33,35,3495,15615
2023-11-27 10:15:25,32,35,3495,15615
2023-11-27 10:15:25,33,35,3495,15615
2023-11-27 10:15:29,34,35,3495,15615
2023-11-27 10:15:31,34,36,3495,15615
2023-11-27 10:15:32,34,35,3495,15615
2023-11-27 10:15:32,33,35,3495,15615
2023-11-27 10:15:37,34,35,3495,15615
2023-11-27 10:15:38,32,35,3495,15615
2023-11-27 10:15:38,33,35,3495,15615
2023-11-27 10:15:38,33,35,3495,15615
2023-11-27 10:15:38,34,35,3495,15615
2023-11-27 10:15:40,33,35,3495,15615
2023-11-27 10:15:40,32,35,3495,15615
2023-11-27 10:15:40,33,35,3495,15615
2023-11-27 10:15:40,34,35,3495,15615
2023-11-27 10:15:40,33,35,3495,15615
2023-11-27 10:15:40,34,35,3495,15615
2023-11-27 10:15:41,33,35,3495,15615
2023-11-27 10:15:47,33,34,3495,15615
2023-11-27 10:15:51,32,34,3495,15615
2023-11-27 10:15:51,33,34,3495,15615
2023-11-27 10:15:54,32,34,3495,15615
2023-11-27 10:15:54,33,34,3495,15615
2023-11-27 10:16:00,33,35,3495,15615
2023-11-27 10:16:00,34,35,3495,15615
2023-11-27 10:16:01,33,35,3495,15615
2023-11-27 10:16:04,33,34,3495,15615
2023-11-27 10:16:06,33,35,3495,15615
2023-11-27 10:16:06,34,35,3495,15615
2023-11-27 10:16:08,33,35,3495,15615
2023-11-27 10:16:11,33,34,3495,15615
2023-11-27 10:16:16,32,34,3495,15615
2023-11-27 10:16:16,33,34,3495,15615
2023-11-27 10:16:18,33,35,3495,15615
2023-11-27 10:16:18,34,35,3495,15615
2023-11-27 10:16:19,33,35,3495,15615
2023-11-27 10:16:21,33,34,3495,15615
2023-11-27 10:16:24,32,34,3495,15615
2023-11-27 10:16:25,33,34,3495,15615
2023-11-27 10:16:34,33,35,3495,15615
2023-11-27 10:16:34,34,35,3495,15615
2023-11-27 10:16:39,33,35,3495,15615
2023-11-27 10:16:45,33,34,3495,15615
2023-11-27 10:16:52,32,34,3495,15615
2023-11-27 10:16:55,33,34,3495,15615
2023-11-27 10:16:55,32,34,3495,15615
2023-11-27 10:16:56,33,34,3495,15615
2023-11-27 10:17:10,33,35,3495,15615
2023-11-27 10:17:11,34,35,3495,15615
2023-11-27 10:17:11,33,35,3495,15615
2023-11-27 10:17:12,34,35,3495,15615
2023-11-27 10:17:13,34,37,3495,15615
2023-11-27 10:17:13,34,36,3495,15615
2023-11-27 10:17:14,33,36,3495,15615
2023-11-27 10:17:15,34,36,3495,15615
2023-11-27 10:17:16,33,36,3495,15615
2023-11-27 10:17:18,33,35,3495,15615
2023-11-27 10:17:20,34,35,3495,15615
2023-11-27 10:17:23,34,37,3495,15615
2023-11-27 10:17:23,34,36,3495,15615
2023-11-27 10:17:29,35,36,3495,15615
2023-11-27 10:17:29,34,36,3495,15615
2023-11-27 10:17:30,35,36,3495,15615
2023-11-27 10:17:31,34,36,3495,15615
2023-11-27 10:17:37,33,36,3495,15615
2023-11-27 10:17:37,34,36,3495,15615
2023-11-27 10:17:41,35,36,3495,15615
2023-11-27 10:17:44,34,36,3495,15615
2023-11-27 10:17:44,35,36,3495,15615
2023-11-27 10:17:46,35,37,3495,15615
2023-11-27 10:17:53,35,38,3495,15615
2023-11-27 10:18:00,36,38,3495,15615
2023-11-27 10:18:03,36,39,3495,15615
2023-11-27 10:18:05,37,39,3495,15615
2023-11-27 10:18:09,37,40,3495,15615
2023-11-27 10:18:17,38,40,3495,15615
2023-11-27 10:18:19,39,40,3495,15615
2023-11-27 10:18:20,38,40,3495,15615
2023-11-27 10:18:21,39,40,3495,15615
2023-11-27 10:18:26,39,41,3495,15615
2023-11-27 10:18:28,39,40,3495,15615
2023-11-27 10:18:30,38,40,3495,15615
2023-11-27 10:18:30,39,40,3495,15615
2023-11-27 10:18:39,39,41,3495,15615
2023-11-27 10:18:42,40,41,3495,15615
2023-11-27 10:18:44,39,41,3495,15615
2023-11-27 10:18:46,40,41,3495,15615
2023-11-27 10:19:00,40,42,3495,15615
2023-11-27 10:19:02,41,42,3495,15615
2023-11-27 10:19:04,40,42,3495,15615
2023-11-27 10:19:04,41,42,3495,15615
2023-11-27 10:19:05,40,42,3495,15615
2023-11-27 10:19:05,41,42,3495,15615
2023-11-27 10:19:08,40,42,3495,15615
2023-11-27 10:19:11,41,42,3495,15615
2023-11-27 10:19:13,40,42,3495,15615
2023-11-27 10:19:19,39,42,3495,15615
2023-11-27 10:19:19,40,42,3495,15615
2023-11-27 10:19:22,41,42,3495,15615
2023-11-27 10:19:25,40,42,3495,15615
2023-11-27 10:19:29,41,42,3495,15615
2023-11-27 10:19:37,40,42,3495,15615
2023-11-27 10:19:37,41,42,3495,15615
2023-11-27 10:19:47,40,42,3495,15615
2023-11-27 10:19:47,39,42,3495,15615
2023-11-27 10:19:47,40,42,3495,15615
2023-11-27 10:19:48,40,41,3495,15615
2023-11-27 10:19:48,39,41,3495,15615
2023-11-27 10:19:52,39,42,3495,15615
2023-11-27 10:19:56,40,42,3495,15615
2023-11-27 10:20:01,40,41,3495,15615
2023-11-27 10:20:01,38,41,3495,15615
2023-11-27 10:20:01,39,41,3495,15615
2023-11-27 10:20:02,38,41,3495,15615
2023-11-27 10:20:06,39,41,3495,15615
2023-11-27 10:20:13,38,41,3495,15615
2023-11-27 10:20:17,39,41,3495,15615
2023-11-27 10:20:22,39,40,3495,15615
2023-11-27 10:20:22,38,40,3495,15615
2023-11-27 10:20:23,37,40,3495,15615
2023-11-27 10:20:24,38,40,3495,15615
2023-11-27 10:20:24,37,40,3495,15615
2023-11-27 10:20:25,38,40,3495,15615
2023-11-27 10:20:27,37,40,3495,15615
2023-11-27 10:20:28,38,40,3495,15615
2023-11-27 10:20:34,37,40,3495,15615
2023-11-27 10:20:39,38,40,3495,15615
2023-11-27 10:20:40,38,39,3495,15615
2023-11-27 10:20:41,37,39,3495,15615
2023-11-27 10:20:47,36,39,3495,15615
2023-11-27 10:20:52,36,38,3495,15615
2023-11-27 10:20:56,36,39,3495,15615
2023-11-27 10:21:01,37,39,3495,15615
2023-11-27 10:21:04,37,40,3495,15615
2023-11-27 10:21:05,38,40,3495,15615
2023-11-27 10:21:06,38,41,3495,15615
2023-11-27 10:21:20,38,40,3495,15615
2023-11-27 10:21:27,38,41,3495,15615
2023-11-27 10:21:28,39,41,3495,15615
2023-11-27 10:21:29,39,40,3495,15615
2023-11-27 10:21:29,38,40,3495,15615
2023-11-27 10:21:29,39,40,3495,15615
2023-11-27 10:21:33,39,41,3495,15615
2023-11-27 10:21:33,38,41,3495,15615
2023-11-27 10:21:33,39,41,3495,15615
2023-11-27 10:21:45,39,40,3495,15615
2023-11-27 10:21:45,39,41,3495,15615
2023-11-27 10:21:45,39,40,3495,15615
2023-11-27 10:21:47,38,40,3495,15615
2023-11-27 10:21:54,37,40,3495,15615
2023-11-27 10:21:58,38,40,3495,15615
2023-11-27 10:22:00,37,40,3495,15615
2023-11-27 10:22:00,38,40,3495,15615
2023-11-27 10:22:01,37,40,3495,15615
2023-11-27 10:22:06,37,39,3495,15615
2023-11-27 10:22:09,36,39,3495,15615
2023-11-27 10:22:14,37,39,3495,15615
2023-11-27 10:22:26,37,40,3495,15615
2023-11-27 10:22:29,38,40,3495,15615
2023-11-27 10:22:45,37,40,3495,15615
2023-11-27 10:22:45,38,40,3495,15615
2023-11-27 10:22:49,39,40,3495,15615
2023-11-27 10:22:49,39,41,3495,15615
2023-11-27 10:22:51,38,41,3495,15615
2023-11-27 10:22:51,39,41,3495,15615
2023-11-27 10:22:59,39,42,3495,15615
2023-11-27 10:23:06,40,42,3495,15615
2023-11-27 10:23:28,41,42,3495,15615
2023-11-27 10:23:31,40,42,3495,15615
2023-11-27 10:23:33,41,42,3495,15615
2023-11-27 10:23:33,41,42,3578,15698
2023-11-27 10:23:36,41,43,3578,15698
2023-11-27 10:23:38,42,43,3578,15698
2023-11-27 10:23:38,42,44,3578,15698
2023-11-27 10:23:46,42,45,3578,15698
2023-11-27 10:23:51,42,46,3578,15698
2023-11-27 10:23:51,43,46,3578,15698
2023-11-27 10:24:00,43,45,3578,15698
2023-11-27 10:24:05,44,45,3578,15698
2023-11-27 10:24:05,44,46,3578,15698
2023-11-27 10:24:11,44,47,3578,16010
2023-11-27 10:24:15,44,46,3578,16010
2023-11-27 10:24:32,44,45,3578,16010
2023-11-27 10:24:34,44,46,3578,16010
2023-11-27 10:24:37,44,47,3578,16010
2023-11-27 10:24:38,45,47,3578,16010
2023-11-27 10:24:38,46,47,3578,16010
2023-11-27 10:24:38,46,47,3749,16181
2023-11-27 10:24:38,46,48,3749,16181
2023-11-27 10:24:41,46,49,3749,16181
2023-11-27 10:24:52,47,49,3749,16181
2023-11-27 10:24:53,47,50,3749,16181
2023-11-27 10:24:59,47,49,3749,16181
2023-11-27 10:24:59,46,49,3749,16181
2023-11-27 10:24:59,47,49,3749,16181
2023-11-27 10:25:00,46,49,3749,16181
2023-11-27 10:25:02,47,49,3749,16181
2023-11-27 10:25:03,46,49,3749,16181
2023-11-27 10:25:08,46,48,3749,16181
2023-11-27 10:25:20,44,48,3749,16181
2023-11-27 10:25:21,45,48,3749,16181
2023-11-27 10:25:23,45,47,3749,16181
2023-11-27 10:25:24,44,47,3749,16181
2023-11-27 10:25:24,44,48,3749,16181
2023-11-27 10:25:24,44,47,3749,16181
2023-11-27 10:25:26,44,46,3749,16181
2023-11-27 10:25:26,44,47,3749,16181
2023-11-27 10:25:27,45,47,3749,16181
2023-11-27 10:25:27,45,46,3749,16181
2023-11-27 10:25:27,45,47,3749,16181
2023-11-27 10:25:28,45,46,3749,16181
2023-11-27 10:25:28,45,47,3749,16181
2023-11-27 10:25:31,45,46,3749,16181
2023-11-27 10:25:31,44,46,3749,16181
2023-11-27 10:25:44,43,46,3749,16181
2023-11-27 10:25:47,44,46,3749,16181
2023-11-27 10:25:51,43,46,3749,16181
2023-11-27 10:25:51,44,46,3749,16181
2023-11-27 10:25:52,44,45,3749,16181
2023-11-27 10:25:52,43,45,3749,16181
2023-11-27 10:25:52,43,44,3749,16181
2023-11-27 10:26:12,42,44,3749,16181
2023-11-27 10:26:13,42,43,3749,16181
2023-11-27 10:26:13,41,43,3749,16181
2023-11-27 10:26:16,40,43,3749,16181
2023-11-27 10:26:17,40,42,3749,16181
2023-11-27 10:26:20,40,43,3749,16181
2023-11-27 10:26:22,40,42,3749,16181
2023-11-27 10:26:25,40,43,3749,16181
2023-11-27 10:26:28,40,42,3749,16181
2023-11-27 10:26:28,40,42,3809,16241
2023-11-27 10:26:29,39,42,3809,16241
2023-11-27 10:26:30,39,41,3809,16241
2023-11-27 10:26:31,38,41,3809,16241
2023-11-27 10:26:33,37,41,3809,16241
2023-11-27 10:26:36,37,40,3809,16241
2023-11-27 10:26:44,36,40,3809,16241
2023-11-27 10:26:44,36,39,3809,16241
2023-11-27 10:26:44,36,39,3912,16344
2023-11-27 10:26:44,36,38,3912,16344
2023-11-27 10:26:50,36,37,3912,16344
2023-11-27 10:26:57,36,38,3912,16344
2023-11-27 10:27:21,37,38,3912,16344
2023-11-27 10:27:21,37,39,3912,16344
2023-11-27 10:27:25,36,39,3912,16344
2023-11-27 10:27:26,37,39,3912,16344
2023-11-27 10:27:29,37,40,3912,16344
2023-11-27 10:27:29,38,40,3912,16344
2023-11-27 10:27:29,38,41,3912,16344
2023-11-27 10:27:29,38,40,3912,16344
2023-11-27 10:27:35,37,40,3912,16344
2023-11-27 10:27:36,38,40,3912,16344
2023-11-27 10:27:41,37,40,3912,16344
2023-11-27 10:27:42,38,40,3912,16344
2023-11-27 10:27:48,38,40,4091,16523
2023-11-27 10:27:49,39,40,4091,16523
2023-11-27 10:27:53,39,41,4091,16523
2023-11-27 10:27:58,38,41,4091,16523
2023-11-27 10:27:59,39,41,4091,16523
2023-11-27 10:28:00,39,40,4091,16523
2023-11-27 10:28:00,38,40,4091,16523
2023-11-27 10:28:09,39,40,4091,16523
2023-11-27 10:28:12,39,41,4091,16523
2023-11-27 10:28:25,40,41,4091,16523
2023-11-27 10:28:26,39,41,4091,16523
2023-11-27 10:28:26,40,41,4091,16523
2023-11-27 10:28:27,39,41,4091,16523
2023-11-27 10:28:27,40,41,4091,16523
2023-11-27 10:28:28,39,41,4224,16656
2023-11-27 10:28:28,40,41,4224,16656
2023-11-27 10:28:33,39,41,4224,16656
2023-11-27 10:28:34,40,41,4224,16656
2023-11-27 10:28:36,39,41,4224,16656
2023-11-27 10:28:39,40,41,4224,16656
2023-11-27 10:28:39,39,41,4224,16656
2023-11-27 10:28:40,40,41,4224,16656
2023-11-27 10:28:46,40,42,4224,16656
2023-11-27 10:28:47,40,41,4224,16656
2023-11-27 10:28:48,39,41,4224,16656
2023-11-27 10:28:51,40,41,4224,16656
2023-11-27 10:28:52,39,41,4224,16656
2023-11-27 10:28:59,38,41,4224,16656
2023-11-27 10:29:03,39,41,4224,16656
2023-11-27 10:29:05,38,41,4224,16656
2023-11-27 10:29:06,38,40,4224,16656
2023-11-27 10:29:10,37,40,4224,16656
2023-11-27 10:29:15,38,40,4224,16656
2023-11-27 10:29:23,39,40,4224,16656
2023-11-27 10:29:26,39,42,4224,16656
2023-11-27 10:29:26,39,41,4224,16656
2023-11-27 10:29:36,38,41,4224,16656
2023-11-27 10:29:37,39,41,4224,16656
2023-11-27 10:29:40,40,41,4224,16656
2023-11-27 10:29:50,39,41,4224,16656
2023-11-27 10:29:56,40,41,4224,16656
2023-11-27 10:30:01,39,41,4224,16656
2023-11-27 10:30:04,39,40,4224,16656
2023-11-27 10:30:05,38,40,4224,16656
2023-11-27 10:30:11,39,40,4224,16656
2023-11-27 10:30:12,39,42,4224,16656
2023-11-27 10:30:12,39,41,4224,16656
2023-11-27 10:30:16,40,41,4224,16656
2023-11-27 10:30:16,39,41,4224,16656
2023-11-27 10:30:21,39,42,4224,16656
2023-11-27 10:30:21,39,40,4224,16656
2023-11-27 10:30:22,37,40,4224,16656
2023-11-27 10:30:22,38,40,4224,16656
2023-11-27 10:30:23,38,41,4224,16656
2023-11-27 10:30:23,38,40,4224,16656
2023-11-27 10:30:23,38,39,4224,16656
2023-11-27 10:30:23,37,39,4224,16656
2023-11-27 10:30:25,37,41,4224,16656
2023-11-27 10:30:25,37,40,4224,16656
2023-11-27 10:30:29,38,40,4224,16656
2023-11-27 10:30:36,39,40,4224,16656
2023-11-27 10:30:37,38,40,4224,16656
2023-11-27 10:30:37,39,40,4224,16656
2023-11-27 10:30:38,38,40,4224,16656
2023-11-27 10:30:39,39,40,4224,16656
2023-11-27 10:30:41,38,40,4224,16656
2023-11-27 10:30:42,38,39,4224,16656
2023-11-27 10:30:43,37,39,4224,16656
2023-11-27 10:30:56,37,38,4224,16656
2023-11-27 10:30:56,36,38,4224,16656
2023-11-27 10:30:57,36,37,4224,16656
2023-11-27 10:31:00,37,39,4228,16660
2023-11-27 10:31:03,37,41,4228,16660
2023-11-27 10:31:03,37,40,4228,16660
2023-11-27 10:31:12,37,41,4228,16660
2023-11-27 10:31:12,37,40,4228,16660
2023-11-27 10:31:12,37,39,4228,16660
2023-11-27 10:31:16,36,39,4228,16660
2023-11-27 10:31:16,37,39,4228,16660
2023-11-27 10:31:17,38,39,4228,16660
2023-11-27 10:31:18,37,39,4228,16660
2023-11-27 10:31:22,36,39,4228,16660
2023-11-27 10:31:23,36,38,4228,16660
2023-11-27 10:31:29,37,38,4228,16660
2023-11-27 10:31:32,37,39,4228,16660
2023-11-27 10:31:32,37,40,4228,16660
2023-11-27 10:31:34,38,39,4228,16660
2023-11-27 10:31:35,37,39,4228,16660
2023-11-27 10:31:36,38,39,4228,16660
2023-11-27 10:31:37,38,40,4228,16660
2023-11-27 10:31:38,37,40,4228,16660
2023-11-27 10:31:38,38,40,4228,16660
2023-11-27 10:31:40,37,40,4228,16660
2023-11-27 10:31:41,38,40,4228,16660
2023-11-27 10:31:42,37,40,4228,16660
2023-11-27 10:31:45,38,40,4228,16660
2023-11-27 10:31:46,37,40,4228,16660
2023-11-27 10:31:49,38,40,4228,16660
2023-11-27 10:31:51,37,40,4228,16660
2023-11-27 10:31:51,38,40,4228,16660
2023-11-27 10:31:52,38,39,4228,16660
2023-11-27 10:31:55,37,39,4228,16660
2023-11-27 10:31:55,36,39,4228,16660
2023-11-27 10:31:55,37,39,4228,16660
2023-11-27 10:31:59,36,39,4228,16660
2023-11-27 10:32:07,36,40,4228,16660
2023-11-27 10:32:07,36,38,4228,16660
2023-11-27 10:32:10,36,39,4228,16660
2023-11-27 10:32:10,36,37,4228,16660
2023-11-27 10:32:17,36,39,4228,16660
2023-11-27 10:32:17,36,38,4228,16660
2023-11-27 10:32:38,36,37,4228,16660
2023-11-27 10:32:48,36,38,4228,16660
2023-11-27 10:32:54,36,37,4228,16660
2023-11-27 10:32:55,36,38,4228,16660
2023-11-27 10:33:05,36,37,4228,16660
2023-11-27 10:33:07,36,38,4228,16660
2023-11-27 10:33:22,36,40,4228,16660
2023-11-27 10:33:22,36,39,4228,16660
2023-11-27 10:33:22,37,39,4228,16660
2023-11-27 10:33:34,36,39,4228,16660
2023-11-27 10:33:34,37,39,4228,16660
2023-11-27 10:33:40,37,38,4228,16660
2023-11-27 10:33:48,36,38,4228,16660
2023-11-27 10:34:08,37,38,4228,16660
2023-11-27 10:34:09,36,38,4228,16660
2023-11-27 10:34:15,36,37,4228,16660
2023-11-27 10:34:24,36,39,4228,16660
2023-11-27 10:34:24,36,38,4228,16660
2023-11-27 10:34:30,37,38,4228,16660
2023-11-27 10:34:33,36,38,4228,16660
2023-11-27 10:34:34,37,38,4228,16660
2023-11-27 10:34:35,36,38,4228,16660
2023-11-27 10:34:38,36,37,4228,16660
2023-11-27 10:34:44,35,37,4228,16660
2023-11-27 10:34:47,35,38,4228,16660
2023-11-27 10:34:47,35,36,4228,16660
2023-11-27 10:34:49,34,36,4228,16660
2023-11-27 10:34:56,34,37,4228,16660
2023-11-27 10:34:56,34,35,4228,16660
2023-11-27 10:34:58,34,37,4228,16660
2023-11-27 10:34:58,34,36,4228,16660
2023-11-27 10:35:01,34,37,4228,16660
2023-11-27 10:35:01,34,35,4228,16660
2023-11-27 10:35:11,33,35,4228,16660
2023-11-27 10:35:13,33,34,4228,16660
2023-11-27 10:35:31,32,34,4228,16660
2023-11-27 10:35:31,32,33,4228,16660
2023-11-27 10:35:32,31,33,4228,16660
2023-11-27 10:35:33,31,34,4228,16660
2023-11-27 10:35:33,31,32,4228,16660
2023-11-27 10:35:48,30,32,4228,16660
2023-11-27 10:35:52,30,31,4228,16660
2023-11-27 10:35:56,29,31,4228,16660
2023-11-27 10:35:56,29,32,4228,16660
2023-11-27 10:35:56,29,30,4228,16660
2023-11-27 10:36:03,29,32,4228,16660
2023-11-27 10:36:03,29,31,4228,16660
2023-11-27 10:36:05,29,32,4228,16660
2023-11-27 10:36:05,29,30,4228,16660
2023-11-27 10:36:06,29,32,4228,16660
2023-11-27 10:36:06,29,31,4228,16660
2023-11-27 10:36:20,29,32,4228,16660
2023-11-27 10:36:20,29,33,4228,16660
2023-11-27 10:36:20,29,32,4228,16660
2023-11-27 10:36:22,30,32,4228,16660
2023-11-27 10:36:37,29,32,4228,16660
2023-11-27 10:36:37,30,32,4228,16660
2023-11-27 10:36:38,31,32,4228,16660
2023-11-27 10:36:45,31,33,4228,16660
2023-11-27 10:36:58,32,33,4228,16660
2023-11-27 10:37:00,31,33,4228,16660
2023-11-27 10:37:09,32,33,4228,16660
2023-11-27 10:37:10,32,34,4228,16660
2023-11-27 10:37:16,32,35,4228,16660
2023-11-27 10:37:16,33,35,4228,16660
2023-11-27 10:37:31,33,37,4228,16660
2023-11-27 10:37:31,34,37,4228,16660
2023-11-27 10:37:31,34,36,4228,16660
2023-11-27 10:37:39,33,36,4228,16660
2023-11-27 10:37:42,34,36,4228,16660
2023-11-27 10:37:55,35,36,4228,16660
2023-11-27 10:37:56,34,36,4228,16660
2023-11-27 10:37:57,35,36,4228,16660
2023-11-27 10:38:03,34,36,4228,16660
2023-11-27 10:38:04,35,36,4228,16660
2023-11-27 10:38:05,33,36,4228,16660
2023-11-27 10:38:05,34,36,4228,16660
2023-11-27 10:38:06,34,35,4228,16660
2023-11-27 10:38:06,33,35,4228,16660
2023-11-27 10:38:11,33,36,4228,16660
2023-11-27 10:38:11,33,37,4228,16660
2023-11-27 10:38:11,33,36,4228,16660
2023-11-27 10:38:13,34,36,4228,16660
2023-11-27 10:38:14,33,36,4228,16660
2023-11-27 10:38:14,34,36,4228,16660
2023-11-27 10:38:27,35,36,4228,16660
2023-11-27 10:38:38,35,37,4228,16763
2023-11-27 10:38:38,35,39,4228,16763
2023-11-27 10:38:47,35,38,4228,16763
2023-11-27 10:39:02,35,37,4228,16763
2023-11-27 10:39:02,36,37,4228,16763
2023-11-27 10:39:04,36,38,4228,16763
2023-11-27 10:39:04,35,38,4228,16763
2023-11-27 10:39:04,36,38,4228,16763
2023-11-27 10:39:06,35,38,4228,16763
2023-11-27 10:39:06,36,39,4228,16763
2023-11-27 10:39:06,36,38,4228,16763
2023-11-27 10:39:09,36,39,4228,16763
2023-11-27 10:39:09,35,39,4228,16763
2023-11-27 10:39:10,36,39,4228,16763
2023-11-27 10:39:10,36,38,4228,16763
2023-11-27 10:39:22,36,37,4228,16763
2023-11-27 10:39:23,35,37,4228,16763
2023-11-27 10:39:24,36,37,4228,16763
2023-11-27 10:39:25,35,37,4228,16763
2023-11-27 10:39:31,34,37,4228,16763
2023-11-27 10:39:34,35,37,4228,16763
2023-11-27 10:39:34,34,37,4228,16763
2023-11-27 10:39:43,34,36,4228,16763
2023-11-27 10:39:43,34,37,4228,16763
2023-11-27 10:39:49,35,37,4228,16763
2023-11-27 10:39:51,35,36,4228,16763
2023-11-27 10:39:51,34,36,4228,16763
2023-11-27 10:39:52,35,36,4228,16763
2023-11-27 10:39:58,34,36,4228,16763
2023-11-27 10:40:00,35,36,4228,16763
2023-11-27 10:40:01,35,37,4228,16763
2023-11-27 10:40:03,35,36,4228,16763
2023-11-27 10:40:04,34,36,4228,16763
2023-11-27 10:40:17,33,36,4228,16763
2023-11-27 10:40:19,33,35,4228,16763
2023-11-27 10:40:22,31,35,4228,16763
2023-11-27 10:40:32,32,35,4228,16763
2023-11-27 10:40:35,32,34,4228,16763
2023-11-27 10:40:43,31,34,4228,16763
2023-11-27 10:40:53,31,33,4228,16763
2023-11-27 10:40:56,30,33,4228,16763
2023-11-27 10:40:58,30,34,4228,16763
2023-11-27 10:40:59,30,33,4228,16763
2023-11-27 10:41:00,31,33,4228,16763
2023-11-27 10:41:05,30,33,4228,16763
2023-11-27 10:41:07,31,33,4228,16763
2023-11-27 10:41:15,30,33,4228,16763
2023-11-27 10:41:15,30,34,4228,16763
2023-11-27 10:41:15,31,34,4228,16763
2023-11-27 10:41:15,31,33,4228,16763
2023-11-27 10:41:16,31,32,4228,16763
2023-11-27 10:41:21,30,32,4228,16763
2023-11-27 10:41:37,30,33,4228,16763
2023-11-27 10:41:40,30,32,4228,16763
2023-11-27 10:41:44,30,33,4228,16763
2023-11-27 10:41:44,30,32,4228,16763
2023-11-27 10:42:01,30,33,4228,16763
2023-11-27 10:42:03,30,32,4228,16763
2023-11-27 10:42:05,30,33,4228,16763
2023-11-27 10:42:10,30,32,4228,16763
2023-11-27 10:42:14,31,32,4228,16763
2023-11-27 10:42:14,31,33,4228,16763
2023-11-27 10:42:17,31,33,4228,16763
2023-11-27 10:42:30,30,34,4228,16763
2023-11-27 10:42:32,30,33,4228,16763
2023-11-27 10:42:33,31,33,4228,16763
2023-11-27 10:42:36,30,33,4228,16763
2023-11-27 10:42:36,30,33,4228,16763
2023-11-27 10:42:36,31,33,4228,16763
2023-11-27 10:42:37,31,34,4228,16763
2023-11-27 10:42:41,31,35,4228,16763
2023-11-27 10:42:42,31,35,4228,16763
2023-11-27 10:42:42,31,34,4228,16763
2023-11-27 10:42:46,32,34,4228,16763
2023-11-27 10:42:50,32,35,4228,16763
2023-11-27 10:42:50,31,35,4228,16763
2023-11-27 10:42:50,32,35,4228,16763
2023-11-27 10:42:50,32,34,4228,16763
2023-11-27 10:42:52,32,36,4228,16763
2023-11-27 10:42:55,32,35,4228,16763
2023-11-27 10:42:59,33,35,4228,16763
2023-11-27 10:42:59,33,36,4228,16763
2023-11-27 10:43:05,33,35,4228,16763
2023-11-27 10:43:06,32,35,4228,16763
2023-11-27 10:43:08,33,35,4228,16763
2023-11-27 10:43:12,32,35,4228,16763
2023-11-27 10:43:16,32,35,4228,16763
2023-11-27 10:43:18,32,34,4228,16763
2023-11-27 10:43:19,32,36,4228,16763
2023-11-27 10:43:19,32,35,4228,16763
2023-11-27 10:43:19,32,34,4228,16763
2023-11-27 10:43:22,32,35,4228,16763
2023-11-27 10:43:23,32,34,4228,16763
2023-11-27 10:43:29,31,34,4228,16763
2023-11-27 10:43:41,32,34,4228,16763
2023-11-27 10:43:49,32,35,4228,16763
2023-11-27 10:43:50,32,35,4228,16763
2023-11-27 10:43:50,32,34,4228,16763
2023-11-27 10:44:11,32,33,4228,16763
2023-11-27 10:44:13,32,34,4228,16763
2023-11-27 10:44:37,31,34,4228,16763
2023-11-27 10:44:37,31,35,4228,16763
2023-11-27 10:44:38,31,34,4228,16763
2023-11-27 10:44:38,32,34,4228,16763
2023-11-27 10:44:40,32,33,4228,16763
2023-11-27 10:44:42,31,34,4228,16763
2023-11-27 10:44:42,31,33,4228,16763
2023-11-27 10:44:53,30,33,4228,16763
2023-11-27 10:44:53,30,34,4228,16763
2023-11-27 10:44:55,31,34,4228,16763
2023-11-27 10:44:55,31,33,4228,16763
2023-11-27 10:45:01,32,33,4228,16763
2023-11-27 10:45:02,32,36,4228,16763
2023-11-27 10:45:03,34,36,4228,16763
2023-11-27 10:45:03,34,37,4228,16763
2023-11-27 10:45:05,34,38,4228,16763
2023-11-27 10:45:07,34,37,4228,16763
2023-11-27 10:45:18,34,36,4228,16763
2023-11-27 10:45:22,34,37,4228,16763
2023-11-27 10:45:23,34,36,4228,16763
2023-11-27 10:45:24,35,36,4228,16763
2023-11-27 10:45:24,35,37,4228,16763
2023-11-27 10:45:24,35,38,4228,16763
2023-11-27 10:45:25,35,39,4228,16763
2023-11-27 10:45:31,35,38,4228,16763
2023-11-27 10:45:33,34,38,4228,16763
2023-11-27 10:45:40,34,37,4228,16763
2023-11-27 10:45:40,35,37,4228,16763
2023-11-27 10:45:41,34,37,4228,16763
2023-11-27 10:45:51,34,36,4228,16763
2023-11-27 10:45:52,34,37,4228,16763
2023-11-27 10:45:54,34,36,4228,16763
2023-11-27 10:45:55,34,37,4228,16763
2023-11-27 10:45:55,34,36,4228,16763
2023-11-27 10:45:56,34,37,4228,16763
2023-11-27 10:45:57,35,37,4228,16763
2023-11-27 10:46:00,34,37,4228,16763
2023-11-27 10:46:02,34,38,4228,16763
2023-11-27 10:46:02,35,38,4228,16763
2023-11-27 10:46:02,35,37,4228,16763
2023-11-27 10:46:06,35,38,4228,16763
2023-11-27 10:46:11,35,39,4228,16763
2023-11-27 10:46:14,35,38,4228,16763
2023-11-27 10:46:18,34,38,4228,16763
2023-11-27 10:46:19,34,37,4228,16763
2023-11-27 10:46:24,34,38,4228,16763
2023-11-27 10:46:26,34,37,4228,16763
2023-11-27 10:46:34,34,36,4228,16763
2023-11-27 10:46:39,32,36,4228,16763
2023-11-27 10:46:41,32,35,4228,16763
2023-11-27 10:46:42,31,35,4228,16763
2023-11-27 10:46:54,32,35,4228,16763
2023-11-27 10:46:54,32,34,4228,16763
2023-11-27 10:46:56,31,34,4228,16763
2023-11-27 10:46:56,32,35,4228,16763
2023-11-27 10:46:56,32,34,4228,16763
2023-11-27 10:47:00,31,34,4228,16763
2023-11-27 10:47:00,31,33,4228,16763
2023-11-27 10:47:02,31,35,4228,16763
2023-11-27 10:47:02,32,35,4228,16763
2023-11-27 10:47:02,32,34,4228,16763
2023-11-27 10:47:06,31,34,4228,16763
2023-11-27 10:47:06,31,33,4228,16763
2023-11-27 10:47:11,32,33,4228,16763
2023-11-27 10:47:14,32,35,4228,16763
2023-11-27 10:47:14,31,32,4228,16763
2023-11-27 10:47:19,31,32,4428,16963
2023-11-27 10:47:25,31,35,4626,17161
2023-11-27 10:47:25,32,35,4626,17161
2023-11-27 10:47:26,32,36,4626,17161
2023-11-27 10:47:29,32,35,4626,17161
2023-11-27 10:47:30,32,36,4626,17161
2023-11-27 10:47:36,32,35,4626,17161
2023-11-27 10:47:36,33,35,4626,17161
2023-11-27 10:47:37,32,35,4626,17161
2023-11-27 10:47:37,33,35,4626,17161
2023-11-27 10:47:39,32,35,4626,17161
2023-11-27 10:47:39,33,35,4626,17161
2023-11-27 10:47:46,33,34,4626,17161
2023-11-27 10:47:59,32,34,4626,17161
2023-11-27 10:48:05,32,33,4626,17161
2023-11-27 10:48:43,32,33,4426,17361
2023-11-27 10:48:57,30,33,5426,18361
2023-11-27 10:48:57,30,32,5426,18361
2023-11-27 10:49:06,30,33,5426,18361
2023-11-27 10:49:06,30,32,5426,18361
2023-11-27 10:49:07,31,32,5426,18361
2023-11-27 10:49:09,31,33,5426,18361
2023-11-27 10:49:09,30,33,5426,18361
2023-11-27 10:49:09,30,32,5426,18361
2023-11-27 10:49:10,31,32,5426,18361
2023-11-27 10:49:11,31,33,5426,18361
2023-11-27 10:49:11,31,32,5426,18361
2023-11-27 10:49:12,31,33,5426,18361
2023-11-27 10:49:17,31,34,5426,18361
2023-11-27 10:49:18,31,33,5426,18361
2023-11-27 10:49:20,31,34,5426,18361
2023-11-27 10:49:20,31,33,5426,18361
2023-11-27 10:49:21,31,34,5426,18361
2023-11-27 10:49:22,31,33,5426,18361
2023-11-27 10:49:31,31,34,5426,18361
2023-11-27 10:49:31,31,33,5426,18361
2023-11-27 10:49:32,31,34,5426,18361
2023-11-27 10:49:33,32,34,5426,18361
2023-11-27 10:49:36,31,34,5426,18361
2023-11-27 10:49:37,32,34,5426,18361
2023-11-27 10:49:39,32,33,5426,18361
2023-11-27 10:49:39,31,33,5426,18361
2023-11-27 10:49:40,31,34,5426,18361
2023-11-27 10:49:40,32,34,5426,18361
2023-11-27 10:49:44,32,34,5615,18550
2023-11-27 10:49:46,32,35,5615,18550
2023-11-27 10:49:46,32,34,5615,18550
2023-11-27 10:49:50,31,34,5615,18550
2023-11-27 10:49:50,31,35,5615,18550
2023-11-27 10:49:50,31,34,5615,18550
2023-11-27 10:49:50,32,34,5615,18550
2023-11-27 10:49:59,32,35,5615,18550
2023-11-27 10:49:59,32,34,5615,18550
2023-11-27 10:50:01,33,34,5615,18550
2023-11-27 10:50:01,33,36,5615,18550
2023-11-27 10:50:01,33,35,5615,18550
2023-11-27 10:50:02,33,36,5615,18550
2023-11-27 10:50:20,34,36,5615,18550
2023-11-27 10:50:24,34,35,5615,18550
2023-11-27 10:50:27,32,35,5615,18550
2023-11-27 10:50:33,32,36,5615,18550
2023-11-27 10:50:35,33,36,5615,18550
2023-11-27 10:50:39,33,37,5615,18550
2023-11-27 10:50:40,34,37,5615,18550
2023-11-27 10:50:43,33,37,5615,18550
2023-11-27 10:50:44,33,36,5615,18550
2023-11-27 10:50:47,33,37,5615,18550
2023-11-27 10:50:48,33,36,5615,18550
2023-11-27 10:50:49,33,37,5615,18550
2023-11-27 10:50:50,34,37,5615,18550
2023-11-27 10:50:51,34,36,5615,18550
2023-11-27 10:50:54,33,36,5615,18550
2023-11-27 10:50:58,33,35,5615,18550
2023-11-27 10:50:58,32,35,5615,18550
2023-11-27 10:51:08,33,35,5615,18550
2023-11-27 10:51:09,32,35,5615,18550
2023-11-27 10:51:09,33,35,5615,18550
2023-11-27 10:51:25,34,35,5615,18550
2023-11-27 10:51:25,34,36,5615,18550
2023-11-27 10:51:28,33,36,5615,18550
2023-11-27 10:51:32,34,36,5615,18550
2023-11-27 10:51:37,34,37,5615,18550
2023-11-27 10:51:53,34,36,5615,18550
2023-11-27 10:51:55,35,36,5615,18550
2023-11-27 10:51:55,35,37,5615,18550
2023-11-27 10:51:56,35,36,5615,18550
2023-11-27 10:51:56,34,36,5615,18550
2023-11-27 10:51:58,34,37,5615,18550
2023-11-27 10:51:58,35,37,5615,18550
2023-11-27 10:52:00,35,36,5615,18550
2023-11-27 10:52:04,35,37,5615,18550
2023-11-27 10:52:07,35,36,5615,18550
2023-11-27 10:52:31,35,37,5615,18550
2023-11-27 10:52:32,35,38,5615,18550
2023-11-27 10:52:40,35,37,5615,18550
2023-11-27 10:52:49,35,36,5615,18550
2023-11-27 10:52:51,35,37,5615,18550
2023-11-27 10:52:52,35,36,5615,18550
2023-11-27 10:53:00,35,37,5615,18550
2023-11-27 10:53:01,35,38,5615,18550
2023-11-27 10:53:17,36,38,5615,18550
2023-11-27 10:53:20,36,37,5615,18550
2023-11-27 10:53:28,36,38,5615,18550
2023-11-27 10:53:28,36,37,5615,18550
2023-11-27 10:53:30,36,38,5615,18550
2023-11-27 10:53:43,36,37,5615,18550
2023-11-27 10:53:48,36,38,5615,18550
2023-11-27 10:53:55,36,37,5615,18550
2023-11-27 10:54:02,36,38,5615,18550
2023-11-27 10:54:03,36,37,5615,18550
2023-11-27 10:54:09,36,38,5615,18550
2023-11-27 10:54:09,36,37,5615,18550
2023-11-27 10:54:20,36,37,5615,18900
2023-11-27 10:54:22,33,37,5615,19050
2023-11-27 10:54:22,33,36,5615,19050
2023-11-27 10:54:23,33,37,5615,19050
2023-11-27 10:54:24,33,36,5615,19050
2023-11-27 10:54:30,33,37,5615,19050
2023-11-27 10:54:33,33,36,5615,19050
2023-11-27 10:54:35,34,36,5615,19050
2023-11-27 10:54:44,33,36,5615,19050
2023-11-27 10:54:45,34,36,5615,19050
2023-11-27 10:54:46,34,35,5615,19050
2023-11-27 10:54:46,33,35,5615,19050
2023-11-27 10:54:48,33,36,5615,19050
2023-11-27 10:54:49,34,36,5615,19050
2023-11-27 10:54:53,34,38,5615,19050
2023-11-27 10:54:53,34,37,5615,19050
2023-11-27 10:54:55,34,38,5615,19050
2023-11-27 10:55:05,34,37,5615,19050
2023-11-27 10:55:10,34,36,5615,19050
2023-11-27 10:55:15,33,36,5615,19050
2023-11-27 10:55:17,33,37,5615,19050
2023-11-27 10:55:18,34,37,5615,19050
2023-11-27 10:55:18,34,36,5615,19050
2023-11-27 10:55:27,33,36,5615,19050
2023-11-27 10:55:29,33,35,5615,19050
2023-11-27 10:55:30,34,35,5615,19050
2023-11-27 10:55:30,34,37,5615,19050
2023-11-27 10:55:30,34,35,5615,19050
2023-11-27 10:55:33,34,36,5615,19050
2023-11-27 10:55:37,33,36,5615,19050
2023-11-27 10:55:42,32,35,5615,19050
2023-11-27 10:55:44,32,36,5615,19050
2023-11-27 10:55:44,32,35,5615,19050
2023-11-27 10:55:44,33,35,5615,19050
2023-11-27 10:55:46,33,36,5615,19050
2023-11-27 10:55:47,33,35,5615,19050
2023-11-27 10:55:50,32,35,5615,19050
2023-11-27 10:55:50,32,36,5615,19050
2023-11-27 10:55:50,33,36,5615,19050
2023-11-27 10:55:50,33,35,5615,19050
2023-11-27 10:55:52,32,35,5615,19050
2023-11-27 10:55:52,32,36,5615,19050
2023-11-27 10:55:52,32,35,5615,19050
2023-11-27 10:55:52,33,35,5615,19050
2023-11-27 10:56:00,32,35,5615,19050
2023-11-27 10:56:03,32,34,5615,19050
2023-11-27 10:56:04,32,35,5615,19050
2023-11-27 10:56:06,33,35,5615,19050
2023-11-27 10:56:07,33,36,5615,19050
2023-11-27 10:56:13,33,37,5615,19050
2023-11-27 10:56:20,33,36,5615,19050
2023-11-27 10:56:23,33,35,5615,19050
2023-11-27 10:56:26,32,35,5615,19050
2023-11-27 10:56:26,32,36,5615,19050
2023-11-27 10:56:26,33,36,5615,19050
2023-11-27 10:56:30,32,35,5615,19050
2023-11-27 10:56:46,32,34,5615,19050
2023-11-27 10:56:57,32,33,5615,19050
2023-11-27 10:56:58,30,33,5415,19250
2023-11-27 10:57:07,30,32,5415,19250
2023-11-27 10:57:09,30,33,5415,19250
2023-11-27 10:57:11,30,32,5415,19250
2023-11-27 10:57:15,30,33,5415,19250
2023-11-27 10:57:27,30,34,5415,19250
2023-11-27 10:57:28,31,33,5415,19250
2023-11-27 10:57:32,30,34,5415,19250
2023-11-27 10:57:32,31,34,5415,19250
2023-11-27 10:57:51,32,34,5415,19250
2023-11-27 10:57:52,31,34,5415,19250
2023-11-27 10:58:05,32,34,5415,19250
2023-11-27 10:58:07,32,35,5415,19250
2023-11-27 10:58:08,31,35,5415,19250
2023-11-27 10:58:09,31,34,5415,19250
2023-11-27 10:58:13,31,35,5415,19250
2023-11-27 10:58:13,32,35,5415,19250
2023-11-27 10:58:15,31,35,5415,19250
2023-11-27 10:58:15,32,35,5415,19250
2023-11-27 10:58:17,31,35,5415,19250
2023-11-27 10:58:17,32,35,5415,19250
2023-11-27 10:58:20,32,34,5415,19250
2023-11-27 10:58:22,31,34,5415,19250
2023-11-27 10:58:32,30,34,5415,19250
2023-11-27 10:58:35,30,33,5415,19250
2023-11-27 10:58:43,30,34,5415,19250
2023-11-27 10:58:43,31,34,5415,19250
2023-11-27 10:58:50,31,35,5415,19250
2023-11-27 10:58:53,32,35,5415,19250
2023-11-27 10:58:54,31,35,5415,19250
2023-11-27 10:58:56,31,34,5415,19250
2023-11-27 10:59:03,31,35,5415,19250
2023-11-27 10:59:05,32,35,5415,19250
2023-11-27 10:59:06,31,35,5415,19250
2023-11-27 10:59:06,32,35,5415,19250
2023-11-27 10:59:09,31,35,5415,19250
2023-11-27 10:59:09,32,35,5415,19250
2023-11-27 10:59:26,32,36,5415,19250
2023-11-27 10:59:26,33,36,5415,19250
2023-11-27 10:59:31,32,36,5415,19250
2023-11-27 10:59:32,33,36,5415,19250
2023-11-27 10:59:34,32,36,5415,19250
2023-11-27 10:59:34,33,36,5415,19250
2023-11-27 10:59:42,33,37,5415,19250
2023-11-27 10:59:45,34,37,5415,19250
2023-11-27 10:59:49,33,37,5415,19250
2023-11-27 10:59:51,34,37,5415,19250
2023-11-27 10:59:57,34,38,5415,19250
2023-11-27 10:59:59,35,38,5415,19250
2023-11-27 11:00:00,34,38,5415,19250
2023-11-27 11:00:01,35,38,5415,19250
2023-11-27 11:00:06,35,39,5415,19250
2023-11-27 11:00:10,36,39,5415,19250
2023-11-27 11:00:20,36,40,5415,19250
2023-11-27 11:00:21,37,40,5415,19250
2023-11-27 11:00:28,37,41,5415,19250
2023-11-27 11:00:36,38,41,5415,19250
2023-11-27 11:00:37,38,42,5415,19250
2023-11-27 11:00:42,39,42,5415,19250
2023-11-27 11:00:52,40,42,5415,19250
2023-11-27 11:00:53,40,43,5415,19250
2023-11-27 11:00:55,40,42,5415,19250
2023-11-27 11:00:56,39,42,5415,19250
2023-11-27 11:01:04,38,42,5415,19250
2023-11-27 11:01:09,39,42,5415,19250
2023-11-27 11:01:10,39,43,5415,19250
2023-11-27 11:01:11,40,43,5415,19250
2023-11-27 11:01:25,41,43,5415,19250
2023-11-27 11:01:27,42,43,5415,19250
2023-11-27 11:01:35,40,43,5415,19250
2023-11-27 11:01:35,42,43,5415,19250
2023-11-27 11:01:36,42,43,5543,19600
2023-11-27 11:01:36,40,43,5543,19600
2023-11-27 11:01:36,41,43,5543,19600
2023-11-27 11:01:38,40,43,5543,19600
2023-11-27 11:01:42,41,43,5543,19600
2023-11-27 11:01:47,42,43,5543,19600
2023-11-27 11:01:50,40,43,5543,19600
2023-11-27 11:01:50,41,43,5543,19600
2023-11-27 11:01:50,42,43,5543,19600
2023-11-27 11:01:50,41,43,5543,19600
2023-11-27 11:01:50,42,43,5543,19600
2023-11-27 11:01:54,42,44,5543,19600
2023-11-27 11:01:54,41,44,5543,19600
2023-11-27 11:01:55,42,44,5543,19600
2023-11-27 11:01:56,41,44,5543,19600
2023-11-27 11:01:57,42,44,5543,19600
2023-11-27 11:02:04,41,44,5543,19600
2023-11-27 11:02:08,42,44,5543,19600
2023-11-27 11:02:08,41,44,5543,19600
2023-11-27 11:02:09,42,44,5543,19600
2023-11-27 11:02:09,41,44,5543,19600
2023-11-27 11:02:10,42,44,5543,19600
2023-11-27 11:02:11,41,44,5543,19600
2023-11-27 11:02:12,42,44,5543,19600
2023-11-27 11:02:12,41,44,5543,19600
2023-11-27 11:02:13,42,44,5543,19600
2023-11-27 11:02:18,43,44,5543,19600
2023-11-27 11:02:35,41,44,5543,19600
2023-11-27 11:02:35,42,44,5543,19600
2023-11-27 11:02:36,42,43,5543,19600
2023-11-27 11:02:36,40,43,5543,19600
2023-11-27 11:02:36,41,43,5543,19600
2023-11-27 11:02:37,40,43,5543,19600
2023-11-27 11:02:40,39,43,5543,19600
2023-11-27 11:02:50,40,43,5543,19600
2023-11-27 11:02:51,39,43,5543,19600
2023-11-27 11:02:52,40,43,5543,19600
2023-11-27 11:02:52,41,43,5543,19600
2023-11-27 11:02:58,41,44,5543,19600
2023-11-27 11:03:05,42,44,5543,19600
2023-11-27 11:03:05,41,44,5543,19600
2023-11-27 11:03:06,42,44,5543,19600
2023-11-27 11:03:09,41,44,5543,19600
2023-11-27 11:03:09,42,44,5543,19600
2023-11-27 11:03:16,41,44,5543,19600
2023-11-27 11:03:16,43,44,5543,19600
2023-11-27 11:03:16,41,44,5543,19600
2023-11-27 11:03:16,43,44,5543,19600
2023-11-27 11:03:16,41,44,5543,19600
2023-11-27 11:03:16,43,44,5543,19600
2023-11-27 11:03:16,41,44,5543,19600
2023-11-27 11:03:16,43,44,5543,19600
2023-11-27 11:03:29,41,44,5543,19600
2023-11-27 11:03:29,43,44,5543,19600
2023-11-27 11:03:34,42,44,5543,19600
2023-11-27 11:03:36,43,44,5543,19600
2023-11-27 11:03:39,42,44,5543,19600
2023-11-27 11:03:44,43,44,5543,19600
2023-11-27 11:03:49,42,44,5543,19600
2023-11-27 11:03:52,43,44,5543,19600
2023-11-27 11:03:53,42,44,5543,19600
2023-11-27 11:04:02,43,44,5543,19600
2023-11-27 11:04:17,42,44,5543,19600
2023-11-27 11:04:17,43,44,5543,19600
2023-11-27 11:04:21,42,44,5543,19600
2023-11-27 11:04:30,43,44,5543,19600
2023-11-27 11:04:42,42,44,5543,19600
2023-11-27 11:04:48,43,44,5543,19600
2023-11-27 11:04:51,42,44,5543,19600
2023-11-27 11:04:53,43,44,5543,19600
2023-11-27 11:04:54,42,44,5543,19600
2023-11-27 11:04:55,43,44,5543,19600
2023-11-27 11:04:56,42,44,5543,19600
2023-11-27 11:05:04,43,44,5543,19600
2023-11-27 11:05:07,41,44,5543,19600
2023-11-27 11:05:07,43,44,5543,19600
2023-11-27 11:05:08,41,44,5543,19600
2023-11-27 11:05:09,42,44,5543,19600
2023-11-27 11:05:10,41,44,5543,19600
2023-11-27 11:05:15,42,44,5543,19600
2023-11-27 11:05:18,43,44,5543,19600
2023-11-27 11:05:18,42,44,5543,19600
2023-11-27 11:05:30,43,44,5543,19600
2023-11-27 11:05:31,44,46,5646,19703
2023-11-27 11:05:34,44,47,5646,19703
2023-11-27 11:05:38,45,47,5646,19703
2023-11-27 11:05:38,45,48,5646,19703
2023-11-27 11:05:38,45,49,5646,19703
2023-11-27 11:05:38,46,49,5646,19703
2023-11-27 11:05:40,47,49,5646,19703
2023-11-27 11:05:40,47,50,5646,19703
2023-11-27 11:05:41,48,50,5646,19703
2023-11-27 11:05:42,48,51,5646,19703
2023-11-27 11:05:48,49,51,5646,19703
2023-11-27 11:06:04,48,51,5646,19703
2023-11-27 11:06:09,47,51,5646,19703
2023-11-27 11:06:11,48,51,5646,19703
2023-11-27 11:06:11,49,51,5646,19703
2023-11-27 11:06:14,48,51,5646,19703
2023-11-27 11:06:14,49,51,5646,19703
2023-11-27 11:06:18,50,51,5646,19703
2023-11-27 11:06:19,48,51,5646,19703
2023-11-27 11:06:19,50,51,5646,19703
2023-11-27 11:06:20,48,51,5646,19703
2023-11-27 11:06:20,50,51,5646,19703
2023-11-27 11:06:20,48,51,5646,19703
2023-11-27 11:06:20,50,51,5646,19703
2023-11-27 11:06:20,48,51,5646,19703
2023-11-27 11:06:20,50,51,5646,19703
2023-11-27 11:06:20,48,51,5646,19703
2023-11-27 11:06:20,50,51,5646,19703
2023-11-27 11:06:21,48,51,5646,19703
2023-11-27 11:06:21,50,51,5646,19703
2023-11-27 11:06:21,48,51,5646,19703
2023-11-27 11:06:21,50,51,5646,19703
2023-11-27 11:06:21,48,51,5646,19703
2023-11-27 11:06:21,50,51,5646,19703
2023-11-27 11:06:21,48,51,5646,19703
2023-11-27 11:06:21,50,51,5646,19703
2023-11-27 11:06:21,48,51,5646,19703
2023-11-27 11:06:21,50,51,5646,19703
2023-11-27 11:06:22,49,51,5646,19703
2023-11-27 11:06:22,50,51,5646,19703
2023-11-27 11:06:23,50,52,5646,19703
2023-11-27 11:06:23,49,52,5646,19703
2023-11-27 11:06:28,50,52,5646,19703
2023-11-27 11:06:28,51,52,5646,19703
2023-11-27 11:06:33,51,53,5646,19703
2023-11-27 11:06:40,51,54,5446,20403
2023-11-27 11:06:40,51,53,5446,20403
2023-11-27 11:06:40,52,53,5446,20403
2023-11-27 11:06:49,50,53,5446,20403
2023-11-27 11:06:50,51,53,5446,20890
2023-11-27 11:06:51,50,53,5446,20890
2023-11-27 11:06:54,51,53,5446,20890
2023-11-27 11:06:54,52,53,5446,20890
2023-11-27 11:06:59,50,53,5446,20890
2023-11-27 11:06:59,51,53,5446,20890
2023-11-27 11:07:01,51,52,5446,20890
2023-11-27 11:07:01,50,52,5446,20890
2023-11-27 11:07:03,50,51,5446,20890
2023-11-27 11:07:03,49,51,5446,20890
2023-11-27 11:07:04,48,51,5446,20890
2023-11-27 11:07:05,48,50,5446,20890
2023-11-27 11:07:17,47,50,5446,20890
2023-11-27 11:07:19,47,49,5446,20890
2023-11-27 11:07:29,47,50,5446,20890
2023-11-27 11:07:32,47,49,5446,20890
2023-11-27 11:07:33,46,49,5446,20890
2023-11-27 11:07:33,47,49,5446,20890
2023-11-27 11:07:33,46,49,5446,20890
2023-11-27 11:07:41,47,49,5446,20890
2023-11-27 11:07:51,47,48,5446,20890
2023-11-27 11:07:52,46,48,5607,21051
2023-11-27 11:08:00,46,48,5607,21401
2023-11-27 11:08:07,46,48,5607,21751
2023-11-27 11:08:08,46,47,5607,21751
2023-11-27 11:08:09,45,47,5607,21751
2023-11-27 11:08:18,45,48,5607,21751
2023-11-27 11:08:23,45,47,5607,21751
2023-11-27 11:08:25,45,46,5607,21751
2023-11-27 11:08:26,44,46,5607,21751
2023-11-27 11:08:32,44,47,5607,21751
2023-11-27 11:08:34,44,46,5607,21751
2023-11-27 11:08:35,44,47,5607,21751
2023-11-27 11:08:38,45,47,5607,21751
2023-11-27 11:08:41,45,46,5607,21751
2023-11-27 11:08:46,45,47,5607,21751
2023-11-27 11:08:54,45,46,5607,21751
2023-11-27 11:08:58,45,47,5607,21751
2023-11-27 11:09:04,45,46,5607,21751
2023-11-27 11:09:04,44,46,5607,22038
2023-11-27 11:09:05,44,47,5607,22038
2023-11-27 11:09:06,45,47,5607,22038
2023-11-27 11:09:16,44,47,5607,22038
2023-11-27 11:09:16,44,46,5607,22038
2023-11-27 11:09:21,43,46,5807,22238
2023-11-27 11:09:26,43,47,5807,22238
2023-11-27 11:09:31,43,46,5807,22238
2023-11-27 11:09:32,44,46,5807,22238
2023-11-27 11:09:41,44,45,5807,22238
2023-11-27 11:09:41,43,45,5954,22385
2023-11-27 11:09:41,44,45,5954,22385
2023-11-27 11:09:42,43,45,5954,22385
2023-11-27 11:09:43,43,46,5954,22385
2023-11-27 11:09:43,44,46,5954,22385
2023-11-27 11:09:44,43,46,6079,22510
2023-11-27 11:09:45,43,45,6079,22510
2023-11-27 11:09:45,44,45,6079,22510
2023-11-27 11:09:45,43,45,6079,22510
2023-11-27 11:09:49,44,45,6079,22510
2023-11-27 11:09:50,44,46,6079,22510
2023-11-27 11:09:53,44,45,6079,22510
2023-11-27 11:09:54,43,45,6079,22510
2023-11-27 11:10:12,43,45,5729,22860
2023-11-27 11:10:13,44,45,5729,22860
2023-11-27 11:10:13,44,46,5729,22860
2023-11-27 11:10:16,43,46,5729,22860
2023-11-27 11:10:17,44,46,5729,22860
2023-11-27 11:10:18,44,47,5729,22860
2023-11-27 11:10:24,43,47,5729,22860
2023-11-27 11:10:26,43,46,5729,22860
2023-11-27 11:10:37,43,47,5729,22860
2023-11-27 11:10:38,43,46,5729,22860
2023-11-27 11:10:43,43,45,5729,22860
2023-11-27 11:10:45,43,46,5729,22860
2023-11-27 11:10:45,43,45,5729,22860
2023-11-27 11:10:49,43,46,5729,22860
2023-11-27 11:10:50,44,46,5729,22860
2023-11-27 11:10:53,43,46,5729,22860
2023-11-27 11:10:54,43,46,5729,22860
2023-11-27 11:10:54,43,45,5729,22860
2023-11-27 11:11:05,42,45,5729,22860
2023-11-27 11:11:12,42,44,5729,22860
2023-11-27 11:11:14,41,44,5729,22860
2023-11-27 11:11:21,41,43,5729,22860
2023-11-27 11:11:23,41,44,5729,22860
2023-11-27 11:11:25,42,44,5729,22860
2023-11-27 11:11:28,42,45,5729,22860
2023-11-27 11:11:29,43,45,5729,22860
2023-11-27 11:11:29,43,46,5729,22860
2023-11-27 11:11:31,43,47,5729,22860
2023-11-27 11:11:33,44,47,5729,22860
2023-11-27 11:11:35,44,47,5829,22960
2023-11-27 11:11:37,44,46,5829,22960
2023-11-27 11:11:43,44,47,5829,22960
2023-11-27 11:11:45,45,47,5829,22960
2023-11-27 11:11:46,44,47,5829,22960
2023-11-27 11:11:46,45,47,5829,22960
2023-11-27 11:11:47,45,46,5829,22960
2023-11-27 11:11:51,44,46,5829,22960
2023-11-27 11:11:53,45,46,5829,22960
2023-11-27 11:12:01,44,46,5829,22960
2023-11-27 11:12:04,45,46,5829,22960
2023-11-27 11:12:05,45,47,5829,22960
2023-11-27 11:12:07,45,48,5729,23060
2023-11-27 11:12:18,44,48,5729,23060
2023-11-27 11:12:20,45,48,5729,23060
2023-11-27 11:12:21,44,48,5729,23060
2023-11-27 11:12:21,45,48,5729,23060
2023-11-27 11:12:22,45,47,5729,23060
2023-11-27 11:12:23,45,48,5729,23060
2023-11-27 11:12:29,46,48,5729,23060
2023-11-27 11:12:32,46,49,5729,23060
2023-11-27 11:12:34,47,49,5729,23060
2023-11-27 11:12:34,47,50,5729,23060
2023-11-27 11:12:41,47,49,5729,23060
2023-11-27 11:12:41,46,49,5729,23060
2023-11-27 11:12:49,47,49,5729,23060
2023-11-27 11:12:51,47,50,5729,23060
2023-11-27 11:12:54,47,49,5729,23060
2023-11-27 11:12:56,47,50,5729,23060
2023-11-27 11:12:57,47,49,5729,23060
2023-11-27 11:12:58,47,50,5729,23060
2023-11-27 11:13:00,47,49,5729,23060
2023-11-27 11:13:03,47,50,5729,23060
2023-11-27 11:13:07,48,49,5729,23060
2023-11-27 11:13:08,48,50,5729,23060
2023-11-27 11:13:11,48,49,5729,23060
2023-11-27 11:13:14,48,50,5729,23060
2023-11-27 11:13:16,47,50,5729,23060
2023-11-27 11:13:16,48,50,5729,23060
2023-11-27 11:13:19,48,49,5729,23060
2023-11-27 11:13:20,48,50,5729,23060
2023-11-27 11:13:20,47,50,5729,23060
2023-11-27 11:13:20,47,49,5729,23060
2023-11-27 11:13:20,48,49,5729,23060
2023-11-27 11:13:23,47,49,5729,23060
2023-11-27 11:13:24,48,49,5729,23060
2023-11-27 11:13:25,47,49,5729,23060
2023-11-27 11:13:26,48,49,5729,23060
2023-11-27 11:13:28,48,50,5729,23060
2023-11-27 11:13:44,47,50,5729,23060
2023-11-27 11:13:44,48,50,5729,23060
2023-11-27 11:13:46,49,50,5729,23060
2023-11-27 11:13:47,49,51,5729,23060
2023-11-27 11:13:48,49,50,5729,23060
2023-11-27 11:13:48,48,50,5729,23060
2023-11-27 11:13:52,47,50,5729,23060
2023-11-27 11:13:55,47,49,5729,23060
2023-11-27 11:14:00,47,50,5729,23060
2023-11-27 11:14:03,48,50,5729,23060
2023-11-27 11:14:08,48,51,5729,23060
2023-11-27 11:14:11,48,50,5729,23060
2023-11-27 11:14:11,47,50,5729,23060
2023-11-27 11:14:11,48,50,5729,23060
2023-11-27 11:14:14,47,50,5729,23060
2023-11-27 11:14:16,48,50,5729,23060
2023-11-27 11:14:21,47,50,5729,23060
2023-11-27 11:14:21,48,50,5729,23060
2023-11-27 11:14:26,47,50,5729,23060
2023-11-27 11:14:28,48,50,5729,23060
2023-11-27 11:14:35,48,49,5729,23060
2023-11-27 11:14:36,47,49,5729,23060
2023-11-27 11:14:37,47,50,5729,23060
2023-11-27 11:14:38,47,49,5729,23060
2023-11-27 11:14:39,46,49,5729,23060
2023-11-27 11:14:40,45,49,5729,23060
2023-11-27 11:14:43,46,49,5729,23060
2023-11-27 11:14:51,46,48,5729,23060
2023-11-27 11:14:51,45,48,5729,23060
2023-11-27 11:15:01,44,48,5729,23060
2023-11-27 11:15:02,45,48,5729,23060
2023-11-27 11:15:05,45,48,5729,23410
2023-11-27 11:15:05,46,48,5729,23410
2023-11-27 11:15:06,45,48,5729,23410
2023-11-27 11:15:06,46,48,5729,23410
2023-11-27 11:15:06,47,48,5729,23410
2023-11-27 11:15:06,47,49,5729,23410
2023-11-27 11:15:23,47,48,5729,23410
2023-11-27 11:15:24,47,49,5729,23410
2023-11-27 11:15:25,47,48,5729,23410
2023-11-27 11:15:26,47,49,5729,23410
2023-11-27 11:15:34,48,49,5729,23410
2023-11-27 11:15:34,48,50,5729,23410
2023-11-27 11:15:39,48,51,5729,23410
2023-11-27 11:15:40,48,50,5729,23410
2023-11-27 11:15:43,48,51,5729,23410
2023-11-27 11:15:50,48,50,5729,23410
2023-11-27 11:16:08,48,49,5729,23410
2023-11-27 11:16:10,46,49,5729,23410
2023-11-27 11:16:10,47,49,5729,23410
2023-11-27 11:16:24,47,48,5729,23410
2023-11-27 11:16:53,45,48,5729,23760
2023-11-27 11:16:54,46,48,5729,23760
2023-11-27 11:16:54,45,48,5729,23760
2023-11-27 11:16:55,45,47,5729,23760
2023-11-27 11:17:00,45,48,5729,23760
2023-11-27 11:17:01,45,47,5729,23760
2023-11-27 11:17:03,45,48,5729,23760
2023-11-27 11:17:04,45,47,5729,23760
2023-11-27 11:17:04,44,47,5729,23760
2023-11-27 11:17:05,44,48,5729,23760
2023-11-27 11:17:06,45,48,5729,23760
2023-11-27 11:17:10,46,48,5729,23760
2023-11-27 11:17:11,45,48,5729,23760
2023-11-27 11:17:12,45,47,5729,23760
2023-11-27 11:17:15,45,48,5729,23760
2023-11-27 11:17:15,45,47,5729,23760
2023-11-27 11:17:17,45,48,5729,23760
2023-11-27 11:17:17,46,48,5729,23760
2023-11-27 11:17:19,45,48,5729,23760
2023-11-27 11:17:20,46,48,5729,23760
2023-11-27 11:17:26,45,48,5729,23760
2023-11-27 11:17:28,46,48,5729,23760
2023-11-27 11:17:31,46,49,5729,23760
2023-11-27 11:17:31,45,49,5729,23760
2023-11-27 11:17:31,45,48,5729,23760
2023-11-27 11:17:31,46,48,5729,23760
2023-11-27 11:17:51,46,49,5729,23760
2023-11-27 11:17:51,45,49,5729,23760
2023-11-27 11:17:53,45,48,5729,23760
2023-11-27 11:17:53,46,48,5729,23760
2023-11-27 11:18:03,46,49,5729,23760
2023-11-27 11:18:04,46,49,5729,23760
2023-11-27 11:18:04,47,49,5729,23760
2023-11-27 11:18:05,46,49,5729,23760
2023-11-27 11:18:05,46,48,5729,23760
2023-11-27 11:18:13,45,48,5729,23760
2023-11-27 11:18:20,46,48,5729,23760
2023-11-27 11:18:21,45,48,5729,23760
2023-11-27 11:18:21,46,48,5729,23760
2023-11-27 11:18:27,46,49,5729,23760
2023-11-27 11:18:33,47,49,5729,23760
2023-11-27 11:18:34,47,50,5729,23760
2023-11-27 11:18:36,46,50,5729,23760
2023-11-27 11:18:37,47,50,5729,23760
2023-11-27 11:18:44,47,49,5729,23760
2023-11-27 11:18:48,46,49,5729,23760
2023-11-27 11:18:51,45,49,5729,23760
2023-11-27 11:18:53,45,48,5729,23760
2023-11-27 11:18:54,44,48,5729,23760
2023-11-27 11:19:07,44,47,5729,23760
2023-11-27 11:19:09,43,47,5729,23760
2023-11-27 11:19:11,43,46,5729,23760
2023-11-27 11:19:12,44,46,5729,23760
2023-11-27 11:19:12,44,47,5729,23760
2023-11-27 11:19:15,44,48,5729,23760
2023-11-27 11:19:16,45,48,5729,23760
2023-11-27 11:19:19,44,48,5729,23760
2023-11-27 11:19:20,44,47,5729,23760
2023-11-27 11:19:28,45,47,5729,23760
2023-11-27 11:19:39,44,47,5729,23760
2023-11-27 11:19:48,43,46,5729,23760
2023-11-27 11:19:53,42,46,5729,23760
2023-11-27 11:19:54,43,46,5729,23760
2023-11-27 11:19:57,43,45,5729,23760
2023-11-27 11:19:58,43,46,5729,23760
2023-11-27 11:19:59,44,46,5729,23760
2023-11-27 11:20:00,43,46,5729,23760
2023-11-27 11:20:02,43,45,5729,23760
2023-11-27 11:20:24,43,46,5729,23760
2023-11-27 11:20:28,43,45,5729,23760
2023-11-27 11:20:31,42,45,5729,23760
2023-11-27 11:20:33,43,45,5729,23760
2023-11-27 11:20:38,42,45,5729,23760
2023-11-27 11:20:44,43,45,5729,23760
2023-11-27 11:20:45,43,46,5729,23760
2023-11-27 11:21:01,44,46,5729,23760
2023-11-27 11:21:02,44,45,5729,23760
2023-11-27 11:21:03,44,46,5729,23760
2023-11-27 11:21:04,43,46,5729,23760
2023-11-27 11:21:06,42,45,5729,23760
2023-11-27 11:21:13,42,44,5729,23760
2023-11-27 11:21:28,42,43,5729,23760
2023-11-27 11:21:29,41,43,5729,23760
2023-11-27 11:21:39,40,43,5729,23760
2023-11-27 11:21:45,40,42,5729,23760
2023-11-27 11:21:58,40,43,5729,23760
2023-11-27 11:22:07,40,42,5729,23760
2023-11-27 11:22:08,39,42,5729,23760
2023-11-27 11:22:10,40,42,5729,23760
2023-11-27 11:22:12,40,43,5729,23760
2023-11-27 11:22:13,41,43,5729,23760
2023-11-27 11:22:13,41,44,5729,23760
2023-11-27 11:22:19,40,44,5729,23760
2023-11-27 11:22:24,40,43,5729,23760
2023-11-27 11:22:27,40,42,5729,23760
2023-11-27 11:22:27,40,43,5729,23760
2023-11-27 11:22:30,39,43,5729,23760
2023-11-27 11:22:33,39,42,5729,23760
2023-11-27 11:22:37,40,42,5729,23760
2023-11-27 11:22:37,40,43,5729,23760
2023-11-27 11:22:37,40,42,5729,23760
2023-11-27 11:22:43,40,41,5729,23760
2023-11-27 11:22:44,39,41,5729,23760
2023-11-27 11:22:46,39,42,5729,23760
2023-11-27 11:22:48,39,41,5729,23760
2023-11-27 11:22:51,39,42,5729,23760
2023-11-27 11:22:51,39,41,5729,23760
2023-11-27 11:22:53,38,41,5729,23760
2023-11-27 11:23:08,38,40,5729,23760
2023-11-27 11:23:14,37,40,5729,23760
2023-11-27 11:23:15,37,40,5729,23760
2023-11-27 11:23:22,38,39,5729,23760
2023-11-27 11:23:23,37,39,5729,23760
2023-11-27 11:23:24,38,39,5729,23760
2023-11-27 11:23:25,37,39,5729,23760
2023-11-27 11:23:27,38,39,5729,23760
2023-11-27 11:23:28,37,39,5729,23760
2023-11-27 11:23:31,37,40,5729,23760
2023-11-27 11:23:31,37,41,5729,23760
2023-11-27 11:23:31,37,39,5729,23760
2023-11-27 11:23:36,37,40,5729,23760
2023-11-27 11:23:36,37,39,5729,23760
2023-11-27 11:23:50,38,39,5729,23760
2023-11-27 11:23:50,38,40,5729,23760
2023-11-27 11:23:56,38,39,5729,23760
2023-11-27 11:23:56,37,39,5729,23760
2023-11-27 11:23:58,38,39,5729,23760
2023-11-27 11:23:59,38,39,5729,23760
2023-11-27 11:23:59,37,39,5729,23760
2023-11-27 11:24:03,38,39,5729,23760
2023-11-27 11:24:04,37,39,5729,23760
2023-11-27 11:24:11,37,40,5729,23760
2023-11-27 11:24:11,37,39,5729,23760
2023-11-27 11:24:16,37,41,5729,23760
2023-11-27 11:24:23,38,42,5729,23760
2023-11-27 11:24:29,39,42,5729,23760
2023-11-27 11:24:29,39,43,5729,23760
2023-11-27 11:24:29,42,43,5729,23760
2023-11-27 11:24:33,42,44,5729,23760
2023-11-27 11:24:34,42,43,5729,23760
2023-11-27 11:24:35,40,43,5729,23760
2023-11-27 11:24:38,40,44,5729,23760
2023-11-27 11:24:40,41,44,5729,23760
2023-11-27 11:24:40,41,45,5729,23760
2023-11-27 11:24:41,42,45,5729,23760
2023-11-27 11:24:42,41,45,5729,23760
2023-11-27 11:24:48,42,45,5729,23760
2023-11-27 11:24:48,42,46,5729,23760
2023-11-27 11:24:57,43,46,5729,23760
2023-11-27 11:24:57,42,46,5729,23760
2023-11-27 11:24:58,43,46,5729,23760
2023-11-27 11:25:00,42,46,5729,23760
2023-11-27 11:25:00,43,46,5729,23760
2023-11-27 11:25:02,42,46,5729,23760
2023-11-27 11:25:02,43,46,5729,23760
2023-11-27 11:25:04,44,46,5729,23760
2023-11-27 11:25:05,43,46,5729,23760
2023-11-27 11:25:05,42,46,5729,23760
2023-11-27 11:25:05,44,46,5729,23760
2023-11-27 11:25:27,42,46,5729,23760
2023-11-27 11:25:27,44,46,5729,23760
2023-11-27 11:25:30,43,46,5729,23760
2023-11-27 11:25:30,43,45,5729,23760
2023-11-27 11:25:31,44,45,5729,23760
2023-11-27 11:25:31,43,46,5924,23955
2023-11-27 11:25:31,44,46,5924,23955
2023-11-27 11:25:32,43,46,6088,24119
2023-11-27 11:25:33,44,46,6088,24119
2023-11-27 11:25:33,43,46,6197,24228
2023-11-27 11:25:34,43,45,6197,24228
2023-11-27 11:25:34,44,45,6197,24228
2023-11-27 11:25:34,44,46,6197,24228
2023-11-27 11:25:47,44,48,6197,24328
2023-11-27 11:25:49,44,45,6197,24328
2023-11-27 11:25:50,44,45,6197,24678
2023-11-27 11:26:02,43,45,6197,24678
2023-11-27 11:26:06,42,45,6197,24678
2023-11-27 11:26:13,41,45,6197,24678
2023-11-27 11:26:22,41,44,6197,24678
2023-11-27 11:26:22,42,44,6197,24678
2023-11-27 11:26:23,43,44,6197,24678
2023-11-27 11:26:23,43,45,6197,24678
2023-11-27 11:26:28,42,45,6197,24678
2023-11-27 11:26:28,43,45,6197,24678
2023-11-27 11:26:32,44,45,6197,24678
2023-11-27 11:26:48,42,45,6197,25028
2023-11-27 11:26:57,41,45,6197,25028
2023-11-27 11:26:58,41,44,6197,25028
2023-11-27 11:27:05,41,45,6197,25028
2023-11-27 11:27:05,42,45,6197,25028
2023-11-27 11:27:06,42,44,6197,25028
2023-11-27 11:27:06,40,44,6197,25028
2023-11-27 11:27:10,41,44,6197,25028
2023-11-27 11:27:16,41,43,6197,25028
2023-11-27 11:27:20,41,44,6197,25028
2023-11-27 11:27:22,41,43,6197,25028
2023-11-27 11:27:24,41,44,6197,25028
2023-11-27 11:27:24,42,44,6197,25028
2023-11-27 11:27:25,42,43,6197,25028
2023-11-27 11:27:25,41,43,6197,25028
2023-11-27 11:27:32,41,44,6197,25028
2023-11-27 11:27:34,42,44,6197,25028
2023-11-27 11:27:38,42,43,6197,25028
2023-11-27 11:27:39,41,43,6197,25028
2023-11-27 11:27:39,42,43,6197,25028
2023-11-27 11:27:41,41,43,6197,25028
2023-11-27 11:27:46,40,43,6197,25028
2023-11-27 11:27:55,40,41,6197,25028
2023-11-27 11:27:57,39,41,6197,25028
2023-11-27 11:27:58,40,41,6197,25028
2023-11-27 11:28:03,40,41,6197,25378
2023-11-27 11:28:04,40,41,6197,25728
2023-11-27 11:28:06,40,41,6397,25928
2023-11-27 11:28:07,40,44,6397,26028
2023-11-27 11:28:08,41,44,6397,26028
2023-11-27 11:28:11,40,44,6397,26028
2023-11-27 11:28:11,41,44,6397,26028
2023-11-27 11:28:12,40,44,6397,26028
2023-11-27 11:28:16,41,44,6397,26028
2023-11-27 11:28:16,40,44,6397,26028
2023-11-27 11:28:18,41,44,6397,26028
2023-11-27 11:28:19,41,43,6397,26028
2023-11-27 11:28:26,40,43,6397,26028
2023-11-27 11:28:30,39,43,6397,26028
2023-11-27 11:28:34,39,42,6397,26028
2023-11-27 11:28:42,39,41,6397,26028
2023-11-27 11:28:42,38,41,6397,26028
2023-11-27 11:28:43,38,40,6397,26028
2023-11-27 11:28:44,37,41,6397,26028
2023-11-27 11:28:44,37,40,6397,26028
2023-11-27 11:28:58,37,39,6397,26028
2023-11-27 11:28:59,36,39,6397,26028
2023-11-27 11:28:59,36,38,6397,26028
2023-11-27 11:29:05,35,38,6397,26028
2023-11-27 11:29:05,35,39,6397,26028
2023-11-27 11:29:07,35,38,6397,26028
2023-11-27 11:29:13,35,39,6397,26028
2023-11-27 11:29:18,35,38,6397,26028
2023-11-27 11:29:18,35,37,6397,26028
2023-11-27 11:29:21,35,36,6397,26028
2023-11-27 11:29:27,35,37,6397,26028
2023-11-27 11:29:29,35,36,6397,26028
2023-11-27 11:29:30,35,37,6397,26028
2023-11-27 11:29:30,35,36,6397,26028
2023-11-27 11:29:31,35,37,6397,26028
2023-11-27 11:29:32,35,36,6397,26028
2023-11-27 11:29:41,34,36,6397,26028
2023-11-27 11:29:46,33,36,6397,26028
2023-11-27 11:29:49,33,37,6397,26028
2023-11-27 11:29:49,33,36,6397,26028
2023-11-27 11:29:53,33,35,6397,26028
2023-11-27 11:30:05,33,36,6397,26028
2023-11-27 11:30:06,33,35,6397,26028
2023-11-27 11:30:08,33,37,6397,26028
2023-11-27 11:30:08,33,35,6397,26028
2023-11-27 11:30:08,33,37,6397,26028
2023-11-27 11:30:08,33,35,6397,26028
2023-11-27 11:30:08,33,37,6397,26028
2023-11-27 11:30:08,33,35,6397,26028
2023-11-27 11:30:08,33,37,6397,26028
2023-11-27 11:30:08,33,35,6397,26028
2023-11-27 11:30:09,33,37,6397,26028
2023-11-27 11:30:09,33,35,6397,26028
2023-11-27 11:30:09,33,37,6397,26028
2023-11-27 11:30:09,33,35,6397,26028
2023-11-27 11:30:09,33,37,6397,26028
2023-11-27 11:30:09,33,35,6397,26028
2023-11-27 11:30:09,33,37,6397,26028
2023-11-27 11:30:09,33,35,6397,26028
2023-11-27 11:30:09,33,37,6397,26028
2023-11-27 11:30:09,33,35,6397,26028
2023-11-27 11:30:10,33,37,6397,26028
2023-11-27 11:30:10,33,35,6397,26028
2023-11-27 11:30:11,33,36,6397,26028
2023-11-27 11:30:11,33,35,6397,26028
2023-11-27 11:30:22,33,34,6397,26028
2023-11-27 11:30:23,33,35,6397,26028
2023-11-27 11:30:23,33,36,6397,26028
2023-11-27 11:30:23,33,34,6397,26028
2023-11-27 11:30:23,33,35,6397,26028
2023-11-27 11:30:23,33,34,6397,26028
2023-11-27 11:30:27,33,36,6397,26028
2023-11-27 11:30:28,33,37,6397,26028
2023-11-27 11:30:28,33,35,6397,26028
2023-11-27 11:30:28,33,37,6397,26028
2023-11-27 11:30:28,33,35,6397,26028
2023-11-27 11:30:28,33,37,6397,26028
2023-11-27 11:30:28,33,35,6397,26028
2023-11-27 11:30:28,33,37,6397,26028
2023-11-27 11:30:28,33,35,6397,26028
2023-11-27 11:30:29,33,37,6397,26028
2023-11-27 11:30:29,33,35,6397,26028
2023-11-27 11:30:29,33,37,6397,26028
2023-11-27 11:30:29,33,35,6397,26028
2023-11-27 11:30:29,33,37,6397,26028
2023-11-27 11:30:29,33,35,6397,26028
2023-11-27 11:30:29,33,37,6397,26028
2023-11-27 11:30:29,33,35,6397,26028
2023-11-27 11:30:30,33,34,6397,26028
2023-11-27 11:30:39,33,36,6397,26028
2023-11-27 11:30:41,32,36,6397,26028
2023-11-27 11:30:43,32,35,6397,26028
2023-11-27 11:30:43,32,34,6397,26028
2023-11-27 11:30:47,32,35,6231,26194
2023-11-27 11:30:47,32,34,6231,26194
2023-11-27 11:30:49,32,35,6231,26194
2023-11-27 11:30:50,33,35,6231,26194
2023-11-27 11:30:52,32,35,6231,26194
2023-11-27 11:30:54,33,35,6231,26194
2023-11-27 11:30:55,32,35,6231,26194
2023-11-27 11:30:58,32,34,6231,26194
2023-11-27 11:30:59,32,35,5676,26749
2023-11-27 11:30:59,32,34,5676,26749
2023-11-27 11:31:01,33,34,5676,26749
2023-11-27 11:31:01,33,35,5676,26749
2023-11-27 11:31:04,33,36,5676,26749
2023-11-27 11:31:07,33,38,5676,26749
2023-11-27 11:31:13,33,37,5676,26749
2023-11-27 11:31:13,33,36,5676,26749
2023-11-27 11:31:18,33,35,5676,26749
2023-11-27 11:31:19,33,36,5676,26749
2023-11-27 11:31:19,33,35,5676,26749
2023-11-27 11:31:19,34,35,5676,26749
2023-11-27 11:31:20,33,35,5676,26749
2023-11-27 11:31:21,34,35,5676,26749
2023-11-27 11:31:22,33,35,5676,26749
2023-11-27 11:31:23,34,35,5676,26749
2023-11-27 11:31:24,33,35,5676,26749
2023-11-27 11:31:25,34,35,5676,26749
2023-11-27 11:31:27,33,35,5676,26749
2023-11-27 11:31:27,33,37,5676,26749
2023-11-27 11:31:27,33,35,5676,26749
2023-11-27 11:31:27,33,36,5676,26749
2023-11-27 11:31:27,33,35,5676,26749
2023-11-27 11:31:28,34,35,5676,26749
2023-11-27 11:31:33,33,35,5676,26749
2023-11-27 11:31:42,34,35,5676,26749
2023-11-27 11:31:42,33,35,5676,26749
2023-11-27 11:31:43,34,35,5676,26749
2023-11-27 11:31:44,33,35,5676,26749
2023-11-27 11:31:45,34,35,5676,26749
2023-11-27 11:31:46,33,35,5676,26749
2023-11-27 11:31:49,34,35,5676,26749
2023-11-27 11:31:51,33,35,5676,26749
2023-11-27 11:31:51,33,37,5676,26749
2023-11-27 11:31:51,34,37,5676,26749
2023-11-27 11:31:51,34,35,5676,26749
2023-11-27 11:31:52,33,35,5676,26749
2023-11-27 11:31:53,34,35,5676,26749
2023-11-27 11:31:54,33,35,5676,26749
2023-11-27 11:31:56,34,35,5676,26749
2023-11-27 11:31:57,34,36,5676,26749
2023-11-27 11:32:08,34,37,5676,26749
2023-11-27 11:32:08,34,38,5676,26749
2023-11-27 11:32:09,34,37,5676,26749
2023-11-27 11:32:11,35,37,5676,26749
2023-11-27 11:32:11,35,38,5676,26749
2023-11-27 11:32:13,35,37,5676,26749
2023-11-27 11:32:14,34,37,5676,26749
2023-11-27 11:32:19,34,36,5676,26749
2023-11-27 11:32:24,34,37,5676,26749
2023-11-27 11:32:28,35,37,5676,26749
2023-11-27 11:32:32,34,37,5676,26749
2023-11-27 11:32:37,35,37,5676,26749
2023-11-27 11:32:45,35,38,5676,26749
2023-11-27 11:32:45,35,37,5676,26749
2023-11-27 11:32:47,35,38,5676,26749
2023-11-27 11:32:52,36,38,5676,26749
2023-11-27 11:32:52,36,40,5676,26749
2023-11-27 11:32:52,36,39,5676,26749
2023-11-27 11:32:59,36,40,5676,26749
2023-11-27 11:33:01,36,39,5676,26749
2023-11-27 11:33:02,36,40,5676,26749
2023-11-27 11:33:08,37,40,5676,26749
2023-11-27 11:33:08,37,39,5676,26749
2023-11-27 11:33:09,36,39,5676,26749
2023-11-27 11:33:11,37,39,5676,26749
2023-11-27 11:33:13,37,40,5676,26749
2023-11-27 11:33:17,38,40,5676,26749
2023-11-27 11:33:17,38,42,5676,26749
2023-11-27 11:33:18,39,42,5676,26749
2023-11-27 11:33:19,39,43,5676,26749
2023-11-27 11:33:20,40,43,5676,26749
2023-11-27 11:33:22,39,43,5676,26749
2023-11-27 11:33:24,40,43,5676,26749
2023-11-27 11:33:25,39,43,5676,26749
2023-11-27 11:33:27,40,43,5676,26749
2023-11-27 11:33:29,39,43,5676,26749
2023-11-27 11:33:31,40,43,5676,26749
2023-11-27 11:33:32,39,43,5676,26749
2023-11-27 11:33:33,40,43,5676,26749
2023-11-27 11:33:33,40,42,5676,26749
2023-11-27 11:33:34,39,42,5676,26749
2023-11-27 11:33:34,40,42,5676,26749
2023-11-27 11:33:34,40,41,5676,26749
2023-11-27 11:33:36,40,42,5676,26749
2023-11-27 11:33:40,40,41,5676,26749
2023-11-27 11:33:41,40,42,5676,26749
2023-11-27 11:33:46,40,43,5531,27200
2023-11-27 11:33:49,40,44,5531,27200
2023-11-27 11:33:50,41,44,5531,27200
2023-11-27 11:33:54,41,43,5531,27200
2023-11-27 11:34:01,40,43,5531,27200
2023-11-27 11:34:02,41,43,5531,27200
2023-11-27 11:34:15,40,43,5531,27200
2023-11-27 11:34:16,39,43,5531,27200
2023-11-27 11:34:20,40,43,5531,27200
2023-11-27 11:34:21,39,43,5531,27200
2023-11-27 11:34:24,40,43,5531,27200
2023-11-27 11:34:25,39,43,5531,27200
2023-11-27 11:34:31,40,43,5531,27200
2023-11-27 11:34:45,39,43,5531,27200
2023-11-27 11:34:46,39,42,5531,27200
2023-11-27 11:34:53,38,42,5531,27200
2023-11-27 11:35:00,38,41,5531,27200
2023-11-27 11:35:03,38,40,5531,27200
2023-11-27 11:35:04,37,40,5531,27200
2023-11-27 11:35:04,36,40,5531,27200
2023-11-27 11:35:05,37,40,5531,27200
2023-11-27 11:35:06,36,40,5531,27200
2023-11-27 11:35:09,37,40,5531,27200
2023-11-27 11:35:10,37,41,5531,27200
2023-11-27 11:35:16,38,41,5531,27200
2023-11-27 11:35:19,37,41,5531,27200
2023-11-27 11:35:23,37,40,5531,27200
2023-11-27 11:35:24,37,41,5531,27200
2023-11-27 11:35:40,38,41,5531,27200
2023-11-27 11:35:44,37,41,5531,27200
2023-11-27 11:35:44,38,41,5531,27200
2023-11-27 11:35:45,37,41,5531,27200
2023-11-27 11:35:46,37,40,5531,27200
2023-11-27 11:35:52,36,40,5531,27200
2023-11-27 11:35:53,36,39,5531,27200
2023-11-27 11:35:53,35,39,5531,27200
2023-11-27 11:36:00,35,38,5531,27200
2023-11-27 11:36:16,34,38,5531,27200
2023-11-27 11:36:17,34,37,5531,27200
2023-11-27 11:36:18,33,37,5531,27200
2023-11-27 11:36:22,33,37,5531,27200
2023-11-27 11:36:32,34,37,5531,27200
2023-11-27 11:36:33,33,37,5531,27200
2023-11-27 11:36:38,33,36,5531,27200
2023-11-27 11:36:47,33,37,5531,27200
2023-11-27 11:36:57,33,36,5531,27200
2023-11-27 11:37:15,32,36,5531,27200
2023-11-27 11:37:18,32,35,5531,27200
2023-11-27 11:37:22,32,36,5531,27200
2023-11-27 11:37:33,32,35,5531,27200
2023-11-27 11:37:34,33,35,5531,27200
2023-11-27 11:37:37,32,35,5531,27200
2023-11-27 11:37:37,32,35,5586,27255
2023-11-27 11:37:37,33,35,5586,27255
2023-11-27 11:37:39,32,35,5586,27255
2023-11-27 11:37:51,31,35,5586,27255
2023-11-27 11:37:54,32,35,5586,27255
2023-11-27 11:38:07,31,35,5586,27255
2023-11-27 11:38:14,31,34,5586,27255
2023-11-27 11:38:20,30,34,5586,27255
2023-11-27 11:38:31,31,34,5586,27255
2023-11-27 11:38:32,30,34,5586,27255
2023-11-27 11:38:35,30,33,5586,27255
2023-11-27 11:38:40,29,33,5586,27255
2023-11-27 11:38:42,30,33,5586,27255
2023-11-27 11:38:45,30,34,5586,27255
2023-11-27 11:38:52,30,33,5586,27255
2023-11-27 11:38:57,31,33,5586,27255
2023-11-27 11:38:57,30,33,5586,27255
2023-11-27 11:38:58,31,33,5586,27255
2023-11-27 11:38:59,30,33,5586,27255
2023-11-27 11:39:00,31,33,5586,27255
2023-11-27 11:39:21,32,33,5586,27255
2023-11-27 11:39:29,32,33,5936,27605
2023-11-27 11:39:35,32,33,6286,27955
2023-11-27 11:39:36,32,37,6531,28200
2023-11-27 11:39:37,33,37,6531,28200
2023-11-27 11:39:38,33,38,6531,28200
2023-11-27 11:39:49,34,38,6531,28200
2023-11-27 11:39:52,33,38,6531,28200
2023-11-27 11:39:52,34,38,6531,28200
2023-11-27 11:39:53,33,38,6531,28200
2023-11-27 11:39:53,34,38,6531,28200
2023-11-27 11:39:55,34,37,6531,28200
2023-11-27 11:39:59,33,37,6531,28200
2023-11-27 11:39:59,34,37,6531,28200
2023-11-27 11:40:00,33,37,6531,28200
2023-11-27 11:40:02,33,36,6531,28200
2023-11-27 11:40:02,32,36,6531,28200
2023-11-27 11:40:03,32,35,6531,28200
2023-11-27 11:40:03,31,35,6531,28200
2023-11-27 11:40:06,31,36,6531,28200
2023-11-27 11:40:08,31,35,6531,28200
2023-11-27 11:40:14,30,35,6531,28200
2023-11-27 11:40:15,31,35,6531,28200
2023-11-27 11:40:19,31,36,6531,28200
2023-11-27 11:40:19,32,36,6531,28200
2023-11-27 11:40:28,32,35,6531,28200
2023-11-27 11:40:30,31,35,6531,28200
2023-11-27 11:40:31,32,35,6531,28200
2023-11-27 11:40:39,31,35,6531,28200
2023-11-27 11:40:43,32,35,6531,28200
2023-11-27 11:40:46,32,33,6531,28200
2023-11-27 11:41:10,31,33,6531,28200
2023-11-27 11:41:19,30,33,6531,28200
2023-11-27 11:41:21,31,33,6531,28200
2023-11-27 11:41:21,30,33,6531,28200
2023-11-27 11:41:23,29,33,6531,28200
2023-11-27 11:41:31,28,33,6531,28200
2023-11-27 11:41:33,28,32,6531,28200
2023-11-27 11:41:34,28,33,6531,28200
2023-11-27 11:41:34,29,33,6531,28200
2023-11-27 11:41:37,28,33,6531,28200
2023-11-27 11:41:37,29,33,6531,28200
2023-11-27 11:41:40,29,32,6531,28200
2023-11-27 11:41:44,29,33,6531,28200
2023-11-27 11:41:45,29,32,6531,28200
2023-11-27 11:41:54,28,32,6531,28200
2023-11-27 11:41:54,29,32,6531,28200
2023-11-27 11:42:02,29,33,6531,28200
2023-11-27 11:42:04,28,33,6531,28200
2023-11-27 11:42:04,29,33,6531,28200
2023-11-27 11:42:07,30,33,6531,28200
2023-11-27 11:42:10,29,33,6531,28200
2023-11-27 11:42:14,30,33,6531,28200
2023-11-27 11:42:21,30,34,6531,28200
2023-11-27 11:42:23,31,34,6531,28200
2023-11-27 11:42:24,30,34,6531,28200
2023-11-27 11:42:28,31,34,6531,28200
2023-11-27 11:42:28,31,35,6531,28200
2023-11-27 11:42:36,31,34,6531,28200
2023-11-27 11:42:36,30,34,6531,28200
2023-11-27 11:42:37,31,34,6531,28200
2023-11-27 11:42:39,31,35,6531,28200
2023-11-27 11:42:39,32,35,6531,28200
2023-11-27 11:42:41,32,36,6531,28200
2023-11-27 11:42:57,33,36,6531,28200
2023-11-27 11:42:57,33,34,6531,28200
2023-11-27 11:43:03,33,37,7531,29200
2023-11-27 11:43:04,33,38,7531,29200
2023-11-27 11:43:05,34,38,7531,29200
2023-11-27 11:43:06,35,38,7531,29200
2023-11-27 11:43:07,35,39,7531,29200
2023-11-27 11:43:09,36,39,7531,29200
