datetime,bid,ask,open_interest,volume
2023-11-21 09:31:00,20,25,3014,3500
2023-11-21 09:31:00,20,24,3014,3500
2023-11-21 09:31:00,20,23,3014,3500
2023-11-21 09:31:01,20,22,3014,3500
2023-11-21 09:31:22,20,23,3014,3500
2023-11-21 09:31:23,20,22,3014,3500
2023-11-21 09:31:24,20,23,3014,3500
2023-11-21 09:31:28,20,22,3014,3500
2023-11-21 09:31:31,20,23,3014,3500
2023-11-21 09:31:34,20,22,3014,3500
2023-11-21 09:31:35,20,23,3014,3500
2023-11-21 09:31:36,20,24,3014,3500
2023-11-21 09:31:36,20,23,3014,3500
2023-11-21 09:31:37,20,22,3014,3500
2023-11-21 09:31:47,20,23,3014,3500
2023-11-21 09:31:49,20,24,3014,3500
2023-11-21 09:31:49,21,24,3014,3500
2023-11-21 09:31:50,21,23,3014,3500
2023-11-21 09:31:51,21,24,3014,3500
2023-11-21 09:31:53,21,23,3014,3500
2023-11-21 09:31:54,20,23,3014,3500
2023-11-21 09:32:02,20,22,3014,3500
2023-11-21 09:32:04,20,23,3014,3500
2023-11-21 09:32:17,21,23,3014,3500
2023-11-21 09:32:19,20,23,3014,3500
2023-11-21 09:32:27,20,24,3014,3500
2023-11-21 09:32:27,21,24,3014,3500
2023-11-21 09:32:31,21,25,3014,3500
2023-11-21 09:32:31,21,24,3014,3500
2023-11-21 09:32:36,21,23,3014,3500
2023-11-21 09:32:37,21,24,3014,3500
2023-11-21 09:32:38,21,23,3014,3500
2023-11-21 09:32:39,20,23,3014,3500
2023-11-21 09:32:40,21,23,3014,3500
2023-11-21 09:32:41,21,24,3014,3500
2023-11-21 09:32:42,20,24,3014,3500
2023-11-21 09:32:43,20,24,3014,3500
2023-11-21 09:32:43,20,23,3014,3500
2023-11-21 09:32:44,20,23,3014,3500
2023-11-21 09:32:45,20,24,3014,3500
2023-11-21 09:32:48,21,23,3014,3500
2023-11-21 09:32:49,20,23,3014,3500
2023-11-21 09:32:54,21,23,3014,3500
2023-11-21 09:32:55,20,23,3014,3500
2023-11-21 09:32:56,21,23,3014,3500
2023-11-21 09:33:00,21,24,3014,3500
2023-11-21 09:33:02,21,25,3014,3500
2023-11-21 09:33:02,22,25,3014,3500
2023-11-21 09:33:06,22,25,3014,3500
2023-11-21 09:33:15,22,24,3014,3500
2023-11-21 09:33:21,22,25,3014,3500
2023-11-21 09:33:29,22,24,3014,3500
2023-11-21 09:33:30,21,24,3014,3500
2023-11-21 09:33:39,21,23,3014,3500
2023-11-21 09:33:40,21,24,3014,3500
2023-11-21 09:33:41,21,23,3014,3500
2023-11-21 09:33:45,20,23,3014,3500
2023-11-21 09:33:47,21,23,3014,3500
2023-11-21 09:33:49,21,24,3014,3500
2023-11-21 09:34:00,20,24,3014,3500
2023-11-21 09:34:05,21,23,3014,3500
2023-11-21 09:34:07,21,24,3014,3500
2023-11-21 09:34:10,21,23,3014,3500
2023-11-21 09:34:11,21,24,3014,3500
2023-11-21 09:34:28,22,24,3014,3500
2023-11-21 09:34:30,22,25,3014,3500
2023-11-21 09:34:31,22,24,3014,3500
2023-11-21 09:34:32,22,25,3014,3500
2023-11-21 09:34:45,21,25,3014,3500
2023-11-21 09:34:50,21,25,3014,3500
2023-11-21 09:34:50,22,25,3014,3500
2023-11-21 09:34:52,21,25,3014,3500
2023-11-21 09:34:52,21,24,3014,3500
2023-11-21 09:34:53,22,24,3014,3500
2023-11-21 09:34:53,23,24,3014,3500
2023-11-21 09:34:54,22,24,3014,3500
2023-11-21 09:35:02,21,24,3014,3500
2023-11-21 09:35:02,22,24,3014,3500
2023-11-21 09:35:12,21,24,3014,3500
2023-11-21 09:35:12,21,23,3014,3500
2023-11-21 09:35:14,21,24,3014,3500
2023-11-21 09:35:14,21,24,3014,3500
2023-11-21 09:35:15,21,23,3014,3500
2023-11-21 09:35:40,20,23,3014,3500
2023-11-21 09:35:41,21,23,3014,3500
2023-11-21 09:35:42,20,23,3014,3500
2023-11-21 09:35:43,21,23,3014,3500
2023-11-21 09:35:46,20,23,3014,3500
2023-11-21 09:35:57,21,23,3014,3500
2023-11-21 09:35:58,20,23,3014,3500
2023-11-21 09:36:02,21,23,3014,3500
2023-11-21 09:36:06,20,23,3014,3500
2023-11-21 09:36:11,20,24,3014,3500
2023-11-21 09:36:11,21,24,3014,3500
2023-11-21 09:36:15,20,24,3014,3500
2023-11-21 09:36:15,20,23,3014,3500
2023-11-21 09:36:28,20,24,3014,3500
2023-11-21 09:36:28,21,24,3014,3500
2023-11-21 09:36:29,21,23,3014,3500
2023-11-21 09:36:30,21,24,3014,3500
2023-11-21 09:36:31,21,23,3014,3500
2023-11-21 09:36:32,20,23,3014,3500
2023-11-21 09:36:36,20,24,3014,3500
2023-11-21 09:36:36,21,24,3014,3500
2023-11-21 09:36:37,20,24,3014,3500
2023-11-21 09:36:37,20,23,3014,3500
2023-11-21 09:36:45,20,24,3014,3500
2023-11-21 09:36:45,21,24,3014,3500
2023-11-21 09:36:46,20,24,3014,3500
2023-11-21 09:36:55,20,22,3014,3500
2023-11-21 09:36:55,20,23,3014,3500
2023-11-21 09:36:57,20,22,3014,3500
2023-11-21 09:37:04,19,22,3014,3500
2023-11-21 09:37:12,19,21,3014,3500
2023-11-21 09:37:22,19,22,3014,3500
2023-11-21 09:37:31,19,21,3014,3500
2023-11-21 09:37:32,19,22,3014,3500
2023-11-21 09:37:35,20,22,3014,3500
2023-11-21 09:37:39,19,22,3014,3500
2023-11-21 09:37:40,20,22,3014,3500
2023-11-21 09:37:42,19,22,3014,3500
2023-11-21 09:37:49,20,22,3014,3500
2023-11-21 09:37:50,19,22,3014,3500
2023-11-21 09:37:57,19,21,3014,3500
2023-11-21 09:38:02,19,20,3014,3500
2023-11-21 09:38:21,19,20,3014,3500
2023-11-21 09:38:25,18,20,3014,3500
2023-11-21 09:38:35,19,20,3014,3500
2023-11-21 09:38:36,19,21,3014,3500
2023-11-21 09:38:41,19,22,3014,3500
2023-11-21 09:38:42,20,22,3014,3500
2023-11-21 09:38:43,20,23,3014,3500
2023-11-21 09:38:44,20,22,3014,3500
2023-11-21 09:38:54,20,23,3014,3500
2023-11-21 09:39:04,20,22,3014,3500
2023-11-21 09:39:07,20,23,3014,3500
2023-11-21 09:39:11,20,22,3014,3500
2023-11-21 09:39:12,21,22,3014,3500
2023-11-21 09:39:21,21,23,3014,3500
2023-11-21 09:39:21,21,22,3014,3500
2023-11-21 09:39:34,22,23,3184,3670
2023-11-21 09:39:40,21,23,3184,3670
2023-11-21 09:39:40,21,22,3184,3670
2023-11-21 09:39:43,20,22,3184,3670
2023-11-21 09:39:47,19,22,3184,3670
2023-11-21 09:39:49,19,21,3184,3670
2023-11-21 09:39:54,18,21,3184,3670
2023-11-21 09:39:58,19,21,3184,3670
2023-11-21 09:40:03,18,21,3184,3670
2023-11-21 09:40:06,19,21,3184,3670
2023-11-21 09:40:11,18,21,3184,3670
2023-11-21 09:40:11,19,21,3184,3670
2023-11-21 09:40:13,18,21,3184,3670
2023-11-21 09:40:13,19,21,3184,3670
2023-11-21 09:40:15,19,20,3184,3670
2023-11-21 09:40:16,19,21,3184,3670
2023-11-21 09:40:17,19,20,3184,3670
2023-11-21 09:40:18,19,21,3184,3670
2023-11-21 09:40:22,19,22,3184,3670
2023-11-21 09:40:23,19,21,3184,3670
2023-11-21 09:40:47,19,20,3184,3670
2023-11-21 09:40:51,19,21,3184,3670
2023-11-21 09:40:51,19,20,3184,3670
2023-11-21 09:40:52,19,21,3340,3826
2023-11-21 09:40:52,20,21,3340,3826
2023-11-21 09:41:07,19,21,3340,3826
2023-11-21 09:41:07,19,20,3340,3826
2023-11-21 09:41:12,19,21,3340,3826
2023-11-21 09:41:13,19,20,3340,3826
2023-11-21 09:41:23,19,21,3340,3826
2023-11-21 09:41:23,19,20,3340,3826
2023-11-21 09:41:25,18,20,3340,3826
2023-11-21 09:41:31,19,20,3340,3826
2023-11-21 09:41:31,19,20,3457,3943
2023-11-21 09:41:32,18,20,3457,3943
2023-11-21 09:41:33,18,19,3457,3943
2023-11-21 09:41:42,18,20,3457,3943
2023-11-21 09:41:43,19,20,3457,3943
2023-11-21 09:41:59,19,21,3457,3943
2023-11-21 09:41:59,19,20,3457,3943
2023-11-21 09:42:07,19,21,3457,3943
2023-11-21 09:42:08,19,20,3457,3943
2023-11-21 09:42:09,19,21,3457,3943
2023-11-21 09:42:14,19,22,3457,3943
2023-11-21 09:42:14,19,21,3457,3943
2023-11-21 09:42:17,19,22,3457,3943
2023-11-21 09:42:18,20,22,3457,3943
2023-11-21 09:42:19,19,22,3457,3943
2023-11-21 09:42:19,19,21,3457,3943
2023-11-21 09:42:20,20,21,3457,3943
2023-11-21 09:42:20,20,22,3457,3943
2023-11-21 09:42:23,19,22,3457,3943
2023-11-21 09:42:27,20,22,3457,3943
2023-11-21 09:42:27,20,21,3457,3943
2023-11-21 09:42:28,20,22,3457,3943
2023-11-21 09:42:42,20,23,3457,3943
2023-11-21 09:42:50,21,23,3457,3943
2023-11-21 09:43:05,21,22,3457,3943
2023-11-21 09:43:07,20,22,3457,3943
2023-11-21 09:43:13,19,22,3457,3943
2023-11-21 09:43:16,20,22,3457,3943
2023-11-21 09:43:16,20,23,3457,3943
2023-11-21 09:43:18,20,22,3457,3943
2023-11-21 09:43:19,19,22,3457,3943
2023-11-21 09:43:20,20,22,3457,3943
2023-11-21 09:43:22,19,22,3457,3943
2023-11-21 09:43:24,19,21,3457,3943
2023-11-21 09:43:35,18,21,3457,3943
2023-11-21 09:43:36,19,21,3457,3943
2023-11-21 09:43:39,19,20,3457,3943
2023-11-21 09:43:40,19,21,3457,3943
2023-11-21 09:43:40,19,20,3457,3943
2023-11-21 09:43:43,18,20,3457,3943
2023-11-21 09:44:13,19,20,3457,3943
2023-11-21 09:44:13,19,21,3457,3943
2023-11-21 09:44:20,19,22,3457,3943
2023-11-21 09:44:24,20,22,3457,3943
2023-11-21 09:44:28,20,23,3457,3943
2023-11-21 09:44:28,20,22,3457,3943
2023-11-21 09:44:28,20,23,3457,3943
2023-11-21 09:44:29,20,22,3457,3943
2023-11-21 09:44:30,19,22,3457,3943
2023-11-21 09:44:33,19,21,3457,3943
2023-11-21 09:44:44,18,21,3457,3943
2023-11-21 09:44:46,18,20,3457,3943
2023-11-21 09:44:49,18,21,3457,3943
2023-11-21 09:44:50,18,20,3457,3943
2023-11-21 09:45:08,18,19,3457,3943
2023-11-21 09:45:10,18,20,3457,3943
2023-11-21 09:45:11,18,19,3457,3943
2023-11-21 09:45:16,18,20,3457,3943
2023-11-21 09:45:18,18,19,3457,3943
2023-11-21 09:45:20,17,19,3457,3943
2023-11-21 09:45:23,17,18,3457,3943
2023-11-21 09:45:40,17,19,3457,3943
2023-11-21 09:45:43,17,18,3457,3943
2023-11-21 09:45:44,17,19,3457,3943
2023-11-21 09:45:47,17,18,3457,3943
2023-11-21 09:45:50,17,19,3457,3943
2023-11-21 09:45:53,17,18,3457,3943
2023-11-21 09:45:55,17,19,3457,3943
2023-11-21 09:45:55,17,18,3457,3943
2023-11-21 09:46:16,16,18,3457,4143
2023-11-21 09:46:16,16,17,3457,4143
2023-11-21 09:46:25,16,18,3457,4143
2023-11-21 09:46:36,16,17,3457,4143
2023-11-21 09:46:44,16,18,3457,4143
2023-11-21 09:46:49,16,19,3457,4143
2023-11-21 09:46:56,17,19,3457,4143
2023-11-21 09:46:57,16,19,3457,4143
2023-11-21 09:46:59,16,18,3457,4143
2023-11-21 09:47:00,16,19,3457,4143
2023-11-21 09:47:00,16,18,3457,4143
2023-11-21 09:47:01,17,18,3457,4143
2023-11-21 09:47:01,17,19,3457,4143
2023-11-21 09:47:01,17,18,3457,4143
2023-11-21 09:47:02,17,19,3457,4143
2023-11-21 09:47:09,17,18,3457,4143
2023-11-21 09:47:10,17,19,3457,4143
2023-11-21 09:47:40,17,18,3457,4143
2023-11-21 09:47:41,16,18,3457,4143
2023-11-21 09:47:41,17,18,3457,4143
2023-11-21 09:47:43,17,19,3457,4143
2023-11-21 09:47:45,17,18,3457,4143
2023-11-21 09:47:47,16,18,3457,4143
2023-11-21 09:48:11,16,17,3457,4143
2023-11-21 09:48:16,16,18,3457,4143
2023-11-21 09:48:17,16,17,3457,4143
2023-11-21 09:48:19,15,17,3457,4143
2023-11-21 09:49:18,15,18,3457,4143
2023-11-21 09:49:19,16,18,3457,4143
2023-11-21 09:49:20,15,18,3457,4143
2023-11-21 09:49:23,16,18,3457,4143
2023-11-21 09:49:29,16,19,3457,4143
2023-11-21 09:49:32,17,19,3457,4143
2023-11-21 09:49:45,16,19,3457,4143
2023-11-21 09:49:45,17,19,3457,4143
2023-11-21 09:49:45,17,18,3457,4143
2023-11-21 09:49:45,16,18,3457,4143
2023-11-21 09:50:05,16,19,3457,4143
2023-11-21 09:50:05,16,18,3457,4143
2023-11-21 09:50:28,17,18,3457,4143
2023-11-21 09:50:28,17,19,3457,4143
2023-11-21 09:50:34,17,20,3457,4143
2023-11-21 09:50:35,18,20,3457,4143
2023-11-21 09:50:43,18,21,3457,4143
2023-11-21 09:50:47,19,21,3457,4143
2023-11-21 09:51:05,18,21,3457,4143
2023-11-21 09:51:05,19,21,3457,4143
2023-11-21 09:51:07,18,21,3457,4143
2023-11-21 09:51:08,19,21,3457,4143
2023-11-21 09:51:09,18,21,3457,4143
2023-11-21 09:51:17,18,20,3457,4143
2023-11-21 09:51:32,18,19,3457,4143
2023-11-21 09:51:32,18,20,3457,4143
2023-11-21 09:51:33,18,19,3457,4143
2023-11-21 09:51:35,17,19,3457,4143
2023-11-21 09:51:42,18,19,3457,4143
2023-11-21 09:51:42,18,20,3457,4143
2023-11-21 09:51:43,18,19,3457,4143
2023-11-21 09:51:44,17,19,3457,4143
2023-11-21 09:52:04,18,19,3457,4143
2023-11-21 09:52:04,18,20,3457,4143
2023-11-21 09:52:07,17,20,3457,4143
2023-11-21 09:52:07,17,19,3457,4143
2023-11-21 09:52:12,18,19,3457,4143
2023-11-21 09:52:17,18,20,3457,4143
2023-11-21 09:52:24,18,21,3457,4143
2023-11-21 09:52:24,18,20,3457,4143
2023-11-21 09:52:32,18,19,3457,4143
2023-11-21 09:52:34,17,19,3457,4143
2023-11-21 09:52:36,18,19,3457,4143
2023-11-21 09:52:36,18,20,3457,4143
2023-11-21 09:52:52,18,19,3457,4143
2023-11-21 09:52:52,18,20,3457,4143
2023-11-21 09:52:53,18,19,3457,4143
2023-11-21 09:52:54,18,20,3457,4143
2023-11-21 09:53:32,18,19,3457,4143
2023-11-21 09:53:35,18,20,3457,4143
2023-11-21 09:53:41,18,19,3457,4143
2023-11-21 09:53:42,18,20,3457,4143
2023-11-21 09:53:51,18,19,3457,4143
2023-11-21 09:53:54,18,20,3457,4143
2023-11-21 09:54:02,18,21,3457,4143
2023-11-21 09:54:08,19,21,3457,4143
2023-11-21 09:54:11,19,22,3457,4143
2023-11-21 09:54:19,19,21,3457,4143
2023-11-21 09:54:20,19,22,3457,4143
2023-11-21 09:54:21,19,21,3457,4143
2023-11-21 09:54:22,19,22,3457,4143
2023-11-21 09:54:24,19,21,3457,4143
2023-11-21 09:54:26,19,22,3457,4143
2023-11-21 09:54:26,20,22,3457,4143
2023-11-21 09:55:02,20,21,3457,4143
2023-11-21 09:55:02,19,21,3457,4143
2023-11-21 09:55:13,18,21,3457,4143
2023-11-21 09:55:22,18,20,3457,4143
2023-11-21 09:55:23,18,21,3457,4143
2023-11-21 09:55:23,18,20,3457,4143
2023-11-21 09:55:25,19,20,3457,4143
2023-11-21 09:55:26,18,20,3457,4143
2023-11-21 09:55:26,19,20,3457,4143
2023-11-21 09:55:28,19,21,3457,4143
2023-11-21 09:55:28,19,20,3457,4143
2023-11-21 09:55:31,18,20,3457,4143
2023-11-21 09:55:38,17,20,3457,4143
2023-11-21 09:55:43,18,20,3457,4143
2023-11-21 09:55:49,17,20,3457,4143
2023-11-21 09:55:49,17,19,3457,4143
2023-11-21 09:55:55,17,20,3457,4143
2023-11-21 09:55:55,17,19,3457,4143
2023-11-21 09:56:03,16,19,3457,4143
2023-11-21 09:56:03,16,18,3457,4143
2023-11-21 09:56:11,16,19,3457,4143
2023-11-21 09:56:12,16,18,3457,4143
2023-11-21 09:56:13,16,19,3457,4143
2023-11-21 09:56:14,17,19,3457,4143
2023-11-21 09:56:16,16,19,3457,4143
2023-11-21 09:56:16,16,18,3457,4143
2023-11-21 09:56:22,17,18,3457,4143
2023-11-21 09:56:23,16,18,3457,4143
2023-11-21 09:56:50,17,18,3457,4143
2023-11-21 09:56:52,16,18,3457,4143
2023-11-21 09:56:57,16,19,3457,4143
2023-11-21 09:56:57,16,18,3457,4143
2023-11-21 09:56:58,17,18,3457,4143
2023-11-21 09:57:00,17,19,3457,4143
2023-11-21 09:57:16,17,18,3457,4143
2023-11-21 09:57:18,17,19,3457,4143
2023-11-21 09:57:19,17,18,3457,4143
2023-11-21 09:57:24,17,19,3457,4143
2023-11-21 09:57:24,17,18,3457,4143
2023-11-21 09:57:26,16,18,3457,4143
2023-11-21 09:57:40,16,17,3457,4143
2023-11-21 09:58:03,16,18,3457,4143
2023-11-21 09:58:06,16,17,3457,4143
2023-11-21 09:58:07,16,18,3457,4143
2023-11-21 09:58:09,16,17,3457,4143
2023-11-21 09:58:12,16,18,3457,4143
2023-11-21 09:58:26,16,19,3457,4143
2023-11-21 09:58:28,17,19,3457,4143
2023-11-21 09:58:28,17,18,3457,4143
2023-11-21 09:58:33,17,19,3457,4143
2023-11-21 09:58:33,17,18,3457,4143
2023-11-21 09:58:37,16,18,3457,4143
2023-11-21 09:58:38,17,18,3457,4143
2023-11-21 09:58:39,16,18,3457,4143
2023-11-21 09:58:41,17,18,3457,4143
2023-11-21 09:58:42,16,18,3457,4143
2023-11-21 09:58:44,17,18,3457,4143
2023-11-21 09:58:45,16,18,3457,4143
2023-11-21 09:58:56,17,18,3457,4143
2023-11-21 09:59:03,16,18,3457,4143
2023-11-21 09:59:06,16,17,3457,4143
2023-11-21 09:59:07,16,18,3457,4143
2023-11-21 09:59:12,16,18,3567,4253
2023-11-21 09:59:14,16,17,3567,4253
2023-11-21 09:59:17,16,18,3567,4253
2023-11-21 09:59:18,16,17,3567,4253
2023-11-21 09:59:58,16,18,3567,4253
2023-11-21 09:59:58,16,17,3567,4253
2023-11-21 10:00:01,16,17,3767,4453
2023-11-21 10:00:01,16,19,3767,4453
2023-11-21 10:00:06,16,18,3767,4453
2023-11-21 10:00:07,16,19,3767,4453
2023-11-21 10:00:07,16,18,3767,4453
2023-11-21 10:00:11,16,19,3767,4453
2023-11-21 10:00:12,17,19,3767,4453
2023-11-21 10:00:17,17,18,3767,4453
2023-11-21 10:00:26,17,19,3767,4453
2023-11-21 10:00:33,17,18,3767,4453
2023-11-21 10:00:34,17,19,3767,4453
2023-11-21 10:00:41,18,19,3767,4453
2023-11-21 10:00:41,18,20,3767,4453
2023-11-21 10:00:42,18,21,3767,4453
2023-11-21 10:00:43,18,20,3767,4453
2023-11-21 10:00:47,17,20,3767,4453
2023-11-21 10:00:51,18,20,3767,4453
2023-11-21 10:00:53,17,20,3767,4453
2023-11-21 10:00:53,17,19,3767,4453
2023-11-21 10:01:05,16,19,3767,4453
2023-11-21 10:01:18,16,18,3767,4453
2023-11-21 10:01:30,16,17,3767,4453
2023-11-21 10:01:33,15,17,3767,4453
2023-11-21 10:01:37,15,18,3767,4453
2023-11-21 10:01:41,15,17,3767,4453
2023-11-21 10:01:47,16,17,3767,4453
2023-11-21 10:01:47,16,18,3767,4453
2023-11-21 10:01:49,15,18,3767,4453
2023-11-21 10:01:50,15,18,3767,4453
2023-11-21 10:01:51,16,18,3767,4453
2023-11-21 10:02:02,17,18,3767,4453
2023-11-21 10:02:02,17,19,3767,4453
2023-11-21 10:02:03,17,20,3767,4453
2023-11-21 10:02:04,18,20,3767,4453
2023-11-21 10:02:10,18,21,3767,4453
2023-11-21 10:02:11,18,20,3767,4453
2023-11-21 10:02:12,18,21,3767,4453
2023-11-21 10:02:13,18,20,3767,4453
2023-11-21 10:02:20,18,19,3767,4453
2023-11-21 10:02:21,18,20,3767,4453
2023-11-21 10:02:21,18,19,3767,4453
2023-11-21 10:02:24,17,19,3767,4453
2023-11-21 10:02:25,18,19,3767,4453
2023-11-21 10:02:25,18,20,3767,4453
2023-11-21 10:02:29,18,19,3767,4453
2023-11-21 10:02:31,18,20,3767,4453
2023-11-21 10:02:32,18,19,3767,4453
2023-11-21 10:02:43,18,20,3767,4453
2023-11-21 10:02:44,18,19,3767,4453
2023-11-21 10:02:45,18,20,3767,4453
2023-11-21 10:02:48,19,20,3767,4453
2023-11-21 10:02:49,18,20,3767,4453
2023-11-21 10:02:56,18,19,3767,4453
2023-11-21 10:02:58,18,20,3767,4453
2023-11-21 10:03:00,18,19,3767,4453
2023-11-21 10:03:04,17,19,3767,4453
2023-11-21 10:03:05,18,19,3767,4453
2023-11-21 10:03:05,18,20,3767,4453
2023-11-21 10:03:08,18,21,3767,4453
2023-11-21 10:03:08,18,19,3767,4453
2023-11-21 10:03:09,18,20,3767,4453
2023-11-21 10:03:16,18,19,3767,4453
2023-11-21 10:03:17,18,20,3767,4453
2023-11-21 10:03:31,18,19,3767,4453
2023-11-21 10:03:34,17,19,3767,4453
2023-11-21 10:03:36,17,20,3767,4453
2023-11-21 10:03:37,17,19,3767,4453
2023-11-21 10:03:38,17,20,3767,4453
2023-11-21 10:03:39,17,19,3767,4453
2023-11-21 10:03:50,17,18,3767,4453
2023-11-21 10:03:55,17,19,3767,4453
2023-11-21 10:03:55,17,18,3767,4453
2023-11-21 10:04:12,17,19,3767,4453
2023-11-21 10:04:25,17,20,3767,4453
2023-11-21 10:04:25,17,19,3767,4453
2023-11-21 10:04:31,17,18,3767,4453
2023-11-21 10:04:52,16,18,3767,4453
2023-11-21 10:05:06,17,18,3767,4453
2023-11-21 10:05:06,17,19,3767,4453
2023-11-21 10:05:13,16,19,3767,4453
2023-11-21 10:05:13,16,18,3767,4453
2023-11-21 10:05:19,16,19,3767,4453
2023-11-21 10:05:19,16,18,3767,4453
2023-11-21 10:05:30,16,19,3767,4453
2023-11-21 10:05:30,16,18,3767,4453
2023-11-21 10:05:40,16,19,3767,4453
2023-11-21 10:05:40,16,18,3767,4453
2023-11-21 10:05:44,17,18,3767,4453
2023-11-21 10:05:44,17,19,3767,4453
2023-11-21 10:05:51,16,19,3767,4453
2023-11-21 10:05:51,16,18,3767,4453
2023-11-21 10:05:56,16,19,3767,4453
2023-11-21 10:05:56,16,18,3767,4453
2023-11-21 10:06:03,16,19,3767,4453
2023-11-21 10:06:04,16,18,3767,4453
2023-11-21 10:06:05,16,19,3767,4453
2023-11-21 10:06:05,16,18,3767,4453
2023-11-21 10:06:25,17,18,3767,4453
2023-11-21 10:06:25,17,19,3767,4453
2023-11-21 10:06:26,17,18,3767,4453
2023-11-21 10:06:27,17,19,3767,4453
2023-11-21 10:06:43,17,20,3767,4453
2023-11-21 10:06:43,17,19,3767,4453
2023-11-21 10:06:44,17,20,3767,4453
2023-11-21 10:06:46,17,19,3767,4453
2023-11-21 10:06:47,17,20,3767,4453
2023-11-21 10:06:50,18,20,3767,4453
2023-11-21 10:07:02,18,21,3767,4453
2023-11-21 10:07:02,18,20,3767,4453
2023-11-21 10:07:04,18,19,3767,4453
2023-11-21 10:07:06,18,20,3767,4453
2023-11-21 10:07:06,18,21,3767,4453
2023-11-21 10:07:06,18,20,3767,4453
2023-11-21 10:07:09,18,19,3767,4453
2023-11-21 10:07:13,17,19,3767,4453
2023-11-21 10:07:28,18,19,3767,4453
2023-11-21 10:07:29,18,20,3767,4453
2023-11-21 10:07:30,18,19,3767,4453
2023-11-21 10:07:49,18,20,3767,4453
2023-11-21 10:07:50,18,20,4117,4803
2023-11-21 10:07:51,18,21,4117,4803
2023-11-21 10:07:52,19,21,4117,4803
2023-11-21 10:07:56,19,22,4117,4803
2023-11-21 10:08:07,19,21,4117,4803
2023-11-21 10:08:10,19,22,4117,4803
2023-11-21 10:08:10,19,21,4117,4803
2023-11-21 10:08:15,19,22,4117,4803
2023-11-21 10:08:15,19,21,4117,4803
2023-11-21 10:08:29,18,21,4117,4803
2023-11-21 10:08:29,18,20,4117,4803
2023-11-21 10:08:40,18,19,4117,4803
2023-11-21 10:08:46,18,20,4117,4803
2023-11-21 10:08:46,18,19,4117,4803
2023-11-21 10:08:50,18,20,4117,4803
2023-11-21 10:08:50,18,19,4117,4803
2023-11-21 10:09:02,18,20,4117,4803
2023-11-21 10:09:09,18,21,4117,4803
2023-11-21 10:09:42,18,20,4117,4803
2023-11-21 10:09:45,18,21,4117,4803
2023-11-21 10:09:55,19,21,4117,4803
2023-11-21 10:10:02,18,21,4117,4803
2023-11-21 10:10:10,18,20,4117,4803
2023-11-21 10:10:49,17,20,4117,4803
2023-11-21 10:11:06,17,19,4117,4803
2023-11-21 10:11:11,16,19,4117,4803
2023-11-21 10:11:13,16,18,4117,4803
2023-11-21 10:11:13,16,17,4117,4803
2023-11-21 10:11:15,16,18,4117,4803
2023-11-21 10:11:17,16,17,4117,4803
2023-11-21 10:11:23,16,18,4117,4803
2023-11-21 10:11:28,17,18,4117,4803
2023-11-21 10:11:37,17,19,4219,4905
2023-11-21 10:11:37,17,18,4219,4905
2023-11-21 10:11:38,17,19,4219,4905
2023-11-21 10:11:39,18,19,4219,4905
2023-11-21 10:11:39,18,20,4219,4905
2023-11-21 10:11:48,17,20,4219,4905
2023-11-21 10:11:51,18,20,4219,4905
2023-11-21 10:11:53,18,19,4219,4905
2023-11-21 10:11:55,18,20,4219,4905
2023-11-21 10:11:56,18,19,4219,4905
2023-11-21 10:12:03,17,19,4219,4905
2023-11-21 10:12:07,17,20,4219,4905
2023-11-21 10:12:07,17,19,4219,4905
2023-11-21 10:12:11,18,19,4219,4905
2023-11-21 10:12:14,18,20,4418,5104
2023-11-21 10:12:14,18,19,4418,5104
2023-11-21 10:12:16,18,20,4549,5235
2023-11-21 10:12:16,18,19,4549,5235
2023-11-21 10:12:22,17,19,4549,5235
2023-11-21 10:12:30,17,18,4549,5235
2023-11-21 10:12:36,17,19,4549,5235
2023-11-21 10:12:37,17,18,4549,5235
2023-11-21 10:13:02,17,19,4549,5235
2023-11-21 10:13:08,17,19,4549,5335
2023-11-21 10:13:24,17,18,4549,5335
2023-11-21 10:13:26,17,19,4549,5335
2023-11-21 10:13:27,17,18,4549,5335
2023-11-21 10:13:28,17,19,4549,5335
2023-11-21 10:13:28,17,18,4549,5335
2023-11-21 10:13:34,17,19,4549,5335
2023-11-21 10:13:35,17,18,4549,5335
2023-11-21 10:13:40,17,19,4549,5335
2023-11-21 10:13:41,17,18,4549,5335
2023-11-21 10:13:45,17,19,4549,5335
2023-11-21 10:13:45,17,18,4549,5335
2023-11-21 10:15:26,17,19,4549,5335
2023-11-21 10:15:43,17,18,4549,5335
2023-11-21 10:15:43,17,19,4549,5335
2023-11-21 10:15:51,17,18,4549,5335
2023-11-21 10:16:01,17,19,4549,5335
2023-11-21 10:16:07,18,19,4549,5335
2023-11-21 10:16:07,18,20,4549,5335
2023-11-21 10:16:10,18,21,4549,5335
2023-11-21 10:16:15,18,20,4549,5335
2023-11-21 10:16:16,17,20,4549,5335
2023-11-21 10:16:19,17,19,4549,5335
2023-11-21 10:16:32,17,18,4549,5335
2023-11-21 10:16:34,17,19,4549,5335
2023-11-21 10:16:34,17,18,4549,5335
2023-11-21 10:16:51,17,19,4549,5335
2023-11-21 10:17:03,17,18,4549,5335
2023-11-21 10:17:09,17,19,4549,5335
2023-11-21 10:17:09,17,18,4549,5335
2023-11-21 10:17:32,17,19,4549,5335
2023-11-21 10:17:35,17,20,4549,5335
2023-11-21 10:17:37,17,19,4549,5335
2023-11-21 10:17:38,17,20,4549,5335
2023-11-21 10:17:42,17,19,4549,5335
2023-11-21 10:17:49,17,18,4549,5335
2023-11-21 10:17:49,17,19,4549,5335
2023-11-21 10:17:50,17,18,4549,5335
2023-11-21 10:17:50,17,18,4669,5455
2023-11-21 10:17:53,17,19,4669,5455
2023-11-21 10:17:53,17,18,4669,5455
2023-11-21 10:17:55,17,19,4669,5455
2023-11-21 10:17:55,17,18,4669,5455
2023-11-21 10:18:39,17,19,4669,5455
2023-11-21 10:18:42,17,18,4669,5455
2023-11-21 10:18:43,17,19,4669,5455
2023-11-21 10:18:44,17,18,4669,5455
2023-11-21 10:19:08,17,19,4669,5455
2023-11-21 10:19:17,17,20,4669,5455
2023-11-21 10:19:17,18,20,4669,5455
2023-11-21 10:19:20,18,19,4669,5455
2023-11-21 10:19:24,18,20,4669,5455
2023-11-21 10:19:31,18,19,4669,5455
2023-11-21 10:19:36,18,20,4669,5455
2023-11-21 10:19:51,18,19,4669,5455
2023-11-21 10:19:52,18,20,4669,5455
2023-11-21 10:19:53,18,19,4669,5455
2023-11-21 10:19:54,18,20,4669,5455
2023-11-21 10:19:59,19,20,4669,5455
2023-11-21 10:20:00,19,21,4669,5455
2023-11-21 10:20:05,18,21,4669,5455
2023-11-21 10:20:06,18,20,4669,5455
2023-11-21 10:20:22,18,19,4669,5455
2023-11-21 10:20:23,18,20,4669,5455
2023-11-21 10:20:24,18,19,4669,5455
2023-11-21 10:20:35,18,20,4669,5455
2023-11-21 10:20:46,18,19,4669,5455
2023-11-21 10:20:50,17,19,4669,5455
2023-11-21 10:20:50,17,20,4669,5455
2023-11-21 10:20:50,17,19,4669,5455
2023-11-21 10:21:11,17,18,4669,5455
2023-11-21 10:21:35,17,18,4669,5505
2023-11-21 10:21:36,17,18,4669,5705
2023-11-21 10:21:36,15,18,4669,5955
2023-11-21 10:21:36,15,17,4669,5955
2023-11-21 10:21:45,15,16,4669,5955
2023-11-21 10:21:51,14,16,4669,5955
2023-11-21 10:21:53,14,15,4669,5955
2023-11-21 10:21:54,13,15,4669,5955
2023-11-21 10:22:02,13,14,4669,5955
2023-11-21 10:22:03,13,15,4669,5955
2023-11-21 10:22:04,13,14,4669,5955
2023-11-21 10:22:10,13,15,4669,5955
2023-11-21 10:22:10,13,14,4669,5955
2023-11-21 10:22:11,13,15,4669,5955
2023-11-21 10:22:11,13,14,4669,5955
2023-11-21 10:22:12,13,15,4669,5955
2023-11-21 10:22:14,13,14,4669,5955
2023-11-21 10:22:18,13,15,4669,5955
2023-11-21 10:22:20,13,14,4669,5955
2023-11-21 10:22:25,13,15,4669,5955
2023-11-21 10:22:26,13,14,4669,5955
2023-11-21 10:22:27,13,15,4669,5955
2023-11-21 10:22:36,13,14,4669,5955
2023-11-21 10:22:37,13,15,4669,5955
2023-11-21 10:22:38,13,14,4669,5955
2023-11-21 10:22:39,13,15,4669,5955
2023-11-21 10:22:40,13,14,4669,5955
2023-11-21 10:22:41,13,15,4669,5955
2023-11-21 10:22:41,13,14,4669,5955
2023-11-21 10:23:08,12,14,4669,5955
2023-11-21 10:23:14,12,13,4669,5955
2023-11-21 10:23:19,12,14,4669,5955
2023-11-21 10:23:19,12,13,4669,5955
2023-11-21 10:23:21,12,14,4669,5955
2023-11-21 10:23:42,13,14,4669,5955
2023-11-21 10:23:42,13,15,4669,5955
2023-11-21 10:23:53,13,14,4669,5955
2023-11-21 10:23:54,12,14,4669,5955
2023-11-21 10:23:56,12,15,4669,5955
2023-11-21 10:23:56,12,14,4669,5955
2023-11-21 10:24:29,12,14,4719,6005
2023-11-21 10:24:37,12,15,4719,6005
2023-11-21 10:24:37,12,14,4719,6005
2023-11-21 10:24:41,12,13,4719,6005
2023-11-21 10:24:42,12,14,4719,6005
2023-11-21 10:24:46,12,13,4719,6005
2023-11-21 10:24:56,11,13,4719,6005
2023-11-21 10:25:02,11,12,4719,6005
2023-11-21 10:25:04,10,12,4719,6005
2023-11-21 10:25:11,11,12,4719,6005
2023-11-21 10:25:23,11,13,4719,6005
2023-11-21 10:25:26,10,13,4719,6005
2023-11-21 10:25:26,11,13,4719,6005
2023-11-21 10:25:35,10,13,4719,6005
2023-11-21 10:25:35,11,13,4719,6005
2023-11-21 10:25:39,10,13,4719,6005
2023-11-21 10:25:39,11,13,4719,6005
2023-11-21 10:26:17,11,12,4719,6005
2023-11-21 10:26:17,10,12,4719,6005
2023-11-21 10:26:18,11,12,4719,6005
2023-11-21 10:26:19,10,12,4719,6005
2023-11-21 10:26:19,10,13,4719,6005
2023-11-21 10:26:19,10,12,4719,6005
2023-11-21 10:26:40,10,11,4719,6005
2023-11-21 10:26:52,9,11,4719,6005
2023-11-21 10:27:02,9,10,4719,6005
2023-11-21 10:27:02,8,10,4719,6005
2023-11-21 10:27:08,8,9,4719,6005
2023-11-21 10:27:16,7,9,4719,6005
2023-11-21 10:27:16,8,9,4719,6005
2023-11-21 10:27:25,7,9,4719,6005
2023-11-21 10:27:25,8,9,4719,6005
2023-11-21 10:27:40,8,9,4719,6055
2023-11-21 10:27:42,7,9,4719,6055
2023-11-21 10:27:48,8,9,4719,6055
2023-11-21 10:27:53,8,10,4719,6055
2023-11-21 10:28:15,7,10,4719,6055
2023-11-21 10:28:15,8,10,4719,6055
2023-11-21 10:28:18,8,9,4719,6055
2023-11-21 10:28:18,7,9,4719,6055
2023-11-21 10:29:04,7,10,4719,6055
2023-11-21 10:29:04,7,9,4719,6055
2023-11-21 10:29:06,8,9,4719,6055
2023-11-21 10:29:06,8,10,4719,6055
2023-11-21 10:29:07,7,10,4719,6055
2023-11-21 10:29:08,8,10,4719,6055
2023-11-21 10:29:09,7,10,4719,6055
2023-11-21 10:29:09,8,10,4719,6055
2023-11-21 10:29:19,7,10,4719,6055
2023-11-21 10:29:19,8,10,4719,6055
2023-11-21 10:29:20,8,9,4719,6055
2023-11-21 10:29:22,8,10,4719,6055
2023-11-21 10:29:23,8,9,4719,6055
2023-11-21 10:29:39,8,10,4719,6055
2023-11-21 10:29:41,8,9,4719,6055
2023-11-21 10:29:47,7,9,4719,6055
2023-11-21 10:30:07,8,9,4719,6055
2023-11-21 10:30:10,7,9,4719,6055
2023-11-21 10:30:13,8,9,4719,6055
2023-11-21 10:30:14,7,9,4719,6055
2023-11-21 10:30:16,8,9,4719,6055
2023-11-21 10:30:17,7,9,4719,6055
2023-11-21 10:30:26,7,8,4719,6055
2023-11-21 10:30:39,7,9,4719,6255
2023-11-21 10:31:02,7,8,4719,6255
2023-11-21 10:31:03,7,9,4719,6255
2023-11-21 10:31:04,7,8,4719,6255
2023-11-21 10:31:05,7,9,4719,6255
2023-11-21 10:31:14,7,8,4719,6255
2023-11-21 10:31:20,7,9,4719,6255
2023-11-21 10:31:25,7,8,4719,6255
2023-11-21 10:31:27,7,9,4719,6255
2023-11-21 10:31:27,7,8,4719,6255
2023-11-21 10:31:28,7,9,4719,6255
2023-11-21 10:31:30,7,8,4719,6255
2023-11-21 10:31:31,7,9,4719,6255
2023-11-21 10:31:35,7,8,4719,6255
2023-11-21 10:31:36,7,9,4913,6449
2023-11-21 10:31:36,7,8,4913,6449
2023-11-21 10:31:54,7,9,4913,6449
2023-11-21 10:32:06,7,8,4913,6449
2023-11-21 10:32:27,7,9,4913,6449
2023-11-21 10:32:29,7,8,4913,6449
2023-11-21 10:32:33,7,9,4913,6449
2023-11-21 10:32:34,7,8,4913,6449
2023-11-21 10:32:39,7,9,4913,6449
2023-11-21 10:32:39,7,8,4913,6449
2023-11-21 10:32:49,7,9,4913,6449
2023-11-21 10:32:50,7,8,4913,6449
2023-11-21 10:33:02,7,9,5098,6634
2023-11-21 10:33:02,7,8,5098,6634
2023-11-21 10:33:03,7,9,5098,6634
2023-11-21 10:33:14,7,8,5098,6634
2023-11-21 10:33:16,7,9,5098,6634
2023-11-21 10:33:41,8,9,5098,6634
2023-11-21 10:33:47,7,9,5098,6634
2023-11-21 10:34:18,8,9,5098,6634
2023-11-21 10:34:37,7,9,5098,6634
2023-11-21 10:35:27,8,9,5098,6634
2023-11-21 10:35:30,7,9,5098,6634
2023-11-21 10:35:31,8,9,5098,6634
2023-11-21 10:35:32,7,9,5098,6634
2023-11-21 10:35:32,8,9,5098,6634
2023-11-21 10:35:33,7,9,5098,6634
2023-11-21 10:35:36,8,9,5098,6634
2023-11-21 10:35:36,7,9,5098,6634
2023-11-21 10:35:38,8,9,5098,6634
2023-11-21 10:35:43,7,9,5098,6634
2023-11-21 10:35:44,8,9,5098,6634
2023-11-21 10:35:47,7,9,5098,6634
2023-11-21 10:36:10,7,8,5098,6634
2023-11-21 10:36:11,7,9,5098,6634
2023-11-21 10:36:11,7,8,5098,6634
2023-11-21 10:36:13,7,9,5098,6634
2023-11-21 10:36:14,7,8,5098,6634
2023-11-21 10:36:25,7,9,5098,6634
2023-11-21 10:36:27,7,8,5098,6634
2023-11-21 10:36:28,7,9,5098,6634
2023-11-21 10:36:30,7,8,5098,6634
2023-11-21 10:36:32,7,9,5098,6634
2023-11-21 10:36:34,7,8,5098,6634
2023-11-21 10:36:36,7,9,5098,6634
2023-11-21 10:36:36,7,8,5098,6634
2023-11-21 10:36:44,7,9,5098,6634
2023-11-21 10:36:44,7,8,5098,6634
2023-11-21 10:36:48,7,9,5098,6634
2023-11-21 10:36:54,7,8,5098,6634
2023-11-21 10:36:55,7,9,5098,6634
2023-11-21 10:37:22,8,9,5098,6634
2023-11-21 10:37:26,8,10,5098,6634
2023-11-21 10:37:38,8,11,5098,6634
2023-11-21 10:37:39,8,10,5098,6634
2023-11-21 10:37:41,8,11,5098,6634
2023-11-21 10:37:41,8,10,5098,6634
2023-11-21 10:37:43,8,11,5098,6634
2023-11-21 10:37:43,10,11,5098,6634
2023-11-21 10:37:53,8,10,5098,6684
2023-11-21 10:38:11,8,11,5098,6684
2023-11-21 10:38:12,8,10,5098,6684
2023-11-21 10:38:26,7,10,5098,6684
2023-11-21 10:38:38,7,9,5098,6684
2023-11-21 10:38:40,8,9,5098,6684
2023-11-21 10:38:41,7,9,5098,6684
2023-11-21 10:38:56,7,8,5098,6684
2023-11-21 10:39:01,7,9,5098,6684
2023-11-21 10:39:01,7,8,5098,6684
2023-11-21 10:39:42,7,9,5098,6684
2023-11-21 10:39:42,7,8,5098,6684
2023-11-21 10:39:48,7,9,5098,6684
2023-11-21 10:39:49,7,8,5098,6684
2023-11-21 10:39:53,7,9,5098,6684
2023-11-21 10:39:54,7,8,5098,6684
2023-11-21 10:40:00,7,9,5098,6684
2023-11-21 10:40:00,7,8,5098,6684
2023-11-21 10:40:09,7,9,5098,6684
2023-11-21 10:40:22,7,8,5098,6684
2023-11-21 10:40:29,7,9,5098,6684
2023-11-21 10:40:29,7,8,5098,6684
2023-11-21 10:40:34,7,9,5098,6684
2023-11-21 10:41:04,7,8,5098,6684
2023-11-21 10:41:05,7,9,5098,6684
2023-11-21 10:41:15,7,8,5098,6684
2023-11-21 10:41:16,7,9,5098,6684
2023-11-21 10:41:33,7,8,5098,6684
2023-11-21 10:41:34,7,9,5098,6684
2023-11-21 10:41:34,7,8,5098,6684
2023-11-21 10:41:35,7,9,5098,6684
2023-11-21 10:41:59,8,9,5098,6684
2023-11-21 10:42:06,8,10,5098,6684
2023-11-21 10:42:25,9,10,5098,6684
2023-11-21 10:42:25,8,10,5098,6684
2023-11-21 10:42:26,9,10,5098,6684
2023-11-21 10:42:26,8,10,5098,6684
2023-11-21 10:42:27,9,10,5098,6684
2023-11-21 10:42:33,8,10,5098,6684
2023-11-21 10:42:34,9,10,5098,6684
2023-11-21 10:42:35,8,10,5098,6684
2023-11-21 10:42:38,9,10,5098,6684
2023-11-21 10:42:38,8,10,5098,6684
2023-11-21 10:42:39,9,10,5098,6684
2023-11-21 10:42:41,8,10,5098,6684
2023-11-21 10:42:51,9,10,5098,6684
2023-11-21 10:42:54,8,10,5098,6684
2023-11-21 10:43:05,8,11,6023,7609
2023-11-21 10:43:05,9,11,6023,7609
2023-11-21 10:43:05,9,10,6023,7609
2023-11-21 10:43:31,9,11,6023,7609
2023-11-21 10:43:31,10,11,6023,7609
2023-11-21 10:46:43,10,12,6686,8359
2023-11-21 10:46:44,9,12,6686,8359
2023-11-21 10:46:44,10,12,6686,8359
2023-11-21 10:46:44,11,12,6686,8359
2023-11-21 10:47:38,11,13,6686,8359
2023-11-21 10:47:38,12,13,6686,8359
2023-11-21 10:50:15,12,13,6686,8559
2023-11-21 10:50:20,12,13,6626,8619
2023-11-21 10:50:20,12,13,6626,8669
2023-11-21 10:50:28,12,13,6616,8729
2023-11-21 10:50:33,10,12,6616,8859
2023-11-21 10:51:05,9,12,6616,8859
2023-11-21 10:51:58,9,11,6616,8859
2023-11-21 10:52:23,9,12,6616,8859
2023-11-21 10:52:24,10,12,6616,8859
2023-11-21 10:52:29,10,13,6616,8859
2023-11-21 10:52:31,11,13,6616,8859
2023-11-21 10:52:57,11,13,7183,9426
2023-11-21 10:52:57,12,13,7183,9426
2023-11-21 10:53:09,11,13,7183,9426
2023-11-21 10:53:43,11,12,7183,9426
2023-11-21 10:53:48,11,13,7183,9426
2023-11-21 10:53:54,12,13,7183,9426
2023-11-21 10:54:12,12,14,7183,9426
2023-11-21 10:55:15,12,13,7183,9426
2023-11-21 10:55:16,12,14,7183,9426
2023-11-21 10:55:20,12,13,7183,9426
2023-11-21 10:55:25,11,13,7016,9593
2023-11-21 10:55:28,11,14,7016,9593
2023-11-21 10:55:35,11,13,7016,9593
2023-11-21 10:55:53,10,13,7016,9593
2023-11-21 10:56:29,11,13,7016,9593
2023-11-21 10:56:37,11,14,7016,9593
2023-11-21 10:56:38,11,13,7016,9593
2023-11-21 10:56:39,11,14,7016,9593
2023-11-21 10:56:41,11,13,7016,9593
2023-11-21 10:56:55,10,13,7016,9593
2023-11-21 10:56:56,11,13,7016,9593
2023-11-21 10:57:03,10,13,7016,9593
2023-11-21 10:57:06,11,13,7016,9593
2023-11-21 10:57:07,10,13,7016,9593
2023-11-21 10:57:08,11,13,7016,9593
2023-11-21 10:57:24,10,13,7016,9593
2023-11-21 10:57:43,10,12,7016,9593
2023-11-21 10:58:11,10,13,7016,9593
2023-11-21 10:58:26,11,13,7016,9593
2023-11-21 10:58:36,11,14,7016,9593
2023-11-21 10:58:52,11,13,7016,9593
2023-11-21 10:59:05,11,14,7016,9593
2023-11-21 10:59:12,12,14,7016,9593
2023-11-21 10:59:31,12,15,7016,9593
2023-11-21 10:59:33,13,15,7016,9593
2023-11-21 10:59:41,14,15,7016,9593
2023-11-21 11:00:02,13,15,7016,9593
2023-11-21 11:00:29,12,15,7016,9593
2023-11-21 11:01:03,13,15,7016,9593
2023-11-21 11:01:33,12,15,7016,9593
2023-11-21 11:01:38,12,14,7016,9593
2023-11-21 11:01:39,11,14,7016,9593
2023-11-21 11:01:40,12,14,7016,9593
2023-11-21 11:01:48,11,14,7016,9593
2023-11-21 11:02:09,11,13,7016,9593
2023-11-21 11:02:10,11,14,7016,9593
2023-11-21 11:02:18,12,14,7016,9593
2023-11-21 11:02:42,12,15,7016,9593
2023-11-21 11:02:47,13,15,7016,9593
2023-11-21 11:02:57,12,15,7016,9593
2023-11-21 11:03:02,13,15,7016,9593
2023-11-21 11:03:05,12,15,7016,9593
2023-11-21 11:03:30,12,14,7016,9593
2023-11-21 11:03:47,13,14,7016,9593
2023-11-21 11:04:52,13,15,7016,9593
2023-11-21 11:05:53,13,14,7016,9593
2023-11-21 11:06:42,11,14,7096,9673
2023-11-21 11:07:06,11,13,7096,9673
2023-11-21 11:07:16,10,13,7096,9673
2023-11-21 11:07:18,11,13,7096,9673
2023-11-21 11:07:28,10,13,7096,9673
2023-11-21 11:07:32,10,12,7096,9673
2023-11-21 11:07:47,9,12,7096,9673
2023-11-21 11:07:52,10,12,7096,9673
2023-11-21 11:08:02,9,12,7096,9673
2023-11-21 11:08:13,10,12,7096,9673
2023-11-21 11:08:29,10,13,7096,9673
2023-11-21 11:08:47,10,12,7096,9673
2023-11-21 11:09:02,10,13,7096,9673
2023-11-21 11:09:30,11,13,7096,9673
2023-11-21 11:09:39,11,14,7096,9673
2023-11-21 11:09:59,11,13,7096,9673
2023-11-21 11:10:08,11,14,7096,9673
2023-11-21 11:10:21,11,13,7096,9673
2023-11-21 11:10:51,10,13,7096,9673
2023-11-21 11:10:53,10,12,7096,9673
2023-11-21 11:11:35,9,12,7096,9673
2023-11-21 11:11:36,10,12,7096,9673
2023-11-21 11:11:40,9,12,7096,9673
2023-11-21 11:11:41,10,12,7096,9673
2023-11-21 11:11:55,9,12,7096,9673
2023-11-21 11:11:57,10,12,7096,9673
2023-11-21 11:11:58,9,12,7096,9673
2023-11-21 11:12:01,10,12,7096,9673
2023-11-21 11:12:02,9,12,7096,9673
2023-11-21 11:12:05,9,11,7096,9673
2023-11-21 11:12:21,8,11,7096,9673
2023-11-21 11:12:21,8,10,7096,9673
2023-11-21 11:12:49,8,11,7096,9673
2023-11-21 11:13:10,8,10,7096,9673
2023-11-21 11:13:53,8,11,7096,9673
2023-11-21 11:14:56,9,11,7096,9673
2023-11-21 11:15:30,8,11,7096,9673
2023-11-21 11:15:32,9,11,7096,9673
2023-11-21 11:15:39,9,11,7096,9855
2023-11-21 11:15:42,9,11,7096,9974
2023-11-21 11:15:44,9,11,7096,10105
2023-11-21 11:15:45,8,11,7096,10105
2023-11-21 11:16:06,8,10,7096,10105
2023-11-21 11:16:13,8,11,7096,10105
2023-11-21 11:16:29,8,10,7096,10105
2023-11-21 11:16:45,8,11,7096,10105
2023-11-21 11:17:41,9,11,7096,10105
2023-11-21 11:19:04,8,11,7096,10105
2023-11-21 11:19:14,8,10,7096,10105
2023-11-21 11:19:26,7,10,7096,10105
2023-11-21 11:19:28,7,9,7096,10105
2023-11-21 11:21:56,8,9,7096,10105
2023-11-21 11:22:03,7,9,7096,10105
2023-11-21 11:22:08,8,9,7096,10105
2023-11-21 11:22:18,7,9,7096,10105
2023-11-21 11:23:47,8,9,7096,10105
2023-11-21 11:24:03,8,10,7096,10105
2023-11-21 11:24:11,8,11,7096,10105
2023-11-21 11:24:53,9,11,7096,10105
2023-11-21 11:24:55,8,11,7096,10105
2023-11-21 11:25:28,8,10,7096,10105
2023-11-21 11:25:29,7,10,7096,10105
2023-11-21 11:25:44,8,10,7096,10105
2023-11-21 11:25:52,7,10,7096,10105
2023-11-21 11:27:17,8,10,7096,10105
2023-11-21 11:27:19,8,11,7096,10105
2023-11-21 11:28:11,9,11,7096,10105
2023-11-21 11:28:12,8,11,7096,10105
2023-11-21 11:28:23,9,11,7096,10105
2023-11-21 11:28:36,8,11,7096,10105
2023-11-21 11:28:45,9,11,7096,10105
2023-11-21 11:29:39,8,11,7096,10105
2023-11-21 11:30:19,9,11,7096,10105
2023-11-21 11:30:42,8,11,7096,10105
2023-11-21 11:30:59,8,10,7096,10105
2023-11-21 11:30:59,7,10,7096,10105
2023-11-21 11:31:07,7,10,7196,10205
2023-11-21 11:31:08,8,10,7196,10205
2023-11-21 11:31:11,7,10,7196,10205
2023-11-21 11:31:28,8,10,7196,10205
2023-11-21 11:32:41,8,11,7196,10205
2023-11-21 11:32:48,9,11,7196,10205
2023-11-21 11:34:31,9,12,7196,10205
2023-11-21 11:34:46,10,12,7196,10205
2023-11-21 11:34:56,9,12,7196,10205
2023-11-21 11:35:15,10,12,7196,10205
2023-11-21 11:35:29,9,12,7196,10205
2023-11-21 11:35:58,9,11,7196,10205
2023-11-21 11:36:01,8,11,7196,10205
2023-11-21 11:36:02,9,11,7196,10205
2023-11-21 11:36:10,9,12,7196,10205
2023-11-21 11:36:50,9,11,7196,10205
2023-11-21 11:37:01,9,12,7196,10205
2023-11-21 11:37:13,9,11,7196,10205
2023-11-21 11:37:48,8,11,7196,10205
2023-11-21 11:37:58,8,10,7196,10205
2023-11-21 11:38:04,8,11,7196,10205
2023-11-21 11:38:14,8,10,7196,10205
2023-11-21 11:38:30,9,10,7196,10205
2023-11-21 11:38:32,8,10,7196,10205
2023-11-21 11:38:35,9,10,7196,10205
2023-11-21 11:38:35,9,11,7196,10205
2023-11-21 11:38:35,9,11,7196,10265
2023-11-21 11:39:11,8,11,7196,10265
2023-11-21 11:39:16,9,11,7196,10265
2023-11-21 11:39:29,8,11,7196,10265
2023-11-21 11:39:30,9,11,7196,10265
2023-11-21 11:39:32,8,11,7196,10265
2023-11-21 11:39:33,9,11,7196,10265
2023-11-21 11:39:45,8,11,7196,10265
2023-11-21 11:39:56,8,10,7196,10265
2023-11-21 11:40:06,9,10,7196,10265
2023-11-21 11:40:06,9,10,7196,10300
2023-11-21 11:40:08,8,10,7196,10300
2023-11-21 11:41:12,7,10,7196,10300
2023-11-21 11:41:12,7,9,7196,10300
2023-11-21 11:41:19,7,8,7196,10300
2023-11-21 11:42:06,7,9,7196,10300
2023-11-21 11:43:11,7,10,7196,10300
2023-11-21 11:43:24,8,10,7196,10300
2023-11-21 11:43:28,7,10,7196,10300
2023-11-21 11:43:30,8,10,7196,10300
2023-11-21 11:43:30,7,10,7196,10300
2023-11-21 11:43:31,8,10,7196,10300
2023-11-21 11:43:31,7,10,7196,10300
2023-11-21 11:43:32,8,10,7196,10300
2023-11-21 11:43:34,7,10,7196,10300
2023-11-21 11:43:34,8,10,7196,10300
2023-11-21 11:43:37,7,10,7196,10300
2023-11-21 11:43:38,8,10,7196,10300
2023-11-21 11:43:40,7,10,7196,10300
2023-11-21 11:43:59,8,10,7196,10300
2023-11-21 11:44:01,7,10,7196,10300
2023-11-21 11:44:21,8,10,7196,10300
2023-11-21 11:44:47,7,10,7196,10300
2023-11-21 11:45:15,8,10,7196,10300
2023-11-21 11:45:17,7,10,7196,10300
2023-11-21 11:45:17,8,10,7196,10300
2023-11-21 11:45:20,7,10,7196,10300
2023-11-21 11:45:22,8,10,7196,10300
2023-11-21 11:46:09,8,11,7196,10300
2023-11-21 11:46:52,8,10,7196,10300
2023-11-21 11:48:29,8,11,7196,10300
2023-11-21 11:48:39,9,11,7196,10300
2023-11-21 11:48:55,10,11,7196,10300
2023-11-21 11:49:13,9,12,7196,10300
2023-11-21 11:49:16,10,12,7196,10300
2023-11-21 11:49:21,9,12,7196,10300
2023-11-21 11:49:22,10,12,7196,10300
2023-11-21 11:49:24,9,12,7196,10300
2023-11-21 11:49:25,10,12,7196,10300
2023-11-21 11:49:27,9,12,7196,10300
2023-11-21 11:49:28,10,12,7196,10300
2023-11-21 11:49:36,9,12,7196,10300
2023-11-21 11:49:36,10,12,7196,10300
2023-11-21 11:49:52,11,12,7196,10300
2023-11-21 11:49:56,10,12,7196,10300
2023-11-21 11:49:59,11,12,7196,10300
2023-11-21 11:49:59,10,12,7196,10474
2023-11-21 11:49:59,11,12,7196,10474
2023-11-21 11:50:01,10,12,7196,10474
2023-11-21 11:50:18,11,12,7196,10474
2023-11-21 11:51:05,11,13,7196,10474
2023-11-21 11:51:05,11,12,7196,10474
2023-11-21 11:51:16,11,13,7196,10474
2023-11-21 11:51:17,11,12,7196,10474
2023-11-21 11:51:18,11,13,7196,10474
2023-11-21 11:51:48,11,14,7196,10474
2023-11-21 11:51:49,11,13,7196,10474
2023-11-21 11:51:59,11,14,7196,10474
2023-11-21 11:51:59,11,13,7196,10474
2023-11-21 11:52:22,11,14,7196,10474
2023-11-21 11:52:22,11,13,7196,10474
2023-11-21 11:52:26,11,14,7196,10474
2023-11-21 11:52:26,11,13,7196,10474
2023-11-21 11:52:34,12,13,7196,10474
2023-11-21 11:52:40,12,14,7196,10474
2023-11-21 11:52:40,12,13,7196,10474
2023-11-21 11:52:50,11,13,7196,10474
2023-11-21 11:53:00,11,14,7196,10474
2023-11-21 11:53:00,11,13,7196,10474
2023-11-21 11:53:12,11,12,7196,10474
2023-11-21 11:53:13,11,13,7196,10474
2023-11-21 11:53:17,11,12,7196,10474
2023-11-21 11:53:19,11,13,7196,10474
2023-11-21 11:53:19,11,14,7196,10474
2023-11-21 11:53:19,11,13,7196,10474
2023-11-21 11:53:22,12,13,7196,10474
2023-11-21 11:53:30,12,14,7196,10474
2023-11-21 11:53:30,12,13,7196,10474
2023-11-21 11:53:49,12,14,7196,10474
2023-11-21 11:53:50,12,13,7196,10474
2023-11-21 11:54:36,12,14,7196,10474
2023-11-21 11:54:36,12,13,7196,10474
2023-11-21 11:54:39,12,14,7196,10474
2023-11-21 11:54:39,12,13,7196,10474
2023-11-21 11:54:46,12,14,7196,10474
2023-11-21 11:54:46,12,13,7196,10474
2023-11-21 11:55:06,12,14,7196,10474
2023-11-21 11:55:06,12,13,7196,10474
2023-11-21 11:55:15,12,14,7196,10474
2023-11-21 11:55:15,12,13,7196,10474
2023-11-21 11:55:18,12,14,7196,10474
2023-11-21 11:55:18,12,13,7196,10474
2023-11-21 11:55:35,12,14,7196,10474
2023-11-21 11:55:36,12,13,7196,10474
2023-11-21 11:55:51,12,14,7196,10474
2023-11-21 11:55:51,12,13,7196,10474
2023-11-21 11:55:56,12,14,7196,10474
2023-11-21 11:55:56,12,13,7196,10474
2023-11-21 11:56:31,12,14,7196,10474
2023-11-21 11:56:32,12,13,7196,10474
2023-11-21 11:56:56,11,13,7196,10474
2023-11-21 11:56:56,11,12,7196,10474
2023-11-21 11:57:01,11,13,7196,10474
2023-11-21 11:57:01,11,12,7196,10474
2023-11-21 11:58:26,11,13,7196,10474
2023-11-21 11:58:26,11,12,7196,10474
2023-11-21 11:58:29,11,13,7196,10474
2023-11-21 11:58:29,11,12,7196,10474
2023-11-21 11:58:37,11,13,7196,10474
2023-11-21 11:58:37,11,12,7196,10474
2023-11-21 11:58:43,11,12,7196,10674
2023-11-21 11:58:56,12,13,7196,10821
2023-11-21 11:58:58,11,13,7196,10821
2023-11-21 11:58:58,11,12,7196,10821
2023-11-21 11:59:11,11,13,7196,10821
2023-11-21 11:59:16,11,14,7196,10821
2023-11-21 11:59:16,11,13,7196,10821
2023-11-21 11:59:25,11,14,7196,10821
2023-11-21 11:59:25,11,13,7196,10821
2023-11-21 11:59:25,11,12,7196,10821
2023-11-21 11:59:28,11,13,7196,10821
2023-11-21 11:59:32,11,14,7196,10821
2023-11-21 11:59:32,11,13,7196,10821
2023-11-21 12:00:15,11,14,7196,10821
2023-11-21 12:00:15,11,13,7196,10821
2023-11-21 12:00:21,11,14,7196,10821
2023-11-21 12:00:22,11,13,7196,10821
2023-11-21 12:00:31,11,14,7196,10821
2023-11-21 12:02:06,11,13,7196,10821
2023-11-21 12:02:16,10,13,7196,10821
2023-11-21 12:02:41,10,12,7196,10821
2023-11-21 12:02:48,10,13,7196,10821
2023-11-21 12:02:59,11,13,7196,10821
2023-11-21 12:03:00,10,13,7196,10821
2023-11-21 12:03:09,10,12,7196,10821
2023-11-21 12:03:29,10,13,7196,10821
2023-11-21 12:04:13,11,13,7196,10821
2023-11-21 12:04:25,10,13,7196,10821
2023-11-21 12:04:32,11,13,7196,10821
2023-11-21 12:04:45,11,14,7196,10821
2023-11-21 12:04:50,11,13,7196,10821
2023-11-21 12:05:13,11,13,7204,10829
2023-11-21 12:05:13,11,12,7204,10829
2023-11-21 12:05:23,12,13,7196,10837
2023-11-21 12:05:29,12,13,7196,10897
2023-11-21 12:05:31,11,13,7196,10897
2023-11-21 12:05:54,11,12,7196,10897
2023-11-21 12:06:04,11,13,7196,10897
2023-11-21 12:08:50,11,14,7196,10897
2023-11-21 12:08:51,12,14,7196,10897
2023-11-21 12:09:05,12,13,7196,10897
2023-11-21 12:09:05,11,13,7196,10897
2023-11-21 12:09:12,11,12,7196,10897
2023-11-21 12:09:36,11,12,7395,11097
2023-11-21 12:10:34,11,12,7395,11217
2023-11-21 12:10:34,11,12,7745,11567
2023-11-21 12:10:35,11,14,8075,11897
2023-11-21 12:10:35,12,14,8075,11897
2023-11-21 12:10:45,12,15,8075,11897
2023-11-21 12:11:24,12,14,8075,11897
2023-11-21 12:11:34,12,15,8075,11897
2023-11-21 12:13:39,13,15,8075,11897
2023-11-21 12:15:44,13,16,8075,11897
2023-11-21 12:15:44,14,16,8075,11897
2023-11-21 12:15:57,14,17,8776,12797
2023-11-21 12:15:57,14,16,8776,12797
2023-11-21 12:16:01,14,17,8776,12797
2023-11-21 12:16:14,14,16,8776,12797
2023-11-21 12:17:12,14,15,8776,12797
2023-11-21 12:17:12,13,15,8776,12797
2023-11-21 12:17:14,13,14,8776,12797
2023-11-21 12:17:14,13,14,8776,12917
2023-11-21 12:17:15,13,14,8426,13267
2023-11-21 12:17:20,13,15,8426,13267
2023-11-21 12:17:22,13,14,8426,13267
2023-11-21 12:17:23,12,14,8396,13297
2023-11-21 12:17:26,12,15,8396,13297
2023-11-21 12:17:34,12,14,8396,13297
2023-11-21 12:18:06,12,15,8396,13297
2023-11-21 12:18:14,13,15,8396,13297
2023-11-21 12:18:54,12,15,8396,13297
2023-11-21 12:19:00,13,15,8396,13297
2023-11-21 12:19:46,13,16,8396,13297
2023-11-21 12:19:48,13,15,8396,13297
2023-11-21 12:19:58,12,15,8396,13297
2023-11-21 12:20:00,13,15,8396,13297
2023-11-21 12:20:03,12,15,8396,13297
2023-11-21 12:20:12,13,15,8396,13297
2023-11-21 12:20:17,12,15,8396,13297
2023-11-21 12:21:26,12,14,8396,13297
2023-11-21 12:21:53,12,15,8396,13297
2023-11-21 12:22:00,12,16,8396,13297
2023-11-21 12:22:02,13,16,8396,13297
2023-11-21 12:22:03,12,16,8396,13297
2023-11-21 12:22:15,13,16,8396,13297
2023-11-21 12:22:17,12,16,8396,13297
2023-11-21 12:22:25,13,16,8396,13297
2023-11-21 12:22:43,12,16,8396,13297
2023-11-21 12:22:45,13,16,8396,13297
2023-11-21 12:23:05,12,16,8396,13297
2023-11-21 12:23:18,12,15,8396,13297
2023-11-21 12:23:24,12,16,8396,13297
2023-11-21 12:23:29,13,16,8396,13297
2023-11-21 12:23:55,14,16,8396,13297
2023-11-21 12:24:00,13,16,8396,13297
2023-11-21 12:24:10,14,16,8396,13297
2023-11-21 12:24:18,13,16,8396,13297
2023-11-21 12:24:19,14,16,8396,13297
2023-11-21 12:24:24,13,16,8396,13297
2023-11-21 12:24:25,14,16,8396,13297
2023-11-21 12:24:29,13,16,8396,13297
2023-11-21 12:24:32,14,16,8396,13297
2023-11-21 12:24:35,14,17,8896,13797
2023-11-21 12:24:39,15,17,8896,13797
2023-11-21 12:24:39,15,17,8896,13857
2023-11-21 12:25:03,15,16,8896,13857
2023-11-21 12:25:03,14,16,8896,14297
2023-11-21 12:25:06,14,17,8896,14297
2023-11-21 12:25:06,14,16,8896,14297
2023-11-21 12:25:10,14,17,8896,14297
2023-11-21 12:25:56,15,17,8896,14297
2023-11-21 12:26:00,14,17,8896,14297
2023-11-21 12:26:04,17,18,10097,15498
2023-11-21 12:26:04,14,18,10181,15582
2023-11-21 12:26:04,14,17,10181,15582
2023-11-21 12:26:06,16,17,10181,15582
2023-11-21 12:26:06,15,17,10181,15782
2023-11-21 12:27:01,15,18,10181,15782
2023-11-21 12:27:22,16,18,10181,15782
2023-11-21 12:27:22,16,18,10181,15822
2023-11-21 12:27:23,16,18,10181,15872
2023-11-21 12:27:40,16,18,10181,15922
2023-11-21 12:27:59,16,18,10181,15972
2023-11-21 12:28:08,15,18,10181,15972
2023-11-21 12:28:14,16,18,10181,15972
2023-11-21 12:28:15,16,18,10181,16022
2023-11-21 12:28:24,15,18,10181,16022
2023-11-21 12:28:32,16,18,10181,16022
2023-11-21 12:28:48,15,18,10181,16022
2023-11-21 12:28:57,16,18,10181,16022
2023-11-21 12:29:19,17,18,10181,16022
2023-11-21 12:29:19,17,18,10181,16072
2023-11-21 12:29:27,17,19,10181,16072
2023-11-21 12:31:02,17,19,10221,16112
2023-11-21 12:32:11,16,19,10221,16112
2023-11-21 12:32:11,18,19,10221,16112
2023-11-21 12:32:13,18,20,10221,16112
2023-11-21 12:32:34,19,20,10221,16112
2023-11-21 12:33:02,18,20,10221,16112
2023-11-21 12:33:07,19,20,10221,16112
2023-11-21 12:33:10,18,20,10221,16112
2023-11-21 12:33:28,18,20,10221,16162
2023-11-21 12:34:06,19,20,10221,16162
2023-11-21 12:34:06,19,20,10221,16212
2023-11-21 12:34:13,18,20,10221,16212
2023-11-21 12:34:30,18,20,10221,16262
2023-11-21 12:34:34,18,19,10221,16262
2023-11-21 12:34:35,17,19,10221,16262
2023-11-21 12:35:07,17,19,10221,16312
2023-11-21 12:35:16,16,19,10221,16312
2023-11-21 12:36:15,17,19,10221,16312
2023-11-21 12:36:18,17,18,10221,16312
2023-11-21 12:36:21,17,19,10221,16312
2023-11-21 12:36:38,17,20,11401,17492
2023-11-21 12:36:41,18,20,11401,17492
2023-11-21 12:36:50,18,19,11401,17492
2023-11-21 12:36:53,18,19,11401,17542
2023-11-21 12:36:55,18,20,11401,17542
2023-11-21 12:37:05,17,20,11401,17542
2023-11-21 12:37:05,16,20,11401,17542
2023-11-21 12:37:05,17,20,11401,17542
2023-11-21 12:38:17,17,19,11401,17542
2023-11-21 12:38:17,17,18,11401,17542
2023-11-21 12:38:21,17,18,11401,17592
2023-11-21 12:38:25,17,19,11401,17592
2023-11-21 12:38:26,17,18,11401,17592
2023-11-21 12:38:34,17,20,11401,17592
2023-11-21 12:38:35,16,19,11391,17602
2023-11-21 12:39:11,16,20,11391,17602
2023-11-21 12:39:34,17,20,11391,17602
2023-11-21 12:39:47,18,20,11391,17602
2023-11-21 12:40:15,17,20,11391,17602
2023-11-21 12:42:05,17,19,11391,17602
2023-11-21 12:42:10,16,19,11391,17602
2023-11-21 12:42:24,17,19,11391,17602
2023-11-21 12:42:40,16,19,11391,17602
2023-11-21 12:42:51,16,18,11391,17602
2023-11-21 12:42:54,16,19,11391,17602
2023-11-21 12:43:41,17,19,11391,17602
2023-11-21 12:43:56,17,20,11391,17602
2023-11-21 12:45:30,17,21,11391,17602
2023-11-21 12:45:34,18,21,11391,17602
2023-11-21 12:45:35,19,21,11391,17602
2023-11-21 12:45:40,19,20,11391,17602
2023-11-21 12:49:37,19,20,11741,17952
2023-11-21 12:49:38,19,20,11800,18152
2023-11-21 12:49:40,19,20,12150,18502
2023-11-21 12:49:42,19,22,12250,18602
2023-11-21 12:49:42,20,22,12250,18602
2023-11-21 12:49:47,21,22,12250,18602
2023-11-21 12:49:56,20,22,12250,18602
2023-11-21 12:50:05,20,22,12250,18602
2023-11-21 12:50:05,21,22,12250,18602
2023-11-21 12:50:06,21,23,12250,18602
2023-11-21 12:50:24,20,23,12250,18602
2023-11-21 12:50:26,21,23,12250,18602
2023-11-21 12:50:27,20,23,12250,18602
2023-11-21 12:50:28,21,23,12250,18602
2023-11-21 12:50:33,20,23,12250,18602
2023-11-21 12:50:33,21,23,12250,18602
2023-11-21 12:50:41,20,23,12250,18602
2023-11-21 12:50:41,21,23,12250,18602
2023-11-21 12:50:46,20,23,12250,18602
2023-11-21 12:50:46,21,23,12250,18602
2023-11-21 12:50:51,20,23,12250,18602
2023-11-21 12:50:51,21,23,12250,18602
2023-11-21 12:50:54,21,24,12250,18602
2023-11-21 12:50:54,22,24,12250,18602
2023-11-21 12:50:58,21,24,12250,18602
2023-11-21 12:51:17,20,24,12250,18602
2023-11-21 12:51:28,21,24,12250,18602
2023-11-21 12:51:31,20,24,12250,18602
2023-11-21 12:51:31,21,24,12250,18602
2023-11-21 12:51:33,20,24,12250,18602
2023-11-21 12:51:34,21,24,12250,18602
2023-11-21 12:52:09,21,23,12250,18602
2023-11-21 12:52:09,20,23,12250,18602
2023-11-21 12:52:27,20,24,12250,18602
2023-11-21 12:52:40,21,24,12250,18602
2023-11-21 12:52:46,20,24,12250,18602
2023-11-21 12:52:59,20,23,12250,18602
2023-11-21 12:53:00,20,24,12250,18602
2023-11-21 12:53:18,21,24,12250,18602
2023-11-21 12:53:53,22,24,12250,18602
2023-11-21 12:53:54,21,24,12250,18602
2023-11-21 12:54:01,20,24,12250,18602
2023-11-21 12:54:08,21,24,12250,18602
2023-11-21 12:54:11,20,24,12250,18602
2023-11-21 12:54:12,21,24,12250,18602
2023-11-21 12:54:35,22,24,12250,18602
2023-11-21 12:55:14,23,24,12250,18602
2023-11-21 12:55:16,23,25,12250,18602
2023-11-21 12:55:31,23,24,12250,18602
2023-11-21 12:55:33,23,24,12400,18752
2023-11-21 12:55:36,23,24,12450,18802
2023-11-21 12:55:40,23,24,12600,18952
2023-11-21 12:55:46,20,24,12750,19102
2023-11-21 12:55:51,21,24,12750,19102
2023-11-21 12:55:58,21,25,12750,19102
2023-11-21 12:56:11,21,24,12750,19102
2023-11-21 12:56:19,21,25,12750,19102
2023-11-21 12:56:27,22,25,12750,19102
2023-11-21 12:56:29,21,25,12750,19102
2023-11-21 12:56:32,22,25,12750,19102
2023-11-21 12:56:52,21,25,12750,19102
2023-11-21 12:56:54,22,25,12750,19102
2023-11-21 12:57:32,23,25,12750,19102
2023-11-21 12:57:54,23,26,12750,19102
2023-11-21 12:58:03,24,26,12750,19102
2023-11-21 12:58:04,23,26,12750,19102
2023-11-21 12:59:04,24,26,12750,19102
2023-11-21 12:59:42,24,25,12750,19102
2023-11-21 12:59:56,24,26,12750,19102
2023-11-21 13:00:10,24,25,12750,19102
2023-11-21 13:00:14,24,26,12750,19102
2023-11-21 13:00:23,24,25,12750,19102
2023-11-21 13:00:39,24,25,12891,19302
2023-11-21 13:00:40,24,25,13091,19502
2023-11-21 13:00:40,24,25,13151,19562
2023-11-21 13:00:41,21,25,13191,19602
2023-11-21 13:00:42,21,24,13191,19602
2023-11-21 13:00:44,21,23,13191,19602
2023-11-21 13:00:44,20,23,13191,19602
2023-11-21 13:00:55,21,23,13191,19602
2023-11-21 13:00:57,21,24,13191,19602
2023-11-21 13:01:08,20,24,13191,19602
2023-11-21 13:01:13,20,23,13191,19602
2023-11-21 13:01:34,19,23,13191,19602
2023-11-21 13:01:34,19,22,13191,19602
2023-11-21 13:01:39,19,21,13191,19602
2023-11-21 13:01:44,19,21,13191,19662
2023-11-21 13:01:45,17,21,13191,19662
2023-11-21 13:01:45,17,20,13191,19662
2023-11-21 13:02:30,18,20,13191,19662
2023-11-21 13:02:59,16,20,12910,20229
2023-11-21 13:03:00,16,19,12910,20229
2023-11-21 13:03:19,16,20,12910,20229
2023-11-21 13:03:19,16,19,12910,20229
2023-11-21 13:03:41,16,18,12910,20229
2023-11-21 13:03:44,15,17,12910,20229
2023-11-21 13:03:48,14,17,12910,20229
2023-11-21 13:03:50,14,16,12910,20229
2023-11-21 13:03:51,14,17,12910,20229
2023-11-21 13:04:40,14,16,12910,20229
2023-11-21 13:04:50,14,17,12910,20229
2023-11-21 13:04:55,14,16,12910,20229
2023-11-21 13:04:56,14,17,12910,20229
2023-11-21 13:05:01,14,15,12910,20229
2023-11-21 13:05:17,14,15,12910,20269
2023-11-21 13:05:28,13,15,12910,20269
2023-11-21 13:07:16,14,15,12910,20269
2023-11-21 13:07:39,13,15,12910,20269
2023-11-21 13:08:26,14,15,12910,20269
2023-11-21 13:08:28,13,15,12910,20269
2023-11-21 13:08:31,14,15,12910,20269
2023-11-21 13:08:32,14,17,13910,21269
2023-11-21 13:08:54,14,18,13910,21269
2023-11-21 13:09:19,14,17,13910,21269
2023-11-21 13:09:20,14,18,13910,21269
2023-11-21 13:09:25,15,18,13910,21269
2023-11-21 13:10:32,14,18,13910,21269
2023-11-21 13:10:33,15,18,13910,21269
2023-11-21 13:10:38,14,18,13910,21269
2023-11-21 13:10:46,14,17,13910,21269
2023-11-21 13:11:00,13,17,13910,21269
2023-11-21 13:11:01,14,17,13910,21269
2023-11-21 13:11:02,13,17,13910,21269
2023-11-21 13:11:09,14,17,13910,21269
2023-11-21 13:11:38,14,16,13910,21269
2023-11-21 13:11:38,13,16,13910,21269
2023-11-21 13:11:49,13,15,13910,21269
2023-11-21 13:12:54,13,16,13910,21269
2023-11-21 13:13:25,13,15,13910,21269
2023-11-21 13:14:26,12,15,13910,21269
2023-11-21 13:14:27,12,14,13910,21269
2023-11-21 13:15:52,12,15,13910,21269
2023-11-21 13:15:58,12,16,13910,21269
2023-11-21 13:16:10,12,15,13910,21269
2023-11-21 13:16:11,12,16,13910,21269
2023-11-21 13:16:12,12,15,13910,21269
2023-11-21 13:16:56,12,14,13910,21269
2023-11-21 13:17:02,12,14,13910,21369
2023-11-21 13:17:14,12,13,13910,21369
2023-11-21 13:17:26,12,14,13910,21369
2023-11-21 13:17:42,11,14,13910,21369
2023-11-21 13:18:33,11,15,13910,21369
2023-11-21 13:18:34,11,14,13910,21369
2023-11-21 13:18:41,11,15,13910,21369
2023-11-21 13:18:45,12,15,13910,21369
2023-11-21 13:18:59,12,16,13910,21369
2023-11-21 13:19:03,12,15,13910,21369
2023-11-21 13:19:06,12,16,13910,21369
2023-11-21 13:19:22,12,15,13910,21369
2023-11-21 13:19:44,12,14,13910,21369
2023-11-21 13:19:53,11,14,13910,21369
2023-11-21 13:20:43,11,13,13910,21369
2023-11-21 13:21:28,11,12,13910,21369
2023-11-21 13:21:38,10,12,13910,21569
2023-11-21 13:23:17,10,11,13910,21569
2023-11-21 13:23:22,10,11,13910,21769
2023-11-21 13:23:22,9,11,13960,21819
2023-11-21 13:23:22,9,11,13964,21823
2023-11-21 13:23:28,9,10,13964,21823
2023-11-21 13:23:36,9,11,13964,21823
2023-11-21 13:23:38,8,11,13964,22019
2023-11-21 13:24:32,8,10,13964,22019
2023-11-21 13:25:07,8,10,13966,22021
2023-11-21 13:25:35,8,11,13966,22021
2023-11-21 13:25:35,10,11,13966,22021
2023-11-21 13:25:35,8,11,13976,22031
2023-11-21 13:26:01,8,10,13976,22031
2023-11-21 13:27:14,8,11,14763,23046
2023-11-21 13:27:15,9,11,14763,23046
2023-11-21 13:27:44,8,11,14763,23046
2023-11-21 13:28:05,9,11,14763,23046
2023-11-21 13:28:14,9,12,14763,23046
2023-11-21 13:28:29,10,12,14763,23046
2023-11-21 13:30:32,11,12,14763,23046
2023-11-21 13:30:35,11,13,14763,23046
2023-11-21 13:30:48,10,13,14763,23046
2023-11-21 13:31:15,10,12,14763,23046
2023-11-21 13:31:26,9,12,14263,23546
2023-11-21 13:31:36,10,12,14263,23546
2023-11-21 13:31:37,10,13,14263,23546
2023-11-21 13:32:01,9,13,14263,23546
2023-11-21 13:32:01,9,12,14263,23546
2023-11-21 13:32:19,10,12,14263,23546
2023-11-21 13:32:20,9,12,14263,23546
2023-11-21 13:32:23,10,12,14263,23546
2023-11-21 13:32:24,9,12,14263,23546
2023-11-21 13:32:25,10,12,14263,23546
2023-11-21 13:32:33,10,13,14263,23546
2023-11-21 13:33:07,11,13,14263,23546
2023-11-21 13:33:08,10,13,14263,23546
2023-11-21 13:33:16,11,13,14263,23546
2023-11-21 13:33:17,11,14,14263,23546
2023-11-21 13:33:27,12,14,14263,23546
2023-11-21 13:33:37,12,15,14263,23546
2023-11-21 13:34:04,12,16,14263,23546
2023-11-21 13:34:04,14,16,14263,23546
2023-11-21 13:35:04,12,16,14263,23546
2023-11-21 13:35:08,12,15,14263,23546
2023-11-21 13:35:17,13,15,14263,23546
2023-11-21 13:35:18,12,15,14263,23546
2023-11-21 13:35:36,11,15,14263,23546
2023-11-21 13:35:36,11,14,14263,23546
2023-11-21 13:35:38,12,14,14263,23546
2023-11-21 13:35:41,12,15,14263,23546
2023-11-21 13:35:51,13,15,14263,23546
2023-11-21 13:35:58,12,15,14263,23546
2023-11-21 13:36:20,13,15,14263,23546
2023-11-21 13:36:41,13,16,14263,23546
2023-11-21 13:37:10,13,15,14263,23546
2023-11-21 13:37:11,12,15,14263,23546
2023-11-21 13:37:13,11,15,14263,23546
2023-11-21 13:37:13,11,14,14263,23546
2023-11-21 13:37:14,12,14,14263,23546
2023-11-21 13:37:23,12,15,14263,23546
2023-11-21 13:37:28,12,14,14263,23546
2023-11-21 13:37:37,12,15,14263,23546
2023-11-21 13:37:39,13,15,14263,23546
2023-11-21 13:37:56,12,15,14263,23546
2023-11-21 13:38:06,12,14,14263,23546
2023-11-21 13:38:24,12,15,14263,23546
2023-11-21 13:38:37,12,16,14263,23546
2023-11-21 13:38:38,13,16,14263,23546
2023-11-21 13:38:52,14,16,14263,23546
2023-11-21 13:39:29,14,17,14263,23546
2023-11-21 13:40:33,15,17,14263,23546
2023-11-21 13:40:34,14,17,14263,23546
2023-11-21 13:40:36,15,17,14263,23546
2023-11-21 13:41:21,15,18,14263,23546
2023-11-21 13:42:34,15,16,14263,23546
2023-11-21 13:42:34,14,16,14263,23546
2023-11-21 13:42:38,15,16,14263,23546
2023-11-21 13:42:55,15,18,14263,23546
2023-11-21 13:42:55,15,17,14263,23546
2023-11-21 13:43:06,15,18,14263,23546
2023-11-21 13:43:07,16,18,14263,23546
2023-11-21 13:43:09,15,18,14263,23546
2023-11-21 13:43:10,14,18,14248,24561
2023-11-21 13:43:10,15,18,14248,24561
2023-11-21 13:43:41,15,17,14248,24561
2023-11-21 13:43:42,14,17,14248,24561
2023-11-21 13:43:51,15,17,14248,24561
2023-11-21 13:43:53,14,17,14248,24561
2023-11-21 13:44:10,14,16,14248,24561
2023-11-21 13:44:11,13,16,14248,24561
2023-11-21 13:44:22,14,16,14248,24561
2023-11-21 13:44:48,15,16,14248,24561
2023-11-21 13:44:51,14,16,14248,24561
2023-11-21 13:44:53,15,16,14248,24561
2023-11-21 13:44:58,14,16,14248,24561
2023-11-21 13:45:07,15,16,14248,24561
2023-11-21 13:45:10,15,18,14248,24561
2023-11-21 13:45:10,15,17,14248,24561
2023-11-21 13:45:39,15,16,14248,24561
2023-11-21 13:46:10,15,17,14048,24761
2023-11-21 13:46:23,14,17,14048,24761
2023-11-21 13:46:33,15,17,14048,24761
2023-11-21 13:46:34,14,17,14048,24761
2023-11-21 13:46:38,15,17,14048,24761
2023-11-21 13:46:39,14,17,14048,24761
2023-11-21 13:46:40,14,18,14048,24761
2023-11-21 13:46:42,14,18,14048,24761
2023-11-21 13:46:43,15,18,14048,24761
2023-11-21 13:47:01,15,17,14048,24761
2023-11-21 13:47:04,14,17,14048,24761
2023-11-21 13:47:14,15,17,14048,24761
2023-11-21 13:47:17,14,17,14048,24761
2023-11-21 13:47:20,15,17,14048,24761
2023-11-21 13:47:26,14,17,14048,24761
2023-11-21 13:47:44,13,17,14048,24761
2023-11-21 13:47:47,13,16,14048,24761
2023-11-21 13:47:53,13,17,14048,24761
2023-11-21 13:47:53,13,16,14048,24761
2023-11-21 13:47:53,13,15,14048,24761
2023-11-21 13:47:56,13,14,14048,24761
2023-11-21 13:47:56,12,14,14048,24761
2023-11-21 13:47:59,12,16,14048,24761
2023-11-21 13:47:59,13,16,14048,24761
2023-11-21 13:47:59,13,15,14048,24761
2023-11-21 13:48:03,12,15,14048,24761
2023-11-21 13:48:06,12,14,14048,24761
2023-11-21 13:48:15,12,16,14048,24761
2023-11-21 13:48:15,13,15,14048,24761
2023-11-21 13:48:29,13,16,14048,25761
2023-11-21 13:48:37,12,16,14048,25761
2023-11-21 13:48:40,13,16,14048,25761
2023-11-21 13:48:43,12,16,14048,25761
2023-11-21 13:49:00,15,16,14048,25761
2023-11-21 13:49:00,12,16,14083,25796
2023-11-21 13:49:00,12,14,14083,25796
2023-11-21 13:49:06,13,14,14083,25796
2023-11-21 13:49:07,14,16,14083,25831
2023-11-21 13:49:07,14,16,14083,25831
2023-11-21 13:49:07,14,17,14083,25831
2023-11-21 13:49:43,15,17,14083,25831
2023-11-21 13:49:58,15,18,14248,25996
2023-11-21 13:50:00,16,18,14248,25996
2023-11-21 13:51:37,16,19,14248,25996
2023-11-21 13:52:53,17,19,14248,25996
2023-11-21 13:52:55,17,20,14248,25996
2023-11-21 13:53:02,18,20,14248,25996
2023-11-21 13:53:03,18,21,14248,25996
2023-11-21 13:53:32,18,20,14248,25996
2023-11-21 13:53:45,19,20,14248,25996
2023-11-21 13:53:49,19,22,14248,26106
2023-11-21 13:53:49,19,21,14248,26106
2023-11-21 13:53:50,19,22,14248,26106
2023-11-21 13:54:15,20,22,14248,26106
2023-11-21 13:54:15,20,23,14248,26106
2023-11-21 13:54:24,19,23,14248,26106
2023-11-21 13:54:26,19,22,14248,26106
2023-11-21 13:54:30,18,22,14248,26106
2023-11-21 13:54:31,19,22,14248,26106
2023-11-21 13:54:32,18,22,14248,26106
2023-11-21 13:54:33,19,22,14248,26106
2023-11-21 13:54:42,18,22,14248,26106
2023-11-21 13:54:43,19,22,14248,26106
2023-11-21 13:54:50,18,22,14248,26106
2023-11-21 13:55:12,19,22,14248,26106
2023-11-21 13:55:23,18,22,14248,26106
2023-11-21 13:55:24,19,22,14248,26106
2023-11-21 13:55:25,18,22,14248,26106
2023-11-21 13:55:34,19,22,14248,26106
2023-11-21 13:55:52,18,22,14248,26106
2023-11-21 13:56:04,19,22,14248,26106
2023-11-21 13:56:05,18,22,14248,26106
2023-11-21 13:56:06,19,22,14248,26106
2023-11-21 13:56:16,18,22,14248,26106
2023-11-21 13:56:29,19,22,14248,26106
2023-11-21 13:56:42,18,22,14248,26106
2023-11-21 13:56:43,19,22,14248,26106
2023-11-21 13:56:44,18,22,14248,26106
2023-11-21 13:56:46,19,22,14248,26106
2023-11-21 13:56:52,18,22,14248,26106
2023-11-21 13:57:01,17,22,14248,26106
2023-11-21 13:57:02,17,21,14248,26106
2023-11-21 13:57:17,17,20,14248,26106
2023-11-21 13:57:17,16,20,14248,26106
2023-11-21 13:57:28,16,19,14248,26106
2023-11-21 13:57:50,16,20,14248,26106
2023-11-21 13:58:34,16,19,14248,26106
2023-11-21 13:58:35,15,19,14248,26106
2023-11-21 13:58:37,15,18,14248,26106
2023-11-21 13:58:40,14,18,14248,26106
2023-11-21 13:59:17,14,17,14248,26106
2023-11-21 13:59:18,13,17,14248,26106
2023-11-21 13:59:30,14,17,14248,26106
2023-11-21 13:59:53,14,16,14248,26106
2023-11-21 13:59:56,14,17,14248,26106
2023-11-21 14:00:02,14,16,14248,26106
2023-11-21 14:00:03,13,16,14248,26106
2023-11-21 14:00:06,13,15,14248,26106
2023-11-21 14:00:12,14,15,14248,26106
2023-11-21 14:00:12,14,16,14248,26106
2023-11-21 14:00:16,14,17,14248,26106
2023-11-21 14:00:21,13,17,14248,26106
2023-11-21 14:00:21,13,16,14248,26106
2023-11-21 14:00:22,13,15,14248,26106
2023-11-21 14:00:28,12,15,14248,26106
2023-11-21 14:00:29,11,14,14248,26106
2023-11-21 14:00:29,11,13,14248,26106
2023-11-21 14:00:31,10,13,14248,26106
2023-11-21 14:00:31,10,12,14248,26106
2023-11-21 14:00:32,10,11,14248,26106
2023-11-21 14:00:33,9,11,14248,26106
2023-11-21 14:00:40,10,11,14248,26106
2023-11-21 14:00:40,10,12,14248,26106
2023-11-21 14:00:43,10,13,14248,26106
2023-11-21 14:00:50,10,12,14248,26106
2023-11-21 14:00:55,10,13,14248,26106
2023-11-21 14:00:58,11,13,14248,26106
2023-11-21 14:00:58,11,14,14248,26106
2023-11-21 14:01:01,10,14,14248,26106
2023-11-21 14:01:05,10,13,14248,26106
2023-11-21 14:01:07,11,13,14248,26106
2023-11-21 14:01:07,11,14,14248,26106
2023-11-21 14:01:16,10,14,14248,26106
2023-11-21 14:01:18,11,14,14248,26106
2023-11-21 14:01:33,12,14,14248,26106
2023-11-21 14:01:33,12,15,14248,26106
2023-11-21 14:01:38,12,16,14248,26106
2023-11-21 14:01:38,13,17,14248,26106
2023-11-21 14:01:38,13,17,14271,26166
2023-11-21 14:01:38,13,16,14271,26166
2023-11-21 14:01:39,14,16,14271,26166
2023-11-21 14:01:39,14,17,14271,26166
2023-11-21 14:01:41,15,17,14271,26166
2023-11-21 14:01:42,15,18,14271,26166
2023-11-21 14:01:46,15,18,14391,26286
2023-11-21 14:01:49,14,18,14391,26286
2023-11-21 14:02:02,14,17,14391,26286
2023-11-21 14:02:03,14,17,14391,26286
2023-11-21 14:02:07,14,18,14391,26286
2023-11-21 14:02:10,14,17,14391,26286
2023-11-21 14:02:12,13,17,14391,26286
2023-11-21 14:02:13,13,17,14682,26577
2023-11-21 14:02:13,15,17,14682,26577
2023-11-21 14:02:16,13,17,14682,26577
2023-11-21 14:02:16,13,16,14682,26577
2023-11-21 14:02:16,14,16,14682,26577
2023-11-21 14:02:21,13,16,14682,26577
2023-11-21 14:02:21,15,16,14682,26577
2023-11-21 14:02:21,15,17,14682,26577
2023-11-21 14:02:32,14,17,14682,26577
2023-11-21 14:02:32,16,17,14682,26577
2023-11-21 14:02:32,16,17,14682,26757
2023-11-21 14:02:33,16,18,14682,26757
2023-11-21 14:02:34,14,18,14682,26757
2023-11-21 14:02:34,15,18,14682,26757
2023-11-21 14:02:38,15,17,14682,26757
2023-11-21 14:02:41,13,17,14682,26757
2023-11-21 14:02:41,13,16,14682,26757
2023-11-21 14:02:41,14,16,14682,26757
2023-11-21 14:02:42,13,16,14682,26757
2023-11-21 14:02:42,15,17,14682,26757
2023-11-21 14:02:47,15,16,14682,26757
2023-11-21 14:02:47,13,15,14571,26868
2023-11-21 14:02:47,12,15,14571,26868
2023-11-21 14:02:55,12,16,14571,26868
2023-11-21 14:02:55,13,16,14571,26868
2023-11-21 14:02:58,12,16,14571,26868
2023-11-21 14:03:04,12,15,14571,26868
2023-11-21 14:03:08,12,16,14571,26868
2023-11-21 14:03:11,13,16,14571,26868
2023-11-21 14:03:12,13,17,14571,26868
2023-11-21 14:03:13,14,17,14571,26868
2023-11-21 14:03:34,15,17,14571,26868
2023-11-21 14:03:34,15,18,14571,26868
2023-11-21 14:03:42,15,19,14571,26868
2023-11-21 14:03:46,16,19,14571,26868
2023-11-21 14:03:47,15,19,14571,26868
2023-11-21 14:04:09,16,20,14571,26868
2023-11-21 14:04:20,16,19,14571,26868
2023-11-21 14:04:32,15,19,14571,26868
2023-11-21 14:04:32,15,18,14571,26868
2023-11-21 14:05:03,14,18,14571,26868
2023-11-21 14:05:03,14,17,14571,26868
2023-11-21 14:05:16,13,17,14571,26868
2023-11-21 14:05:16,13,16,14571,26868
2023-11-21 14:05:17,13,15,14571,26868
2023-11-21 14:05:18,12,15,14571,26868
2023-11-21 14:05:25,12,14,14571,26868
2023-11-21 14:05:28,12,15,14571,26868
2023-11-21 14:05:47,12,13,14571,26868
2023-11-21 14:06:00,12,13,14771,27068
2023-11-21 14:06:07,12,13,14971,27268
2023-11-21 14:06:08,12,13,14971,27328
2023-11-21 14:06:54,12,13,15321,27678
2023-11-21 14:06:55,12,16,15511,27868
2023-11-21 14:06:57,13,16,15511,27868
2023-11-21 14:07:03,12,16,15511,27868
2023-11-21 14:07:03,12,15,15511,27868
2023-11-21 14:07:16,12,16,15511,27868
2023-11-21 14:07:28,12,15,15511,27868
2023-11-21 14:07:39,12,16,15511,27868
2023-11-21 14:07:50,12,15,15511,27868
2023-11-21 14:07:51,12,16,15511,27868
2023-11-21 14:07:52,12,15,15511,27868
2023-11-21 14:07:53,12,16,15511,27868
2023-11-21 14:08:01,12,15,15511,27868
2023-11-21 14:08:02,11,15,15511,27868
2023-11-21 14:08:02,11,14,15511,27868
2023-11-21 14:08:05,10,14,15511,27868
2023-11-21 14:08:08,10,13,15511,27868
2023-11-21 14:08:09,9,13,15511,27868
2023-11-21 14:08:10,9,12,15511,27868
2023-11-21 14:08:19,9,13,15511,27868
2023-11-21 14:08:21,9,12,15511,27868
2023-11-21 14:08:24,9,13,15511,27868
2023-11-21 14:08:26,9,12,15511,27868
2023-11-21 14:08:31,9,11,15511,27868
2023-11-21 14:08:34,8,11,15511,27868
2023-11-21 14:08:34,8,10,15511,27868
2023-11-21 14:08:44,8,11,15511,27868
2023-11-21 14:08:59,8,10,15511,27868
2023-11-21 14:09:08,8,11,15511,27868
2023-11-21 14:09:33,9,11,15511,27868
2023-11-21 14:09:36,8,11,15511,27868
2023-11-21 14:09:39,9,11,15511,27868
2023-11-21 14:09:46,8,11,15511,27868
2023-11-21 14:10:06,8,10,15511,27868
2023-11-21 14:10:44,7,10,15511,27868
2023-11-21 14:10:47,7,9,15511,27868
2023-11-21 14:11:14,6,9,15511,27868
2023-11-21 14:11:21,7,9,15511,27868
2023-11-21 14:11:47,7,8,15511,27868
2023-11-21 14:12:05,7,8,15861,28218
2023-11-21 14:12:07,7,8,16211,28568
2023-11-21 14:12:08,7,8,16561,28918
2023-11-21 14:12:09,7,8,16761,29118
2023-11-21 14:12:10,7,8,17111,29468
2023-11-21 14:12:12,7,8,17461,29818
2023-11-21 14:12:15,7,10,17511,29868
2023-11-21 14:12:19,8,10,17511,29868
2023-11-21 14:12:22,7,10,17511,29868
2023-11-21 14:12:27,7,9,17511,29868
2023-11-21 14:12:40,7,10,17511,29868
2023-11-21 14:12:46,8,10,17511,29868
2023-11-21 14:12:54,7,10,17511,29868
2023-11-21 14:12:56,7,11,17511,29868
2023-11-21 14:12:56,8,11,17511,29868
2023-11-21 14:13:02,8,12,17511,29868
2023-11-21 14:13:02,9,12,17511,29868
2023-11-21 14:13:11,10,12,17511,29868
2023-11-21 14:13:11,10,13,17511,29868
2023-11-21 14:13:18,10,12,17511,29868
2023-11-21 14:13:21,10,13,17511,30068
2023-11-21 14:13:45,10,14,17511,30068
2023-11-21 14:13:55,10,13,17511,30068
2023-11-21 14:13:56,10,14,17511,30068
2023-11-21 14:14:08,11,14,17511,30068
2023-11-21 14:14:34,10,14,17511,30068
2023-11-21 14:14:35,10,13,17511,30068
2023-11-21 14:14:44,10,14,17511,30068
2023-11-21 14:14:48,11,14,17511,30068
2023-11-21 14:15:10,11,14,17661,30418
2023-11-21 14:15:11,12,14,17661,30418
2023-11-21 14:15:11,12,15,17661,30418
2023-11-21 14:15:28,13,15,17661,30418
2023-11-21 14:15:28,13,16,17661,30418
2023-11-21 14:15:34,13,17,17661,30418
2023-11-21 14:15:35,14,17,17661,30418
2023-11-21 14:15:37,14,18,17661,30418
2023-11-21 14:15:39,13,18,17661,30418
2023-11-21 14:15:43,13,17,17661,30418
2023-11-21 14:15:51,13,18,17661,30418
2023-11-21 14:15:59,13,17,17661,30418
2023-11-21 14:16:03,13,18,17661,30418
2023-11-21 14:16:04,13,17,17661,30418
2023-11-21 14:16:13,14,17,17661,30418
2023-11-21 14:16:26,14,18,17661,30418
2023-11-21 14:16:31,14,17,17661,30418
2023-11-21 14:16:38,13,17,17661,30418
2023-11-21 14:16:39,13,16,17661,30418
2023-11-21 14:16:40,13,15,17661,30418
2023-11-21 14:16:49,14,15,17661,30418
2023-11-21 14:16:49,14,15,18011,30768
2023-11-21 14:17:07,13,15,18011,30768
2023-11-21 14:17:40,12,15,18011,30768
2023-11-21 14:18:11,11,15,18011,30768
2023-11-21 14:18:11,11,14,18011,30768
2023-11-21 14:18:14,11,13,18011,30768
2023-11-21 14:18:16,9,13,18011,30768
2023-11-21 14:18:24,9,12,18011,30768
2023-11-21 14:18:31,8,12,18011,30768
2023-11-21 14:18:31,8,11,18011,30768
2023-11-21 14:18:41,7,11,18011,30768
2023-11-21 14:18:41,7,10,18011,30768
2023-11-21 14:18:54,7,11,18011,30768
2023-11-21 14:19:01,7,10,18011,30768
2023-11-21 14:19:10,6,10,18011,30768
2023-11-21 14:19:11,6,9,18011,30768
2023-11-21 14:19:21,7,9,18011,30768
2023-11-21 14:19:21,7,10,18011,30768
2023-11-21 14:19:40,7,9,18011,30768
2023-11-21 14:19:44,6,9,18011,30768
2023-11-21 14:19:50,7,9,18011,30768
2023-11-21 14:20:34,7,9,18011,30768
2023-11-21 14:20:35,6,9,18011,30768
2023-11-21 14:20:54,7,9,18011,30768
2023-11-21 14:20:56,6,9,18011,30768
2023-11-21 14:21:03,6,8,18011,30768
2023-11-21 14:21:36,6,9,18011,30768
2023-11-21 14:21:56,7,9,18011,30768
2023-11-21 14:21:59,6,9,18011,30768
2023-11-21 14:22:15,7,9,18011,30768
2023-11-21 14:22:16,7,10,18011,30768
2023-11-21 14:22:58,6,10,18011,30768
2023-11-21 14:23:03,6,9,18011,30768
2023-11-21 14:23:14,6,10,18011,30768
2023-11-21 14:23:17,6,9,18011,30768
2023-11-21 14:23:18,6,10,18011,30768
2023-11-21 14:23:20,6,9,18011,30768
2023-11-21 14:23:29,6,10,18011,30768
2023-11-21 14:23:33,7,10,18011,30768
2023-11-21 14:23:52,6,10,18011,30768
2023-11-21 14:23:55,7,10,18011,30768
2023-11-21 14:23:58,6,10,18011,30768
2023-11-21 14:23:59,6,9,18011,30768
2023-11-21 14:24:01,6,10,18011,30768
2023-11-21 14:24:02,6,9,18011,30768
2023-11-21 14:24:14,6,8,18011,30768
2023-11-21 14:24:38,6,9,18011,30768
2023-11-21 14:24:51,7,9,18011,30768
2023-11-21 14:24:59,6,9,18011,30768
2023-11-21 14:25:08,6,9,18011,31059
2023-11-21 14:25:08,6,8,18011,31059
2023-11-21 14:25:25,6,7,18011,31059
2023-11-21 14:25:26,5,7,18011,31059
2023-11-21 14:26:05,6,7,18011,31059
2023-11-21 14:26:05,6,8,18011,31059
2023-11-21 14:26:05,6,9,18011,31059
2023-11-21 14:26:05,6,8,18011,31059
2023-11-21 14:26:08,5,8,18011,31059
2023-11-21 14:26:08,5,7,18011,31059
2023-11-21 14:26:12,5,8,18011,31150
2023-11-21 14:26:12,6,8,18011,31150
2023-11-21 14:26:15,5,8,18011,31150
2023-11-21 14:26:24,6,8,18011,31150
2023-11-21 14:26:25,6,9,18011,31150
2023-11-21 14:27:25,5,9,18011,31150
2023-11-21 14:27:25,5,8,18011,31150
2023-11-21 14:27:36,5,7,18011,31150
2023-11-21 14:28:40,5,8,18011,31150
2023-11-21 14:28:47,5,7,18011,31150
2023-11-21 14:29:13,5,8,18011,31350
2023-11-21 14:29:52,5,9,18011,31350
2023-11-21 14:29:52,6,9,18011,31350
2023-11-21 14:30:45,6,8,18011,31350
2023-11-21 14:31:59,5,9,18011,31350
2023-11-21 14:32:01,5,8,18011,31350
2023-11-21 14:32:08,5,7,18011,31350
2023-11-21 14:32:55,5,7,18161,31500
2023-11-21 14:32:56,4,7,18161,31500
2023-11-21 14:32:56,4,6,18161,31500
2023-11-21 14:32:59,4,5,18161,31500
2023-11-21 14:33:00,3,5,18161,31500
2023-11-21 14:33:02,3,5,18326,31665
2023-11-21 14:33:03,2,5,18326,31665
2023-11-21 14:33:03,2,4,18326,31665
2023-11-21 14:33:12,2,5,18326,31865
2023-11-21 14:33:18,3,5,18326,31865
2023-11-21 14:33:33,3,6,18326,31865
2023-11-21 14:33:36,4,6,18326,31865
2023-11-21 14:33:59,3,6,18326,31865
2023-11-21 14:34:00,3,7,18379,32265
2023-11-21 14:34:02,4,7,18379,32265
2023-11-21 14:34:11,4,6,18379,32265
2023-11-21 14:34:16,4,7,18379,32265
2023-11-21 14:35:06,4,8,18379,32265
2023-11-21 14:35:06,5,8,18379,32265
2023-11-21 14:35:10,7,8,18379,32265
2023-11-21 14:35:10,7,8,18439,32325
2023-11-21 14:35:12,5,8,18479,32365
2023-11-21 14:35:16,5,7,18479,32365
2023-11-21 14:35:24,5,8,18479,32365
2023-11-21 14:35:32,5,7,18479,32365
2023-11-21 14:35:39,4,8,18479,32365
2023-11-21 14:35:39,5,8,18479,32365
2023-11-21 14:36:06,5,8,18591,32530
2023-11-21 14:36:07,4,8,18591,32530
2023-11-21 14:36:07,4,7,18591,32530
2023-11-21 14:36:13,4,6,18591,32530
2023-11-21 14:36:24,4,7,18591,32530
2023-11-21 14:36:48,4,7,18591,32580
2023-11-21 14:37:11,4,6,18591,32580
2023-11-21 14:37:21,4,6,18741,32730
2023-11-21 14:37:22,3,6,18741,32730
2023-11-21 14:37:22,3,5,18741,32730
2023-11-21 14:39:25,2,5,18741,32730
2023-11-21 14:39:25,2,4,18741,32730
2023-11-21 14:39:36,1,4,18741,32730
2023-11-21 14:39:36,1,3,18741,32730
2023-11-21 14:39:40,1,4,18741,32930
2023-11-21 14:39:50,2,4,18741,32930
2023-11-21 14:40:21,1,4,18741,32930
2023-11-21 14:40:23,1,3,18741,32930
2023-11-21 14:40:26,1,4,18741,32930
2023-11-21 14:40:30,1,3,18741,32930
2023-11-21 14:40:43,1,4,18741,32930
2023-11-21 14:41:08,2,4,18741,32930
2023-11-21 14:41:45,2,5,18741,32930
2023-11-21 14:42:07,1,5,18741,32930
2023-11-21 14:42:07,1,4,18741,32930
2023-11-21 14:43:03,1,3,18741,32930
2023-11-21 14:43:05,0,3,18741,32930
2023-11-21 14:43:19,1,3,18741,32930
2023-11-21 14:43:20,1,4,18741,32930
2023-11-21 14:43:22,1,3,18741,32930
2023-11-21 14:43:23,0,3,18741,32930
2023-11-21 14:44:05,0,2,18741,32930
2023-11-21 14:44:12,0,3,18741,32930
2023-11-21 14:44:43,1,3,18741,32930
2023-11-21 14:45:09,1,4,18741,32930
2023-11-21 14:45:26,1,3,18741,32930
2023-11-21 14:46:19,1,4,18741,32930
2023-11-21 14:46:29,1,5,18929,33130
2023-11-21 14:46:32,1,4,18929,33130
2023-11-21 14:46:50,2,4,18929,33130
2023-11-21 14:46:52,2,5,18929,33130
2023-11-21 14:48:00,2,4,18929,33130
2023-11-21 14:48:18,1,4,18929,33130
2023-11-21 14:49:13,2,4,18929,33130
2023-11-21 14:49:34,2,5,18929,33130
2023-11-21 14:49:45,1,5,18929,33130
2023-11-21 14:49:48,1,4,18929,33130
2023-11-21 14:49:50,1,3,18929,33130
2023-11-21 14:49:52,1,4,18929,33130
2023-11-21 14:50:04,1,3,18929,33130
2023-11-21 14:50:05,1,4,18929,33130
2023-11-21 14:50:06,1,3,18929,33130
2023-11-21 14:50:07,1,4,18929,33130
2023-11-21 14:50:16,1,3,18929,33130
2023-11-21 14:51:07,1,2,18929,33130
2023-11-21 14:53:02,0,1,18979,33180
2023-11-21 14:53:03,0,2,18979,33180
2023-11-21 14:53:32,0,2,19129,33330
2023-11-21 14:54:48,0,3,19129,33330
2023-11-21 14:55:45,0,2,19129,33330
2023-11-21 14:55:46,0,3,19129,33330
2023-11-21 14:56:24,0,4,19129,33330
2023-11-21 14:56:24,1,4,19129,33330
2023-11-21 14:57:10,1,5,19129,33330
2023-11-21 14:57:10,2,5,19129,33330
2023-11-21 14:57:52,2,5,19129,33380
2023-11-21 14:58:03,3,5,19129,33380
2023-11-21 14:58:03,3,5,19129,33440
2023-11-21 14:58:23,3,6,19129,33440
2023-11-21 14:58:50,4,6,19129,33440
2023-11-21 14:58:51,3,6,19129,33440
2023-11-21 14:59:05,3,5,19129,33440
2023-11-21 14:59:05,2,5,19129,33440
2023-11-21 14:59:31,3,5,19129,33440
2023-11-21 14:59:31,3,6,19129,33440
2023-11-21 14:59:55,4,6,19129,33440
2023-11-21 15:00:29,4,7,19129,33440
2023-11-21 15:00:40,4,5,19129,33440
2023-11-21 15:01:16,3,4,19229,33740
2023-11-21 15:01:27,3,4,19579,34090
2023-11-21 15:01:28,3,4,19929,34440
2023-11-21 15:01:31,3,4,20279,34790
2023-11-21 15:01:32,3,4,20629,35140
2023-11-21 15:01:33,3,7,20929,35440
2023-11-21 15:01:56,4,7,20929,35440
2023-11-21 15:01:59,4,8,20929,35440
2023-11-21 15:02:04,5,8,20929,35440
2023-11-21 15:02:08,5,9,20929,35440
2023-11-21 15:02:11,7,9,20929,35440
2023-11-21 15:02:15,8,9,20929,35440
2023-11-21 15:02:15,8,10,20929,35440
2023-11-21 15:02:19,8,11,20929,35440
2023-11-21 15:02:20,9,11,20929,35440
2023-11-21 15:02:20,10,11,20929,35440
2023-11-21 15:02:20,10,12,20929,35440
2023-11-21 15:02:21,9,12,20929,35440
2023-11-21 15:02:22,10,12,20929,35440
2023-11-21 15:02:24,9,13,20929,35440
2023-11-21 15:02:25,9,12,20929,35440
2023-11-21 15:02:30,9,11,20929,35440
2023-11-21 15:02:30,8,11,20929,35440
2023-11-21 15:02:40,7,11,20929,35440
2023-11-21 15:02:41,8,11,20929,35440
2023-11-21 15:02:44,7,11,20929,35440
2023-11-21 15:02:46,8,11,20929,35440
2023-11-21 15:02:54,8,10,20929,35440
2023-11-21 15:03:05,7,10,20929,35440
2023-11-21 15:03:12,8,10,20929,35440
2023-11-21 15:03:31,8,10,20851,35540
2023-11-21 15:03:33,7,10,20851,35540
2023-11-21 15:03:47,7,9,20851,35540
2023-11-21 15:03:48,5,9,20851,35540
2023-11-21 15:04:03,5,8,20851,35540
2023-11-21 15:04:17,5,9,20851,35540
2023-11-21 15:04:20,5,8,20851,35540
2023-11-21 15:04:36,5,9,20851,35540
2023-11-21 15:04:39,6,9,20851,35540
2023-11-21 15:05:03,5,9,20851,35540
2023-11-21 15:05:10,6,9,20851,35540
2023-11-21 15:05:14,6,10,20851,35540
2023-11-21 15:05:29,7,10,20851,35540
2023-11-21 15:05:38,6,10,20851,35540
2023-11-21 15:05:47,7,10,20851,35540
2023-11-21 15:06:00,7,11,20851,35540
2023-11-21 15:06:01,7,10,20851,35540
2023-11-21 15:06:02,6,10,20851,35540
2023-11-21 15:06:11,6,9,20851,35540
2023-11-21 15:06:11,5,9,20851,35540
2023-11-21 15:06:15,6,9,20851,35540
2023-11-21 15:06:20,6,10,20851,35540
2023-11-21 15:06:29,6,9,20851,35540
2023-11-21 15:06:30,5,9,20851,35540
2023-11-21 15:06:31,6,9,20851,35540
2023-11-21 15:06:33,5,9,20851,35540
2023-11-21 15:06:41,5,10,20851,35540
2023-11-21 15:06:41,6,10,20851,35540
2023-11-21 15:06:54,7,10,20851,35540
2023-11-21 15:07:11,7,11,20851,35540
2023-11-21 15:07:14,8,11,20851,35540
2023-11-21 15:07:16,7,11,20851,35540
2023-11-21 15:07:17,8,11,20851,35540
2023-11-21 15:07:20,8,12,20851,35540
2023-11-21 15:08:11,7,12,20851,35540
2023-11-21 15:08:14,8,12,20851,35540
2023-11-21 15:08:15,7,12,20851,35540
2023-11-21 15:08:16,7,11,20851,35540
2023-11-21 15:08:22,6,11,20851,35540
2023-11-21 15:08:23,6,10,20851,35540
2023-11-21 15:08:26,6,11,20851,35540
2023-11-21 15:08:26,7,11,20851,35540
2023-11-21 15:08:35,6,11,20851,35540
2023-11-21 15:08:36,6,10,20851,35540
2023-11-21 15:08:59,6,9,20851,35540
2023-11-21 15:09:02,5,9,20851,35540
2023-11-21 15:09:20,5,7,20851,35540
2023-11-21 15:09:21,4,7,20851,35540
2023-11-21 15:09:27,4,6,20851,35540
2023-11-21 15:09:28,3,6,20851,35540
2023-11-21 15:10:06,4,6,20851,35540
2023-11-21 15:10:49,4,7,20851,35540
2023-11-21 15:10:49,4,5,20851,35540
2023-11-21 15:10:55,4,5,21051,35740
2023-11-21 15:11:22,4,5,21401,36090
2023-11-21 15:11:23,4,5,21601,36290
2023-11-21 15:11:23,4,5,21601,36350
2023-11-21 15:11:24,4,5,21601,36410
2023-11-21 15:11:26,4,5,21601,36470
2023-11-21 15:11:32,4,5,21601,36530
2023-11-21 15:11:32,4,8,21611,36540
2023-11-21 15:11:32,5,8,21611,36540
2023-11-21 15:11:32,5,7,21611,36540
2023-11-21 15:11:45,3,7,21611,36540
2023-11-21 15:12:01,4,6,21611,36540
2023-11-21 15:12:02,3,6,21611,36540
2023-11-21 15:13:31,3,5,21611,36540
2023-11-21 15:13:31,1,5,21611,36540
2023-11-21 15:13:31,2,5,21611,36540
2023-11-21 15:14:04,2,4,21611,36540
2023-11-21 15:14:04,1,4,21611,36540
2023-11-21 15:14:58,1,3,21611,36540
2023-11-21 15:15:02,0,3,21611,36540
2023-11-21 15:15:11,0,4,21611,36540
2023-11-21 15:15:37,3,4,21611,36540
2023-11-21 15:15:37,3,4,21671,36600
2023-11-21 15:16:31,2,3,22061,36990
2023-11-21 15:16:42,1,3,22061,36990
2023-11-21 15:16:47,2,3,22061,36990
2023-11-21 15:17:03,0,3,22061,36990
2023-11-21 15:17:03,1,3,22061,36990
2023-11-21 15:17:11,2,3,22061,36990
2023-11-21 15:17:52,2,3,22111,37040
2023-11-21 15:17:52,2,3,22461,37390
2023-11-21 15:18:02,1,3,22536,37465
2023-11-21 15:18:07,0,3,22536,37465
2023-11-21 15:18:10,1,3,22536,37465
2023-11-21 15:18:15,0,3,22536,37465
2023-11-21 15:18:16,1,3,22536,37465
2023-11-21 15:18:21,0,3,22536,37465
2023-11-21 15:18:22,1,3,22536,37465
2023-11-21 15:18:22,1,4,23746,38675
2023-11-21 15:18:23,0,4,23746,38675
2023-11-21 15:18:24,1,4,23746,38675
2023-11-21 15:18:28,0,4,23746,38675
2023-11-21 15:18:33,1,4,23746,38675
2023-11-21 15:18:34,0,4,23746,38675
2023-11-21 15:18:54,1,4,23746,38675
2023-11-21 15:19:00,0,4,23746,38675
2023-11-21 15:19:02,1,4,23746,38675
2023-11-21 15:19:03,0,4,23746,38675
2023-11-21 15:19:08,0,3,23746,38675
2023-11-21 15:19:31,0,2,23746,38675
2023-11-21 15:20:10,0,3,23746,38675
2023-11-21 15:20:10,0,3,23746,38675
2023-11-21 15:20:21,0,4,23746,38675
2023-11-21 15:20:37,0,3,23746,38675
2023-11-21 15:21:55,0,2,23746,38675
2023-11-21 15:22:03,0,3,23746,38675
2023-11-21 15:22:10,0,2,23746,38675
2023-11-21 15:22:14,2,3,23746,38950
2023-11-21 15:22:54,0,2,23746,39125
2023-11-21 15:22:55,0,3,23746,39125
2023-11-21 15:23:15,0,2,23746,39125
2023-11-21 15:23:23,0,3,23746,39125
2023-11-21 15:25:17,0,2,23746,39125
2023-11-21 15:25:42,0,1,23746,39125
2023-11-21 15:25:52,0,2,23746,39125
2023-11-21 15:26:07,0,3,23746,39125
2023-11-21 15:26:10,0,2,23746,39125
2023-11-21 15:26:16,0,3,23746,39125
2023-11-21 15:26:17,0,2,23746,39125
2023-11-21 15:26:18,0,2,23749,39175
2023-11-21 15:26:20,0,3,23749,39175
2023-11-21 15:26:28,0,2,23749,39175
2023-11-21 15:26:44,0,3,23749,39175
2023-11-21 15:27:06,0,2,23749,39175
2023-11-21 15:27:46,0,3,23749,39175
2023-11-21 15:29:55,0,1,23749,39175
2023-11-21 15:32:21,0,1,23752,39178
2023-11-21 15:50:14,0,3,24014,39440
2023-11-21 15:50:16,1,3,24014,39440
2023-11-21 15:50:16,1,2,24014,39440
2023-11-21 15:50:24,0,2,24014,39440
2023-11-21 15:50:36,1,2,24014,39440
2023-11-21 15:50:42,0,2,24014,39440
2023-11-21 15:50:45,0,3,24014,39440
2023-11-21 15:51:12,0,1,24014,39440
