datetime,bid,ask,open_interest,volume
2023-08-16 09:30:13,24,30,246,342
2023-08-16 09:31:00,27,30,246,342
2023-08-16 09:31:00,28,30,246,342
2023-08-16 09:31:00,29,30,246,342
2023-08-16 09:31:02,28,30,246,342
2023-08-16 09:31:02,29,30,246,342
2023-08-16 09:31:17,28,30,246,342
2023-08-16 09:31:17,29,30,246,342
2023-08-16 09:31:22,28,30,246,342
2023-08-16 09:31:22,29,30,246,342
2023-08-16 09:31:31,28,30,246,342
2023-08-16 09:31:31,29,30,246,342
2023-08-16 09:31:32,28,30,246,342
2023-08-16 09:32:25,27,30,246,342
2023-08-16 09:32:32,27,29,246,342
2023-08-16 09:33:11,28,29,246,342
2023-08-16 09:33:26,27,29,246,342
2023-08-16 09:33:41,28,29,246,342
2023-08-16 09:33:43,27,29,246,342
2023-08-16 09:33:45,28,29,246,342
2023-08-16 09:33:54,27,29,246,342
2023-08-16 09:34:09,28,29,246,342
2023-08-16 09:34:16,27,29,246,342
2023-08-16 09:34:42,27,31,1222,1318
2023-08-16 09:34:42,28,31,1222,1318
2023-08-16 09:34:45,27,31,1222,1318
2023-08-16 09:34:45,28,31,1222,1318
2023-08-16 09:34:49,28,30,1222,1318
2023-08-16 09:34:51,27,30,1222,1318
2023-08-16 09:34:51,28,30,1222,1318
2023-08-16 09:35:01,27,30,1222,1318
2023-08-16 09:35:01,28,30,1222,1318
2023-08-16 09:35:09,27,30,1222,1318
2023-08-16 09:35:09,28,30,1222,1318
2023-08-16 09:35:42,27,30,1222,1318
2023-08-16 09:35:43,28,30,1222,1318
2023-08-16 09:36:14,28,31,1222,1318
2023-08-16 09:36:20,28,30,1222,1318
2023-08-16 09:36:30,28,31,1222,1318
2023-08-16 09:36:31,28,30,1222,1318
2023-08-16 09:36:32,28,31,1222,1318
2023-08-16 09:36:35,28,30,1222,1318
2023-08-16 09:36:43,28,31,1222,1318
2023-08-16 09:36:52,29,31,1222,1318
2023-08-16 09:37:19,29,32,1222,1318
2023-08-16 09:37:27,30,32,1222,1318
2023-08-16 09:37:34,31,32,1222,1318
2023-08-16 09:40:45,31,32,1222,1438
2023-08-16 09:40:47,31,32,1222,1548
2023-08-16 09:48:11,31,33,1222,1548
2023-08-16 09:48:17,32,33,1222,1548
2023-08-16 09:49:13,31,33,1372,1698
2023-08-16 09:51:13,31,33,1382,1708
2023-08-16 09:53:08,31,32,1382,1708
2023-08-16 09:53:09,31,33,1382,1708
2023-08-16 09:53:10,31,32,1382,1708
2023-08-16 09:53:11,31,33,1382,1708
2023-08-16 09:53:13,31,32,1382,1708
2023-08-16 09:53:14,31,33,1382,1708
2023-08-16 09:53:16,31,32,1382,1708
2023-08-16 09:53:18,31,33,1382,1708
2023-08-16 09:54:48,31,32,1382,1708
2023-08-16 09:54:52,31,33,1382,1708
2023-08-16 09:54:59,31,32,1382,1708
2023-08-16 09:55:00,31,33,1382,1708
2023-08-16 09:55:01,31,32,1382,1708
2023-08-16 09:55:04,31,33,1382,1708
2023-08-16 09:55:05,31,32,1382,1708
2023-08-16 09:55:06,31,33,1382,1708
2023-08-16 09:55:32,32,33,1382,1708
2023-08-16 09:55:33,31,33,1382,1708
2023-08-16 09:57:07,32,33,1382,1708
2023-08-16 09:58:35,32,34,1382,1708
2023-08-16 09:58:42,33,34,1382,1708
2023-08-16 09:58:43,32,34,1382,1708
2023-08-16 09:59:50,33,34,1382,1708
2023-08-16 09:59:55,32,34,1382,1708
2023-08-16 10:00:00,33,34,1382,1708
2023-08-16 10:00:01,32,34,1382,1708
2023-08-16 10:00:03,33,34,1382,1708
2023-08-16 10:00:04,32,34,1382,1708
2023-08-16 10:01:20,32,33,1382,1708
2023-08-16 10:01:21,32,34,1382,1708
2023-08-16 10:01:21,32,33,1382,1708
2023-08-16 10:01:34,32,34,1382,1708
2023-08-16 10:01:43,32,33,1382,1708
2023-08-16 10:01:48,32,34,1382,1708
2023-08-16 10:01:49,32,33,1382,1708
2023-08-16 10:01:58,31,33,1382,1708
2023-08-16 10:01:59,31,32,1382,1708
2023-08-16 10:02:02,31,33,1382,1708
2023-08-16 10:02:08,31,32,1382,1708
2023-08-16 10:02:11,31,33,1382,1708
2023-08-16 10:02:41,32,33,1382,1708
2023-08-16 10:02:42,32,34,1382,1708
2023-08-16 10:02:43,31,34,1382,1708
2023-08-16 10:02:45,32,34,1382,1708
2023-08-16 10:02:54,31,34,1382,1708
2023-08-16 10:03:05,31,33,1382,1708
2023-08-16 10:03:06,31,34,1382,1708
2023-08-16 10:03:25,31,33,1382,1708
2023-08-16 10:03:27,31,34,1382,1708
2023-08-16 10:03:29,31,33,1382,1708
2023-08-16 10:04:03,31,32,1382,1708
2023-08-16 10:04:10,31,33,1382,1708
2023-08-16 10:04:28,31,34,1382,1708
2023-08-16 10:04:29,31,33,1382,1708
2023-08-16 10:04:30,31,32,1382,1708
2023-08-16 10:04:31,31,33,1382,1708
2023-08-16 10:04:33,31,32,1382,1708
2023-08-16 10:04:34,31,33,1382,1708
2023-08-16 10:04:47,31,34,1382,1708
2023-08-16 10:04:47,32,34,1382,1708
2023-08-16 10:04:48,32,33,1382,1708
2023-08-16 10:05:11,32,34,1382,1708
2023-08-16 10:05:12,32,33,1382,1708
2023-08-16 10:05:13,32,34,1382,1708
2023-08-16 10:05:23,32,33,1382,1708
2023-08-16 10:05:25,32,34,1382,1708
2023-08-16 10:05:26,32,33,1382,1708
2023-08-16 10:05:27,32,34,1382,1708
2023-08-16 10:05:43,32,33,1382,1708
2023-08-16 10:05:45,32,34,1382,1708
2023-08-16 10:05:47,32,33,1382,1708
2023-08-16 10:05:56,32,34,1382,1708
2023-08-16 10:06:02,33,34,1382,1708
2023-08-16 10:06:03,32,34,1382,1708
2023-08-16 10:06:04,33,34,1382,1708
2023-08-16 10:07:03,33,35,1382,1708
2023-08-16 10:07:05,33,34,1382,1708
2023-08-16 10:07:06,33,35,1382,1708
2023-08-16 10:07:26,33,34,1382,1708
2023-08-16 10:07:27,33,35,1382,1708
2023-08-16 10:07:40,33,34,1382,1708
2023-08-16 10:07:42,33,35,1382,1708
2023-08-16 10:07:43,33,34,1382,1708
2023-08-16 10:07:44,33,35,1382,1708
2023-08-16 10:08:15,33,34,1382,1708
2023-08-16 10:08:16,33,35,1382,1708
2023-08-16 10:08:21,33,34,1382,1708
2023-08-16 10:08:24,33,35,1382,1708
2023-08-16 10:08:25,34,35,1382,1708
2023-08-16 10:11:00,34,35,1382,1758
2023-08-16 10:11:27,34,36,1382,1758
2023-08-16 10:11:50,35,36,1382,1758
2023-08-16 10:13:15,35,37,1382,1758
2023-08-16 10:15:56,35,36,1382,1758
2023-08-16 10:15:59,35,37,1382,1758
2023-08-16 10:16:01,35,36,1382,1758
2023-08-16 10:16:02,35,37,1382,1758
2023-08-16 10:16:05,35,36,1382,1758
2023-08-16 10:16:07,35,37,1382,1758
2023-08-16 10:16:55,35,36,1382,1758
2023-08-16 10:16:58,35,37,1382,1758
2023-08-16 10:16:59,35,36,1382,1758
2023-08-16 10:17:05,35,37,1382,1758
2023-08-16 10:17:07,35,36,1382,1758
2023-08-16 10:17:08,35,37,1382,1758
2023-08-16 10:17:13,35,36,1382,1758
2023-08-16 10:17:15,35,37,1382,1758
2023-08-16 10:17:18,35,36,1382,1758
2023-08-16 10:17:20,35,37,1382,1758
2023-08-16 10:17:27,35,36,1382,1758
2023-08-16 10:17:28,35,37,1382,1758
2023-08-16 10:17:29,35,36,1382,1758
2023-08-16 10:17:43,35,37,1382,1758
2023-08-16 10:17:45,35,36,1382,1758
2023-08-16 10:17:46,35,37,1382,1758
2023-08-16 10:17:50,35,36,1382,1758
2023-08-16 10:17:51,35,37,1382,1758
2023-08-16 10:17:52,35,36,1382,1758
2023-08-16 10:17:53,35,37,1382,1758
2023-08-16 10:18:00,35,36,1382,1758
2023-08-16 10:18:06,35,37,1382,1758
2023-08-16 10:18:07,35,36,1382,1758
2023-08-16 10:18:10,35,37,1382,1758
2023-08-16 10:18:13,35,36,1382,1758
2023-08-16 10:18:30,35,37,1382,1758
2023-08-16 10:18:32,35,36,1382,1758
2023-08-16 10:18:47,35,37,1382,1758
2023-08-16 10:18:49,35,36,1382,1758
2023-08-16 10:18:58,35,37,1382,1758
2023-08-16 10:19:00,35,36,1382,1758
2023-08-16 10:19:20,35,37,1382,1758
2023-08-16 10:19:21,35,36,1382,1758
2023-08-16 10:19:33,35,37,1382,1758
2023-08-16 10:19:34,35,36,1382,1758
2023-08-16 10:20:15,35,37,1382,1758
2023-08-16 10:20:16,35,36,1382,1758
2023-08-16 10:20:34,35,37,1382,1758
2023-08-16 10:20:35,35,36,1382,1758
2023-08-16 10:20:36,35,37,1382,1758
2023-08-16 10:20:37,35,36,1382,1758
2023-08-16 10:20:38,35,37,1382,1758
2023-08-16 10:20:40,35,36,1382,1758
2023-08-16 10:20:41,35,37,1382,1758
2023-08-16 10:20:42,35,36,1382,1758
2023-08-16 10:20:55,35,36,1382,2172
2023-08-16 10:21:01,35,37,1382,2172
2023-08-16 10:21:02,35,36,1382,2172
2023-08-16 10:21:06,35,37,1382,2172
2023-08-16 10:21:07,35,36,1382,2172
2023-08-16 10:21:09,35,37,1382,2172
2023-08-16 10:21:16,35,36,1382,2172
2023-08-16 10:21:23,35,37,1382,2172
2023-08-16 10:21:24,35,36,1382,2172
2023-08-16 10:21:26,35,37,1382,2172
2023-08-16 10:21:27,35,36,1382,2172
2023-08-16 10:21:32,35,37,1382,2172
2023-08-16 10:21:34,35,36,1382,2172
2023-08-16 10:21:35,35,37,1382,2172
2023-08-16 10:21:36,35,36,1382,2172
2023-08-16 10:21:42,35,37,1382,2172
2023-08-16 10:21:53,35,36,1382,2172
2023-08-16 10:21:55,35,37,1382,2172
2023-08-16 10:21:58,35,36,1382,2172
2023-08-16 10:22:33,35,37,1382,2172
2023-08-16 10:22:35,35,36,1382,2172
2023-08-16 10:22:46,35,37,1382,2172
2023-08-16 10:22:47,35,36,1382,2172
2023-08-16 10:22:49,35,36,1382,2212
2023-08-16 10:22:50,35,37,1382,2212
2023-08-16 10:22:51,35,36,1382,2212
2023-08-16 10:23:00,35,37,1382,2212
2023-08-16 10:23:01,35,36,1382,2212
2023-08-16 10:23:05,35,37,1382,2212
2023-08-16 10:23:06,35,36,1382,2212
2023-08-16 10:23:12,35,37,1382,2212
2023-08-16 10:23:13,35,36,1382,2212
2023-08-16 10:23:14,35,37,1382,2212
2023-08-16 10:23:20,35,36,1382,2212
2023-08-16 10:23:24,36,37,1382,2227
2023-08-16 10:28:12,36,37,1382,2304
2023-08-16 10:28:20,36,37,1382,2307
2023-08-16 10:32:16,36,37,1910,2835
2023-08-16 10:32:51,36,37,1910,2935
2023-08-16 10:44:09,36,37,2054,3135
2023-08-16 10:44:57,36,37,2254,3335
2023-08-16 10:45:03,36,37,2454,3535
2023-08-16 10:45:11,36,37,2504,3585
2023-08-16 10:45:12,36,37,2554,3635
2023-08-16 10:45:16,36,37,2754,3835
2023-08-16 10:45:20,36,37,2769,3850
2023-08-16 10:46:39,36,37,3019,4100
2023-08-16 10:46:39,36,37,3269,4350
2023-08-16 10:46:40,36,38,3326,4407
2023-08-16 10:47:28,37,38,3326,4407
2023-08-16 10:47:29,36,38,3326,4407
2023-08-16 10:47:30,37,38,3326,4407
2023-08-16 10:47:34,36,38,3326,4407
2023-08-16 10:47:43,37,38,3326,4407
2023-08-16 10:47:45,36,38,3326,4407
2023-08-16 10:47:46,37,38,3326,4407
2023-08-16 10:47:50,36,38,3326,4407
2023-08-16 10:47:53,37,38,3326,4407
2023-08-16 10:48:03,36,38,3326,4407
2023-08-16 10:48:47,36,37,3326,4407
2023-08-16 10:48:52,36,38,3326,4407
2023-08-16 10:48:53,36,37,3326,4407
2023-08-16 10:49:11,36,38,3326,4407
2023-08-16 10:49:15,36,37,3326,4407
2023-08-16 10:49:16,36,38,3326,4407
2023-08-16 10:49:23,36,37,3326,4407
2023-08-16 10:49:24,36,38,3326,4407
2023-08-16 10:49:28,36,37,3326,4407
2023-08-16 10:49:41,36,38,3326,4407
2023-08-16 10:49:42,36,37,3326,4407
2023-08-16 10:49:43,36,38,3326,4407
2023-08-16 10:49:45,36,37,3326,4407
2023-08-16 10:49:46,36,38,3326,4407
2023-08-16 10:49:47,36,37,3326,4407
2023-08-16 10:49:48,36,38,3326,4407
2023-08-16 10:50:00,36,37,3326,4407
2023-08-16 10:50:01,36,38,3326,4407
2023-08-16 10:50:03,36,37,3326,4407
2023-08-16 10:50:07,36,38,3326,4407
2023-08-16 10:50:12,36,37,3326,4407
2023-08-16 10:50:19,36,38,3326,4407
2023-08-16 10:50:51,36,37,3326,4407
2023-08-16 10:50:52,36,38,3326,4407
2023-08-16 10:50:52,36,37,3326,4407
2023-08-16 10:50:52,36,38,3326,4407
2023-08-16 10:50:54,36,37,3326,4407
2023-08-16 10:50:55,36,38,3326,4407
2023-08-16 10:51:07,36,37,3326,4407
2023-08-16 10:51:08,36,38,3326,4407
2023-08-16 10:51:22,36,37,3326,4407
2023-08-16 10:51:23,36,38,3326,4407
2023-08-16 10:51:41,36,37,3326,4407
2023-08-16 10:51:43,36,38,3326,4407
2023-08-16 10:51:48,36,37,3326,4407
2023-08-16 10:51:49,36,38,3326,4407
2023-08-16 10:52:02,36,37,3326,4407
2023-08-16 10:52:04,36,38,3326,4407
2023-08-16 10:52:24,36,37,3326,4407
2023-08-16 10:52:28,36,38,3326,4407
2023-08-16 10:53:49,36,37,3326,4407
2023-08-16 10:53:51,36,38,3341,4422
2023-08-16 10:55:03,37,38,3341,4422
2023-08-16 10:55:58,37,39,3341,4422
2023-08-16 10:59:18,37,38,3341,4422
2023-08-16 10:59:20,37,39,3341,4422
2023-08-16 10:59:35,37,38,3341,4422
2023-08-16 10:59:39,37,39,3341,4422
2023-08-16 10:59:59,37,38,3341,4422
2023-08-16 11:00:00,37,39,3341,4422
2023-08-16 11:00:02,37,38,3341,4422
2023-08-16 11:00:02,37,39,3356,4437
2023-08-16 11:00:05,37,38,3356,4437
2023-08-16 11:00:05,37,39,3371,4452
2023-08-16 11:01:17,38,39,3371,4452
2023-08-16 11:01:57,38,40,3371,4452
2023-08-16 11:06:45,39,40,3371,4452
2023-08-16 11:14:56,39,40,3451,4532
2023-08-16 11:16:48,39,40,3452,4807
2023-08-16 11:18:19,38,40,3452,4807
2023-08-16 11:22:08,38,39,3452,4807
2023-08-16 11:22:23,37,39,3452,4807
2023-08-16 11:23:39,37,40,3452,4807
2023-08-16 11:24:04,38,40,3452,4807
2023-08-16 11:25:58,38,40,3452,4817
2023-08-16 11:26:34,37,40,3452,4817
2023-08-16 11:27:24,37,39,3452,4817
2023-08-16 11:29:52,37,40,3452,4817
2023-08-16 11:30:11,37,39,3452,4817
2023-08-16 11:31:35,38,39,3452,4817
2023-08-16 11:31:36,37,39,3452,4817
2023-08-16 11:31:37,38,39,3452,4817
2023-08-16 11:31:38,37,39,3452,4817
2023-08-16 11:32:08,38,39,3452,4817
2023-08-16 11:32:09,37,39,3452,4817
2023-08-16 11:32:10,38,39,3452,4817
2023-08-16 11:32:11,37,39,3452,4817
2023-08-16 11:32:16,38,39,3452,4817
2023-08-16 11:32:17,37,39,3452,4817
2023-08-16 11:32:18,38,39,3452,4817
2023-08-16 11:32:19,37,39,3452,4817
2023-08-16 11:32:21,37,40,3452,4817
2023-08-16 11:32:33,37,39,3452,4817
2023-08-16 11:32:37,37,40,3452,4817
2023-08-16 11:32:49,38,40,3452,4817
2023-08-16 11:32:50,37,40,3452,4817
2023-08-16 11:32:51,38,40,3452,4817
2023-08-16 11:32:52,37,40,3452,4817
2023-08-16 11:32:53,38,40,3452,4817
2023-08-16 11:32:54,37,40,3452,4817
2023-08-16 11:32:55,37,39,3452,4817
2023-08-16 11:32:55,38,39,3452,4817
2023-08-16 11:32:56,38,40,3452,4817
2023-08-16 11:32:56,37,40,3452,4817
2023-08-16 11:33:04,38,40,3452,4817
2023-08-16 11:33:05,37,40,3452,4817
2023-08-16 11:33:06,38,40,3452,4817
2023-08-16 11:33:07,37,40,3452,4817
2023-08-16 11:33:17,38,40,3452,4817
2023-08-16 11:33:18,37,40,3452,4817
2023-08-16 11:33:19,38,40,3452,4817
2023-08-16 11:33:20,37,40,3452,4817
2023-08-16 11:33:21,38,40,3452,4817
2023-08-16 11:33:22,37,40,3452,4817
2023-08-16 11:33:23,38,40,3452,4817
2023-08-16 11:33:24,37,40,3452,4817
2023-08-16 11:33:29,38,40,3452,4817
2023-08-16 11:34:11,39,40,3452,4817
2023-08-16 11:34:12,38,40,3452,4817
2023-08-16 11:34:13,39,40,3452,4817
2023-08-16 11:34:14,38,40,3452,4817
2023-08-16 11:34:18,39,40,3452,4817
2023-08-16 11:34:19,38,40,3452,4817
2023-08-16 11:34:20,39,40,3452,4817
2023-08-16 11:34:21,38,40,3452,4817
2023-08-16 11:34:23,39,40,3452,4817
2023-08-16 11:34:24,38,40,3452,4817
2023-08-16 11:34:27,39,40,3452,4817
2023-08-16 11:34:28,38,40,3452,4817
2023-08-16 11:34:29,39,40,3452,4817
2023-08-16 11:34:30,38,40,3452,4817
2023-08-16 11:36:09,39,40,3452,4817
2023-08-16 11:36:10,38,40,3452,4817
2023-08-16 11:36:11,39,40,3452,4817
2023-08-16 11:36:12,38,40,3452,4817
2023-08-16 11:36:13,39,40,3452,4817
2023-08-16 11:36:14,38,40,3452,4817
2023-08-16 11:36:41,39,40,3452,4817
2023-08-16 11:36:42,38,40,3452,4817
2023-08-16 11:36:43,39,40,3452,4817
2023-08-16 11:36:44,38,40,3452,4817
2023-08-16 11:36:45,39,40,3452,4817
2023-08-16 11:36:46,38,40,3452,4817
2023-08-16 11:36:48,39,40,3452,4817
2023-08-16 11:36:49,38,40,3452,4817
2023-08-16 11:37:12,38,41,3452,4933
2023-08-16 11:37:19,39,41,3452,4933
2023-08-16 11:37:20,38,41,3452,4933
2023-08-16 11:37:21,39,41,3452,4933
2023-08-16 11:37:22,38,41,3452,4933
2023-08-16 11:37:36,39,41,3452,4933
2023-08-16 11:37:37,38,41,3452,4933
2023-08-16 11:37:38,39,41,3452,4933
2023-08-16 11:37:39,38,41,3452,4933
2023-08-16 11:37:50,39,41,3452,4933
2023-08-16 11:37:51,38,41,3452,4933
2023-08-16 11:37:52,39,41,3452,4933
2023-08-16 11:37:53,38,41,3452,4933
2023-08-16 11:37:54,39,41,3452,4933
2023-08-16 11:37:55,38,41,3452,4933
2023-08-16 11:37:56,39,41,3452,4933
2023-08-16 11:37:57,38,41,3452,4933
2023-08-16 11:37:58,39,41,3452,4933
2023-08-16 11:37:59,38,41,3452,4933
2023-08-16 11:38:03,39,41,3452,4933
2023-08-16 11:38:04,38,41,3452,4933
2023-08-16 11:38:12,39,41,3452,4933
2023-08-16 11:38:13,38,41,3452,4933
2023-08-16 11:38:21,39,41,3452,4933
2023-08-16 11:38:22,38,41,3452,4933
2023-08-16 11:38:23,39,41,3452,4933
2023-08-16 11:38:24,38,41,3452,4933
2023-08-16 11:38:25,39,41,3452,4933
2023-08-16 11:38:26,38,41,3452,4933
2023-08-16 11:38:27,39,41,3452,4933
2023-08-16 11:38:28,38,41,3452,4933
2023-08-16 11:38:29,39,41,3452,4933
2023-08-16 11:38:30,38,41,3452,4933
2023-08-16 11:38:31,39,41,3452,4933
2023-08-16 11:38:32,38,41,3452,4933
2023-08-16 11:38:35,39,41,3452,4933
2023-08-16 11:38:36,38,41,3452,4933
2023-08-16 11:38:36,38,40,3452,4933
2023-08-16 11:38:57,37,40,3452,4933
2023-08-16 11:38:57,38,40,3452,4933
2023-08-16 11:38:58,37,40,3452,4933
2023-08-16 11:38:59,38,40,3452,4933
2023-08-16 11:39:00,37,40,3452,4933
2023-08-16 11:39:01,38,40,3452,4933
2023-08-16 11:39:20,37,40,3452,4933
2023-08-16 11:39:21,38,40,3452,4933
2023-08-16 11:39:22,37,40,3452,4933
2023-08-16 11:39:23,38,40,3452,4933
2023-08-16 11:39:24,37,40,3452,4933
2023-08-16 11:39:25,38,40,3452,4933
2023-08-16 11:39:26,37,40,3452,4933
2023-08-16 11:39:27,38,40,3452,4933
2023-08-16 11:39:28,37,40,3452,4933
2023-08-16 11:39:29,38,40,3452,4933
2023-08-16 11:39:30,37,40,3452,4933
2023-08-16 11:39:31,38,40,3452,4933
2023-08-16 11:39:32,37,40,3452,4933
2023-08-16 11:39:34,38,40,3452,4933
2023-08-16 11:39:35,37,40,3452,4933
2023-08-16 11:39:36,38,40,3452,4933
2023-08-16 11:39:37,37,40,3452,4933
2023-08-16 11:39:38,38,40,3452,4933
2023-08-16 11:39:39,37,40,3452,4933
2023-08-16 11:39:40,38,40,3452,4933
2023-08-16 11:39:41,37,40,3452,4933
2023-08-16 11:39:53,38,40,3452,4933
2023-08-16 11:39:54,37,40,3452,4933
2023-08-16 11:39:55,38,40,3452,4933
2023-08-16 11:39:56,37,40,3452,4933
2023-08-16 11:39:57,38,40,3452,4933
2023-08-16 11:39:58,37,40,3452,4933
2023-08-16 11:39:59,38,40,3452,4933
2023-08-16 11:40:00,37,40,3452,4933
2023-08-16 11:40:01,38,40,3452,4933
2023-08-16 11:40:02,37,40,3452,4933
2023-08-16 11:40:03,38,40,3452,4933
2023-08-16 11:40:04,37,40,3452,4933
2023-08-16 11:40:05,38,40,3452,4933
2023-08-16 11:40:06,37,40,3452,4933
2023-08-16 11:40:09,38,40,3452,4933
2023-08-16 11:40:10,37,40,3452,4933
2023-08-16 11:40:11,38,40,3452,4933
2023-08-16 11:40:12,37,40,3452,4933
2023-08-16 11:40:13,38,40,3452,4933
2023-08-16 11:40:14,37,40,3452,4933
2023-08-16 11:40:15,38,40,3452,4933
2023-08-16 11:40:16,37,40,3452,4933
2023-08-16 11:40:17,38,40,3452,4933
2023-08-16 11:40:18,37,40,3452,4933
2023-08-16 11:40:19,38,40,3452,4933
2023-08-16 11:40:20,37,40,3452,4933
2023-08-16 11:40:21,38,40,3452,4933
2023-08-16 11:40:22,37,40,3452,4933
2023-08-16 11:40:23,38,40,3452,4933
2023-08-16 11:40:24,37,40,3452,4933
2023-08-16 11:40:25,38,40,3452,4933
2023-08-16 11:40:26,37,40,3452,4933
2023-08-16 11:40:26,38,40,3452,4933
2023-08-16 11:42:01,39,40,3452,4933
2023-08-16 11:42:02,38,40,3452,4933
2023-08-16 11:42:08,37,40,3452,4933
2023-08-16 11:42:09,38,40,3452,4933
2023-08-16 11:42:10,37,40,3452,4933
2023-08-16 11:42:11,38,40,3452,4933
2023-08-16 11:42:12,37,40,3452,4933
2023-08-16 11:42:13,38,40,3452,4933
2023-08-16 11:42:14,37,40,3452,4933
2023-08-16 11:42:15,38,40,3452,4933
2023-08-16 11:42:16,37,40,3452,4933
2023-08-16 11:42:17,38,40,3452,4933
2023-08-16 11:42:18,37,40,3452,4933
2023-08-16 11:42:18,38,40,3452,4933
2023-08-16 11:42:25,37,40,3452,4933
2023-08-16 11:42:27,38,40,3452,4933
2023-08-16 11:42:28,37,40,3452,4933
2023-08-16 11:42:28,38,40,3452,4933
2023-08-16 11:42:29,37,40,3452,4933
2023-08-16 11:42:29,38,40,3452,4933
2023-08-16 11:42:34,37,40,3452,4933
2023-08-16 11:42:34,38,40,3452,4933
2023-08-16 11:42:35,37,40,3452,4933
2023-08-16 11:42:36,38,40,3452,4933
2023-08-16 11:42:37,37,40,3452,4933
2023-08-16 11:42:38,38,40,3452,4933
2023-08-16 11:42:39,37,40,3452,4933
2023-08-16 11:42:40,38,40,3452,4933
2023-08-16 11:42:41,37,40,3452,4933
2023-08-16 11:42:43,38,40,3452,4933
2023-08-16 11:42:44,37,40,3452,4933
2023-08-16 11:43:07,37,39,3452,4933
2023-08-16 11:43:22,37,40,3452,5133
2023-08-16 11:44:01,38,40,3452,5133
2023-08-16 11:44:02,37,40,3452,5133
2023-08-16 11:44:04,38,40,3452,5133
2023-08-16 11:44:05,37,40,3452,5133
2023-08-16 11:44:19,37,39,3452,5133
2023-08-16 11:46:19,37,40,3452,5133
2023-08-16 11:46:59,38,40,3452,5133
2023-08-16 11:47:00,37,40,3452,5133
2023-08-16 11:47:04,37,39,3452,5133
2023-08-16 11:47:21,36,39,3452,5133
2023-08-16 11:47:23,36,38,3452,5133
2023-08-16 11:47:25,35,38,3452,5133
2023-08-16 11:47:25,35,37,3452,5133
2023-08-16 11:48:19,34,37,3452,5133
2023-08-16 11:48:19,34,36,3452,5133
2023-08-16 11:50:07,33,36,3452,5133
2023-08-16 11:50:07,33,35,3452,5133
2023-08-16 11:50:09,32,35,3452,5133
2023-08-16 11:50:09,32,34,3452,5133
2023-08-16 11:50:44,32,35,3452,5133
2023-08-16 11:50:51,33,35,3452,5133
2023-08-16 11:50:55,33,36,3452,5133
2023-08-16 11:51:07,32,36,3452,5133
2023-08-16 11:51:07,32,35,3452,5133
2023-08-16 11:51:19,33,35,3452,5133
2023-08-16 11:51:20,32,35,3452,5133
2023-08-16 11:51:21,33,35,3452,5133
2023-08-16 11:51:22,32,35,3452,5133
2023-08-16 11:51:23,32,36,3452,5133
2023-08-16 11:51:23,33,36,3452,5133
2023-08-16 11:51:30,33,35,3452,5133
2023-08-16 11:51:31,33,36,3452,5133
2023-08-16 11:51:35,33,35,3452,5133
2023-08-16 11:51:37,32,35,3452,5133
2023-08-16 11:51:41,33,35,3452,5133
2023-08-16 11:51:42,32,35,3452,5133
2023-08-16 11:51:43,33,35,3452,5133
2023-08-16 11:51:44,32,35,3452,5133
2023-08-16 11:52:00,32,36,3452,5133
2023-08-16 11:52:00,33,36,3452,5133
2023-08-16 11:52:20,32,36,3452,5133
2023-08-16 11:52:20,32,35,3452,5133
2023-08-16 11:52:33,32,33,3452,5133
2023-08-16 11:52:34,32,35,3452,5273
2023-08-16 11:52:40,32,36,3452,5273
2023-08-16 11:52:46,32,35,3452,5273
2023-08-16 11:53:42,32,36,3452,5273
2023-08-16 11:53:43,32,35,3452,5273
2023-08-16 11:54:14,32,36,3452,5273
2023-08-16 11:54:14,33,36,3452,5273
2023-08-16 11:54:27,33,35,3452,5273
2023-08-16 11:54:35,33,36,3452,5273
2023-08-16 11:54:46,33,35,3452,5273
2023-08-16 11:54:57,33,36,3452,5273
2023-08-16 11:55:04,33,35,3452,5273
2023-08-16 11:55:05,33,36,3452,5273
2023-08-16 11:55:07,33,35,3452,5273
2023-08-16 11:55:09,33,36,3452,5273
2023-08-16 11:55:13,33,35,3452,5273
2023-08-16 11:55:18,33,36,3452,5273
2023-08-16 11:55:42,33,35,3452,5273
2023-08-16 11:55:58,33,36,3452,5273
2023-08-16 11:56:06,33,35,3452,5273
2023-08-16 11:56:07,33,36,3452,5273
2023-08-16 11:56:22,33,35,3452,5273
2023-08-16 11:56:31,32,35,3452,5273
2023-08-16 11:56:32,33,35,3452,5273
2023-08-16 11:56:33,32,35,3452,5273
2023-08-16 11:56:36,33,35,3452,5273
2023-08-16 11:56:40,32,35,3452,5273
2023-08-16 11:57:03,31,35,3452,5273
2023-08-16 11:57:03,31,33,3452,5273
2023-08-16 11:57:59,31,35,3452,5273
2023-08-16 11:57:59,31,34,3452,5273
2023-08-16 11:58:29,31,33,3452,5273
2023-08-16 11:58:32,31,32,3452,5273
2023-08-16 11:58:33,30,32,3452,5273
2023-08-16 11:59:07,30,31,3452,5273
2023-08-16 11:59:07,29,31,3452,5273
2023-08-16 11:59:07,29,30,3452,5273
2023-08-16 11:59:07,29,31,3572,5393
2023-08-16 11:59:30,29,32,3572,5393
2023-08-16 11:59:30,29,31,3572,5393
2023-08-16 11:59:44,29,32,3572,5393
2023-08-16 12:00:00,29,32,3573,5394
2023-08-16 12:00:01,29,31,3573,5394
2023-08-16 12:00:13,29,32,3573,5394
2023-08-16 12:00:17,29,32,3574,5395
2023-08-16 12:00:34,29,32,3575,5396
2023-08-16 12:00:34,29,30,3575,5396
2023-08-16 12:00:36,29,30,3575,5646
2023-08-16 12:00:37,29,32,3575,5671
2023-08-16 12:00:54,30,32,3575,5671
2023-08-16 12:00:55,29,32,3575,5671
2023-08-16 12:01:00,30,32,3575,5671
2023-08-16 12:01:01,29,32,3575,5671
2023-08-16 12:01:09,30,32,3575,5671
2023-08-16 12:01:11,30,33,3575,5671
2023-08-16 12:01:34,31,33,3575,5671
2023-08-16 12:01:35,30,33,3575,5671
2023-08-16 12:01:38,31,33,3575,5671
2023-08-16 12:02:10,31,34,3575,5671
2023-08-16 12:02:52,32,34,3575,5671
2023-08-16 12:02:53,31,34,3575,5671
2023-08-16 12:02:55,32,34,3575,5671
2023-08-16 12:03:25,32,35,3575,5671
2023-08-16 12:04:19,32,34,3575,5671
2023-08-16 12:04:40,31,34,3575,5671
2023-08-16 12:05:09,31,33,3575,5671
2023-08-16 12:05:10,31,34,3575,5671
2023-08-16 12:05:15,31,33,3575,5671
2023-08-16 12:05:18,31,34,3575,5671
2023-08-16 12:05:24,31,33,3575,5671
2023-08-16 12:05:27,31,34,3575,5671
2023-08-16 12:06:02,31,33,3575,5671
2023-08-16 12:06:15,31,34,3575,5671
2023-08-16 12:06:16,31,33,3575,5671
2023-08-16 12:06:33,31,34,3575,5671
2023-08-16 12:06:35,31,33,3575,5671
2023-08-16 12:06:42,30,33,3575,5671
2023-08-16 12:07:05,30,32,3575,5671
2023-08-16 12:07:09,29,32,3575,5671
2023-08-16 12:07:13,29,31,3575,5671
2023-08-16 12:07:21,29,32,3575,5671
2023-08-16 12:07:32,29,31,3575,5671
2023-08-16 12:07:52,29,31,3575,5681
2023-08-16 12:08:07,28,31,3575,5681
2023-08-16 12:08:21,29,31,3575,5681
2023-08-16 12:08:42,28,31,3575,5681
2023-08-16 12:08:43,29,31,3575,5681
2023-08-16 12:09:11,28,31,3575,5681
2023-08-16 12:10:13,28,30,3575,5681
2023-08-16 12:10:21,28,29,3575,5681
2023-08-16 12:10:25,28,30,3575,5681
2023-08-16 12:10:28,28,29,3575,5681
2023-08-16 12:10:30,27,29,3575,5681
2023-08-16 12:10:32,26,29,3575,5681
2023-08-16 12:10:32,26,28,3575,5681
2023-08-16 12:10:37,26,28,3590,5696
2023-08-16 12:10:37,26,28,3605,5711
2023-08-16 12:10:54,26,28,3645,5751
2023-08-16 12:11:03,25,28,3645,5751
2023-08-16 12:11:07,25,27,3645,5751
2023-08-16 12:11:13,25,28,3645,5751
2023-08-16 12:11:23,25,27,3645,5751
2023-08-16 12:12:06,25,26,3645,5751
2023-08-16 12:12:08,23,26,3845,5951
2023-08-16 12:12:09,23,25,3845,5951
2023-08-16 12:12:24,23,26,3845,6151
2023-08-16 12:12:25,24,26,3845,6151
2023-08-16 12:12:43,24,27,3845,6151
2023-08-16 12:12:48,24,26,3845,6151
2023-08-16 12:12:54,23,26,3845,6151
2023-08-16 12:13:36,24,26,3845,6151
2023-08-16 12:13:43,23,26,3845,6151
2023-08-16 12:13:56,23,27,3845,6151
2023-08-16 12:13:56,24,27,3845,6151
2023-08-16 12:14:24,24,26,3845,6151
2023-08-16 12:14:31,24,27,3845,6151
2023-08-16 12:14:43,24,26,3845,6151
2023-08-16 12:14:47,24,27,3845,6151
2023-08-16 12:14:57,24,26,3845,6151
2023-08-16 12:15:01,24,27,3845,6151
2023-08-16 12:16:11,24,26,3845,6151
2023-08-16 12:16:16,24,27,3845,6151
2023-08-16 12:16:42,24,26,3845,6151
2023-08-16 12:16:48,24,27,3845,6151
2023-08-16 12:16:53,24,27,3845,6151
2023-08-16 12:16:59,24,26,3845,6151
2023-08-16 12:16:59,24,27,4045,6351
2023-08-16 12:17:48,24,26,4045,6351
2023-08-16 12:17:59,24,25,4045,6351
2023-08-16 12:17:59,24,26,4045,6351
2023-08-16 12:17:59,23,26,4045,6351
2023-08-16 12:18:04,23,25,4045,6351
2023-08-16 12:18:04,23,26,4045,6351
2023-08-16 12:18:10,23,25,4045,6351
2023-08-16 12:18:10,23,26,4045,6351
2023-08-16 12:18:15,23,25,4045,6351
2023-08-16 12:18:15,23,26,4045,6351
2023-08-16 12:18:16,23,25,4045,6351
2023-08-16 12:18:20,23,24,4045,6351
2023-08-16 12:18:20,23,25,4045,6351
2023-08-16 12:18:26,23,24,4045,6351
2023-08-16 12:18:26,23,25,4045,6351
2023-08-16 12:18:28,22,25,4045,6351
2023-08-16 12:18:28,22,24,4045,6351
2023-08-16 12:18:33,22,25,4045,6351
2023-08-16 12:18:33,22,24,4045,6351
2023-08-16 12:18:33,22,25,4045,6351
2023-08-16 12:18:39,22,24,4045,6351
2023-08-16 12:18:39,22,25,4045,6351
2023-08-16 12:18:44,22,24,4045,6351
2023-08-16 12:18:44,22,25,4045,6351
2023-08-16 12:18:47,22,24,4045,6351
2023-08-16 12:18:53,22,25,4045,6351
2023-08-16 12:18:53,22,24,4045,6351
2023-08-16 12:18:53,22,25,4045,6351
2023-08-16 12:18:59,22,24,4045,6351
2023-08-16 12:18:59,22,25,4045,6351
2023-08-16 12:19:02,22,24,4045,6351
2023-08-16 12:19:37,22,23,4045,6351
2023-08-16 12:19:37,22,24,4045,6351
2023-08-16 12:19:48,22,25,4045,6351
2023-08-16 12:19:48,22,24,4045,6351
2023-08-16 12:19:48,22,25,4045,6351
2023-08-16 12:19:53,22,24,4045,6351
2023-08-16 12:19:53,22,25,4045,6351
2023-08-16 12:19:58,22,24,4045,6351
2023-08-16 12:19:59,22,25,4045,6351
2023-08-16 12:19:59,22,24,4045,6351
2023-08-16 12:20:07,22,25,4045,6351
2023-08-16 12:20:09,22,24,4045,6351
2023-08-16 12:20:09,22,25,4045,6351
2023-08-16 12:20:15,22,24,4045,6351
2023-08-16 12:20:15,22,25,4045,6351
2023-08-16 12:20:21,22,24,4045,6351
2023-08-16 12:20:21,22,25,4045,6351
2023-08-16 12:20:26,22,24,4045,6351
2023-08-16 12:20:26,22,25,4045,6351
2023-08-16 12:20:31,22,24,4045,6351
2023-08-16 12:20:31,22,25,4045,6351
2023-08-16 12:20:36,22,24,4045,6351
2023-08-16 12:20:36,22,25,4045,6351
2023-08-16 12:20:42,22,24,4045,6351
2023-08-16 12:20:42,22,25,4045,6351
2023-08-16 12:20:48,22,24,4045,6351
2023-08-16 12:20:48,22,25,4045,6351
2023-08-16 12:20:54,22,24,4045,6351
2023-08-16 12:20:54,22,25,4045,6351
2023-08-16 12:20:59,22,24,4045,6351
2023-08-16 12:20:59,22,25,4045,6351
2023-08-16 12:21:03,22,24,4045,6351
2023-08-16 12:21:04,22,23,4045,6351
2023-08-16 12:21:04,22,24,4045,6351
2023-08-16 12:21:09,22,23,4045,6351
2023-08-16 12:21:09,22,24,4045,6351
2023-08-16 12:21:15,22,23,4045,6351
2023-08-16 12:21:15,22,24,4045,6351
2023-08-16 12:21:20,22,23,4045,6351
2023-08-16 12:21:20,22,24,4045,6351
2023-08-16 12:21:30,22,25,4045,6351
2023-08-16 12:21:30,22,24,4045,6351
2023-08-16 12:21:30,22,25,4045,6351
2023-08-16 12:21:31,22,24,4045,6351
2023-08-16 12:21:35,22,25,4045,6351
2023-08-16 12:21:35,22,24,4045,6351
2023-08-16 12:21:35,22,25,4045,6351
2023-08-16 12:21:41,22,24,4045,6351
2023-08-16 12:21:41,22,25,4045,6351
2023-08-16 12:21:47,22,24,4045,6351
2023-08-16 12:21:47,22,25,4045,6351
2023-08-16 12:21:48,23,25,4045,6351
2023-08-16 12:21:53,23,24,4045,6351
2023-08-16 12:21:53,23,25,4045,6351
2023-08-16 12:21:59,23,24,4045,6351
2023-08-16 12:21:59,23,25,4045,6351
2023-08-16 12:22:06,23,24,4045,6351
2023-08-16 12:22:06,23,25,4045,6351
2023-08-16 12:22:16,23,24,4045,6351
2023-08-16 12:22:16,23,25,4045,6351
2023-08-16 12:22:23,23,24,4045,6351
2023-08-16 12:22:23,23,25,4045,6351
2023-08-16 12:22:29,23,24,4045,6351
2023-08-16 12:22:29,23,25,4045,6351
2023-08-16 12:22:37,23,24,4045,6351
2023-08-16 12:22:37,23,25,4045,6351
2023-08-16 12:22:39,23,26,3645,6751
2023-08-16 12:22:39,24,26,3645,6751
2023-08-16 12:22:39,24,26,3675,6781
2023-08-16 12:22:44,24,25,3675,6781
2023-08-16 12:22:44,24,26,3675,6781
2023-08-16 12:22:47,24,27,3675,6781
2023-08-16 12:22:47,24,26,3675,6781
2023-08-16 12:23:25,25,26,3675,6781
2023-08-16 12:23:25,25,26,3675,6871
2023-08-16 12:23:41,25,27,3675,6871
2023-08-16 12:23:47,24,27,3675,6871
2023-08-16 12:23:48,24,26,3675,6871
2023-08-16 12:23:54,24,27,3675,6871
2023-08-16 12:24:13,24,26,3675,6871
2023-08-16 12:24:18,24,27,3675,6871
2023-08-16 12:25:07,24,26,3675,6871
2023-08-16 12:25:28,23,26,3675,6871
2023-08-16 12:25:43,23,25,3675,6871
2023-08-16 12:26:04,23,25,3675,6931
2023-08-16 12:26:08,23,24,3675,6931
2023-08-16 12:26:52,23,25,3675,6931
2023-08-16 12:28:09,23,26,3675,6931
2023-08-16 12:28:20,23,25,3675,6931
2023-08-16 12:28:50,22,25,3675,6945
2023-08-16 12:31:38,22,26,3675,6945
2023-08-16 12:31:41,23,26,3675,6945
2023-08-16 12:32:07,23,27,3675,6945
2023-08-16 12:32:13,24,27,3675,6945
2023-08-16 12:32:42,23,27,3675,6945
2023-08-16 12:32:42,23,26,3675,6945
2023-08-16 12:32:54,24,26,3675,6945
2023-08-16 12:33:01,23,26,3675,6945
2023-08-16 12:33:32,24,26,3675,6945
2023-08-16 12:33:35,23,26,3675,6945
2023-08-16 12:33:53,24,26,3675,6945
2023-08-16 12:33:57,24,27,3675,6945
2023-08-16 12:34:10,24,28,3675,6945
2023-08-16 12:34:11,24,27,3675,6945
2023-08-16 12:34:12,24,28,3675,6945
2023-08-16 12:34:18,24,27,3675,6945
2023-08-16 12:34:27,24,28,3675,6945
2023-08-16 12:34:33,24,27,3675,6945
2023-08-16 12:34:34,24,28,3675,6945
2023-08-16 12:34:36,24,27,3675,6945
2023-08-16 12:35:08,24,28,3675,6945
2023-08-16 12:35:19,24,27,3675,6945
2023-08-16 12:35:30,24,28,3675,6945
2023-08-16 12:35:49,25,28,3675,6945
2023-08-16 12:35:50,24,28,3675,6945
2023-08-16 12:35:51,25,28,3675,6945
2023-08-16 12:36:03,24,28,3675,6945
2023-08-16 12:36:15,25,28,3675,6945
2023-08-16 12:36:16,24,28,3675,6945
2023-08-16 12:36:17,25,28,3675,6945
2023-08-16 12:36:18,24,28,3675,6945
2023-08-16 12:36:47,25,28,3675,6945
2023-08-16 12:36:54,25,29,3675,6945
2023-08-16 12:36:54,26,28,3675,6945
2023-08-16 12:36:54,26,29,3675,6945
2023-08-16 12:37:12,26,30,3675,6945
2023-08-16 12:37:12,27,30,3675,6945
2023-08-16 12:37:17,26,30,3675,6945
2023-08-16 12:37:18,26,29,3675,6945
2023-08-16 12:37:23,26,30,3675,6945
2023-08-16 12:37:24,27,30,3675,6945
2023-08-16 12:37:27,26,30,3675,6945
2023-08-16 12:37:28,26,29,3675,6945
2023-08-16 12:37:31,26,30,3675,6945
2023-08-16 12:37:31,27,30,3675,6945
2023-08-16 12:38:04,28,30,3675,6945
2023-08-16 12:38:30,27,30,3675,6945
2023-08-16 12:38:34,26,30,3675,6945
2023-08-16 12:38:38,27,30,3675,6945
2023-08-16 12:39:30,26,30,3675,6945
2023-08-16 12:39:40,27,30,3675,6945
2023-08-16 12:42:02,28,30,3675,6945
2023-08-16 12:42:02,28,31,3675,6945
2023-08-16 12:42:03,29,31,3675,6945
2023-08-16 12:42:40,29,32,3675,6945
2023-08-16 12:42:59,30,32,3675,6945
2023-08-16 12:43:17,29,32,3675,6945
2023-08-16 12:43:39,30,32,3675,6945
2023-08-16 12:43:40,29,32,3675,6945
2023-08-16 12:43:41,30,32,3675,6945
2023-08-16 12:43:42,29,32,3675,6945
2023-08-16 12:43:43,30,32,3675,6945
2023-08-16 12:43:44,29,32,3675,6945
2023-08-16 12:43:45,30,32,3675,6945
2023-08-16 12:43:46,29,32,3675,6945
2023-08-16 12:44:43,28,32,3675,6945
2023-08-16 12:46:38,28,31,3675,6945
2023-08-16 12:46:44,28,32,3675,6945
2023-08-16 12:46:46,28,31,3675,6945
2023-08-16 12:47:04,27,31,3675,6945
2023-08-16 12:47:23,27,30,3675,6945
2023-08-16 12:47:27,27,31,3675,6945
2023-08-16 12:47:48,27,30,3675,6945
2023-08-16 12:47:55,27,29,3675,6945
2023-08-16 12:47:55,26,29,3675,6945
2023-08-16 12:48:38,26,30,3675,6945
2023-08-16 12:48:38,27,30,3675,6945
2023-08-16 12:48:46,26,30,3675,6945
2023-08-16 12:49:03,27,30,3675,6945
2023-08-16 12:49:31,26,30,3675,6945
2023-08-16 12:50:29,27,30,3675,6945
2023-08-16 12:50:40,26,30,3675,6945
2023-08-16 12:50:43,26,29,3675,6945
2023-08-16 12:51:38,25,29,3675,6945
2023-08-16 12:51:38,25,28,3675,6945
2023-08-16 12:51:55,25,29,3675,6945
2023-08-16 12:52:07,25,30,3675,6945
2023-08-16 12:52:07,26,30,3675,6945
2023-08-16 12:52:11,25,30,3675,6945
2023-08-16 12:52:11,25,29,3675,6945
2023-08-16 12:52:29,25,30,3675,6945
2023-08-16 12:52:31,26,30,3675,6945
2023-08-16 12:52:36,25,30,3675,6945
2023-08-16 12:52:37,25,29,3675,6945
2023-08-16 12:53:15,25,30,3675,6945
2023-08-16 12:53:16,25,29,3675,6945
2023-08-16 12:53:19,25,30,3675,6945
2023-08-16 12:53:19,26,30,3675,6945
2023-08-16 12:53:30,25,30,3675,6945
2023-08-16 12:53:46,25,29,3675,6945
2023-08-16 12:53:59,25,28,3675,6945
2023-08-16 12:54:10,25,29,3675,6945
2023-08-16 12:54:18,25,28,3675,6945
2023-08-16 12:54:25,25,29,3675,6945
2023-08-16 12:54:30,25,28,3675,6945
2023-08-16 12:54:39,25,29,3675,6945
2023-08-16 12:54:45,25,28,3675,6945
2023-08-16 12:55:29,25,29,3675,6945
2023-08-16 12:55:43,25,28,3675,6945
2023-08-16 12:57:01,25,27,3675,6945
2023-08-16 12:57:02,24,27,3675,6945
2023-08-16 12:57:09,23,27,3675,6945
2023-08-16 12:57:09,23,26,3675,6945
2023-08-16 12:57:35,23,25,3675,6945
2023-08-16 12:58:17,23,26,3675,6945
2023-08-16 12:59:04,23,25,3675,6945
2023-08-16 12:59:05,23,26,3675,6945
2023-08-16 12:59:06,23,25,3675,6945
2023-08-16 12:59:25,23,26,3675,6945
2023-08-16 12:59:34,23,25,3675,6945
2023-08-16 13:00:05,23,26,3675,6945
2023-08-16 13:00:15,24,26,3675,6945
2023-08-16 13:00:17,24,27,3675,6945
2023-08-16 13:00:20,23,27,3675,6945
2023-08-16 13:00:25,24,27,3675,6945
2023-08-16 13:00:36,23,27,3675,6945
2023-08-16 13:00:46,24,27,3675,6945
2023-08-16 13:02:05,24,28,3675,6945
2023-08-16 13:02:06,25,28,3675,6945
2023-08-16 13:02:28,24,28,3675,6945
2023-08-16 13:02:33,25,28,3675,6945
2023-08-16 13:03:44,26,28,3675,6945
2023-08-16 13:03:46,26,29,3675,6945
2023-08-16 13:04:12,26,28,3675,6945
2023-08-16 13:04:12,25,28,3675,6945
2023-08-16 13:04:53,25,27,3675,6945
2023-08-16 13:04:53,24,27,3675,6945
2023-08-16 13:05:14,24,28,3675,6945
2023-08-16 13:05:14,25,28,3675,6945
2023-08-16 13:05:19,26,28,3675,6945
2023-08-16 13:05:20,26,29,3675,6945
2023-08-16 13:05:32,25,29,3675,6945
2023-08-16 13:05:36,25,28,3675,6945
2023-08-16 13:05:42,24,28,3675,6945
2023-08-16 13:05:57,24,27,3675,6945
2023-08-16 13:05:58,23,27,3675,6945
2023-08-16 13:06:06,23,26,3675,6945
2023-08-16 13:06:23,22,26,3675,6945
2023-08-16 13:06:23,22,25,3675,6945
2023-08-16 13:06:24,22,24,3675,6945
2023-08-16 13:06:48,21,24,3675,6945
2023-08-16 13:06:48,21,23,3675,6945
2023-08-16 13:07:15,20,23,3675,6945
2023-08-16 13:07:21,20,22,3675,6945
2023-08-16 13:07:28,20,22,3675,6946
2023-08-16 13:07:45,20,22,3675,6947
2023-08-16 13:08:01,20,22,3675,6948
2023-08-16 13:09:20,20,21,3675,6948
2023-08-16 13:09:25,20,21,3642,7148
2023-08-16 13:09:29,19,20,3642,7205
2023-08-16 13:10:00,19,21,3642,7205
2023-08-16 13:10:10,19,20,3642,7205
2023-08-16 13:10:26,18,20,3740,7303
2023-08-16 13:10:26,18,19,3740,7303
2023-08-16 13:10:43,17,18,3890,7453
2023-08-16 13:10:51,17,19,3890,7453
2023-08-16 13:11:06,17,18,3890,7453
2023-08-16 13:11:08,17,19,3890,7453
2023-08-16 13:11:17,17,20,3890,7453
2023-08-16 13:11:32,17,19,3890,7453
2023-08-16 13:13:06,17,20,3890,7453
2023-08-16 13:13:27,17,21,3890,7453
2023-08-16 13:13:28,17,20,3890,7453
2023-08-16 13:13:31,18,20,3890,7453
2023-08-16 13:13:35,18,21,3890,7453
2023-08-16 13:13:36,19,21,3890,7453
2023-08-16 13:13:49,19,22,3890,7453
2023-08-16 13:14:00,20,22,3890,7453
2023-08-16 13:14:01,19,22,3890,7453
2023-08-16 13:16:27,19,23,3890,7453
2023-08-16 13:16:28,20,23,3890,7453
2023-08-16 13:16:51,21,23,3890,7453
2023-08-16 13:16:56,21,24,3890,7453
2023-08-16 13:17:17,21,23,3890,7453
2023-08-16 13:17:18,20,23,3890,7453
2023-08-16 13:17:18,20,24,3890,7453
2023-08-16 13:17:19,20,23,3890,7453
2023-08-16 13:17:29,19,23,3890,7453
2023-08-16 13:17:29,19,22,3890,7453
2023-08-16 13:17:59,20,22,3890,7453
2023-08-16 13:17:59,20,23,3890,7453
2023-08-16 13:18:22,19,23,3890,7453
2023-08-16 13:18:46,19,22,3890,7453
2023-08-16 13:19:12,19,21,3890,7453
2023-08-16 13:19:23,19,23,3890,7453
2023-08-16 13:19:24,19,22,3890,7453
2023-08-16 13:20:24,19,23,3890,7453
2023-08-16 13:20:24,19,22,3890,7453
2023-08-16 13:20:48,20,22,3890,7453
2023-08-16 13:21:01,19,22,3890,7453
2023-08-16 13:21:23,20,22,3890,7453
2023-08-16 13:21:23,20,23,3890,7453
2023-08-16 13:21:23,20,22,3890,7453
2023-08-16 13:21:27,20,24,3890,7453
2023-08-16 13:21:27,20,23,3890,7453
2023-08-16 13:21:51,21,23,3890,7453
2023-08-16 13:21:53,20,23,3890,7453
2023-08-16 13:21:54,21,23,3890,7453
2023-08-16 13:21:55,20,23,3890,7453
2023-08-16 13:21:56,21,23,3890,7453
2023-08-16 13:21:56,21,24,3890,7453
2023-08-16 13:22:07,22,24,3890,7453
2023-08-16 13:22:08,22,25,3890,7453
2023-08-16 13:22:37,23,25,3890,7453
2023-08-16 13:23:19,22,25,3890,7453
2023-08-16 13:24:09,23,25,3890,7453
2023-08-16 13:25:22,22,25,3890,7453
2023-08-16 13:26:02,22,24,3890,7453
2023-08-16 13:26:03,22,25,3890,7453
2023-08-16 13:26:04,22,24,3890,7453
2023-08-16 13:26:05,22,25,3890,7453
2023-08-16 13:26:05,22,25,3890,7513
2023-08-16 13:26:05,22,24,3890,7513
2023-08-16 13:26:06,21,24,3890,7513
2023-08-16 13:26:24,21,25,3890,7513
2023-08-16 13:26:29,22,25,3890,7513
2023-08-16 13:26:36,23,25,3890,7513
2023-08-16 13:26:39,22,25,3890,7513
2023-08-16 13:27:08,22,26,3890,7513
2023-08-16 13:27:08,23,26,3890,7513
2023-08-16 13:27:37,22,26,3890,7513
2023-08-16 13:27:48,22,25,3890,7513
2023-08-16 13:28:01,21,25,3890,7513
2023-08-16 13:28:04,21,24,3890,7513
2023-08-16 13:28:05,21,25,3890,7513
2023-08-16 13:28:06,21,24,3890,7513
2023-08-16 13:28:07,21,25,3890,7513
2023-08-16 13:28:08,21,24,3890,7513
2023-08-16 13:28:09,21,25,3890,7513
2023-08-16 13:28:32,22,25,3890,7513
2023-08-16 13:28:49,22,25,3910,7533
2023-08-16 13:28:52,21,25,3910,7533
2023-08-16 13:28:54,22,25,3910,7533
2023-08-16 13:28:55,21,25,3910,7533
2023-08-16 13:29:03,22,25,3910,7533
2023-08-16 13:29:04,21,25,3910,7533
2023-08-16 13:29:10,22,25,3910,7533
2023-08-16 13:29:14,21,25,3910,7533
2023-08-16 13:29:15,22,25,3910,7533
2023-08-16 13:29:16,21,25,3910,7533
2023-08-16 13:29:42,21,24,3910,7533
2023-08-16 13:29:42,21,25,3910,7533
2023-08-16 13:29:42,21,24,3910,7533
2023-08-16 13:29:56,22,24,3910,7533
2023-08-16 13:29:56,22,26,3910,7533
2023-08-16 13:29:56,22,25,3910,7533
2023-08-16 13:30:02,21,25,3910,7533
2023-08-16 13:30:05,21,24,3910,7533
2023-08-16 13:30:40,20,24,3910,7533
2023-08-16 13:30:40,20,23,3910,7533
2023-08-16 13:30:40,20,22,3910,7533
2023-08-16 13:30:41,20,23,3910,7533
2023-08-16 13:30:48,21,23,3910,7533
2023-08-16 13:30:50,20,23,3910,7533
2023-08-16 13:30:57,21,23,3910,7533
2023-08-16 13:31:08,20,23,3910,7533
2023-08-16 13:31:10,20,22,3910,7533
2023-08-16 13:31:11,20,23,3910,7533
2023-08-16 13:31:12,20,22,3910,7533
2023-08-16 13:31:13,20,23,3910,7533
2023-08-16 13:31:23,21,23,3910,7533
2023-08-16 13:31:23,21,23,3910,7593
2023-08-16 13:31:24,20,23,3910,7593
2023-08-16 13:31:39,20,22,3910,7593
2023-08-16 13:31:39,20,23,3910,7593
2023-08-16 13:31:40,20,24,3910,7593
2023-08-16 13:31:40,20,23,3910,7593
2023-08-16 13:32:12,20,24,3910,7593
2023-08-16 13:32:14,21,24,3910,7593
2023-08-16 13:32:29,21,25,3910,7593
2023-08-16 13:32:29,21,24,3910,7593
2023-08-16 13:32:41,22,24,3910,7593
2023-08-16 13:32:41,22,25,3910,7593
2023-08-16 13:32:43,23,25,3910,7593
2023-08-16 13:32:45,23,26,3910,7593
2023-08-16 13:33:02,22,26,3910,7593
2023-08-16 13:33:06,22,25,3910,7593
2023-08-16 13:33:48,23,25,3910,7593
2023-08-16 13:33:52,23,26,3910,7593
2023-08-16 13:34:01,22,26,3910,7593
2023-08-16 13:34:06,22,25,3910,7593
2023-08-16 13:34:25,23,25,3910,7593
2023-08-16 13:34:30,23,26,3910,7593
2023-08-16 13:34:35,22,26,3910,7593
2023-08-16 13:34:53,22,25,3910,7593
2023-08-16 13:35:19,21,25,3910,7593
2023-08-16 13:35:32,22,25,3910,7593
2023-08-16 13:35:54,22,26,3910,7593
2023-08-16 13:35:54,22,25,3910,7593
2023-08-16 13:36:28,23,25,3910,7593
2023-08-16 13:36:38,23,26,3910,7593
2023-08-16 13:38:08,22,26,3910,7593
2023-08-16 13:38:12,23,26,3910,7593
2023-08-16 13:38:33,22,26,3910,7593
2023-08-16 13:38:58,21,26,3910,7593
2023-08-16 13:38:58,21,25,3910,7593
2023-08-16 13:39:08,22,25,3910,7593
2023-08-16 13:39:13,22,26,3910,7593
2023-08-16 13:39:17,23,26,3910,7593
2023-08-16 13:39:52,24,26,3910,7593
2023-08-16 13:40:14,24,27,3910,7593
2023-08-16 13:40:21,25,27,3910,7593
2023-08-16 13:40:33,25,28,3910,7593
2023-08-16 13:40:47,26,28,3910,7593
2023-08-16 13:40:48,26,29,3910,7593
2023-08-16 13:41:32,27,29,3910,7593
2023-08-16 13:41:36,27,30,3910,7593
2023-08-16 13:42:25,28,30,3910,7593
2023-08-16 13:42:35,28,31,3910,7593
2023-08-16 13:42:35,29,31,3910,7593
2023-08-16 13:42:39,28,31,3910,7593
2023-08-16 13:42:44,29,31,3910,7593
2023-08-16 13:42:49,29,32,3910,7593
2023-08-16 13:42:51,30,32,3910,7593
2023-08-16 13:42:52,29,32,3910,7593
2023-08-16 13:42:58,30,32,3910,7593
2023-08-16 13:42:59,29,32,3910,7593
2023-08-16 13:43:00,30,32,3910,7593
2023-08-16 13:43:01,29,32,3910,7593
2023-08-16 13:43:02,30,32,3910,7593
2023-08-16 13:43:03,29,32,3910,7593
2023-08-16 13:43:04,30,32,3910,7593
2023-08-16 13:43:05,29,32,3910,7593
2023-08-16 13:43:06,30,32,3910,7593
2023-08-16 13:43:07,29,32,3910,7593
2023-08-16 13:43:07,30,32,3910,7593
2023-08-16 13:43:14,30,33,3910,7593
2023-08-16 13:43:14,31,33,3910,7593
2023-08-16 13:43:14,31,32,3910,7593
2023-08-16 13:43:14,30,32,3910,7608
2023-08-16 13:43:14,30,33,3910,7608
2023-08-16 13:43:15,31,33,3910,7608
2023-08-16 13:43:16,30,33,3910,7623
2023-08-16 13:43:17,31,33,3910,7623
2023-08-16 13:43:22,30,33,3910,7623
2023-08-16 13:43:23,31,33,3910,7623
2023-08-16 13:43:49,32,33,3910,7623
2023-08-16 13:43:49,32,34,3910,7623
2023-08-16 13:43:49,32,35,3910,7623
2023-08-16 13:43:51,32,34,3910,7623
2023-08-16 13:43:59,32,35,3910,7623
2023-08-16 13:43:59,32,36,3910,7623
2023-08-16 13:43:59,33,36,3910,7623
2023-08-16 13:44:01,33,35,3910,7623
2023-08-16 13:44:02,33,34,3910,7623
2023-08-16 13:44:06,32,34,3910,7623
2023-08-16 13:44:12,32,36,3910,7623
2023-08-16 13:44:12,33,36,3910,7623
2023-08-16 13:44:13,33,35,3910,7623
2023-08-16 13:44:21,32,35,3910,7623
2023-08-16 13:44:24,32,34,3910,7623
2023-08-16 13:44:29,32,35,3910,7623
2023-08-16 13:44:36,32,34,3910,7623
2023-08-16 13:44:38,32,35,3910,7623
2023-08-16 13:44:39,32,34,3910,7623
2023-08-16 13:44:44,32,35,3910,7623
2023-08-16 13:44:46,33,35,3910,7623
2023-08-16 13:44:47,32,35,3910,7623
2023-08-16 13:44:52,32,34,3910,7623
2023-08-16 13:44:54,31,34,3910,7623
2023-08-16 13:44:54,31,35,3910,7623
2023-08-16 13:44:55,32,35,3910,7623
2023-08-16 13:45:01,32,34,3910,7623
2023-08-16 13:45:03,32,35,3910,7623
2023-08-16 13:45:05,32,34,3910,7623
2023-08-16 13:45:06,32,35,3910,7623
2023-08-16 13:45:13,32,34,3910,7623
2023-08-16 13:45:50,32,35,3910,7623
2023-08-16 13:45:52,32,34,3910,7623
2023-08-16 13:46:14,32,35,3910,7623
2023-08-16 13:46:15,32,34,3910,7623
2023-08-16 13:46:18,32,33,3910,7623
2023-08-16 13:46:19,32,34,3910,7623
2023-08-16 13:46:20,32,33,3910,7623
2023-08-16 13:46:21,32,34,3910,7623
2023-08-16 13:46:22,31,34,3910,7623
2023-08-16 13:46:22,31,33,3910,7623
2023-08-16 13:46:23,31,34,3910,7623
2023-08-16 13:46:32,31,33,3910,7623
2023-08-16 13:46:51,32,33,3910,7623
2023-08-16 13:46:53,32,34,3910,7623
2023-08-16 13:46:57,32,35,3910,7623
2023-08-16 13:46:58,32,34,3910,7623
2023-08-16 13:46:59,32,35,3910,7623
2023-08-16 13:47:01,32,34,3910,7623
2023-08-16 13:47:02,32,35,3910,7623
2023-08-16 13:47:03,32,34,3910,7623
2023-08-16 13:47:04,32,35,3910,7623
2023-08-16 13:47:05,32,34,3910,7623
2023-08-16 13:47:18,32,35,3910,7623
2023-08-16 13:47:23,32,34,3910,7623
2023-08-16 13:47:28,32,35,3910,7623
2023-08-16 13:47:29,33,35,3910,7623
2023-08-16 13:47:32,33,36,3910,7623
2023-08-16 13:47:41,34,36,3910,7623
2023-08-16 13:47:42,34,37,3910,7623
2023-08-16 13:47:49,34,36,3910,7623
2023-08-16 13:47:50,35,36,3910,7623
2023-08-16 13:47:55,35,37,3910,7623
2023-08-16 13:48:02,35,38,3910,7623
2023-08-16 13:48:02,37,38,3910,7623
2023-08-16 13:48:02,37,39,3910,7623
2023-08-16 13:48:03,37,40,3910,7623
2023-08-16 13:48:04,37,40,3910,7823
2023-08-16 13:48:06,38,40,3910,7823
2023-08-16 13:48:07,38,41,3910,7823
2023-08-16 13:48:08,39,41,3910,7823
2023-08-16 13:48:10,38,41,3910,7823
2023-08-16 13:48:18,37,41,3910,7823
2023-08-16 13:48:20,38,41,3910,7823
2023-08-16 13:48:21,37,41,3910,7823
2023-08-16 13:48:23,38,41,3910,7823
2023-08-16 13:48:29,37,41,3910,7823
2023-08-16 13:48:30,38,41,3910,7823
2023-08-16 13:48:31,37,41,3910,7823
2023-08-16 13:48:32,37,40,3910,7823
2023-08-16 13:48:35,37,41,3910,7823
2023-08-16 13:48:37,38,41,3910,7823
2023-08-16 13:48:40,37,41,3910,7823
2023-08-16 13:48:41,38,41,3910,7823
2023-08-16 13:48:53,37,41,3910,7823
2023-08-16 13:48:55,37,40,3910,7823
2023-08-16 13:49:03,37,41,3910,7823
2023-08-16 13:49:04,38,41,3910,7823
2023-08-16 13:49:14,37,41,3910,7823
2023-08-16 13:49:15,37,40,3910,7823
2023-08-16 13:49:18,37,41,3910,7823
2023-08-16 13:49:19,37,40,3910,7823
2023-08-16 13:49:55,37,39,3910,7823
2023-08-16 13:49:57,37,40,3910,7823
2023-08-16 13:49:58,37,39,3910,7823
2023-08-16 13:50:04,37,40,3910,7823
2023-08-16 13:50:31,38,40,3910,7823
2023-08-16 13:50:32,37,40,3910,7823
2023-08-16 13:50:35,38,40,3910,7823
2023-08-16 13:50:39,37,40,3910,7823
2023-08-16 13:50:57,37,39,3910,7823
2023-08-16 13:51:02,37,40,3910,7823
2023-08-16 13:51:09,37,39,3910,7823
2023-08-16 13:51:18,37,40,3910,7823
2023-08-16 13:51:19,37,39,3910,7823
2023-08-16 13:51:20,37,38,3910,7823
2023-08-16 13:51:23,35,38,3910,7823
2023-08-16 13:51:29,35,39,3910,7823
2023-08-16 13:51:30,35,38,3910,7823
2023-08-16 13:51:31,35,37,3910,7823
2023-08-16 13:51:38,35,38,3910,7823
2023-08-16 13:51:38,35,39,3910,7823
2023-08-16 13:51:39,35,38,3910,7823
2023-08-16 13:51:40,35,37,3910,7823
2023-08-16 13:52:07,35,38,3910,7823
2023-08-16 13:52:08,35,37,3910,7823
2023-08-16 13:52:13,35,36,3910,7823
2023-08-16 13:52:15,34,36,3910,7823
2023-08-16 13:52:37,34,38,3910,7823
2023-08-16 13:52:38,34,37,3910,7823
2023-08-16 13:52:47,34,36,3910,7823
2023-08-16 13:52:48,34,37,3910,7823
2023-08-16 13:52:51,34,36,3910,7823
2023-08-16 13:52:55,34,37,3910,7823
2023-08-16 13:53:08,34,38,3910,7823
2023-08-16 13:53:10,34,37,3910,7823
2023-08-16 13:53:20,36,37,3910,7823
2023-08-16 13:53:39,36,38,3910,7823
2023-08-16 13:53:40,36,37,3910,7823
2023-08-16 13:53:49,36,38,3910,7823
2023-08-16 13:53:54,36,37,3910,7823
2023-08-16 13:54:53,36,38,3910,7823
2023-08-16 13:55:38,35,38,3910,7823
2023-08-16 13:55:42,35,39,3910,7823
2023-08-16 13:55:42,36,39,3910,7823
2023-08-16 13:55:50,38,39,3910,7823
2023-08-16 13:56:21,35,38,3930,7843
2023-08-16 13:56:30,34,38,3930,7843
2023-08-16 13:56:32,35,38,3930,7843
2023-08-16 13:56:33,34,38,3930,7843
2023-08-16 13:56:46,35,38,3930,7843
2023-08-16 13:56:47,34,38,3930,7843
2023-08-16 13:56:48,35,38,3930,7843
2023-08-16 13:56:49,34,38,3930,7843
2023-08-16 13:56:49,34,37,3930,7843
2023-08-16 13:57:05,34,38,3930,7843
2023-08-16 13:57:06,34,37,3930,7843
2023-08-16 13:57:07,34,36,3930,7843
2023-08-16 13:57:28,34,37,3930,7843
2023-08-16 13:57:38,34,36,3930,7843
2023-08-16 13:57:39,34,37,3930,7843
2023-08-16 13:57:41,34,36,3930,7843
2023-08-16 13:58:01,34,37,3930,7843
2023-08-16 13:58:06,35,37,3930,7843
2023-08-16 13:58:15,35,38,3930,7843
2023-08-16 13:58:16,34,38,3930,7843
2023-08-16 13:58:18,35,38,3930,7843
2023-08-16 13:58:35,35,37,3930,7843
2023-08-16 13:58:37,35,38,3930,7843
2023-08-16 13:58:40,35,37,3930,7843
2023-08-16 13:58:42,35,38,3930,7843
2023-08-16 13:58:43,35,37,3930,7843
2023-08-16 13:58:45,35,38,3930,7843
2023-08-16 13:58:48,34,38,3930,7843
2023-08-16 13:58:48,34,37,3930,7843
2023-08-16 13:59:25,34,38,3930,7843
2023-08-16 13:59:26,35,38,3930,7843
2023-08-16 13:59:27,35,38,3930,7843
2023-08-16 13:59:34,34,38,3930,7843
2023-08-16 13:59:34,34,37,3930,7843
2023-08-16 13:59:38,34,38,3930,7843
2023-08-16 13:59:40,34,37,3930,7843
2023-08-16 13:59:44,34,36,3930,7843
2023-08-16 13:59:45,34,35,3930,7843
2023-08-16 13:59:46,34,37,3930,7843
2023-08-16 13:59:47,34,36,3930,7843
2023-08-16 13:59:51,33,36,3930,7843
2023-08-16 13:59:57,33,37,3930,7843
2023-08-16 13:59:58,34,37,3930,7843
2023-08-16 13:59:59,33,37,3930,7843
2023-08-16 13:59:59,33,36,3930,7843
2023-08-16 14:00:00,34,36,3930,7843
2023-08-16 14:00:01,33,36,3930,7843
2023-08-16 14:00:02,33,35,3930,7843
2023-08-16 14:00:03,33,37,3930,7843
2023-08-16 14:00:05,34,37,3930,7843
2023-08-16 14:00:05,34,35,3930,7843
2023-08-16 14:00:05,33,35,4095,8043
2023-08-16 14:00:05,33,34,4095,8043
2023-08-16 14:00:05,31,34,4095,8043
2023-08-16 14:00:06,31,35,4295,8243
2023-08-16 14:00:07,32,35,4295,8243
2023-08-16 14:00:07,32,34,4295,8243
2023-08-16 14:00:08,32,35,4295,8243
2023-08-16 14:00:09,33,35,4295,8243
2023-08-16 14:00:09,33,34,4295,8243
2023-08-16 14:00:10,33,35,4295,8243
2023-08-16 14:00:11,33,34,4295,8243
2023-08-16 14:00:12,32,34,4295,8243
2023-08-16 14:00:13,32,35,4295,8243
2023-08-16 14:00:13,33,35,4295,8243
2023-08-16 14:00:18,32,35,4295,8243
2023-08-16 14:00:18,34,35,4295,8243
2023-08-16 14:00:18,34,35,4295,8283
2023-08-16 14:00:20,33,35,4295,8283
2023-08-16 14:00:21,32,35,4295,8283
2023-08-16 14:00:22,32,34,4295,8283
2023-08-16 14:00:23,32,33,4295,8283
2023-08-16 14:00:24,31,33,4295,8283
2023-08-16 14:00:25,31,32,4295,8283
2023-08-16 14:00:25,32,33,4295,8298
2023-08-16 14:00:26,31,33,4295,8298
2023-08-16 14:00:27,31,32,4295,8298
2023-08-16 14:00:29,31,34,4295,8298
2023-08-16 14:00:30,31,33,4295,8298
2023-08-16 14:00:31,32,33,4295,8298
2023-08-16 14:00:33,32,34,4130,8498
2023-08-16 14:00:33,33,34,4130,8498
2023-08-16 14:00:33,33,37,4130,8498
2023-08-16 14:00:34,33,35,4130,8498
2023-08-16 14:00:37,33,34,4130,8498
2023-08-16 14:00:38,33,35,4130,8498
2023-08-16 14:00:40,32,35,4130,8498
2023-08-16 14:00:41,32,36,4130,8498
2023-08-16 14:00:41,32,34,4130,8498
2023-08-16 14:00:45,32,35,4130,8498
2023-08-16 14:00:46,31,35,4130,8498
2023-08-16 14:00:46,32,35,4130,8498
2023-08-16 14:00:46,32,34,4130,8498
2023-08-16 14:00:47,31,34,4130,8498
2023-08-16 14:00:47,31,35,4130,8498
2023-08-16 14:00:47,31,34,4130,8498
2023-08-16 14:00:48,31,33,4130,8498
2023-08-16 14:00:50,31,34,4130,8498
2023-08-16 14:00:50,31,33,4130,8498
2023-08-16 14:00:51,31,32,4130,8498
2023-08-16 14:00:57,31,32,4130,8538
2023-08-16 14:01:00,30,32,4130,8538
2023-08-16 14:01:03,30,31,4130,8538
2023-08-16 14:01:04,30,33,4130,8538
2023-08-16 14:01:04,31,33,4130,8538
2023-08-16 14:01:05,31,35,4130,8538
2023-08-16 14:01:05,31,34,4130,8538
2023-08-16 14:01:06,31,35,4130,8538
2023-08-16 14:01:07,32,35,4130,8538
2023-08-16 14:01:09,33,35,4130,8538
2023-08-16 14:01:09,33,36,4130,8538
2023-08-16 14:01:10,33,35,4130,8538
2023-08-16 14:01:10,32,35,4130,8538
2023-08-16 14:01:10,33,35,4130,8538
2023-08-16 14:01:11,34,35,4130,8538
2023-08-16 14:01:11,34,36,4130,8538
2023-08-16 14:01:12,35,36,4130,8538
2023-08-16 14:01:12,34,36,4130,8553
2023-08-16 14:01:13,33,36,4130,8553
2023-08-16 14:01:14,34,36,4130,8553
2023-08-16 14:01:15,33,36,4130,8553
2023-08-16 14:01:21,34,36,4130,8553
2023-08-16 14:01:23,34,35,4130,8553
2023-08-16 14:01:23,33,35,4130,8553
2023-08-16 14:01:28,32,35,4130,8553
2023-08-16 14:01:29,33,35,4130,8553
2023-08-16 14:01:40,32,35,4130,8553
2023-08-16 14:01:42,32,34,4130,8553
2023-08-16 14:01:43,32,35,4130,8553
2023-08-16 14:01:43,31,35,4130,8553
2023-08-16 14:01:44,31,34,4130,8553
2023-08-16 14:01:45,31,33,4130,8553
2023-08-16 14:01:46,31,34,4130,8553
2023-08-16 14:01:46,32,34,4130,8553
2023-08-16 14:01:49,31,34,4130,8553
2023-08-16 14:01:51,31,35,4130,8553
2023-08-16 14:01:52,31,34,4130,8553
2023-08-16 14:01:53,31,33,4130,8553
2023-08-16 14:01:59,31,34,4130,8553
2023-08-16 14:01:59,32,34,4130,8553
2023-08-16 14:02:02,32,35,4130,8553
2023-08-16 14:02:03,32,34,4130,8553
2023-08-16 14:02:04,31,34,4130,8553
2023-08-16 14:02:05,31,33,4130,8553
2023-08-16 14:02:06,31,32,4130,8553
2023-08-16 14:02:07,30,32,4130,8553
2023-08-16 14:02:08,30,31,4130,8553
2023-08-16 14:02:13,30,31,4130,8554
2023-08-16 14:02:14,29,31,4130,8554
2023-08-16 14:02:14,29,31,4130,8554
2023-08-16 14:02:15,28,31,4130,8554
2023-08-16 14:02:15,28,30,4130,8554
2023-08-16 14:02:16,28,31,4130,8554
2023-08-16 14:02:16,28,29,4130,8554
2023-08-16 14:02:23,28,30,4130,8554
2023-08-16 14:02:24,28,29,4130,8554
2023-08-16 14:02:25,28,30,4130,8554
2023-08-16 14:02:26,28,29,4130,8554
2023-08-16 14:02:28,26,29,4130,8554
2023-08-16 14:02:30,26,29,4130,8555
2023-08-16 14:02:30,26,28,4130,8555
2023-08-16 14:02:31,26,27,4130,8555
2023-08-16 14:02:35,24,27,4130,8555
2023-08-16 14:02:37,24,26,4130,8555
2023-08-16 14:02:38,24,25,4130,8555
2023-08-16 14:02:40,24,26,4130,8555
2023-08-16 14:02:41,24,25,4130,8555
2023-08-16 14:02:52,22,25,4130,8555
2023-08-16 14:02:54,22,24,4130,8555
2023-08-16 14:02:55,20,24,4130,8555
2023-08-16 14:02:56,20,22,4130,8555
2023-08-16 14:02:57,20,21,4130,8555
2023-08-16 14:03:02,20,21,4130,8556
2023-08-16 14:03:10,20,22,4130,8556
2023-08-16 14:03:11,20,22,4130,8556
2023-08-16 14:03:11,21,22,4130,8556
2023-08-16 14:03:17,21,24,4130,8556
2023-08-16 14:03:17,22,24,4130,8556
2023-08-16 14:03:17,22,26,4130,8556
2023-08-16 14:03:17,22,25,4130,8556
2023-08-16 14:03:18,22,24,4130,8556
2023-08-16 14:03:19,22,25,4130,8556
2023-08-16 14:03:19,23,25,4130,8556
2023-08-16 14:03:19,23,26,4130,8556
2023-08-16 14:03:22,23,25,4130,8556
2023-08-16 14:03:23,23,24,4130,8556
2023-08-16 14:03:29,24,25,4130,8571
2023-08-16 14:03:36,24,28,4130,8571
2023-08-16 14:03:37,24,27,4130,8571
2023-08-16 14:03:40,25,27,4130,8571
2023-08-16 14:03:41,24,27,4130,8571
2023-08-16 14:03:42,25,27,4130,8571
2023-08-16 14:03:44,25,28,4130,8571
2023-08-16 14:03:46,25,27,4130,8571
2023-08-16 14:03:54,25,29,4130,8571
2023-08-16 14:03:54,24,29,4130,8571
2023-08-16 14:03:54,24,28,4130,8571
2023-08-16 14:03:55,24,27,4130,8571
2023-08-16 14:03:56,24,28,4130,8571
2023-08-16 14:03:56,24,27,4130,8571
2023-08-16 14:03:57,24,26,4130,8571
2023-08-16 14:04:09,23,26,4130,8571
2023-08-16 14:04:09,23,27,4130,8571
2023-08-16 14:04:09,23,28,4130,8571
2023-08-16 14:04:09,23,27,4130,8571
2023-08-16 14:04:10,24,27,4130,8571
2023-08-16 14:04:10,24,26,4130,8571
2023-08-16 14:04:11,24,27,4130,8571
2023-08-16 14:04:12,24,26,4130,8571
2023-08-16 14:04:13,24,27,4130,8571
2023-08-16 14:04:14,24,26,4130,8571
2023-08-16 14:04:15,24,27,4130,8571
2023-08-16 14:04:16,23,27,4130,8571
2023-08-16 14:04:16,23,26,4130,8571
2023-08-16 14:04:17,23,27,4130,8571
2023-08-16 14:04:17,23,26,4130,8571
2023-08-16 14:04:18,22,26,4130,8571
2023-08-16 14:04:19,22,25,4130,8571
2023-08-16 14:04:30,23,25,4130,8571
2023-08-16 14:04:37,22,25,4130,8571
2023-08-16 14:04:51,23,25,4130,8571
2023-08-16 14:04:59,22,25,4130,8571
2023-08-16 14:05:00,22,25,4130,8571
2023-08-16 14:05:01,23,26,4130,8571
2023-08-16 14:05:01,22,26,4130,8571
2023-08-16 14:05:02,22,25,4130,8571
2023-08-16 14:05:03,23,25,4130,8571
2023-08-16 14:05:12,24,25,4130,8571
2023-08-16 14:05:17,24,26,4130,8571
2023-08-16 14:05:17,23,26,4130,8571
2023-08-16 14:05:18,23,25,4130,8571
2023-08-16 14:05:19,23,26,4130,8571
2023-08-16 14:05:20,23,25,4130,8571
2023-08-16 14:05:21,23,26,4130,8571
2023-08-16 14:05:22,23,25,4130,8571
2023-08-16 14:05:23,23,26,4130,8571
2023-08-16 14:05:24,23,25,4130,8571
2023-08-16 14:05:25,23,26,4130,8571
2023-08-16 14:05:26,23,25,4130,8571
2023-08-16 14:05:31,23,26,4130,8571
2023-08-16 14:05:31,25,26,4130,8571
2023-08-16 14:05:31,25,28,4130,8571
2023-08-16 14:05:33,25,27,4130,8571
2023-08-16 14:05:35,25,28,4130,8571
2023-08-16 14:05:36,25,27,4130,8571
2023-08-16 14:06:05,25,28,4130,8571
2023-08-16 14:06:06,25,27,4130,8571
2023-08-16 14:06:36,25,26,4130,8571
2023-08-16 14:06:42,25,27,4130,8571
2023-08-16 14:06:42,23,27,4130,8571
2023-08-16 14:06:43,23,26,4130,8571
2023-08-16 14:06:46,23,25,4130,8571
2023-08-16 14:06:57,24,25,4130,8571
2023-08-16 14:07:03,23,25,4130,8571
2023-08-16 14:07:08,24,25,4130,8571
2023-08-16 14:07:10,25,26,4130,8586
2023-08-16 14:07:10,25,28,4130,8586
2023-08-16 14:07:28,24,28,4130,8586
2023-08-16 14:07:29,24,27,4130,8586
2023-08-16 14:07:40,23,27,4130,8586
2023-08-16 14:07:42,23,26,4130,8586
2023-08-16 14:07:42,22,26,4130,8586
2023-08-16 14:07:48,23,26,4130,8586
2023-08-16 14:07:59,23,28,4130,8586
2023-08-16 14:07:59,23,27,4130,8586
2023-08-16 14:08:02,24,27,4130,8586
2023-08-16 14:08:08,23,27,4130,8586
2023-08-16 14:08:13,23,26,4130,8586
2023-08-16 14:08:40,22,26,4130,8586
2023-08-16 14:08:41,22,25,4130,8586
2023-08-16 14:09:02,21,25,4130,8586
2023-08-16 14:09:22,21,24,4130,8586
2023-08-16 14:09:35,22,24,4130,8586
2023-08-16 14:09:35,22,25,4130,8586
2023-08-16 14:09:38,22,26,4130,8586
2023-08-16 14:09:51,23,26,4130,8586
2023-08-16 14:09:51,23,27,4130,8586
2023-08-16 14:10:02,22,27,4130,8586
2023-08-16 14:10:06,22,26,4130,8586
2023-08-16 14:10:08,22,25,4130,8586
2023-08-16 14:10:15,21,25,4130,8586
2023-08-16 14:10:22,21,24,4130,8586
2023-08-16 14:10:34,20,24,4130,8586
2023-08-16 14:10:34,20,23,4130,8586
2023-08-16 14:10:36,20,22,4130,8586
2023-08-16 14:10:37,19,21,4130,8587
2023-08-16 14:10:43,18,21,4130,8587
2023-08-16 14:10:43,18,20,4130,8587
2023-08-16 14:11:00,18,19,4130,8587
2023-08-16 14:11:00,17,19,4130,8587
2023-08-16 14:11:01,17,18,4130,8587
2023-08-16 14:11:02,16,17,4230,8687
2023-08-16 14:11:03,15,16,4380,8837
2023-08-16 14:11:14,15,17,4380,8837
2023-08-16 14:11:18,15,18,4380,8837
2023-08-16 14:11:22,15,19,4380,8837
2023-08-16 14:11:23,15,18,4380,8837
2023-08-16 14:11:26,16,18,4380,8837
2023-08-16 14:11:27,16,19,4380,8837
2023-08-16 14:11:27,17,19,4380,8837
2023-08-16 14:11:28,17,20,4380,8837
2023-08-16 14:11:30,18,20,4380,8837
2023-08-16 14:11:33,17,20,4380,8837
2023-08-16 14:11:35,17,21,4380,8837
2023-08-16 14:11:36,17,20,4380,8837
2023-08-16 14:11:45,18,20,4380,8837
2023-08-16 14:11:49,17,20,4380,8837
2023-08-16 14:12:08,18,20,4380,8837
2023-08-16 14:12:11,17,20,4380,8837
2023-08-16 14:12:26,17,19,4380,8837
2023-08-16 14:12:40,16,19,4380,8837
2023-08-16 14:12:40,16,18,4380,8837
2023-08-16 14:12:42,15,18,4380,8837
2023-08-16 14:12:53,15,19,4380,8837
2023-08-16 14:12:53,15,18,4380,8837
2023-08-16 14:12:54,15,19,4380,8837
2023-08-16 14:12:54,15,18,4380,8837
2023-08-16 14:12:54,15,18,4380,8857
2023-08-16 14:12:57,16,18,4380,8857
2023-08-16 14:13:01,16,20,4380,8857
2023-08-16 14:13:02,16,19,4380,8857
2023-08-16 14:13:05,17,19,4380,8857
2023-08-16 14:13:05,17,20,4380,8857
2023-08-16 14:13:08,18,20,4380,8857
2023-08-16 14:13:09,18,21,4380,8857
2023-08-16 14:13:10,18,20,4380,8857
2023-08-16 14:13:16,18,21,4380,8857
2023-08-16 14:13:28,19,21,4380,8857
2023-08-16 14:13:29,19,22,4380,8857
2023-08-16 14:13:31,20,22,4380,8857
2023-08-16 14:13:32,19,22,4380,8857
2023-08-16 14:13:33,20,22,4380,8857
2023-08-16 14:13:38,19,22,4380,8857
2023-08-16 14:14:06,18,22,4380,8857
2023-08-16 14:14:07,18,21,4380,8857
2023-08-16 14:14:08,20,21,4380,8857
2023-08-16 14:14:08,20,22,4380,8857
2023-08-16 14:14:09,20,23,4380,8857
2023-08-16 14:14:35,20,22,4380,8857
2023-08-16 14:15:01,18,22,4380,8857
2023-08-16 14:15:03,18,21,4380,8857
2023-08-16 14:15:08,18,22,4380,8857
2023-08-16 14:15:12,20,22,4380,8857
2023-08-16 14:15:15,20,23,4380,8857
2023-08-16 14:15:15,20,22,4380,8857
2023-08-16 14:15:27,21,22,4380,8857
2023-08-16 14:15:27,21,23,4380,8857
2023-08-16 14:15:55,21,24,4380,8857
2023-08-16 14:15:55,21,23,4380,8857
2023-08-16 14:15:56,22,23,4380,8857
2023-08-16 14:15:56,22,25,4380,8857
2023-08-16 14:15:56,22,24,4380,8857
2023-08-16 14:16:28,22,26,4380,8857
2023-08-16 14:16:28,22,25,4380,8857
2023-08-16 14:16:32,22,26,4380,8857
2023-08-16 14:16:33,22,25,4380,8857
2023-08-16 14:16:57,22,26,4380,8857
2023-08-16 14:16:57,22,24,4380,8857
2023-08-16 14:17:09,23,24,4380,8857
2023-08-16 14:17:09,23,26,4380,8857
2023-08-16 14:17:09,23,25,4380,8857
2023-08-16 14:17:16,24,25,4380,8857
2023-08-16 14:17:16,24,27,4380,8857
2023-08-16 14:17:16,24,25,4380,8857
2023-08-16 14:17:16,24,27,4380,8857
2023-08-16 14:17:17,24,26,4380,8857
2023-08-16 14:17:21,24,28,4380,8857
2023-08-16 14:17:21,24,27,4380,8857
2023-08-16 14:17:22,25,27,4380,8857
2023-08-16 14:17:25,26,27,4380,8857
2023-08-16 14:17:25,26,29,4380,8857
2023-08-16 14:17:25,26,28,4380,8857
2023-08-16 14:17:29,26,30,4380,8857
2023-08-16 14:17:29,26,29,4380,8857
2023-08-16 14:17:30,27,29,4380,8857
2023-08-16 14:17:31,26,29,4380,8857
2023-08-16 14:17:38,26,29,4380,9057
2023-08-16 14:17:38,28,29,4380,9057
2023-08-16 14:17:38,28,32,4380,9057
2023-08-16 14:17:41,28,31,4380,9057
2023-08-16 14:17:42,29,31,4380,9057
2023-08-16 14:17:45,29,32,4380,9057
2023-08-16 14:17:51,30,32,4380,9057
2023-08-16 14:17:52,30,33,4380,9057
2023-08-16 14:17:56,31,33,4380,9057
2023-08-16 14:18:01,30,33,4380,9057
2023-08-16 14:18:28,29,33,4380,9057
2023-08-16 14:18:39,30,33,4380,9057
2023-08-16 14:18:39,30,34,4380,9057
2023-08-16 14:18:40,29,34,4380,9057
2023-08-16 14:18:46,30,34,4380,9057
2023-08-16 14:19:30,29,34,4380,9057
2023-08-16 14:19:34,29,33,4380,9057
2023-08-16 14:19:47,29,34,4380,9057
2023-08-16 14:20:00,31,34,4380,9057
2023-08-16 14:20:00,31,35,4380,9057
2023-08-16 14:20:11,31,34,4380,9057
2023-08-16 14:20:12,29,34,4380,9057
2023-08-16 14:20:15,30,34,4380,9057
2023-08-16 14:20:21,31,34,4380,9057
2023-08-16 14:20:21,32,34,4380,9057
2023-08-16 14:20:21,32,35,4380,9057
2023-08-16 14:20:24,33,35,4380,9057
2023-08-16 14:20:24,33,36,4380,9057
2023-08-16 14:20:27,33,38,4380,9057
2023-08-16 14:20:27,36,38,4380,9132
2023-08-16 14:20:29,36,39,4380,9132
2023-08-16 14:20:31,36,40,4380,9132
2023-08-16 14:20:31,37,40,4380,9132
2023-08-16 14:20:32,38,40,4380,9132
2023-08-16 14:20:37,38,41,4380,9132
2023-08-16 14:20:44,39,41,4380,9132
2023-08-16 14:20:50,38,41,4380,9132
2023-08-16 14:21:06,39,41,4380,9132
2023-08-16 14:21:12,40,41,4380,9132
2023-08-16 14:21:30,40,41,4380,9332
2023-08-16 14:21:34,40,41,4630,9582
2023-08-16 14:21:35,40,41,4880,9832
2023-08-16 14:21:38,40,41,5080,10032
2023-08-16 14:21:39,40,41,5330,10282
2023-08-16 14:21:40,40,41,5580,10532
2023-08-16 14:21:41,40,41,5830,10782
2023-08-16 14:21:42,40,41,6080,11032
2023-08-16 14:21:43,40,43,6180,11132
2023-08-16 14:21:49,40,44,6180,11132
2023-08-16 14:21:52,40,43,6180,11132
2023-08-16 14:21:59,39,43,6180,11132
2023-08-16 14:22:00,39,42,6180,11132
2023-08-16 14:22:03,39,43,6180,11132
2023-08-16 14:22:04,40,43,6180,11132
2023-08-16 14:22:05,39,43,6180,11132
2023-08-16 14:22:20,40,43,6180,11132
2023-08-16 14:22:21,39,43,6180,11132
2023-08-16 14:22:22,40,43,6180,11132
2023-08-16 14:22:23,39,43,6180,11132
2023-08-16 14:22:24,40,43,6180,11132
2023-08-16 14:22:25,39,43,6180,11132
2023-08-16 14:22:26,40,43,6180,11132
2023-08-16 14:22:27,39,43,6180,11132
2023-08-16 14:22:28,40,43,6180,11132
2023-08-16 14:22:29,39,43,6180,11132
2023-08-16 14:22:30,40,43,6180,11132
2023-08-16 14:22:31,39,43,6180,11132
2023-08-16 14:22:32,40,43,6180,11132
2023-08-16 14:22:33,39,43,6180,11132
2023-08-16 14:22:34,40,43,6180,11132
2023-08-16 14:22:35,39,43,6180,11132
2023-08-16 14:22:36,40,43,6180,11132
2023-08-16 14:22:37,39,43,6180,11132
2023-08-16 14:22:38,40,43,6180,11132
2023-08-16 14:22:39,39,43,6180,11132
2023-08-16 14:22:39,40,43,6180,11132
2023-08-16 14:22:40,41,43,6180,11132
2023-08-16 14:22:40,41,44,6180,11132
2023-08-16 14:22:44,40,44,6180,11132
2023-08-16 14:22:59,40,44,6180,11142
2023-08-16 14:23:01,40,43,6180,11142
2023-08-16 14:23:02,39,43,6180,11142
2023-08-16 14:23:04,40,43,6180,11142
2023-08-16 14:23:05,39,43,6180,11142
2023-08-16 14:23:06,40,43,6180,11142
2023-08-16 14:23:07,39,43,6180,11142
2023-08-16 14:23:08,40,43,6180,11142
2023-08-16 14:23:09,39,43,6180,11142
2023-08-16 14:23:12,40,43,6180,11142
2023-08-16 14:23:13,39,43,6180,11142
2023-08-16 14:23:14,40,43,6180,11142
2023-08-16 14:23:15,39,43,6180,11142
2023-08-16 14:23:16,40,43,6180,11142
2023-08-16 14:23:17,39,43,6180,11142
2023-08-16 14:23:18,40,43,6180,11142
2023-08-16 14:23:19,39,43,6180,11142
2023-08-16 14:23:20,40,43,6180,11142
2023-08-16 14:23:21,39,43,6180,11142
2023-08-16 14:23:26,40,43,6180,11142
2023-08-16 14:23:27,40,44,6180,11142
2023-08-16 14:23:29,41,44,6180,11142
2023-08-16 14:23:30,40,44,6180,11142
2023-08-16 14:23:33,40,43,6180,11142
2023-08-16 14:23:34,39,43,6180,11142
2023-08-16 14:23:35,39,43,6180,11142
2023-08-16 14:23:36,40,43,6180,11142
2023-08-16 14:23:37,39,43,6180,11142
2023-08-16 14:23:38,40,43,6180,11142
2023-08-16 14:23:43,41,43,6180,11142
2023-08-16 14:23:44,40,43,6180,11142
2023-08-16 14:23:45,41,43,6180,11142
2023-08-16 14:23:46,41,44,6180,11142
2023-08-16 14:23:46,40,44,6180,11142
2023-08-16 14:23:47,41,44,6180,11142
2023-08-16 14:23:48,40,44,6180,11142
2023-08-16 14:23:49,41,44,6180,11142
2023-08-16 14:23:50,40,44,6180,11142
2023-08-16 14:23:51,41,44,6180,11142
2023-08-16 14:23:52,40,44,6180,11142
2023-08-16 14:23:53,41,44,6180,11142
2023-08-16 14:23:54,40,44,6180,11142
2023-08-16 14:23:55,41,44,6180,11142
2023-08-16 14:23:56,40,44,6180,11142
2023-08-16 14:23:57,41,44,6180,11142
2023-08-16 14:23:58,40,44,6180,11142
2023-08-16 14:23:59,41,44,6180,11142
2023-08-16 14:24:00,40,44,6180,11142
2023-08-16 14:24:01,41,44,6180,11142
2023-08-16 14:24:02,39,44,6180,11142
2023-08-16 14:24:03,40,43,6180,11142
2023-08-16 14:24:04,39,43,6180,11142
2023-08-16 14:24:05,40,43,6180,11142
2023-08-16 14:24:06,39,43,6180,11142
2023-08-16 14:24:07,40,43,6180,11142
2023-08-16 14:24:08,39,43,6180,11142
2023-08-16 14:24:09,40,43,6180,11142
2023-08-16 14:24:10,39,43,6180,11142
2023-08-16 14:24:11,39,42,6180,11142
2023-08-16 14:24:12,40,42,6180,11142
2023-08-16 14:24:13,39,42,6180,11142
2023-08-16 14:24:13,38,42,6180,11142
2023-08-16 14:24:14,39,42,6180,11142
2023-08-16 14:24:15,38,42,6180,11142
2023-08-16 14:24:19,39,42,6180,11142
2023-08-16 14:24:20,39,43,6180,11142
2023-08-16 14:24:20,40,43,6180,11142
2023-08-16 14:24:21,39,43,6180,11142
2023-08-16 14:24:22,40,43,6180,11142
2023-08-16 14:24:22,41,43,6180,11142
2023-08-16 14:24:22,41,44,6180,11142
2023-08-16 14:24:28,42,44,6180,11142
2023-08-16 14:24:29,41,44,6180,11142
2023-08-16 14:24:38,40,44,6180,11142
2023-08-16 14:24:38,41,44,6180,11142
2023-08-16 14:24:39,40,44,6180,11142
2023-08-16 14:24:40,41,44,6180,11142
2023-08-16 14:24:41,40,44,6180,11142
2023-08-16 14:24:42,41,44,6180,11142
2023-08-16 14:24:43,40,44,6180,11142
2023-08-16 14:24:46,41,44,6180,11142
2023-08-16 14:24:47,40,44,6180,11142
2023-08-16 14:24:57,41,44,6180,11142
2023-08-16 14:24:58,40,44,6180,11142
2023-08-16 14:24:58,41,44,6180,11142
2023-08-16 14:24:59,40,44,6180,11142
2023-08-16 14:24:59,41,44,6180,11142
2023-08-16 14:25:00,40,44,6180,11142
2023-08-16 14:25:01,41,44,6180,11142
2023-08-16 14:25:02,40,44,6180,11142
2023-08-16 14:25:03,41,44,6180,11142
2023-08-16 14:25:04,40,44,6180,11142
2023-08-16 14:25:05,41,44,6180,11142
2023-08-16 14:25:06,40,44,6180,11142
2023-08-16 14:25:08,41,44,6180,11142
2023-08-16 14:25:09,40,44,6180,11142
2023-08-16 14:25:10,41,44,6180,11142
2023-08-16 14:25:15,42,44,6180,11142
2023-08-16 14:25:15,42,45,6180,11142
2023-08-16 14:25:19,41,45,6180,11142
2023-08-16 14:25:19,42,45,6180,11142
2023-08-16 14:25:20,41,45,6180,11142
2023-08-16 14:25:22,41,44,6180,11142
2023-08-16 14:25:32,40,44,6180,11142
2023-08-16 14:25:35,39,44,6180,11142
2023-08-16 14:25:35,40,44,6180,11142
2023-08-16 14:25:35,40,43,6180,11142
2023-08-16 14:25:36,39,43,6180,11142
2023-08-16 14:25:37,40,43,6180,11142
2023-08-16 14:25:38,39,43,6180,11142
2023-08-16 14:25:38,39,42,6180,11142
2023-08-16 14:25:50,38,42,6180,11142
2023-08-16 14:25:50,38,41,6180,11142
2023-08-16 14:25:51,37,41,6180,11142
2023-08-16 14:25:52,38,41,6180,11142
2023-08-16 14:25:53,37,41,6180,11142
2023-08-16 14:25:54,37,40,6180,11142
2023-08-16 14:25:59,37,41,6180,11142
2023-08-16 14:25:59,38,41,6180,11142
2023-08-16 14:26:00,37,41,6180,11142
2023-08-16 14:26:00,37,40,6180,11142
2023-08-16 14:26:07,38,40,6180,11142
2023-08-16 14:26:08,37,40,6180,11142
2023-08-16 14:26:09,38,40,6180,11142
2023-08-16 14:26:10,37,40,6180,11142
2023-08-16 14:26:11,38,40,6180,11142
2023-08-16 14:26:12,37,40,6180,11142
2023-08-16 14:26:14,36,40,6180,11142
2023-08-16 14:26:15,37,40,6180,11142
2023-08-16 14:26:16,36,40,6180,11142
2023-08-16 14:26:17,37,40,6180,11142
2023-08-16 14:26:18,36,40,6180,11142
2023-08-16 14:26:19,37,40,6180,11142
2023-08-16 14:26:20,36,40,6180,11142
2023-08-16 14:26:21,36,39,6180,11142
2023-08-16 14:26:29,37,39,6180,11142
2023-08-16 14:26:30,36,39,6180,11142
2023-08-16 14:26:46,36,38,6180,11142
2023-08-16 14:26:55,36,39,6180,11142
2023-08-16 14:27:06,37,39,6180,11142
2023-08-16 14:27:07,36,39,6180,11142
2023-08-16 14:27:08,36,40,6180,11142
2023-08-16 14:27:09,37,41,6180,11142
2023-08-16 14:27:10,37,41,6180,11142
2023-08-16 14:27:11,38,41,6180,11142
2023-08-16 14:27:12,37,41,6180,11142
2023-08-16 14:27:13,38,41,6180,11142
2023-08-16 14:27:14,37,41,6180,11142
2023-08-16 14:27:14,38,41,6180,11142
2023-08-16 14:27:15,39,41,6180,11142
2023-08-16 14:27:16,38,41,6180,11142
2023-08-16 14:27:16,38,42,6180,11142
2023-08-16 14:27:17,39,42,6180,11142
2023-08-16 14:27:18,38,42,6180,11142
2023-08-16 14:27:19,39,42,6180,11142
2023-08-16 14:27:20,38,42,6180,11142
2023-08-16 14:27:21,39,42,6180,11142
2023-08-16 14:27:22,38,42,6180,11142
2023-08-16 14:27:23,37,42,6180,11142
2023-08-16 14:27:23,38,42,6180,11142
2023-08-16 14:27:23,38,41,6180,11142
2023-08-16 14:27:24,37,41,6180,11142
2023-08-16 14:27:24,37,40,6180,11142
2023-08-16 14:27:29,36,40,6180,11142
2023-08-16 14:27:34,37,40,6180,11142
2023-08-16 14:27:35,36,40,6180,11142
2023-08-16 14:27:36,37,40,6180,11142
2023-08-16 14:27:37,36,40,6180,11142
2023-08-16 14:27:38,37,40,6180,11142
2023-08-16 14:27:39,36,40,6180,11142
2023-08-16 14:27:41,37,40,6180,11142
2023-08-16 14:27:42,36,40,6180,11142
2023-08-16 14:27:42,37,40,6180,11142
2023-08-16 14:27:43,37,41,6180,11142
2023-08-16 14:27:48,38,41,6180,11142
2023-08-16 14:27:49,37,41,6180,11142
2023-08-16 14:27:50,38,41,6180,11142
2023-08-16 14:27:51,37,41,6180,11142
2023-08-16 14:27:52,38,41,6180,11142
2023-08-16 14:27:53,37,41,6180,11142
2023-08-16 14:27:53,37,42,6180,11142
2023-08-16 14:27:53,38,42,6180,11142
2023-08-16 14:27:57,37,42,6180,11142
2023-08-16 14:27:57,38,42,6180,11142
2023-08-16 14:27:58,38,41,6180,11142
2023-08-16 14:27:59,38,42,6180,11142
2023-08-16 14:28:00,38,41,6180,11142
2023-08-16 14:28:08,38,42,6180,11142
2023-08-16 14:28:10,39,42,6180,11142
2023-08-16 14:28:11,38,42,6180,11142
2023-08-16 14:28:12,39,42,6180,11142
2023-08-16 14:28:13,38,42,6180,11142
2023-08-16 14:28:14,39,42,6180,11142
2023-08-16 14:28:14,39,43,6180,11142
2023-08-16 14:28:15,40,43,6180,11142
2023-08-16 14:28:16,39,43,6180,11142
2023-08-16 14:28:16,39,44,6180,11142
2023-08-16 14:28:16,40,44,6180,11142
2023-08-16 14:28:24,41,44,6180,11142
2023-08-16 14:28:29,40,44,6180,11142
2023-08-16 14:28:29,41,44,6180,11142
2023-08-16 14:28:38,42,44,6180,11142
2023-08-16 14:28:48,41,44,6180,11142
2023-08-16 14:28:49,42,44,6180,11142
2023-08-16 14:28:54,41,44,6180,11142
2023-08-16 14:29:00,42,44,6180,11142
2023-08-16 14:29:04,43,44,6180,11142
2023-08-16 14:29:05,44,45,6180,11144
2023-08-16 14:29:08,45,47,6186,11150
2023-08-16 14:29:09,44,47,6186,11150
2023-08-16 14:29:10,44,47,6186,11150
2023-08-16 14:29:11,44,47,6186,11150
2023-08-16 14:29:12,45,47,6186,11150
2023-08-16 14:29:13,44,47,6186,11150
2023-08-16 14:29:14,45,47,6186,11150
2023-08-16 14:29:15,44,47,6186,11150
2023-08-16 14:29:16,45,47,6186,11150
2023-08-16 14:29:17,44,47,6186,11150
2023-08-16 14:29:18,45,47,6186,11150
2023-08-16 14:29:19,44,47,6186,11150
2023-08-16 14:29:20,45,47,6186,11150
2023-08-16 14:29:21,44,47,6186,11150
2023-08-16 14:29:39,44,46,6186,11150
2023-08-16 14:30:08,44,47,6186,11150
2023-08-16 14:30:27,45,47,6186,11150
2023-08-16 14:30:28,44,47,6186,11150
2023-08-16 14:30:29,45,47,6186,11150
2023-08-16 14:30:30,44,47,6186,11150
2023-08-16 14:30:31,45,47,6186,11150
2023-08-16 14:30:32,44,47,6186,11150
2023-08-16 14:30:32,46,47,6186,11150
2023-08-16 14:30:33,45,47,6186,11150
2023-08-16 14:30:34,46,47,6186,11150
2023-08-16 14:30:35,45,47,6186,11150
2023-08-16 14:30:36,46,47,6186,11150
2023-08-16 14:30:37,45,47,6186,11150
2023-08-16 14:30:38,46,47,6186,11150
2023-08-16 14:30:39,45,47,6186,11150
2023-08-16 14:30:40,46,47,6186,11150
2023-08-16 14:30:41,45,47,6186,11150
2023-08-16 14:30:42,46,47,6186,11150
2023-08-16 14:30:43,45,47,6186,11150
2023-08-16 14:30:44,46,47,6186,11150
2023-08-16 14:30:45,45,47,6186,11150
2023-08-16 14:30:45,45,48,6186,11150
2023-08-16 14:30:46,46,48,6186,11150
2023-08-16 14:30:47,45,48,6186,11150
2023-08-16 14:30:48,46,48,6186,11150
2023-08-16 14:30:49,45,48,6186,11150
2023-08-16 14:30:50,46,48,6186,11150
2023-08-16 14:30:51,45,48,6186,11150
2023-08-16 14:30:52,46,48,6186,11150
2023-08-16 14:30:53,45,48,6186,11150
2023-08-16 14:30:54,46,48,6186,11150
2023-08-16 14:30:55,45,48,6186,11150
2023-08-16 14:30:56,46,48,6186,11150
2023-08-16 14:30:57,45,48,6186,11150
2023-08-16 14:30:57,47,48,6186,11150
2023-08-16 14:30:58,45,48,6186,11150
2023-08-16 14:30:59,46,48,6186,11150
2023-08-16 14:31:00,45,48,6186,11150
2023-08-16 14:31:00,47,48,6186,11150
2023-08-16 14:31:01,45,48,6186,11150
2023-08-16 14:31:02,46,48,6186,11150
2023-08-16 14:31:03,47,48,6186,11150
2023-08-16 14:31:03,47,49,6186,11150
2023-08-16 14:31:03,47,50,6186,11150
2023-08-16 14:31:04,48,50,6186,11150
2023-08-16 14:31:05,49,50,6186,11150
2023-08-16 14:31:06,50,51,6186,11154
2023-08-16 14:31:07,49,51,6186,11154
2023-08-16 14:31:07,48,51,6186,11154
2023-08-16 14:31:08,49,51,6186,11154
2023-08-16 14:31:09,48,51,6186,11154
2023-08-16 14:31:09,47,51,6186,11154
2023-08-16 14:31:10,48,51,6186,11154
2023-08-16 14:31:11,47,51,6186,11154
2023-08-16 14:31:11,49,51,6186,11154
2023-08-16 14:31:12,47,51,6186,11154
2023-08-16 14:31:13,48,51,6186,11154
2023-08-16 14:31:14,47,51,6186,11154
2023-08-16 14:31:14,49,51,6186,11154
2023-08-16 14:31:15,47,51,6186,11154
2023-08-16 14:31:16,48,51,6186,11154
2023-08-16 14:31:17,47,51,6186,11154
2023-08-16 14:31:17,49,51,6186,11154
2023-08-16 14:31:18,47,51,6186,11154
2023-08-16 14:31:20,48,51,6186,11154
2023-08-16 14:31:21,47,51,6186,11154
2023-08-16 14:31:21,49,51,6186,11154
2023-08-16 14:31:22,48,51,6186,11154
2023-08-16 14:31:23,49,51,6186,11154
2023-08-16 14:31:24,48,51,6186,11154
2023-08-16 14:31:24,47,51,6186,11154
2023-08-16 14:31:25,48,51,6186,11154
2023-08-16 14:31:26,47,51,6186,11154
2023-08-16 14:31:26,49,51,6186,11154
2023-08-16 14:31:27,47,51,6186,11154
2023-08-16 14:31:27,47,51,6186,11179
2023-08-16 14:31:28,48,51,6186,11179
2023-08-16 14:31:29,49,51,6186,11179
2023-08-16 14:31:29,49,51,6186,11200
2023-08-16 14:31:30,48,51,6186,11200
2023-08-16 14:31:31,49,51,6186,11200
2023-08-16 14:31:32,48,51,6186,11200
2023-08-16 14:31:33,49,51,6186,11200
2023-08-16 14:31:34,48,51,6186,11200
2023-08-16 14:31:35,49,51,6186,11200
2023-08-16 14:31:36,48,51,6186,11200
2023-08-16 14:31:37,49,51,6186,11200
2023-08-16 14:31:38,48,51,6186,11200
2023-08-16 14:31:39,49,51,6186,11200
2023-08-16 14:31:40,48,51,6186,11200
2023-08-16 14:31:41,49,51,6186,11200
2023-08-16 14:31:42,47,51,6186,11200
2023-08-16 14:31:43,48,51,6186,11200
2023-08-16 14:31:44,47,51,6186,11200
2023-08-16 14:31:44,49,51,6186,11200
2023-08-16 14:31:45,47,51,6186,11200
2023-08-16 14:31:46,48,51,6186,11200
2023-08-16 14:31:47,47,51,6186,11200
2023-08-16 14:31:47,49,51,6186,11200
2023-08-16 14:31:48,47,51,6186,11200
2023-08-16 14:31:51,48,51,6186,11200
2023-08-16 14:31:52,47,51,6186,11200
2023-08-16 14:31:52,49,51,6186,11200
2023-08-16 14:31:53,47,51,6186,11200
2023-08-16 14:31:54,48,51,6186,11200
2023-08-16 14:31:54,48,50,6186,11200
2023-08-16 14:31:55,47,50,6186,11200
2023-08-16 14:31:56,46,50,6186,11200
2023-08-16 14:31:56,47,50,6186,11200
2023-08-16 14:31:56,47,49,6186,11200
2023-08-16 14:31:57,46,49,6186,11200
2023-08-16 14:31:58,47,49,6186,11200
2023-08-16 14:31:59,46,49,6186,11200
2023-08-16 14:32:01,47,49,6186,11200
2023-08-16 14:32:02,46,49,6186,11200
2023-08-16 14:32:03,47,49,6186,11200
2023-08-16 14:32:04,46,49,6186,11200
2023-08-16 14:32:06,45,49,6186,11200
2023-08-16 14:32:06,46,49,6186,11200
2023-08-16 14:32:08,45,49,6186,11200
2023-08-16 14:32:08,46,49,6186,11200
2023-08-16 14:32:21,47,49,6186,11200
2023-08-16 14:32:22,46,49,6186,11200
2023-08-16 14:32:23,47,49,6186,11200
2023-08-16 14:32:24,46,49,6186,11200
2023-08-16 14:32:25,47,49,6186,11200
2023-08-16 14:32:26,46,49,6186,11200
2023-08-16 14:32:27,47,49,6186,11200
2023-08-16 14:32:28,46,49,6186,11200
2023-08-16 14:32:29,47,49,6186,11200
2023-08-16 14:32:30,46,49,6186,11200
2023-08-16 14:32:31,47,49,6186,11200
2023-08-16 14:32:32,46,49,6186,11200
2023-08-16 14:32:33,47,49,6186,11200
2023-08-16 14:32:34,46,49,6186,11200
2023-08-16 14:32:35,47,49,6186,11200
2023-08-16 14:32:36,46,49,6186,11200
2023-08-16 14:32:37,47,49,6186,11200
2023-08-16 14:32:38,46,49,6186,11200
2023-08-16 14:32:39,47,49,6186,11200
2023-08-16 14:32:40,46,49,6186,11200
2023-08-16 14:32:46,47,49,6186,11200
2023-08-16 14:32:47,46,49,6186,11200
2023-08-16 14:32:48,47,49,6186,11200
2023-08-16 14:32:49,46,49,6186,11200
2023-08-16 14:32:52,45,49,6186,11200
2023-08-16 14:32:52,46,49,6186,11200
2023-08-16 14:32:53,45,49,6186,11200
2023-08-16 14:32:53,45,47,6186,11200
2023-08-16 14:32:53,44,47,6186,11200
2023-08-16 14:33:00,43,47,6186,11200
2023-08-16 14:33:01,44,47,6186,11200
2023-08-16 14:33:02,43,47,6186,11200
2023-08-16 14:33:02,43,46,6186,11200
2023-08-16 14:33:03,44,46,6186,11200
2023-08-16 14:33:04,43,46,6186,11200
2023-08-16 14:33:06,44,46,6186,11200
2023-08-16 14:33:07,43,46,6186,11200
2023-08-16 14:33:27,44,46,6186,11200
2023-08-16 14:33:28,43,46,6186,11200
2023-08-16 14:33:30,44,46,6186,11200
2023-08-16 14:33:31,43,46,6186,11200
2023-08-16 14:33:32,44,46,6186,11200
2023-08-16 14:33:33,43,46,6186,11200
2023-08-16 14:33:34,44,46,6186,11200
2023-08-16 14:33:35,44,47,6186,11200
2023-08-16 14:33:35,43,47,6186,11200
2023-08-16 14:33:36,44,47,6186,11200
2023-08-16 14:33:44,45,47,6186,11200
2023-08-16 14:33:45,44,47,6186,11200
2023-08-16 14:33:45,46,47,6186,11200
2023-08-16 14:33:45,46,49,6186,11200
2023-08-16 14:33:46,45,49,6186,11200
2023-08-16 14:33:47,46,49,6186,11200
2023-08-16 14:33:48,45,49,6186,11200
2023-08-16 14:33:51,46,49,6186,11200
2023-08-16 14:33:52,45,49,6186,11200
2023-08-16 14:33:53,46,49,6186,11200
2023-08-16 14:33:54,45,49,6186,11200
2023-08-16 14:33:55,46,49,6186,11200
2023-08-16 14:33:56,45,49,6186,11200
2023-08-16 14:33:57,46,49,6186,11200
2023-08-16 14:33:58,45,49,6186,11200
2023-08-16 14:33:59,46,49,6186,11200
2023-08-16 14:34:00,45,49,6186,11200
2023-08-16 14:34:01,46,49,6186,11200
2023-08-16 14:34:02,45,49,6186,11200
2023-08-16 14:34:03,46,49,6186,11200
2023-08-16 14:34:04,45,49,6186,11200
2023-08-16 14:34:05,46,49,6186,11200
2023-08-16 14:34:06,45,49,6186,11200
2023-08-16 14:34:07,46,49,6186,11200
2023-08-16 14:34:08,45,49,6186,11200
2023-08-16 14:34:09,46,49,6186,11200
2023-08-16 14:34:10,45,49,6186,11200
2023-08-16 14:34:11,46,49,6186,11200
2023-08-16 14:34:12,45,49,6186,11200
2023-08-16 14:34:13,46,49,6186,11200
2023-08-16 14:34:14,45,49,6186,11200
2023-08-16 14:34:15,46,49,6186,11200
2023-08-16 14:34:16,47,49,6186,11200
2023-08-16 14:34:17,46,49,6186,11200
2023-08-16 14:34:18,47,49,6186,11200
2023-08-16 14:34:19,46,49,6186,11200
2023-08-16 14:34:20,45,49,6186,11200
2023-08-16 14:34:20,47,49,6186,11200
2023-08-16 14:34:21,45,49,6186,11200
2023-08-16 14:34:22,46,49,6186,11200
2023-08-16 14:34:23,45,49,6186,11200
2023-08-16 14:34:23,47,49,6186,11200
2023-08-16 14:34:24,45,49,6186,11200
2023-08-16 14:34:25,46,49,6186,11200
2023-08-16 14:34:26,47,49,6186,11200
2023-08-16 14:34:27,46,49,6186,11200
2023-08-16 14:34:28,47,49,6186,11200
2023-08-16 14:34:29,46,49,6186,11200
2023-08-16 14:34:30,47,49,6186,11200
2023-08-16 14:34:31,46,49,6186,11200
2023-08-16 14:34:32,47,49,6186,11200
2023-08-16 14:34:33,46,49,6186,11200
2023-08-16 14:34:34,47,49,6186,11200
2023-08-16 14:34:35,46,49,6186,11200
2023-08-16 14:34:36,45,49,6186,11200
2023-08-16 14:34:36,47,49,6186,11200
2023-08-16 14:34:37,45,49,6186,11200
2023-08-16 14:34:38,46,49,6186,11200
2023-08-16 14:34:39,47,49,6186,11200
2023-08-16 14:34:40,46,49,6186,11200
2023-08-16 14:34:43,47,49,6186,11200
2023-08-16 14:34:44,46,49,6186,11200
2023-08-16 14:34:45,47,49,6186,11200
2023-08-16 14:34:46,46,49,6186,11200
2023-08-16 14:34:46,45,49,6186,11200
2023-08-16 14:34:47,46,49,6186,11200
2023-08-16 14:34:48,45,49,6186,11200
2023-08-16 14:34:49,46,49,6186,11200
2023-08-16 14:34:50,45,49,6186,11200
2023-08-16 14:34:51,46,49,6186,11200
2023-08-16 14:34:52,45,49,6186,11200
2023-08-16 14:34:53,46,49,6186,11200
2023-08-16 14:34:54,45,49,6186,11200
2023-08-16 14:34:54,45,48,6186,11200
2023-08-16 14:34:55,46,48,6186,11200
2023-08-16 14:34:56,45,48,6186,11200
2023-08-16 14:34:58,46,48,6186,11200
2023-08-16 14:34:59,45,48,6186,11200
2023-08-16 14:35:00,46,48,6186,11200
2023-08-16 14:35:01,45,48,6186,11200
2023-08-16 14:35:02,46,48,6186,11200
2023-08-16 14:35:03,45,48,6186,11200
2023-08-16 14:35:03,45,49,6186,11200
2023-08-16 14:35:04,46,49,6186,11200
2023-08-16 14:35:05,45,49,6186,11200
2023-08-16 14:35:05,45,50,6186,11200
2023-08-16 14:35:05,47,50,6186,11200
2023-08-16 14:35:06,46,50,6186,11200
2023-08-16 14:35:07,47,50,6186,11200
2023-08-16 14:35:08,46,50,6186,11200
2023-08-16 14:35:09,47,50,6186,11200
2023-08-16 14:35:10,46,50,6186,11200
2023-08-16 14:35:11,47,50,6186,11200
2023-08-16 14:35:12,46,50,6186,11200
2023-08-16 14:35:13,47,50,6186,11200
2023-08-16 14:35:14,46,50,6186,11200
2023-08-16 14:35:14,48,50,6186,11200
2023-08-16 14:35:15,46,50,6186,11200
2023-08-16 14:35:16,47,50,6186,11200
2023-08-16 14:35:17,46,50,6186,11200
2023-08-16 14:35:18,47,50,6186,11200
2023-08-16 14:35:19,46,50,6186,11200
2023-08-16 14:35:20,47,50,6186,11200
2023-08-16 14:35:21,46,50,6186,11200
2023-08-16 14:35:22,47,50,6186,11200
2023-08-16 14:35:22,47,49,6186,11200
2023-08-16 14:35:23,46,49,6186,11200
2023-08-16 14:35:23,48,49,6186,11200
2023-08-16 14:35:24,46,49,6186,11200
2023-08-16 14:35:25,47,49,6186,11200
2023-08-16 14:35:26,46,50,6186,11200
2023-08-16 14:35:27,47,50,6186,11200
2023-08-16 14:35:28,46,50,6186,11200
2023-08-16 14:35:28,48,50,6186,11200
2023-08-16 14:35:29,46,50,6186,11200
2023-08-16 14:35:30,47,50,6186,11200
2023-08-16 14:35:31,46,50,6186,11200
2023-08-16 14:35:31,48,50,6186,11200
2023-08-16 14:35:32,47,50,6186,11200
2023-08-16 14:35:33,48,50,6186,11200
2023-08-16 14:35:34,47,50,6186,11200
2023-08-16 14:35:35,48,50,6186,11200
2023-08-16 14:35:36,46,50,6186,11200
2023-08-16 14:35:37,47,50,6186,11200
2023-08-16 14:35:37,47,49,6186,11200
2023-08-16 14:35:38,46,49,6186,11200
2023-08-16 14:35:38,46,50,6186,11200
2023-08-16 14:35:39,47,50,6186,11200
2023-08-16 14:35:40,46,50,6186,11200
2023-08-16 14:35:41,47,50,6186,11200
2023-08-16 14:35:42,46,50,6186,11200
2023-08-16 14:35:43,47,50,6186,11200
2023-08-16 14:35:44,46,50,6186,11200
2023-08-16 14:35:45,47,50,6186,11200
2023-08-16 14:35:46,46,50,6186,11200
2023-08-16 14:35:46,45,50,6186,11200
2023-08-16 14:35:46,45,49,6186,11200
2023-08-16 14:35:47,46,49,6186,11200
2023-08-16 14:35:48,45,49,6186,11200
2023-08-16 14:35:49,46,49,6186,11200
2023-08-16 14:35:49,46,48,6186,11200
2023-08-16 14:35:50,45,48,6186,11200
2023-08-16 14:35:51,46,48,6186,11200
2023-08-16 14:35:52,46,49,6186,11200
2023-08-16 14:35:52,45,49,6186,11200
2023-08-16 14:35:53,46,49,6186,11200
2023-08-16 14:35:54,45,49,6186,11200
2023-08-16 14:35:55,46,49,6186,11200
2023-08-16 14:35:56,45,49,6186,11200
2023-08-16 14:35:57,46,49,6186,11200
2023-08-16 14:35:58,45,49,6186,11200
2023-08-16 14:35:59,46,49,6186,11200
2023-08-16 14:36:00,45,49,6186,11200
2023-08-16 14:36:01,46,49,6186,11200
2023-08-16 14:36:02,45,49,6186,11200
2023-08-16 14:36:03,45,48,6186,11200
2023-08-16 14:36:03,46,48,6186,11200
2023-08-16 14:36:04,45,48,6186,11200
2023-08-16 14:36:04,45,49,6186,11200
2023-08-16 14:36:05,46,49,6186,11200
2023-08-16 14:36:06,45,49,6186,11200
2023-08-16 14:36:07,46,49,6186,11200
2023-08-16 14:36:08,45,49,6186,11200
2023-08-16 14:36:09,46,49,6186,11200
2023-08-16 14:36:10,45,49,6186,11200
2023-08-16 14:36:11,46,49,6186,11200
2023-08-16 14:36:12,45,49,6186,11200
2023-08-16 14:36:14,46,49,6186,11200
2023-08-16 14:36:15,45,49,6186,11200
2023-08-16 14:36:16,46,49,6186,11200
2023-08-16 14:36:17,45,49,6186,11200
2023-08-16 14:36:18,46,49,6186,11200
2023-08-16 14:36:19,45,49,6186,11200
2023-08-16 14:36:20,46,49,6186,11200
2023-08-16 14:36:21,45,49,6186,11200
2023-08-16 14:36:22,46,49,6186,11200
2023-08-16 14:36:23,45,49,6186,11200
2023-08-16 14:36:24,46,49,6186,11200
2023-08-16 14:36:25,45,49,6186,11200
2023-08-16 14:36:25,45,48,6186,11200
2023-08-16 14:36:26,46,48,6186,11200
2023-08-16 14:36:27,45,48,6186,11200
2023-08-16 14:36:28,46,48,6186,11200
2023-08-16 14:36:29,45,48,6186,11200
2023-08-16 14:36:30,46,48,6186,11200
2023-08-16 14:36:31,45,48,6186,11200
2023-08-16 14:36:32,46,48,6186,11200
2023-08-16 14:36:33,45,48,6186,11200
2023-08-16 14:36:34,46,48,6186,11200
2023-08-16 14:36:35,45,48,6186,11200
2023-08-16 14:36:36,46,48,6186,11200
2023-08-16 14:36:37,45,48,6186,11200
2023-08-16 14:36:38,45,49,6186,11200
2023-08-16 14:36:38,46,49,6186,11200
2023-08-16 14:36:39,45,49,6186,11200
2023-08-16 14:36:40,46,49,6186,11200
2023-08-16 14:36:41,45,49,6186,11200
2023-08-16 14:36:42,46,49,6186,11200
2023-08-16 14:36:43,45,49,6186,11200
2023-08-16 14:36:44,46,49,6186,11200
2023-08-16 14:36:45,45,49,6186,11200
2023-08-16 14:36:45,47,49,6186,11200
2023-08-16 14:36:46,45,49,6186,11200
2023-08-16 14:36:47,46,49,6186,11200
2023-08-16 14:36:48,45,49,6186,11200
2023-08-16 14:36:49,46,49,6186,11200
2023-08-16 14:36:50,45,49,6186,11200
2023-08-16 14:36:50,47,49,6186,11200
2023-08-16 14:36:51,45,49,6186,11200
2023-08-16 14:36:52,46,49,6186,11200
2023-08-16 14:36:53,45,49,6186,11200
2023-08-16 14:36:54,46,49,6186,11200
2023-08-16 14:36:55,45,49,6186,11200
2023-08-16 14:36:56,46,49,6186,11200
2023-08-16 14:36:57,45,49,6186,11200
2023-08-16 14:36:58,46,49,6186,11200
2023-08-16 14:36:58,46,48,6186,11200
2023-08-16 14:36:59,45,48,6186,11200
2023-08-16 14:37:00,46,48,6186,11200
2023-08-16 14:37:01,45,48,6186,11200
2023-08-16 14:37:02,46,48,6186,11200
2023-08-16 14:37:03,45,48,6186,11200
2023-08-16 14:37:04,45,49,6186,11200
2023-08-16 14:37:04,46,49,6186,11200
2023-08-16 14:37:05,45,49,6186,11200
2023-08-16 14:37:06,46,49,6186,11200
2023-08-16 14:37:07,45,49,6186,11200
2023-08-16 14:37:08,46,49,6186,11200
2023-08-16 14:37:09,45,49,6186,11200
2023-08-16 14:37:10,46,49,6186,11200
2023-08-16 14:37:11,45,49,6186,11200
2023-08-16 14:37:11,47,49,6186,11200
2023-08-16 14:37:12,45,49,6186,11200
2023-08-16 14:37:14,46,49,6186,11200
2023-08-16 14:37:15,45,49,6186,11200
2023-08-16 14:37:16,45,50,6186,11200
2023-08-16 14:37:16,46,50,6186,11200
2023-08-16 14:37:17,47,50,6186,11200
2023-08-16 14:37:18,47,51,6186,11200
2023-08-16 14:37:19,48,51,6186,11200
2023-08-16 14:37:20,47,51,6186,11200
2023-08-16 14:37:21,48,51,6186,11200
2023-08-16 14:37:22,47,51,6186,11200
2023-08-16 14:37:23,47,50,6186,11200
2023-08-16 14:37:25,48,50,6186,11200
2023-08-16 14:37:26,47,50,6186,11200
2023-08-16 14:37:26,46,50,6186,11200
2023-08-16 14:37:27,47,50,6186,11200
2023-08-16 14:37:28,46,50,6186,11200
2023-08-16 14:37:29,45,50,6186,11200
2023-08-16 14:37:29,46,50,6186,11200
2023-08-16 14:37:29,46,49,6186,11200
2023-08-16 14:37:30,45,49,6186,11200
2023-08-16 14:37:31,46,49,6186,11200
2023-08-16 14:37:32,45,49,6186,11200
2023-08-16 14:37:33,46,49,6186,11200
2023-08-16 14:37:34,45,49,6186,11200
2023-08-16 14:37:35,46,49,6186,11200
2023-08-16 14:37:36,45,49,6186,11200
2023-08-16 14:37:38,46,49,6186,11200
2023-08-16 14:37:39,45,49,6186,11200
2023-08-16 14:37:42,44,49,6186,11200
2023-08-16 14:37:42,44,48,6186,11200
2023-08-16 14:37:46,45,48,6186,11200
2023-08-16 14:37:47,44,48,6186,11200
2023-08-16 14:37:48,45,48,6186,11200
2023-08-16 14:37:49,44,48,6186,11200
2023-08-16 14:37:50,44,49,6186,11200
2023-08-16 14:37:50,45,49,6186,11200
2023-08-16 14:37:51,46,49,6186,11200
2023-08-16 14:37:52,45,49,6186,11200
2023-08-16 14:37:54,46,49,6186,11200
2023-08-16 14:37:55,45,49,6186,11200
2023-08-16 14:37:56,46,49,6186,11200
2023-08-16 14:37:57,45,49,6186,11200
2023-08-16 14:37:58,46,49,6186,11200
2023-08-16 14:37:59,45,49,6186,11200
2023-08-16 14:38:00,46,49,6186,11200
2023-08-16 14:38:01,45,49,6186,11200
2023-08-16 14:38:01,44,49,6186,11200
2023-08-16 14:38:01,44,48,6186,11200
2023-08-16 14:38:02,45,48,6186,11200
2023-08-16 14:38:03,44,48,6186,11200
2023-08-16 14:38:04,45,48,6186,11200
2023-08-16 14:38:05,44,48,6186,11200
2023-08-16 14:38:06,45,48,6186,11200
2023-08-16 14:38:07,44,48,6186,11200
2023-08-16 14:38:08,45,48,6186,11200
2023-08-16 14:38:09,44,48,6186,11200
2023-08-16 14:38:10,45,48,6186,11200
2023-08-16 14:38:11,44,48,6186,11200
2023-08-16 14:38:11,44,48,6186,11205
2023-08-16 14:38:12,43,48,6186,11205
2023-08-16 14:38:12,43,47,6186,11205
2023-08-16 14:38:12,44,47,6186,11205
2023-08-16 14:38:13,43,47,6186,11205
2023-08-16 14:38:14,44,47,6186,11205
2023-08-16 14:38:15,43,47,6186,11205
2023-08-16 14:38:16,43,46,6186,11205
2023-08-16 14:38:20,44,46,6186,11205
2023-08-16 14:38:21,43,46,6186,11205
2023-08-16 14:38:22,43,47,6186,11205
2023-08-16 14:38:22,44,47,6186,11205
2023-08-16 14:38:23,43,47,6186,11205
2023-08-16 14:38:24,44,47,6186,11205
2023-08-16 14:38:25,43,47,6186,11205
2023-08-16 14:38:26,44,47,6186,11205
2023-08-16 14:38:27,43,47,6186,11205
2023-08-16 14:38:28,44,47,6186,11205
2023-08-16 14:38:29,43,47,6186,11205
2023-08-16 14:38:30,44,47,6186,11205
2023-08-16 14:38:31,43,47,6186,11205
2023-08-16 14:38:32,44,47,6186,11205
2023-08-16 14:38:33,43,47,6186,11205
2023-08-16 14:38:35,44,47,6186,11205
2023-08-16 14:38:36,43,47,6186,11205
2023-08-16 14:38:37,44,47,6186,11205
2023-08-16 14:38:38,43,47,6186,11205
2023-08-16 14:38:39,44,47,6186,11205
2023-08-16 14:38:40,43,47,6186,11205
2023-08-16 14:38:41,44,47,6186,11205
2023-08-16 14:38:42,43,47,6186,11205
2023-08-16 14:38:43,44,47,6186,11205
2023-08-16 14:38:44,43,47,6186,11205
2023-08-16 14:38:44,43,46,6186,11205
2023-08-16 14:38:49,43,47,6186,11205
2023-08-16 14:39:01,43,46,6186,11205
2023-08-16 14:39:02,42,46,6186,11205
2023-08-16 14:39:02,42,45,6186,11205
2023-08-16 14:39:46,42,46,6186,11205
2023-08-16 14:39:47,43,46,6186,11205
2023-08-16 14:39:48,42,46,6186,11205
2023-08-16 14:39:49,42,47,6186,11205
2023-08-16 14:39:49,43,47,6186,11205
2023-08-16 14:39:49,43,46,6186,11205
2023-08-16 14:39:50,42,46,6186,11205
2023-08-16 14:39:51,43,46,6186,11205
2023-08-16 14:39:52,42,46,6186,11205
2023-08-16 14:39:52,44,46,6186,11205
2023-08-16 14:39:53,42,46,6186,11205
2023-08-16 14:39:54,43,46,6186,11205
2023-08-16 14:39:55,42,46,6186,11205
2023-08-16 14:39:57,43,46,6186,11205
2023-08-16 14:39:58,42,46,6186,11205
2023-08-16 14:39:59,43,46,6186,11205
2023-08-16 14:40:00,42,46,6186,11205
2023-08-16 14:40:01,43,46,6186,11205
2023-08-16 14:40:02,42,46,6186,11205
2023-08-16 14:40:03,43,46,6186,11205
2023-08-16 14:40:03,43,45,6186,11205
2023-08-16 14:40:04,42,45,6186,11205
2023-08-16 14:40:06,41,45,6186,11205
2023-08-16 14:40:06,41,44,6186,11205
2023-08-16 14:40:13,42,44,6186,11205
2023-08-16 14:40:14,41,44,6186,11205
2023-08-16 14:40:19,41,45,6186,11205
2023-08-16 14:40:21,41,44,6186,11205
2023-08-16 14:40:24,41,45,6186,11205
2023-08-16 14:40:26,42,45,6186,11205
2023-08-16 14:40:27,41,45,6186,11205
2023-08-16 14:40:28,42,45,6186,11205
2023-08-16 14:40:29,41,45,6186,11205
2023-08-16 14:40:30,42,45,6186,11205
2023-08-16 14:40:31,41,45,6186,11205
2023-08-16 14:40:31,42,45,6186,11205
2023-08-16 14:40:32,42,46,6186,11205
2023-08-16 14:40:32,43,46,6186,11205
2023-08-16 14:40:33,42,46,6186,11205
2023-08-16 14:40:35,43,46,6186,11205
2023-08-16 14:40:36,42,46,6186,11205
2023-08-16 14:40:38,42,45,6186,11205
2023-08-16 14:40:41,41,45,6186,11205
2023-08-16 14:40:41,42,45,6186,11205
2023-08-16 14:40:42,41,45,6186,11205
2023-08-16 14:40:43,42,45,6186,11205
2023-08-16 14:40:44,41,45,6186,11205
2023-08-16 14:40:45,42,45,6186,11205
2023-08-16 14:40:46,41,45,6186,11205
2023-08-16 14:40:47,42,45,6186,11205
2023-08-16 14:40:48,41,45,6186,11205
2023-08-16 14:40:49,42,45,6186,11205
2023-08-16 14:40:50,41,45,6186,11205
2023-08-16 14:40:51,42,45,6186,11205
2023-08-16 14:40:52,41,45,6186,11205
2023-08-16 14:40:53,42,45,6186,11205
2023-08-16 14:40:54,41,45,6186,11205
2023-08-16 14:40:55,42,45,6186,11205
2023-08-16 14:40:56,42,46,6186,11205
2023-08-16 14:40:56,42,46,6186,11205
2023-08-16 14:40:58,43,46,6186,11205
2023-08-16 14:40:59,42,46,6186,11205
2023-08-16 14:41:01,42,45,6186,11205
2023-08-16 14:41:01,41,45,6186,11205
2023-08-16 14:41:02,42,45,6186,11205
2023-08-16 14:41:03,41,45,6186,11205
2023-08-16 14:41:15,42,45,6186,11205
2023-08-16 14:41:16,41,45,6186,11205
2023-08-16 14:41:17,42,45,6186,11205
2023-08-16 14:41:18,41,45,6186,11205
2023-08-16 14:41:19,42,45,6186,11205
2023-08-16 14:41:20,41,45,6186,11205
2023-08-16 14:41:20,43,45,6186,11205
2023-08-16 14:41:21,42,45,6186,11205
2023-08-16 14:41:26,41,45,6186,11205
2023-08-16 14:41:27,41,44,6186,11205
2023-08-16 14:41:35,40,44,6186,11205
2023-08-16 14:41:35,39,44,6186,11205
2023-08-16 14:41:35,40,44,6186,11205
2023-08-16 14:41:36,40,43,6186,11205
2023-08-16 14:41:37,39,43,6186,11205
2023-08-16 14:41:51,39,42,6186,11205
2023-08-16 14:41:51,38,42,6186,11205
2023-08-16 14:41:52,39,42,6186,11205
2023-08-16 14:41:53,38,42,6186,11205
2023-08-16 14:41:54,39,42,6186,11205
2023-08-16 14:41:55,38,42,6186,11205
2023-08-16 14:41:57,39,42,6186,11205
2023-08-16 14:41:58,38,42,6186,11205
2023-08-16 14:41:59,39,42,6186,11205
2023-08-16 14:42:00,38,42,6186,11205
2023-08-16 14:42:01,39,42,6186,11205
2023-08-16 14:42:02,38,42,6186,11205
2023-08-16 14:42:03,39,42,6186,11205
2023-08-16 14:42:04,38,42,6186,11205
2023-08-16 14:42:05,39,42,6186,11205
2023-08-16 14:42:06,38,42,6186,11205
2023-08-16 14:42:07,39,42,6186,11205
2023-08-16 14:42:08,38,42,6186,11205
2023-08-16 14:42:09,39,42,6186,11205
2023-08-16 14:42:10,38,42,6186,11205
2023-08-16 14:42:11,39,42,6186,11205
2023-08-16 14:42:12,38,42,6186,11205
2023-08-16 14:42:13,39,42,6186,11205
2023-08-16 14:42:14,38,42,6186,11205
2023-08-16 14:42:25,38,41,6186,11205
2023-08-16 14:42:28,36,41,6186,11205
2023-08-16 14:42:28,36,40,6186,11205
2023-08-16 14:42:29,37,40,6186,11205
2023-08-16 14:42:30,36,40,6186,11205
2023-08-16 14:42:31,37,40,6186,11205
2023-08-16 14:42:32,36,40,6186,11205
2023-08-16 14:42:32,36,39,6186,11205
2023-08-16 14:42:32,34,39,6186,11205
2023-08-16 14:42:33,35,39,6186,11205
2023-08-16 14:42:34,36,39,6186,11205
2023-08-16 14:42:35,35,39,6186,11205
2023-08-16 14:42:35,37,39,6186,11205
2023-08-16 14:42:36,35,39,6186,11205
2023-08-16 14:42:37,36,39,6186,11205
2023-08-16 14:42:38,35,39,6186,11205
2023-08-16 14:42:38,37,39,6186,11205
2023-08-16 14:42:39,35,39,6186,11205
2023-08-16 14:42:40,36,39,6186,11205
2023-08-16 14:42:41,35,39,6186,11205
2023-08-16 14:42:41,37,39,6186,11205
2023-08-16 14:42:42,35,39,6186,11205
2023-08-16 14:42:45,35,39,6186,11205
2023-08-16 14:42:46,34,39,6186,11205
2023-08-16 14:42:46,36,39,6186,11205
2023-08-16 14:42:47,34,39,6186,11205
2023-08-16 14:42:48,35,39,6186,11205
2023-08-16 14:42:49,34,39,6186,11205
2023-08-16 14:42:49,36,39,6186,11205
2023-08-16 14:42:50,34,39,6186,11205
2023-08-16 14:42:50,33,39,6186,11205
2023-08-16 14:42:50,33,38,6186,11205
2023-08-16 14:42:51,34,38,6186,11205
2023-08-16 14:42:52,33,38,6186,11205
2023-08-16 14:42:52,35,38,6186,11205
2023-08-16 14:42:53,33,38,6186,11205
2023-08-16 14:42:53,36,38,6186,11205
2023-08-16 14:42:54,33,38,6186,11205
2023-08-16 14:42:54,33,37,6186,11205
2023-08-16 14:42:55,34,37,6186,11205
2023-08-16 14:42:56,33,37,6186,11205
2023-08-16 14:42:58,34,37,6186,11205
2023-08-16 14:42:59,33,37,6186,11205
2023-08-16 14:43:00,33,38,6186,11205
2023-08-16 14:43:00,34,38,6186,11205
2023-08-16 14:43:00,34,37,6186,11205
2023-08-16 14:43:01,33,37,6186,11205
2023-08-16 14:43:01,33,38,6186,11205
2023-08-16 14:43:02,34,38,6186,11205
2023-08-16 14:43:02,34,37,6186,11205
2023-08-16 14:43:03,33,37,6186,11205
2023-08-16 14:43:03,32,37,6186,11205
2023-08-16 14:43:03,32,35,6186,11205
2023-08-16 14:43:03,32,37,6239,11405
2023-08-16 14:43:04,33,37,6239,11405
2023-08-16 14:43:04,33,36,6239,11405
2023-08-16 14:43:05,32,36,6239,11405
2023-08-16 14:43:11,32,35,6239,11405
2023-08-16 14:43:11,32,36,6239,11405
2023-08-16 14:43:13,31,36,6239,11405
2023-08-16 14:43:13,31,35,6239,11405
2023-08-16 14:43:15,31,36,6239,11405
2023-08-16 14:43:15,31,35,6239,11405
2023-08-16 14:43:28,31,36,6239,11405
2023-08-16 14:43:31,32,36,6239,11405
2023-08-16 14:43:32,31,36,6239,11405
2023-08-16 14:43:34,31,35,6239,11405
2023-08-16 14:43:35,29,35,6239,11405
2023-08-16 14:43:35,29,34,6239,11405
2023-08-16 14:43:38,29,35,6239,11405
2023-08-16 14:43:38,30,35,6239,11405
2023-08-16 14:43:39,30,35,6239,11405
2023-08-16 14:43:43,31,35,6239,11405
2023-08-16 14:43:44,30,35,6239,11405
2023-08-16 14:43:45,31,35,6239,11405
2023-08-16 14:43:46,30,35,6239,11405
2023-08-16 14:43:47,31,35,6239,11405
2023-08-16 14:43:48,30,35,6239,11405
2023-08-16 14:43:48,30,36,6239,11405
2023-08-16 14:43:48,31,36,6239,11405
2023-08-16 14:43:50,31,36,6214,11430
2023-08-16 14:43:51,30,36,6214,11430
2023-08-16 14:43:51,31,36,6214,11430
2023-08-16 14:43:51,31,35,6214,11430
2023-08-16 14:43:52,30,35,6214,11430
2023-08-16 14:43:53,31,35,6214,11430
2023-08-16 14:43:54,30,35,6214,11430
2023-08-16 14:43:54,30,36,6214,11430
2023-08-16 14:43:54,31,36,6214,11430
2023-08-16 14:43:54,31,35,6214,11430
2023-08-16 14:43:54,31,36,6214,11430
2023-08-16 14:43:56,31,35,6214,11430
2023-08-16 14:43:57,31,35,6214,11430
2023-08-16 14:43:58,30,35,6214,11430
2023-08-16 14:43:59,31,35,6214,11430
2023-08-16 14:44:00,30,35,6214,11430
2023-08-16 14:44:01,31,35,6214,11430
2023-08-16 14:44:02,30,35,6214,11430
2023-08-16 14:44:04,31,35,6214,11430
2023-08-16 14:44:05,30,35,6214,11430
2023-08-16 14:44:07,31,35,6214,11430
