datetime,bid,ask,open_interest,volume
2023-09-06 09:30:48,4,13,266,356
2023-09-06 09:30:48,4,17,266,356
2023-09-06 09:30:48,4,21,266,356
2023-09-06 09:30:48,4,100,266,356
2023-09-06 09:30:48,4,99,266,356
2023-09-06 09:30:50,4,11,266,356
2023-09-06 09:31:00,4,10,266,356
2023-09-06 09:31:00,4,8,266,356
2023-09-06 09:31:00,5,8,266,356
2023-09-06 09:31:04,5,7,266,356
2023-09-06 09:31:09,5,8,266,356
2023-09-06 09:31:09,5,7,266,356
2023-09-06 09:31:10,5,8,266,356
2023-09-06 09:31:15,6,8,266,356
2023-09-06 09:31:19,5,8,266,356
2023-09-06 09:31:23,6,8,266,356
2023-09-06 09:31:46,5,8,266,356
2023-09-06 09:31:54,6,8,266,356
2023-09-06 09:32:11,6,7,266,356
2023-09-06 09:32:11,5,7,266,356
2023-09-06 09:32:15,5,8,266,356
2023-09-06 09:32:16,5,7,266,356
2023-09-06 09:32:20,5,8,266,356
2023-09-06 09:32:22,6,8,266,356
2023-09-06 09:32:28,6,7,266,356
2023-09-06 09:32:28,5,7,266,356
2023-09-06 09:32:31,5,8,266,356
2023-09-06 09:32:34,5,7,266,356
2023-09-06 09:32:36,5,8,266,356
2023-09-06 09:32:43,6,8,266,356
2023-09-06 09:33:05,6,10,266,356
2023-09-06 09:33:05,6,9,266,356
2023-09-06 09:33:08,6,10,266,356
2023-09-06 09:33:25,7,10,266,356
2023-09-06 09:33:26,7,9,266,356
2023-09-06 09:33:27,7,10,266,356
2023-09-06 09:33:35,7,9,266,356
2023-09-06 09:33:37,7,10,266,356
2023-09-06 09:33:41,7,9,266,356
2023-09-06 09:33:42,7,10,266,356
2023-09-06 09:33:43,7,9,266,356
2023-09-06 09:33:44,7,10,266,356
2023-09-06 09:33:46,7,9,266,356
2023-09-06 09:33:49,7,10,266,356
2023-09-06 09:33:50,7,9,266,356
2023-09-06 09:34:03,7,10,266,356
2023-09-06 09:34:12,7,9,266,356
2023-09-06 09:34:37,7,10,266,356
2023-09-06 09:34:44,7,9,266,356
2023-09-06 09:34:47,7,10,266,356
2023-09-06 09:34:49,7,9,266,356
2023-09-06 09:34:55,6,9,266,356
2023-09-06 09:35:06,7,9,266,356
2023-09-06 09:35:29,7,10,266,356
2023-09-06 09:35:30,7,9,266,356
2023-09-06 09:35:34,7,10,266,356
2023-09-06 09:35:40,7,9,266,356
2023-09-06 09:35:41,7,10,266,356
2023-09-06 09:35:46,8,10,266,356
2023-09-06 09:35:47,7,10,266,356
2023-09-06 09:36:11,8,10,266,356
2023-09-06 09:36:13,7,10,266,356
2023-09-06 09:36:30,8,10,266,356
2023-09-06 09:36:31,7,10,266,356
2023-09-06 09:36:32,8,10,266,356
2023-09-06 09:36:33,7,10,266,356
2023-09-06 09:36:35,8,10,266,356
2023-09-06 09:36:37,7,10,266,356
2023-09-06 09:36:47,7,9,266,356
2023-09-06 09:36:48,7,10,266,356
2023-09-06 09:36:55,7,9,266,356
2023-09-06 09:36:55,7,10,266,356
2023-09-06 09:36:59,7,9,266,356
2023-09-06 09:36:59,7,10,266,356
2023-09-06 09:37:16,7,9,266,356
2023-09-06 09:37:16,7,10,266,356
2023-09-06 09:37:19,7,9,266,356
2023-09-06 09:37:20,7,10,266,356
2023-09-06 09:37:30,7,9,266,356
2023-09-06 09:37:31,7,10,266,356
2023-09-06 09:37:34,7,9,266,356
2023-09-06 09:37:34,7,10,266,356
2023-09-06 09:37:37,7,9,266,356
2023-09-06 09:37:38,7,10,266,356
2023-09-06 09:37:38,7,9,266,356
2023-09-06 09:37:41,7,10,266,356
2023-09-06 09:37:42,7,9,266,356
2023-09-06 09:37:44,7,10,266,356
2023-09-06 09:37:47,7,9,266,356
2023-09-06 09:37:48,7,10,266,356
2023-09-06 09:37:51,7,9,266,356
2023-09-06 09:37:52,7,10,266,356
2023-09-06 09:37:54,7,9,266,356
2023-09-06 09:37:57,7,10,266,356
2023-09-06 09:37:57,7,9,266,356
2023-09-06 09:37:59,7,10,266,356
2023-09-06 09:38:03,7,9,266,356
2023-09-06 09:38:03,7,10,266,356
2023-09-06 09:38:07,7,9,266,356
2023-09-06 09:38:07,7,9,324,414
2023-09-06 09:38:07,7,9,382,472
2023-09-06 09:38:07,7,10,382,472
2023-09-06 09:38:25,7,9,382,472
2023-09-06 09:38:27,7,10,382,472
2023-09-06 09:38:32,7,9,382,472
2023-09-06 09:38:34,7,10,382,472
2023-09-06 09:38:38,7,9,382,472
2023-09-06 09:38:46,7,10,382,472
2023-09-06 09:38:49,7,9,382,472
2023-09-06 09:38:50,7,10,382,472
2023-09-06 09:38:54,7,9,382,472
2023-09-06 09:38:56,7,10,382,472
2023-09-06 09:39:00,7,9,382,472
2023-09-06 09:39:02,7,10,382,472
2023-09-06 09:39:02,7,9,382,472
2023-09-06 09:39:02,7,9,434,524
2023-09-06 09:39:02,7,9,486,576
2023-09-06 09:39:05,7,10,486,576
2023-09-06 09:39:16,7,9,486,576
2023-09-06 09:39:21,7,10,486,576
2023-09-06 09:39:22,7,9,486,576
2023-09-06 09:39:33,7,10,486,576
2023-09-06 09:40:05,7,9,486,576
2023-09-06 09:40:07,7,10,486,576
2023-09-06 09:40:31,8,10,486,576
2023-09-06 09:40:33,8,10,606,696
2023-09-06 09:40:33,8,9,606,696
2023-09-06 09:40:36,7,9,606,696
2023-09-06 09:40:49,7,8,606,696
2023-09-06 09:41:21,5,8,636,726
2023-09-06 09:41:21,5,7,636,726
2023-09-06 09:41:23,6,7,636,726
2023-09-06 09:42:07,5,7,636,726
2023-09-06 09:42:08,5,8,636,726
2023-09-06 09:42:08,5,6,636,726
2023-09-06 09:43:21,5,6,696,786
2023-09-06 09:43:23,5,6,816,906
2023-09-06 09:43:49,4,6,886,976
2023-09-06 09:43:49,4,5,886,976
2023-09-06 09:44:37,4,5,1126,1216
2023-09-06 09:44:37,4,5,1186,1276
2023-09-06 09:44:37,4,5,1246,1336
2023-09-06 09:44:38,3,5,1246,1336
2023-09-06 09:44:38,3,4,1246,1336
2023-09-06 09:45:06,3,4,1306,1396
2023-09-06 09:45:43,3,4,1426,1516
2023-09-06 09:47:06,3,5,1426,1516
2023-09-06 09:47:52,4,5,1426,1516
2023-09-06 09:48:45,4,7,1426,1516
2023-09-06 09:48:45,4,6,1426,1516
2023-09-06 09:49:08,4,7,1426,1516
2023-09-06 09:49:08,4,5,1426,1516
2023-09-06 09:49:19,5,7,1426,1636
2023-09-06 09:49:20,4,7,1426,1636
2023-09-06 09:49:32,4,6,1426,1636
2023-09-06 09:49:50,4,7,1426,1636
2023-09-06 09:49:53,4,6,1426,1636
2023-09-06 09:49:55,4,7,1426,1636
2023-09-06 09:49:57,4,6,1426,1636
2023-09-06 09:49:58,4,7,1426,1636
2023-09-06 09:50:27,4,6,1426,1636
2023-09-06 09:50:38,4,7,1426,1636
2023-09-06 09:50:39,4,6,1426,1636
2023-09-06 09:50:44,4,7,1426,1636
2023-09-06 09:50:48,4,6,1426,1636
2023-09-06 09:51:12,3,6,1426,1636
2023-09-06 09:51:21,3,5,1426,1636
2023-09-06 09:53:39,3,4,1426,1636
2023-09-06 09:53:54,3,5,1426,1636
2023-09-06 09:54:16,3,4,1426,1636
2023-09-06 09:54:24,3,5,1426,1636
2023-09-06 09:54:32,3,4,1426,1636
2023-09-06 09:54:39,3,5,1426,1636
2023-09-06 09:55:10,3,6,1426,1636
2023-09-06 09:55:12,3,5,1426,1636
2023-09-06 09:55:18,3,6,1426,1636
2023-09-06 09:55:20,3,5,1426,1636
2023-09-06 09:55:22,3,6,1426,1636
2023-09-06 09:56:03,3,5,1426,1636
2023-09-06 09:56:10,3,6,1426,1636
2023-09-06 09:57:08,3,5,1426,1636
2023-09-06 09:57:32,3,6,1426,1636
2023-09-06 09:57:50,3,5,1426,1636
2023-09-06 09:59:47,3,6,1426,1636
2023-09-06 10:00:01,5,6,1426,1636
2023-09-06 10:00:01,5,6,1486,1696
2023-09-06 10:00:01,5,7,1486,1696
2023-09-06 10:00:07,5,8,1486,1696
2023-09-06 10:00:07,6,8,1486,1696
2023-09-06 10:00:09,7,8,1486,1696
2023-09-06 10:00:10,6,8,1486,1696
2023-09-06 10:00:10,7,8,1486,1696
2023-09-06 10:00:11,7,9,1326,1896
2023-09-06 10:00:11,6,9,1326,1896
2023-09-06 10:00:11,7,9,1326,1896
2023-09-06 10:00:11,8,9,1326,1896
2023-09-06 10:00:12,7,9,1326,1896
2023-09-06 10:00:14,8,9,1326,1896
2023-09-06 10:00:14,8,10,1326,1896
2023-09-06 10:00:14,8,11,1326,1896
2023-09-06 10:00:16,9,11,1326,1896
2023-09-06 10:00:16,9,12,1326,1896
2023-09-06 10:00:31,9,11,1326,1896
2023-09-06 10:00:33,9,12,1326,1896
2023-09-06 10:00:34,9,11,1326,1896
2023-09-06 10:00:34,8,11,1326,1896
2023-09-06 10:00:40,8,10,1326,1896
2023-09-06 10:00:42,8,11,1326,1896
2023-09-06 10:00:43,8,10,1326,1896
2023-09-06 10:00:44,7,10,1326,1896
2023-09-06 10:00:45,7,9,1326,1896
2023-09-06 10:00:50,7,10,1326,1896
2023-09-06 10:00:52,8,10,1326,1896
2023-09-06 10:00:55,7,10,1326,1896
2023-09-06 10:00:57,8,10,1326,1896
2023-09-06 10:00:58,7,10,1326,1896
2023-09-06 10:01:01,8,10,1326,1896
2023-09-06 10:01:01,8,11,1326,1896
2023-09-06 10:01:04,9,11,1326,1896
2023-09-06 10:01:23,9,12,1328,1898
2023-09-06 10:01:25,9,11,1328,1898
2023-09-06 10:01:25,8,11,1328,1898
2023-09-06 10:01:31,8,10,1328,1898
2023-09-06 10:01:35,8,11,1328,1898
2023-09-06 10:01:40,9,11,1328,1898
2023-09-06 10:01:45,9,12,1328,1898
2023-09-06 10:02:02,10,12,1328,1898
2023-09-06 10:02:09,10,13,1328,1898
2023-09-06 10:02:09,11,13,1328,1898
2023-09-06 10:02:09,12,13,1328,1898
2023-09-06 10:02:09,12,14,1328,1898
2023-09-06 10:02:09,12,13,1328,1898
2023-09-06 10:02:09,12,14,1328,1898
2023-09-06 10:02:40,12,15,1328,1898
2023-09-06 10:02:40,12,16,1328,1898
2023-09-06 10:02:40,12,15,1328,1898
2023-09-06 10:02:42,13,15,1328,1898
2023-09-06 10:02:43,13,16,1328,1898
2023-09-06 10:02:45,13,15,1328,1898
2023-09-06 10:02:46,12,15,1328,1898
2023-09-06 10:02:52,12,14,1328,1898
2023-09-06 10:02:53,11,14,1328,1898
2023-09-06 10:02:53,11,13,1328,1898
2023-09-06 10:02:57,11,13,1408,1978
2023-09-06 10:02:57,11,12,1408,1978
2023-09-06 10:02:59,11,13,1408,1978
2023-09-06 10:03:06,11,14,1408,1978
2023-09-06 10:03:07,11,13,1408,1978
2023-09-06 10:03:10,11,12,1408,1978
2023-09-06 10:03:10,10,12,1408,1978
2023-09-06 10:03:13,10,13,1408,1978
2023-09-06 10:03:19,10,12,1408,1978
2023-09-06 10:03:22,10,13,1408,1978
2023-09-06 10:03:23,10,12,1408,1978
2023-09-06 10:03:27,9,12,1408,1978
2023-09-06 10:03:34,10,12,1408,1978
2023-09-06 10:03:40,9,12,1408,1978
2023-09-06 10:03:52,10,12,1408,1978
2023-09-06 10:03:55,10,13,1408,1978
2023-09-06 10:03:58,10,12,1408,1978
2023-09-06 10:04:05,10,13,1408,1978
2023-09-06 10:04:05,10,12,1408,1978
2023-09-06 10:04:07,10,13,1408,1978
2023-09-06 10:04:12,10,12,1408,1978
2023-09-06 10:04:18,10,13,1408,1978
2023-09-06 10:04:18,10,12,1408,1978
2023-09-06 10:04:19,10,13,1408,1978
2023-09-06 10:04:22,11,13,1408,1978
2023-09-06 10:04:24,10,13,1408,1978
2023-09-06 10:04:31,11,13,1408,1978
2023-09-06 10:04:32,11,14,1408,1978
2023-09-06 10:04:45,12,14,1408,1978
2023-09-06 10:04:50,11,14,1408,1978
2023-09-06 10:04:52,12,14,1408,1978
2023-09-06 10:04:57,12,15,1408,1978
2023-09-06 10:05:01,12,14,1408,1978
2023-09-06 10:05:13,13,14,1408,1978
2023-09-06 10:05:14,13,15,1408,1978
2023-09-06 10:05:15,13,16,1408,1978
2023-09-06 10:05:20,13,15,1408,1978
2023-09-06 10:05:25,12,15,1408,1978
2023-09-06 10:05:28,12,14,1408,1978
2023-09-06 10:05:29,12,15,1408,1978
2023-09-06 10:05:29,12,14,1408,1978
2023-09-06 10:05:29,12,15,1408,1978
2023-09-06 10:05:35,12,15,1408,1993
2023-09-06 10:05:35,12,14,1408,1993
2023-09-06 10:05:38,12,15,1408,1993
2023-09-06 10:05:38,12,13,1408,1993
2023-09-06 10:05:40,11,13,1408,1993
2023-09-06 10:06:05,12,13,1408,1993
2023-09-06 10:06:09,12,15,1408,1993
2023-09-06 10:06:09,12,14,1408,1993
2023-09-06 10:06:28,13,14,1408,1993
2023-09-06 10:06:28,13,16,1408,1993
2023-09-06 10:06:28,13,15,1408,1993
2023-09-06 10:06:43,14,15,1408,1993
2023-09-06 10:06:43,14,16,1408,1993
2023-09-06 10:06:43,14,15,1408,1993
2023-09-06 10:06:43,14,16,1408,1993
2023-09-06 10:06:47,14,15,1408,1993
2023-09-06 10:06:52,13,15,1408,1993
2023-09-06 10:06:53,13,16,1408,1993
2023-09-06 10:06:53,12,16,1408,1993
2023-09-06 10:06:53,12,14,1408,1993
2023-09-06 10:07:06,12,15,1408,1993
2023-09-06 10:07:06,12,13,1408,1993
2023-09-06 10:07:07,11,13,1408,1993
2023-09-06 10:07:08,12,13,1408,1993
2023-09-06 10:07:09,12,15,1408,1993
2023-09-06 10:07:09,12,14,1408,1993
2023-09-06 10:07:11,12,15,1408,1993
2023-09-06 10:07:11,12,13,1408,1993
2023-09-06 10:07:13,11,13,1408,1993
2023-09-06 10:07:35,11,14,1408,1993
2023-09-06 10:07:35,11,12,1408,1993
2023-09-06 10:07:39,10,12,1408,1993
2023-09-06 10:07:40,10,13,1408,1993
2023-09-06 10:07:40,10,11,1408,1993
2023-09-06 10:07:51,10,13,1408,1993
2023-09-06 10:07:51,10,12,1408,1993
2023-09-06 10:07:57,10,13,1408,1993
2023-09-06 10:07:57,10,11,1408,1993
2023-09-06 10:08:07,9,11,1408,1993
2023-09-06 10:08:17,9,12,1408,1993
2023-09-06 10:08:17,9,10,1408,1993
2023-09-06 10:08:27,9,12,1408,1993
2023-09-06 10:08:27,9,11,1408,1993
2023-09-06 10:08:33,10,11,1408,1993
2023-09-06 10:08:36,9,11,1408,1993
2023-09-06 10:08:55,9,12,1408,1993
2023-09-06 10:08:55,9,10,1408,1993
2023-09-06 10:09:10,9,12,1408,1993
2023-09-06 10:09:10,9,11,1408,1993
2023-09-06 10:09:58,10,11,1408,1993
2023-09-06 10:10:00,9,11,1408,1993
2023-09-06 10:10:06,10,11,1408,1993
2023-09-06 10:10:08,10,13,1408,1993
2023-09-06 10:10:08,10,12,1408,1993
2023-09-06 10:10:22,11,12,1408,1993
2023-09-06 10:10:23,10,12,1408,1993
2023-09-06 10:10:30,10,13,1408,1993
2023-09-06 10:10:30,10,11,1408,1993
2023-09-06 10:10:32,9,11,1408,1993
2023-09-06 10:10:33,9,12,1408,1993
2023-09-06 10:10:33,9,10,1408,1993
2023-09-06 10:10:42,9,12,1408,1993
2023-09-06 10:10:42,9,11,1408,1993
2023-09-06 10:10:46,10,11,1408,1993
2023-09-06 10:10:50,9,11,1408,1993
2023-09-06 10:10:51,10,11,1408,1993
2023-09-06 10:10:57,10,13,1408,1993
2023-09-06 10:10:57,10,12,1408,1993
2023-09-06 10:11:02,10,13,1408,1993
2023-09-06 10:11:02,10,11,1408,1993
2023-09-06 10:11:10,10,13,1408,1993
2023-09-06 10:11:10,10,12,1408,1993
2023-09-06 10:11:12,10,13,1408,1993
2023-09-06 10:11:12,10,11,1408,1993
2023-09-06 10:12:06,10,13,1408,1993
2023-09-06 10:12:06,10,12,1408,1993
2023-09-06 10:12:33,11,12,1408,1993
2023-09-06 10:12:41,10,12,1408,1993
2023-09-06 10:12:50,11,12,1408,1993
2023-09-06 10:12:52,10,12,1408,1993
2023-09-06 10:13:01,11,12,1408,1993
2023-09-06 10:13:04,10,12,1408,1993
2023-09-06 10:13:06,11,12,1408,1993
2023-09-06 10:13:21,11,14,1408,1993
2023-09-06 10:13:21,11,13,1408,1993
2023-09-06 10:13:21,11,14,1408,1993
2023-09-06 10:13:21,11,13,1408,1993
2023-09-06 10:13:28,12,13,1408,1993
2023-09-06 10:13:33,12,15,1408,1993
2023-09-06 10:13:33,12,14,1408,1993
2023-09-06 10:13:37,12,15,1408,1993
2023-09-06 10:13:37,12,13,1408,1993
2023-09-06 10:13:40,11,13,1408,1993
2023-09-06 10:13:43,11,14,1408,1993
2023-09-06 10:13:43,11,13,1408,1993
2023-09-06 10:13:43,11,12,1408,1993
2023-09-06 10:14:02,11,14,1408,1993
2023-09-06 10:14:02,11,13,1408,1993
2023-09-06 10:14:13,12,13,1408,1993
2023-09-06 10:14:17,11,13,1408,1993
2023-09-06 10:14:38,11,14,1408,1993
2023-09-06 10:14:38,11,13,1408,1993
2023-09-06 10:14:38,11,14,1408,1993
2023-09-06 10:14:38,11,12,1408,1993
2023-09-06 10:14:40,10,12,1408,1993
2023-09-06 10:14:44,11,12,1408,1993
2023-09-06 10:14:54,11,14,1408,1993
2023-09-06 10:14:54,11,13,1408,1993
2023-09-06 10:15:01,11,14,1408,1993
2023-09-06 10:15:01,11,13,1408,1993
2023-09-06 10:15:01,11,12,1408,1993
2023-09-06 10:15:08,10,12,1408,1993
2023-09-06 10:15:11,10,13,1408,1993
2023-09-06 10:15:11,10,11,1408,1993
2023-09-06 10:15:13,10,13,1408,1993
2023-09-06 10:15:13,10,12,1408,1993
2023-09-06 10:15:15,11,12,1408,1993
2023-09-06 10:15:34,10,12,1408,1993
2023-09-06 10:15:38,11,12,1408,1993
2023-09-06 10:15:39,10,12,1408,1993
2023-09-06 10:15:43,11,12,1408,1993
2023-09-06 10:15:46,10,12,1408,1993
2023-09-06 10:15:48,11,12,1408,1993
2023-09-06 10:15:59,10,12,1408,1993
2023-09-06 10:16:00,11,12,1408,1993
2023-09-06 10:16:01,10,12,1408,1993
2023-09-06 10:16:03,10,11,1408,1993
2023-09-06 10:16:22,10,13,1408,2008
2023-09-06 10:16:28,11,13,1408,2008
2023-09-06 10:16:30,10,13,1408,2008
2023-09-06 10:16:34,10,12,1408,2008
2023-09-06 10:16:35,10,13,1408,2008
2023-09-06 10:16:39,10,12,1408,2008
2023-09-06 10:16:40,10,13,1408,2008
2023-09-06 10:16:41,10,12,1408,2008
2023-09-06 10:16:42,10,13,1408,2008
2023-09-06 10:16:44,10,12,1408,2008
2023-09-06 10:16:50,10,11,1408,2008
2023-09-06 10:16:51,9,10,1408,2108
2023-09-06 10:16:51,8,10,1408,2108
2023-09-06 10:17:04,8,11,1408,2108
2023-09-06 10:17:18,8,10,1408,2108
2023-09-06 10:17:22,8,11,1408,2108
2023-09-06 10:17:29,9,11,1408,2108
2023-09-06 10:17:33,8,11,1408,2108
2023-09-06 10:17:37,8,10,1408,2108
2023-09-06 10:17:37,7,10,1408,2108
2023-09-06 10:18:12,7,9,1408,2108
2023-09-06 10:18:20,7,10,1408,2108
2023-09-06 10:18:47,8,10,1408,2108
2023-09-06 10:18:48,7,10,1408,2108
2023-09-06 10:19:05,7,9,1408,2108
2023-09-06 10:19:10,7,8,1408,2108
2023-09-06 10:19:11,7,9,1408,2108
2023-09-06 10:19:23,7,10,1408,2108
2023-09-06 10:19:33,8,10,1408,2108
2023-09-06 10:19:41,7,10,1408,2108
2023-09-06 10:19:53,7,9,1408,2108
2023-09-06 10:20:45,7,10,1408,2108
2023-09-06 10:20:46,8,10,1408,2108
2023-09-06 10:21:04,8,11,1408,2108
2023-09-06 10:21:07,9,11,1408,2108
2023-09-06 10:21:09,9,12,1408,2108
2023-09-06 10:21:10,9,11,1408,2108
2023-09-06 10:21:14,9,12,1408,2108
2023-09-06 10:21:14,9,11,1408,2108
2023-09-06 10:21:15,9,12,1408,2108
2023-09-06 10:21:21,9,11,1408,2108
2023-09-06 10:21:32,8,11,1408,2108
2023-09-06 10:22:17,9,11,1408,2108
2023-09-06 10:22:19,9,12,1408,2108
2023-09-06 10:22:19,9,11,1408,2108
2023-09-06 10:22:20,9,12,1408,2108
2023-09-06 10:22:35,10,12,1408,2108
2023-09-06 10:22:35,10,13,1408,2108
2023-09-06 10:22:35,10,12,1408,2108
2023-09-06 10:22:36,10,13,1408,2108
2023-09-06 10:22:39,10,12,1408,2108
2023-09-06 10:22:40,10,13,1408,2108
2023-09-06 10:22:41,10,12,1408,2108
2023-09-06 10:22:42,9,12,1408,2108
2023-09-06 10:23:07,10,12,1408,2108
2023-09-06 10:23:07,10,13,1408,2108
2023-09-06 10:23:12,10,12,1408,2108
2023-09-06 10:23:16,10,13,1408,2108
2023-09-06 10:23:27,10,12,1408,2108
2023-09-06 10:23:29,10,13,1408,2108
2023-09-06 10:23:49,11,13,1408,2108
2023-09-06 10:23:50,11,14,1408,2108
2023-09-06 10:23:50,11,13,1408,2108
2023-09-06 10:23:50,11,14,1408,2108
2023-09-06 10:23:53,12,14,1408,2108
2023-09-06 10:23:56,12,13,1408,2108
2023-09-06 10:23:57,12,14,1408,2108
2023-09-06 10:23:58,12,13,1408,2108
2023-09-06 10:23:59,11,13,1408,2108
2023-09-06 10:24:02,11,14,1408,2108
2023-09-06 10:24:07,11,13,1408,2108
2023-09-06 10:24:08,11,14,1408,2108
2023-09-06 10:24:12,12,14,1408,2108
2023-09-06 10:24:33,12,15,1408,2108
2023-09-06 10:24:33,13,15,1408,2108
2023-09-06 10:24:36,13,14,1408,2108
2023-09-06 10:24:42,13,15,1408,2108
2023-09-06 10:24:47,13,16,1408,2108
2023-09-06 10:24:47,13,15,1408,2108
2023-09-06 10:24:49,14,15,1408,2108
2023-09-06 10:24:50,14,16,1408,2108
2023-09-06 10:24:53,14,15,1408,2108
2023-09-06 10:24:54,14,16,1648,2348
2023-09-06 10:25:02,14,17,1648,2348
2023-09-06 10:25:02,14,16,1648,2348
2023-09-06 10:25:02,14,17,1648,2348
2023-09-06 10:25:06,14,16,1648,2348
2023-09-06 10:25:07,15,16,1648,2348
2023-09-06 10:25:07,15,16,1699,2399
2023-09-06 10:25:08,14,17,1699,2399
2023-09-06 10:25:14,14,16,1699,2399
2023-09-06 10:25:14,13,16,1699,2399
2023-09-06 10:25:22,13,15,1699,2399
2023-09-06 10:25:23,12,15,1699,2399
2023-09-06 10:25:41,13,15,1699,2399
2023-09-06 10:25:45,13,16,1699,2399
2023-09-06 10:26:23,14,16,1699,2399
2023-09-06 10:26:38,14,17,1699,2399
2023-09-06 10:26:41,14,16,1699,2399
2023-09-06 10:26:42,14,17,1699,2399
2023-09-06 10:26:43,14,16,1699,2399
2023-09-06 10:26:44,14,17,1699,2399
2023-09-06 10:26:47,15,17,1699,2399
2023-09-06 10:26:51,15,16,1699,2399
2023-09-06 10:26:51,15,17,1699,2399
2023-09-06 10:26:53,15,16,1699,2399
2023-09-06 10:26:54,15,17,1699,2399
2023-09-06 10:27:00,14,17,1699,2399
2023-09-06 10:27:01,14,16,1699,2399
2023-09-06 10:27:07,14,17,1699,2399
2023-09-06 10:27:08,14,16,1699,2399
2023-09-06 10:27:11,14,17,1699,2399
2023-09-06 10:27:21,14,16,1699,2399
2023-09-06 10:27:22,14,17,1699,2399
2023-09-06 10:27:22,14,16,1699,2399
2023-09-06 10:27:33,14,17,1699,2399
2023-09-06 10:27:37,15,17,1699,2399
2023-09-06 10:27:50,15,16,1699,2399
2023-09-06 10:27:53,15,17,1699,2399
2023-09-06 10:27:55,14,17,1699,2399
2023-09-06 10:27:56,14,16,1699,2399
2023-09-06 10:27:58,14,17,1699,2399
2023-09-06 10:28:04,15,17,1699,2399
2023-09-06 10:28:19,15,16,1699,2399
2023-09-06 10:28:20,15,17,1699,2399
2023-09-06 10:28:40,16,17,1699,2399
2023-09-06 10:28:41,16,18,1699,2399
2023-09-06 10:28:46,16,19,1699,2399
2023-09-06 10:28:47,16,18,1699,2399
2023-09-06 10:28:48,16,20,1699,2399
2023-09-06 10:28:49,17,20,1699,2399
2023-09-06 10:28:49,18,20,1699,2399
2023-09-06 10:28:49,18,19,1699,2399
2023-09-06 10:28:53,17,19,1699,2399
2023-09-06 10:28:54,17,18,1699,2399
2023-09-06 10:28:59,17,19,1699,2399
2023-09-06 10:29:00,17,18,1699,2399
2023-09-06 10:29:00,17,19,1699,2605
2023-09-06 10:29:02,17,18,1699,2605
2023-09-06 10:29:02,17,18,1900,2855
2023-09-06 10:29:12,17,19,1900,2855
2023-09-06 10:29:14,17,18,1900,2855
2023-09-06 10:29:20,16,18,1900,2855
2023-09-06 10:29:21,17,18,1900,2855
2023-09-06 10:29:22,17,19,1900,2855
2023-09-06 10:29:23,17,18,1900,2855
2023-09-06 10:29:27,17,19,1900,2855
2023-09-06 10:29:28,17,18,1900,2855
2023-09-06 10:29:51,18,19,1912,2867
2023-09-06 10:30:01,18,20,1912,2867
2023-09-06 10:30:01,18,21,1912,2867
2023-09-06 10:30:02,18,20,1912,2867
2023-09-06 10:30:03,18,21,1912,2867
2023-09-06 10:30:03,19,21,1912,2867
2023-09-06 10:30:06,19,20,1912,2867
2023-09-06 10:30:09,18,20,1912,2867
2023-09-06 10:30:12,19,20,1912,2867
2023-09-06 10:30:16,18,20,1912,2867
2023-09-06 10:30:19,19,20,1912,2867
2023-09-06 10:30:22,19,21,1912,2867
2023-09-06 10:30:25,18,21,1912,2867
2023-09-06 10:30:31,18,20,1912,2867
2023-09-06 10:30:34,17,20,1912,2867
2023-09-06 10:30:44,16,20,1912,2867
2023-09-06 10:30:45,16,19,1912,2867
2023-09-06 10:30:49,15,19,1912,2867
2023-09-06 10:30:50,15,18,1912,2867
2023-09-06 10:30:53,15,19,1912,2867
2023-09-06 10:30:55,15,18,1912,2867
2023-09-06 10:31:07,14,18,2312,3267
2023-09-06 10:31:07,14,17,2312,3267
2023-09-06 10:31:07,14,16,2312,3267
2023-09-06 10:31:08,14,15,2312,3267
2023-09-06 10:31:18,14,17,2312,3267
2023-09-06 10:31:18,14,16,2312,3267
2023-09-06 10:32:07,15,16,2312,3267
2023-09-06 10:32:07,15,18,2312,3267
2023-09-06 10:32:07,15,17,2312,3267
2023-09-06 10:32:08,14,17,2312,3267
2023-09-06 10:32:12,15,17,2312,3267
2023-09-06 10:32:16,14,17,2312,3267
2023-09-06 10:32:16,14,16,2312,3267
2023-09-06 10:32:31,14,17,2312,3267
2023-09-06 10:32:31,14,15,2312,3267
2023-09-06 10:32:32,13,15,2312,3267
2023-09-06 10:32:40,14,15,2312,3267
2023-09-06 10:32:40,14,17,2312,3267
2023-09-06 10:32:40,14,16,2312,3267
2023-09-06 10:32:52,14,18,2312,3267
2023-09-06 10:32:52,14,17,2312,3267
2023-09-06 10:32:53,15,17,2312,3267
2023-09-06 10:33:00,14,17,2312,3267
2023-09-06 10:33:01,14,16,2312,3267
2023-09-06 10:33:17,14,17,2312,3267
2023-09-06 10:33:21,15,17,2312,3267
2023-09-06 10:33:24,15,19,2312,3267
2023-09-06 10:33:24,15,18,2312,3267
2023-09-06 10:33:27,16,18,2312,3267
2023-09-06 10:33:28,15,18,2312,3267
2023-09-06 10:33:29,16,18,2312,3267
2023-09-06 10:33:35,15,18,2312,3267
2023-09-06 10:33:36,16,18,2312,3267
2023-09-06 10:33:48,15,18,2312,3267
2023-09-06 10:33:53,16,18,2312,3267
2023-09-06 10:34:05,15,18,2312,3267
2023-09-06 10:34:06,15,17,2312,3267
2023-09-06 10:34:07,15,17,2312,3517
2023-09-06 10:34:26,14,17,2312,3517
2023-09-06 10:34:27,14,18,2312,3517
2023-09-06 10:34:27,14,16,2312,3517
2023-09-06 10:34:31,14,15,2312,3517
2023-09-06 10:35:05,13,15,2312,3517
2023-09-06 10:35:20,13,14,2312,3517
2023-09-06 10:35:21,12,14,2312,3517
2023-09-06 10:35:34,13,14,2312,3517
2023-09-06 10:35:35,12,14,2312,3517
2023-09-06 10:35:36,13,14,2312,3517
2023-09-06 10:35:36,13,15,2312,3517
2023-09-06 10:35:46,13,14,2312,3517
2023-09-06 10:35:51,13,15,2312,3517
2023-09-06 10:36:23,14,15,2312,3517
2023-09-06 10:36:28,14,17,2314,3519
2023-09-06 10:36:31,15,17,2314,3519
2023-09-06 10:36:33,14,17,2314,3519
2023-09-06 10:36:36,14,18,2314,3519
2023-09-06 10:36:36,14,16,2314,3519
2023-09-06 10:37:19,13,16,2314,3519
2023-09-06 10:37:23,14,16,2314,3519
2023-09-06 10:37:24,13,16,2314,3519
2023-09-06 10:37:24,13,18,2314,3519
2023-09-06 10:37:24,13,17,2314,3519
2023-09-06 10:37:24,13,15,2314,3519
2023-09-06 10:37:49,13,14,2314,3519
2023-09-06 10:37:58,13,16,2314,3519
2023-09-06 10:37:58,13,15,2314,3519
2023-09-06 10:38:17,13,14,2314,3519
2023-09-06 10:38:22,12,14,2314,3519
2023-09-06 10:38:23,13,14,2314,3519
2023-09-06 10:38:26,13,16,2314,3519
2023-09-06 10:38:26,13,15,2314,3519
2023-09-06 10:38:32,14,15,2314,3519
2023-09-06 10:38:54,14,17,2314,3519
2023-09-06 10:38:54,14,18,2314,3519
2023-09-06 10:38:54,14,16,2314,3519
2023-09-06 10:39:36,14,15,2314,3519
2023-09-06 10:40:04,13,15,2314,3519
2023-09-06 10:40:05,13,14,2314,3519
2023-09-06 10:40:06,12,14,2314,3519
2023-09-06 10:40:12,13,14,2314,3519
2023-09-06 10:40:15,13,15,2314,3519
2023-09-06 10:40:24,13,16,2314,3519
2023-09-06 10:40:26,15,16,2314,3519
2023-09-06 10:40:30,15,18,2314,3519
2023-09-06 10:40:30,15,19,2314,3519
2023-09-06 10:40:30,15,17,2314,3519
2023-09-06 10:40:34,15,18,2314,3519
2023-09-06 10:40:34,15,16,2314,3519
2023-09-06 10:40:45,15,18,2314,3519
2023-09-06 10:40:45,15,19,2314,3519
2023-09-06 10:40:45,15,17,2314,3519
2023-09-06 10:40:56,15,16,2314,3519
2023-09-06 10:40:57,15,18,2314,3669
2023-09-06 10:40:58,15,17,2314,3669
2023-09-06 10:41:04,14,17,2314,3669
2023-09-06 10:41:04,14,16,2314,3669
2023-09-06 10:41:04,13,16,2314,3669
2023-09-06 10:41:10,13,17,2314,3669
2023-09-06 10:41:11,14,17,2314,3669
2023-09-06 10:41:15,14,18,2314,3669
2023-09-06 10:41:16,14,17,2314,3669
2023-09-06 10:41:17,14,18,2314,3669
2023-09-06 10:41:19,14,17,2314,3669
2023-09-06 10:41:25,14,18,2314,3669
2023-09-06 10:41:27,14,17,2314,3669
2023-09-06 10:41:29,14,18,2314,3669
2023-09-06 10:41:33,14,17,2314,3669
2023-09-06 10:41:38,14,18,2314,3669
2023-09-06 10:41:39,14,17,2314,3669
2023-09-06 10:42:19,15,17,2314,3669
2023-09-06 10:42:20,15,18,2314,3669
2023-09-06 10:42:24,15,19,2314,3669
2023-09-06 10:42:31,15,18,2314,3669
2023-09-06 10:43:21,15,18,2317,3672
2023-09-06 10:43:22,15,17,2317,3672
2023-09-06 10:43:23,15,18,2317,3672
2023-09-06 10:43:23,15,16,2317,3672
2023-09-06 10:43:28,15,18,2317,3672
2023-09-06 10:43:28,15,17,2317,3672
2023-09-06 10:43:44,15,18,2317,3672
2023-09-06 10:43:44,15,16,2317,3672
2023-09-06 10:44:00,15,18,2317,3672
2023-09-06 10:44:00,15,17,2317,3672
2023-09-06 10:44:42,15,18,2317,3672
2023-09-06 10:44:42,14,18,2317,3672
2023-09-06 10:44:42,14,16,2317,3672
2023-09-06 10:44:49,15,16,2317,3672
2023-09-06 10:44:53,15,18,2317,3672
2023-09-06 10:44:53,15,17,2317,3672
2023-09-06 10:44:57,16,17,2317,3672
2023-09-06 10:44:58,16,18,2317,3672
2023-09-06 10:45:06,16,17,2317,3672
2023-09-06 10:45:08,15,17,2317,3672
2023-09-06 10:45:17,16,17,2317,3672
2023-09-06 10:45:18,15,17,2317,3672
2023-09-06 10:45:25,16,17,2317,3672
2023-09-06 10:45:28,15,17,2317,3672
2023-09-06 10:45:29,16,17,2317,3672
2023-09-06 10:45:29,16,19,2317,3672
2023-09-06 10:45:29,16,18,2317,3672
2023-09-06 10:45:32,17,18,2317,3672
2023-09-06 10:45:39,17,20,2317,3672
2023-09-06 10:45:39,17,19,2317,3672
2023-09-06 10:45:46,17,18,2317,3672
2023-09-06 10:45:52,16,18,2317,3672
2023-09-06 10:46:10,16,20,2317,3672
2023-09-06 10:46:10,16,19,2317,3672
2023-09-06 10:46:11,16,18,2317,3672
2023-09-06 10:46:14,15,18,2317,3672
2023-09-06 10:46:14,15,19,2317,3672
2023-09-06 10:46:14,15,17,2317,3672
2023-09-06 10:46:31,15,19,2317,3672
2023-09-06 10:46:31,15,16,2317,3672
2023-09-06 10:46:49,15,19,2317,3672
2023-09-06 10:46:49,15,17,2317,3672
2023-09-06 10:46:54,16,17,2317,3672
2023-09-06 10:46:57,16,19,2317,3672
2023-09-06 10:46:57,16,18,2317,3672
2023-09-06 10:47:05,16,20,2317,3672
2023-09-06 10:47:05,17,20,2317,3672
2023-09-06 10:47:05,17,19,2317,3672
2023-09-06 10:47:08,16,19,2317,3672
2023-09-06 10:47:09,16,18,2317,3672
2023-09-06 10:47:14,16,20,2317,3672
2023-09-06 10:47:14,16,19,2317,3672
2023-09-06 10:47:19,16,18,2317,3672
2023-09-06 10:47:23,16,20,2317,3672
2023-09-06 10:47:23,16,19,2317,3672
2023-09-06 10:47:24,17,19,2317,3672
2023-09-06 10:47:46,17,18,2317,3672
2023-09-06 10:47:46,16,18,2317,3672
2023-09-06 10:48:07,16,19,2317,3672
2023-09-06 10:48:07,16,17,2317,3672
2023-09-06 10:48:17,16,19,2317,3672
2023-09-06 10:48:17,16,18,2317,3672
2023-09-06 10:48:18,17,18,2317,3672
2023-09-06 10:48:20,16,18,2317,3672
2023-09-06 10:48:21,17,18,2317,3672
2023-09-06 10:48:22,16,18,2317,3672
2023-09-06 10:48:42,17,18,2317,3672
2023-09-06 10:48:55,17,20,2317,3672
2023-09-06 10:48:55,17,19,2317,3672
2023-09-06 10:49:12,18,19,2317,3672
2023-09-06 10:49:20,17,19,2317,3672
2023-09-06 10:49:25,18,19,2317,3672
2023-09-06 10:49:25,18,21,2317,3672
2023-09-06 10:49:25,18,20,2317,3672
2023-09-06 10:49:33,17,20,2317,3672
2023-09-06 10:49:33,17,19,2317,3672
2023-09-06 10:49:37,18,19,2317,3672
2023-09-06 10:49:40,18,21,2317,3672
2023-09-06 10:49:40,18,20,2317,3672
2023-09-06 10:50:14,18,19,2317,3672
2023-09-06 10:50:15,17,19,2317,3672
2023-09-06 10:50:17,17,20,2317,3672
2023-09-06 10:50:17,17,18,2317,3672
2023-09-06 10:50:19,16,18,2317,3672
2023-09-06 10:50:28,17,18,2317,3672
2023-09-06 10:50:30,17,20,2317,3672
2023-09-06 10:50:30,17,19,2317,3672
2023-09-06 10:50:31,18,19,2317,3672
2023-09-06 10:50:34,18,21,2317,3675
2023-09-06 10:50:35,18,20,2317,3675
2023-09-06 10:50:41,18,21,2317,3675
2023-09-06 10:50:42,18,20,2317,3675
2023-09-06 10:50:44,18,21,2513,3871
2023-09-06 10:50:45,18,20,2513,3871
2023-09-06 10:50:45,18,20,2763,4121
2023-09-06 10:50:46,18,21,2803,4161
2023-09-06 10:50:47,18,20,2803,4161
2023-09-06 10:50:50,18,21,2803,4161
2023-09-06 10:50:51,18,20,2803,4161
2023-09-06 10:50:52,18,21,2803,4161
2023-09-06 10:50:53,18,20,2803,4161
2023-09-06 10:50:54,18,21,2803,4161
2023-09-06 10:50:55,18,20,2803,4161
2023-09-06 10:51:04,18,21,2803,4161
2023-09-06 10:51:05,18,20,2803,4161
2023-09-06 10:51:06,18,21,2803,4161
2023-09-06 10:51:17,19,21,2803,4161
2023-09-06 10:51:30,18,21,2803,4161
2023-09-06 10:51:31,18,20,2803,4161
2023-09-06 10:51:34,18,21,2803,4161
2023-09-06 10:51:40,17,21,2803,4161
2023-09-06 10:51:40,17,20,2803,4161
2023-09-06 10:51:41,18,20,2803,4161
2023-09-06 10:51:50,17,20,2803,4161
2023-09-06 10:51:53,18,20,2803,4161
2023-09-06 10:51:55,17,20,2803,4161
2023-09-06 10:51:56,17,21,2803,4161
2023-09-06 10:51:56,18,21,2803,4161
2023-09-06 10:52:03,19,21,2803,4161
2023-09-06 10:52:06,19,22,2803,4161
2023-09-06 10:52:07,19,21,2803,4161
2023-09-06 10:52:09,19,22,2803,4161
2023-09-06 10:52:15,20,22,2803,4161
2023-09-06 10:52:18,19,22,2803,4161
2023-09-06 10:52:30,20,22,2803,4161
2023-09-06 10:52:32,20,23,2803,4161
2023-09-06 10:52:33,20,24,2803,4161
2023-09-06 10:52:33,20,23,2803,4161
2023-09-06 10:52:35,22,23,2803,4161
2023-09-06 10:52:36,22,24,2803,4161
2023-09-06 10:52:38,22,25,2803,4161
2023-09-06 10:52:51,22,26,2803,4161
2023-09-06 10:52:51,23,26,2803,4161
2023-09-06 10:53:15,23,25,2803,4161
2023-09-06 10:53:19,22,25,2803,4161
2023-09-06 10:53:20,23,25,2803,4161
2023-09-06 10:53:21,22,25,2803,4161
2023-09-06 10:53:22,23,25,2803,4161
2023-09-06 10:53:23,22,25,2803,4161
2023-09-06 10:53:32,22,24,2803,4161
2023-09-06 10:53:47,21,24,2803,4161
2023-09-06 10:53:48,20,24,2803,4161
2023-09-06 10:54:01,20,23,2803,4161
2023-09-06 10:54:02,20,24,2803,4161
2023-09-06 10:54:12,20,23,2803,4161
2023-09-06 10:54:22,19,23,2803,4161
2023-09-06 10:54:25,19,22,2803,4161
2023-09-06 10:54:30,18,22,2803,4161
2023-09-06 10:54:31,18,21,2803,4161
2023-09-06 10:54:36,17,21,2803,4161
2023-09-06 10:54:41,17,20,2803,4161
2023-09-06 10:54:45,18,20,2803,4161
2023-09-06 10:54:49,17,20,2803,4161
2023-09-06 10:55:07,16,20,2803,4161
2023-09-06 10:55:10,17,20,2803,4161
2023-09-06 10:55:22,18,20,2803,4161
2023-09-06 10:55:25,18,21,2803,4161
2023-09-06 10:55:27,18,22,2803,4161
2023-09-06 10:55:28,19,22,2803,4161
2023-09-06 10:55:32,19,23,2803,4161
2023-09-06 10:55:36,19,22,2803,4161
2023-09-06 10:55:37,19,23,2803,4161
2023-09-06 10:55:38,19,22,2803,4161
2023-09-06 10:55:41,20,22,2803,4161
2023-09-06 10:55:42,20,23,2803,4161
2023-09-06 10:55:43,20,22,2803,4161
2023-09-06 10:56:01,20,23,2803,4161
2023-09-06 10:56:02,21,23,2803,4161
2023-09-06 10:56:05,21,22,2803,4161
2023-09-06 10:56:05,20,22,2803,4161
2023-09-06 10:56:12,20,23,2803,4161
2023-09-06 10:56:16,21,23,2803,4161
2023-09-06 10:56:22,21,25,2803,4161
2023-09-06 10:56:23,22,24,2803,4161
2023-09-06 10:56:29,22,23,2803,4161
2023-09-06 10:56:29,21,23,2803,4161
2023-09-06 10:56:40,21,24,2803,4161
2023-09-06 10:56:40,22,24,2803,4161
2023-09-06 10:56:42,22,26,2803,4161
2023-09-06 10:56:43,22,25,2803,4161
2023-09-06 10:56:46,22,24,2803,4161
2023-09-06 10:56:47,22,25,2803,4161
2023-09-06 10:56:49,22,24,2803,4161
2023-09-06 10:56:51,22,25,2803,4161
2023-09-06 10:56:52,22,24,2803,4161
2023-09-06 10:56:52,21,24,2803,4161
2023-09-06 10:57:10,22,24,2803,4161
2023-09-06 10:57:12,22,25,2803,4161
2023-09-06 10:57:15,22,24,2803,4161
2023-09-06 10:57:20,22,26,2803,4161
2023-09-06 10:57:20,22,25,2803,4161
2023-09-06 10:57:20,21,25,2803,4161
2023-09-06 10:57:21,21,24,2803,4161
2023-09-06 10:57:22,21,23,2803,4161
2023-09-06 10:57:28,20,23,2803,4161
2023-09-06 10:57:33,21,23,2803,4161
2023-09-06 10:58:34,21,24,2803,4161
2023-09-06 10:58:37,21,23,2803,4161
2023-09-06 10:58:43,21,24,2803,4161
2023-09-06 10:58:43,22,24,2803,4161
2023-09-06 10:58:43,22,25,2803,4161
2023-09-06 10:58:44,22,24,2803,4161
2023-09-06 10:58:56,22,23,2803,4161
2023-09-06 10:58:57,21,23,2803,4161
2023-09-06 10:59:11,21,24,2803,4161
2023-09-06 10:59:11,22,24,2803,4161
2023-09-06 10:59:13,21,24,2803,4161
2023-09-06 10:59:15,22,24,2803,4161
2023-09-06 10:59:18,22,26,2803,4161
2023-09-06 10:59:19,22,25,2803,4161
2023-09-06 10:59:21,22,24,2803,4161
2023-09-06 10:59:25,21,24,2803,4161
2023-09-06 10:59:42,22,24,2803,4161
2023-09-06 10:59:43,22,25,2803,4161
2023-09-06 10:59:44,22,24,2803,4161
2023-09-06 10:59:45,22,25,2803,4161
2023-09-06 10:59:46,22,24,2803,4161
2023-09-06 10:59:52,22,25,2803,4161
2023-09-06 10:59:55,22,24,2803,4161
2023-09-06 10:59:58,22,25,2803,4161
2023-09-06 11:00:00,23,25,2803,4161
2023-09-06 11:00:01,23,26,2803,4161
2023-09-06 11:00:14,24,26,2803,4161
2023-09-06 11:00:18,24,27,2803,4161
2023-09-06 11:00:26,24,26,2803,4161
2023-09-06 11:00:30,24,27,2803,4161
2023-09-06 11:00:46,24,28,2803,4161
2023-09-06 11:00:46,25,28,2803,4161
2023-09-06 11:00:47,24,28,2803,4161
2023-09-06 11:00:47,24,27,2803,4161
2023-09-06 11:00:48,24,26,2803,4161
2023-09-06 11:00:57,24,27,2803,4161
2023-09-06 11:01:03,25,27,2803,4161
2023-09-06 11:01:04,24,27,2803,4161
2023-09-06 11:01:05,24,28,2803,4161
2023-09-06 11:01:05,25,28,2803,4161
2023-09-06 11:01:07,24,28,2803,4161
2023-09-06 11:01:08,24,27,2803,4161
2023-09-06 11:01:59,24,26,2803,4161
2023-09-06 11:01:59,23,26,2803,4161
2023-09-06 11:02:03,23,27,2803,4161
2023-09-06 11:02:08,23,26,2803,4161
2023-09-06 11:02:09,23,27,2803,4161
2023-09-06 11:02:12,24,27,2803,4161
2023-09-06 11:02:43,23,27,2803,4161
2023-09-06 11:02:47,23,26,2803,4161
2023-09-06 11:02:49,23,27,2803,4161
2023-09-06 11:03:01,24,27,2803,4161
2023-09-06 11:03:11,24,28,2803,4161
2023-09-06 11:03:11,24,27,2803,4161
2023-09-06 11:03:12,24,26,2803,4161
2023-09-06 11:03:13,24,28,2803,4161
2023-09-06 11:03:13,24,27,2803,4161
2023-09-06 11:03:13,25,27,2803,4161
2023-09-06 11:03:13,25,28,2803,4161
2023-09-06 11:03:14,25,27,2803,4161
2023-09-06 11:03:16,25,26,2803,4161
2023-09-06 11:03:18,24,26,2803,4161
2023-09-06 11:03:30,23,26,2803,4161
2023-09-06 11:04:01,24,26,2803,4161
2023-09-06 11:04:07,23,26,2803,4161
2023-09-06 11:04:25,24,26,2803,4161
2023-09-06 11:04:33,23,26,2803,4161
2023-09-06 11:04:40,22,26,2803,4161
2023-09-06 11:04:55,23,26,2803,4161
2023-09-06 11:05:10,22,26,2803,4161
2023-09-06 11:05:25,22,25,2803,4161
2023-09-06 11:05:38,22,24,2803,4161
2023-09-06 11:05:38,21,24,2803,4161
2023-09-06 11:05:45,22,24,2803,4161
2023-09-06 11:05:45,22,25,2803,4161
2023-09-06 11:05:45,22,26,2803,4161
2023-09-06 11:05:48,23,26,2803,4161
2023-09-06 11:05:53,22,26,2803,4161
2023-09-06 11:06:03,23,26,2803,4161
2023-09-06 11:06:17,24,26,2803,4161
2023-09-06 11:06:24,25,26,2803,4161
2023-09-06 11:06:25,25,27,2803,4161
2023-09-06 11:06:27,25,28,2803,4161
2023-09-06 11:06:28,25,27,2803,4161
2023-09-06 11:06:29,25,26,2803,4161
2023-09-06 11:06:30,25,27,2803,4161
2023-09-06 11:06:39,25,26,2803,4161
2023-09-06 11:06:43,25,27,2803,4161
2023-09-06 11:06:44,25,26,2803,4161
2023-09-06 11:06:45,24,26,2803,4161
2023-09-06 11:06:52,24,27,2803,4161
2023-09-06 11:06:53,25,27,2803,4161
2023-09-06 11:06:58,25,28,2803,4161
2023-09-06 11:06:58,24,28,2803,4161
2023-09-06 11:06:59,24,27,2803,4161
2023-09-06 11:07:00,24,26,2803,4161
2023-09-06 11:07:02,24,27,2803,4161
2023-09-06 11:07:05,24,26,2803,4161
2023-09-06 11:07:06,24,27,2803,4161
2023-09-06 11:07:07,24,26,2803,4161
2023-09-06 11:07:35,24,27,2803,4161
2023-09-06 11:07:42,24,26,2803,4161
2023-09-06 11:07:44,25,26,2803,4161
2023-09-06 11:07:51,24,26,2803,4161
2023-09-06 11:07:52,24,27,2803,4161
2023-09-06 11:07:53,24,26,2803,4161
2023-09-06 11:08:11,24,27,2803,4161
2023-09-06 11:08:13,24,26,2803,4161
2023-09-06 11:08:28,23,26,2803,4161
2023-09-06 11:08:31,24,26,2803,4161
2023-09-06 11:08:33,23,26,2803,4161
2023-09-06 11:08:34,24,26,2803,4161
2023-09-06 11:08:38,24,27,2803,4161
2023-09-06 11:08:39,24,26,2803,4161
2023-09-06 11:08:51,24,27,2803,4161
2023-09-06 11:08:53,24,26,2803,4161
2023-09-06 11:08:54,24,27,2803,4161
2023-09-06 11:09:12,24,26,2803,4161
2023-09-06 11:09:16,24,27,2803,4161
2023-09-06 11:09:20,24,26,2803,4161
2023-09-06 11:09:21,24,27,2803,4161
2023-09-06 11:09:22,24,26,2803,4161
2023-09-06 11:09:23,23,26,2803,4161
2023-09-06 11:09:26,24,26,2803,4161
2023-09-06 11:09:29,24,28,2803,4161
2023-09-06 11:09:30,24,27,2803,4161
2023-09-06 11:09:34,25,27,2803,4161
2023-09-06 11:09:35,24,27,2803,4161
2023-09-06 11:09:49,25,27,2803,4161
2023-09-06 11:09:50,26,27,2803,4161
2023-09-06 11:09:51,26,30,2803,4161
2023-09-06 11:09:52,26,29,2803,4161
2023-09-06 11:09:53,26,28,2803,4161
2023-09-06 11:09:55,26,29,2803,4161
2023-09-06 11:09:58,26,30,2803,4161
2023-09-06 11:10:00,26,29,2803,4161
2023-09-06 11:10:07,26,30,2803,4161
2023-09-06 11:10:08,26,29,2803,4161
2023-09-06 11:10:09,27,30,2803,4161
2023-09-06 11:10:22,27,29,2803,4161
2023-09-06 11:10:23,26,29,2803,4161
2023-09-06 11:10:27,27,29,2803,4161
2023-09-06 11:10:28,26,29,2803,4161
2023-09-06 11:11:03,27,29,2803,4161
2023-09-06 11:11:07,27,30,2803,4161
2023-09-06 11:11:09,27,29,2803,4161
2023-09-06 11:11:11,27,30,2803,4161
2023-09-06 11:11:12,27,29,2803,4161
2023-09-06 11:11:20,27,30,2803,4161
2023-09-06 11:11:22,27,29,2803,4161
2023-09-06 11:11:28,27,30,2803,4161
2023-09-06 11:11:28,28,30,2803,4161
2023-09-06 11:11:31,28,31,2803,4161
2023-09-06 11:11:39,28,30,2803,4161
2023-09-06 11:11:50,28,31,2803,4161
2023-09-06 11:11:53,28,30,2803,4161
2023-09-06 11:11:58,28,31,2803,4161
2023-09-06 11:12:00,29,31,2803,4161
2023-09-06 11:12:10,30,32,2803,4161
2023-09-06 11:12:12,30,33,2803,4161
2023-09-06 11:12:12,30,34,2803,4161
2023-09-06 11:12:13,30,33,2803,4161
2023-09-06 11:12:14,29,33,2803,4161
2023-09-06 11:12:14,29,32,2803,4161
2023-09-06 11:12:15,29,33,2803,4161
2023-09-06 11:12:15,29,34,2803,4161
2023-09-06 11:12:15,30,34,2803,4161
2023-09-06 11:12:17,31,34,2803,4161
2023-09-06 11:12:25,30,34,2803,4161
2023-09-06 11:12:26,30,33,2803,4161
2023-09-06 11:12:29,30,34,2803,4161
2023-09-06 11:12:29,31,34,2803,4161
2023-09-06 11:12:38,31,33,2803,4161
2023-09-06 11:12:38,30,33,2803,4161
2023-09-06 11:12:41,29,33,2803,4161
2023-09-06 11:13:22,29,32,2803,4161
2023-09-06 11:13:24,29,33,2803,4161
2023-09-06 11:13:26,29,32,2803,4161
2023-09-06 11:13:31,28,32,2803,4161
2023-09-06 11:13:33,29,32,2803,4161
2023-09-06 11:13:35,29,33,2803,4161
2023-09-06 11:13:36,29,32,2803,4161
2023-09-06 11:13:39,29,33,2803,4161
2023-09-06 11:13:45,30,33,2803,4161
2023-09-06 11:13:48,30,34,2803,4161
2023-09-06 11:13:50,31,34,2803,4161
2023-09-06 11:13:51,31,33,2803,4161
2023-09-06 11:13:53,31,34,2803,4161
2023-09-06 11:13:59,30,34,2803,4161
2023-09-06 11:14:00,30,33,2803,4161
2023-09-06 11:14:12,30,34,2803,4161
2023-09-06 11:14:14,30,33,2803,4161
2023-09-06 11:14:29,29,33,2803,4161
2023-09-06 11:14:33,30,33,2803,4161
2023-09-06 11:14:48,29,33,2803,4161
2023-09-06 11:14:49,30,33,2803,4161
2023-09-06 11:14:50,29,33,2803,4161
2023-09-06 11:14:52,30,33,2803,4161
2023-09-06 11:14:54,29,33,2803,4161
2023-09-06 11:15:08,29,32,2803,4161
2023-09-06 11:15:10,29,33,2803,4161
2023-09-06 11:15:15,30,33,2803,4161
2023-09-06 11:15:17,29,33,2803,4161
2023-09-06 11:15:33,30,33,2803,4161
2023-09-06 11:15:51,29,33,2803,4161
2023-09-06 11:15:52,30,33,2803,4161
2023-09-06 11:15:57,30,32,2803,4161
2023-09-06 11:15:57,29,32,2803,4161
2023-09-06 11:16:01,29,33,2803,4161
2023-09-06 11:16:01,30,33,2803,4161
2023-09-06 11:16:02,29,33,2803,4161
2023-09-06 11:16:03,29,32,2803,4161
2023-09-06 11:16:07,29,33,2803,4161
2023-09-06 11:16:09,28,33,2803,4161
2023-09-06 11:16:09,28,32,2803,4161
2023-09-06 11:16:14,28,31,2803,4161
2023-09-06 11:16:20,27,31,2803,4161
2023-09-06 11:16:22,27,30,2803,4161
2023-09-06 11:16:30,26,30,2803,4161
2023-09-06 11:16:32,26,29,2803,4161
2023-09-06 11:16:43,26,30,2803,4161
2023-09-06 11:16:43,26,29,2803,4161
2023-09-06 11:16:44,26,30,2803,4161
2023-09-06 11:16:44,26,28,2803,4161
2023-09-06 11:16:45,26,27,2803,4161
2023-09-06 11:16:58,26,29,2803,4161
2023-09-06 11:16:59,26,28,2803,4161
2023-09-06 11:17:00,26,27,2803,4161
2023-09-06 11:17:05,25,27,2803,4161
2023-09-06 11:17:21,24,27,2803,4161
2023-09-06 11:17:29,25,27,2803,4161
2023-09-06 11:17:57,24,27,3203,4561
2023-09-06 11:17:57,24,26,3203,4561
2023-09-06 11:18:09,24,27,3203,4561
2023-09-06 11:18:09,24,25,3203,4561
2023-09-06 11:18:09,23,25,3203,4561
2023-09-06 11:18:28,23,27,3203,4561
2023-09-06 11:18:28,23,26,3203,4561
2023-09-06 11:18:32,24,26,3203,4561
2023-09-06 11:18:43,24,27,3203,4561
2023-09-06 11:18:48,24,26,3203,4561
2023-09-06 11:18:56,23,26,3203,4561
2023-09-06 11:18:58,23,27,3203,4561
2023-09-06 11:18:58,23,25,3203,4561
2023-09-06 11:19:02,23,27,3203,4561
2023-09-06 11:19:02,23,26,3203,4561
2023-09-06 11:19:09,23,27,3203,4561
2023-09-06 11:19:09,23,25,3203,4561
2023-09-06 11:19:42,22,25,3203,4561
2023-09-06 11:19:46,22,27,3203,4561
2023-09-06 11:19:46,22,24,3203,4561
2023-09-06 11:20:21,23,24,3203,4561
2023-09-06 11:20:21,23,26,3203,4561
2023-09-06 11:20:21,23,27,3203,4561
2023-09-06 11:20:21,23,25,3203,4561
2023-09-06 11:21:36,24,25,3203,4561
2023-09-06 11:21:37,23,25,3203,4561
2023-09-06 11:21:49,24,25,3203,4561
2023-09-06 11:21:50,24,28,3203,4561
2023-09-06 11:21:50,24,26,3203,4561
2023-09-06 11:21:53,24,29,3203,4561
2023-09-06 11:21:53,24,27,3203,4561
2023-09-06 11:22:03,24,26,3203,4561
2023-09-06 11:22:12,24,29,3203,4561
2023-09-06 11:22:12,24,27,3203,4561
2023-09-06 11:22:14,24,26,3203,4561
2023-09-06 11:22:18,24,27,3203,4561
2023-09-06 11:22:18,24,25,3203,4561
2023-09-06 11:22:18,24,25,3203,4811
2023-09-06 11:22:27,23,25,3203,4811
2023-09-06 11:22:27,23,27,3203,4811
2023-09-06 11:22:27,23,26,3203,4811
2023-09-06 11:22:28,24,26,3203,4811
2023-09-06 11:23:02,24,27,3203,4811
2023-09-06 11:23:08,24,29,3203,4811
2023-09-06 11:23:08,24,26,3203,4811
2023-09-06 11:23:13,24,25,3203,4811
2023-09-06 11:23:13,23,25,3203,4811
2023-09-06 11:23:19,24,25,3203,4811
2023-09-06 11:23:19,24,26,3203,4811
2023-09-06 11:23:23,23,26,3203,4811
2023-09-06 11:23:25,23,25,3203,4811
2023-09-06 11:23:36,23,24,3203,4811
2023-09-06 11:23:43,23,25,3203,4811
2023-09-06 11:23:49,22,25,3203,4811
2023-09-06 11:23:49,22,24,3203,4811
2023-09-06 11:24:26,22,25,3203,4811
2023-09-06 11:24:26,22,23,3203,4811
2023-09-06 11:24:26,21,23,3203,4811
2023-09-06 11:24:33,22,23,3203,4811
2023-09-06 11:24:36,21,23,3203,4811
2023-09-06 11:24:42,22,23,3203,4811
2023-09-06 11:24:57,22,25,3203,4811
2023-09-06 11:24:57,22,24,3203,4811
2023-09-06 11:24:59,22,24,3204,4812
2023-09-06 11:25:03,22,25,3204,4812
2023-09-06 11:25:03,22,23,3204,4812
2023-09-06 11:25:14,22,25,3204,4812
2023-09-06 11:25:14,22,24,3204,4812
2023-09-06 11:25:16,22,25,3204,4812
2023-09-06 11:25:16,22,23,3204,4812
2023-09-06 11:25:20,21,23,3204,4812
2023-09-06 11:25:25,22,23,3204,4812
2023-09-06 11:25:28,22,25,3204,4812
2023-09-06 11:25:28,22,24,3204,4812
2023-09-06 11:25:34,23,24,3204,4812
2023-09-06 11:25:37,23,26,3204,4812
2023-09-06 11:25:37,23,25,3204,4812
2023-09-06 11:25:58,23,24,3204,4812
2023-09-06 11:25:59,22,24,3204,4812
2023-09-06 11:26:01,22,25,3204,4812
2023-09-06 11:26:01,22,23,3204,4812
2023-09-06 11:26:02,21,23,3204,4812
2023-09-06 11:26:21,21,22,3204,4812
2023-09-06 11:26:37,21,23,3204,4812
2023-09-06 11:26:48,21,22,3204,4812
2023-09-06 11:27:07,21,23,3204,4812
2023-09-06 11:27:09,21,22,3204,4812
2023-09-06 11:27:32,20,22,3404,5012
2023-09-06 11:27:42,20,23,3687,5445
2023-09-06 11:27:43,20,22,3687,5445
2023-09-06 11:27:46,19,22,3687,5445
2023-09-06 11:27:54,19,23,3926,5884
2023-09-06 11:27:55,19,22,3926,5884
2023-09-06 11:28:05,19,21,3926,5884
2023-09-06 11:28:05,18,21,4126,6084
2023-09-06 11:28:06,18,20,4126,6084
2023-09-06 11:28:15,18,21,4126,6084
2023-09-06 11:28:19,18,20,4126,6084
2023-09-06 11:28:21,18,21,4535,6493
2023-09-06 11:28:22,18,20,4535,6493
2023-09-06 11:28:23,18,19,4535,6493
2023-09-06 11:28:24,18,19,4785,6743
2023-09-06 11:28:25,18,20,4785,6743
2023-09-06 11:28:43,18,21,4785,6743
2023-09-06 11:28:45,18,20,4785,6743
2023-09-06 11:28:46,18,21,4785,6743
2023-09-06 11:28:50,18,20,4785,6743
2023-09-06 11:28:52,18,21,4785,6743
2023-09-06 11:29:01,18,22,4785,6743
2023-09-06 11:29:01,19,22,4785,6743
2023-09-06 11:30:02,19,23,4785,6743
2023-09-06 11:30:05,19,22,4785,6743
2023-09-06 11:30:21,19,23,4785,6743
2023-09-06 11:30:28,19,22,4785,6743
2023-09-06 11:31:04,19,21,4785,6743
2023-09-06 11:31:05,19,23,4785,6743
2023-09-06 11:31:05,19,22,4785,6743
2023-09-06 11:31:09,20,22,4785,6743
2023-09-06 11:31:10,20,23,4785,6743
2023-09-06 11:31:20,20,24,4785,6743
2023-09-06 11:31:20,20,23,4785,6743
2023-09-06 11:31:20,21,23,4785,6743
2023-09-06 11:31:20,21,25,4785,6743
2023-09-06 11:31:20,21,24,4785,6743
2023-09-06 11:31:29,22,24,4785,6743
2023-09-06 11:31:30,22,25,4785,6743
2023-09-06 11:31:34,22,24,4785,6743
2023-09-06 11:31:37,22,25,4785,6743
2023-09-06 11:31:40,22,24,4785,6743
2023-09-06 11:31:46,22,23,4785,6743
2023-09-06 11:31:46,21,23,4785,6743
2023-09-06 11:31:56,21,24,4785,6743
2023-09-06 11:32:03,21,23,4785,6743
2023-09-06 11:32:04,21,24,4785,6743
2023-09-06 11:32:07,21,23,4785,6743
2023-09-06 11:32:08,20,23,4785,6743
2023-09-06 11:32:11,20,24,4785,6743
2023-09-06 11:32:15,20,23,4785,6743
2023-09-06 11:32:18,20,24,4785,6743
2023-09-06 11:32:20,21,24,4785,6743
2023-09-06 11:32:21,21,23,4785,6743
2023-09-06 11:32:26,21,24,4785,6743
2023-09-06 11:32:40,21,23,4785,6743
2023-09-06 11:32:41,21,24,4785,6743
2023-09-06 11:32:46,21,25,4785,6743
2023-09-06 11:32:46,21,24,4785,6743
2023-09-06 11:32:50,22,24,4785,6743
2023-09-06 11:32:51,22,26,4785,6743
2023-09-06 11:32:51,22,25,4785,6743
2023-09-06 11:32:51,22,26,4785,6743
2023-09-06 11:32:53,23,26,4785,6743
2023-09-06 11:32:55,23,25,4785,6743
2023-09-06 11:33:02,23,26,4785,6743
2023-09-06 11:33:02,23,25,4785,6743
2023-09-06 11:33:03,23,26,4785,6743
2023-09-06 11:33:17,23,25,4785,6743
2023-09-06 11:33:19,22,25,4785,6743
2023-09-06 11:33:26,22,26,4785,6743
2023-09-06 11:33:28,22,25,4785,6743
2023-09-06 11:33:31,22,26,4785,6743
2023-09-06 11:33:33,22,25,4785,6743
2023-09-06 11:33:34,22,26,4785,6743
2023-09-06 11:33:38,23,26,4785,6743
2023-09-06 11:33:41,22,26,4785,6743
2023-09-06 11:33:45,23,26,4785,6743
2023-09-06 11:34:13,22,26,4785,6743
2023-09-06 11:34:28,22,25,4785,6743
2023-09-06 11:34:33,22,26,4785,6743
2023-09-06 11:34:35,22,25,4785,6743
2023-09-06 11:34:36,22,26,4785,6743
2023-09-06 11:34:39,22,25,4785,6743
2023-09-06 11:34:40,22,26,4785,6743
2023-09-06 11:34:41,22,25,4785,6743
2023-09-06 11:34:42,22,24,4785,6743
2023-09-06 11:34:45,21,24,4785,6743
2023-09-06 11:34:46,22,24,4785,6743
2023-09-06 11:34:51,21,24,4785,6743
2023-09-06 11:34:56,22,24,4785,6743
2023-09-06 11:34:59,22,25,4785,6743
2023-09-06 11:35:00,22,24,4785,6743
2023-09-06 11:35:03,22,25,4785,6743
2023-09-06 11:35:07,22,24,4785,6743
2023-09-06 11:35:08,21,24,4785,6743
2023-09-06 11:35:09,22,24,4785,6743
2023-09-06 11:35:11,22,25,4785,6743
2023-09-06 11:35:22,22,26,4785,6743
2023-09-06 11:35:22,23,26,4785,6743
2023-09-06 11:35:29,23,25,4785,6743
2023-09-06 11:35:33,22,25,4785,6743
2023-09-06 11:35:35,23,25,4785,6743
2023-09-06 11:35:36,23,26,4785,6743
2023-09-06 11:35:39,23,25,4785,6743
2023-09-06 11:35:42,23,26,4785,6743
2023-09-06 11:36:36,22,26,4785,6743
2023-09-06 11:36:39,22,24,4785,6743
2023-09-06 11:36:40,21,24,4785,6743
2023-09-06 11:36:42,21,23,4785,6743
2023-09-06 11:36:45,20,23,4785,6743
2023-09-06 11:37:13,20,22,4785,6743
2023-09-06 11:37:17,20,21,4785,6743
2023-09-06 11:37:17,19,21,4785,6743
2023-09-06 11:37:31,19,20,4785,6743
2023-09-06 11:37:34,18,20,4785,6743
2023-09-06 11:37:42,18,21,4785,6743
2023-09-06 11:37:45,18,20,4785,6743
2023-09-06 11:37:51,18,21,4785,6743
2023-09-06 11:37:52,18,20,4785,6743
2023-09-06 11:38:13,18,21,4785,6743
2023-09-06 11:38:21,19,21,4785,6743
2023-09-06 11:38:22,19,22,4785,6743
2023-09-06 11:38:25,19,21,4785,6743
2023-09-06 11:38:30,18,21,4785,6743
2023-09-06 11:38:54,19,21,4785,6743
2023-09-06 11:38:56,18,21,4785,6743
2023-09-06 11:38:57,19,21,4785,6743
2023-09-06 11:38:58,18,21,4785,6743
2023-09-06 11:39:04,19,21,4785,6743
2023-09-06 11:39:06,19,22,4785,6743
2023-09-06 11:39:33,19,23,4785,6743
2023-09-06 11:39:33,20,23,4785,6743
2023-09-06 11:39:50,21,23,4785,6743
2023-09-06 11:39:51,21,24,4785,6743
2023-09-06 11:39:51,22,24,4785,6743
2023-09-06 11:39:56,22,23,4785,6743
2023-09-06 11:39:58,21,23,4785,6743
2023-09-06 11:40:05,20,23,4785,6743
2023-09-06 11:40:15,21,23,4785,6743
2023-09-06 11:40:17,20,23,4785,6743
2023-09-06 11:40:18,20,22,4785,6743
2023-09-06 11:40:20,20,23,4785,6743
2023-09-06 11:40:25,20,22,4785,6743
2023-09-06 11:40:27,19,22,4785,6743
2023-09-06 11:40:36,20,22,4785,6743
2023-09-06 11:40:37,19,22,4785,6743
2023-09-06 11:40:44,19,21,4785,6743
2023-09-06 11:40:46,19,22,4785,6743
2023-09-06 11:40:48,19,23,4785,6743
2023-09-06 11:40:48,20,23,4785,6743
2023-09-06 11:40:49,19,23,4785,6743
2023-09-06 11:40:49,19,22,4785,6743
2023-09-06 11:41:06,20,22,4785,6743
2023-09-06 11:41:09,19,22,4785,6743
2023-09-06 11:41:10,20,22,4785,6743
2023-09-06 11:41:12,19,22,4785,6743
2023-09-06 11:41:19,20,22,4785,6743
2023-09-06 11:41:21,20,23,4785,6743
2023-09-06 11:41:40,20,22,4785,6743
2023-09-06 11:41:42,20,23,4785,6743
2023-09-06 11:41:46,20,22,4785,6743
2023-09-06 11:42:01,19,22,4785,6743
2023-09-06 11:42:12,19,21,4785,6743
2023-09-06 11:42:12,18,21,4785,6743
2023-09-06 11:42:13,18,22,4785,6743
2023-09-06 11:42:15,18,21,4785,6743
2023-09-06 11:42:17,18,22,4785,6743
2023-09-06 11:42:21,18,21,4785,6743
2023-09-06 11:42:21,19,21,4785,6743
2023-09-06 11:42:22,18,21,4785,6743
2023-09-06 11:42:24,18,22,4785,6743
2023-09-06 11:42:24,19,22,4785,6743
2023-09-06 11:42:35,19,23,4785,6743
2023-09-06 11:42:35,20,23,4785,6743
2023-09-06 11:42:40,20,24,4785,6743
2023-09-06 11:42:41,21,24,4785,6743
2023-09-06 11:43:11,21,23,4785,6743
2023-09-06 11:43:21,21,24,4785,6743
2023-09-06 11:43:22,21,23,4785,6743
2023-09-06 11:43:25,21,24,4785,6743
2023-09-06 11:43:41,21,23,4785,6743
2023-09-06 11:43:43,20,23,4785,6743
2023-09-06 11:44:03,20,22,4785,6743
2023-09-06 11:44:03,19,22,4785,6743
2023-09-06 11:44:05,19,23,4785,6743
2023-09-06 11:44:06,20,23,4785,6743
2023-09-06 11:44:19,20,22,4785,6743
2023-09-06 11:44:20,20,23,4785,6743
2023-09-06 11:44:21,20,22,4785,6743
2023-09-06 11:44:22,19,22,4785,6743
2023-09-06 11:44:25,19,21,4785,6743
2023-09-06 11:44:27,18,21,4785,6743
2023-09-06 11:44:54,18,20,4785,6743
2023-09-06 11:44:58,18,21,4785,6743
2023-09-06 11:44:59,18,20,4785,6743
2023-09-06 11:45:00,18,21,4785,6743
2023-09-06 11:45:07,18,20,4785,6743
2023-09-06 11:45:13,17,20,4785,6743
2023-09-06 11:45:25,18,20,4785,6743
2023-09-06 11:45:26,18,21,4785,6743
2023-09-06 11:45:31,18,22,4785,6743
2023-09-06 11:45:31,19,22,4785,6743
2023-09-06 11:45:31,19,21,4785,6743
2023-09-06 11:45:39,19,22,4785,6743
2023-09-06 11:45:45,19,21,4785,6743
2023-09-06 11:45:46,18,21,4785,6743
2023-09-06 11:45:52,18,22,4785,6743
2023-09-06 11:45:54,18,21,4785,6743
2023-09-06 11:46:00,18,22,4785,6743
2023-09-06 11:46:00,19,22,4785,6743
2023-09-06 11:46:09,20,22,4785,6743
2023-09-06 11:46:11,20,23,4785,6743
2023-09-06 11:46:13,20,22,4785,6743
2023-09-06 11:46:15,19,22,4785,6743
2023-09-06 11:46:40,19,23,4785,6743
2023-09-06 11:46:40,20,23,4785,6743
2023-09-06 11:46:51,20,22,4785,6743
2023-09-06 11:46:53,20,23,4785,6743
2023-09-06 11:47:02,20,22,4785,6743
2023-09-06 11:47:12,20,23,4785,6743
2023-09-06 11:47:19,21,23,4785,6743
2023-09-06 11:47:24,20,23,4785,6743
2023-09-06 11:47:36,20,22,4785,6743
2023-09-06 11:47:37,20,23,4785,6743
2023-09-06 11:47:38,20,22,4785,6743
2023-09-06 11:47:43,20,23,4785,6743
2023-09-06 11:47:45,21,23,4785,6743
2023-09-06 11:47:46,20,23,4785,6743
2023-09-06 11:47:47,21,23,4785,6743
2023-09-06 11:47:49,20,23,4785,6743
2023-09-06 11:47:50,21,23,4785,6743
2023-09-06 11:47:51,20,23,4785,6743
2023-09-06 11:47:52,21,23,4785,6743
2023-09-06 11:47:53,21,24,4785,6743
2023-09-06 11:48:13,21,23,4785,6743
2023-09-06 11:48:16,20,23,4785,6743
2023-09-06 11:48:24,21,23,4785,6743
2023-09-06 11:48:30,21,24,4785,6743
2023-09-06 11:48:31,21,23,4785,6743
2023-09-06 11:48:33,21,24,4785,6743
2023-09-06 11:48:38,22,24,4785,6743
2023-09-06 11:49:46,22,26,4785,6743
2023-09-06 11:49:47,22,25,4785,6743
2023-09-06 11:49:56,22,24,4785,6743
2023-09-06 11:49:58,22,25,4785,6743
2023-09-06 11:50:03,22,26,4785,6743
2023-09-06 11:50:04,23,26,4785,6743
2023-09-06 11:50:44,23,25,4785,6743
2023-09-06 11:50:52,22,25,4785,6743
2023-09-06 11:51:23,22,26,4785,6743
2023-09-06 11:51:25,22,25,4785,6743
2023-09-06 11:51:37,22,24,4785,6743
2023-09-06 11:51:37,21,24,4785,6743
2023-09-06 11:51:40,21,25,4785,6743
2023-09-06 11:51:42,21,24,4785,6743
2023-09-06 11:51:45,21,25,4785,6743
2023-09-06 11:51:46,21,24,4785,6743
2023-09-06 11:51:48,21,25,4785,6743
2023-09-06 11:51:50,22,25,4785,6743
2023-09-06 11:51:56,22,24,4785,6743
2023-09-06 11:51:56,21,24,4785,6743
2023-09-06 11:52:04,20,24,4785,6743
2023-09-06 11:52:06,20,23,4785,6743
2023-09-06 11:52:11,21,23,4785,6743
2023-09-06 11:52:13,21,24,4785,6743
2023-09-06 11:52:17,21,23,4785,6743
2023-09-06 11:52:18,21,24,4785,6743
2023-09-06 11:52:19,21,23,4785,6743
2023-09-06 11:52:20,20,23,4785,6743
2023-09-06 11:52:23,19,23,4785,6743
2023-09-06 11:52:27,19,22,4785,6743
2023-09-06 11:52:52,20,22,4785,6743
2023-09-06 11:52:53,19,22,4785,6743
2023-09-06 11:52:54,19,23,4785,6743
2023-09-06 11:52:54,20,23,4785,6743
2023-09-06 11:53:06,20,22,4785,6743
2023-09-06 11:53:08,20,23,4785,6743
2023-09-06 11:53:38,20,24,4785,6743
2023-09-06 11:53:39,21,24,4785,6743
2023-09-06 11:54:12,21,25,4785,6743
2023-09-06 11:54:12,22,25,4785,6743
2023-09-06 11:54:36,23,25,4785,6743
2023-09-06 11:54:41,22,25,4785,6743
2023-09-06 11:55:41,23,25,4785,6743
2023-09-06 11:55:56,22,25,4785,6743
2023-09-06 11:56:18,22,26,4785,6743
2023-09-06 11:56:18,23,26,4785,6743
2023-09-06 11:56:21,24,26,4785,6743
2023-09-06 11:56:22,25,26,4785,6743
2023-09-06 11:56:33,24,26,4785,6743
2023-09-06 11:56:38,23,26,4785,6743
2023-09-06 11:56:38,22,26,4785,6743
2023-09-06 11:56:39,23,26,4785,6743
2023-09-06 11:56:40,22,26,4785,6743
2023-09-06 11:56:40,22,25,4785,6743
2023-09-06 11:56:52,22,24,4785,6743
2023-09-06 11:56:52,21,24,4785,6743
2023-09-06 11:56:53,20,24,4785,6743
2023-09-06 11:56:54,20,23,4785,6743
2023-09-06 11:56:54,19,23,4785,6743
2023-09-06 11:56:55,19,22,4785,6743
2023-09-06 11:57:03,18,22,4785,6743
2023-09-06 11:57:07,19,22,4785,6743
2023-09-06 11:57:36,18,22,4785,6743
2023-09-06 11:57:37,19,22,4785,6743
2023-09-06 11:57:38,18,22,4785,6743
2023-09-06 11:57:39,19,22,4785,6743
2023-09-06 11:57:40,18,22,4785,6743
2023-09-06 11:57:41,19,22,4785,6743
2023-09-06 11:57:45,19,23,4785,6743
2023-09-06 11:57:46,20,23,4785,6743
2023-09-06 11:57:48,20,24,4785,6743
2023-09-06 11:58:08,20,23,4785,6743
2023-09-06 11:58:10,19,23,4785,6743
2023-09-06 11:58:16,20,23,4785,6743
2023-09-06 11:58:44,20,24,4785,6743
2023-09-06 11:58:47,21,24,4785,6743
2023-09-06 11:58:57,21,25,4785,6743
2023-09-06 11:59:07,22,25,4785,6743
2023-09-06 11:59:08,23,25,4785,6743
2023-09-06 11:59:43,23,26,4785,6743
2023-09-06 11:59:45,24,26,4785,6743
2023-09-06 12:01:36,23,26,4785,6743
2023-09-06 12:01:38,24,26,4785,6743
2023-09-06 12:01:39,23,26,4785,6743
2023-09-06 12:01:41,24,26,4785,6743
2023-09-06 12:01:48,23,26,4785,6743
2023-09-06 12:01:49,23,25,4785,6743
2023-09-06 12:01:53,23,26,4785,6743
2023-09-06 12:01:56,24,26,4785,6743
2023-09-06 12:02:06,25,26,4785,6743
2023-09-06 12:02:38,24,26,4785,6743
2023-09-06 12:02:44,24,28,4786,6753
2023-09-06 12:02:59,24,27,4786,6753
2023-09-06 12:02:59,24,28,4786,6753
2023-09-06 12:03:10,24,28,4786,6753
2023-09-06 12:03:10,24,27,4786,6753
2023-09-06 12:03:21,25,27,4786,6753
2023-09-06 12:03:30,25,28,4786,6753
2023-09-06 12:03:48,25,28,4786,6753
2023-09-06 12:04:01,25,27,4786,6753
2023-09-06 12:04:06,25,28,4786,6753
2023-09-06 12:04:06,25,27,4786,6753
2023-09-06 12:04:14,25,26,4786,6753
2023-09-06 12:04:23,25,28,4786,6753
2023-09-06 12:04:23,25,27,4786,6753
2023-09-06 12:04:26,25,26,4786,6753
2023-09-06 12:04:43,25,26,4786,6953
2023-09-06 12:04:50,25,26,5186,7353
2023-09-06 12:04:54,25,26,5186,7603
2023-09-06 12:04:56,22,26,5186,7753
2023-09-06 12:04:57,23,26,5186,7753
2023-09-06 12:05:00,24,26,5186,7753
2023-09-06 12:05:10,23,26,5186,7753
2023-09-06 12:05:17,24,26,5186,7753
2023-09-06 12:05:19,23,26,5186,7753
2023-09-06 12:05:28,24,26,5186,7753
2023-09-06 12:05:29,23,26,5186,7753
2023-09-06 12:05:36,22,26,5186,7753
2023-09-06 12:05:41,22,25,5186,7753
2023-09-06 12:05:49,21,25,5186,7753
2023-09-06 12:05:54,22,25,5186,7753
2023-09-06 12:06:08,22,26,5186,7753
2023-09-06 12:06:08,22,25,5186,7753
2023-09-06 12:06:12,22,26,5186,7753
2023-09-06 12:06:16,23,26,5186,7753
2023-09-06 12:06:19,22,26,5186,7753
2023-09-06 12:06:26,23,26,5186,7753
2023-09-06 12:06:32,23,28,5186,7753
2023-09-06 12:06:32,23,27,5186,7753
2023-09-06 12:06:46,23,28,5186,7753
2023-09-06 12:06:57,22,27,5186,7753
2023-09-06 12:07:12,23,27,5186,7753
2023-09-06 12:07:21,23,28,5186,7753
2023-09-06 12:07:25,23,27,5186,7753
2023-09-06 12:07:31,23,27,5196,7763
2023-09-06 12:08:06,23,28,5196,7763
2023-09-06 12:08:06,23,27,5196,7763
2023-09-06 12:08:10,23,28,5196,7763
2023-09-06 12:08:10,23,27,5196,7763
2023-09-06 12:08:13,23,28,5196,7763
2023-09-06 12:08:16,24,28,5196,7763
2023-09-06 12:08:17,24,29,5196,7763
2023-09-06 12:08:17,24,28,5196,7763
2023-09-06 12:08:33,25,28,5196,7763
2023-09-06 12:08:34,25,30,5196,7763
2023-09-06 12:08:34,25,29,5196,7763
2023-09-06 12:08:35,26,29,5196,7763
2023-09-06 12:08:48,26,29,5196,7793
2023-09-06 12:08:50,26,30,5196,7793
2023-09-06 12:08:50,26,29,5196,7793
2023-09-06 12:08:52,27,29,5196,7793
2023-09-06 12:09:01,27,30,5196,7793
2023-09-06 12:09:09,27,30,5226,7823
2023-09-06 12:09:10,27,31,5226,7823
2023-09-06 12:09:11,27,30,5226,7823
2023-09-06 12:09:18,27,31,5226,7823
2023-09-06 12:09:22,27,31,5226,7823
2023-09-06 12:09:22,27,30,5226,7823
2023-09-06 12:09:45,27,31,5226,7823
2023-09-06 12:09:51,27,30,5226,7823
2023-09-06 12:09:53,27,31,5226,7823
2023-09-06 12:09:59,27,33,5226,7823
2023-09-06 12:09:59,27,32,5226,7823
2023-09-06 12:09:59,28,32,5226,7823
2023-09-06 12:09:59,27,32,5226,7823
2023-09-06 12:10:00,28,32,5226,7823
2023-09-06 12:10:13,27,32,5226,7823
2023-09-06 12:10:13,28,32,5226,7823
2023-09-06 12:10:37,27,32,5226,7823
2023-09-06 12:10:41,28,32,5226,7823
2023-09-06 12:10:50,28,33,5226,7823
2023-09-06 12:10:50,28,32,5226,7823
2023-09-06 12:11:03,27,32,5226,7823
2023-09-06 12:11:04,28,32,5226,7823
2023-09-06 12:11:14,28,33,5226,7823
2023-09-06 12:11:14,28,32,5226,7823
2023-09-06 12:11:40,27,32,5226,7823
2023-09-06 12:11:40,28,32,5226,7823
2023-09-06 12:12:03,28,31,5226,7823
2023-09-06 12:12:03,27,31,5226,7823
2023-09-06 12:12:12,27,30,5226,7823
2023-09-06 12:12:14,27,31,5226,7823
2023-09-06 12:12:16,27,30,5226,7823
2023-09-06 12:12:19,27,31,5226,7823
2023-09-06 12:12:20,27,32,5226,7823
2023-09-06 12:12:28,27,31,5226,7823
2023-09-06 12:12:29,27,32,5226,7823
2023-09-06 12:12:30,27,31,5226,7823
2023-09-06 12:12:45,26,31,5226,7823
2023-09-06 12:12:45,27,31,5226,7823
2023-09-06 12:12:46,28,31,5226,7823
2023-09-06 12:13:07,29,31,5226,7823
2023-09-06 12:13:08,28,31,5226,7823
2023-09-06 12:13:17,28,30,5226,7823
2023-09-06 12:13:18,27,30,5226,7823
2023-09-06 12:13:18,27,29,5226,7823
2023-09-06 12:13:20,26,29,5226,7823
2023-09-06 12:13:25,25,29,5226,7823
2023-09-06 12:13:42,23,29,5226,7823
2023-09-06 12:13:42,24,29,5226,7823
2023-09-06 12:13:45,25,29,5226,7823
2023-09-06 12:14:07,26,29,5226,7823
2023-09-06 12:14:10,26,30,5226,7823
2023-09-06 12:14:11,26,29,5226,7823
2023-09-06 12:14:17,25,29,5226,7823
2023-09-06 12:14:17,26,29,5226,7823
2023-09-06 12:14:24,25,29,5226,7823
2023-09-06 12:15:12,24,29,5226,7823
2023-09-06 12:15:14,25,29,5226,7823
2023-09-06 12:15:15,24,29,5226,7823
2023-09-06 12:15:19,24,28,5226,7823
2023-09-06 12:15:21,24,29,5226,7823
2023-09-06 12:15:21,24,28,5226,7823
2023-09-06 12:15:22,24,29,5226,7823
2023-09-06 12:15:26,24,28,5226,7823
2023-09-06 12:15:26,24,28,5226,7892
2023-09-06 12:15:27,24,29,5226,7892
2023-09-06 12:15:29,25,29,5226,7892
2023-09-06 12:15:32,25,28,5226,7892
2023-09-06 12:15:34,25,28,5226,7957
2023-09-06 12:15:36,24,28,5226,7957
2023-09-06 12:15:36,24,29,5226,7957
2023-09-06 12:15:36,24,28,5226,7957
2023-09-06 12:15:37,25,28,5226,7957
2023-09-06 12:15:47,26,28,5226,7957
2023-09-06 12:15:52,25,28,5226,7957
2023-09-06 12:16:07,25,29,5226,7957
2023-09-06 12:16:17,25,30,5226,7957
2023-09-06 12:16:17,26,30,5226,7957
2023-09-06 12:16:17,26,29,5226,7957
2023-09-06 12:16:20,25,29,5226,7957
2023-09-06 12:16:39,26,29,5226,7957
2023-09-06 12:16:57,26,29,5226,7978
2023-09-06 12:17:10,26,30,5257,8009
2023-09-06 12:17:59,26,31,5257,8009
2023-09-06 12:18:03,27,31,5257,8009
2023-09-06 12:18:04,27,32,5257,8009
2023-09-06 12:18:05,28,32,5257,8009
2023-09-06 12:18:12,27,32,5257,8009
2023-09-06 12:18:12,28,32,5257,8009
2023-09-06 12:18:12,28,32,5288,8040
2023-09-06 12:18:16,28,33,5288,8040
2023-09-06 12:18:21,29,32,5288,8040
2023-09-06 12:18:21,29,33,5288,8040
2023-09-06 12:18:25,29,32,5288,8070
2023-09-06 12:18:46,29,33,5288,8070
2023-09-06 12:18:46,29,32,5288,8077
2023-09-06 12:18:55,29,32,5288,8082
2023-09-06 12:19:06,29,33,5288,8082
2023-09-06 12:19:06,29,32,5288,8082
2023-09-06 12:19:11,29,33,5288,8082
2023-09-06 12:19:11,29,32,5288,8082
2023-09-06 12:19:44,30,32,5288,8082
2023-09-06 12:19:46,30,33,5288,8082
2023-09-06 12:19:49,30,34,5288,8082
2023-09-06 12:19:49,30,33,5288,8082
2023-09-06 12:20:15,30,33,5288,8099
2023-09-06 12:20:20,29,33,5288,8099
2023-09-06 12:20:20,29,32,5288,8099
2023-09-06 12:20:25,30,32,5288,8099
2023-09-06 12:20:26,30,33,5288,8099
2023-09-06 12:20:26,30,32,5288,8099
2023-09-06 12:20:30,30,32,5288,8199
2023-09-06 12:20:30,30,33,5288,8199
2023-09-06 12:20:31,30,33,5288,8233
2023-09-06 12:20:44,29,33,5288,8233
2023-09-06 12:20:44,29,32,5288,8233
2023-09-06 12:20:45,29,33,5288,8233
2023-09-06 12:20:45,30,33,5288,8233
2023-09-06 12:20:50,30,34,5288,8233
2023-09-06 12:20:51,30,33,5288,8233
2023-09-06 12:21:00,30,33,5288,8255
2023-09-06 12:21:12,30,33,5288,8282
2023-09-06 12:21:13,30,34,5288,8282
2023-09-06 12:21:15,30,33,5288,8282
2023-09-06 12:21:16,30,34,5288,8282
2023-09-06 12:21:20,30,33,5288,8282
2023-09-06 12:21:21,30,34,5288,8282
2023-09-06 12:21:30,30,33,5288,8282
2023-09-06 12:22:07,30,34,5288,8282
2023-09-06 12:22:39,31,34,5288,8282
2023-09-06 12:22:51,30,34,5288,8282
2023-09-06 12:23:14,30,33,5288,8282
2023-09-06 12:23:18,29,33,5288,8282
2023-09-06 12:23:24,30,33,5288,8282
2023-09-06 12:23:26,29,33,5288,8282
2023-09-06 12:23:30,28,33,5288,8282
2023-09-06 12:23:30,26,33,5288,8282
2023-09-06 12:23:30,27,33,5288,8282
2023-09-06 12:23:31,28,33,5288,8282
2023-09-06 12:23:40,29,33,5288,8282
2023-09-06 12:23:41,28,33,5288,8282
2023-09-06 12:23:42,29,33,5288,8282
2023-09-06 12:23:44,28,33,5288,8282
2023-09-06 12:23:45,28,31,5288,8282
2023-09-06 12:23:50,27,31,5288,8282
2023-09-06 12:23:56,28,31,5288,8282
2023-09-06 12:23:58,27,31,5288,8282
2023-09-06 12:24:07,28,31,5288,8282
2023-09-06 12:24:14,27,31,5288,8282
2023-09-06 12:24:26,26,31,5288,8282
2023-09-06 12:24:26,26,30,5288,8282
2023-09-06 12:24:30,26,31,5288,8282
2023-09-06 12:24:30,27,31,5288,8282
2023-09-06 12:24:47,26,31,5288,8282
2023-09-06 12:24:47,26,30,5288,8282
2023-09-06 12:24:49,26,31,5288,8282
2023-09-06 12:24:49,26,30,5288,8282
2023-09-06 12:24:51,27,30,5288,8282
2023-09-06 12:24:51,27,31,5288,8282
2023-09-06 12:25:09,27,30,5288,8282
2023-09-06 12:25:10,26,30,5288,8282
2023-09-06 12:25:11,26,31,5288,8282
2023-09-06 12:25:11,27,31,5288,8282
2023-09-06 12:25:12,26,31,5288,8282
2023-09-06 12:25:13,27,31,5288,8282
2023-09-06 12:25:29,27,30,5288,8282
2023-09-06 12:25:33,27,31,5288,8282
2023-09-06 12:25:41,28,31,5288,8282
2023-09-06 12:26:24,27,31,5288,8282
2023-09-06 12:26:24,27,30,5288,8282
2023-09-06 12:26:29,28,30,5288,8282
2023-09-06 12:26:36,28,31,5288,8282
2023-09-06 12:26:37,28,30,5288,8282
2023-09-06 12:26:43,27,30,5288,8282
2023-09-06 12:26:45,28,30,5288,8282
2023-09-06 12:26:47,28,31,5288,8282
2023-09-06 12:27:26,28,33,5288,8282
2023-09-06 12:27:26,28,32,5288,8282
2023-09-06 12:27:55,28,31,5288,8282
2023-09-06 12:28:01,28,32,5288,8282
2023-09-06 12:28:06,29,32,5288,8282
2023-09-06 12:28:14,29,33,5288,8282
2023-09-06 12:28:14,29,32,5288,8282
2023-09-06 12:28:34,29,33,5288,8282
2023-09-06 12:28:50,30,33,5288,8282
2023-09-06 12:28:51,30,34,5288,8282
2023-09-06 12:28:53,31,34,5288,8282
2023-09-06 12:28:59,32,34,5288,8282
2023-09-06 12:29:13,32,35,5288,8292
2023-09-06 12:29:13,33,35,5288,8292
2023-09-06 12:29:13,33,36,5288,8292
2023-09-06 12:29:13,33,35,5288,8292
2023-09-06 12:29:13,33,37,5288,8292
2023-09-06 12:29:14,34,36,5288,8292
2023-09-06 12:29:15,35,36,5288,8292
2023-09-06 12:29:15,35,36,5288,8692
2023-09-06 12:29:15,35,37,5288,8692
2023-09-06 12:29:16,36,37,5288,8692
2023-09-06 12:29:16,36,40,5288,8692
2023-09-06 12:29:16,36,39,5288,8692
2023-09-06 12:29:17,37,39,5288,8692
2023-09-06 12:29:17,38,39,5288,8692
2023-09-06 12:29:17,38,41,5288,8692
2023-09-06 12:29:17,38,40,5288,8692
2023-09-06 12:29:18,39,40,5288,8692
2023-09-06 12:29:18,39,41,5288,8692
2023-09-06 12:29:18,39,42,5288,8692
2023-09-06 12:29:19,38,42,5288,8692
2023-09-06 12:29:20,39,42,5288,8692
2023-09-06 12:29:21,39,42,5038,8942
2023-09-06 12:29:23,39,42,5134,9062
2023-09-06 12:29:23,39,41,5134,9062
2023-09-06 12:29:34,38,41,5134,9062
2023-09-06 12:29:35,39,41,5134,9062
2023-09-06 12:29:38,38,41,5134,9062
2023-09-06 12:29:38,38,42,5134,9062
2023-09-06 12:29:38,38,40,5134,9062
2023-09-06 12:29:45,39,40,5134,9062
2023-09-06 12:29:48,38,40,5134,9062
2023-09-06 12:29:48,37,40,5134,9062
2023-09-06 12:29:49,38,40,5134,9062
2023-09-06 12:30:01,39,40,5134,9062
2023-09-06 12:30:03,38,40,5134,9062
2023-09-06 12:30:05,39,40,5134,9062
2023-09-06 12:30:07,39,42,5134,9062
2023-09-06 12:30:07,39,41,5134,9062
2023-09-06 12:30:25,39,42,5134,9062
2023-09-06 12:30:28,40,42,5134,9062
2023-09-06 12:30:29,41,42,5134,9062
2023-09-06 12:30:41,40,42,5134,9062
2023-09-06 12:30:42,41,42,5134,9062
2023-09-06 12:30:43,40,42,5134,9062
2023-09-06 12:30:44,41,42,5134,9062
2023-09-06 12:30:48,41,44,5134,9062
2023-09-06 12:30:48,41,43,5134,9062
2023-09-06 12:30:58,41,44,5134,9062
2023-09-06 12:30:58,41,42,5134,9062
2023-09-06 12:31:03,40,42,5134,9062
2023-09-06 12:31:12,40,43,5134,9062
2023-09-06 12:31:12,40,41,5134,9062
2023-09-06 12:31:18,40,43,5134,9062
2023-09-06 12:31:18,40,42,5134,9062
2023-09-06 12:31:20,41,42,5134,9062
2023-09-06 12:31:21,40,42,5134,9062
2023-09-06 12:31:33,41,42,5134,9062
2023-09-06 12:31:33,41,44,5134,9062
2023-09-06 12:31:33,41,43,5134,9062
2023-09-06 12:31:46,40,43,5134,9062
2023-09-06 12:31:47,40,44,5134,9062
2023-09-06 12:31:47,40,42,5134,9062
2023-09-06 12:31:51,40,44,5134,9158
2023-09-06 12:31:55,40,43,5134,9158
2023-09-06 12:31:55,39,43,5134,9158
2023-09-06 12:31:56,40,43,5134,9158
2023-09-06 12:31:59,39,43,5134,9158
2023-09-06 12:32:00,39,43,5209,9358
2023-09-06 12:32:01,40,43,5209,9358
2023-09-06 12:32:05,40,44,5209,9358
2023-09-06 12:32:13,40,44,5229,9378
2023-09-06 12:32:14,41,44,5229,9378
2023-09-06 12:32:15,40,44,5229,9378
2023-09-06 12:32:15,40,45,5229,9378
2023-09-06 12:32:15,42,45,5229,9378
2023-09-06 12:32:23,43,45,5229,9378
2023-09-06 12:32:42,44,45,5229,9378
2023-09-06 12:33:44,42,45,5229,9378
2023-09-06 12:33:44,43,45,5229,9378
2023-09-06 12:33:47,41,45,5229,9378
2023-09-06 12:33:47,42,45,5229,9378
2023-09-06 12:33:49,43,45,5229,9378
2023-09-06 12:33:51,43,44,5229,9378
2023-09-06 12:33:51,41,44,5229,9378
2023-09-06 12:33:51,40,44,5229,9378
2023-09-06 12:33:51,42,44,5229,9378
2023-09-06 12:33:54,42,43,5229,9378
2023-09-06 12:33:54,40,43,5229,9378
2023-09-06 12:33:54,39,43,5229,9378
2023-09-06 12:33:54,41,43,5229,9378
2023-09-06 12:34:10,41,43,5229,9382
2023-09-06 12:34:21,39,43,5229,9382
2023-09-06 12:34:21,42,43,5229,9382
2023-09-06 12:34:26,42,44,5229,9382
2023-09-06 12:34:26,42,43,5229,9382
2023-09-06 12:34:32,42,44,5229,9382
2023-09-06 12:34:35,42,43,5229,9382
2023-09-06 12:34:35,40,43,5229,9382
2023-09-06 12:34:35,39,43,5229,9382
2023-09-06 12:34:35,41,43,5229,9382
2023-09-06 12:34:49,41,42,5229,9382
2023-09-06 12:34:49,38,42,5229,9382
2023-09-06 12:34:49,40,42,5229,9382
2023-09-06 12:34:55,40,41,5229,9382
2023-09-06 12:34:58,38,41,5229,9382
2023-09-06 12:34:58,37,41,5229,9382
2023-09-06 12:34:58,39,41,5229,9382
2023-09-06 12:35:00,39,41,5229,9393
2023-09-06 12:35:09,37,41,5229,9393
2023-09-06 12:35:09,40,41,5229,9393
2023-09-06 12:35:10,37,41,5224,9398
2023-09-06 12:35:10,38,41,5224,9398
2023-09-06 12:35:34,37,41,5224,9398
2023-09-06 12:35:38,38,41,5224,9398
2023-09-06 12:35:56,39,41,5224,9398
2023-09-06 12:36:25,38,41,5224,9398
2023-09-06 12:36:26,38,42,5224,9398
2023-09-06 12:36:27,39,42,5224,9398
2023-09-06 12:36:32,38,42,5224,9398
2023-09-06 12:36:37,39,42,5224,9398
2023-09-06 12:36:38,39,43,5224,9398
2023-09-06 12:37:16,40,43,5224,9398
2023-09-06 12:37:16,40,44,5224,9398
2023-09-06 12:37:32,40,43,5224,9398
2023-09-06 12:37:42,39,43,5224,9398
2023-09-06 12:37:55,39,42,5224,9398
2023-09-06 12:37:56,40,42,5224,9398
2023-09-06 12:38:15,41,42,5224,9398
2023-09-06 12:38:30,41,42,5224,9648
2023-09-06 12:38:37,41,45,5224,9898
2023-09-06 12:38:38,42,45,5224,9898
2023-09-06 12:38:40,41,45,5224,9898
2023-09-06 12:38:41,42,45,5224,9898
2023-09-06 12:38:50,41,45,5224,9898
2023-09-06 12:38:53,41,44,5224,9898
2023-09-06 12:38:54,40,44,5224,9898
2023-09-06 12:39:02,40,45,5224,9898
2023-09-06 12:39:02,41,45,5224,9898
2023-09-06 12:39:05,41,44,5224,9898
2023-09-06 12:39:09,40,44,5224,9898
2023-09-06 12:39:51,39,44,5224,9898
2023-09-06 12:39:51,39,43,5224,9898
2023-09-06 12:39:55,40,43,5224,9898
2023-09-06 12:40:03,39,43,5224,9898
2023-09-06 12:40:06,40,43,5224,9898
2023-09-06 12:40:08,39,43,5224,9898
2023-09-06 12:40:15,40,43,5224,9898
2023-09-06 12:40:17,40,44,5224,9898
2023-09-06 12:40:33,41,44,5224,9898
2023-09-06 12:40:35,41,45,5224,9898
2023-09-06 12:40:46,42,45,5224,9898
2023-09-06 12:41:14,41,45,5224,9898
2023-09-06 12:41:21,42,45,5224,9898
2023-09-06 12:41:25,41,45,5224,9898
2023-09-06 12:41:28,42,45,5224,9898
2023-09-06 12:41:39,43,45,5224,9898
2023-09-06 12:41:55,42,45,5224,9898
2023-09-06 12:42:00,42,43,5224,9898
2023-09-06 12:42:01,42,45,5153,9969
2023-09-06 12:42:07,43,45,5153,9969
2023-09-06 12:42:42,44,45,5153,9969
2023-09-06 12:42:47,42,45,5153,9969
2023-09-06 12:42:48,43,45,5153,9969
2023-09-06 12:42:49,44,45,5153,9969
2023-09-06 12:43:19,43,44,4865,10257
2023-09-06 12:43:21,43,45,4865,10469
2023-09-06 12:43:31,43,44,4865,10469
2023-09-06 12:43:33,41,44,4865,10469
2023-09-06 12:43:34,42,44,4865,10469
2023-09-06 12:43:47,41,44,4865,10469
2023-09-06 12:43:47,43,44,4865,10469
2023-09-06 12:43:55,43,44,4790,10669
2023-09-06 12:43:55,43,45,4709,10750
2023-09-06 12:43:56,44,45,4709,10750
2023-09-06 12:44:02,43,45,4709,10750
2023-09-06 12:44:02,44,45,4709,10750
2023-09-06 12:44:04,44,45,4709,10950
2023-09-06 12:44:04,45,48,4709,11046
2023-09-06 12:44:05,46,48,4709,11046
2023-09-06 12:44:06,47,48,4709,11046
2023-09-06 12:44:07,46,48,4499,11256
2023-09-06 12:44:08,47,48,4499,11256
2023-09-06 12:44:08,47,48,4484,11271
2023-09-06 12:44:15,47,49,4484,11271
2023-09-06 12:44:30,48,49,4484,11271
2023-09-06 12:44:31,47,49,4484,11271
2023-09-06 12:44:37,48,49,4484,11271
2023-09-06 12:44:51,48,51,4484,11271
2023-09-06 12:45:08,48,51,4484,11411
2023-09-06 12:45:20,48,50,4484,11411
2023-09-06 12:45:23,48,51,4484,11411
2023-09-06 12:45:31,48,50,4484,11411
2023-09-06 12:45:32,48,51,4484,11411
2023-09-06 12:45:36,48,50,4484,11411
2023-09-06 12:45:39,48,50,4481,11414
2023-09-06 12:45:43,48,50,4479,11416
2023-09-06 12:45:47,47,50,4479,11416
2023-09-06 12:45:48,47,49,4479,11416
2023-09-06 12:45:51,47,50,4479,11416
2023-09-06 12:45:52,46,50,4479,11416
2023-09-06 12:45:53,47,50,4479,11416
2023-09-06 12:45:57,48,50,4479,11416
2023-09-06 12:46:01,48,51,4479,11416
2023-09-06 12:46:11,48,50,4479,11416
2023-09-06 12:46:12,48,51,4479,11416
2023-09-06 12:46:13,48,51,4479,11416
2023-09-06 12:46:18,48,50,4479,11416
2023-09-06 12:46:29,47,50,4479,11416
2023-09-06 12:46:30,48,50,4479,11416
2023-09-06 12:46:38,48,51,4479,11416
2023-09-06 12:46:51,49,51,4479,11416
2023-09-06 12:47:00,50,51,4479,11416
2023-09-06 12:47:01,50,52,4479,11481
2023-09-06 12:47:01,49,52,4479,11481
2023-09-06 12:47:16,50,52,4479,11481
2023-09-06 12:47:49,49,52,4479,11481
2023-09-06 12:48:12,48,52,4479,11481
2023-09-06 12:48:12,49,52,4479,11481
2023-09-06 12:48:13,50,52,4479,11481
2023-09-06 12:48:15,49,52,4479,11481
2023-09-06 12:48:16,50,52,4479,11481
2023-09-06 12:48:17,49,52,4479,11481
2023-09-06 12:48:18,50,52,4479,11481
2023-09-06 12:48:20,49,52,4479,11481
2023-09-06 12:48:23,50,52,4479,11481
2023-09-06 12:48:26,49,52,4479,11481
2023-09-06 12:48:29,50,52,4479,11481
2023-09-06 12:48:30,49,52,4479,11481
2023-09-06 12:48:39,50,52,4479,11481
2023-09-06 12:48:55,50,53,4479,11481
2023-09-06 12:48:55,51,53,4479,11481
2023-09-06 12:49:02,50,53,4479,11481
2023-09-06 12:49:18,51,53,4479,11481
2023-09-06 12:49:51,50,53,4479,11481
2023-09-06 12:49:55,49,53,4479,11481
2023-09-06 12:50:01,50,53,4479,11481
2023-09-06 12:50:11,50,52,4479,11481
2023-09-06 12:50:11,49,52,4479,11481
2023-09-06 12:50:17,49,51,4479,11481
2023-09-06 12:50:19,49,52,4479,11481
2023-09-06 12:50:20,48,52,4479,11481
2023-09-06 12:50:20,48,51,4479,11481
2023-09-06 12:50:21,49,51,4479,11481
2023-09-06 12:50:23,48,51,4479,11481
2023-09-06 12:50:30,47,51,4479,11481
2023-09-06 12:50:31,48,51,4479,11481
2023-09-06 12:50:41,47,51,4479,11481
2023-09-06 12:50:42,48,51,4479,11481
2023-09-06 12:50:58,49,51,4479,11481
2023-09-06 12:50:59,49,52,4479,11481
2023-09-06 12:51:07,48,52,4479,11481
2023-09-06 12:51:17,48,51,4479,11481
2023-09-06 12:51:22,48,52,4479,11481
2023-09-06 12:51:23,49,52,4479,11481
2023-09-06 12:51:35,49,53,4479,11481
2023-09-06 12:51:36,49,52,4479,11481
2023-09-06 12:51:37,49,53,4479,11481
2023-09-06 12:51:38,49,52,4479,11481
2023-09-06 12:51:39,49,53,4479,11481
2023-09-06 12:51:40,50,53,4479,11481
2023-09-06 12:52:36,51,53,4479,11481
2023-09-06 12:52:40,50,53,4479,11481
2023-09-06 12:52:46,51,53,4479,11481
2023-09-06 12:53:05,50,53,4479,11481
2023-09-06 12:53:20,51,53,4479,11481
2023-09-06 12:53:28,51,53,4417,11543
2023-09-06 12:53:29,51,55,4417,11543
2023-09-06 12:53:34,51,54,4417,11543
2023-09-06 12:53:37,51,55,4417,11543
2023-09-06 12:53:40,51,54,4417,11543
2023-09-06 12:53:43,50,54,4417,11543
2023-09-06 12:53:46,50,53,4417,11543
2023-09-06 12:53:51,49,53,4417,11543
2023-09-06 12:54:05,50,53,4417,11543
2023-09-06 12:54:17,50,54,4417,11543
2023-09-06 12:54:38,51,54,4417,11543
2023-09-06 12:54:53,51,55,4417,11543
2023-09-06 12:55:01,52,55,4417,11543
2023-09-06 12:55:19,53,55,4417,11543
2023-09-06 12:55:20,52,55,4417,11543
2023-09-06 12:55:33,53,55,4417,11543
2023-09-06 12:55:34,52,55,4417,11543
2023-09-06 12:55:41,53,55,4417,11543
2023-09-06 12:55:48,53,55,4395,11565
2023-09-06 12:55:53,54,55,4395,11565
2023-09-06 12:56:00,54,55,4379,11706
2023-09-06 12:56:01,53,55,4379,11706
2023-09-06 12:56:02,52,55,4379,11706
2023-09-06 12:56:11,53,55,4379,11706
2023-09-06 12:56:12,52,55,4379,11706
2023-09-06 12:56:13,53,55,4379,11706
2023-09-06 12:56:14,52,55,4379,11706
2023-09-06 12:56:19,53,55,4379,11706
2023-09-06 12:56:22,52,55,4379,11706
2023-09-06 12:56:53,52,54,4379,11706
2023-09-06 12:56:53,51,54,4379,11706
2023-09-06 12:56:54,52,54,4379,11706
2023-09-06 12:57:01,52,55,4379,11706
2023-09-06 12:57:07,53,55,4379,11706
2023-09-06 12:57:08,52,55,4379,11706
2023-09-06 12:57:17,52,54,4379,11706
2023-09-06 12:57:17,51,54,4379,11706
2023-09-06 12:57:42,52,54,4379,11706
2023-09-06 12:57:48,51,54,4379,11706
2023-09-06 12:58:03,52,54,4379,11706
2023-09-06 12:58:05,51,54,4379,11706
2023-09-06 12:58:06,52,54,4379,11706
2023-09-06 12:58:14,52,55,4379,11706
2023-09-06 12:58:33,52,54,4379,11706
2023-09-06 12:58:36,52,55,4379,11706
2023-09-06 12:58:36,52,54,4379,11706
2023-09-06 12:58:37,52,55,4379,11706
2023-09-06 12:58:38,52,54,4379,11706
2023-09-06 12:58:38,51,54,4379,11706
2023-09-06 12:58:41,52,54,4379,11706
2023-09-06 12:58:48,52,55,4379,11706
2023-09-06 12:59:02,53,55,4379,11706
2023-09-06 12:59:06,52,55,4379,11706
2023-09-06 12:59:25,52,54,4379,11706
2023-09-06 12:59:38,52,53,4379,11706
2023-09-06 12:59:39,51,53,4379,11706
2023-09-06 12:59:49,51,53,4251,11906
2023-09-06 12:59:50,52,53,4251,11906
2023-09-06 12:59:51,52,54,4251,11906
2023-09-06 12:59:58,51,54,4251,11906
2023-09-06 13:00:01,52,54,4251,11906
2023-09-06 13:00:08,51,54,4251,11906
2023-09-06 13:00:14,52,54,4251,11906
2023-09-06 13:00:15,51,54,4251,11906
2023-09-06 13:00:17,52,54,4251,11906
2023-09-06 13:00:18,52,55,4251,11906
2023-09-06 13:00:26,53,55,4251,11906
2023-09-06 13:01:35,53,55,4261,11916
2023-09-06 13:01:37,53,56,4261,11943
2023-09-06 13:01:37,54,56,4261,11943
2023-09-06 13:01:43,53,56,4261,11943
2023-09-06 13:02:07,54,56,4261,11943
2023-09-06 13:02:15,54,57,4261,11943
2023-09-06 13:02:16,55,57,4261,11943
2023-09-06 13:03:27,54,57,4261,11943
2023-09-06 13:03:28,54,56,4261,11943
2023-09-06 13:03:29,55,56,4261,11943
2023-09-06 13:03:30,54,56,4261,11943
2023-09-06 13:03:31,55,56,4261,11943
2023-09-06 13:03:33,54,56,4261,11943
2023-09-06 13:03:34,54,56,4308,12088
2023-09-06 13:03:35,54,57,4308,12088
2023-09-06 13:03:37,54,56,4308,12088
2023-09-06 13:03:43,55,56,4308,12088
2023-09-06 13:03:44,54,56,4308,12088
2023-09-06 13:03:51,54,56,4343,12123
2023-09-06 13:04:01,53,56,4343,12123
2023-09-06 13:04:02,54,56,4343,12123
2023-09-06 13:04:13,55,56,4343,12123
2023-09-06 13:04:14,54,56,4343,12123
2023-09-06 13:04:16,53,56,4343,12123
2023-09-06 13:04:17,53,55,4343,12123
2023-09-06 13:04:21,54,55,4343,12123
2023-09-06 13:04:21,54,56,4343,12123
2023-09-06 13:04:22,53,56,4343,12123
2023-09-06 13:04:26,53,55,4343,12123
2023-09-06 13:04:28,52,55,4343,12123
2023-09-06 13:04:29,53,55,4343,12123
2023-09-06 13:04:38,54,55,4343,12123
2023-09-06 13:04:39,54,56,4343,12123
2023-09-06 13:05:05,54,57,4343,12123
2023-09-06 13:05:13,55,57,4343,12123
2023-09-06 13:05:14,54,57,4343,12123
2023-09-06 13:05:18,55,57,4343,12123
2023-09-06 13:05:23,54,57,4343,12123
2023-09-06 13:05:32,54,56,4343,12123
2023-09-06 13:05:58,53,56,4343,12123
2023-09-06 13:06:10,53,55,4343,12123
2023-09-06 13:06:13,52,55,4343,12123
2023-09-06 13:06:21,52,54,4343,12123
2023-09-06 13:06:25,51,54,4343,12123
2023-09-06 13:06:32,51,53,4343,12123
2023-09-06 13:06:39,50,53,4343,12123
2023-09-06 13:06:44,51,53,4343,12123
2023-09-06 13:06:45,51,53,4330,12136
2023-09-06 13:06:49,50,53,4330,12136
2023-09-06 13:07:01,51,53,4330,12136
2023-09-06 13:07:22,51,54,4330,12136
2023-09-06 13:07:26,52,54,4330,12136
2023-09-06 13:07:49,52,55,4330,12136
2023-09-06 13:07:55,52,54,4330,12136
2023-09-06 13:08:02,52,55,4330,12136
2023-09-06 13:08:43,51,55,4330,12136
2023-09-06 13:08:43,51,54,4330,12136
2023-09-06 13:08:48,51,55,4330,12136
2023-09-06 13:08:56,51,54,4330,12136
2023-09-06 13:09:18,50,54,4330,12136
2023-09-06 13:09:27,51,54,4330,12136
2023-09-06 13:09:29,50,54,4330,12136
2023-09-06 13:09:37,50,51,4330,12136
2023-09-06 13:09:48,50,51,4315,12151
2023-09-06 13:09:59,50,51,4302,12164
2023-09-06 13:10:29,50,51,4296,12175
2023-09-06 13:10:37,48,51,4296,12175
2023-09-06 13:10:44,48,51,4296,12180
2023-09-06 13:10:55,49,51,4296,12180
2023-09-06 13:10:56,48,51,4296,12180
2023-09-06 13:10:57,49,51,4296,12180
2023-09-06 13:10:58,48,51,4296,12180
2023-09-06 13:11:00,49,51,4296,12180
2023-09-06 13:11:01,48,51,4296,12180
2023-09-06 13:11:21,48,51,4296,12185
2023-09-06 13:11:45,48,51,4296,12189
2023-09-06 13:11:55,48,50,4296,12189
2023-09-06 13:11:58,48,51,4296,12189
2023-09-06 13:11:58,48,51,4296,12215
2023-09-06 13:11:59,47,51,4296,12215
2023-09-06 13:12:05,48,51,4296,12215
2023-09-06 13:12:10,47,51,4296,12215
2023-09-06 13:12:31,47,50,4296,12215
2023-09-06 13:12:53,46,50,4296,12215
2023-09-06 13:12:54,46,49,4296,12215
2023-09-06 13:13:02,46,50,4296,12215
2023-09-06 13:13:02,46,50,4296,12220
2023-09-06 13:13:08,46,49,4296,12220
2023-09-06 13:13:13,46,48,4296,12220
2023-09-06 13:13:15,46,48,4296,12264
2023-09-06 13:13:17,46,49,4296,12264
2023-09-06 13:13:37,46,49,4296,12339
2023-09-06 13:13:37,46,50,4296,12339
2023-09-06 13:13:41,46,49,4296,12339
2023-09-06 13:13:46,45,49,4296,12339
2023-09-06 13:13:47,45,48,4296,12339
2023-09-06 13:13:53,45,48,4296,12359
2023-09-06 13:13:55,45,49,4296,12359
2023-09-06 13:13:59,45,48,4296,12359
2023-09-06 13:14:01,45,49,4296,12359
2023-09-06 13:14:09,45,48,4296,12359
2023-09-06 13:14:11,45,48,4296,12374
2023-09-06 13:14:14,45,49,4296,12374
2023-09-06 13:14:17,45,48,4296,12374
2023-09-06 13:14:21,44,48,4296,12374
2023-09-06 13:14:24,43,48,4296,12374
2023-09-06 13:14:28,44,48,4296,12374
2023-09-06 13:14:34,43,48,4296,12374
2023-09-06 13:14:37,43,47,4296,12374
2023-09-06 13:14:38,43,46,4296,12374
2023-09-06 13:14:41,43,47,4296,12374
2023-09-06 13:14:42,43,46,4296,12374
2023-09-06 13:15:01,43,45,4296,12374
2023-09-06 13:15:04,43,46,4296,12374
2023-09-06 13:15:09,43,47,4296,12374
2023-09-06 13:15:11,43,46,4296,12374
2023-09-06 13:15:13,43,47,4296,12374
2023-09-06 13:15:14,43,46,4296,12374
2023-09-06 13:15:16,43,47,4296,12374
2023-09-06 13:15:22,43,46,4296,12374
2023-09-06 13:15:22,43,45,4296,12374
2023-09-06 13:15:22,41,45,4296,12374
2023-09-06 13:15:23,41,44,4296,12374
2023-09-06 13:15:23,40,44,4296,12374
2023-09-06 13:15:24,40,43,4296,12374
2023-09-06 13:15:24,40,42,4296,12374
2023-09-06 13:15:27,40,41,4296,12374
2023-09-06 13:15:28,40,42,4296,12374
2023-09-06 13:15:32,40,41,4296,12374
2023-09-06 13:15:33,40,42,4296,12374
2023-09-06 13:15:35,40,41,4296,12374
2023-09-06 13:15:38,38,41,4296,12449
2023-09-06 13:15:38,37,41,4296,12449
2023-09-06 13:15:42,37,41,4304,12457
2023-09-06 13:15:42,37,40,4304,12457
2023-09-06 13:15:53,37,41,4304,12457
2023-09-06 13:15:53,37,39,4304,12457
2023-09-06 13:16:02,37,39,4327,12480
2023-09-06 13:16:23,37,39,4327,12482
2023-09-06 13:16:25,37,41,4327,12482
2023-09-06 13:16:25,37,40,4327,12482
2023-09-06 13:16:36,38,40,4327,12482
2023-09-06 13:16:37,38,40,4327,12494
2023-09-06 13:16:42,38,41,4327,12494
2023-09-06 13:16:45,37,41,4327,12494
2023-09-06 13:16:45,37,40,4327,12494
2023-09-06 13:16:59,38,40,4327,12494
2023-09-06 13:17:02,37,40,4327,12494
2023-09-06 13:17:24,37,41,4327,12494
2023-09-06 13:17:24,37,39,4327,12494
2023-09-06 13:18:39,37,38,4327,12494
2023-09-06 13:18:43,36,38,4327,12494
2023-09-06 13:18:47,35,38,4327,12494
2023-09-06 13:18:48,36,38,4327,12494
2023-09-06 13:18:49,35,38,4327,12494
2023-09-06 13:18:50,36,38,4327,12494
2023-09-06 13:18:52,36,39,4327,12494
2023-09-06 13:18:55,36,38,4327,12494
2023-09-06 13:18:56,35,38,4327,12494
2023-09-06 13:19:00,36,38,4327,12494
2023-09-06 13:19:03,35,38,4327,12494
2023-09-06 13:19:12,35,37,4327,12494
2023-09-06 13:19:16,34,37,4327,12494
2023-09-06 13:19:16,34,38,4327,12494
2023-09-06 13:19:16,34,36,4327,12494
2023-09-06 13:19:20,34,36,4327,12510
2023-09-06 13:19:41,34,38,4327,12510
2023-09-06 13:19:41,34,37,4327,12510
2023-09-06 13:19:41,34,35,4327,12510
2023-09-06 13:19:58,34,35,4327,12559
2023-09-06 13:19:59,33,35,4327,12559
2023-09-06 13:20:01,33,37,4327,12559
2023-09-06 13:20:01,33,36,4327,12559
2023-09-06 13:20:01,33,34,4327,12559
2023-09-06 13:20:01,31,34,4327,12559
2023-09-06 13:20:05,32,34,4327,12559
2023-09-06 13:20:10,33,34,4327,12559
2023-09-06 13:20:10,33,37,4327,12559
2023-09-06 13:20:10,33,35,4327,12559
2023-09-06 13:20:11,32,35,4327,12559
2023-09-06 13:20:13,33,35,4327,12559
2023-09-06 13:20:22,34,35,4327,12559
2023-09-06 13:20:22,34,37,4327,12559
2023-09-06 13:20:22,34,38,4327,12559
2023-09-06 13:20:22,34,36,4327,12559
2023-09-06 13:20:26,34,38,4327,12559
2023-09-06 13:20:26,34,37,4327,12559
2023-09-06 13:20:32,35,37,4327,12559
2023-09-06 13:20:35,35,39,4327,12559
2023-09-06 13:20:35,35,38,4327,12559
2023-09-06 13:20:37,35,40,4327,12559
2023-09-06 13:20:37,35,37,4327,12559
2023-09-06 13:20:39,36,37,4327,12559
2023-09-06 13:20:39,36,40,4327,12559
2023-09-06 13:20:39,36,38,4327,12559
2023-09-06 13:20:41,35,38,4327,12559
2023-09-06 13:20:50,36,38,4327,12559
2023-09-06 13:20:52,36,40,4327,12559
2023-09-06 13:20:52,36,41,4327,12559
2023-09-06 13:20:52,36,39,4327,12559
2023-09-06 13:20:55,36,38,4327,12559
2023-09-06 13:20:59,36,41,4327,12559
2023-09-06 13:20:59,36,39,4327,12559
2023-09-06 13:21:14,36,38,4327,12559
2023-09-06 13:21:18,36,39,4327,12559
2023-09-06 13:21:19,36,38,4327,12559
2023-09-06 13:21:25,36,39,4327,12559
2023-09-06 13:21:37,36,38,4327,12559
2023-09-06 13:21:45,36,41,4327,12559
2023-09-06 13:21:45,36,39,4327,12559
2023-09-06 13:21:46,36,38,4327,12559
2023-09-06 13:21:48,35,38,4327,12559
2023-09-06 13:21:51,36,38,4327,12559
2023-09-06 13:21:59,36,41,4327,12559
2023-09-06 13:21:59,36,39,4327,12559
2023-09-06 13:22:23,36,38,4327,12559
2023-09-06 13:22:32,36,40,4327,12559
2023-09-06 13:22:32,36,37,4327,12559
2023-09-06 13:22:32,35,37,4327,12559
2023-09-06 13:22:54,34,37,4327,12559
2023-09-06 13:23:00,35,37,4327,12559
2023-09-06 13:23:20,34,37,4327,12559
2023-09-06 13:23:21,35,37,4327,12559
2023-09-06 13:23:25,34,37,4327,12559
2023-09-06 13:23:27,35,37,4327,12559
2023-09-06 13:23:28,34,37,4327,12559
2023-09-06 13:23:40,35,37,4327,12559
2023-09-06 13:24:13,35,40,4327,12559
2023-09-06 13:24:13,35,38,4327,12559
2023-09-06 13:24:22,36,38,4327,12559
2023-09-06 13:24:24,36,41,4327,12559
2023-09-06 13:24:24,36,39,4327,12559
2023-09-06 13:24:31,37,39,4327,12559
2023-09-06 13:24:36,36,39,4327,12559
2023-09-06 13:24:39,36,40,4327,12559
2023-09-06 13:24:39,36,38,4327,12559
2023-09-06 13:24:39,35,38,4327,12559
2023-09-06 13:25:01,36,38,4327,12559
2023-09-06 13:25:10,36,41,4327,12559
2023-09-06 13:25:10,36,39,4327,12559
2023-09-06 13:25:24,36,42,4327,12559
2023-09-06 13:25:24,36,40,4327,12559
2023-09-06 13:25:25,37,40,4327,12559
2023-09-06 13:25:34,38,40,4327,12559
2023-09-06 13:26:03,38,43,4327,12559
2023-09-06 13:26:03,38,41,4327,12559
2023-09-06 13:26:07,39,41,4327,12559
2023-09-06 13:26:07,39,43,4327,12559
2023-09-06 13:26:07,39,44,4327,12559
2023-09-06 13:26:07,39,42,4327,12559
2023-09-06 13:26:15,39,41,4327,12559
2023-09-06 13:26:19,39,44,4327,12559
2023-09-06 13:26:19,39,42,4327,12559
2023-09-06 13:26:41,39,41,4327,12559
2023-09-06 13:26:41,38,41,4327,12559
2023-09-06 13:26:51,38,42,4327,12559
2023-09-06 13:26:51,38,40,4327,12559
2023-09-06 13:26:57,38,42,4327,12559
2023-09-06 13:26:57,38,39,4327,12559
2023-09-06 13:27:01,38,42,4327,12559
2023-09-06 13:27:01,38,40,4327,12559
2023-09-06 13:27:17,37,40,4327,12559
2023-09-06 13:27:17,37,41,4327,12559
2023-09-06 13:27:17,37,39,4327,12559
2023-09-06 13:27:25,36,39,4327,12559
2023-09-06 13:27:27,36,41,4327,12559
2023-09-06 13:27:27,36,38,4327,12559
2023-09-06 13:27:30,37,38,4327,12559
2023-09-06 13:27:32,37,41,4327,12559
2023-09-06 13:27:32,37,39,4327,12559
2023-09-06 13:27:34,36,39,4327,12559
2023-09-06 13:27:35,36,41,4327,12559
2023-09-06 13:27:35,36,38,4327,12559
2023-09-06 13:27:39,35,38,4327,12559
2023-09-06 13:27:39,35,40,4327,12559
2023-09-06 13:27:39,35,39,4327,12559
2023-09-06 13:27:39,35,37,4327,12559
2023-09-06 13:27:40,34,37,4327,12559
2023-09-06 13:27:40,35,37,4327,12559
2023-09-06 13:27:50,35,39,4327,12559
2023-09-06 13:27:50,35,36,4327,12559
2023-09-06 13:27:59,34,36,4327,12559
2023-09-06 13:27:59,34,38,4327,12559
2023-09-06 13:27:59,34,35,4327,12559
2023-09-06 13:28:02,34,38,4327,12559
2023-09-06 13:28:02,34,36,4327,12559
2023-09-06 13:28:03,35,36,4327,12559
2023-09-06 13:28:15,35,38,4296,12590
2023-09-06 13:28:15,35,39,4296,12590
2023-09-06 13:28:36,35,40,4296,12590
2023-09-06 13:29:02,36,40,4296,12590
2023-09-06 13:29:12,35,40,4296,12590
2023-09-06 13:29:28,36,40,4296,12590
2023-09-06 13:29:39,36,41,4296,12590
2023-09-06 13:29:54,37,41,4296,12590
2023-09-06 13:29:57,37,42,4296,12590
2023-09-06 13:30:01,38,42,4296,12590
2023-09-06 13:30:05,37,42,4296,12590
2023-09-06 13:30:06,38,42,4296,12590
2023-09-06 13:30:10,38,41,4296,12590
2023-09-06 13:30:13,36,41,4296,12590
2023-09-06 13:30:14,37,41,4296,12590
2023-09-06 13:30:15,37,40,4296,12590
2023-09-06 13:30:30,38,40,4296,12590
2023-09-06 13:30:36,38,40,4296,12617
2023-09-06 13:30:39,37,40,4296,12617
2023-09-06 13:30:46,37,40,4296,12620
2023-09-06 13:30:47,35,40,4296,12620
2023-09-06 13:30:48,36,40,4296,12620
2023-09-06 13:30:57,35,40,4296,12620
2023-09-06 13:30:59,35,39,4296,12620
2023-09-06 13:31:03,36,39,4296,12620
2023-09-06 13:31:03,36,40,4296,12620
2023-09-06 13:31:12,35,40,4296,12620
2023-09-06 13:31:12,35,39,4296,12620
2023-09-06 13:31:13,36,39,4296,12620
2023-09-06 13:31:15,36,40,4296,12620
2023-09-06 13:31:25,36,41,4296,12620
2023-09-06 13:31:29,36,40,4296,12620
2023-09-06 13:32:08,36,41,4296,12620
2023-09-06 13:32:20,37,41,4296,12620
2023-09-06 13:32:30,36,41,4296,12620
2023-09-06 13:32:37,37,41,4296,12620
2023-09-06 13:32:43,36,41,4296,12620
2023-09-06 13:32:58,36,40,4296,12620
2023-09-06 13:32:59,36,41,4296,12620
2023-09-06 13:33:15,36,40,4296,12620
2023-09-06 13:33:16,37,40,4296,12620
2023-09-06 13:33:16,37,41,4296,12620
2023-09-06 13:33:24,38,41,4296,12620
2023-09-06 13:33:24,38,42,4296,12620
2023-09-06 13:33:27,38,43,4296,12620
2023-09-06 13:33:28,39,43,4296,12620
2023-09-06 13:33:37,38,43,4296,12620
2023-09-06 13:33:40,38,42,4296,12620
2023-09-06 13:33:46,37,42,4296,12620
2023-09-06 13:33:46,37,41,4296,12620
2023-09-06 13:33:58,37,42,4296,12620
2023-09-06 13:34:11,38,42,4296,12620
2023-09-06 13:34:13,37,42,4296,12620
2023-09-06 13:34:14,37,41,4296,12620
2023-09-06 13:34:17,36,41,4296,12620
2023-09-06 13:34:22,36,40,4296,12620
2023-09-06 13:34:28,35,40,4296,12620
2023-09-06 13:34:28,35,39,4296,12620
2023-09-06 13:34:40,34,39,4296,12620
2023-09-06 13:34:41,34,38,4296,12620
2023-09-06 13:34:43,34,39,4296,12620
2023-09-06 13:34:43,35,39,4296,12620
2023-09-06 13:35:02,35,40,4296,12620
2023-09-06 13:35:06,36,40,4296,12620
2023-09-06 13:35:23,36,41,4296,12620
2023-09-06 13:35:26,37,41,4296,12620
2023-09-06 13:35:28,38,41,4296,12620
2023-09-06 13:35:29,37,41,4296,12620
2023-09-06 13:35:39,38,41,4296,12620
2023-09-06 13:35:45,37,41,4296,12620
2023-09-06 13:35:49,38,41,4296,12620
2023-09-06 13:35:54,37,41,4296,12620
2023-09-06 13:36:00,38,41,4296,12620
2023-09-06 13:36:02,37,41,4296,12620
2023-09-06 13:36:07,37,40,4296,12620
2023-09-06 13:36:12,36,40,4296,12620
2023-09-06 13:36:13,37,40,4296,12620
2023-09-06 13:36:14,36,40,4296,12620
2023-09-06 13:36:19,36,39,4296,12620
2023-09-06 13:36:20,35,39,4296,12620
2023-09-06 13:36:36,34,39,4296,12620
2023-09-06 13:36:40,35,39,4296,12620
2023-09-06 13:36:58,34,39,4296,12620
2023-09-06 13:37:05,35,39,4296,12620
2023-09-06 13:37:43,34,39,4296,12620
2023-09-06 13:37:56,34,38,4296,12620
2023-09-06 13:38:22,35,38,4296,12620
2023-09-06 13:38:23,35,39,4296,12620
2023-09-06 13:38:38,34,39,4296,12620
2023-09-06 13:38:38,34,38,4296,12620
2023-09-06 13:38:40,35,38,4296,12620
2023-09-06 13:38:44,34,38,4296,12620
2023-09-06 13:38:45,34,37,4296,12620
2023-09-06 13:38:52,33,37,4296,12620
2023-09-06 13:39:05,33,36,4296,12620
2023-09-06 13:39:20,32,36,4296,12620
2023-09-06 13:39:21,33,36,4296,12620
2023-09-06 13:39:32,32,36,4296,12620
2023-09-06 13:39:37,33,36,4296,12620
2023-09-06 13:39:46,32,36,4296,12620
2023-09-06 13:40:07,33,36,4296,12620
2023-09-06 13:40:10,33,37,4296,12620
2023-09-06 13:40:22,33,36,4296,12620
2023-09-06 13:40:25,32,36,4296,12620
2023-09-06 13:40:35,33,36,4296,12620
2023-09-06 13:40:38,33,37,4296,12620
2023-09-06 13:41:07,33,38,4296,12620
2023-09-06 13:41:09,34,38,4296,12620
2023-09-06 13:41:10,34,39,4296,12620
2023-09-06 13:41:13,35,39,4296,12620
2023-09-06 13:41:17,36,39,4296,12620
2023-09-06 13:41:20,36,40,4296,12620
2023-09-06 13:41:23,36,39,4296,12620
2023-09-06 13:41:28,36,40,4296,12620
2023-09-06 13:41:28,36,39,4296,12620
2023-09-06 13:41:29,36,40,4296,12620
2023-09-06 13:41:30,36,39,4296,12620
2023-09-06 13:41:33,36,40,4296,12620
2023-09-06 13:41:35,37,40,4296,12620
2023-09-06 13:41:36,36,40,4296,12620
2023-09-06 13:41:40,37,40,4296,12620
2023-09-06 13:41:40,37,41,4296,12620
2023-09-06 13:41:42,37,40,4296,12620
2023-09-06 13:41:43,37,41,4296,12620
2023-09-06 13:41:55,37,40,4296,12620
2023-09-06 13:41:56,37,41,4296,12620
2023-09-06 13:42:02,37,42,4296,12620
2023-09-06 13:42:02,37,41,4296,12620
2023-09-06 13:42:02,38,41,4296,12620
2023-09-06 13:42:16,38,40,4296,12620
2023-09-06 13:42:30,38,40,4300,12624
2023-09-06 13:42:45,38,40,4308,12632
2023-09-06 13:42:46,38,40,4308,12882
2023-09-06 13:42:47,38,40,4308,13132
2023-09-06 13:42:48,36,40,4308,13140
2023-09-06 13:42:57,37,40,4308,13140
2023-09-06 13:42:57,37,41,4308,13140
2023-09-06 13:42:57,37,40,4308,13140
2023-09-06 13:42:58,37,41,4308,13140
2023-09-06 13:43:03,37,42,4308,13140
2023-09-06 13:43:03,38,42,4308,13140
2023-09-06 13:43:03,38,41,4308,13140
2023-09-06 13:43:12,37,41,4308,13140
2023-09-06 13:43:28,37,40,4308,13140
2023-09-06 13:43:29,37,41,4308,13140
2023-09-06 13:43:53,38,41,4308,13140
2023-09-06 13:44:08,37,41,4308,13140
2023-09-06 13:44:12,37,39,4308,13140
2023-09-06 13:44:12,35,39,4308,13140
2023-09-06 13:44:12,33,39,4308,13140
2023-09-06 13:44:13,33,37,4308,13140
2023-09-06 13:44:14,32,37,4308,13140
2023-09-06 13:44:14,31,37,4308,13140
2023-09-06 13:44:14,31,36,4308,13140
2023-09-06 13:44:15,31,35,4308,13140
2023-09-06 13:44:16,31,34,4308,13140
2023-09-06 13:44:18,30,34,4308,13140
2023-09-06 13:44:21,31,34,4308,13140
2023-09-06 13:44:27,30,34,4308,13140
2023-09-06 13:44:33,31,34,4308,13140
2023-09-06 13:44:39,30,34,4308,13140
2023-09-06 13:44:48,31,34,4308,13140
2023-09-06 13:44:51,31,35,4308,13140
2023-09-06 13:45:02,31,34,4308,13140
2023-09-06 13:45:06,31,35,4308,13140
2023-09-06 13:45:11,31,36,4308,13140
2023-09-06 13:45:11,32,36,4308,13140
2023-09-06 13:45:16,32,35,4308,13140
2023-09-06 13:45:16,31,35,4308,13140
2023-09-06 13:45:19,31,36,4308,13140
2023-09-06 13:45:21,32,36,4308,13140
2023-09-06 13:45:32,32,35,4308,13140
2023-09-06 13:45:33,32,36,4308,13140
2023-09-06 13:45:34,32,37,4308,13140
2023-09-06 13:45:39,32,36,4308,13140
2023-09-06 13:45:39,33,36,4308,13140
2023-09-06 13:45:44,33,35,4308,13140
2023-09-06 13:45:49,33,36,4308,13140
2023-09-06 13:45:54,33,37,4308,13140
2023-09-06 13:45:55,34,37,4308,13140
2023-09-06 13:46:01,34,38,4308,13140
2023-09-06 13:46:05,34,37,4308,13140
2023-09-06 13:46:10,33,37,4308,13140
2023-09-06 13:46:11,33,36,4308,13140
2023-09-06 13:46:31,33,35,4308,13140
2023-09-06 13:46:35,33,36,4308,13140
2023-09-06 13:46:36,33,35,4308,13140
2023-09-06 13:46:37,33,36,4308,13140
2023-09-06 13:46:38,33,35,4308,13140
2023-09-06 13:46:39,33,36,4308,13140
2023-09-06 13:46:40,33,35,4308,13140
2023-09-06 13:47:03,30,35,4408,13240
2023-09-06 13:47:07,30,34,4408,13240
2023-09-06 13:47:24,30,33,4408,13240
2023-09-06 13:47:34,30,32,4408,13240
2023-09-06 13:48:17,30,31,4408,13240
2023-09-06 13:48:19,26,31,4408,13241
2023-09-06 13:48:51,26,30,4408,13241
2023-09-06 13:48:57,25,30,4408,13241
2023-09-06 13:49:04,26,30,4408,13241
2023-09-06 13:49:05,25,30,4408,13241
2023-09-06 13:49:06,26,30,4408,13241
2023-09-06 13:49:52,26,29,4408,13241
2023-09-06 13:49:56,25,29,4408,13241
2023-09-06 13:50:06,24,29,4408,13241
2023-09-06 13:50:06,24,28,4408,13241
2023-09-06 13:50:11,25,28,4408,13241
2023-09-06 13:50:12,25,29,4408,13241
2023-09-06 13:50:15,24,29,4408,13241
2023-09-06 13:50:16,25,29,4408,13241
2023-09-06 13:50:17,24,29,4408,13241
2023-09-06 13:50:18,25,29,4408,13241
2023-09-06 13:50:19,25,28,4408,13241
2023-09-06 13:50:25,24,28,4408,13241
2023-09-06 13:50:28,25,28,4408,13241
2023-09-06 13:50:29,24,28,4408,13241
2023-09-06 13:50:30,25,28,4408,13241
2023-09-06 13:50:32,24,28,4408,13241
2023-09-06 13:50:33,25,28,4408,13241
2023-09-06 13:50:36,24,28,4408,13241
2023-09-06 13:50:37,25,28,4408,13241
2023-09-06 13:50:38,25,29,4408,13241
2023-09-06 13:50:59,25,30,4408,13241
2023-09-06 13:51:08,25,29,4408,13241
2023-09-06 13:51:17,24,29,4408,13241
2023-09-06 13:51:22,25,29,4408,13241
2023-09-06 13:51:34,25,28,4408,13241
2023-09-06 13:51:35,25,29,4408,13241
2023-09-06 13:51:36,25,28,4408,13241
2023-09-06 13:51:37,25,29,4408,13241
2023-09-06 13:51:37,26,29,4408,13241
2023-09-06 13:51:37,26,30,4408,13241
2023-09-06 13:51:38,26,29,4408,13241
2023-09-06 13:51:48,26,30,4408,13241
2023-09-06 13:51:49,27,30,4408,13241
2023-09-06 13:52:04,27,31,4408,13341
2023-09-06 13:52:04,28,31,4408,13341
2023-09-06 13:52:04,28,32,4408,13341
2023-09-06 13:52:14,28,33,4408,13341
2023-09-06 13:52:14,28,32,4408,13341
2023-09-06 13:52:15,29,32,4408,13341
2023-09-06 13:52:17,29,33,4408,13341
2023-09-06 13:52:18,30,33,4408,13341
2023-09-06 13:52:31,30,32,4408,13341
2023-09-06 13:52:33,30,33,4408,13341
2023-09-06 13:52:34,30,32,4408,13341
2023-09-06 13:52:36,30,33,4408,13341
2023-09-06 13:52:38,30,34,4408,13341
2023-09-06 13:52:38,30,33,4408,13341
2023-09-06 13:52:38,30,34,4408,13341
2023-09-06 13:52:38,30,33,4408,13341
2023-09-06 13:52:44,30,34,4408,13341
2023-09-06 13:52:45,31,34,4408,13341
2023-09-06 13:52:57,31,35,4408,13341
2023-09-06 13:53:08,31,34,4408,13341
2023-09-06 13:53:34,31,33,4408,13341
2023-09-06 13:53:43,31,34,4408,13341
2023-09-06 13:53:43,31,33,4408,13341
2023-09-06 13:53:56,30,33,4408,13341
2023-09-06 13:53:57,31,33,4408,13341
2023-09-06 13:53:59,30,33,4408,13341
2023-09-06 13:54:00,31,33,4408,13341
2023-09-06 13:54:02,30,33,4408,13341
2023-09-06 13:54:03,31,33,4408,13341
2023-09-06 13:54:04,31,34,4408,13341
2023-09-06 13:54:22,31,35,4408,13341
2023-09-06 13:54:23,31,34,4408,13341
2023-09-06 13:54:30,30,34,4408,13341
2023-09-06 13:54:30,30,33,4408,13341
2023-09-06 13:54:43,29,33,4408,13341
2023-09-06 13:54:44,30,33,4408,13341
2023-09-06 13:54:45,29,33,4408,13341
2023-09-06 13:54:46,30,33,4408,13341
2023-09-06 13:54:54,28,33,4408,13341
2023-09-06 13:54:55,29,33,4408,13341
2023-09-06 13:55:02,30,33,4408,13341
2023-09-06 13:55:03,29,33,4408,13341
2023-09-06 13:55:11,28,33,4408,13341
2023-09-06 13:55:11,28,32,4408,13341
2023-09-06 13:55:13,29,32,4408,13341
2023-09-06 13:55:15,29,33,4408,13341
2023-09-06 13:55:33,29,34,4408,13341
2023-09-06 13:56:33,29,32,4408,13341
2023-09-06 13:56:41,28,32,4408,13341
2023-09-06 13:56:43,29,32,4408,13341
2023-09-06 13:56:55,28,32,4408,13341
2023-09-06 13:57:01,29,32,4408,13341
2023-09-06 13:57:07,28,32,4408,13341
2023-09-06 13:57:08,29,32,4408,13341
2023-09-06 13:57:09,28,32,4408,13341
2023-09-06 13:57:13,28,31,4408,13341
2023-09-06 13:57:15,29,31,4408,13341
