datetime,bid,ask,open_interest,volume
2023-06-06 09:30:19,27,37,1615,2494
2023-06-06 09:30:20,24,37,1615,2494
2023-06-06 09:30:20,21,37,1615,2494
2023-06-06 09:30:21,20,37,1615,2494
2023-06-06 09:30:22,27,37,1615,2494
2023-06-06 09:30:28,24,37,1615,2494
2023-06-06 09:30:28,21,37,1615,2494
2023-06-06 09:30:28,20,37,1615,2494
2023-06-06 09:30:30,27,37,1615,2494
2023-06-06 09:30:33,24,37,1615,2494
2023-06-06 09:30:33,21,37,1615,2494
2023-06-06 09:30:33,20,37,1615,2494
2023-06-06 09:30:34,27,37,1615,2494
2023-06-06 09:31:06,27,35,1615,2494
2023-06-06 09:31:06,27,33,1615,2494
2023-06-06 09:31:06,28,32,1615,2494
2023-06-06 09:31:06,29,32,1615,2494
2023-06-06 09:31:08,28,32,1615,2494
2023-06-06 09:31:08,28,31,1615,2494
2023-06-06 09:31:35,28,32,1815,2694
2023-06-06 09:31:43,29,32,1815,2694
2023-06-06 09:31:44,28,32,1815,2694
2023-06-06 09:31:45,29,32,1815,2694
2023-06-06 09:31:48,29,32,2015,2894
2023-06-06 09:31:49,29,31,2015,2894
2023-06-06 09:31:49,29,32,2215,3094
2023-06-06 09:32:00,29,31,2215,3094
2023-06-06 09:32:03,29,32,2215,3094
2023-06-06 09:32:04,29,31,2215,3094
2023-06-06 09:32:06,29,32,2215,3094
2023-06-06 09:32:09,29,31,2215,3094
2023-06-06 09:32:11,29,32,2215,3094
2023-06-06 09:32:14,29,31,2215,3094
2023-06-06 09:32:18,29,30,2215,3094
2023-06-06 09:32:20,29,30,2215,3194
2023-06-06 09:32:22,28,30,2215,3294
2023-06-06 09:32:28,26,30,2215,3294
2023-06-06 09:33:01,27,30,2215,3294
2023-06-06 09:33:02,26,30,2215,3294
2023-06-06 09:33:03,27,30,2215,3294
2023-06-06 09:33:19,27,29,2215,3294
2023-06-06 09:34:16,27,30,2215,3294
2023-06-06 09:34:19,27,29,2215,3294
2023-06-06 09:35:10,28,29,2215,3294
2023-06-06 09:35:12,29,30,2215,3444
2023-06-06 09:35:12,29,31,2215,3444
2023-06-06 09:35:13,28,31,2215,3444
2023-06-06 09:35:14,29,31,2215,3444
2023-06-06 09:35:15,29,30,2215,3444
2023-06-06 09:35:17,29,31,2215,3444
2023-06-06 09:35:19,29,30,2215,3444
2023-06-06 09:35:38,28,30,2215,3644
2023-06-06 09:35:56,28,30,2215,3977
2023-06-06 09:35:57,28,29,2215,3977
2023-06-06 09:36:04,28,29,2215,4077
2023-06-06 09:36:56,29,30,2255,4117
2023-06-06 09:36:56,28,30,2255,4117
2023-06-06 09:37:15,28,30,2455,4317
2023-06-06 09:37:17,29,30,2455,4317
2023-06-06 09:37:18,30,31,2595,4457
2023-06-06 09:37:18,29,31,2595,4457
2023-06-06 09:37:18,29,30,2595,4457
2023-06-06 09:37:19,30,31,2635,4497
2023-06-06 09:37:19,29,31,2635,4497
2023-06-06 09:37:34,30,31,2635,4497
2023-06-06 09:38:45,29,31,2635,4697
2023-06-06 09:40:38,30,31,2635,4697
2023-06-06 09:41:31,31,32,2635,4737
2023-06-06 09:41:38,32,33,2635,4777
2023-06-06 09:41:39,32,34,2635,4777
2023-06-06 09:41:55,32,33,2635,4777
2023-06-06 09:41:57,32,34,2635,4777
2023-06-06 09:42:07,32,33,2635,4777
2023-06-06 09:42:36,31,33,2635,4777
2023-06-06 09:43:12,31,32,2635,4777
2023-06-06 09:43:18,31,32,2635,4877
2023-06-06 09:43:20,30,32,2635,4966
2023-06-06 09:43:21,28,32,2635,4966
2023-06-06 09:43:22,29,32,2635,4966
2023-06-06 09:43:26,28,32,2635,4966
2023-06-06 09:43:39,28,31,2635,4966
2023-06-06 09:43:51,29,31,2635,4966
2023-06-06 09:44:36,30,31,2635,4966
2023-06-06 09:44:39,31,32,2635,5006
2023-06-06 09:46:26,30,32,2635,5045
2023-06-06 09:46:54,31,32,2635,5045
2023-06-06 09:47:33,32,33,2635,5185
2023-06-06 09:47:34,31,33,2635,5185
2023-06-06 09:47:42,33,34,2635,5225
2023-06-06 09:48:56,34,35,2675,5265
2023-06-06 09:48:56,33,35,2675,5265
2023-06-06 09:49:37,35,36,2675,5305
2023-06-06 09:49:40,35,37,2675,5305
2023-06-06 09:49:43,35,36,2675,5305
2023-06-06 09:50:35,33,36,2675,5305
2023-06-06 09:50:37,34,36,2675,5305
2023-06-06 09:50:38,35,36,2675,5305
2023-06-06 09:51:08,35,36,2675,5505
2023-06-06 09:51:10,33,36,2675,5505
2023-06-06 09:51:10,33,35,2675,5505
2023-06-06 09:53:13,33,34,2675,5505
2023-06-06 09:53:34,34,35,2675,5595
2023-06-06 09:53:35,33,35,2675,5595
2023-06-06 09:53:40,34,35,2675,5595
2023-06-06 09:53:41,33,35,2675,5595
2023-06-06 09:54:12,33,34,2675,5595
2023-06-06 09:54:46,33,34,2875,5795
2023-06-06 09:54:47,34,35,2875,5845
2023-06-06 09:56:05,33,35,2875,5845
2023-06-06 09:56:18,32,35,2875,5845
2023-06-06 09:56:39,32,34,2875,5845
2023-06-06 09:58:13,33,34,2875,5845
2023-06-06 10:00:38,34,35,2875,5885
2023-06-06 10:01:15,33,34,2875,5920
2023-06-06 10:02:59,34,35,2875,5985
2023-06-06 10:03:00,33,35,2875,5985
2023-06-06 10:03:13,34,35,2875,5985
2023-06-06 10:03:23,34,35,2875,6185
2023-06-06 10:03:34,35,37,2875,6189
2023-06-06 10:04:30,36,37,2875,6189
2023-06-06 10:04:35,36,37,3175,6489
2023-06-06 10:04:35,36,37,3245,6559
2023-06-06 10:04:37,36,37,3445,6759
2023-06-06 10:04:44,36,37,3445,6959
2023-06-06 10:04:55,36,37,3645,7159
2023-06-06 10:04:56,36,37,3766,7280
2023-06-06 10:04:56,36,37,3887,7401
2023-06-06 10:04:57,36,37,3887,7601
2023-06-06 10:04:58,36,37,3887,7801
2023-06-06 10:04:59,36,37,3887,8001
2023-06-06 10:05:00,34,37,3887,8001
2023-06-06 10:05:00,34,36,3887,8001
2023-06-06 10:05:01,34,37,3887,8001
2023-06-06 10:05:01,34,36,3887,8001
2023-06-06 10:05:34,34,36,3887,8015
2023-06-06 10:06:22,35,36,3887,8015
2023-06-06 10:07:03,36,37,3887,8019
2023-06-06 10:07:19,36,37,3887,8119
2023-06-06 10:07:20,35,37,3887,8219
2023-06-06 10:07:20,35,37,3887,8319
2023-06-06 10:07:20,35,36,3887,8319
2023-06-06 10:07:21,35,36,3887,8519
2023-06-06 10:07:31,35,36,3887,8614
2023-06-06 10:07:32,34,36,3887,8614
2023-06-06 10:07:37,35,36,3887,8614
2023-06-06 10:07:51,36,37,3991,8718
2023-06-06 10:07:51,35,37,3991,8718
2023-06-06 10:07:53,37,39,4149,8876
2023-06-06 10:07:53,35,39,4149,8876
2023-06-06 10:07:54,35,38,4149,8876
2023-06-06 10:07:58,36,38,4149,8876
2023-06-06 10:08:02,37,38,4149,8876
2023-06-06 10:08:02,37,38,4149,8901
2023-06-06 10:08:02,37,38,4149,8929
2023-06-06 10:08:07,38,39,4179,8959
2023-06-06 10:08:08,37,39,4179,8959
2023-06-06 10:08:08,37,38,4179,8959
2023-06-06 10:08:09,38,39,4349,9129
2023-06-06 10:08:09,37,39,4349,9129
2023-06-06 10:08:13,38,39,4349,9129
2023-06-06 10:08:19,37,39,4349,9129
2023-06-06 10:08:24,38,39,4349,9129
2023-06-06 10:08:26,37,39,4349,9129
2023-06-06 10:09:01,39,40,4349,9159
2023-06-06 10:09:01,39,40,4349,9219
2023-06-06 10:09:02,39,40,4349,9309
2023-06-06 10:09:03,37,40,4349,9354
2023-06-06 10:09:03,39,40,4349,9354
2023-06-06 10:09:03,39,40,4349,9459
2023-06-06 10:09:04,39,40,4349,9564
2023-06-06 10:09:32,40,41,4349,9594
2023-06-06 10:09:32,40,41,4353,9722
2023-06-06 10:09:32,39,40,4395,9764
2023-06-06 10:09:33,40,41,4481,9850
2023-06-06 10:09:33,39,41,4481,9850
2023-06-06 10:09:34,40,41,4481,9850
2023-06-06 10:09:34,40,41,4582,9951
2023-06-06 10:09:35,39,41,4582,9951
2023-06-06 10:09:38,39,41,4782,10151
2023-06-06 10:09:59,41,42,4782,10181
2023-06-06 10:09:59,41,42,4782,10256
2023-06-06 10:10:55,40,42,4782,10256
2023-06-06 10:10:56,41,42,4782,10256
2023-06-06 10:10:58,43,44,4635,10516
2023-06-06 10:10:58,43,44,4635,10551
2023-06-06 10:11:28,43,44,4635,10556
2023-06-06 10:11:28,43,44,4652,10626
2023-06-06 10:11:29,42,44,4652,10626
2023-06-06 10:11:33,43,44,4652,10626
2023-06-06 10:11:59,44,45,4652,10656
2023-06-06 10:11:59,44,45,4652,10686
2023-06-06 10:12:14,42,45,4652,10776
2023-06-06 10:12:18,43,45,4652,10776
2023-06-06 10:12:25,42,45,4652,10776
2023-06-06 10:12:30,43,45,4652,10776
2023-06-06 10:12:33,42,45,4652,10776
2023-06-06 10:12:35,43,45,4652,10776
2023-06-06 10:12:38,42,45,4652,10776
2023-06-06 10:12:45,42,44,4652,10776
2023-06-06 10:12:48,40,44,4652,10776
2023-06-06 10:12:48,41,44,4652,10776
2023-06-06 10:12:48,41,44,4652,10818
2023-06-06 10:12:48,41,44,4652,10901
2023-06-06 10:12:48,41,43,4652,10901
2023-06-06 10:13:44,40,43,4652,10901
2023-06-06 10:13:50,41,43,4652,10901
2023-06-06 10:14:18,41,42,4652,10901
2023-06-06 10:14:19,41,43,4652,10901
2023-06-06 10:14:21,42,43,4652,10901
2023-06-06 10:14:21,42,43,4902,11151
2023-06-06 10:14:21,42,43,5152,11401
2023-06-06 10:14:22,42,43,5227,11476
2023-06-06 10:14:32,42,43,5410,11676
2023-06-06 10:14:32,42,43,5495,11761
2023-06-06 10:14:52,42,43,5525,11791
2023-06-06 10:14:53,42,43,5545,11811
2023-06-06 10:14:53,42,43,5565,11831
2023-06-06 10:14:54,42,43,5675,11941
2023-06-06 10:15:00,41,43,5675,11941
2023-06-06 10:15:26,41,42,5675,11941
2023-06-06 10:15:28,41,43,5675,11941
2023-06-06 10:15:31,41,42,5675,11941
2023-06-06 10:15:40,39,41,5806,12091
2023-06-06 10:15:41,39,42,5806,12091
2023-06-06 10:15:51,39,41,5806,12091
2023-06-06 10:16:46,39,42,5806,12091
2023-06-06 10:16:46,41,42,5806,12091
2023-06-06 10:17:42,40,42,5806,12091
2023-06-06 10:17:45,42,43,5810,12095
2023-06-06 10:18:25,42,43,5840,12125
2023-06-06 10:18:41,44,45,5848,12133
2023-06-06 10:18:41,44,45,5878,12163
2023-06-06 10:20:42,45,46,5908,12193
2023-06-06 10:21:16,45,46,5928,12213
2023-06-06 10:21:22,45,46,5928,12227
2023-06-06 10:21:40,43,46,5928,12227
2023-06-06 10:21:43,44,46,5928,12227
2023-06-06 10:22:42,43,46,5928,12227
2023-06-06 10:22:45,44,46,5928,12227
2023-06-06 10:23:42,43,46,5928,12227
2023-06-06 10:23:44,42,46,5928,12227
2023-06-06 10:23:47,43,46,5928,12227
2023-06-06 10:23:47,43,45,5928,12227
2023-06-06 10:24:47,45,46,5932,12231
2023-06-06 10:24:47,43,46,6003,12302
2023-06-06 10:25:21,44,46,6003,12302
2023-06-06 10:25:47,43,46,6003,12302
2023-06-06 10:25:50,44,46,6003,12302
2023-06-06 10:25:54,43,46,6003,12302
2023-06-06 10:25:57,44,46,6003,12302
2023-06-06 10:26:03,43,46,6003,12302
2023-06-06 10:26:05,44,46,6003,12302
2023-06-06 10:26:41,43,46,6003,12302
2023-06-06 10:26:57,45,46,6003,12302
2023-06-06 10:27:04,43,46,6003,12302
2023-06-06 10:27:04,43,46,6153,12452
2023-06-06 10:27:04,45,46,6153,12452
2023-06-06 10:28:01,44,46,6153,12452
2023-06-06 10:28:06,44,47,6378,12677
2023-06-06 10:28:06,45,47,6378,12677
2023-06-06 10:28:16,44,47,6378,12677
2023-06-06 10:28:18,45,47,6378,12677
2023-06-06 10:29:07,45,47,6603,12902
2023-06-06 10:29:53,44,47,6603,12902
2023-06-06 10:29:54,45,47,6603,12902
2023-06-06 10:30:39,45,47,6753,13052
2023-06-06 10:31:41,45,47,6903,13202
2023-06-06 10:32:11,46,47,6903,13202
2023-06-06 10:32:33,46,47,6903,13402
2023-06-06 10:32:41,46,47,7203,13702
2023-06-06 10:33:18,45,47,7203,13702
2023-06-06 10:33:18,46,47,7203,13702
2023-06-06 10:34:18,45,47,7203,13702
2023-06-06 10:34:19,45,47,7278,13777
2023-06-06 10:35:20,46,47,7278,13777
2023-06-06 10:36:17,45,47,7278,13777
2023-06-06 10:36:21,46,47,7278,13777
2023-06-06 10:37:19,45,47,7278,13777
2023-06-06 10:37:21,46,47,7278,13777
2023-06-06 10:37:22,46,47,7338,13837
2023-06-06 10:37:22,46,47,7398,13897
2023-06-06 10:37:40,44,46,7398,13927
2023-06-06 10:37:40,44,47,7398,13927
2023-06-06 10:37:44,44,46,7398,13927
2023-06-06 10:38:23,45,46,7398,13927
2023-06-06 10:38:23,45,46,7398,13957
2023-06-06 10:38:24,44,46,7398,13957
2023-06-06 10:38:33,45,46,7398,13957
2023-06-06 10:38:37,46,47,7402,13961
2023-06-06 10:38:37,46,47,7432,13991
2023-06-06 10:38:37,46,47,7462,14021
2023-06-06 10:39:30,44,47,7623,14182
2023-06-06 10:39:38,44,46,7623,14182
2023-06-06 10:39:38,44,46,7653,14212
2023-06-06 10:39:38,44,46,7743,14302
2023-06-06 10:39:39,44,46,7818,14377
2023-06-06 10:40:38,45,46,7818,14377
2023-06-06 10:40:39,45,46,7848,14407
2023-06-06 10:41:41,45,47,7923,14482
2023-06-06 10:41:47,46,47,7923,14482
2023-06-06 10:41:47,46,47,7823,14582
2023-06-06 10:41:48,45,47,7823,14582
2023-06-06 10:42:00,46,47,7823,14582
2023-06-06 10:42:13,45,47,7823,14582
2023-06-06 10:42:41,45,47,7898,14657
2023-06-06 10:43:22,46,47,7898,14657
2023-06-06 10:43:24,45,47,7898,14657
2023-06-06 10:43:28,46,47,7898,14657
2023-06-06 10:43:35,45,47,7898,14657
2023-06-06 10:43:44,46,47,7898,14657
2023-06-06 10:44:42,45,47,7898,14657
2023-06-06 10:44:45,45,47,8048,14807
2023-06-06 10:44:46,46,47,8048,14807
2023-06-06 10:45:02,46,47,8048,15007
2023-06-06 10:45:04,46,47,8048,15207
2023-06-06 10:45:07,46,47,8248,15407
2023-06-06 10:45:08,46,47,8248,15962
2023-06-06 10:45:09,47,49,8268,15982
2023-06-06 10:45:09,47,49,8343,16057
2023-06-06 10:45:23,48,49,8343,16057
2023-06-06 10:45:23,48,49,8415,16207
2023-06-06 10:45:25,48,50,8568,16432
2023-06-06 10:45:29,48,50,8598,16585
2023-06-06 10:45:29,48,49,8598,16585
2023-06-06 10:45:30,48,50,8598,16585
2023-06-06 10:45:33,49,50,8598,16585
2023-06-06 10:45:39,50,52,8628,16615
2023-06-06 10:47:48,49,52,8628,16615
2023-06-06 10:48:03,50,52,8628,16615
2023-06-06 10:50:08,51,52,8628,16615
2023-06-06 10:50:08,50,51,8628,16765
2023-06-06 10:50:08,50,52,8628,16765
2023-06-06 10:50:27,50,53,8568,17195
2023-06-06 10:50:28,51,53,8568,17195
2023-06-06 10:50:28,50,53,8368,17395
2023-06-06 10:51:07,50,51,8368,17395
2023-06-06 10:53:56,51,52,8368,17399
2023-06-06 10:54:06,50,52,8368,17399
2023-06-06 10:54:07,51,52,8368,17399
2023-06-06 10:55:12,50,52,8368,17399
2023-06-06 10:56:03,50,51,8368,17399
2023-06-06 10:59:06,51,52,8368,17403
2023-06-06 11:01:37,50,52,8368,17403
2023-06-06 11:01:57,51,52,8368,17403
2023-06-06 11:02:54,52,53,8368,17407
2023-06-06 11:04:09,53,54,8398,17437
2023-06-06 11:05:10,52,54,8398,17437
2023-06-06 11:05:11,53,54,8398,17437
2023-06-06 11:06:08,52,54,8398,17437
2023-06-06 11:06:11,53,54,8398,17437
2023-06-06 11:07:13,52,54,8398,17437
2023-06-06 11:08:32,53,54,8398,17437
2023-06-06 11:10:42,52,54,8398,17437
2023-06-06 11:11:25,53,54,8398,17437
2023-06-06 11:13:45,52,54,8398,17437
2023-06-06 11:14:40,51,54,8398,17437
2023-06-06 11:14:40,51,53,8398,17437
2023-06-06 11:15:10,52,53,8398,17437
2023-06-06 11:15:58,53,54,8398,17441
2023-06-06 11:17:06,54,55,8428,17471
2023-06-06 11:17:07,53,55,8498,17541
2023-06-06 11:18:07,53,55,8498,17631
2023-06-06 11:18:07,53,55,8498,17631
2023-06-06 11:18:17,52,55,8498,17631
2023-06-06 11:18:17,52,54,8498,17631
2023-06-06 11:19:19,53,54,8498,17631
2023-06-06 11:19:35,53,55,8502,17635
2023-06-06 11:20:21,52,55,8502,17635
2023-06-06 11:20:23,54,55,8502,17635
2023-06-06 11:20:32,54,55,8502,17835
2023-06-06 11:20:34,52,54,8502,17935
2023-06-06 11:20:34,52,55,8502,17935
2023-06-06 11:21:23,53,55,8502,17935
2023-06-06 11:21:32,53,54,8502,17935
2023-06-06 11:21:44,51,54,8502,17935
2023-06-06 11:21:44,52,54,8502,17935
2023-06-06 11:21:46,52,53,8502,17935
2023-06-06 11:21:51,50,52,8802,18235
2023-06-06 11:21:52,50,53,8802,18235
2023-06-06 11:22:17,50,53,8798,18239
2023-06-06 11:22:56,50,52,8798,18239
2023-06-06 11:22:56,49,52,8798,18273
2023-06-06 11:22:56,49,50,8798,18273
2023-06-06 11:22:58,50,52,8798,18307
2023-06-06 11:22:59,49,52,8798,18307
2023-06-06 11:23:00,50,52,8798,18307
2023-06-06 11:23:55,50,53,8798,18307
2023-06-06 11:23:58,50,52,8798,18307
2023-06-06 11:24:07,50,53,9261,18870
2023-06-06 11:24:16,50,52,9261,18870
2023-06-06 11:24:17,50,51,9261,18870
2023-06-06 11:24:17,50,52,9261,19070
2023-06-06 11:24:19,50,51,9261,19070
2023-06-06 11:24:19,50,51,9261,19082
2023-06-06 11:24:30,50,51,9261,19100
2023-06-06 11:24:48,49,51,9261,19134
2023-06-06 11:24:48,47,49,9189,19206
2023-06-06 11:25:10,47,48,9189,19206
2023-06-06 11:25:12,47,48,9189,19236
2023-06-06 11:25:12,45,46,9173,19252
2023-06-06 11:25:12,45,46,9203,19282
2023-06-06 11:25:37,44,45,9203,19286
2023-06-06 11:25:37,42,45,9203,19286
2023-06-06 11:25:37,42,44,9203,19286
2023-06-06 11:25:40,42,43,9203,19286
2023-06-06 11:25:47,41,43,9203,19406
2023-06-06 11:25:47,41,42,9203,19406
2023-06-06 11:26:01,40,42,9203,19406
2023-06-06 11:26:02,40,41,9203,19406
2023-06-06 11:26:17,40,42,9203,19406
2023-06-06 11:26:20,41,42,9203,19406
2023-06-06 11:26:24,42,43,9203,19526
2023-06-06 11:26:25,41,43,9203,19526
2023-06-06 11:26:25,42,43,9203,19526
2023-06-06 11:26:39,43,44,9173,19556
2023-06-06 11:26:44,43,46,9173,19556
2023-06-06 11:26:44,44,46,9173,19556
2023-06-06 11:26:44,44,45,9173,19556
2023-06-06 11:26:45,44,46,9233,19616
2023-06-06 11:27:39,45,46,9233,19616
2023-06-06 11:27:42,47,48,9237,19620
2023-06-06 11:27:42,45,48,9333,19716
2023-06-06 11:27:58,46,48,9333,19716
2023-06-06 11:28:04,45,48,9333,19716
2023-06-06 11:28:15,46,48,9333,19716
2023-06-06 11:28:27,47,48,9333,19716
2023-06-06 11:28:34,47,49,9433,19816
2023-06-06 11:29:35,48,49,9433,19816
2023-06-06 11:29:35,49,50,9483,19866
2023-06-06 11:30:30,50,51,9483,19896
2023-06-06 11:30:31,51,52,9483,19926
2023-06-06 11:30:31,51,53,9483,19926
2023-06-06 11:30:42,51,53,9484,19927
2023-06-06 11:31:29,50,53,9484,19927
2023-06-06 11:31:29,49,53,9484,19927
2023-06-06 11:31:32,49,52,9484,19927
2023-06-06 11:31:33,51,52,9484,19927
2023-06-06 11:32:35,49,52,9484,19927
2023-06-06 11:32:35,50,52,9484,19927
2023-06-06 11:33:24,50,51,9484,19927
2023-06-06 11:33:28,50,52,9484,19927
2023-06-06 11:33:29,50,51,9484,19927
2023-06-06 11:33:30,50,52,9484,19927
2023-06-06 11:33:36,50,51,9484,19927
2023-06-06 11:34:34,50,52,9484,19927
2023-06-06 11:39:13,51,52,9484,19927
2023-06-06 11:39:17,52,53,9484,19957
2023-06-06 11:39:18,51,53,9484,19957
2023-06-06 11:39:19,52,53,9484,19957
2023-06-06 11:39:42,53,54,9484,19987
2023-06-06 11:40:09,52,54,9484,19987
2023-06-06 11:40:31,53,54,9484,19987
2023-06-06 11:41:28,52,54,9484,19987
2023-06-06 11:41:40,52,53,9484,19987
2023-06-06 11:41:43,52,54,9484,19987
2023-06-06 11:42:12,53,54,9484,19987
2023-06-06 11:43:09,52,54,9484,19987
2023-06-06 11:43:14,53,54,9484,19987
2023-06-06 11:43:34,52,54,9684,20187
2023-06-06 11:43:45,51,54,9684,20217
2023-06-06 11:43:45,51,53,9684,20217
2023-06-06 11:43:45,51,54,9684,20217
2023-06-06 11:43:51,51,53,9684,20217
2023-06-06 11:44:18,52,53,9684,20217
2023-06-06 11:45:16,53,54,9684,20247
2023-06-06 11:45:17,52,54,9684,20247
2023-06-06 11:45:27,54,55,9714,20277
2023-06-06 11:45:27,54,55,9744,20307
2023-06-06 11:45:28,54,55,9774,20337
2023-06-06 11:46:12,55,56,9804,20367
2023-06-06 11:46:12,55,56,9904,20467
2023-06-06 11:47:09,54,56,9904,20467
2023-06-06 11:47:12,55,56,9904,20467
2023-06-06 11:47:33,56,57,9904,20497
2023-06-06 11:48:03,57,58,9904,20527
2023-06-06 11:49:41,58,59,9904,20557
2023-06-06 11:49:42,57,59,9904,20557
2023-06-06 11:49:45,58,59,9904,20557
2023-06-06 11:50:07,58,59,10004,20657
2023-06-06 11:51:07,58,59,10004,20673
2023-06-06 11:59:18,59,60,10034,20703
2023-06-06 12:00:20,60,61,10064,20733
2023-06-06 12:00:20,60,61,10084,20753
2023-06-06 12:04:22,61,62,10114,20783
2023-06-06 12:05:02,61,62,10119,20788
2023-06-06 12:05:23,60,62,10119,20788
2023-06-06 12:06:01,60,61,10119,20788
2023-06-06 12:07:03,59,60,10089,20818
2023-06-06 12:07:17,57,59,9929,20978
2023-06-06 12:08:19,57,58,9929,20978
2023-06-06 12:08:52,56,57,9899,21008
2023-06-06 12:09:33,56,58,9899,21008
2023-06-06 12:09:49,56,59,9899,21008
2023-06-06 12:09:49,56,58,9899,21008
2023-06-06 12:09:53,56,59,10099,21208
2023-06-06 12:09:54,57,59,10099,21208
2023-06-06 12:10:18,58,59,10099,21208
2023-06-06 12:10:22,57,59,10099,21208
2023-06-06 12:10:31,58,59,10099,21208
2023-06-06 12:10:34,57,59,10099,21208
2023-06-06 12:10:53,59,60,10229,21338
2023-06-06 12:10:53,57,60,10399,21508
2023-06-06 12:10:54,57,59,10399,21508
2023-06-06 12:13:22,57,58,10399,21508
2023-06-06 12:13:22,57,58,10399,21538
2023-06-06 12:13:22,57,59,10399,21538
2023-06-06 12:13:32,57,59,10399,21568
2023-06-06 12:13:32,57,58,10399,21568
2023-06-06 12:13:32,57,58,10399,21578
2023-06-06 12:14:05,57,59,10399,21578
2023-06-06 12:15:06,57,58,10399,21578
2023-06-06 12:15:35,57,59,10399,21578
2023-06-06 12:16:35,57,59,10399,21608
2023-06-06 12:16:35,57,58,10399,21608
2023-06-06 12:16:35,57,59,10399,21608
2023-06-06 12:18:38,57,58,10399,21608
2023-06-06 12:18:38,57,58,10399,21686
2023-06-06 12:18:38,56,57,10399,21698
2023-06-06 12:20:39,57,58,10495,21794
2023-06-06 12:21:38,56,58,10495,21794
2023-06-06 12:21:40,57,58,10495,21794
2023-06-06 12:22:14,56,58,10495,21794
2023-06-06 12:22:29,56,57,10495,21794
2023-06-06 12:22:39,56,58,10495,21794
2023-06-06 12:23:49,56,57,10495,21794
2023-06-06 12:25:15,56,58,10495,21794
2023-06-06 12:25:46,57,58,10495,21794
2023-06-06 12:26:24,57,59,10495,21824
2023-06-06 12:26:31,58,59,10495,21824
2023-06-06 12:26:37,58,60,10595,21924
2023-06-06 12:26:37,58,60,10595,22044
2023-06-06 12:26:37,58,59,10595,22044
2023-06-06 12:26:37,58,60,10595,22044
2023-06-06 12:27:07,58,59,10595,22044
2023-06-06 12:27:47,57,59,10595,22074
2023-06-06 12:27:49,57,59,10595,22144
2023-06-06 12:27:49,57,58,10595,22144
2023-06-06 12:27:49,56,58,10605,22214
2023-06-06 12:27:50,56,59,10605,22214
2023-06-06 12:28:28,56,58,10605,22214
2023-06-06 12:32:38,54,58,10605,22214
2023-06-06 12:32:56,55,58,10605,22214
2023-06-06 12:35:03,57,58,10605,22214
2023-06-06 12:35:03,57,60,11105,22714
2023-06-06 12:35:03,57,59,11105,22714
2023-06-06 12:35:03,57,60,11105,22714
2023-06-06 12:35:04,57,59,11105,22714
2023-06-06 12:36:14,57,58,11105,22714
2023-06-06 12:36:25,56,57,11045,22774
2023-06-06 12:36:25,56,58,11045,22774
2023-06-06 12:37:12,56,57,11045,22774
2023-06-06 12:37:18,56,57,11185,22914
2023-06-06 12:37:20,55,57,11085,23014
2023-06-06 12:37:28,55,56,11085,23014
2023-06-06 12:37:28,53,56,11085,23014
2023-06-06 12:37:28,54,56,11085,23014
2023-06-06 12:37:30,54,55,11085,23014
2023-06-06 12:37:32,53,54,10895,23204
2023-06-06 12:37:33,53,55,10895,23204
2023-06-06 12:37:47,53,54,10895,23204
2023-06-06 12:37:47,53,54,10895,23404
2023-06-06 12:37:47,53,54,10995,23504
2023-06-06 12:37:48,51,53,10965,23534
2023-06-06 12:38:04,50,51,10875,23624
2023-06-06 12:38:20,51,53,10905,23654
2023-06-06 12:38:34,53,55,10965,23714
2023-06-06 12:39:09,53,54,10965,23714
2023-06-06 12:39:10,51,54,10965,23714
2023-06-06 12:39:10,50,54,10965,23714
2023-06-06 12:39:10,51,54,10965,23714
2023-06-06 12:39:10,51,53,10965,23714
2023-06-06 12:39:33,49,51,10935,23744
2023-06-06 12:39:46,50,51,10935,23744
2023-06-06 12:41:20,49,50,10940,23779
2023-06-06 12:41:21,49,50,10850,23979
2023-06-06 12:41:22,49,50,10972,24179
2023-06-06 12:41:23,47,49,11162,24369
2023-06-06 12:41:23,47,50,11162,24369
2023-06-06 12:41:23,47,49,11162,24369
2023-06-06 12:41:25,44,49,11162,24369
2023-06-06 12:41:25,44,47,11162,24369
2023-06-06 12:41:25,44,49,11162,24369
2023-06-06 12:41:25,44,48,11162,24369
2023-06-06 12:41:29,45,48,11162,24369
2023-06-06 12:41:31,44,48,11162,24369
2023-06-06 12:41:37,44,47,11162,24369
2023-06-06 12:41:40,44,48,11162,24369
2023-06-06 12:41:55,44,47,11162,24369
2023-06-06 12:41:57,44,48,11162,24369
2023-06-06 12:41:59,44,47,11162,24369
2023-06-06 12:42:11,44,48,11162,24369
2023-06-06 12:42:14,45,48,11162,24369
2023-06-06 12:42:39,46,48,11162,24369
2023-06-06 12:42:41,46,50,11162,24369
2023-06-06 12:42:47,46,49,11162,24369
2023-06-06 12:43:21,47,49,11162,24369
2023-06-06 12:43:24,46,49,11162,24369
2023-06-06 12:43:26,47,49,11162,24369
2023-06-06 12:43:28,46,49,11162,24369
2023-06-06 12:43:29,47,49,11162,24369
2023-06-06 12:43:34,49,50,11162,24399
2023-06-06 12:43:37,47,50,11162,24399
2023-06-06 12:43:39,49,50,11162,24399
2023-06-06 12:43:42,47,50,11162,24399
2023-06-06 12:43:46,49,50,11162,24399
2023-06-06 12:43:47,47,50,11162,24399
2023-06-06 12:43:57,49,50,11162,24399
2023-06-06 12:44:15,50,51,11162,24429
2023-06-06 12:44:18,49,51,11162,24429
2023-06-06 12:45:17,49,50,11162,24429
2023-06-06 12:45:23,49,51,11162,24429
2023-06-06 12:45:49,49,50,11162,24429
2023-06-06 12:45:51,48,50,11162,24429
2023-06-06 12:46:06,48,51,11162,24429
2023-06-06 12:46:39,48,50,11162,24429
2023-06-06 12:47:35,48,51,11162,24429
2023-06-06 12:47:43,48,50,11162,24429
2023-06-06 12:48:06,49,50,11162,24429
2023-06-06 12:48:07,48,50,11162,24429
2023-06-06 12:48:07,48,51,11111,24629
2023-06-06 12:48:15,49,51,11111,24629
2023-06-06 12:48:17,48,51,11111,24629
2023-06-06 12:48:31,48,50,11111,24629
2023-06-06 12:49:24,48,49,11111,24629
2023-06-06 12:49:45,48,49,11061,24679
2023-06-06 12:49:46,47,48,11051,24689
2023-06-06 12:50:15,44,47,11101,24829
2023-06-06 12:50:15,44,48,11101,24829
2023-06-06 12:50:20,44,47,11101,24829
2023-06-06 12:50:22,44,46,11101,24829
2023-06-06 12:50:29,43,46,11101,24829
2023-06-06 12:50:39,44,46,11101,24829
2023-06-06 12:50:47,45,46,11101,24829
2023-06-06 12:50:52,45,48,11131,24859
2023-06-06 12:51:04,44,48,11131,24859
2023-06-06 12:51:04,45,48,11131,24859
2023-06-06 12:51:20,45,47,11131,24859
2023-06-06 12:51:57,46,47,11131,24859
2023-06-06 12:52:01,46,48,11161,24889
2023-06-06 12:52:56,47,48,11161,24889
2023-06-06 12:53:08,48,49,11161,24919
2023-06-06 12:53:09,47,49,11161,24919
2023-06-06 12:53:14,48,49,11161,24919
2023-06-06 12:53:17,49,50,11161,24949
2023-06-06 12:53:17,48,50,11161,24949
2023-06-06 12:53:19,49,50,11161,24949
2023-06-06 12:53:43,47,50,11161,24949
2023-06-06 12:53:43,48,50,11161,24949
2023-06-06 12:53:50,48,49,11161,24949
2023-06-06 12:54:09,46,49,11161,24949
2023-06-06 12:55:22,46,48,11161,24949
2023-06-06 12:56:41,46,47,11161,24949
2023-06-06 12:56:41,45,46,11161,25039
2023-06-06 12:56:41,45,47,11161,25039
2023-06-06 12:56:53,44,45,11161,25159
2023-06-06 12:56:53,44,47,11161,25159
2023-06-06 12:56:56,44,46,11161,25159
2023-06-06 12:57:14,43,44,11161,25279
2023-06-06 12:57:14,43,46,11161,25279
2023-06-06 12:57:19,44,46,11161,25279
2023-06-06 12:57:35,43,46,11161,25279
2023-06-06 12:57:35,42,46,11161,25279
2023-06-06 12:57:36,42,45,11161,25279
2023-06-06 12:57:36,42,44,11161,25279
2023-06-06 12:57:39,40,44,11161,25279
2023-06-06 12:57:39,40,43,11161,25279
2023-06-06 12:57:43,40,44,11161,25279
2023-06-06 12:57:48,39,43,11161,25279
2023-06-06 12:57:51,39,42,11161,25279
2023-06-06 12:57:51,39,41,11161,25279
2023-06-06 12:57:52,38,41,11161,25279
2023-06-06 12:58:06,39,41,11161,25279
2023-06-06 12:58:26,40,41,11161,25279
2023-06-06 12:58:26,40,41,11161,25369
2023-06-06 12:58:31,41,44,11191,25399
2023-06-06 12:58:31,41,43,11191,25399
2023-06-06 12:58:54,41,43,11201,25409
2023-06-06 12:59:28,39,43,11201,25409
2023-06-06 12:59:31,40,43,11201,25409
2023-06-06 12:59:43,40,42,11201,25409
2023-06-06 12:59:56,40,43,11201,25409
2023-06-06 13:00:01,40,42,11201,25409
2023-06-06 13:00:03,40,43,11201,25409
2023-06-06 13:00:19,41,43,11201,25409
2023-06-06 13:00:22,42,43,11201,25409
2023-06-06 13:00:23,42,43,11231,25439
2023-06-06 13:01:04,42,44,11261,25469
2023-06-06 13:01:08,42,43,11261,25469
2023-06-06 13:01:10,40,43,11261,25469
2023-06-06 13:01:11,39,43,11261,25469
2023-06-06 13:01:11,40,43,11261,25469
2023-06-06 13:01:22,40,41,11261,25469
2023-06-06 13:01:44,40,41,11262,25470
2023-06-06 13:01:50,40,43,11263,25471
2023-06-06 13:02:03,40,44,11263,25471
2023-06-06 13:02:06,40,43,11263,25471
2023-06-06 13:02:22,41,43,11263,25471
2023-06-06 13:02:22,41,44,11263,25471
2023-06-06 13:03:02,41,43,11263,25471
2023-06-06 13:03:26,40,43,11263,25471
2023-06-06 13:04:14,42,43,11263,25471
2023-06-06 13:04:26,42,44,11263,25471
2023-06-06 13:05:16,44,45,11293,25551
2023-06-06 13:05:23,42,44,11363,25621
2023-06-06 13:05:23,42,45,11363,25621
2023-06-06 13:05:23,42,44,11363,25621
2023-06-06 13:05:54,42,45,11363,25621
2023-06-06 13:06:16,43,45,11363,25621
2023-06-06 13:06:56,46,47,11393,25651
2023-06-06 13:06:56,46,47,11453,25711
2023-06-06 13:07:26,48,49,11483,25741
2023-06-06 13:07:57,47,49,11483,25741
2023-06-06 13:07:57,49,50,11513,25771
2023-06-06 13:07:57,49,51,11663,25921
2023-06-06 13:08:01,50,51,11663,25921
2023-06-06 13:08:23,50,52,11693,25951
2023-06-06 13:08:23,49,52,11693,25951
2023-06-06 13:08:23,51,52,11693,25951
2023-06-06 13:08:41,53,54,11758,26016
2023-06-06 13:08:46,53,54,11763,26021
2023-06-06 13:08:47,53,54,11768,26026
2023-06-06 13:08:48,51,54,11768,26026
2023-06-06 13:08:48,51,53,11768,26026
2023-06-06 13:08:48,51,54,11768,26026
2023-06-06 13:08:48,51,53,11768,26026
2023-06-06 13:09:14,51,54,11768,26026
2023-06-06 13:09:14,52,54,11768,26026
2023-06-06 13:09:21,53,54,11768,26026
2023-06-06 13:09:23,54,55,11798,26056
2023-06-06 13:10:36,55,57,11828,26086
2023-06-06 13:10:36,56,57,11828,26086
2023-06-06 13:12:11,56,58,11858,26116
2023-06-06 13:12:11,57,58,11858,26116
2023-06-06 13:12:33,55,58,11858,26116
2023-06-06 13:12:33,54,58,11858,26116
2023-06-06 13:12:33,56,58,11858,26116
2023-06-06 13:12:41,57,58,11858,26116
2023-06-06 13:13:22,57,59,11925,26183
2023-06-06 13:13:41,57,59,12000,26258
2023-06-06 13:14:07,58,59,12000,26258
2023-06-06 13:14:32,60,61,12078,26336
2023-06-06 13:14:41,59,61,12078,26336
2023-06-06 13:14:41,60,61,12078,26336
2023-06-06 13:15:21,61,62,12138,26396
2023-06-06 13:15:21,61,63,12438,26696
2023-06-06 13:15:37,60,63,12438,26696
2023-06-06 13:15:40,60,62,12438,26696
2023-06-06 13:15:58,61,62,12438,26696
2023-06-06 13:16:23,62,63,12438,26726
2023-06-06 13:16:23,61,63,12438,26726
2023-06-06 13:16:23,62,63,12438,26726
2023-06-06 13:17:05,60,63,12438,26726
2023-06-06 13:17:06,60,62,12438,26726
2023-06-06 13:17:06,59,62,12438,26726
2023-06-06 13:17:14,59,62,12438,26926
2023-06-06 13:17:14,59,61,12438,26926
2023-06-06 13:17:16,57,59,12438,27106
2023-06-06 13:17:16,57,61,12438,27106
2023-06-06 13:17:29,58,61,12438,27106
2023-06-06 13:17:40,57,61,12438,27106
2023-06-06 13:17:41,58,61,12438,27106
2023-06-06 13:18:04,58,60,12438,27106
2023-06-06 13:18:14,57,60,12438,27106
2023-06-06 13:18:16,57,59,12438,27106
2023-06-06 13:18:19,57,58,12438,27106
2023-06-06 13:18:20,56,57,12438,27196
2023-06-06 13:18:20,56,58,12438,27196
2023-06-06 13:18:21,56,58,12363,27271
2023-06-06 13:18:21,55,56,12318,27316
2023-06-06 13:18:21,55,56,12343,27341
2023-06-06 13:18:21,54,56,12343,27341
2023-06-06 13:18:46,55,56,12343,27341
2023-06-06 13:18:58,56,57,12373,27371
2023-06-06 13:19:54,55,57,12373,27371
2023-06-06 13:19:54,55,56,12373,27371
2023-06-06 13:19:57,56,57,12373,27396
2023-06-06 13:20:08,55,57,12423,27446
2023-06-06 13:20:08,55,57,12433,27456
2023-06-06 13:20:10,55,57,12633,27656
2023-06-06 13:20:11,55,57,12833,27856
2023-06-06 13:20:12,55,57,13033,28056
2023-06-06 13:20:12,55,56,13033,28056
2023-06-06 13:20:16,52,56,12993,28096
2023-06-06 13:20:16,52,54,12993,28096
2023-06-06 13:20:18,52,53,12993,28096
2023-06-06 13:20:52,52,55,13023,28126
2023-06-06 13:20:52,51,55,13023,28126
2023-06-06 13:20:52,53,55,13023,28126
2023-06-06 13:21:02,52,55,13023,28126
2023-06-06 13:21:02,54,55,13023,28126
2023-06-06 13:21:49,54,55,13033,28136
2023-06-06 13:21:49,55,56,13033,28156
2023-06-06 13:21:49,54,56,13033,28156
2023-06-06 13:22:10,54,55,13033,28156
2023-06-06 13:22:13,50,55,13033,28186
2023-06-06 13:22:13,50,52,13033,28186
2023-06-06 13:22:15,50,51,13033,28186
2023-06-06 13:22:21,50,52,13033,28186
2023-06-06 13:22:47,50,51,13033,28186
2023-06-06 13:23:02,50,52,13033,28186
2023-06-06 13:23:07,50,51,13033,28186
2023-06-06 13:23:16,50,51,12958,28261
2023-06-06 13:23:42,49,51,12958,28261
2023-06-06 13:23:42,49,50,12958,28261
2023-06-06 13:23:43,49,50,12883,28336
2023-06-06 13:23:43,48,49,12838,28381
2023-06-06 13:24:34,48,49,12838,28386
2023-06-06 13:24:38,49,51,12838,28501
2023-06-06 13:25:01,48,51,12838,28501
2023-06-06 13:25:19,48,50,12838,28501
2023-06-06 13:25:20,48,49,12838,28501
2023-06-06 13:25:30,48,50,12838,28501
2023-06-06 13:25:35,47,50,12838,28501
2023-06-06 13:25:41,47,48,12838,28501
2023-06-06 13:25:42,46,48,12838,28531
2023-06-06 13:25:43,46,47,12838,28531
2023-06-06 13:25:46,42,46,12778,28591
2023-06-06 13:25:46,42,44,12778,28591
2023-06-06 13:25:46,42,44,12823,28636
2023-06-06 13:25:47,42,46,12703,28756
2023-06-06 13:25:47,41,46,12703,28756
2023-06-06 13:25:47,41,45,12703,28756
2023-06-06 13:25:48,41,44,12703,28756
2023-06-06 13:25:48,40,44,12703,28756
2023-06-06 13:25:48,40,43,12703,28756
2023-06-06 13:25:50,40,41,12703,28756
2023-06-06 13:25:50,40,41,12727,28780
2023-06-06 13:26:04,40,44,12727,28780
2023-06-06 13:26:20,41,44,12727,28780
2023-06-06 13:26:25,40,44,12727,28780
2023-06-06 13:26:35,40,43,12727,28780
2023-06-06 13:26:44,40,41,12727,28780
2023-06-06 13:26:56,40,42,12757,28810
2023-06-06 13:27:05,41,42,12757,28810
2023-06-06 13:27:12,42,44,12757,28840
2023-06-06 13:27:15,42,45,12757,28840
2023-06-06 13:27:16,43,45,12757,28840
2023-06-06 13:27:48,42,45,12757,28840
2023-06-06 13:27:52,43,45,12757,28840
2023-06-06 13:27:53,44,45,12757,28840
2023-06-06 13:28:01,44,47,12787,28870
2023-06-06 13:28:01,44,46,12787,28870
2023-06-06 13:28:01,44,47,12787,28870
2023-06-06 13:28:16,45,47,12787,28870
2023-06-06 13:28:22,45,48,12817,28900
2023-06-06 13:28:27,44,48,12817,28900
2023-06-06 13:28:28,45,48,12817,28900
2023-06-06 13:28:44,45,49,12847,28930
2023-06-06 13:28:45,47,49,12847,28930
2023-06-06 13:28:48,46,49,12847,28930
2023-06-06 13:28:51,47,49,12847,28930
2023-06-06 13:29:09,47,50,12877,28960
2023-06-06 13:29:09,48,50,12877,28960
2023-06-06 13:29:12,51,52,13007,29090
2023-06-06 13:29:12,51,52,13032,29115
2023-06-06 13:29:12,51,52,13057,29140
2023-06-06 13:29:12,51,52,13067,29150
2023-06-06 13:29:13,51,52,13097,29180
2023-06-06 13:29:36,49,52,13097,29180
2023-06-06 13:29:37,49,51,13097,29180
2023-06-06 13:30:04,49,52,13097,29180
2023-06-06 13:30:04,50,52,13097,29180
2023-06-06 13:30:12,49,52,13097,29180
2023-06-06 13:30:17,50,52,13097,29180
2023-06-06 13:30:39,50,51,13097,29180
2023-06-06 13:30:58,50,52,13097,29180
2023-06-06 13:31:04,50,51,13097,29180
2023-06-06 13:31:35,50,52,13097,29180
2023-06-06 13:31:35,51,52,13097,29180
2023-06-06 13:31:49,50,52,13097,29180
2023-06-06 13:31:49,50,52,13430,29513
2023-06-06 13:31:50,50,51,13430,29513
2023-06-06 13:31:58,48,51,13430,29513
2023-06-06 13:31:58,48,50,13430,29513
2023-06-06 13:32:04,48,49,13430,29513
2023-06-06 13:33:02,48,50,13430,29513
2023-06-06 13:33:06,48,50,13280,29663
2023-06-06 13:33:10,48,49,13280,29663
2023-06-06 13:33:15,47,49,13280,29663
2023-06-06 13:33:33,48,49,13280,29663
2023-06-06 13:33:44,47,48,13240,29703
2023-06-06 13:34:02,46,48,13240,29703
2023-06-06 13:34:15,47,48,13240,29703
2023-06-06 13:34:16,47,49,13240,29703
2023-06-06 13:35:30,46,49,13240,29703
2023-06-06 13:35:57,47,49,13240,29703
2023-06-06 13:36:10,47,50,13270,29733
2023-06-06 13:36:40,48,50,13270,29733
2023-06-06 13:37:05,48,51,13300,29763
2023-06-06 13:37:07,49,51,13300,29763
2023-06-06 13:37:16,50,51,13300,29763
2023-06-06 13:37:31,49,51,13300,29763
2023-06-06 13:38:09,50,51,13300,29763
2023-06-06 13:39:06,49,51,13300,29763
2023-06-06 13:40:46,49,50,13300,29763
2023-06-06 13:40:47,47,50,13300,29763
2023-06-06 13:41:01,47,49,13300,29763
2023-06-06 13:42:04,47,50,13300,29763
2023-06-06 13:42:24,47,49,13300,29763
2023-06-06 13:42:26,47,48,13300,29763
2023-06-06 13:42:33,46,48,13300,29763
2023-06-06 13:43:21,46,47,13300,29763
2023-06-06 13:43:28,45,47,13300,29763
2023-06-06 13:44:28,46,47,13300,29763
2023-06-06 13:45:07,46,47,13225,29838
2023-06-06 13:45:08,45,47,13225,29838
2023-06-06 13:45:25,46,47,13225,29838
2023-06-06 13:45:37,46,49,13225,29838
2023-06-06 13:45:43,48,49,13225,29838
2023-06-06 13:45:49,48,51,13225,29838
2023-06-06 13:46:02,48,50,13225,29838
2023-06-06 13:46:41,48,49,13225,29838
2023-06-06 13:46:42,46,49,13225,29838
2023-06-06 13:46:45,47,49,13225,29838
2023-06-06 13:46:57,47,50,13225,29838
2023-06-06 13:47:09,47,51,13225,29838
2023-06-06 13:47:09,48,51,13225,29838
2023-06-06 13:47:09,50,51,13225,29838
2023-06-06 13:47:37,48,51,13225,29838
2023-06-06 13:47:37,47,51,13225,29838
2023-06-06 13:47:37,48,51,13225,29838
2023-06-06 13:47:37,48,50,13225,29838
2023-06-06 13:47:40,48,49,13225,29838
2023-06-06 13:47:55,45,48,13180,29883
2023-06-06 13:48:22,45,47,13180,29883
2023-06-06 13:49:11,45,46,13180,29883
2023-06-06 13:49:12,45,47,13180,29883
2023-06-06 13:49:55,45,46,13180,29883
2023-06-06 13:50:10,47,48,13440,30193
2023-06-06 13:50:10,47,48,13470,30223
2023-06-06 13:50:11,47,48,13500,30253
2023-06-06 13:51:12,48,49,13530,30283
2023-06-06 13:51:56,48,49,13530,30333
2023-06-06 13:52:09,46,49,13530,30333
2023-06-06 13:52:09,46,48,13530,30333
2023-06-06 13:52:39,47,48,13530,30333
2023-06-06 13:52:48,47,49,13530,30333
2023-06-06 13:52:49,48,49,13530,30333
2023-06-06 13:53:22,47,49,13530,30333
2023-06-06 13:53:22,47,48,13530,30333
2023-06-06 13:53:25,47,49,13380,30666
2023-06-06 13:53:43,47,48,13380,30666
2023-06-06 13:53:48,46,47,13380,30696
2023-06-06 13:53:51,44,47,13380,30786
2023-06-06 13:53:51,44,46,13380,30786
2023-06-06 13:53:51,45,46,13380,30786
2023-06-06 13:53:57,45,46,13330,30836
2023-06-06 13:53:58,44,45,13290,30876
2023-06-06 13:54:05,43,45,13290,30906
2023-06-06 13:54:11,43,44,13290,30906
2023-06-06 13:54:14,42,44,13260,30936
2023-06-06 13:54:21,43,44,13260,30936
2023-06-06 13:55:03,43,44,13260,31136
2023-06-06 13:55:03,43,44,13322,31198
2023-06-06 13:55:03,41,44,13410,31286
2023-06-06 13:55:05,41,43,13410,31286
2023-06-06 13:55:06,41,43,13580,31456
2023-06-06 13:55:06,41,42,13580,31456
2023-06-06 13:55:06,41,43,13580,31456
2023-06-06 13:55:06,41,43,13640,31516
2023-06-06 13:55:06,41,42,13640,31516
2023-06-06 13:55:06,41,42,13810,31686
2023-06-06 13:55:07,41,42,13910,31786
2023-06-06 13:55:07,41,42,13970,31846
2023-06-06 13:55:08,37,42,13970,31846
2023-06-06 13:55:08,37,41,13970,31846
2023-06-06 13:55:08,37,40,13970,31846
2023-06-06 13:55:21,37,39,13970,31846
2023-06-06 13:55:29,37,39,13637,32179
2023-06-06 13:55:40,37,39,13518,32512
2023-06-06 13:55:46,37,38,13518,32512
2023-06-06 13:55:49,36,38,13518,32632
2023-06-06 13:55:57,37,38,13518,32632
2023-06-06 13:55:59,37,38,13518,32682
2023-06-06 13:56:41,37,38,13524,33015
2023-06-06 13:56:49,36,38,13524,33015
2023-06-06 13:57:01,37,38,13524,33015
2023-06-06 13:57:34,36,38,13524,33015
2023-06-06 13:57:37,36,37,13524,33015
2023-06-06 13:57:53,37,38,13518,33045
2023-06-06 13:57:54,36,38,13518,33045
2023-06-06 13:57:55,37,38,13518,33045
2023-06-06 13:58:08,36,38,13518,33045
2023-06-06 13:58:23,37,38,13518,33045
2023-06-06 13:58:23,37,38,13518,33175
2023-06-06 13:58:24,36,38,13518,33175
2023-06-06 13:58:27,35,38,13614,33295
2023-06-06 13:58:45,37,38,13614,33295
2023-06-06 13:58:50,37,38,13614,33345
2023-06-06 13:58:54,36,38,13614,33345
2023-06-06 13:58:58,36,37,13614,33345
2023-06-06 13:59:06,36,37,13414,33545
2023-06-06 13:59:19,35,37,13414,33545
2023-06-06 13:59:38,36,37,13414,33545
2023-06-06 13:59:44,37,38,13348,33611
2023-06-06 13:59:44,37,38,13348,33671
2023-06-06 13:59:45,36,38,13348,33671
2023-06-06 13:59:56,36,39,13318,33737
2023-06-06 14:00:09,36,38,13318,33737
2023-06-06 14:00:32,35,38,13318,33737
2023-06-06 14:00:54,35,37,13318,33737
2023-06-06 14:01:01,35,36,13318,33737
2023-06-06 14:01:03,35,37,13318,33737
2023-06-06 14:01:11,35,36,13318,33737
2023-06-06 14:01:12,35,36,13318,33739
2023-06-06 14:01:12,34,36,13322,33777
2023-06-06 14:01:12,34,35,13322,33777
2023-06-06 14:02:07,34,35,13387,33842
2023-06-06 14:02:17,34,35,13397,33852
2023-06-06 14:02:17,34,35,13407,33862
2023-06-06 14:02:17,33,35,13427,33882
2023-06-06 14:02:17,33,35,13467,33922
2023-06-06 14:02:41,33,34,13467,33922
2023-06-06 14:02:41,33,34,13487,33942
2023-06-06 14:02:41,33,35,13487,33942
2023-06-06 14:02:48,32,35,13492,33947
2023-06-06 14:02:59,31,35,13638,34093
2023-06-06 14:03:04,31,32,13638,34093
2023-06-06 14:03:14,30,32,13648,34103
2023-06-06 14:03:23,29,32,13758,34713
2023-06-06 14:03:26,29,31,13758,34713
2023-06-06 14:03:57,30,31,13758,34713
2023-06-06 14:04:02,29,31,13862,34913
2023-06-06 14:04:14,29,30,13862,34913
2023-06-06 14:04:20,29,31,13862,34913
2023-06-06 14:04:24,29,30,13862,34913
2023-06-06 14:04:26,28,30,13872,34923
2023-06-06 14:04:34,30,31,13832,34963
2023-06-06 14:04:34,28,31,13832,34963
2023-06-06 14:04:35,29,31,13832,34963
2023-06-06 14:04:35,28,31,13990,35121
2023-06-06 14:04:37,29,31,13990,35121
2023-06-06 14:04:38,31,32,13902,35209
2023-06-06 14:04:38,29,32,13902,35209
2023-06-06 14:04:42,30,32,13902,35209
2023-06-06 14:04:42,30,32,13802,35309
2023-06-06 14:04:42,32,33,13604,35507
2023-06-06 14:04:43,30,33,13604,35507
2023-06-06 14:04:45,30,32,13604,35507
2023-06-06 14:04:46,32,33,13604,35607
2023-06-06 14:04:46,30,33,13604,35607
2023-06-06 14:04:50,30,33,13271,35940
2023-06-06 14:04:54,30,32,13271,35940
2023-06-06 14:04:54,30,33,13271,35940
2023-06-06 14:04:55,30,34,13111,36110
2023-06-06 14:04:56,30,33,13111,36110
2023-06-06 14:05:08,31,33,13111,36110
2023-06-06 14:05:09,31,35,13073,36263
2023-06-06 14:05:09,31,34,13073,36263
2023-06-06 14:05:37,31,33,13073,36263
2023-06-06 14:05:46,30,33,13103,36313
2023-06-06 14:06:03,29,33,13334,36544
2023-06-06 14:06:25,30,33,13334,36544
2023-06-06 14:06:55,29,33,13334,36544
2023-06-06 14:06:59,29,32,13334,36544
2023-06-06 14:07:02,31,32,13334,36544
2023-06-06 14:07:08,28,31,13334,36551
2023-06-06 14:07:21,29,31,13334,36551
2023-06-06 14:07:32,29,32,13334,36611
2023-06-06 14:07:43,29,31,13334,36611
2023-06-06 14:08:22,29,32,13334,36621
2023-06-06 14:08:28,29,32,13462,36749
2023-06-06 14:08:29,29,31,13462,36749
2023-06-06 14:08:32,29,32,13462,36749
2023-06-06 14:08:33,29,30,13462,36749
2023-06-06 14:08:34,30,32,13362,36849
2023-06-06 14:08:34,29,32,13362,36849
2023-06-06 14:08:46,28,32,13372,36859
2023-06-06 14:08:54,29,32,13372,36859
2023-06-06 14:09:09,30,32,13372,36859
2023-06-06 14:09:14,32,33,13352,36879
2023-06-06 14:09:14,30,33,13352,36879
2023-06-06 14:09:21,31,33,13352,36879
2023-06-06 14:09:24,33,35,13240,36991
2023-06-06 14:09:24,31,35,13240,36991
2023-06-06 14:09:25,33,35,13240,36991
2023-06-06 14:09:35,33,36,13240,37001
2023-06-06 14:09:46,35,36,13240,37001
2023-06-06 14:09:48,35,37,13240,37011
2023-06-06 14:09:50,33,37,13469,37240
2023-06-06 14:09:51,34,37,13469,37240
2023-06-06 14:09:52,34,38,13469,37240
2023-06-06 14:09:54,35,38,13469,37240
2023-06-06 14:09:55,36,38,13469,37240
2023-06-06 14:09:55,38,39,13469,37250
2023-06-06 14:10:07,35,39,13469,37250
2023-06-06 14:10:07,35,38,13469,37250
2023-06-06 14:10:10,36,38,13469,37250
2023-06-06 14:10:12,35,38,13469,37250
2023-06-06 14:10:13,35,39,13469,37295
2023-06-06 14:10:16,35,38,13469,37295
2023-06-06 14:10:27,35,39,13569,37395
2023-06-06 14:10:27,36,39,13569,37395
2023-06-06 14:10:44,37,39,13569,37395
2023-06-06 14:10:52,37,40,13679,37505
2023-06-06 14:10:56,36,40,13679,37705
2023-06-06 14:11:08,37,40,13679,37705
2023-06-06 14:11:12,37,40,13869,37895
2023-06-06 14:11:12,37,39,13869,37895
2023-06-06 14:11:15,37,40,13869,37995
2023-06-06 14:11:18,38,40,13869,37995
2023-06-06 14:11:20,38,40,13879,38095
2023-06-06 14:11:23,38,40,13879,38195
2023-06-06 14:11:24,38,41,13879,38231
2023-06-06 14:11:31,39,41,13879,38231
2023-06-06 14:11:31,39,42,13889,38241
2023-06-06 14:11:37,40,42,13889,38241
2023-06-06 14:11:39,40,43,13899,38251
2023-06-06 14:11:40,40,44,13899,38251
2023-06-06 14:11:40,41,44,13899,38251
2023-06-06 14:11:48,41,45,14009,38361
2023-06-06 14:11:48,42,45,14009,38361
2023-06-06 14:11:52,41,45,14009,38361
2023-06-06 14:11:52,43,45,14009,38361
2023-06-06 14:11:54,41,45,14009,38461
2023-06-06 14:12:29,42,45,14009,38461
2023-06-06 14:12:34,41,45,14109,38561
2023-06-06 14:12:34,41,44,14109,38561
2023-06-06 14:12:36,42,44,14109,38561
2023-06-06 14:12:37,42,45,14109,38661
2023-06-06 14:12:38,43,45,14109,38661
2023-06-06 14:12:39,45,46,14119,38671
2023-06-06 14:12:57,45,47,14159,38711
2023-06-06 14:13:08,44,47,14372,38924
2023-06-06 14:13:48,43,47,14460,39022
2023-06-06 14:14:08,43,46,14460,39022
2023-06-06 14:14:14,43,47,14560,39122
2023-06-06 14:14:15,44,47,14560,39122
2023-06-06 14:14:16,44,46,14560,39122
2023-06-06 14:14:17,42,46,14560,39262
2023-06-06 14:14:26,43,46,14560,39262
2023-06-06 14:14:32,44,46,14560,39262
2023-06-06 14:14:35,44,47,14570,39272
2023-06-06 14:14:36,43,47,14670,39372
2023-06-06 14:14:36,43,45,14670,39372
2023-06-06 14:14:36,45,47,14570,39472
2023-06-06 14:14:36,43,47,14570,39472
2023-06-06 14:14:44,44,47,14570,39472
2023-06-06 14:15:28,43,47,14745,39657
2023-06-06 14:15:36,44,47,14745,39657
2023-06-06 14:15:38,43,47,14745,39657
2023-06-06 14:15:45,45,47,14745,39657
2023-06-06 14:15:59,45,46,14745,39657
2023-06-06 14:16:06,43,46,14745,39657
2023-06-06 14:16:06,41,46,14745,39657
2023-06-06 14:16:06,41,44,14745,39657
2023-06-06 14:16:41,40,44,15038,39970
2023-06-06 14:16:42,40,43,15038,39970
2023-06-06 14:16:44,40,44,15038,40070
2023-06-06 14:16:50,41,44,15038,40070
2023-06-06 14:16:50,42,44,15038,40070
2023-06-06 14:16:50,42,44,15038,40170
2023-06-06 14:16:54,42,45,15038,40209
2023-06-06 14:16:56,42,46,15038,40209
2023-06-06 14:16:56,42,45,15038,40209
2023-06-06 14:17:06,43,45,15038,40209
2023-06-06 14:17:10,43,46,15038,40219
2023-06-06 14:17:44,43,46,15038,40319
2023-06-06 14:17:45,43,47,15048,40357
2023-06-06 14:18:01,44,47,15048,40357
2023-06-06 14:18:03,43,47,15048,40357
2023-06-06 14:18:03,45,47,15048,40357
2023-06-06 14:18:21,43,47,15217,40526
2023-06-06 14:18:27,43,46,15217,40526
2023-06-06 14:18:31,43,45,15217,40526
2023-06-06 14:18:40,41,45,15331,40650
2023-06-06 14:18:56,42,45,15331,40650
2023-06-06 14:19:02,41,45,15331,40650
2023-06-06 14:19:09,41,44,15331,40650
2023-06-06 14:19:10,41,45,15331,40650
2023-06-06 14:19:18,42,45,15331,40650
2023-06-06 14:19:34,43,45,15331,40650
2023-06-06 14:19:44,43,46,15331,40660
2023-06-06 14:19:50,43,47,15331,40711
2023-06-06 14:20:00,43,46,15331,40711
2023-06-06 14:20:05,43,45,15331,40711
2023-06-06 14:20:23,43,44,15331,40711
2023-06-06 14:20:24,41,44,15351,40731
2023-06-06 14:20:26,42,44,15351,40731
2023-06-06 14:20:32,41,44,15351,40731
2023-06-06 14:20:56,42,44,15351,40731
2023-06-06 14:21:08,41,44,15351,40731
2023-06-06 14:21:13,42,44,15351,40731
2023-06-06 14:21:17,41,44,15351,40731
2023-06-06 14:21:23,42,44,15351,40731
2023-06-06 14:22:00,42,43,15351,40731
2023-06-06 14:22:01,41,43,15351,40731
2023-06-06 14:22:10,41,42,15351,40731
2023-06-06 14:22:12,41,43,15351,40731
2023-06-06 14:22:12,40,41,15391,40771
2023-06-06 14:22:12,40,43,15391,40771
2023-06-06 14:22:32,40,42,15391,40771
2023-06-06 14:22:35,38,42,15391,40771
2023-06-06 14:22:35,38,41,15391,40771
2023-06-06 14:23:01,39,41,15391,40771
2023-06-06 14:23:03,40,41,15391,40771
2023-06-06 14:23:06,40,42,15391,40791
2023-06-06 14:23:42,41,42,15391,40791
2023-06-06 14:23:45,40,42,15652,41052
2023-06-06 14:23:50,40,43,15652,41072
2023-06-06 14:23:51,41,43,15652,41072
2023-06-06 14:23:51,42,43,15652,41072
2023-06-06 14:23:53,42,44,15652,41082
2023-06-06 14:23:55,43,44,15652,41082
2023-06-06 14:24:05,43,45,15652,41202
2023-06-06 14:24:17,43,46,15662,41212
2023-06-06 14:24:34,44,46,15662,41212
2023-06-06 14:24:36,44,46,15662,41312
2023-06-06 14:24:39,44,47,15672,41382
2023-06-06 14:25:21,46,47,15672,41382
2023-06-06 14:25:43,44,47,15869,41579
2023-06-06 14:25:54,45,47,15869,41579
2023-06-06 14:25:58,45,48,15879,41589
2023-06-06 14:26:02,46,48,15879,41589
2023-06-06 14:26:03,46,49,15889,41599
2023-06-06 14:26:12,46,50,15899,41687
2023-06-06 14:26:15,48,50,15899,41687
2023-06-06 14:26:19,48,49,15899,41687
2023-06-06 14:26:24,46,49,15899,41687
2023-06-06 14:26:25,46,48,15899,41687
2023-06-06 14:26:25,46,48,15879,41762
2023-06-06 14:26:32,46,49,15879,41762
2023-06-06 14:26:32,47,49,15879,41762
2023-06-06 14:26:55,48,49,15879,41762
2023-06-06 14:27:15,48,50,15882,41765
2023-06-06 14:27:16,49,50,15882,41765
2023-06-06 14:27:22,50,51,15882,41775
2023-06-06 14:27:22,49,51,15882,41775
2023-06-06 14:27:23,49,50,15882,41775
2023-06-06 14:27:23,49,50,15882,41830
2023-06-06 14:27:23,49,51,15882,41830
2023-06-06 14:27:24,51,52,15805,41907
2023-06-06 14:27:25,49,52,15805,41907
2023-06-06 14:27:25,51,52,15805,41907
2023-06-06 14:27:28,52,53,15721,42067
2023-06-06 14:27:28,51,53,15721,42067
2023-06-06 14:27:37,51,54,15831,42177
2023-06-06 14:27:39,52,54,15831,42177
2023-06-06 14:27:41,54,55,15941,42287
2023-06-06 14:28:26,52,55,15941,42287
2023-06-06 14:28:31,52,54,15941,42287
2023-06-06 14:28:31,52,53,15941,42287
2023-06-06 14:28:46,52,54,15941,42287
2023-06-06 14:28:49,53,54,15941,42287
2023-06-06 14:29:03,52,54,15941,42287
2023-06-06 14:29:08,53,54,15941,42287
2023-06-06 14:29:14,52,54,15941,42487
2023-06-06 14:29:18,53,54,15941,42487
2023-06-06 14:29:19,54,55,15944,42490
2023-06-06 14:29:29,55,56,15944,42500
2023-06-06 14:29:29,54,56,15944,42500
2023-06-06 14:29:38,56,57,15944,42510
2023-06-06 14:29:38,54,57,15944,42510
2023-06-06 14:29:39,55,57,15944,42510
2023-06-06 14:29:41,54,57,15944,42510
2023-06-06 14:29:42,56,57,15944,42510
2023-06-06 14:29:50,57,58,15894,42640
2023-06-06 14:29:50,56,58,15894,42640
2023-06-06 14:30:39,55,58,15894,42640
2023-06-06 14:30:39,56,58,15894,42640
2023-06-06 14:30:41,57,58,15894,42640
2023-06-06 14:30:44,58,59,15894,42660
2023-06-06 14:30:44,57,59,15894,42660
2023-06-06 14:31:27,57,58,15894,42660
2023-06-06 14:31:28,56,58,15894,42660
2023-06-06 14:31:28,55,58,15894,42660
2023-06-06 14:31:28,56,58,15894,42660
2023-06-06 14:32:05,57,58,15894,42660
2023-06-06 14:32:27,56,58,15894,42660
2023-06-06 14:32:46,57,58,15894,42660
2023-06-06 14:32:48,58,59,15894,42663
2023-06-06 14:32:49,57,59,15894,42663
2023-06-06 14:33:45,56,59,15894,42663
2023-06-06 14:33:50,56,58,15894,42663
2023-06-06 14:33:51,56,57,15894,42663
2023-06-06 14:33:52,53,54,16360,43169
2023-06-06 14:33:54,53,54,16431,43240
2023-06-06 14:33:55,52,54,16431,43240
2023-06-06 14:33:58,53,54,16431,43240
2023-06-06 14:34:05,53,54,16402,43269
2023-06-06 14:34:10,53,54,16288,43408
2023-06-06 14:34:31,54,55,16288,43437
2023-06-06 14:34:31,53,55,16288,43437
2023-06-06 14:34:50,54,55,16288,43437
2023-06-06 14:35:24,54,56,16288,43437
2023-06-06 14:35:26,54,55,16288,43437
2023-06-06 14:35:28,53,55,16288,43450
2023-06-06 14:35:28,53,55,16288,43463
2023-06-06 14:35:28,53,54,16288,43463
2023-06-06 14:35:28,51,53,16288,43490
2023-06-06 14:35:29,51,54,16288,43490
2023-06-06 14:35:32,52,54,16288,43490
2023-06-06 14:35:38,53,54,16288,43490
2023-06-06 14:35:49,53,56,16311,43513
2023-06-06 14:36:05,54,56,16311,43513
2023-06-06 14:36:08,55,56,16311,43513
2023-06-06 14:36:17,56,58,16311,43523
2023-06-06 14:36:17,55,58,16311,43523
2023-06-06 14:36:17,55,57,16311,43523
2023-06-06 14:36:45,55,56,16311,43523
2023-06-06 14:37:08,53,56,16311,43523
2023-06-06 14:37:08,54,56,16311,43523
2023-06-06 14:37:45,54,57,16321,43533
2023-06-06 14:37:46,53,57,16490,43712
2023-06-06 14:37:46,53,56,16490,43712
2023-06-06 14:37:59,53,57,16490,43712
2023-06-06 14:37:59,53,55,16490,43712
2023-06-06 14:38:11,54,55,16490,43712
2023-06-06 14:38:58,53,55,16490,43722
2023-06-06 14:38:58,53,54,16490,43722
2023-06-06 14:39:09,52,54,16490,44200
2023-06-06 14:39:14,52,53,16490,44200
2023-06-06 14:39:32,52,54,16500,44210
2023-06-06 14:39:37,53,54,16500,44210
2023-06-06 14:39:38,54,55,16500,44213
2023-06-06 14:39:38,53,55,16500,44213
2023-06-06 14:39:39,53,55,16500,44313
2023-06-06 14:39:46,53,57,16510,44323
2023-06-06 14:39:47,54,57,16510,44323
2023-06-06 14:39:50,57,58,16620,44433
2023-06-06 14:40:00,55,58,16630,44443
2023-06-06 14:40:00,55,57,16630,44443
2023-06-06 14:40:00,55,56,16630,44443
2023-06-06 14:40:02,53,56,16630,44443
2023-06-06 14:40:02,53,57,16630,44443
2023-06-06 14:40:02,54,57,16630,44443
2023-06-06 14:40:03,55,57,16630,44443
2023-06-06 14:40:03,55,56,16630,44443
2023-06-06 14:40:06,55,57,16630,44443
2023-06-06 14:40:18,56,57,16630,44443
2023-06-06 14:40:25,56,58,16640,44453
2023-06-06 14:40:25,56,57,16640,44453
2023-06-06 14:40:48,57,59,16640,44456
2023-06-06 14:40:48,56,59,16640,44456
2023-06-06 14:40:48,56,58,16640,44456
2023-06-06 14:40:49,57,58,16640,44456
2023-06-06 14:40:54,57,59,16640,44456
2023-06-06 14:41:04,57,59,16665,44481
2023-06-06 14:41:04,58,59,16665,44481
2023-06-06 14:41:09,58,59,16965,44781
2023-06-06 14:42:22,58,59,16997,44813
2023-06-06 14:42:25,58,59,16885,45013
2023-06-06 14:42:27,58,59,16685,45213
2023-06-06 14:43:28,58,59,16685,45244
2023-06-06 14:43:29,58,60,16688,45334
2023-06-06 14:43:29,59,60,16688,45334
2023-06-06 14:43:44,59,60,16788,45434
2023-06-06 14:43:46,59,60,16788,45634
2023-06-06 14:43:46,59,60,16888,45734
2023-06-06 14:43:50,59,60,17029,45934
2023-06-06 14:43:53,59,60,17229,46134
2023-06-06 14:43:54,59,60,17429,46334
2023-06-06 14:43:55,59,60,17629,46534
2023-06-06 14:43:57,59,60,17692,46597
2023-06-06 14:44:00,59,60,17892,46797
2023-06-06 14:44:03,59,60,18092,46997
2023-06-06 14:44:04,59,60,18292,47197
2023-06-06 14:44:05,59,60,18492,47397
2023-06-06 14:44:09,59,62,18639,47544
2023-06-06 14:44:10,60,62,18639,47544
2023-06-06 14:44:11,59,62,18639,47544
2023-06-06 14:44:11,61,62,18639,47544
2023-06-06 14:44:31,61,62,18839,47744
2023-06-06 14:44:34,61,63,18839,48054
2023-06-06 14:44:34,60,63,18839,48054
2023-06-06 14:44:34,60,63,18933,48148
2023-06-06 14:44:34,61,63,18933,48148
2023-06-06 14:44:34,62,63,18933,48148
2023-06-06 14:44:44,62,64,18933,48564
2023-06-06 14:44:55,62,65,18786,48901
2023-06-06 14:44:57,63,65,18786,48901
2023-06-06 14:45:02,63,65,18801,48916
2023-06-06 14:45:09,60,61,18826,48961
2023-06-06 14:45:09,60,62,18826,48961
2023-06-06 14:45:12,61,62,18826,48961
2023-06-06 14:45:12,59,62,18982,49347
2023-06-06 14:45:31,60,62,18982,49347
2023-06-06 14:45:42,61,62,18982,49347
2023-06-06 14:45:47,60,62,18982,49347
2023-06-06 14:45:58,60,63,18982,49372
2023-06-06 14:46:09,61,63,18982,49372
2023-06-06 14:46:20,61,64,18982,49397
2023-06-06 14:46:46,61,65,18921,49568
2023-06-06 14:46:46,62,65,18921,49568
2023-06-06 14:46:47,61,65,18921,49568
2023-06-06 14:46:47,63,65,18921,49568
2023-06-06 14:46:50,63,66,18921,49668
2023-06-06 14:46:51,63,65,18921,49668
2023-06-06 14:46:58,61,65,18921,49668
2023-06-06 14:46:58,62,65,18921,49668
2023-06-06 14:46:59,62,64,18921,49668
2023-06-06 14:47:02,62,65,18921,49768
2023-06-06 14:47:03,62,65,18920,49769
2023-06-06 14:47:14,62,66,18738,50061
2023-06-06 14:47:14,62,65,18738,50061
2023-06-06 14:47:26,62,66,18738,50245
2023-06-06 14:47:34,63,66,18738,50245
2023-06-06 14:47:39,64,66,18738,50245
2023-06-06 14:47:39,63,64,18738,50305
2023-06-06 14:47:39,63,66,18738,50305
2023-06-06 14:47:51,63,68,18588,52265
2023-06-06 14:47:51,63,67,18588,52265
2023-06-06 14:47:52,64,67,18588,52265
2023-06-06 14:47:56,64,68,18588,52265
2023-06-06 14:47:57,64,67,18588,52265
2023-06-06 14:48:08,64,67,18388,52465
2023-06-06 14:48:08,64,66,18388,52465
2023-06-06 14:48:10,64,66,18188,52665
2023-06-06 14:48:12,63,64,18079,52774
2023-06-06 14:48:12,63,66,18079,52774
2023-06-06 14:48:16,63,65,18079,52774
2023-06-06 14:48:18,63,66,18079,52874
2023-06-06 14:48:27,64,66,18079,52874
2023-06-06 14:48:28,63,64,17979,52974
2023-06-06 14:48:28,63,66,17979,52974
2023-06-06 14:48:31,63,67,17979,53074
2023-06-06 14:48:31,64,67,17979,53074
2023-06-06 14:48:40,64,67,17979,53124
2023-06-06 14:48:45,65,67,17979,53124
2023-06-06 14:48:52,64,67,17979,53124
2023-06-06 14:48:52,64,66,17979,53124
2023-06-06 14:49:00,63,64,17919,53302
2023-06-06 14:49:00,63,66,17919,53302
2023-06-06 14:49:04,63,65,17919,53302
2023-06-06 14:49:14,63,66,17860,53471
2023-06-06 14:49:16,64,66,17860,53471
2023-06-06 14:49:16,63,64,17760,53571
2023-06-06 14:49:16,63,66,17760,53571
2023-06-06 14:49:24,63,67,17760,53691
2023-06-06 14:49:24,63,66,17760,53691
2023-06-06 14:49:24,64,66,17760,53691
2023-06-06 14:49:27,64,67,17760,53691
2023-06-06 14:49:27,64,66,17760,53691
2023-06-06 14:49:29,63,64,17660,53791
2023-06-06 14:49:29,63,66,17660,53791
2023-06-06 14:49:29,63,67,17660,53791
2023-06-06 14:49:29,63,66,17660,53791
2023-06-06 14:49:29,63,65,17660,53791
2023-06-06 14:49:34,63,66,17660,53891
2023-06-06 14:49:40,63,65,17660,53891
2023-06-06 14:49:43,64,65,17660,53891
2023-06-06 14:49:43,63,65,17660,53991
2023-06-06 14:49:43,63,64,17660,53991
2023-06-06 14:49:43,63,65,17660,53991
2023-06-06 14:49:43,62,63,17660,54021
2023-06-06 14:49:43,62,64,17660,54021
2023-06-06 14:49:43,62,66,17660,54021
2023-06-06 14:49:43,62,64,17660,54021
2023-06-06 14:49:43,62,66,17660,54021
2023-06-06 14:49:43,62,65,17660,54021
2023-06-06 14:49:43,62,63,17660,54021
2023-06-06 14:49:44,62,66,17660,54021
2023-06-06 14:49:44,62,65,17660,54021
2023-06-06 14:49:51,62,66,17660,54085
2023-06-06 14:49:55,62,67,17660,54195
2023-06-06 14:49:55,64,67,17660,54195
2023-06-06 14:49:58,64,66,17660,54195
2023-06-06 14:50:07,64,68,17660,54364
2023-06-06 14:50:07,64,67,17660,54364
2023-06-06 14:50:07,64,68,17660,54364
2023-06-06 14:50:07,64,66,17660,54364
2023-06-06 14:50:08,64,66,17660,54368
2023-06-06 14:50:10,64,66,17660,54422
2023-06-06 14:50:16,64,65,17660,54422
2023-06-06 14:50:17,64,66,17660,54422
2023-06-06 14:50:21,64,67,17683,54812
2023-06-06 14:50:22,64,66,17683,54812
2023-06-06 14:50:22,64,67,17683,54812
2023-06-06 14:50:25,65,67,17683,54812
2023-06-06 14:50:25,65,67,17683,54822
2023-06-06 14:50:36,65,68,17683,54822
2023-06-06 14:50:36,66,68,17683,54822
2023-06-06 14:50:37,66,68,17703,54842
2023-06-06 14:50:44,66,68,17723,54862
2023-06-06 14:51:03,67,68,17723,54862
2023-06-06 14:51:09,67,68,17723,54882
2023-06-06 14:51:17,67,68,17866,55025
2023-06-06 14:51:23,67,68,17866,55237
2023-06-06 14:51:23,68,71,18021,55392
2023-06-06 14:51:23,67,71,18021,55392
2023-06-06 14:51:26,68,71,18021,55392
2023-06-06 14:51:28,68,71,18078,55449
2023-06-06 14:51:28,70,71,18078,55449
2023-06-06 14:51:39,70,71,18098,55469
2023-06-06 14:51:50,70,71,18198,55569
2023-06-06 14:52:05,68,71,18198,55569
2023-06-06 14:52:05,69,71,18198,55569
2023-06-06 14:52:05,69,70,18198,55569
2023-06-06 14:53:06,69,70,18281,55652
2023-06-06 14:53:40,69,71,18711,56082
2023-06-06 14:53:58,67,71,18711,56082
2023-06-06 14:53:58,69,71,18711,56082
2023-06-06 14:54:20,69,72,19321,56692
2023-06-06 14:54:28,69,71,19321,56692
2023-06-06 14:54:37,69,70,19321,56692
2023-06-06 14:54:40,68,69,19311,56784
2023-06-06 14:54:40,68,70,19311,56784
2023-06-06 14:54:44,68,71,19311,56784
2023-06-06 14:54:44,69,71,19311,56784
2023-06-06 14:55:35,69,72,19311,56784
2023-06-06 14:55:35,70,72,19311,56784
2023-06-06 14:55:52,69,72,19311,56784
2023-06-06 14:55:52,71,72,19311,56784
2023-06-06 14:56:05,71,72,19311,56804
2023-06-06 14:56:49,71,72,19311,56810
2023-06-06 14:56:53,71,73,19661,57160
2023-06-06 14:57:04,70,73,19661,57160
2023-06-06 14:57:04,70,72,19661,57160
2023-06-06 14:57:07,70,71,19661,57160
2023-06-06 14:57:13,70,72,19761,57260
2023-06-06 14:57:21,69,70,19751,57270
2023-06-06 14:57:21,69,72,19751,57270
2023-06-06 14:57:22,70,72,19751,57270
2023-06-06 14:57:25,69,72,19751,57270
2023-06-06 14:57:25,71,72,19751,57270
2023-06-06 14:57:28,71,73,19751,57270
2023-06-06 14:57:31,71,72,19751,57290
2023-06-06 14:58:06,72,73,19757,57296
2023-06-06 14:58:16,72,73,19807,57346
2023-06-06 14:58:27,72,74,20117,57656
2023-06-06 14:58:45,72,74,20138,57756
2023-06-06 14:58:46,71,74,20138,57756
2023-06-06 14:58:46,73,74,20138,57756
2023-06-06 14:58:59,73,74,20138,57806
2023-06-06 14:59:12,73,74,20138,57906
2023-06-06 14:59:36,72,74,20138,57906
2023-06-06 14:59:36,72,73,20138,57906
2023-06-06 14:59:36,72,73,20138,57929
2023-06-06 15:00:02,72,73,20136,57931
2023-06-06 15:00:03,73,74,20139,57957
2023-06-06 15:00:03,72,74,20139,57957
2023-06-06 15:00:03,73,74,20139,57957
2023-06-06 15:00:05,73,74,20339,58157
2023-06-06 15:00:06,74,75,20349,58167
2023-06-06 15:00:06,73,75,20349,58167
2023-06-06 15:00:06,74,75,20349,58167
2023-06-06 15:00:12,74,75,20399,58217
2023-06-06 15:00:13,74,75,20599,58417
2023-06-06 15:00:34,74,75,20623,58441
2023-06-06 15:00:36,74,75,20823,58641
2023-06-06 15:00:37,75,77,20943,58761
2023-06-06 15:00:37,74,77,20943,58761
2023-06-06 15:00:39,74,77,21066,58884
2023-06-06 15:00:39,76,77,21066,58884
2023-06-06 15:00:39,76,78,21066,58884
2023-06-06 15:00:46,76,78,21266,59084
2023-06-06 15:00:53,76,77,21266,59084
2023-06-06 15:01:14,76,77,21296,59114
2023-06-06 15:01:31,76,77,21313,59164
2023-06-06 15:01:40,78,79,21333,59189
2023-06-06 15:01:46,78,79,21353,59209
2023-06-06 15:01:54,77,79,21380,59236
2023-06-06 15:01:56,76,79,21380,59236
2023-06-06 15:01:56,78,79,21380,59236
2023-06-06 15:02:13,78,79,21940,59796
2023-06-06 15:02:17,78,79,22180,60036
2023-06-06 15:02:17,78,79,22204,60060
2023-06-06 15:02:26,77,79,22204,60110
2023-06-06 15:02:26,77,81,22400,60306
2023-06-06 15:02:29,78,81,22400,60306
2023-06-06 15:02:30,77,81,22400,60306
2023-06-06 15:02:44,78,81,22400,60306
2023-06-06 15:02:45,78,81,22420,60326
2023-06-06 15:02:46,78,80,22420,60326
2023-06-06 15:02:55,78,80,22440,60346
2023-06-06 15:03:09,77,80,22440,60346
2023-06-06 15:03:09,77,79,22440,60346
2023-06-06 15:03:22,77,79,22460,60366
2023-06-06 15:03:57,77,80,22460,60366
2023-06-06 15:03:57,77,78,22460,60366
2023-06-06 15:04:15,76,78,22460,60366
2023-06-06 15:04:16,76,77,22460,60366
2023-06-06 15:04:25,77,79,22460,60426
2023-06-06 15:04:25,76,79,22460,60426
2023-06-06 15:05:21,76,79,22480,60476
2023-06-06 15:05:21,76,77,22480,60476
2023-06-06 15:05:21,75,77,22480,60476
2023-06-06 15:05:22,77,79,22480,60496
2023-06-06 15:05:22,75,79,22480,60496
2023-06-06 15:05:25,76,79,22480,60496
2023-06-06 15:05:25,76,80,22480,60496
2023-06-06 15:05:47,76,79,22480,60496
2023-06-06 15:05:53,76,78,22480,60496
2023-06-06 15:06:01,76,77,22480,60496
2023-06-06 15:06:04,75,77,22480,60526
2023-06-06 15:06:21,77,78,22490,60536
2023-06-06 15:06:21,75,78,22490,60536
2023-06-06 15:06:33,76,78,22490,60536
2023-06-06 15:06:44,77,78,22490,60536
2023-06-06 15:06:45,77,78,22590,60636
2023-06-06 15:06:45,78,79,22600,60646
2023-06-06 15:06:45,78,80,22610,60756
2023-06-06 15:07:08,78,80,22710,60856
2023-06-06 15:07:15,78,79,22710,60856
2023-06-06 15:07:32,78,79,22810,60956
2023-06-06 15:07:34,78,80,22898,61044
2023-06-06 15:07:41,78,80,22909,61055
2023-06-06 15:07:46,78,82,22930,61076
2023-06-06 15:07:46,80,82,22930,61076
2023-06-06 15:07:50,80,81,22930,61076
2023-06-06 15:07:58,78,81,23147,61293
2023-06-06 15:08:06,79,81,23147,61293
2023-06-06 15:08:11,81,82,23157,61303
2023-06-06 15:08:11,79,82,23157,61303
2023-06-06 15:08:15,80,82,23157,61303
2023-06-06 15:08:19,80,83,23200,61346
2023-06-06 15:08:19,82,83,23200,61346
2023-06-06 15:08:20,82,83,23300,61446
2023-06-06 15:08:23,80,83,23415,61561
2023-06-06 15:08:36,80,83,23515,61661
2023-06-06 15:08:36,80,82,23515,61661
2023-06-06 15:08:58,80,83,23515,61661
2023-06-06 15:08:58,80,81,23515,61661
2023-06-06 15:09:17,79,81,23515,61661
2023-06-06 15:09:18,79,80,23515,61661
2023-06-06 15:09:25,77,80,23515,61661
2023-06-06 15:09:31,77,81,23515,61661
2023-06-06 15:09:31,77,79,23515,61661
2023-06-06 15:09:35,78,79,23515,61661
2023-06-06 15:09:35,78,80,23515,61661
2023-06-06 15:09:52,78,79,23515,61661
2023-06-06 15:09:53,79,80,23515,61761
2023-06-06 15:09:53,78,80,23515,61761
2023-06-06 15:10:41,78,79,23515,61761
2023-06-06 15:10:42,79,80,23515,61762
2023-06-06 15:10:42,78,80,23515,61762
2023-06-06 15:11:09,78,79,23515,61762
2023-06-06 15:11:09,78,79,23495,61782
2023-06-06 15:11:10,77,79,23495,61782
2023-06-06 15:11:31,77,79,23495,61982
2023-06-06 15:11:33,77,80,23495,61982
2023-06-06 15:11:38,78,80,23495,61982
2023-06-06 15:12:54,79,80,23495,61982
2023-06-06 15:14:50,78,79,23475,62002
2023-06-06 15:15:03,76,79,23475,62002
2023-06-06 15:15:10,76,78,23475,62002
2023-06-06 15:15:12,76,77,23475,62002
2023-06-06 15:15:22,77,79,23382,62095
2023-06-06 15:15:23,77,80,23382,62095
2023-06-06 15:15:23,77,79,23382,62095
2023-06-06 15:15:24,77,80,23382,62095
2023-06-06 15:15:26,78,80,23382,62095
2023-06-06 15:15:37,79,80,23382,62095
2023-06-06 15:16:39,81,82,23382,62097
2023-06-06 15:17:13,83,84,23485,62200
2023-06-06 15:17:13,83,85,23485,62200
2023-06-06 15:17:45,83,84,23485,62200
2023-06-06 15:18:10,80,84,23485,62200
2023-06-06 15:18:13,82,84,23485,62200
2023-06-06 15:18:19,81,84,23485,62200
2023-06-06 15:18:19,81,84,23606,62321
2023-06-06 15:18:19,82,84,23606,62321
2023-06-06 15:19:20,84,85,23695,62410
2023-06-06 15:19:40,82,84,23707,62422
2023-06-06 15:20:21,82,84,23872,62587
2023-06-06 15:20:21,82,84,23971,62686
2023-06-06 15:21:13,83,84,23971,62686
2023-06-06 15:21:17,83,85,23998,62713
2023-06-06 15:21:22,83,86,24046,62761
2023-06-06 15:21:22,83,86,24207,62922
2023-06-06 15:21:29,84,86,24207,62922
2023-06-06 15:21:43,83,86,24207,62922
2023-06-06 15:21:58,83,87,24226,62941
2023-06-06 15:21:58,85,87,24226,62941
2023-06-06 15:22:09,85,86,24226,62941
2023-06-06 15:22:14,85,87,24226,62941
2023-06-06 15:22:22,86,87,24226,62941
2023-06-06 15:22:51,86,87,24380,63095
2023-06-06 15:22:51,86,87,24410,63125
2023-06-06 15:23:24,84,87,24410,63125
2023-06-06 15:23:24,85,87,24410,63125
2023-06-06 15:23:27,84,87,24410,63125
2023-06-06 15:23:27,86,87,24410,63125
2023-06-06 15:23:38,84,87,24410,63125
2023-06-06 15:23:38,85,87,24410,63125
2023-06-06 15:23:45,84,87,24410,63125
2023-06-06 15:23:45,86,87,24410,63125
2023-06-06 15:24:02,88,89,24641,63356
2023-06-06 15:24:02,88,89,24664,63379
2023-06-06 15:24:02,86,88,24676,63391
2023-06-06 15:24:05,86,87,24676,63391
2023-06-06 15:24:05,83,87,24676,63391
2023-06-06 15:24:05,85,87,24676,63391
2023-06-06 15:24:09,85,88,24676,63391
2023-06-06 15:24:09,87,88,24676,63391
2023-06-06 15:24:37,84,88,24676,63391
2023-06-06 15:24:37,86,88,24676,63391
2023-06-06 15:24:50,86,88,25276,63991
2023-06-06 15:25:01,85,88,25276,63991
2023-06-06 15:25:01,87,88,25276,63991
2023-06-06 15:25:08,87,88,25376,64091
2023-06-06 15:25:09,87,88,25476,64191
2023-06-06 15:25:10,87,88,25576,64291
2023-06-06 15:25:12,87,88,25676,64391
2023-06-06 15:25:13,87,88,25776,64491
2023-06-06 15:25:15,87,89,25818,64533
2023-06-06 15:25:36,85,89,25818,64533
2023-06-06 15:25:36,86,89,25818,64533
2023-06-06 15:25:41,86,88,25818,64533
2023-06-06 15:25:52,86,89,25818,64533
2023-06-06 15:25:54,87,89,25818,64533
2023-06-06 15:26:04,85,89,25818,64533
2023-06-06 15:26:04,86,89,25818,64533
2023-06-06 15:26:05,86,88,25818,64533
2023-06-06 15:26:15,86,87,25818,64533
2023-06-06 15:26:16,86,87,25818,64543
2023-06-06 15:27:17,85,86,25798,64563
2023-06-06 15:27:17,85,86,25798,64576
2023-06-06 15:27:17,85,86,25798,64583
2023-06-06 15:27:45,86,88,25798,64586
2023-06-06 15:27:45,86,87,25798,64586
2023-06-06 15:27:45,85,87,25798,64586
2023-06-06 15:27:45,85,87,25798,64606
2023-06-06 15:27:46,85,88,25798,64606
2023-06-06 15:28:34,86,88,25798,64606
2023-06-06 15:28:35,87,88,25798,64606
2023-06-06 15:29:11,88,90,25798,64626
2023-06-06 15:29:13,89,90,25798,64626
2023-06-06 15:30:09,88,90,25798,64626
2023-06-06 15:31:12,89,90,25798,64626
2023-06-06 15:31:12,89,90,25906,64734
2023-06-06 15:31:20,89,92,26028,64861
2023-06-06 15:31:21,89,91,26028,64861
2023-06-06 15:31:29,89,92,26028,64861
2023-06-06 15:31:30,89,91,26028,64861
2023-06-06 15:31:39,89,92,26048,64881
2023-06-06 15:32:13,90,92,26048,64881
2023-06-06 15:32:13,91,92,26048,64881
2023-06-06 15:33:00,91,93,26308,65141
2023-06-06 15:33:10,89,93,26308,65141
2023-06-06 15:33:13,91,93,26308,65141
2023-06-06 15:33:56,92,93,26308,65141
2023-06-06 15:34:37,93,94,26308,65151
2023-06-06 15:34:37,92,93,26308,65341
2023-06-06 15:36:07,92,93,26308,65541
2023-06-06 15:36:15,91,93,26308,65541
2023-06-06 15:36:17,92,93,26308,65541
2023-06-06 15:36:26,92,94,26518,65751
2023-06-06 15:36:31,92,93,26518,65751
2023-06-06 15:36:32,92,94,26518,65751
2023-06-06 15:36:33,92,93,26518,65751
2023-06-06 15:36:37,88,93,26518,65751
2023-06-06 15:36:38,88,92,26518,65751
2023-06-06 15:36:38,89,92,26518,65751
2023-06-06 15:36:38,89,91,26518,65751
2023-06-06 15:36:43,89,92,26518,65751
2023-06-06 15:37:03,89,91,26518,65751
2023-06-06 15:37:10,89,92,26518,65751
2023-06-06 15:37:21,89,91,26518,65751
2023-06-06 15:37:27,89,92,26518,65751
2023-06-06 15:37:30,89,91,26518,65751
2023-06-06 15:37:39,89,90,26518,65751
2023-06-06 15:38:08,89,93,26518,65751
2023-06-06 15:38:08,89,92,26518,65751
2023-06-06 15:38:38,89,91,26518,65751
2023-06-06 15:38:44,89,92,26518,65751
2023-06-06 15:38:44,89,91,26518,65751
2023-06-06 15:38:44,89,92,26518,65751
2023-06-06 15:38:46,89,91,26518,65751
2023-06-06 15:38:54,89,92,26518,65751
2023-06-06 15:38:54,89,91,26518,65751
2023-06-06 15:38:54,89,92,26518,65751
2023-06-06 15:39:00,89,91,26518,65751
2023-06-06 15:39:00,89,92,26518,65751
2023-06-06 15:39:05,89,93,26518,65751
2023-06-06 15:39:05,89,92,26518,65751
2023-06-06 15:39:05,89,91,26518,65751
2023-06-06 15:39:05,89,92,26518,65751
2023-06-06 15:39:11,89,91,26518,65751
2023-06-06 15:39:14,89,92,26484,65831
2023-06-06 15:39:15,90,92,26484,65831
2023-06-06 15:39:17,90,91,26484,65831
2023-06-06 15:39:17,90,92,26484,65831
2023-06-06 15:39:20,89,90,26484,65877
2023-06-06 15:39:20,88,90,26501,65934
2023-06-06 15:39:20,88,89,26501,65934
2023-06-06 15:39:20,82,89,26587,66020
2023-06-06 15:39:21,81,89,26587,66020
2023-06-06 15:39:21,81,88,26587,66020
2023-06-06 15:39:21,81,85,26587,66020
2023-06-06 15:39:21,83,85,26587,66020
2023-06-06 15:39:22,80,85,26587,66020
2023-06-06 15:39:22,80,84,26587,66020
2023-06-06 15:39:22,82,84,26587,66020
2023-06-06 15:39:23,80,84,26587,66020
2023-06-06 15:39:23,79,84,26587,66020
2023-06-06 15:39:23,79,83,26587,66020
2023-06-06 15:39:23,81,83,26587,66020
2023-06-06 15:39:24,81,82,26587,66020
2023-06-06 15:39:26,81,83,26587,66020
2023-06-06 15:39:28,81,82,26587,66020
2023-06-06 15:39:32,81,83,26587,66020
2023-06-06 15:39:33,81,84,26587,66020
2023-06-06 15:39:33,82,84,26587,66020
2023-06-06 15:39:35,81,84,26587,66020
2023-06-06 15:39:35,81,85,26587,66020
2023-06-06 15:39:35,83,85,26587,66020
2023-06-06 15:39:41,83,84,26587,66020
2023-06-06 15:39:45,83,85,26587,66020
2023-06-06 15:39:51,83,84,26587,66020
2023-06-06 15:39:51,83,85,26587,66020
2023-06-06 15:39:51,83,84,26587,66020
2023-06-06 15:39:53,83,85,26587,66020
2023-06-06 15:39:56,83,84,26587,66020
2023-06-06 15:39:57,83,85,26587,66020
2023-06-06 15:40:00,83,86,26587,66020
2023-06-06 15:40:00,84,86,26587,66020
2023-06-06 15:40:00,82,86,26587,66146
2023-06-06 15:40:01,81,86,26587,66146
2023-06-06 15:40:02,81,85,26587,66146
2023-06-06 15:40:04,80,85,26587,66146
2023-06-06 15:40:04,81,85,26587,66146
2023-06-06 15:40:09,81,86,26587,66146
2023-06-06 15:40:20,81,85,26587,66146
2023-06-06 15:40:23,81,84,26587,66146
2023-06-06 15:40:24,79,84,26587,66146
2023-06-06 15:40:27,80,84,26587,66146
2023-06-06 15:40:27,80,85,26587,66146
2023-06-06 15:40:27,80,84,26587,66146
2023-06-06 15:40:27,80,85,26587,66146
2023-06-06 15:40:28,81,85,26587,66146
2023-06-06 15:40:28,81,86,26587,66146
2023-06-06 15:40:29,81,85,26587,66146
2023-06-06 15:40:32,80,85,26587,66146
2023-06-06 15:40:32,80,84,26587,66146
2023-06-06 15:40:32,80,85,26587,66146
2023-06-06 15:40:35,81,85,26587,66146
2023-06-06 15:40:38,81,84,26587,66146
2023-06-06 15:40:38,81,85,26587,66146
2023-06-06 15:40:38,81,84,26587,66146
2023-06-06 15:40:39,81,85,26587,66146
2023-06-06 15:40:44,81,84,26587,66146
2023-06-06 15:40:44,81,85,26587,66146
2023-06-06 15:40:45,81,86,26587,66146
2023-06-06 15:40:45,81,84,26587,66146
2023-06-06 15:40:53,81,83,26587,66146
2023-06-06 15:40:54,79,83,26619,66214
2023-06-06 15:40:54,79,82,26619,66214
2023-06-06 15:40:54,79,80,26619,66214
2023-06-06 15:40:55,73,80,26699,66294
2023-06-06 15:40:55,75,80,26699,66294
2023-06-06 15:40:56,75,78,26699,66294
2023-06-06 15:40:57,74,78,26699,66294
2023-06-06 15:40:57,74,79,26699,66294
2023-06-06 15:40:57,76,79,26699,66294
2023-06-06 15:40:58,75,79,26699,66294
2023-06-06 15:40:58,77,79,26699,66294
2023-06-06 15:41:02,77,80,26699,66294
2023-06-06 15:41:03,75,80,26699,66294
2023-06-06 15:41:03,78,80,26699,66294
2023-06-06 15:41:06,77,80,26699,66294
2023-06-06 15:41:06,78,80,26699,66294
2023-06-06 15:41:06,79,80,26699,66294
2023-06-06 15:41:08,80,84,26699,66329
2023-06-06 15:41:08,79,84,26699,66329
2023-06-06 15:41:08,81,84,26699,66329
2023-06-06 15:41:09,79,84,26699,66329
2023-06-06 15:41:09,82,84,26699,66329
2023-06-06 15:41:17,80,84,26699,66329
2023-06-06 15:41:17,83,84,26699,66329
2023-06-06 15:41:21,81,84,26699,66329
2023-06-06 15:41:21,80,84,26699,66329
2023-06-06 15:41:21,82,84,26699,66329
2023-06-06 15:41:21,83,84,26699,66329
2023-06-06 15:41:22,83,85,26734,66365
2023-06-06 15:41:27,83,86,26950,66581
2023-06-06 15:41:28,84,86,26950,66581
2023-06-06 15:41:28,84,86,26950,66710
2023-06-06 15:41:28,83,84,26950,66764
2023-06-06 15:41:46,82,84,26950,66764
2023-06-06 15:41:56,81,84,26950,66764
2023-06-06 15:42:01,82,84,26950,66764
2023-06-06 15:42:05,81,84,26950,66764
2023-06-06 15:42:28,82,84,26950,66764
2023-06-06 15:42:31,83,84,26950,66764
2023-06-06 15:42:31,84,85,26966,66780
2023-06-06 15:42:33,86,87,26956,66990
2023-06-06 15:42:39,86,89,26956,66990
2023-06-06 15:42:39,86,88,26956,66990
2023-06-06 15:42:39,86,89,26956,66990
2023-06-06 15:42:48,87,89,26956,66990
2023-06-06 15:42:48,87,88,26956,66990
2023-06-06 15:42:54,88,89,26956,66994
2023-06-06 15:43:01,88,92,26832,67210
2023-06-06 15:43:01,88,91,26832,67210
2023-06-06 15:43:01,89,91,26832,67210
2023-06-06 15:43:01,89,91,26832,67245
2023-06-06 15:43:01,89,92,26832,67245
2023-06-06 15:43:02,88,92,26832,67245
2023-06-06 15:43:03,88,91,26832,67245
2023-06-06 15:43:11,88,92,26832,67245
2023-06-06 15:43:11,88,91,26832,67245
2023-06-06 15:43:14,88,92,26832,67245
2023-06-06 15:43:15,89,91,26832,67245
2023-06-06 15:43:21,89,93,26832,67245
2023-06-06 15:43:21,90,93,26832,67245
2023-06-06 15:43:21,90,92,26832,67245
2023-06-06 15:43:21,90,93,26832,67245
2023-06-06 15:43:22,90,91,26832,67245
2023-06-06 15:43:27,92,93,26832,67252
2023-06-06 15:43:27,92,93,26845,67265
2023-06-06 15:43:33,92,93,26845,67273
2023-06-06 15:43:38,92,93,27045,67473
2023-06-06 15:44:23,92,94,27048,67476
2023-06-06 15:44:23,93,94,27048,67476
2023-06-06 15:44:27,92,94,27048,67476
2023-06-06 15:44:30,93,94,27048,67476
2023-06-06 15:44:30,94,95,27058,67486
2023-06-06 15:44:34,94,96,27113,67599
2023-06-06 15:44:40,95,96,27113,67599
2023-06-06 15:44:40,94,95,27078,67634
2023-06-06 15:44:40,94,96,27078,67634
2023-06-06 15:45:05,94,96,27158,67714
2023-06-06 15:45:31,95,96,27158,67714
2023-06-06 15:45:32,94,95,27158,67774
2023-06-06 15:45:32,94,96,27158,67774
2023-06-06 15:45:55,94,96,27160,67776
2023-06-06 15:45:58,93,94,27150,67846
2023-06-06 15:45:58,93,96,27150,67846
2023-06-06 15:46:16,93,97,27158,67854
2023-06-06 15:46:17,94,97,27158,67854
2023-06-06 15:46:33,95,97,27158,67854
2023-06-06 15:46:34,94,95,27158,67910
2023-06-06 15:46:34,94,97,27158,67910
2023-06-06 15:46:53,94,96,27158,67910
2023-06-06 15:47:00,94,97,27158,67919
2023-06-06 15:47:04,95,97,27158,67919
2023-06-06 15:47:05,95,97,26958,68119
2023-06-06 15:47:06,95,97,26758,68319
2023-06-06 15:47:08,95,97,26558,68519
2023-06-06 15:47:10,95,97,26358,68719
2023-06-06 15:47:14,95,97,26158,68919
2023-06-06 15:47:17,95,97,25958,69119
2023-06-06 15:47:17,95,96,25958,69119
2023-06-06 15:47:18,95,96,25758,69319
2023-06-06 15:47:19,94,95,25658,69419
2023-06-06 15:47:19,94,96,25658,69419
2023-06-06 15:47:19,94,95,25658,69419
2023-06-06 15:47:21,94,96,25658,69419
2023-06-06 15:47:23,94,97,25658,69419
2023-06-06 15:47:23,93,97,25658,69419
2023-06-06 15:47:23,93,96,25658,69419
2023-06-06 15:47:25,93,96,25658,69454
2023-06-06 15:47:34,94,96,25658,69454
2023-06-06 15:47:41,95,96,25658,69454
2023-06-06 15:47:46,95,96,25828,69624
2023-06-06 15:47:46,95,97,25828,69624
2023-06-06 15:47:50,95,97,25828,69624
2023-06-06 15:47:52,95,96,25828,69624
2023-06-06 15:47:52,95,97,25828,69624
2023-06-06 15:47:57,95,96,25828,69624
2023-06-06 15:47:57,95,97,25828,69624
2023-06-06 15:48:04,95,96,25828,69624
2023-06-06 15:48:04,95,97,25828,69624
2023-06-06 15:48:09,95,96,25828,69624
2023-06-06 15:48:09,95,97,25828,69624
2023-06-06 15:48:36,95,96,25828,69624
2023-06-06 15:48:39,93,96,25828,69624
2023-06-06 15:48:39,93,97,25828,69624
2023-06-06 15:48:43,95,97,25828,69624
2023-06-06 15:48:49,95,97,25828,69625
2023-06-06 15:48:54,95,96,25828,69625
2023-06-06 15:48:59,95,97,25828,69625
2023-06-06 15:49:13,96,97,25828,69625
2023-06-06 15:49:34,96,97,25828,69705
2023-06-06 15:49:38,96,97,25828,69718
2023-06-06 15:49:56,96,97,25888,69778
2023-06-06 15:50:53,95,97,25889,69779
2023-06-06 15:51:01,94,97,25889,69779
2023-06-06 15:51:31,95,97,25889,69779
2023-06-06 15:51:41,97,99,26245,70168
2023-06-06 15:52:10,97,98,26245,70168
2023-06-06 15:52:22,97,99,26248,70196
2023-06-06 15:52:39,97,98,26248,70196
2023-06-06 15:52:47,98,99,26223,70221
2023-06-06 15:53:43,98,100,26329,70838
2023-06-06 15:53:46,98,99,26329,70838
2023-06-06 15:54:09,99,100,26331,70840
2023-06-06 15:54:29,98,100,26331,70840
2023-06-06 15:54:31,98,99,26331,70840
2023-06-06 15:54:39,98,100,26331,70840
2023-06-06 15:54:41,98,99,26331,70840
2023-06-06 15:55:52,99,100,26333,70842
2023-06-06 15:58:13,98,99,26344,71263
2023-06-06 15:58:14,99,100,26344,71463
