datetime,bid,ask,open_interest,volume
2023-06-06 09:30:32,38,43,698,1386
2023-06-06 09:31:07,40,43,698,1386
2023-06-06 09:31:14,42,43,698,1386
2023-06-06 09:31:15,41,43,698,1386
2023-06-06 09:31:16,42,43,698,1386
2023-06-06 09:31:20,41,43,898,1586
2023-06-06 09:31:21,41,43,1098,1786
2023-06-06 09:31:22,41,43,1298,1986
2023-06-06 09:31:23,41,43,1498,2186
2023-06-06 09:31:24,40,43,1698,2386
2023-06-06 09:31:25,41,43,1698,2386
2023-06-06 09:31:25,40,43,1898,2586
2023-06-06 09:31:26,40,43,2098,2786
2023-06-06 09:31:27,40,43,2298,2986
2023-06-06 09:31:30,40,42,2298,2986
2023-06-06 09:31:33,40,43,2298,2986
2023-06-06 09:32:30,38,43,2298,2986
2023-06-06 09:32:30,42,43,2298,2986
2023-06-06 09:32:30,41,43,2498,3186
2023-06-06 09:32:36,38,43,2698,3386
2023-06-06 09:33:19,41,43,2698,3386
2023-06-06 09:34:19,42,43,2698,3386
2023-06-06 09:34:25,41,43,2847,3536
2023-06-06 09:38:16,42,43,2847,3536
2023-06-06 09:49:36,41,42,2847,3636
2023-06-06 09:49:37,41,43,2847,3636
2023-06-06 09:49:59,41,42,2847,3636
2023-06-06 09:50:00,41,43,2847,3636
2023-06-06 09:50:04,41,42,2847,3636
2023-06-06 09:50:38,42,43,2887,3676
2023-06-06 09:51:10,41,43,2887,3676
2023-06-06 09:51:10,43,44,2927,3716
2023-06-06 09:51:31,41,43,2927,3776
2023-06-06 09:51:32,41,44,2927,3776
2023-06-06 09:52:12,42,44,2927,3776
2023-06-06 09:53:12,41,44,2927,3776
2023-06-06 09:53:12,42,44,2927,3776
2023-06-06 09:53:39,42,43,2927,3776
2023-06-06 09:54:09,41,43,2927,3776
2023-06-06 09:54:12,42,43,2927,3776
2023-06-06 09:54:47,41,43,2927,3776
2023-06-06 09:54:47,42,43,2927,3776
2023-06-06 09:55:17,41,43,2927,3776
2023-06-06 09:56:16,41,45,2976,3825
2023-06-06 09:56:17,41,44,2976,3825
2023-06-06 09:56:33,41,45,2976,3825
2023-06-06 09:57:21,41,44,2976,3825
2023-06-06 09:57:29,42,44,2976,3825
2023-06-06 09:57:32,42,45,2976,4025
2023-06-06 09:57:36,42,44,2976,4025
2023-06-06 09:57:36,42,43,2976,4025
2023-06-06 10:01:34,43,44,2986,4035
2023-06-06 10:01:54,42,43,2986,4125
2023-06-06 10:01:55,42,44,2986,4125
2023-06-06 10:01:58,42,45,3181,4875
2023-06-06 10:01:58,43,45,3181,4875
2023-06-06 10:02:01,43,44,3181,4875
2023-06-06 10:02:59,42,43,3081,4975
2023-06-06 10:03:00,42,44,3081,4975
2023-06-06 10:03:01,42,43,3081,4975
2023-06-06 10:04:35,42,43,3106,5045
2023-06-06 10:04:56,43,44,3110,5049
2023-06-06 10:04:56,43,44,3231,5170
2023-06-06 10:04:56,42,43,3306,5245
2023-06-06 10:05:01,43,44,3306,5295
2023-06-06 10:05:01,42,44,3306,5295
2023-06-06 10:06:05,41,44,3306,5295
2023-06-06 10:06:22,41,43,3306,5295
2023-06-06 10:06:24,41,44,3306,5295
2023-06-06 10:06:25,41,43,3306,5295
2023-06-06 10:06:27,41,44,3306,5295
2023-06-06 10:06:34,41,43,3306,5295
2023-06-06 10:06:35,41,44,3306,5295
2023-06-06 10:06:40,41,43,3306,5295
2023-06-06 10:06:41,41,44,3306,5295
2023-06-06 10:06:45,41,43,3306,5295
2023-06-06 10:06:47,41,44,3306,5295
2023-06-06 10:07:01,41,43,3306,5295
2023-06-06 10:07:19,41,45,3891,7289
2023-06-06 10:07:19,41,43,3891,7289
2023-06-06 10:07:19,42,43,3891,7289
2023-06-06 10:07:19,42,43,3891,7389
2023-06-06 10:07:20,41,43,3891,7489
2023-06-06 10:07:20,43,45,3975,7589
2023-06-06 10:07:20,43,44,3975,7589
2023-06-06 10:07:20,43,44,4075,7689
2023-06-06 10:07:21,42,44,4275,7889
2023-06-06 10:07:29,42,45,4495,8109
2023-06-06 10:07:29,42,44,4495,8109
2023-06-06 10:07:31,43,44,4495,8109
2023-06-06 10:07:31,43,44,4590,8204
2023-06-06 10:07:31,43,45,4590,8204
2023-06-06 10:07:32,42,45,4590,8204
2023-06-06 10:07:37,43,45,4590,8204
2023-06-06 10:07:47,43,44,4590,8204
2023-06-06 10:08:02,43,44,4390,8404
2023-06-06 10:08:02,42,44,4390,8429
2023-06-06 10:08:02,42,44,4390,8457
2023-06-06 10:08:08,42,44,4390,8627
2023-06-06 10:09:01,41,44,4390,8627
2023-06-06 10:09:01,41,43,4390,8627
2023-06-06 10:09:01,41,43,4450,8687
2023-06-06 10:09:02,41,43,4540,8777
2023-06-06 10:09:03,41,43,4585,8822
2023-06-06 10:09:03,41,42,4585,8822
2023-06-06 10:09:03,40,42,4690,8927
2023-06-06 10:09:04,40,41,4690,8927
2023-06-06 10:09:32,40,41,4490,9127
2023-06-06 10:09:32,40,41,4490,9255
2023-06-06 10:09:32,40,41,4490,9383
2023-06-06 10:09:34,38,41,4490,9484
2023-06-06 10:09:34,38,40,4490,9484
2023-06-06 10:09:59,39,40,4490,9484
2023-06-06 10:09:59,39,40,4520,9559
2023-06-06 10:10:58,38,39,4410,9694
2023-06-06 10:10:58,38,39,4380,9769
2023-06-06 10:10:58,37,39,4380,9804
2023-06-06 10:10:59,37,38,4380,9804
2023-06-06 10:11:28,37,38,4380,9809
2023-06-06 10:11:28,35,38,4410,9879
2023-06-06 10:11:28,35,37,4410,9879
2023-06-06 10:11:55,34,37,4410,9879
2023-06-06 10:11:59,35,37,4410,9879
2023-06-06 10:11:59,35,37,4440,9909
2023-06-06 10:12:09,35,36,4440,9909
2023-06-06 10:12:14,35,36,4530,9999
2023-06-06 10:12:45,35,37,4538,10199
2023-06-06 10:12:45,36,37,4538,10199
2023-06-06 10:12:45,36,39,4538,10199
2023-06-06 10:12:45,36,38,4538,10199
2023-06-06 10:12:48,38,40,4621,10340
2023-06-06 10:12:48,38,40,4663,10382
2023-06-06 10:12:50,38,39,4663,10382
2023-06-06 10:12:57,38,40,4663,10382
2023-06-06 10:13:45,36,40,4663,10382
2023-06-06 10:13:45,37,40,4663,10382
2023-06-06 10:13:46,36,40,4663,10382
2023-06-06 10:13:47,37,40,4663,10382
2023-06-06 10:13:48,36,40,4663,10382
2023-06-06 10:13:50,38,40,4663,10382
2023-06-06 10:14:21,38,40,4913,10632
2023-06-06 10:14:21,38,40,5163,10882
2023-06-06 10:14:22,37,40,5163,10882
2023-06-06 10:14:22,37,39,5163,10882
2023-06-06 10:14:22,37,40,5163,10882
2023-06-06 10:14:22,37,38,5163,10882
2023-06-06 10:14:32,38,40,5238,10957
2023-06-06 10:14:32,38,39,5238,10957
2023-06-06 10:14:32,38,39,5323,11042
2023-06-06 10:14:32,38,40,5323,11042
2023-06-06 10:14:32,38,40,5327,11046
2023-06-06 10:14:35,37,40,5327,11046
2023-06-06 10:14:52,39,40,5327,11046
2023-06-06 10:14:52,39,40,5357,11076
2023-06-06 10:14:53,39,40,5377,11096
2023-06-06 10:14:53,39,40,5397,11116
2023-06-06 10:14:54,39,40,5507,11226
2023-06-06 10:14:55,37,39,5507,11271
2023-06-06 10:14:58,37,40,5507,11271
2023-06-06 10:15:25,38,40,5507,11271
2023-06-06 10:15:40,39,40,5507,11271
2023-06-06 10:15:42,40,41,5537,11301
2023-06-06 10:16:44,40,41,5537,11501
2023-06-06 10:16:45,38,41,5537,11501
2023-06-06 10:16:46,39,41,5537,11501
2023-06-06 10:16:46,39,40,5537,11501
2023-06-06 10:17:42,38,40,5537,11501
2023-06-06 10:18:02,38,39,5537,11501
2023-06-06 10:18:25,38,39,5567,11531
2023-06-06 10:18:41,36,39,5567,11531
2023-06-06 10:18:41,36,37,5567,11531
2023-06-06 10:18:41,36,37,5597,11561
2023-06-06 10:20:19,35,36,5567,11741
2023-06-06 10:21:16,36,38,5567,11921
2023-06-06 10:21:16,35,38,5587,11941
2023-06-06 10:21:16,35,37,5587,11941
2023-06-06 10:21:21,35,38,5587,11941
2023-06-06 10:21:39,35,38,5587,11941
2023-06-06 10:21:43,36,38,5587,11941
2023-06-06 10:21:43,36,37,5587,11941
2023-06-06 10:22:42,36,38,5587,11941
2023-06-06 10:22:45,36,37,5587,11941
2023-06-06 10:23:43,36,38,5587,11941
2023-06-06 10:23:43,36,39,5587,11941
2023-06-06 10:23:47,36,38,5587,11941
2023-06-06 10:24:39,36,37,5587,11941
2023-06-06 10:24:47,35,36,5557,11971
2023-06-06 10:24:47,35,36,5598,12042
2023-06-06 10:25:38,35,37,5598,12042
2023-06-06 10:26:11,35,36,5598,12042
2023-06-06 10:26:16,34,35,5598,12072
2023-06-06 10:26:45,34,35,5609,12083
2023-06-06 10:26:55,34,35,5809,12283
2023-06-06 10:26:57,34,35,6559,13033
2023-06-06 10:26:57,34,37,6634,13108
2023-06-06 10:26:57,35,37,6634,13108
2023-06-06 10:27:04,35,36,6634,13108
2023-06-06 10:28:02,35,37,6634,13108
2023-06-06 10:28:06,35,36,6634,13108
2023-06-06 10:28:16,35,37,6634,13108
2023-06-06 10:28:22,35,36,6634,13108
2023-06-06 10:28:24,35,37,6634,13108
2023-06-06 10:28:25,35,36,6634,13108
2023-06-06 10:28:32,34,35,6634,13193
2023-06-06 10:29:54,34,35,7084,13643
2023-06-06 10:30:02,34,35,7084,13843
2023-06-06 10:32:15,33,34,7084,13911
2023-06-06 10:34:16,32,34,7084,13911
2023-06-06 10:34:19,32,33,7084,13911
2023-06-06 10:34:19,33,34,7281,14108
2023-06-06 10:34:34,34,35,7281,14138
2023-06-06 10:34:34,33,35,7281,14138
2023-06-06 10:35:20,34,35,7281,14138
2023-06-06 10:36:07,35,36,7281,14168
2023-06-06 10:36:07,34,36,7281,14168
2023-06-06 10:36:21,34,35,7281,14168
2023-06-06 10:37:02,35,36,7206,14243
2023-06-06 10:37:02,34,36,7206,14243
2023-06-06 10:37:22,34,36,7206,14303
2023-06-06 10:37:22,34,36,7258,14363
2023-06-06 10:37:38,35,36,7258,14363
2023-06-06 10:37:44,36,38,7288,14393
2023-06-06 10:38:23,36,38,7318,14423
2023-06-06 10:38:35,36,38,7318,14623
2023-06-06 10:38:37,36,37,7318,14623
2023-06-06 10:38:37,35,37,7318,14653
2023-06-06 10:38:37,35,37,7348,14683
2023-06-06 10:39:30,36,37,7348,14683
2023-06-06 10:39:30,36,37,7509,14844
2023-06-06 10:39:31,35,37,7509,14844
2023-06-06 10:39:38,37,38,7539,14874
2023-06-06 10:39:38,37,38,7569,14904
2023-06-06 10:39:38,35,38,7659,14994
2023-06-06 10:39:39,35,37,7659,14994
2023-06-06 10:40:10,36,37,7659,14994
2023-06-06 10:40:39,35,37,7659,15024
2023-06-06 10:41:41,35,36,7659,15024
2023-06-06 10:41:42,34,36,7659,15024
2023-06-06 10:42:57,35,36,7659,15024
2023-06-06 10:43:05,34,36,7659,15024
2023-06-06 10:45:02,34,36,7591,15224
2023-06-06 10:45:04,34,36,7591,15424
2023-06-06 10:45:05,34,35,7591,15424
2023-06-06 10:45:09,33,35,7591,15424
2023-06-06 10:45:09,33,34,7591,15424
2023-06-06 10:45:23,33,34,7591,15624
2023-06-06 10:45:23,33,34,7741,15774
2023-06-06 10:45:25,33,34,7741,15874
2023-06-06 10:45:25,33,34,7741,16324
2023-06-06 10:45:27,33,34,7741,16424
2023-06-06 10:45:28,33,34,7741,16813
2023-06-06 10:45:29,33,34,7852,16966
2023-06-06 10:45:30,30,34,7852,17003
2023-06-06 10:45:33,30,33,7852,17003
2023-06-06 10:45:33,30,32,7852,17003
2023-06-06 10:45:38,30,32,8052,17203
2023-06-06 10:45:38,30,32,8152,17303
2023-06-06 10:45:38,28,32,8152,17303
2023-06-06 10:45:39,28,29,8152,17303
2023-06-06 10:45:39,25,29,8152,17303
2023-06-06 10:45:39,25,28,8152,17303
2023-06-06 10:45:40,25,28,8125,17365
2023-06-06 10:45:42,25,29,8125,17365
2023-06-06 10:46:06,26,29,8125,17365
2023-06-06 10:46:07,25,29,8125,17365
2023-06-06 10:46:32,26,29,8125,17365
2023-06-06 10:46:37,25,29,8125,17365
2023-06-06 10:47:48,26,29,8125,17365
2023-06-06 10:47:53,25,29,8125,17365
2023-06-06 10:48:22,25,26,8125,17365
2023-06-06 10:48:23,26,29,8125,17366
2023-06-06 10:48:23,25,29,8125,17366
2023-06-06 10:48:26,25,29,8126,17367
2023-06-06 10:49:30,25,28,8126,17367
2023-06-06 10:49:52,25,27,8126,17367
2023-06-06 10:50:02,25,26,8126,17367
2023-06-06 10:50:07,25,27,8126,17367
2023-06-06 10:50:08,25,26,8126,17367
2023-06-06 10:50:08,25,26,8076,17592
2023-06-06 10:50:19,25,26,8127,17792
2023-06-06 10:50:19,25,26,8227,17892
2023-06-06 10:50:21,25,26,8327,17992
2023-06-06 10:50:22,25,26,8427,18092
2023-06-06 10:50:24,25,26,8527,18192
2023-06-06 10:50:25,25,26,8627,18292
2023-06-06 10:50:28,25,26,8727,18392
2023-06-06 10:50:30,25,26,8827,18492
2023-06-06 10:50:31,25,26,8927,18592
2023-06-06 10:50:32,25,26,9027,18692
2023-06-06 10:50:33,25,26,9127,18792
2023-06-06 10:50:34,23,25,9974,19639
2023-06-06 10:51:07,24,25,9974,19639
2023-06-06 10:52:03,23,25,9974,19639
2023-06-06 10:52:34,24,25,9974,19639
2023-06-06 10:53:04,24,25,9974,19739
2023-06-06 10:53:06,24,25,9974,19839
2023-06-06 10:53:07,24,26,9944,19869
2023-06-06 10:53:09,25,26,9944,19869
2023-06-06 10:53:26,25,27,9939,19929
2023-06-06 10:53:37,26,27,9939,19929
2023-06-06 10:53:41,26,27,9839,20029
2023-06-06 10:53:41,27,29,9869,20059
2023-06-06 10:54:42,27,28,9869,20059
2023-06-06 10:55:08,27,28,9769,20159
2023-06-06 10:55:11,27,29,9719,20239
2023-06-06 10:55:12,28,29,9719,20239
2023-06-06 10:55:16,28,31,9719,20269
2023-06-06 10:56:01,30,31,9719,20269
2023-06-06 10:56:03,31,32,9749,20299
2023-06-06 10:57:02,29,32,9749,20299
2023-06-06 10:57:05,30,32,9749,20299
2023-06-06 10:58:01,29,32,9749,20299
2023-06-06 10:58:06,30,32,9749,20299
2023-06-06 10:59:03,29,32,9749,20299
2023-06-06 10:59:07,30,32,9749,20299
2023-06-06 10:59:07,30,31,9749,20299
2023-06-06 10:59:25,28,31,9824,20374
2023-06-06 11:00:01,28,30,9824,20374
2023-06-06 11:00:05,27,30,9824,20374
2023-06-06 11:00:07,27,29,9824,20374
2023-06-06 11:00:11,28,29,9824,20374
2023-06-06 11:00:15,27,29,9824,20374
2023-06-06 11:00:24,26,29,9824,20374
2023-06-06 11:00:35,27,29,9824,20374
2023-06-06 11:01:18,28,29,9824,20374
2023-06-06 11:01:28,28,30,9824,20404
2023-06-06 11:01:41,29,30,9824,20404
2023-06-06 11:01:44,28,30,9824,20404
2023-06-06 11:01:47,29,30,9824,20404
2023-06-06 11:01:54,28,30,9824,20404
2023-06-06 11:03:07,26,30,9824,20404
2023-06-06 11:03:10,26,28,9824,20404
2023-06-06 11:03:21,27,28,9824,20404
2023-06-06 11:03:25,26,28,9924,20504
2023-06-06 11:03:42,26,27,9924,20504
2023-06-06 11:03:46,25,27,10424,21034
2023-06-06 11:04:05,25,26,10424,21034
2023-06-06 11:04:09,25,27,10324,21134
2023-06-06 11:05:10,26,27,10324,21134
2023-06-06 11:05:11,24,27,10424,21324
2023-06-06 11:05:12,25,27,10424,21324
2023-06-06 11:05:13,24,27,10424,21324
2023-06-06 11:05:13,25,27,10424,21324
2023-06-06 11:05:51,25,27,10354,21424
2023-06-06 11:05:53,25,28,10324,21454
2023-06-06 11:06:11,26,28,10324,21454
2023-06-06 11:07:21,27,28,10324,21454
2023-06-06 11:07:24,27,28,10254,21554
2023-06-06 11:07:27,27,28,10154,21654
2023-06-06 11:07:29,27,29,10124,21714
2023-06-06 11:07:40,28,29,10124,21714
2023-06-06 11:07:41,27,29,10124,21714
2023-06-06 11:07:41,27,31,10124,21744
2023-06-06 11:07:42,28,31,10124,21744
2023-06-06 11:07:42,28,30,10124,21744
2023-06-06 11:08:39,27,30,10124,21744
2023-06-06 11:08:40,27,29,10124,21744
2023-06-06 11:08:42,27,28,10124,21744
2023-06-06 11:09:30,27,28,10112,21844
2023-06-06 11:09:31,27,30,10142,21874
2023-06-06 11:09:43,28,30,10142,21874
2023-06-06 11:11:40,27,30,10142,21874
2023-06-06 11:11:46,27,29,10142,21874
2023-06-06 11:12:05,28,29,10142,21874
2023-06-06 11:12:22,27,29,10142,21874
2023-06-06 11:12:23,28,29,10142,21874
2023-06-06 11:12:28,27,29,10142,21874
2023-06-06 11:12:31,28,29,10142,21874
2023-06-06 11:12:32,27,29,10142,21874
2023-06-06 11:12:46,28,29,10142,21874
2023-06-06 11:13:46,27,29,10142,21874
2023-06-06 11:13:46,28,29,10142,21874
2023-06-06 11:14:06,29,30,10142,21904
2023-06-06 11:14:09,28,30,10142,21904
2023-06-06 11:14:29,29,30,10142,21904
2023-06-06 11:14:33,29,31,10172,21934
2023-06-06 11:14:40,30,31,10172,21934
2023-06-06 11:14:40,31,33,10202,21964
2023-06-06 11:15:25,31,33,10237,21999
2023-06-06 11:15:33,31,33,10237,22099
2023-06-06 11:15:34,31,33,10437,22299
2023-06-06 11:15:35,31,33,10459,22399
2023-06-06 11:15:37,29,33,10459,22404
2023-06-06 11:15:41,30,33,10459,22404
2023-06-06 11:15:41,30,32,10459,22404
2023-06-06 11:16:04,30,32,10559,22504
2023-06-06 11:16:05,28,32,10559,22504
2023-06-06 11:16:05,28,30,10559,22504
2023-06-06 11:16:39,28,30,10459,22604
2023-06-06 11:16:41,28,30,10402,22704
2023-06-06 11:17:02,27,30,10402,22704
2023-06-06 11:17:06,27,29,10402,22704
2023-06-06 11:17:07,27,29,10451,22774
2023-06-06 11:18:06,28,29,10451,22774
2023-06-06 11:18:07,28,29,10541,22864
2023-06-06 11:18:12,27,28,10551,22874
2023-06-06 11:18:16,27,28,10751,23074
2023-06-06 11:18:16,26,28,11051,23434
2023-06-06 11:18:17,26,28,11151,23534
2023-06-06 11:18:17,26,28,11251,23634
2023-06-06 11:18:17,28,30,11841,24224
2023-06-06 11:18:28,28,30,11845,24324
2023-06-06 11:18:30,28,31,11871,24354
2023-06-06 11:18:30,28,30,11871,24354
2023-06-06 11:18:33,28,31,11875,24358
2023-06-06 11:19:12,28,30,11875,24358
2023-06-06 11:19:23,28,31,11879,24362
2023-06-06 11:19:29,28,30,11879,24362
2023-06-06 11:19:31,28,31,11879,24362
2023-06-06 11:19:35,28,30,11879,24362
2023-06-06 11:19:54,28,29,11879,24362
2023-06-06 11:19:56,28,30,11879,24362
2023-06-06 11:19:56,28,29,11879,24362
2023-06-06 11:20:17,27,29,11879,24362
2023-06-06 11:20:35,27,29,11883,24462
2023-06-06 11:20:37,27,29,11883,24562
2023-06-06 11:20:39,27,30,11883,24566
2023-06-06 11:21:08,27,29,11883,24566
2023-06-06 11:21:10,27,30,11883,24566
2023-06-06 11:21:23,28,30,11883,24566
2023-06-06 11:21:35,28,30,11887,24666
2023-06-06 11:21:36,28,30,11887,24766
2023-06-06 11:21:38,28,30,11887,24866
2023-06-06 11:21:39,28,30,11887,24966
2023-06-06 11:21:41,28,30,11887,25066
2023-06-06 11:21:43,28,30,11887,25166
2023-06-06 11:21:44,30,31,11891,25170
2023-06-06 11:21:48,30,32,11891,25170
2023-06-06 11:21:48,30,31,11891,25170
2023-06-06 11:21:50,30,32,11921,25200
2023-06-06 11:21:51,31,32,11921,25200
2023-06-06 11:21:54,31,32,11721,25400
2023-06-06 11:21:54,31,34,11721,25400
2023-06-06 11:22:01,30,34,11721,25400
2023-06-06 11:22:01,30,33,11721,25400
2023-06-06 11:22:55,30,33,11821,25500
2023-06-06 11:22:55,32,33,11821,25500
2023-06-06 11:22:56,34,35,11981,25660
2023-06-06 11:22:56,34,35,12015,25694
2023-06-06 11:22:56,32,34,12021,25700
2023-06-06 11:23:41,30,34,13021,26900
2023-06-06 11:23:58,31,34,13021,26900
2023-06-06 11:23:58,33,34,13021,26900
2023-06-06 11:24:07,33,34,13183,27062
2023-06-06 11:24:15,33,35,13215,27094
2023-06-06 11:24:16,33,36,13227,27506
2023-06-06 11:24:16,34,36,13227,27506
2023-06-06 11:24:17,35,36,13227,27506
2023-06-06 11:24:17,34,36,13427,27706
2023-06-06 11:24:19,35,36,13427,27706
2023-06-06 11:24:19,34,36,13427,27718
2023-06-06 11:24:30,35,36,13427,27718
2023-06-06 11:24:30,35,36,13445,27736
2023-06-06 11:24:31,34,36,13445,27736
2023-06-06 11:24:32,35,36,13445,27736
2023-06-06 11:24:33,34,36,13445,27736
2023-06-06 11:24:40,35,36,13445,27736
2023-06-06 11:24:46,35,37,13475,27766
2023-06-06 11:24:48,36,37,13475,27766
2023-06-06 11:24:48,36,37,13509,27800
2023-06-06 11:24:48,37,38,13614,27905
2023-06-06 11:24:48,37,38,13644,27935
2023-06-06 11:24:48,37,38,13674,27965
2023-06-06 11:25:10,37,39,13704,28165
2023-06-06 11:25:12,39,40,13734,28195
2023-06-06 11:25:12,39,40,13764,28225
2023-06-06 11:25:12,39,40,13794,28255
2023-06-06 11:25:31,39,41,13824,28285
2023-06-06 11:25:35,40,41,13824,28285
2023-06-06 11:25:37,40,41,13929,28485
2023-06-06 11:25:37,40,41,13929,28585
2023-06-06 11:25:37,41,42,13959,28615
2023-06-06 11:25:39,41,43,13959,28615
2023-06-06 11:25:47,43,44,14089,28745
2023-06-06 11:25:47,43,44,14209,28865
2023-06-06 11:25:47,43,44,14329,28985
2023-06-06 11:26:23,42,43,14329,29015
2023-06-06 11:26:39,42,43,14329,29215
2023-06-06 11:26:44,41,43,14329,29215
2023-06-06 11:26:44,41,43,14329,29275
2023-06-06 11:26:44,41,42,14329,29275
2023-06-06 11:26:45,41,43,14329,29275
2023-06-06 11:27:00,41,42,14329,29275
2023-06-06 11:27:01,41,43,14329,29275
2023-06-06 11:27:06,41,42,14329,29275
2023-06-06 11:27:09,41,43,14329,29275
2023-06-06 11:27:09,41,42,14329,29275
2023-06-06 11:27:26,40,41,14289,29315
2023-06-06 11:27:27,40,42,14289,29315
2023-06-06 11:27:39,40,41,14289,29315
2023-06-06 11:27:42,38,41,14289,29315
2023-06-06 11:27:42,38,39,14289,29315
2023-06-06 11:27:42,38,39,14385,29411
2023-06-06 11:27:45,37,39,14385,29411
2023-06-06 11:28:17,37,38,14385,29411
2023-06-06 11:28:23,36,38,14785,29841
2023-06-06 11:28:29,35,38,14785,29841
2023-06-06 11:28:34,35,37,14785,29841
2023-06-06 11:29:20,35,36,14785,29841
2023-06-06 11:29:47,35,37,14785,29937
2023-06-06 11:30:30,35,36,14785,29937
2023-06-06 11:30:30,35,36,14665,30137
2023-06-06 11:30:31,33,36,14665,30137
2023-06-06 11:30:31,33,35,14665,30137
2023-06-06 11:30:32,33,34,14665,30137
2023-06-06 11:30:32,32,33,14665,30187
2023-06-06 11:31:12,32,35,14665,30237
2023-06-06 11:31:32,32,36,14665,30237
2023-06-06 11:31:32,33,36,14665,30237
2023-06-06 11:31:33,33,35,14665,30237
2023-06-06 11:32:00,33,35,14665,30239
2023-06-06 11:32:30,33,36,14665,30239
2023-06-06 11:32:35,33,35,14665,30239
2023-06-06 11:33:18,34,35,14665,30239
2023-06-06 11:33:20,34,35,14665,30339
2023-06-06 11:33:22,34,37,14665,30439
2023-06-06 11:33:22,34,36,14665,30439
2023-06-06 11:33:24,34,37,14665,30439
2023-06-06 11:33:27,34,36,14665,30439
2023-06-06 11:33:27,34,37,14665,30439
2023-06-06 11:33:36,35,37,14665,30439
2023-06-06 11:34:36,35,36,14665,30439
2023-06-06 11:34:49,35,36,14665,30443
2023-06-06 11:35:33,35,38,14665,30443
2023-06-06 11:35:35,35,37,14665,30443
2023-06-06 11:35:37,35,36,14665,30443
2023-06-06 11:36:40,35,37,14665,30443
2023-06-06 11:36:41,34,35,14635,30473
2023-06-06 11:37:42,35,36,14695,30533
2023-06-06 11:37:43,34,36,14695,30533
2023-06-06 11:39:14,34,35,14695,30533
2023-06-06 11:39:17,33,34,14605,30623
2023-06-06 11:39:18,33,35,14605,30623
2023-06-06 11:39:19,31,35,14605,30623
2023-06-06 11:39:20,31,34,14605,30623
2023-06-06 11:39:22,31,35,14605,30623
2023-06-06 11:39:24,31,34,14605,30623
2023-06-06 11:39:42,31,33,14605,30623
2023-06-06 11:39:44,30,33,14605,30657
2023-06-06 11:40:24,31,33,14605,30657
2023-06-06 11:41:32,31,34,14635,30687
2023-06-06 11:41:32,33,34,14635,30687
2023-06-06 11:42:11,31,34,14635,30687
2023-06-06 11:42:12,31,33,14635,30687
2023-06-06 11:43:09,31,34,14635,30687
2023-06-06 11:43:14,31,33,14635,30687
2023-06-06 11:43:34,32,33,14635,30687
2023-06-06 11:43:36,31,33,14635,30687
2023-06-06 11:43:36,31,34,14435,30887
2023-06-06 11:43:43,32,34,14435,30887
2023-06-06 11:43:44,31,34,14435,30887
2023-06-06 11:43:45,33,34,14435,30887
2023-06-06 11:43:45,33,34,14465,30917
2023-06-06 11:43:46,31,34,14465,30917
2023-06-06 11:43:48,33,34,14465,30917
2023-06-06 11:43:52,33,35,14495,30947
2023-06-06 11:44:22,31,35,15095,31577
2023-06-06 11:44:22,31,34,15095,31577
2023-06-06 11:44:27,31,33,15095,31577
2023-06-06 11:45:23,31,34,15095,31577
2023-06-06 11:45:27,31,32,15095,31577
2023-06-06 11:45:27,31,32,15095,31607
2023-06-06 11:45:28,30,32,15095,31637
2023-06-06 11:46:12,29,30,14975,31757
2023-06-06 11:46:12,28,30,15075,31857
2023-06-06 11:46:54,28,29,15075,31857
2023-06-06 11:47:33,26,28,14955,31977
2023-06-06 11:47:38,26,27,14955,31977
2023-06-06 11:48:04,26,27,14955,32177
2023-06-06 11:48:05,26,27,14955,32277
2023-06-06 11:48:07,23,25,14850,32397
2023-06-06 11:50:04,22,25,14850,32397
2023-06-06 11:50:07,22,24,14850,32397
2023-06-06 11:50:27,22,24,14850,32497
2023-06-06 11:50:28,22,24,14850,32597
2023-06-06 11:50:34,23,24,14850,32597
2023-06-06 11:50:36,23,24,14850,32697
2023-06-06 11:50:38,23,24,14850,32797
2023-06-06 11:50:39,23,24,14850,32897
2023-06-06 11:50:41,23,25,14875,32937
2023-06-06 11:51:07,24,25,14875,32937
2023-06-06 11:51:07,24,25,14891,32953
2023-06-06 11:52:04,23,25,14891,32953
2023-06-06 11:52:08,23,24,14891,32953
2023-06-06 11:52:20,23,25,14991,33053
2023-06-06 11:52:38,24,25,14991,33053
2023-06-06 11:52:53,24,26,14991,33063
2023-06-06 11:53:21,24,25,14991,33063
2023-06-06 11:54:04,24,26,14791,33293
2023-06-06 11:55:18,25,26,14791,33293
2023-06-06 11:55:20,26,27,14821,33323
2023-06-06 11:56:18,24,27,14821,33323
2023-06-06 11:56:21,24,26,14821,33323
2023-06-06 11:57:10,24,25,14821,33323
2023-06-06 11:57:29,24,26,14821,34323
2023-06-06 11:57:50,24,25,14821,34323
2023-06-06 11:58:00,24,26,14821,35323
2023-06-06 11:58:24,25,26,14821,35323
2023-06-06 11:58:52,24,26,15121,35653
2023-06-06 11:59:18,24,26,15021,35753
2023-06-06 11:59:40,24,25,15021,35753
2023-06-06 11:59:45,24,26,15021,36753
2023-06-06 12:00:20,23,26,15021,36773
2023-06-06 12:00:20,23,25,15021,36773
2023-06-06 12:00:20,22,23,14976,36843
2023-06-06 12:00:32,22,23,14821,37003
2023-06-06 12:00:51,22,25,14821,37023
2023-06-06 12:01:02,21,22,14935,37193
2023-06-06 12:01:02,20,22,14935,37193
2023-06-06 12:01:05,20,21,14935,37193
2023-06-06 12:01:21,20,21,14881,37247
2023-06-06 12:01:36,21,25,14906,37317
2023-06-06 12:01:36,21,23,14906,37317
2023-06-06 12:01:39,22,23,14906,37317
2023-06-06 12:01:44,21,23,14906,37317
2023-06-06 12:01:56,22,23,14906,37317
2023-06-06 12:02:15,21,23,14906,37317
2023-06-06 12:02:24,22,23,14906,37317
2023-06-06 12:02:25,21,23,14906,37317
2023-06-06 12:02:26,22,23,14906,37317
2023-06-06 12:02:31,21,23,14906,37317
2023-06-06 12:02:38,22,23,14906,37317
2023-06-06 12:03:38,22,23,15106,37517
2023-06-06 12:04:22,21,22,15021,37637
2023-06-06 12:04:56,21,22,14882,37837
2023-06-06 12:05:23,22,23,14907,37897
2023-06-06 12:05:54,22,23,15107,38097
2023-06-06 12:05:56,22,23,15207,38197
2023-06-06 12:05:57,22,23,15307,38297
2023-06-06 12:05:58,23,24,15827,38817
2023-06-06 12:06:01,23,26,15827,38817
2023-06-06 12:06:01,24,26,15827,38817
2023-06-06 12:06:02,24,26,15857,38847
2023-06-06 12:07:02,25,26,15857,38847
2023-06-06 12:07:03,26,29,15887,38877
2023-06-06 12:07:03,26,28,15887,38877
2023-06-06 12:07:17,28,29,15917,38907
2023-06-06 12:07:49,28,30,15947,38937
2023-06-06 12:07:58,27,30,16217,39237
2023-06-06 12:08:05,27,29,16217,39237
2023-06-06 12:08:19,27,29,16217,39337
2023-06-06 12:08:19,28,29,16217,39337
2023-06-06 12:08:19,30,31,16277,39397
2023-06-06 12:08:25,28,31,16317,39437
2023-06-06 12:08:29,29,31,16317,39437
2023-06-06 12:08:46,29,31,16317,39537
2023-06-06 12:08:47,29,32,16347,39567
2023-06-06 12:08:52,30,32,16347,39567
2023-06-06 12:08:52,30,32,16447,39667
2023-06-06 12:09:10,29,32,17447,40797
2023-06-06 12:09:33,29,30,17447,40797
2023-06-06 12:09:53,29,31,17447,40797
2023-06-06 12:09:53,29,30,17447,40797
2023-06-06 12:09:53,27,28,17327,40917
2023-06-06 12:10:10,26,28,17327,40917
2023-06-06 12:10:50,27,28,17327,40917
2023-06-06 12:10:53,27,28,17497,41087
2023-06-06 12:11:08,27,28,17527,41187
2023-06-06 12:11:10,27,29,17527,41217
2023-06-06 12:11:33,27,28,17527,41217
2023-06-06 12:11:49,27,29,17557,41247
2023-06-06 12:11:54,28,29,17557,41247
2023-06-06 12:12:21,28,29,17587,41347
2023-06-06 12:13:20,28,30,17587,41347
2023-06-06 12:13:22,29,30,17587,41347
2023-06-06 12:13:22,28,30,17617,41377
2023-06-06 12:13:29,29,30,17617,41377
2023-06-06 12:13:31,29,30,17617,41477
2023-06-06 12:13:32,31,32,17647,41537
2023-06-06 12:13:32,31,32,17677,41567
2023-06-06 12:13:32,29,31,17687,41577
2023-06-06 12:13:32,29,32,17687,41577
2023-06-06 12:13:37,29,31,17687,41577
2023-06-06 12:14:06,29,30,17687,41577
2023-06-06 12:15:02,29,31,17687,41577
2023-06-06 12:15:06,30,31,17687,41577
2023-06-06 12:15:35,29,31,17687,41577
2023-06-06 12:15:35,29,30,17687,41577
2023-06-06 12:16:19,29,31,17687,41777
2023-06-06 12:16:35,30,31,17687,41777
2023-06-06 12:16:35,30,31,17717,41807
2023-06-06 12:17:17,30,31,17717,41815
2023-06-06 12:18:38,31,32,17739,41837
2023-06-06 12:18:38,30,32,17817,41915
2023-06-06 12:18:38,30,31,17817,41915
2023-06-06 12:20:14,29,31,18117,42245
2023-06-06 12:20:39,29,30,18117,42245
2023-06-06 12:22:03,29,30,18147,42345
2023-06-06 12:22:05,29,31,18147,42375
2023-06-06 12:22:09,30,31,18147,42375
2023-06-06 12:22:14,30,31,18247,42475
2023-06-06 12:22:22,30,32,18255,42483
2023-06-06 12:22:28,31,32,18255,42483
2023-06-06 12:22:31,31,33,18285,42613
2023-06-06 12:23:50,31,33,18285,42713
2023-06-06 12:23:50,32,33,18285,42713
2023-06-06 12:23:53,32,33,18085,42913
2023-06-06 12:23:53,32,33,18085,43013
2023-06-06 12:23:54,32,35,18115,43085
2023-06-06 12:23:54,32,34,18115,43085
2023-06-06 12:24:25,32,33,18115,43085
2023-06-06 12:25:22,32,34,18115,43085
2023-06-06 12:25:24,31,34,18115,43085
2023-06-06 12:25:27,31,33,18115,43085
2023-06-06 12:25:46,30,31,18055,43145
2023-06-06 12:26:26,29,31,18055,43145
2023-06-06 12:26:37,28,31,18055,43265
2023-06-06 12:26:37,28,30,18055,43265
2023-06-06 12:26:37,28,29,18055,43265
2023-06-06 12:27:11,28,31,18085,43295
2023-06-06 12:27:11,29,31,18085,43295
2023-06-06 12:27:47,30,31,18085,43295
2023-06-06 12:27:47,30,31,18115,43325
2023-06-06 12:27:49,32,33,18145,43355
2023-06-06 12:27:49,30,32,18215,43425
2023-06-06 12:28:30,30,33,18315,43525
2023-06-06 12:28:31,31,33,18315,43525
2023-06-06 12:28:32,30,33,18315,43525
2023-06-06 12:28:34,31,33,18315,43525
2023-06-06 12:28:49,32,33,18315,43525
2023-06-06 12:29:48,31,33,18315,43525
2023-06-06 12:29:49,32,33,18315,43525
2023-06-06 12:30:25,31,33,18315,43525
2023-06-06 12:30:25,31,32,18315,43525
2023-06-06 12:31:08,31,32,18315,43625
2023-06-06 12:31:10,31,33,18315,43625
2023-06-06 12:31:10,32,33,18315,43625
2023-06-06 12:31:41,32,34,18345,43655
2023-06-06 12:31:50,32,33,18345,43655
2023-06-06 12:31:55,31,33,18945,44285
2023-06-06 12:32:46,31,32,18945,44285
2023-06-06 12:32:47,32,33,18945,44296
2023-06-06 12:32:47,31,33,18945,44296
2023-06-06 12:33:46,31,34,18975,44326
2023-06-06 12:33:54,31,34,18975,44356
2023-06-06 12:33:56,31,33,18975,44356
2023-06-06 12:34:01,31,34,18975,44356
2023-06-06 12:35:03,30,31,18915,44416
2023-06-06 12:35:23,30,31,18715,44616
2023-06-06 12:35:24,30,31,18715,44716
2023-06-06 12:35:26,30,31,18715,44816
2023-06-06 12:35:27,30,33,18715,44856
2023-06-06 12:35:35,32,33,18715,44856
2023-06-06 12:36:22,33,34,18715,44886
2023-06-06 12:36:23,32,34,18715,44886
2023-06-06 12:36:24,33,34,18715,44886
2023-06-06 12:36:24,33,35,18745,44986
2023-06-06 12:37:17,35,36,18775,45046
2023-06-06 12:37:17,35,37,18775,45046
2023-06-06 12:37:18,34,37,18915,45186
2023-06-06 12:37:18,34,36,18915,45186
2023-06-06 12:37:18,34,37,18915,45186
2023-06-06 12:37:19,33,37,18915,45186
2023-06-06 12:37:20,36,37,18915,45186
2023-06-06 12:37:20,36,38,19015,45286
2023-06-06 12:37:30,37,38,19015,45286
2023-06-06 12:37:37,38,39,19015,45316
2023-06-06 12:37:37,37,39,19015,45316
2023-06-06 12:37:47,38,39,19015,45316
2023-06-06 12:37:47,37,39,19015,45416
2023-06-06 12:37:47,39,40,19045,45446
2023-06-06 12:37:48,39,40,19075,45476
2023-06-06 12:38:02,40,41,19075,45606
2023-06-06 12:38:02,39,41,19075,45606
2023-06-06 12:38:04,39,42,19175,45706
2023-06-06 12:38:04,40,42,19175,45706
2023-06-06 12:38:07,40,41,19175,45706
2023-06-06 12:38:20,38,41,19175,45706
2023-06-06 12:38:20,39,41,19175,45706
2023-06-06 12:38:22,39,40,19175,45706
2023-06-06 12:38:25,38,40,19675,46206
2023-06-06 12:38:34,38,39,19675,46206
2023-06-06 12:39:10,38,41,19675,46206
2023-06-06 12:39:10,39,41,19675,46206
2023-06-06 12:39:14,40,41,19675,46206
2023-06-06 12:39:33,41,43,19705,46236
2023-06-06 12:39:33,41,43,19735,46266
2023-06-06 12:39:33,41,42,19735,46266
2023-06-06 12:39:33,41,43,19735,46266
2023-06-06 12:39:47,41,42,19735,46266
2023-06-06 12:40:15,39,42,19975,46706
2023-06-06 12:40:24,40,42,19975,46706
2023-06-06 12:40:33,41,42,19975,46706
2023-06-06 12:41:21,42,43,20005,46736
2023-06-06 12:41:22,42,43,20035,46766
2023-06-06 12:41:24,43,44,19935,46866
2023-06-06 12:41:24,42,44,19935,46866
2023-06-06 12:41:24,43,44,19935,46866
2023-06-06 12:41:24,42,44,19935,46866
2023-06-06 12:41:24,43,44,19935,46866
2023-06-06 12:41:29,42,44,19935,46866
2023-06-06 12:41:31,43,44,19935,46866
2023-06-06 12:41:36,44,46,19910,46921
2023-06-06 12:41:36,43,46,19910,46921
2023-06-06 12:41:41,42,46,19910,46921
2023-06-06 12:42:02,43,46,19910,46921
2023-06-06 12:42:10,42,46,19910,46921
2023-06-06 12:42:10,43,46,19910,46921
2023-06-06 12:42:14,43,45,19910,46921
2023-06-06 12:42:39,43,44,19910,46921
2023-06-06 12:42:42,42,44,19910,46921
2023-06-06 12:42:42,40,44,19910,46921
2023-06-06 12:42:42,40,43,19910,46921
2023-06-06 12:42:44,40,44,19910,46921
2023-06-06 12:42:47,41,44,19910,46921
2023-06-06 12:42:47,41,45,19710,47251
2023-06-06 12:42:47,42,45,19710,47251
2023-06-06 12:42:55,41,45,19710,47251
2023-06-06 12:42:55,43,45,19710,47251
2023-06-06 12:43:09,43,44,19710,47251
2023-06-06 12:43:09,41,44,19710,47411
2023-06-06 12:43:17,41,42,19710,47411
2023-06-06 12:43:22,39,40,19560,47711
2023-06-06 12:43:22,40,42,19370,47901
2023-06-06 12:43:22,39,42,19370,47901
2023-06-06 12:43:22,40,42,19370,47901
2023-06-06 12:43:32,40,41,19370,47901
2023-06-06 12:43:42,38,41,19280,48091
2023-06-06 12:43:57,38,40,19280,48091
2023-06-06 12:44:04,37,40,19280,48091
2023-06-06 12:44:14,37,39,19280,48091
2023-06-06 12:44:59,37,39,19280,48291
2023-06-06 12:45:01,39,40,19280,48321
2023-06-06 12:45:01,37,40,19280,48321
2023-06-06 12:45:04,38,40,19280,48321
2023-06-06 12:45:06,37,40,19280,48321
2023-06-06 12:45:12,38,40,19280,48321
2023-06-06 12:45:15,40,41,19280,48351
2023-06-06 12:45:15,38,41,19280,48351
2023-06-06 12:46:38,39,41,19280,48351
2023-06-06 12:46:39,41,42,19310,48381
2023-06-06 12:47:35,39,42,19310,48381
2023-06-06 12:47:43,41,42,19310,48381
2023-06-06 12:48:21,39,42,19310,48681
2023-06-06 12:48:30,40,42,19310,48681
2023-06-06 12:48:40,41,42,19310,48681
2023-06-06 12:48:46,42,43,19340,48711
2023-06-06 12:49:46,44,45,19370,48741
2023-06-06 12:50:18,45,46,19370,48771
2023-06-06 12:50:18,44,46,19370,48771
2023-06-06 12:50:22,45,46,19370,48771
2023-06-06 12:50:27,46,47,19370,48801
2023-06-06 12:50:27,45,47,19370,48801
2023-06-06 12:50:40,45,47,19373,48804
2023-06-06 12:50:43,45,46,19373,48804
2023-06-06 12:50:57,44,46,19373,48804
2023-06-06 12:51:19,44,47,19373,48804
2023-06-06 12:51:29,44,46,19373,48804
2023-06-06 12:51:31,44,47,19373,48804
2023-06-06 12:51:42,44,46,19373,48804
2023-06-06 12:51:44,44,47,19373,48804
2023-06-06 12:51:47,44,46,19373,48804
2023-06-06 12:51:54,44,45,19373,48804
2023-06-06 12:52:06,44,46,19373,48804
2023-06-06 12:52:06,42,43,19247,48930
2023-06-06 12:52:08,42,44,19247,48930
2023-06-06 12:52:08,42,45,19247,48930
2023-06-06 12:52:09,42,44,19247,48930
2023-06-06 12:52:11,42,45,19247,48930
2023-06-06 12:52:18,42,44,19247,48930
2023-06-06 12:52:21,42,45,19247,48930
2023-06-06 12:52:42,43,45,19247,48930
2023-06-06 12:52:50,42,45,19247,48930
2023-06-06 12:53:04,42,44,19247,48930
2023-06-06 12:53:14,42,43,19247,48930
2023-06-06 12:53:20,40,43,19247,48930
2023-06-06 12:53:28,41,43,19247,48930
2023-06-06 12:53:38,40,43,19247,48930
2023-06-06 12:53:39,41,43,19247,48930
2023-06-06 12:53:43,42,43,19247,48930
2023-06-06 12:54:01,44,45,19307,48990
2023-06-06 12:55:03,43,45,19307,48990
2023-06-06 12:55:03,44,45,19307,48990
2023-06-06 12:56:03,43,45,19307,48990
2023-06-06 12:56:39,45,46,19307,49020
2023-06-06 12:56:39,43,46,19307,49020
2023-06-06 12:56:40,44,46,19307,49020
2023-06-06 12:56:41,46,47,19367,49080
2023-06-06 12:56:57,45,47,19367,49080
2023-06-06 12:56:57,47,48,19397,49110
2023-06-06 12:57:39,49,50,19427,49140
2023-06-06 12:57:51,51,52,19557,49438
2023-06-06 12:57:55,51,53,19557,49438
2023-06-06 12:58:01,51,52,19557,49438
2023-06-06 12:58:14,50,52,19557,49438
2023-06-06 12:58:21,50,51,19557,49438
2023-06-06 12:58:26,50,51,19557,49528
2023-06-06 12:58:28,49,51,19557,49528
2023-06-06 12:58:29,49,50,19557,49528
2023-06-06 12:58:41,49,51,19557,49528
2023-06-06 12:58:42,49,50,19557,49528
2023-06-06 12:58:43,49,51,19557,49528
2023-06-06 12:58:54,50,51,19557,49528
2023-06-06 12:58:54,49,51,19557,49538
2023-06-06 12:59:01,49,50,19557,49538
2023-06-06 12:59:02,47,50,19557,49538
2023-06-06 12:59:16,47,51,19557,49538
2023-06-06 12:59:25,48,51,19557,49538
2023-06-06 12:59:31,49,51,19557,49538
2023-06-06 13:00:18,49,50,19557,49538
2023-06-06 13:00:23,48,50,19557,49568
2023-06-06 13:00:36,48,49,19557,49568
2023-06-06 13:00:43,48,50,19557,49568
2023-06-06 13:00:50,48,49,19557,49568
2023-06-06 13:00:51,48,50,19557,49568
2023-06-06 13:00:52,48,49,19557,49568
2023-06-06 13:01:11,49,50,19587,49598
2023-06-06 13:01:51,48,50,19587,49598
2023-06-06 13:05:15,47,50,19587,49598
2023-06-06 13:05:16,47,49,19587,49598
2023-06-06 13:06:15,47,50,19587,49598
2023-06-06 13:06:16,47,49,19587,49598
2023-06-06 13:06:41,47,48,19587,49598
2023-06-06 13:06:54,46,47,19527,49658
2023-06-06 13:06:56,46,47,19527,49718
2023-06-06 13:07:21,45,46,19497,49748
2023-06-06 13:07:26,43,45,19467,49778
2023-06-06 13:07:26,44,45,19467,49778
2023-06-06 13:07:54,43,44,19407,49838
2023-06-06 13:08:01,42,44,19377,49868
2023-06-06 13:08:11,42,43,19377,49868
2023-06-06 13:08:27,40,43,19317,49928
2023-06-06 13:08:41,40,41,19317,49928
2023-06-06 13:08:48,40,43,19317,49928
2023-06-06 13:08:48,40,42,19317,49928
2023-06-06 13:08:48,40,43,19317,49928
2023-06-06 13:09:14,40,43,19317,49928
2023-06-06 13:09:21,40,41,19317,49928
2023-06-06 13:09:23,39,41,19317,49928
2023-06-06 13:09:23,39,40,19317,49928
2023-06-06 13:09:31,38,40,19317,49928
2023-06-06 13:09:36,39,40,19317,49928
2023-06-06 13:09:43,38,40,19317,49928
2023-06-06 13:10:31,37,40,19317,49928
2023-06-06 13:10:34,37,39,19317,49928
2023-06-06 13:10:35,36,39,19317,49928
2023-06-06 13:10:36,36,37,19317,49928
2023-06-06 13:10:45,35,37,19317,49928
2023-06-06 13:11:56,34,37,19317,49928
2023-06-06 13:12:22,33,37,19567,50178
2023-06-06 13:12:22,33,36,19567,50178
2023-06-06 13:12:35,36,37,19467,50308
2023-06-06 13:12:35,33,37,19467,50308
2023-06-06 13:12:39,33,34,19467,50308
2023-06-06 13:12:39,33,34,19479,50508
2023-06-06 13:12:40,33,34,19679,50708
2023-06-06 13:12:41,34,37,19779,50808
2023-06-06 13:12:41,33,37,19779,50808
2023-06-06 13:12:50,33,35,19779,50808
2023-06-06 13:12:58,33,35,19979,51008
2023-06-06 13:13:13,33,35,20179,51208
2023-06-06 13:13:39,33,37,20279,51308
2023-06-06 13:13:41,34,37,20279,51308
2023-06-06 13:13:41,34,36,20279,51308
2023-06-06 13:13:44,34,37,20279,51308
2023-06-06 13:13:48,34,36,20279,51308
2023-06-06 13:13:55,34,37,20279,51308
2023-06-06 13:14:09,33,37,20429,51488
2023-06-06 13:14:18,33,36,20429,51488
2023-06-06 13:14:32,33,35,20429,51488
2023-06-06 13:15:21,33,35,20429,52238
2023-06-06 13:15:21,33,35,20429,52388
2023-06-06 13:15:29,32,35,20529,52518
2023-06-06 13:15:40,33,35,20529,52518
2023-06-06 13:15:42,32,33,20629,52618
2023-06-06 13:15:53,31,33,20629,52618
2023-06-06 13:16:02,30,33,20629,52618
2023-06-06 13:16:05,30,32,20629,52618
2023-06-06 13:16:07,29,32,20629,52618
2023-06-06 13:16:08,29,33,20629,52618
2023-06-06 13:16:08,29,31,20629,52618
2023-06-06 13:16:23,29,30,20629,52618
2023-06-06 13:16:41,29,31,20529,52718
2023-06-06 13:16:54,29,32,20529,52718
2023-06-06 13:16:54,29,33,20529,52718
2023-06-06 13:17:04,30,33,20529,52718
2023-06-06 13:17:05,31,33,20529,52718
2023-06-06 13:17:06,32,33,20529,52718
2023-06-06 13:17:08,32,33,20629,52818
2023-06-06 13:17:10,33,37,20659,52848
2023-06-06 13:17:10,32,37,20659,52848
2023-06-06 13:17:10,33,37,20659,52848
2023-06-06 13:17:28,33,36,20659,52848
2023-06-06 13:17:34,32,36,20659,52848
2023-06-06 13:17:39,33,36,20659,52848
2023-06-06 13:18:07,34,36,20659,52848
2023-06-06 13:18:17,35,36,20659,52848
2023-06-06 13:18:19,35,37,20689,52878
2023-06-06 13:18:21,36,37,20689,52878
2023-06-06 13:18:21,39,40,20819,53008
2023-06-06 13:18:21,41,42,21019,53208
2023-06-06 13:18:21,39,42,21044,53233
2023-06-06 13:18:21,39,41,21044,53233
2023-06-06 13:18:21,39,42,21044,53233
2023-06-06 13:18:21,39,41,21044,53233
2023-06-06 13:18:22,39,41,21074,53263
2023-06-06 13:18:46,38,41,21074,53263
2023-06-06 13:18:46,39,41,21074,53263
2023-06-06 13:18:48,39,40,21074,53263
2023-06-06 13:18:50,39,41,21074,53263
2023-06-06 13:18:51,39,40,21074,53263
2023-06-06 13:18:56,37,39,21074,53413
2023-06-06 13:18:56,37,40,21074,53413
2023-06-06 13:18:58,37,39,21074,53413
2023-06-06 13:19:15,37,38,21074,53413
2023-06-06 13:19:42,36,37,21224,53893
2023-06-06 13:19:57,37,40,21244,53913
2023-06-06 13:19:57,37,39,21244,53913
2023-06-06 13:20:04,36,37,21549,54218
2023-06-06 13:20:07,38,39,21744,54413
2023-06-06 13:20:10,38,39,21744,54513
2023-06-06 13:20:11,38,39,21744,54713
2023-06-06 13:20:12,39,41,21774,54743
2023-06-06 13:20:12,38,41,21774,54743
2023-06-06 13:20:12,39,41,21774,54743
2023-06-06 13:20:13,39,42,21774,54743
2023-06-06 13:20:13,39,41,21774,54743
2023-06-06 13:20:15,37,38,22174,55143
2023-06-06 13:20:15,37,38,22226,55195
2023-06-06 13:20:16,38,42,22274,55243
2023-06-06 13:20:16,37,42,22274,55243
2023-06-06 13:20:16,37,41,22274,55243
2023-06-06 13:20:16,38,41,22274,55243
2023-06-06 13:20:16,39,41,22274,55243
2023-06-06 13:20:16,39,42,22274,55243
2023-06-06 13:20:17,39,41,22274,55243
2023-06-06 13:20:18,39,41,22274,55443
2023-06-06 13:20:20,38,41,22274,55443
2023-06-06 13:20:23,37,38,22574,55743
2023-06-06 13:20:24,37,38,22774,55943
2023-06-06 13:20:25,37,38,22974,56143
2023-06-06 13:20:26,37,38,23174,56343
2023-06-06 13:20:27,38,41,23274,56443
2023-06-06 13:20:27,37,41,23274,56443
2023-06-06 13:20:28,38,41,23274,56443
2023-06-06 13:20:30,37,41,23274,56443
2023-06-06 13:20:30,37,40,23274,56443
2023-06-06 13:20:38,37,40,23274,56543
2023-06-06 13:20:40,37,40,23274,56643
2023-06-06 13:20:41,37,40,23274,56743
2023-06-06 13:20:41,38,40,23274,56743
2023-06-06 13:20:42,38,40,23274,56843
2023-06-06 13:20:44,38,41,23304,56925
2023-06-06 13:20:53,38,40,23304,56925
2023-06-06 13:20:54,38,39,23304,56925
2023-06-06 13:21:12,37,39,23304,56925
2023-06-06 13:21:20,37,39,23304,56935
2023-06-06 13:21:21,37,38,23304,56935
2023-06-06 13:21:34,36,37,23244,56995
2023-06-06 13:21:54,36,38,23244,56995
2023-06-06 13:21:57,37,38,23244,56995
2023-06-06 13:22:04,36,38,23244,56995
2023-06-06 13:22:10,36,38,23244,57005
2023-06-06 13:22:10,37,38,23244,57005
2023-06-06 13:22:11,38,40,23274,57035
2023-06-06 13:22:15,39,40,23274,57035
2023-06-06 13:22:15,39,40,23474,57235
2023-06-06 13:22:16,39,40,23807,57568
2023-06-06 13:22:18,39,40,23907,57668
2023-06-06 13:22:19,39,40,24007,57768
2023-06-06 13:22:21,39,43,24054,57815
2023-06-06 13:22:46,40,43,24054,57815
2023-06-06 13:23:03,39,43,24054,57815
2023-06-06 13:23:15,44,45,24284,58245
2023-06-06 13:23:15,44,45,24359,58320
2023-06-06 13:23:16,44,46,24359,58320
2023-06-06 13:23:43,44,47,24434,58395
2023-06-06 13:23:43,46,47,24434,58395
2023-06-06 13:23:43,46,47,24554,58515
2023-06-06 13:24:11,45,47,24554,58515
2023-06-06 13:24:12,46,47,24554,58515
2023-06-06 13:24:29,45,46,24554,58590
2023-06-06 13:24:33,44,46,24554,58590
2023-06-06 13:24:37,44,45,24554,58590
2023-06-06 13:24:56,44,45,24354,58790
2023-06-06 13:25:06,44,46,24354,58790
2023-06-06 13:25:13,45,46,24354,58790
2023-06-06 13:25:13,44,45,24234,58910
2023-06-06 13:25:13,44,46,24234,58910
2023-06-06 13:25:20,45,46,24234,58910
2023-06-06 13:25:20,45,47,24234,58910
2023-06-06 13:25:21,45,48,24234,58910
2023-06-06 13:25:21,46,48,24234,58910
2023-06-06 13:25:25,46,49,24234,58910
2023-06-06 13:25:25,46,48,24234,58910
2023-06-06 13:25:39,46,48,24234,59110
2023-06-06 13:25:40,44,46,24234,59135
2023-06-06 13:25:40,44,48,24234,59135
2023-06-06 13:25:41,45,48,24234,59135
2023-06-06 13:25:41,46,48,24234,59135
2023-06-06 13:25:42,47,48,24234,59135
2023-06-06 13:25:42,47,48,24264,59165
2023-06-06 13:25:42,46,47,24264,59335
2023-06-06 13:25:42,46,48,24264,59335
2023-06-06 13:25:42,47,48,24264,59335
2023-06-06 13:25:43,46,48,24264,59335
2023-06-06 13:25:43,47,48,24264,59335
2023-06-06 13:25:46,47,51,24339,59410
2023-06-06 13:25:46,48,51,24339,59410
2023-06-06 13:25:46,48,50,24339,59410
2023-06-06 13:25:46,48,50,24339,59455
2023-06-06 13:25:48,49,51,24339,59455
2023-06-06 13:25:50,51,53,24369,59485
2023-06-06 13:25:50,53,54,24469,59785
2023-06-06 13:25:50,53,54,24493,59809
2023-06-06 13:25:50,51,53,24493,59860
2023-06-06 13:25:50,51,54,24493,59860
2023-06-06 13:25:55,51,53,24493,59860
2023-06-06 13:26:20,51,52,24493,59860
2023-06-06 13:26:25,51,53,24493,59860
2023-06-06 13:26:26,51,52,24493,59860
2023-06-06 13:26:29,51,53,24493,59860
2023-06-06 13:26:34,51,52,24493,59860
2023-06-06 13:26:36,51,53,24493,59860
2023-06-06 13:26:36,50,53,24493,59860
2023-06-06 13:26:36,52,53,24493,59860
2023-06-06 13:26:47,50,52,24393,59960
2023-06-06 13:26:48,50,53,24393,59960
2023-06-06 13:26:51,49,53,24393,59960
2023-06-06 13:26:54,50,53,24393,59960
2023-06-06 13:27:05,50,52,24393,59960
2023-06-06 13:27:05,49,52,24393,59960
2023-06-06 13:27:12,49,51,24393,59960
2023-06-06 13:27:34,49,50,24393,59960
2023-06-06 13:27:40,49,51,24393,59960
2023-06-06 13:27:53,48,49,24363,59990
2023-06-06 13:28:11,47,49,24363,59990
2023-06-06 13:28:16,47,48,24363,59990
2023-06-06 13:28:34,46,48,24363,59990
2023-06-06 13:29:01,46,47,24363,59990
2023-06-06 13:29:02,45,46,24333,60020
2023-06-06 13:29:02,45,47,24333,60020
2023-06-06 13:29:03,46,47,24333,60020
2023-06-06 13:29:04,45,46,24303,60050
2023-06-06 13:29:04,45,47,24303,60050
2023-06-06 13:29:12,44,45,24243,60110
2023-06-06 13:29:12,44,47,24243,60110
2023-06-06 13:29:12,44,47,24243,60185
2023-06-06 13:29:12,44,46,24243,60185
2023-06-06 13:29:12,43,46,24268,60210
2023-06-06 13:29:12,43,44,24268,60210
2023-06-06 13:29:12,43,44,24278,60220
2023-06-06 13:29:50,42,43,24278,60310
2023-06-06 13:29:59,42,43,24278,60410
2023-06-06 13:30:28,41,43,24278,60410
2023-06-06 13:30:38,42,43,24278,60410
2023-06-06 13:30:59,41,43,24278,60410
2023-06-06 13:31:12,41,42,24278,60410
2023-06-06 13:31:23,40,42,24278,60610
2023-06-06 13:31:34,39,42,24278,60610
2023-06-06 13:31:35,38,42,24278,60610
2023-06-06 13:31:35,38,41,24278,60610
2023-06-06 13:31:36,38,41,24278,60810
2023-06-06 13:31:37,39,41,24278,60810
2023-06-06 13:31:44,38,41,24278,60810
2023-06-06 13:31:45,38,40,24278,60810
2023-06-06 13:31:49,41,42,24308,60940
2023-06-06 13:31:51,42,44,24338,60970
2023-06-06 13:31:51,41,44,24338,60970
2023-06-06 13:31:52,42,44,24338,60970
2023-06-06 13:31:52,43,44,24338,60970
2023-06-06 13:31:59,44,46,24393,61025
2023-06-06 13:31:59,43,46,24393,61025
2023-06-06 13:32:05,45,46,24393,61025
2023-06-06 13:33:02,43,46,24393,61025
2023-06-06 13:33:02,44,46,24393,61025
2023-06-06 13:33:06,45,46,24393,61025
2023-06-06 13:34:02,44,46,24393,61025
2023-06-06 13:34:08,45,46,24393,61025
2023-06-06 13:34:10,44,46,24393,61025
2023-06-06 13:34:10,45,46,24393,61025
2023-06-06 13:34:18,43,45,24393,61100
2023-06-06 13:35:27,44,45,24393,61100
2023-06-06 13:36:07,43,45,24393,61100
2023-06-06 13:36:40,43,44,24393,61100
2023-06-06 13:37:10,42,44,24393,61100
2023-06-06 13:37:31,42,45,24393,61100
2023-06-06 13:37:42,42,44,24393,61100
2023-06-06 13:38:07,42,45,24393,61100
2023-06-06 13:38:17,42,44,24393,61100
2023-06-06 13:38:19,42,45,24393,61100
2023-06-06 13:38:47,42,44,24393,61100
2023-06-06 13:38:51,42,45,24393,61100
2023-06-06 13:39:11,43,45,24393,61100
2023-06-06 13:40:13,43,44,24393,61100
2023-06-06 13:40:27,43,45,24393,61100
2023-06-06 13:40:28,43,44,24393,61100
2023-06-06 13:40:30,43,45,24393,61100
2023-06-06 13:40:46,45,47,24423,61130
2023-06-06 13:41:44,44,47,24423,61130
2023-06-06 13:42:24,45,47,24423,61130
2023-06-06 13:42:26,47,48,24453,61160
2023-06-06 13:43:24,46,48,24453,61160
2023-06-06 13:43:27,47,48,24453,61160
2023-06-06 13:44:26,46,48,24453,61160
2023-06-06 13:45:07,48,49,24483,61190
2023-06-06 13:45:23,46,48,24483,61385
2023-06-06 13:45:24,46,49,24483,61385
2023-06-06 13:45:25,45,49,24483,61385
2023-06-06 13:45:25,46,49,24483,61385
2023-06-06 13:45:37,46,48,24483,61385
2023-06-06 13:45:44,46,47,24483,61385
2023-06-06 13:45:58,44,47,24483,61385
2023-06-06 13:46:06,45,47,24483,61385
2023-06-06 13:46:41,45,49,24483,61385
2023-06-06 13:46:45,45,48,24483,61385
2023-06-06 13:47:07,45,47,24483,61385
2023-06-06 13:47:09,45,46,24483,61385
2023-06-06 13:47:37,45,49,24483,61385
2023-06-06 13:47:37,45,48,24483,61385
2023-06-06 13:47:37,46,48,24483,61385
2023-06-06 13:47:37,45,48,24483,61385
2023-06-06 13:47:51,45,49,24483,61385
2023-06-06 13:47:56,46,49,24483,61385
2023-06-06 13:48:28,47,49,24483,61385
2023-06-06 13:48:30,49,50,24513,61415
2023-06-06 13:48:31,47,50,24513,61415
2023-06-06 13:48:48,49,50,24513,61415
2023-06-06 13:50:10,49,50,24543,61445
2023-06-06 13:50:10,47,48,24543,61615
2023-06-06 13:50:11,48,49,24543,61670
2023-06-06 13:50:11,47,49,24543,61670
2023-06-06 13:50:11,48,49,24543,61670
2023-06-06 13:50:11,47,49,24543,61670
2023-06-06 13:50:11,48,49,24543,61670
2023-06-06 13:50:12,47,49,24543,61670
2023-06-06 13:50:12,48,49,24543,61670
2023-06-06 13:50:12,47,49,24543,61670
2023-06-06 13:50:12,48,49,24543,61670
2023-06-06 13:50:12,49,50,24573,61700
2023-06-06 13:50:12,48,50,24573,61700
2023-06-06 13:50:12,47,50,24573,61700
2023-06-06 13:50:12,48,50,24573,61700
2023-06-06 13:50:12,47,50,24573,61700
2023-06-06 13:50:12,48,50,24573,61700
2023-06-06 13:50:13,47,50,24573,61700
2023-06-06 13:50:13,48,50,24573,61700
2023-06-06 13:50:18,47,50,24573,61700
2023-06-06 13:50:22,47,49,24573,61700
2023-06-06 13:50:22,49,50,24573,61800
2023-06-06 13:50:22,47,50,24573,61800
2023-06-06 13:50:57,47,49,24573,61800
2023-06-06 13:51:11,47,50,24573,61800
2023-06-06 13:51:12,46,47,24513,61860
2023-06-06 13:51:15,47,49,24513,61875
2023-06-06 13:51:15,46,49,24513,61875
2023-06-06 13:52:07,47,49,24513,61875
2023-06-06 13:52:11,49,50,24543,61905
2023-06-06 13:52:11,47,50,24543,61905
2023-06-06 13:52:47,47,49,24543,61905
2023-06-06 13:52:49,47,48,24543,61905
2023-06-06 13:53:22,47,51,24543,61905
2023-06-06 13:53:22,48,51,24543,61905
2023-06-06 13:53:22,48,50,24543,61905
2023-06-06 13:53:48,49,50,24543,61905
2023-06-06 13:53:49,50,52,24573,62010
2023-06-06 13:53:49,49,52,24573,62010
2023-06-06 13:53:49,49,51,24573,62010
2023-06-06 13:53:51,50,51,24573,62010
2023-06-06 13:53:51,50,51,24663,62100
2023-06-06 13:53:51,50,52,24663,62100
2023-06-06 13:53:51,50,52,24693,62130
2023-06-06 13:53:54,50,53,24693,62130
2023-06-06 13:53:55,50,52,24693,62130
2023-06-06 13:53:56,52,53,24723,62160
2023-06-06 13:53:56,50,53,24723,62160
2023-06-06 13:54:05,50,53,24823,62360
2023-06-06 13:54:05,52,53,24823,62360
2023-06-06 13:54:05,52,53,24823,62390
2023-06-06 13:54:23,51,53,24823,62390
2023-06-06 13:55:01,52,53,24823,62390
2023-06-06 13:55:03,52,53,24853,62590
2023-06-06 13:55:03,52,53,24941,62678
2023-06-06 13:55:04,52,53,24941,62878
2023-06-06 13:55:05,53,54,24941,62883
2023-06-06 13:55:06,54,55,24971,62913
2023-06-06 13:55:06,53,55,25141,63083
2023-06-06 13:55:06,54,55,25141,63083
2023-06-06 13:55:06,53,55,25241,63253
2023-06-06 13:55:06,54,55,25241,63253
2023-06-06 13:55:06,53,55,25241,63253
2023-06-06 13:55:07,53,55,25241,63253
2023-06-06 13:55:07,53,54,25241,63253
2023-06-06 13:55:07,53,55,25341,63353
2023-06-06 13:55:08,53,56,25341,63353
2023-06-06 13:55:08,53,55,25341,63353
2023-06-06 13:55:08,54,55,25341,63353
2023-06-06 13:55:09,54,55,25341,63353
2023-06-06 13:55:22,54,56,25371,63383
2023-06-06 13:55:57,54,55,25371,63383
2023-06-06 13:56:07,53,55,25371,63383
2023-06-06 13:56:07,53,54,25371,63383
2023-06-06 13:56:25,53,56,25371,63383
2023-06-06 13:56:25,53,55,25371,63383
2023-06-06 13:56:32,53,56,25371,63383
2023-06-06 13:56:32,53,54,25371,63383
2023-06-06 13:56:33,53,56,25171,63583
2023-06-06 13:56:49,53,57,25171,63713
2023-06-06 13:56:49,55,57,25171,63713
2023-06-06 13:56:53,53,55,25071,63813
2023-06-06 13:56:53,53,55,25041,63843
2023-06-06 13:56:53,52,55,25041,63843
2023-06-06 13:56:53,52,57,24641,64343
2023-06-06 13:56:53,54,57,24641,64343
2023-06-06 13:57:13,54,58,24441,64673
2023-06-06 13:57:21,55,58,24441,64673
2023-06-06 13:57:31,56,58,24441,64673
2023-06-06 13:57:41,56,59,24441,64733
2023-06-06 13:57:50,56,60,24441,64863
2023-06-06 13:57:50,56,59,24441,64863
2023-06-06 13:57:55,56,58,24441,64863
2023-06-06 13:58:07,56,59,24441,64863
2023-06-06 13:58:07,56,58,24441,64863
2023-06-06 13:58:08,56,59,24441,64863
2023-06-06 13:58:10,57,59,24441,64863
2023-06-06 13:58:16,57,60,24441,64893
2023-06-06 13:58:16,57,59,24441,64893
2023-06-06 13:58:23,57,59,24441,65023
2023-06-06 13:58:27,57,60,24441,65243
2023-06-06 13:58:30,57,58,24441,65243
2023-06-06 13:58:34,57,60,24241,65443
2023-06-06 13:58:37,57,59,24241,65443
2023-06-06 13:58:50,57,59,24241,65493
2023-06-06 13:58:50,57,58,24241,65493
2023-06-06 13:58:50,57,59,24241,65493
2023-06-06 13:58:54,57,60,24241,65493
2023-06-06 13:58:54,57,59,24241,65493
2023-06-06 13:58:54,57,60,24241,65493
2023-06-06 13:58:57,57,59,24241,65493
2023-06-06 13:59:00,57,60,24128,65993
2023-06-06 13:59:00,57,59,24128,65993
2023-06-06 13:59:00,57,60,24128,65993
2023-06-06 13:59:05,57,59,24128,65993
2023-06-06 13:59:05,57,60,24128,65993
2023-06-06 13:59:06,57,59,24128,65993
2023-06-06 13:59:17,57,60,24128,65993
2023-06-06 13:59:17,57,59,24128,65993
2023-06-06 13:59:17,57,60,24128,65993
2023-06-06 13:59:23,58,60,24128,65993
2023-06-06 13:59:44,58,59,24128,65993
2023-06-06 13:59:44,57,59,24128,66053
2023-06-06 13:59:48,57,60,24128,66053
2023-06-06 14:00:04,58,60,24128,66053
2023-06-06 14:00:09,57,60,24128,66053
2023-06-06 14:00:09,59,60,24128,66053
2023-06-06 14:00:17,57,60,23883,66298
2023-06-06 14:00:42,58,60,23883,66298
2023-06-06 14:00:43,57,60,23883,66298
2023-06-06 14:00:46,57,61,23883,66328
2023-06-06 14:00:52,58,61,23883,66328
2023-06-06 14:01:01,58,62,23883,66338
2023-06-06 14:01:01,58,61,23883,66338
2023-06-06 14:01:01,58,62,23883,66338
2023-06-06 14:01:06,58,61,23883,66338
2023-06-06 14:01:06,58,62,23883,66338
2023-06-06 14:01:11,59,62,23883,66338
2023-06-06 14:01:12,59,61,23883,66338
2023-06-06 14:01:12,59,62,23883,66338
2023-06-06 14:01:12,60,62,23883,66338
2023-06-06 14:01:12,60,62,23885,66340
2023-06-06 14:01:12,60,62,23923,66378
2023-06-06 14:01:14,60,63,23883,66628
2023-06-06 14:01:14,60,62,23883,66628
2023-06-06 14:01:14,59,60,23883,66688
2023-06-06 14:01:15,60,62,23746,66825
2023-06-06 14:01:16,59,62,23746,66825
2023-06-06 14:01:20,59,61,23746,66825
2023-06-06 14:01:20,59,62,23746,66825
2023-06-06 14:01:21,59,61,23746,66825
2023-06-06 14:01:34,59,62,23746,66825
2023-06-06 14:01:34,59,60,23746,66825
2023-06-06 14:02:17,59,61,23746,66825
2023-06-06 14:02:17,62,63,23846,67034
2023-06-06 14:02:17,62,63,23856,67044
2023-06-06 14:02:17,62,63,23866,67054
2023-06-06 14:02:17,62,63,23886,67074
2023-06-06 14:02:17,62,63,23926,67114
2023-06-06 14:02:17,62,63,23926,67314
2023-06-06 14:02:33,62,64,23434,68116
2023-06-06 14:02:40,62,63,23434,68116
2023-06-06 14:02:41,61,63,23454,68136
2023-06-06 14:02:46,61,62,23454,68136
2023-06-06 14:03:04,61,63,23454,68136
2023-06-06 14:03:04,63,64,23457,68139
2023-06-06 14:03:08,62,63,23457,68233
2023-06-06 14:03:08,62,64,23457,68233
2023-06-06 14:03:16,61,64,23457,68233
2023-06-06 14:03:16,63,64,23457,68233
2023-06-06 14:03:34,63,65,23529,68443
2023-06-06 14:04:12,62,65,23529,68443
2023-06-06 14:04:12,64,65,23529,68443
2023-06-06 14:04:13,62,65,23329,68643
2023-06-06 14:04:16,62,65,23387,68701
2023-06-06 14:04:38,62,64,23387,68701
2023-06-06 14:04:43,62,65,23500,68814
2023-06-06 14:04:45,64,65,23500,68814
2023-06-06 14:04:46,62,65,23600,68914
2023-06-06 14:04:46,62,64,23600,68914
2023-06-06 14:04:46,62,65,23600,68914
2023-06-06 14:04:49,62,65,23600,69114
2023-06-06 14:04:54,63,65,23600,69114
2023-06-06 14:04:54,62,63,23500,69214
2023-06-06 14:04:54,62,65,23500,69214
2023-06-06 14:04:56,62,64,23500,69214
2023-06-06 14:05:05,62,65,23500,69214
2023-06-06 14:05:05,62,64,23500,69214
2023-06-06 14:05:08,61,62,23480,69234
2023-06-06 14:05:08,61,64,23480,69234
2023-06-06 14:05:08,61,63,23480,69234
2023-06-06 14:05:16,61,64,23480,69234
2023-06-06 14:05:23,60,64,23457,69448
2023-06-06 14:05:28,61,64,23457,69448
2023-06-06 14:05:33,60,64,23224,69781
2023-06-06 14:05:34,60,63,23224,69781
2023-06-06 14:05:49,61,63,23224,69781
2023-06-06 14:06:25,61,62,23224,69781
2023-06-06 14:07:00,61,63,23234,69891
2023-06-06 14:07:08,62,63,23234,69891
2023-06-06 14:08:28,62,63,23234,69926
2023-06-06 14:09:24,61,62,23234,69931
2023-06-06 14:09:24,61,63,23234,69931
2023-06-06 14:09:25,60,63,23234,69931
2023-06-06 14:09:25,60,62,23234,69931
2023-06-06 14:09:34,59,62,23234,69931
2023-06-06 14:09:34,60,62,23234,69931
2023-06-06 14:09:46,58,60,23224,69941
2023-06-06 14:09:53,58,60,23324,70151
2023-06-06 14:09:53,58,59,23324,70151
2023-06-06 14:09:55,57,58,23306,70169
2023-06-06 14:10:38,58,59,23306,70172
2023-06-06 14:10:39,57,59,23306,70172
2023-06-06 14:10:44,57,58,23306,70172
2023-06-06 14:11:21,56,58,23298,70180
2023-06-06 14:11:22,56,57,23298,70180
2023-06-06 14:11:30,55,57,23146,70377
2023-06-06 14:11:30,55,58,23146,70377
2023-06-06 14:11:30,55,56,23146,70377
2023-06-06 14:11:37,55,57,23146,70377
2023-06-06 14:11:37,53,55,23111,70457
2023-06-06 14:11:37,53,56,23111,70457
2023-06-06 14:11:37,53,54,23111,70457
2023-06-06 14:11:44,52,54,23081,70487
2023-06-06 14:11:59,52,54,22848,70820
2023-06-06 14:12:01,52,55,22848,70820
2023-06-06 14:12:01,52,53,22848,70820
2023-06-06 14:12:03,52,55,22848,70820
2023-06-06 14:12:03,52,54,22848,70820
2023-06-06 14:12:05,51,54,22841,70927
2023-06-06 14:12:15,51,55,22841,70927
2023-06-06 14:12:15,51,53,22841,70927
2023-06-06 14:12:36,51,54,22841,70927
2023-06-06 14:12:36,51,52,22841,70927
2023-06-06 14:12:40,50,51,22801,70967
2023-06-06 14:12:40,50,52,22801,70967
2023-06-06 14:12:52,50,51,22801,70967
2023-06-06 14:13:08,49,51,22761,71007
2023-06-06 14:13:08,49,52,22761,71007
2023-06-06 14:13:08,49,50,22761,71007
2023-06-06 14:13:41,50,51,22771,71017
2023-06-06 14:13:48,50,51,22571,71217
2023-06-06 14:14:41,49,51,22571,71217
2023-06-06 14:14:44,50,51,22571,71217
2023-06-06 14:14:48,49,51,22571,71392
2023-06-06 14:14:49,50,51,22571,71392
2023-06-06 14:14:50,49,51,22571,71392
2023-06-06 14:15:01,49,50,22571,71392
2023-06-06 14:15:45,50,51,22581,71402
2023-06-06 14:16:01,51,52,22581,71412
2023-06-06 14:16:01,51,53,22581,71412
2023-06-06 14:16:05,52,53,22581,71412
2023-06-06 14:16:06,53,55,22591,71442
2023-06-06 14:16:49,54,55,22591,71442
2023-06-06 14:16:49,53,54,22591,71552
2023-06-06 14:16:49,53,55,22591,71552
2023-06-06 14:16:51,51,53,22591,71695
2023-06-06 14:16:51,51,55,22591,71695
2023-06-06 14:17:03,52,55,22591,71695
2023-06-06 14:17:06,52,54,22591,71695
2023-06-06 14:17:31,51,54,22591,71805
2023-06-06 14:17:49,50,54,22581,72029
2023-06-06 14:18:01,50,53,22581,72029
2023-06-06 14:18:03,50,52,22581,72029
2023-06-06 14:18:27,51,52,22581,72029
2023-06-06 14:18:35,52,55,22591,72039
2023-06-06 14:19:31,51,55,22591,72039
2023-06-06 14:19:34,51,54,22591,72039
2023-06-06 14:20:04,52,54,22591,72039
2023-06-06 14:20:23,53,54,22591,72039
2023-06-06 14:21:23,52,54,22591,72039
2023-06-06 14:21:23,53,54,22591,72039
2023-06-06 14:22:01,55,56,22611,72059
2023-06-06 14:22:35,56,57,22621,72069
2023-06-06 14:22:44,57,58,22631,72079
2023-06-06 14:22:44,56,58,22631,72079
2023-06-06 14:23:03,56,57,22631,72079
2023-06-06 14:23:06,54,57,22631,72079
2023-06-06 14:23:51,54,56,22631,72079
2023-06-06 14:23:55,54,55,22631,72079
2023-06-06 14:23:56,54,55,22631,72085
2023-06-06 14:23:59,52,54,22611,72105
2023-06-06 14:23:59,52,55,22611,72105
2023-06-06 14:24:33,52,54,22611,72105
2023-06-06 14:24:39,50,52,22591,72245
2023-06-06 14:24:39,50,54,22591,72245
2023-06-06 14:24:50,51,54,22591,72245
2023-06-06 14:25:21,50,54,22591,72245
2023-06-06 14:25:21,50,52,22591,72245
2023-06-06 14:25:31,51,52,22591,72245
2023-06-06 14:25:39,50,52,22591,72245
2023-06-06 14:26:03,49,50,22581,72255
2023-06-06 14:26:03,49,52,22581,72255
2023-06-06 14:26:10,49,51,22581,72255
2023-06-06 14:26:13,47,49,22561,72353
2023-06-06 14:26:13,47,51,22561,72353
2023-06-06 14:26:15,47,50,22561,72353
2023-06-06 14:26:16,48,50,22561,72353
2023-06-06 14:26:23,49,50,22561,72353
2023-06-06 14:26:33,49,52,22571,72363
2023-06-06 14:26:33,47,48,22371,72880
2023-06-06 14:26:34,47,51,22371,72972
2023-06-06 14:26:34,48,51,22371,72972
2023-06-06 14:26:35,48,51,22381,72982
2023-06-06 14:26:42,48,52,22381,72982
2023-06-06 14:26:42,48,50,22381,72982
2023-06-06 14:26:55,48,51,22381,73192
2023-06-06 14:27:06,48,50,22381,73192
2023-06-06 14:27:20,48,49,22381,73192
2023-06-06 14:27:23,47,48,22371,73202
2023-06-06 14:27:23,47,49,22371,73202
2023-06-06 14:27:23,47,49,22426,73257
2023-06-06 14:27:24,45,47,22416,73328
2023-06-06 14:27:24,45,49,22416,73328
2023-06-06 14:27:24,45,48,22416,73328
2023-06-06 14:27:25,45,47,22416,73328
2023-06-06 14:27:25,44,47,22416,73328
2023-06-06 14:27:39,44,46,22416,73328
2023-06-06 14:27:41,44,47,22416,73328
2023-06-06 14:27:41,44,46,22416,73328
2023-06-06 14:27:41,43,44,22376,73368
2023-06-06 14:28:00,42,43,22336,73408
2023-06-06 14:28:00,42,44,22336,73408
2023-06-06 14:28:01,43,44,22336,73408
2023-06-06 14:28:23,43,46,22346,73454
2023-06-06 14:28:23,43,45,22346,73454
2023-06-06 14:28:23,44,45,22346,73454
2023-06-06 14:28:26,44,48,22346,73454
2023-06-06 14:28:26,44,45,22346,73454
2023-06-06 14:28:26,44,46,22346,73454
2023-06-06 14:28:46,43,45,22346,73454
2023-06-06 14:29:04,44,45,22346,73454
2023-06-06 14:29:06,43,45,22346,73454
2023-06-06 14:29:14,43,46,22566,73674
2023-06-06 14:29:18,43,45,22566,73674
2023-06-06 14:29:19,42,45,22566,73674
2023-06-06 14:29:19,42,44,22566,73674
2023-06-06 14:29:37,41,42,22536,73704
2023-06-06 14:29:37,41,44,22536,73704
2023-06-06 14:29:38,41,43,22536,73704
2023-06-06 14:29:39,40,41,22506,73885
2023-06-06 14:29:39,40,43,22506,73885
2023-06-06 14:29:42,40,41,22506,73885
2023-06-06 14:29:58,39,41,22506,73885
2023-06-06 14:30:39,38,41,22506,73885
2023-06-06 14:30:41,38,40,22506,73885
2023-06-06 14:30:47,39,40,22506,73885
2023-06-06 14:30:50,38,40,22506,73885
2023-06-06 14:31:21,39,40,22506,73885
2023-06-06 14:31:28,40,41,22516,73895
2023-06-06 14:32:05,39,41,22516,73895
2023-06-06 14:32:05,39,40,22516,73895
2023-06-06 14:32:23,39,41,22519,73934
2023-06-06 14:32:23,40,41,22519,73934
2023-06-06 14:32:46,39,41,22519,73934
2023-06-06 14:32:46,39,40,22519,73934
2023-06-06 14:33:01,38,40,22519,73934
2023-06-06 14:33:17,39,40,22519,73934
2023-06-06 14:33:36,39,41,22522,74009
2023-06-06 14:33:49,40,41,22522,74009
2023-06-06 14:33:50,41,43,22522,74019
2023-06-06 14:33:54,42,43,22522,74019
2023-06-06 14:33:55,43,45,22522,74029
2023-06-06 14:34:05,45,46,22532,74039
2023-06-06 14:34:10,43,46,22557,74064
2023-06-06 14:34:22,43,45,22557,74064
2023-06-06 14:34:28,44,45,22557,74064
2023-06-06 14:34:29,43,44,22557,74099
2023-06-06 14:34:29,43,45,22557,74099
2023-06-06 14:35:28,45,46,22570,74112
2023-06-06 14:35:28,45,46,22583,74125
2023-06-06 14:35:28,45,46,22596,74138
2023-06-06 14:35:29,45,46,22623,74165
2023-06-06 14:35:38,43,46,22623,74165
2023-06-06 14:35:48,43,45,22623,74165
2023-06-06 14:36:04,43,45,22620,74168
2023-06-06 14:36:05,43,45,22613,74368
2023-06-06 14:36:06,43,44,22613,74368
2023-06-06 14:36:06,42,43,22663,74445
2023-06-06 14:36:06,42,44,22663,74445
2023-06-06 14:36:06,43,44,22663,74445
2023-06-06 14:36:07,42,43,22663,74455
2023-06-06 14:36:07,42,44,22663,74455
2023-06-06 14:37:40,43,44,22663,74455
2023-06-06 14:37:42,42,44,22663,74455
2023-06-06 14:38:02,42,45,22673,74465
2023-06-06 14:38:11,42,44,22673,74465
2023-06-06 14:38:52,43,44,22673,74465
2023-06-06 14:38:54,43,45,22673,74465
2023-06-06 14:38:54,44,45,22673,74465
2023-06-06 14:39:37,42,45,22673,74532
2023-06-06 14:39:39,41,45,22673,74532
2023-06-06 14:39:39,41,44,22673,74532
2023-06-06 14:39:50,41,43,22673,74532
2023-06-06 14:40:00,42,43,22673,74532
2023-06-06 14:40:00,42,43,22683,74542
2023-06-06 14:40:00,42,44,22683,74542
2023-06-06 14:40:02,42,44,22683,74542
2023-06-06 14:40:14,42,43,22683,74542
2023-06-06 14:40:25,41,43,22683,74552
2023-06-06 14:40:25,41,42,22683,74552
2023-06-06 14:41:03,41,42,22683,74562
2023-06-06 14:41:04,41,42,22698,74577
2023-06-06 14:41:04,40,41,22698,74587
2023-06-06 14:41:04,40,42,22698,74587
2023-06-06 14:41:05,38,42,22698,74587
2023-06-06 14:41:05,38,41,22698,74587
2023-06-06 14:41:23,39,41,22698,74587
2023-06-06 14:41:48,38,41,22698,74587
2023-06-06 14:41:56,39,41,22698,74587
2023-06-06 14:42:22,38,41,22698,74587
2023-06-06 14:42:22,38,40,22698,74587
2023-06-06 14:42:31,39,40,22698,74587
2023-06-06 14:42:33,39,41,22698,74587
2023-06-06 14:43:28,38,41,22698,74587
2023-06-06 14:43:28,38,40,22698,74587
2023-06-06 14:43:54,37,38,22698,74603
2023-06-06 14:43:54,37,40,22698,74603
2023-06-06 14:43:57,37,38,22698,74603
2023-06-06 14:44:03,36,37,22698,74619
2023-06-06 14:44:03,36,38,22698,74619
2023-06-06 14:44:16,35,36,22698,74635
2023-06-06 14:44:16,35,38,22698,74635
2023-06-06 14:44:20,34,38,22884,74893
2023-06-06 14:44:20,34,37,22884,74893
2023-06-06 14:44:25,34,36,22884,74893
2023-06-06 14:45:00,35,36,22884,74893
2023-06-06 14:45:02,36,37,22914,75078
2023-06-06 14:45:02,35,37,22929,75093
2023-06-06 14:45:02,35,36,22929,75093
2023-06-06 14:45:05,36,37,22944,75108
2023-06-06 14:45:38,34,36,22991,75155
2023-06-06 14:45:38,34,37,22991,75155
2023-06-06 14:45:39,34,36,22991,75155
2023-06-06 14:45:42,34,37,22991,75155
2023-06-06 14:45:42,34,35,22991,75155
2023-06-06 14:45:47,34,35,22991,75156
2023-06-06 14:46:06,33,35,22991,75166
2023-06-06 14:46:09,33,35,22991,75196
2023-06-06 14:46:11,33,37,22991,75196
2023-06-06 14:46:11,33,36,22991,75196
2023-06-06 14:46:11,33,34,22991,75196
2023-06-06 14:46:13,33,36,22991,75196
2023-06-06 14:46:13,33,37,22991,75196
2023-06-06 14:46:13,33,35,22991,75196
2023-06-06 14:46:25,33,34,22991,75196
2023-06-06 14:46:32,32,34,23298,75513
2023-06-06 14:46:54,33,34,23298,75513
2023-06-06 14:47:01,33,35,23308,75523
2023-06-06 14:47:11,34,35,23308,75523
2023-06-06 14:47:26,34,35,23412,75627
2023-06-06 14:47:30,34,36,23422,75637
2023-06-06 14:47:36,34,35,23422,75637
2023-06-06 14:47:39,33,35,23422,75637
2023-06-06 14:47:56,33,34,23422,75637
2023-06-06 14:48:02,33,35,23422,75637
2023-06-06 14:48:33,33,34,23422,75637
2023-06-06 14:48:54,33,35,23422,75637
2023-06-06 14:49:08,33,35,23425,75737
2023-06-06 14:49:10,33,37,23425,75827
2023-06-06 14:49:10,34,37,23425,75827
2023-06-06 14:49:16,34,36,23425,75827
2023-06-06 14:49:16,34,37,23425,75827
2023-06-06 14:49:18,34,36,23425,75827
2023-06-06 14:49:40,34,35,23425,75827
2023-06-06 14:49:43,34,36,23425,75827
2023-06-06 14:49:43,34,35,23525,75927
2023-06-06 14:49:43,34,35,23535,75937
2023-06-06 14:49:43,34,35,23555,75957
2023-06-06 14:49:43,34,36,23555,75957
2023-06-06 14:49:44,33,36,23555,75957
2023-06-06 14:49:44,33,35,23555,75957
2023-06-06 14:49:51,33,35,23609,76021
2023-06-06 14:50:07,32,35,23655,76080
2023-06-06 14:50:08,32,35,23659,76180
2023-06-06 14:50:10,32,35,23713,76280
2023-06-06 14:50:10,33,35,23713,76280
2023-06-06 14:50:10,34,35,23713,76280
2023-06-06 14:50:11,34,36,23713,76280
2023-06-06 14:50:16,34,35,23713,76280
2023-06-06 14:50:17,34,36,23713,76280
2023-06-06 14:50:22,34,35,23713,76280
2023-06-06 14:50:22,34,36,23713,76280
2023-06-06 14:50:25,34,36,23723,76290
2023-06-06 14:50:36,33,36,23723,76290
2023-06-06 14:50:36,33,36,23723,76347
2023-06-06 14:50:36,33,35,23723,76347
2023-06-06 14:51:05,31,33,23816,76480
2023-06-06 14:51:05,31,35,23816,76480
2023-06-06 14:51:06,31,34,23816,76480
2023-06-06 14:51:14,30,34,23816,76480
2023-06-06 14:51:14,30,33,23816,76480
2023-06-06 14:51:17,30,31,23816,76480
2023-06-06 14:51:21,29,31,23816,76480
2023-06-06 14:51:23,28,31,23816,76480
2023-06-06 14:51:28,28,31,23816,76537
2023-06-06 14:51:28,28,29,23816,76537
2023-06-06 14:51:29,27,29,23816,76537
2023-06-06 14:51:58,27,29,23816,76538
2023-06-06 14:52:02,28,29,23816,76538
2023-06-06 14:52:08,28,30,23826,76548
2023-06-06 14:52:08,29,30,23826,76548
2023-06-06 14:52:20,28,30,23826,76548
2023-06-06 14:52:33,27,30,23826,76548
2023-06-06 14:52:33,27,29,23826,76548
2023-06-06 14:52:39,27,30,23826,76548
2023-06-06 14:52:39,28,30,23826,76548
2023-06-06 14:52:54,27,30,23826,76548
2023-06-06 14:52:54,27,29,23826,76548
2023-06-06 14:52:58,27,30,23826,76548
2023-06-06 14:52:58,27,28,23826,76548
2023-06-06 14:53:58,27,29,23826,76548
2023-06-06 14:53:58,28,29,23826,76548
2023-06-06 14:54:38,28,30,23829,76551
2023-06-06 14:54:46,28,29,23829,76551
2023-06-06 14:55:03,28,30,23832,76554
2023-06-06 14:55:06,28,29,23832,76554
2023-06-06 14:55:17,28,30,23832,76554
2023-06-06 14:55:35,28,29,23832,76554
2023-06-06 14:55:59,27,28,23832,76594
2023-06-06 14:55:59,27,29,23832,76594
2023-06-06 14:55:59,27,28,23832,76594
2023-06-06 14:56:53,26,28,23932,76734
2023-06-06 14:56:59,27,28,23932,76734
2023-06-06 14:57:08,28,29,23935,76737
2023-06-06 14:57:13,28,30,23945,76747
2023-06-06 14:57:23,28,29,23945,76747
2023-06-06 14:57:28,27,29,23945,76747
2023-06-06 14:57:28,26,29,23945,76747
2023-06-06 14:57:28,27,29,23945,76747
2023-06-06 14:57:28,27,28,23945,76747
2023-06-06 14:58:06,25,27,23935,76757
2023-06-06 14:58:10,26,27,23935,76757
2023-06-06 14:59:09,25,26,23935,76770
2023-06-06 14:59:09,25,27,23935,76770
2023-06-06 14:59:09,25,26,23935,76770
2023-06-06 14:59:36,26,28,23968,76803
2023-06-06 14:59:37,26,28,23968,76916
2023-06-06 14:59:51,25,28,23968,76916
2023-06-06 14:59:51,25,27,23968,76916
2023-06-06 15:00:01,25,26,23968,76916
2023-06-06 15:00:02,25,27,23968,76916
2023-06-06 15:00:02,24,25,23928,76956
2023-06-06 15:00:05,24,25,24128,77156
2023-06-06 15:00:06,22,24,24179,77247
2023-06-06 15:00:06,22,25,24179,77247
2023-06-06 15:00:06,22,24,24179,77247
2023-06-06 15:00:12,22,25,24179,77247
2023-06-06 15:00:12,22,23,24179,77247
2023-06-06 15:00:17,22,23,24179,77248
2023-06-06 15:00:39,20,21,24173,77320
2023-06-06 15:00:47,20,22,24173,77353
2023-06-06 15:00:53,20,21,24173,77353
2023-06-06 15:00:54,21,22,24173,77415
2023-06-06 15:00:58,20,21,24188,77430
2023-06-06 15:00:58,20,22,24188,77430
2023-06-06 15:01:10,21,22,24188,77430
2023-06-06 15:01:16,20,21,24338,77580
2023-06-06 15:01:16,20,22,24338,77580
2023-06-06 15:01:39,20,21,24338,77580
2023-06-06 15:02:00,19,20,24348,77590
2023-06-06 15:02:00,19,21,24348,77590
2023-06-06 15:02:16,18,19,24506,77748
2023-06-06 15:02:16,18,21,24506,77748
2023-06-06 15:02:17,18,21,24506,77772
2023-06-06 15:02:17,18,20,24506,77772
2023-06-06 15:04:00,18,20,24506,77812
2023-06-06 15:04:02,19,20,24506,77812
2023-06-06 15:04:09,19,21,24511,77852
2023-06-06 15:04:09,20,21,24511,77852
2023-06-06 15:04:17,20,22,24551,77892
2023-06-06 15:05:02,19,20,24551,77932
2023-06-06 15:05:02,19,22,24551,77932
2023-06-06 15:05:08,18,19,24666,78052
2023-06-06 15:05:08,18,22,24666,78052
2023-06-06 15:05:09,19,22,24666,78052
2023-06-06 15:05:09,19,21,24666,78052
2023-06-06 15:05:25,19,20,24666,78052
2023-06-06 15:05:27,19,20,24666,78067
2023-06-06 15:05:33,18,19,24686,78087
2023-06-06 15:05:33,18,20,24686,78087
2023-06-06 15:05:48,19,20,24686,78087
2023-06-06 15:06:01,20,21,24686,78117
2023-06-06 15:06:05,21,23,24681,78157
2023-06-06 15:06:05,20,23,24681,78157
2023-06-06 15:06:05,21,23,24681,78157
2023-06-06 15:06:12,21,22,24681,78157
2023-06-06 15:06:18,20,22,24681,78157
2023-06-06 15:06:18,20,23,24681,78157
2023-06-06 15:06:18,20,21,24681,78157
2023-06-06 15:06:42,19,21,24681,78157
2023-06-06 15:06:43,19,22,24681,78157
2023-06-06 15:06:43,19,20,24681,78157
2023-06-06 15:06:45,19,20,24659,78179
2023-06-06 15:07:30,19,21,24659,78179
2023-06-06 15:07:30,19,20,24659,78179
2023-06-06 15:07:30,18,19,24646,78197
2023-06-06 15:07:46,17,18,24646,78323
2023-06-06 15:07:49,17,18,24646,78324
2023-06-06 15:08:08,17,18,24646,78391
2023-06-06 15:08:08,16,17,24729,78474
2023-06-06 15:08:09,16,18,24729,78474
2023-06-06 15:08:17,15,16,24889,78634
2023-06-06 15:08:17,15,18,24889,78634
2023-06-06 15:08:19,15,16,24889,78634
2023-06-06 15:08:25,14,15,25399,79144
2023-06-06 15:09:13,14,15,25399,79344
2023-06-06 15:09:14,14,15,25399,79544
2023-06-06 15:09:15,15,19,25359,79674
2023-06-06 15:09:15,14,19,25359,79674
2023-06-06 15:09:15,16,19,25359,79674
2023-06-06 15:09:20,16,19,25359,79676
2023-06-06 15:09:21,16,17,25359,79676
2023-06-06 15:11:09,16,18,25375,79737
2023-06-06 15:11:09,20,21,25434,79798
2023-06-06 15:11:10,17,20,25576,79940
2023-06-06 15:11:10,17,21,25576,79940
2023-06-06 15:11:15,17,20,25576,79940
2023-06-06 15:11:20,17,21,25576,79940
2023-06-06 15:11:24,17,20,25576,79940
2023-06-06 15:11:33,19,20,25576,79940
2023-06-06 15:11:34,17,19,25737,80101
2023-06-06 15:11:34,17,20,25737,80101
2023-06-06 15:11:37,17,19,25737,80101
2023-06-06 15:11:57,17,20,25737,80101
2023-06-06 15:12:23,17,21,25737,80101
2023-06-06 15:12:28,18,21,25737,80101
2023-06-06 15:12:37,20,21,25737,80101
2023-06-06 15:12:37,18,20,25776,80140
2023-06-06 15:12:37,18,21,25776,80140
2023-06-06 15:12:39,18,19,25776,80140
2023-06-06 15:12:46,17,18,25973,80377
2023-06-06 15:13:53,17,18,25992,80396
2023-06-06 15:14:19,17,21,25992,80396
2023-06-06 15:14:24,17,20,25992,80396
2023-06-06 15:14:42,18,20,25992,80396
2023-06-06 15:14:50,19,20,25992,80396
2023-06-06 15:14:50,19,20,26010,80414
2023-06-06 15:15:12,19,20,26047,80451
2023-06-06 15:15:12,19,20,26233,80637
2023-06-06 15:15:19,19,23,26792,81196
2023-06-06 15:15:21,19,22,26792,81196
2023-06-06 15:15:22,19,21,26792,81196
2023-06-06 15:15:23,20,21,26792,81196
2023-06-06 15:15:23,20,21,26892,81296
2023-06-06 15:15:23,19,20,26922,81326
2023-06-06 15:15:23,19,21,26922,81326
2023-06-06 15:15:25,19,20,26922,81326
2023-06-06 15:15:26,18,19,26927,81366
2023-06-06 15:15:26,18,20,26927,81366
2023-06-06 15:15:31,16,18,26967,81506
2023-06-06 15:15:31,16,20,26967,81506
2023-06-06 15:15:36,16,19,26967,81506
2023-06-06 15:15:42,16,18,26967,81506
2023-06-06 15:15:51,16,19,26967,81506
2023-06-06 15:16:01,16,18,26967,81506
2023-06-06 15:16:03,16,19,26967,81506
2023-06-06 15:16:29,16,17,26967,81506
2023-06-06 15:17:12,15,16,26977,81516
2023-06-06 15:17:12,15,17,26977,81516
2023-06-06 15:17:13,15,16,26977,81516
2023-06-06 15:17:16,13,15,26987,81526
2023-06-06 15:17:16,13,16,26987,81526
2023-06-06 15:18:13,15,16,26987,81526
2023-06-06 15:18:18,13,15,27066,81605
2023-06-06 15:18:18,13,16,27066,81605
2023-06-06 15:18:19,12,16,27066,81605
2023-06-06 15:18:19,13,16,27066,81605
2023-06-06 15:18:19,13,15,27066,81605
2023-06-06 15:19:45,12,13,27126,81665
2023-06-06 15:20:12,10,12,27305,81844
2023-06-06 15:20:21,11,12,27305,81844
2023-06-06 15:20:38,11,13,28066,82625
2023-06-06 15:21:02,11,14,28066,82678
2023-06-06 15:21:14,12,14,28066,82678
2023-06-06 15:21:18,12,14,28079,82701
2023-06-06 15:21:18,12,15,28079,82701
2023-06-06 15:21:18,12,16,28079,82701
2023-06-06 15:21:22,12,14,28079,82701
2023-06-06 15:21:22,12,13,28079,82701
2023-06-06 15:21:39,11,12,29200,83822
2023-06-06 15:24:02,10,12,29210,83845
2023-06-06 15:24:02,10,11,29210,83845
2023-06-06 15:25:08,9,11,29210,83855
2023-06-06 15:25:20,8,9,29411,84056
2023-06-06 15:25:21,7,9,29411,84056
2023-06-06 15:25:23,8,9,29411,84056
2023-06-06 15:25:34,8,9,29411,84256
2023-06-06 15:25:36,8,9,29411,84456
2023-06-06 15:25:44,8,9,29411,84656
2023-06-06 15:25:50,9,11,29371,84745
2023-06-06 15:25:50,8,11,29371,84745
2023-06-06 15:25:50,9,11,29371,84745
2023-06-06 15:26:14,10,11,29371,84745
2023-06-06 15:26:16,11,14,29394,84808
2023-06-06 15:26:16,12,14,29394,84808
2023-06-06 15:26:16,12,13,29394,84808
2023-06-06 15:26:16,12,13,29404,84818
2023-06-06 15:26:30,12,14,29404,84818
2023-06-06 15:26:36,12,14,29404,84818
2023-06-06 15:26:36,12,13,29404,84818
2023-06-06 15:27:17,12,13,29417,84831
2023-06-06 15:27:17,13,15,29424,84838
2023-06-06 15:27:28,13,16,29424,84838
2023-06-06 15:27:28,13,15,29424,84838
2023-06-06 15:27:33,13,16,29424,84838
2023-06-06 15:27:33,13,15,29424,84838
2023-06-06 15:27:42,13,14,29424,84838
2023-06-06 15:27:42,12,13,29563,84977
2023-06-06 15:27:42,12,14,29563,84977
2023-06-06 15:27:46,12,14,29583,84997
2023-06-06 15:27:46,12,13,29583,84997
2023-06-06 15:27:47,11,12,29586,85000
2023-06-06 15:27:47,11,13,29586,85000
2023-06-06 15:27:47,12,13,29586,85000
2023-06-06 15:27:48,11,12,29596,85010
2023-06-06 15:27:48,11,13,29596,85010
2023-06-06 15:27:51,11,14,29596,85010
2023-06-06 15:28:06,11,13,29596,85010
2023-06-06 15:28:29,10,11,29740,85154
2023-06-06 15:28:29,10,13,29740,85154
2023-06-06 15:28:35,10,12,29740,85154
2023-06-06 15:28:40,8,12,29740,85663
2023-06-06 15:28:40,8,11,29740,85663
2023-06-06 15:28:41,8,10,29740,85663
2023-06-06 15:28:43,8,11,29740,85663
2023-06-06 15:28:43,8,9,29740,85663
2023-06-06 15:29:20,8,9,29740,85664
2023-06-06 15:30:34,8,9,30740,86694
2023-06-06 15:31:29,7,8,32250,88204
2023-06-06 15:32:03,6,7,32250,88214
2023-06-06 15:32:10,4,7,32250,88214
2023-06-06 15:32:10,4,6,32250,88214
2023-06-06 15:32:12,5,6,32250,88214
2023-06-06 15:32:34,5,6,32250,88214
2023-06-06 15:32:55,6,7,32250,88293
2023-06-06 15:32:55,6,8,32250,88293
2023-06-06 15:32:55,6,8,32252,88295
2023-06-06 15:33:56,6,7,32252,88295
2023-06-06 15:34:37,6,7,32442,88485
2023-06-06 15:34:37,6,8,32442,88485
2023-06-06 15:34:39,6,7,32632,88675
2023-06-06 15:34:40,6,8,32632,88675
2023-06-06 15:34:42,6,7,32632,88675
2023-06-06 15:34:42,6,7,32842,88885
2023-06-06 15:35:02,6,8,32842,88885
2023-06-06 15:35:06,6,7,32842,88885
2023-06-06 15:35:07,6,8,32842,88885
2023-06-06 15:35:23,6,8,32892,88935
2023-06-06 15:35:36,6,8,32902,88945
2023-06-06 15:36:01,6,8,32902,89145
2023-06-06 15:36:17,6,7,32902,89145
2023-06-06 15:36:37,6,8,32902,89174
2023-06-06 15:36:37,6,8,32979,89251
2023-06-06 15:36:38,7,8,32979,89251
2023-06-06 15:37:24,7,8,32979,89451
2023-06-06 15:37:24,8,10,33132,89604
2023-06-06 15:37:27,8,11,33132,89604
2023-06-06 15:37:27,8,9,33132,89604
2023-06-06 15:37:30,8,11,33132,89604
2023-06-06 15:37:30,8,10,33132,89604
2023-06-06 15:37:37,9,10,33132,89604
2023-06-06 15:37:39,10,11,33132,89624
2023-06-06 15:38:05,10,11,33132,89653
2023-06-06 15:38:08,8,10,33132,89663
2023-06-06 15:38:40,9,10,33132,89663
2023-06-06 15:39:20,11,12,33137,89736
2023-06-06 15:39:20,11,12,33194,89793
2023-06-06 15:39:20,11,12,33251,89850
2023-06-06 15:39:20,11,17,33251,89936
2023-06-06 15:39:20,11,18,33251,89936
2023-06-06 15:39:20,11,16,33251,89936
2023-06-06 15:39:20,11,17,33251,89936
2023-06-06 15:39:20,11,18,33251,89936
2023-06-06 15:39:20,11,18,33251,89936
2023-06-06 15:39:21,12,18,33251,89936
2023-06-06 15:39:21,13,18,33251,89936
2023-06-06 15:39:21,14,18,33251,89936
2023-06-06 15:39:21,15,18,33251,89936
2023-06-06 15:39:21,15,19,33251,89936
2023-06-06 15:39:21,15,17,33251,89936
2023-06-06 15:39:21,14,17,33251,89936
2023-06-06 15:39:21,15,17,33251,89936
2023-06-06 15:39:21,16,17,33251,89936
2023-06-06 15:39:21,14,15,33321,90006
2023-06-06 15:39:21,14,17,33321,90006
2023-06-06 15:39:22,14,19,33321,90006
2023-06-06 15:39:22,16,19,33321,90006
2023-06-06 15:39:23,17,18,33321,90006
2023-06-06 15:39:23,17,19,33321,90006
2023-06-06 15:39:26,16,19,33321,90006
2023-06-06 15:39:27,17,19,33321,90006
2023-06-06 15:39:32,16,19,33321,90006
2023-06-06 15:39:33,15,19,33321,90006
2023-06-06 15:39:33,15,18,33321,90006
2023-06-06 15:39:34,15,19,33321,90006
2023-06-06 15:39:34,14,19,33321,90006
2023-06-06 15:39:34,14,17,33321,90006
2023-06-06 15:39:42,15,17,33321,90006
2023-06-06 15:39:45,14,17,33321,90006
2023-06-06 15:39:50,15,17,33321,90006
2023-06-06 15:39:59,14,17,33321,90006
2023-06-06 15:40:00,14,16,33321,90006
2023-06-06 15:40:01,14,17,33321,90006
2023-06-06 15:40:04,15,17,33321,90006
2023-06-06 15:40:09,14,17,33321,90006
2023-06-06 15:40:09,14,16,33321,90006
2023-06-06 15:40:20,15,16,33321,90006
2023-06-06 15:40:20,15,17,33321,90006
2023-06-06 15:40:27,16,17,33321,90006
2023-06-06 15:40:38,18,19,33366,90207
2023-06-06 15:40:39,16,18,33465,90306
2023-06-06 15:40:39,16,19,33465,90306
2023-06-06 15:40:39,16,18,33465,90306
2023-06-06 15:40:49,16,19,33465,90306
2023-06-06 15:40:51,16,18,33465,90306
2023-06-06 15:40:52,16,19,33465,90306
2023-06-06 15:40:52,17,19,33465,90306
2023-06-06 15:40:52,16,17,33465,90341
2023-06-06 15:40:52,16,19,33465,90341
2023-06-06 15:40:53,17,19,33465,90341
2023-06-06 15:40:53,18,19,33465,90341
2023-06-06 15:40:53,18,21,33465,90389
2023-06-06 15:40:53,18,20,33465,90389
2023-06-06 15:40:54,17,18,33500,90424
2023-06-06 15:40:54,17,20,33500,90424
2023-06-06 15:40:54,17,21,33500,90424
2023-06-06 15:40:54,19,21,33500,90424
2023-06-06 15:40:54,19,20,33500,90424
2023-06-06 15:40:54,19,20,33535,90459
2023-06-06 15:40:54,19,21,33535,90459
2023-06-06 15:40:54,17,21,33535,90459
2023-06-06 15:40:54,17,23,33535,90539
2023-06-06 15:40:54,17,27,33535,90539
2023-06-06 15:40:54,17,25,33535,90539
2023-06-06 15:40:54,18,25,33535,90539
2023-06-06 15:40:54,18,25,33535,90539
2023-06-06 15:40:55,18,24,33535,90539
2023-06-06 15:40:55,19,24,33535,90539
2023-06-06 15:40:55,20,24,33535,90539
2023-06-06 15:40:55,20,25,33535,90539
2023-06-06 15:40:55,21,25,33535,90539
2023-06-06 15:40:55,22,25,33535,90539
2023-06-06 15:40:56,22,24,33535,90539
2023-06-06 15:40:56,21,24,33570,90574
2023-06-06 15:40:56,22,24,33570,90574
2023-06-06 15:40:57,21,24,33570,90574
2023-06-06 15:40:58,21,25,33570,90574
2023-06-06 15:40:58,20,25,33570,90574
2023-06-06 15:40:58,20,23,33570,90574
2023-06-06 15:41:02,20,24,33570,90574
2023-06-06 15:41:02,20,22,33570,90574
2023-06-06 15:41:03,19,22,33570,90574
2023-06-06 15:41:04,20,22,33570,90574
2023-06-06 15:41:05,20,23,33570,90574
2023-06-06 15:41:05,20,21,33570,90574
2023-06-06 15:41:07,16,20,33555,90604
2023-06-06 15:41:07,16,21,33555,90604
2023-06-06 15:41:07,16,19,33555,90604
2023-06-06 15:41:08,16,20,33555,90604
2023-06-06 15:41:08,16,18,33555,90604
2023-06-06 15:41:17,16,17,33555,90604
2023-06-06 15:41:21,16,18,33555,90604
2023-06-06 15:41:27,16,18,33736,90785
2023-06-06 15:41:28,16,17,33736,90785
2023-06-06 15:41:28,16,17,33806,90855
2023-06-06 15:41:31,14,16,33865,90914
2023-06-06 15:41:43,14,15,33865,90914
2023-06-06 15:41:46,14,16,33865,90914
2023-06-06 15:41:47,14,15,33865,90914
2023-06-06 15:41:53,12,15,33865,90914
2023-06-06 15:41:57,12,14,33865,90914
2023-06-06 15:41:59,12,14,33865,90989
2023-06-06 15:41:59,12,14,33865,91004
2023-06-06 15:42:00,12,15,33865,91004
2023-06-06 15:42:00,12,13,33865,91004
2023-06-06 15:42:01,13,15,33752,91117
2023-06-06 15:42:01,12,15,33752,91117
2023-06-06 15:42:30,12,14,33752,91117
2023-06-06 15:42:31,13,14,33752,91117
2023-06-06 15:42:38,12,14,33752,91270
2023-06-06 15:42:38,12,13,33752,91270
2023-06-06 15:42:39,9,13,33752,91270
2023-06-06 15:42:39,11,13,33752,91270
2023-06-06 15:42:43,11,12,33752,91270
2023-06-06 15:43:00,9,12,33762,91280
2023-06-06 15:43:00,9,10,33762,91280
2023-06-06 15:43:01,9,10,33797,91315
2023-06-06 15:43:03,9,11,33797,91315
2023-06-06 15:43:11,9,10,33797,91315
2023-06-06 15:43:13,9,12,33867,91415
2023-06-06 15:43:15,9,11,33867,91415
2023-06-06 15:43:17,9,10,33867,91415
2023-06-06 15:43:21,8,9,33867,91425
2023-06-06 15:43:21,7,9,33867,91425
2023-06-06 15:43:26,7,8,33867,91425
2023-06-06 15:43:27,6,7,33867,91435
2023-06-06 15:44:15,3,7,33983,91621
2023-06-06 15:44:19,3,6,33983,91621
2023-06-06 15:44:28,4,6,33983,91621
2023-06-06 15:44:40,4,5,33983,91621
2023-06-06 15:44:41,4,6,33983,91621
2023-06-06 15:44:51,3,6,34012,91650
2023-06-06 15:44:54,4,6,34012,91650
2023-06-06 15:44:57,3,4,34012,91661
2023-06-06 15:44:58,3,4,34012,91861
2023-06-06 15:44:59,3,4,34012,92061
2023-06-06 15:45:06,4,6,33982,92091
2023-06-06 15:45:07,3,6,33982,92091
2023-06-06 15:45:22,3,5,33982,92091
2023-06-06 15:45:51,2,5,34527,93074
2023-06-06 15:45:57,2,3,34527,93074
2023-06-06 15:45:58,2,3,34527,93274
2023-06-06 15:45:59,2,3,34527,93474
2023-06-06 15:46:00,3,5,34517,93584
2023-06-06 15:46:00,2,5,34517,93584
2023-06-06 15:46:02,2,4,34517,93584
2023-06-06 15:46:02,4,5,34482,93619
2023-06-06 15:46:02,2,5,34482,93619
2023-06-06 15:46:13,2,4,34482,93619
2023-06-06 15:46:13,2,4,34610,93819
2023-06-06 15:46:14,2,4,34810,94019
2023-06-06 15:46:33,2,3,34810,94019
2023-06-06 15:46:47,2,3,35010,94219
2023-06-06 15:46:56,2,4,35010,94219
2023-06-06 15:47:06,3,4,35010,94219
2023-06-06 15:47:11,2,4,35010,94219
2023-06-06 15:47:13,3,4,35010,94219
2023-06-06 15:47:18,4,5,35010,94235
2023-06-06 15:47:18,3,5,35010,94235
2023-06-06 15:47:19,4,5,35010,94235
2023-06-06 15:47:21,3,5,35010,94235
2023-06-06 15:47:23,3,6,35010,94235
2023-06-06 15:47:23,4,6,35010,94235
2023-06-06 15:47:41,4,5,35010,94235
2023-06-06 15:47:41,4,5,35005,94250
2023-06-06 15:47:46,4,5,35005,94420
2023-06-06 15:47:59,3,5,35015,94430
2023-06-06 15:48:04,4,5,35015,94430
2023-06-06 15:48:09,4,5,35115,94530
2023-06-06 15:48:13,3,4,35125,94540
2023-06-06 15:48:26,3,4,35125,94550
2023-06-06 15:48:56,3,5,35434,94889
2023-06-06 15:48:58,3,5,35434,95179
2023-06-06 15:49:23,3,4,35434,95179
2023-06-06 15:49:23,3,4,35095,95518
2023-06-06 15:49:29,1,3,35105,95528
2023-06-06 15:49:35,2,3,35105,95528
2023-06-06 15:49:39,1,3,35105,95528
2023-06-06 15:49:50,3,4,35095,95538
2023-06-06 15:49:51,3,5,35095,95538
2023-06-06 15:50:03,3,4,35095,95538
2023-06-06 15:50:08,0,4,35105,95548
2023-06-06 15:50:28,1,4,35105,95548
2023-06-06 15:50:29,1,3,35105,95548
2023-06-06 15:52:35,2,3,35105,95548
2023-06-06 15:53:43,1,3,35208,95651
2023-06-06 15:54:29,0,1,35211,95674
