datetime,bid,ask,open_interest,volume
2023-09-27 09:30:00,1,28,50,50
2023-09-27 09:30:51,2,28,50,50
2023-09-27 09:30:52,2,33,50,50
2023-09-27 09:30:52,2,38,50,50
2023-09-27 09:30:52,2,43,50,50
2023-09-27 09:30:52,2,98,50,50
2023-09-27 09:30:52,2,97,50,50
2023-09-27 09:30:54,2,29,50,50
2023-09-27 09:31:00,2,26,50,50
2023-09-27 09:31:00,22,26,50,50
2023-09-27 09:31:00,23,26,50,50
2023-09-27 09:31:02,24,26,50,50
2023-09-27 09:31:09,24,27,50,50
2023-09-27 09:31:14,25,27,50,50
2023-09-27 09:31:19,25,28,50,50
2023-09-27 09:31:24,25,27,50,50
2023-09-27 09:31:42,25,28,50,50
2023-09-27 09:31:52,25,27,50,50
2023-09-27 09:31:54,25,28,50,50
2023-09-27 09:31:56,25,27,50,50
2023-09-27 09:32:12,25,28,50,50
2023-09-27 09:32:13,27,28,50,50
2023-09-27 09:32:13,27,28,70,70
2023-09-27 09:32:43,27,28,75,75
2023-09-27 09:32:44,26,27,250,250
2023-09-27 09:32:44,25,27,250,250
2023-09-27 09:32:45,25,28,250,250
2023-09-27 09:32:51,25,27,250,250
2023-09-27 09:33:08,25,28,250,250
2023-09-27 09:33:10,25,27,250,250
2023-09-27 09:33:38,25,26,250,250
2023-09-27 09:33:42,24,26,250,250
2023-09-27 09:34:02,24,27,250,250
2023-09-27 09:34:04,25,27,250,250
2023-09-27 09:34:08,25,28,250,250
2023-09-27 09:34:09,25,27,250,250
2023-09-27 09:34:12,24,27,250,250
2023-09-27 09:34:14,25,27,250,250
2023-09-27 09:34:22,24,27,250,250
2023-09-27 09:34:38,24,26,250,250
2023-09-27 09:34:41,24,27,250,250
2023-09-27 09:34:43,24,26,250,250
2023-09-27 09:34:47,24,27,250,250
2023-09-27 09:34:48,24,26,250,250
2023-09-27 09:35:02,24,27,250,250
2023-09-27 09:35:04,24,26,250,250
2023-09-27 09:35:05,24,27,250,250
2023-09-27 09:35:06,24,26,250,250
2023-09-27 09:35:07,24,27,250,250
2023-09-27 09:35:08,24,26,250,250
2023-09-27 09:35:10,24,27,250,250
2023-09-27 09:35:13,25,27,250,250
2023-09-27 09:35:18,24,27,250,250
2023-09-27 09:35:20,24,27,250,251
2023-09-27 09:35:28,25,27,250,251
2023-09-27 09:35:29,24,27,250,251
2023-09-27 09:35:31,25,27,250,251
2023-09-27 09:35:32,24,27,250,251
2023-09-27 09:35:33,25,27,250,251
2023-09-27 09:35:36,25,28,250,251
2023-09-27 09:35:39,25,27,250,251
2023-09-27 09:35:47,24,27,250,251
2023-09-27 09:35:48,24,26,250,251
2023-09-27 09:35:53,23,26,250,251
2023-09-27 09:35:57,23,25,250,251
2023-09-27 09:36:43,22,25,250,251
2023-09-27 09:36:45,22,24,250,251
2023-09-27 09:37:01,22,23,250,251
2023-09-27 09:37:22,22,24,250,251
2023-09-27 09:38:01,22,23,250,251
2023-09-27 09:38:05,21,23,250,251
2023-09-27 09:38:36,21,22,250,251
2023-09-27 09:41:38,21,22,350,351
2023-09-27 09:44:31,21,22,376,551
2023-09-27 09:44:32,21,22,576,751
2023-09-27 09:44:47,21,22,776,951
2023-09-27 09:44:49,22,25,1076,1251
2023-09-27 09:44:57,23,25,1076,1251
2023-09-27 09:45:02,24,25,1076,1251
2023-09-27 09:45:13,24,26,1076,1251
2023-09-27 09:45:23,24,26,1314,1501
2023-09-27 09:45:36,23,26,1314,1501
2023-09-27 09:45:40,23,25,1314,1501
2023-09-27 09:46:01,23,24,1314,1501
2023-09-27 09:46:08,22,24,1314,1501
2023-09-27 09:46:36,22,25,1314,1501
2023-09-27 09:46:43,22,24,1314,1501
2023-09-27 09:46:46,22,25,1314,1501
2023-09-27 09:47:18,23,25,1314,1501
2023-09-27 09:47:27,22,25,1314,1501
2023-09-27 09:47:28,23,25,1314,1501
2023-09-27 09:47:29,22,25,1314,1501
2023-09-27 09:47:45,23,25,1314,1501
2023-09-27 09:47:58,22,25,1314,1501
2023-09-27 09:48:03,22,24,1314,1501
2023-09-27 09:48:31,22,25,1314,1501
2023-09-27 09:48:50,22,24,1314,1501
2023-09-27 09:48:51,22,25,1314,1501
2023-09-27 09:48:53,22,24,1314,1501
2023-09-27 09:49:16,22,23,1314,1501
2023-09-27 09:49:21,21,23,1314,1501
2023-09-27 09:49:24,21,22,1314,1501
2023-09-27 09:50:05,20,22,1314,1501
2023-09-27 09:50:32,20,22,1315,1502
2023-09-27 09:50:37,20,23,1315,1502
2023-09-27 09:50:42,20,22,1315,1502
2023-09-27 09:50:44,20,23,1315,1502
2023-09-27 09:50:48,20,22,1315,1502
2023-09-27 09:51:08,20,23,1315,1502
2023-09-27 09:51:10,21,23,1315,1502
2023-09-27 09:51:13,20,23,1315,1502
2023-09-27 09:51:18,21,23,1315,1502
2023-09-27 09:51:33,20,23,1315,1502
2023-09-27 09:51:39,21,23,1315,1502
2023-09-27 09:51:53,21,24,1315,1502
2023-09-27 09:52:24,21,23,1315,1502
2023-09-27 09:52:54,21,24,1315,1502
2023-09-27 09:53:06,21,23,1315,1502
2023-09-27 09:53:14,21,24,1315,1502
2023-09-27 09:53:29,22,24,1315,1502
2023-09-27 09:53:38,22,25,1315,1502
2023-09-27 09:53:51,22,24,1315,1502
2023-09-27 09:53:59,22,25,1315,1502
2023-09-27 09:54:03,22,24,1315,1502
2023-09-27 09:54:04,22,25,1315,1502
2023-09-27 09:54:05,22,24,1315,1502
2023-09-27 09:54:20,22,25,1315,1502
2023-09-27 09:54:21,22,24,1315,1502
2023-09-27 09:54:26,22,25,1315,1502
2023-09-27 09:54:27,22,24,1315,1502
2023-09-27 09:54:33,22,25,1315,1502
2023-09-27 09:54:40,22,24,1315,1502
2023-09-27 09:54:54,22,25,1315,1502
2023-09-27 09:54:58,22,24,1315,1502
2023-09-27 09:55:11,22,25,1315,1502
2023-09-27 09:55:12,22,24,1315,1502
2023-09-27 09:55:20,21,24,1315,1502
2023-09-27 09:55:21,21,23,1315,1502
2023-09-27 09:55:47,21,24,1315,1502
2023-09-27 09:55:49,21,23,1315,1502
2023-09-27 09:55:53,21,24,1315,1502
2023-09-27 09:55:56,22,24,1315,1502
2023-09-27 09:56:30,21,24,1315,1502
2023-09-27 09:56:53,21,23,1315,1502
2023-09-27 09:57:26,20,23,1315,1502
2023-09-27 09:59:28,20,22,1315,1502
2023-09-27 10:00:11,20,23,1315,1502
2023-09-27 10:00:12,21,23,1315,1502
2023-09-27 10:00:21,20,23,1315,1502
2023-09-27 10:00:21,20,23,1315,1520
2023-09-27 10:00:23,21,23,1315,1520
2023-09-27 10:00:40,20,23,1315,1520
2023-09-27 10:00:43,21,23,1315,1520
2023-09-27 10:00:53,20,23,1315,1520
2023-09-27 10:00:55,20,22,1315,1520
2023-09-27 10:01:03,20,21,1315,1520
2023-09-27 10:01:21,20,22,1315,1520
2023-09-27 10:01:31,20,21,1315,1520
2023-09-27 10:01:32,19,21,1315,1520
2023-09-27 10:01:43,19,20,1315,1520
2023-09-27 10:01:45,18,20,1315,1520
2023-09-27 10:01:51,18,19,1315,1520
2023-09-27 10:02:06,18,19,1315,1720
2023-09-27 10:02:33,18,19,1366,1771
2023-09-27 10:02:41,17,19,1391,1796
2023-09-27 10:02:42,18,19,1391,1796
2023-09-27 10:02:42,18,19,1400,1805
2023-09-27 10:03:00,18,19,1400,1830
2023-09-27 10:03:10,18,20,1400,2230
2023-09-27 10:03:14,19,20,1400,2230
2023-09-27 10:03:15,18,20,1400,2230
2023-09-27 10:03:20,18,19,1400,2230
2023-09-27 10:04:32,18,20,1400,2230
2023-09-27 10:04:32,19,20,1400,2230
2023-09-27 10:05:11,19,20,1516,2430
2023-09-27 10:05:12,18,19,1568,2482
2023-09-27 10:06:08,17,19,1568,2482
2023-09-27 10:06:09,18,19,1568,2482
2023-09-27 10:06:16,17,19,1568,2482
2023-09-27 10:06:18,18,19,1568,2482
2023-09-27 10:06:25,17,19,1568,2482
2023-09-27 10:06:27,18,19,1568,2482
2023-09-27 10:07:21,18,19,1768,2682
2023-09-27 10:07:22,17,19,1768,2682
2023-09-27 10:07:25,17,18,1768,2682
2023-09-27 10:07:31,17,19,1768,2682
2023-09-27 10:07:43,18,19,1768,2682
2023-09-27 10:07:43,18,19,1898,2812
2023-09-27 10:07:44,17,19,1898,2812
2023-09-27 10:07:55,17,18,1898,2812
2023-09-27 10:08:03,17,19,1898,2812
2023-09-27 10:08:05,18,19,1898,2812
2023-09-27 10:08:18,17,19,1898,2812
2023-09-27 10:08:22,17,18,1898,2812
2023-09-27 10:08:24,17,19,1898,2812
2023-09-27 10:08:44,18,19,1898,2812
2023-09-27 10:08:44,18,19,1958,2872
2023-09-27 10:08:45,17,19,1958,3055
2023-09-27 10:08:46,17,18,1958,3055
2023-09-27 10:08:54,16,18,1958,3055
2023-09-27 10:09:03,17,18,1958,3055
2023-09-27 10:09:11,16,18,1958,3055
2023-09-27 10:09:14,17,18,1958,3055
2023-09-27 10:09:30,17,19,1958,3055
2023-09-27 10:09:53,17,18,1958,3055
2023-09-27 10:10:12,16,18,1958,3055
2023-09-27 10:10:13,17,18,1958,3055
2023-09-27 10:10:30,17,19,1958,3055
2023-09-27 10:10:40,17,18,1958,3055
2023-09-27 10:10:52,16,18,1958,3055
2023-09-27 10:10:58,17,18,1958,3055
2023-09-27 10:10:59,16,18,1958,3055
2023-09-27 10:11:00,17,18,1958,3055
2023-09-27 10:11:04,16,18,1958,3055
2023-09-27 10:11:05,17,18,1958,3055
2023-09-27 10:11:09,16,18,1958,3055
2023-09-27 10:11:12,17,18,1958,3055
2023-09-27 10:11:18,16,18,1958,3055
2023-09-27 10:11:19,17,18,1958,3055
2023-09-27 10:11:20,16,18,1958,3055
2023-09-27 10:11:22,17,18,1958,3055
2023-09-27 10:11:23,16,18,1958,3055
2023-09-27 10:11:25,17,18,1958,3055
2023-09-27 10:11:32,16,18,1958,3055
2023-09-27 10:11:33,17,18,1958,3055
2023-09-27 10:11:40,16,18,1958,3055
2023-09-27 10:11:47,16,18,1958,3115
2023-09-27 10:11:49,16,17,1958,3115
2023-09-27 10:11:56,16,17,2018,3175
2023-09-27 10:11:57,15,17,2018,3175
2023-09-27 10:12:08,16,17,2018,3175
2023-09-27 10:12:09,15,17,2018,3175
2023-09-27 10:12:13,15,16,2018,3175
2023-09-27 10:12:14,15,17,2018,3175
2023-09-27 10:12:16,16,17,2018,3175
2023-09-27 10:12:17,15,17,2018,3175
2023-09-27 10:12:23,16,17,2018,3175
2023-09-27 10:12:33,15,17,2018,3175
2023-09-27 10:12:34,16,17,2018,3175
2023-09-27 10:12:35,16,17,2218,3375
2023-09-27 10:12:35,15,17,2218,3375
2023-09-27 10:12:44,15,16,2218,3375
2023-09-27 10:12:51,14,16,2218,3375
2023-09-27 10:12:53,15,16,2218,3375
2023-09-27 10:12:54,14,16,2218,3375
2023-09-27 10:12:57,15,16,2218,3375
2023-09-27 10:12:58,14,16,2218,3375
2023-09-27 10:12:59,14,16,2219,3376
2023-09-27 10:13:02,14,15,2219,3376
2023-09-27 10:13:04,15,16,2219,3377
2023-09-27 10:13:07,15,17,2219,3377
2023-09-27 10:13:07,15,16,2219,3377
2023-09-27 10:13:16,15,16,2220,3378
2023-09-27 10:13:21,15,17,2220,3378
2023-09-27 10:13:33,15,17,2221,3379
2023-09-27 10:14:08,15,17,2222,3380
2023-09-27 10:14:36,14,17,2222,3380
2023-09-27 10:14:42,15,17,2222,3380
2023-09-27 10:14:46,14,17,2222,3380
2023-09-27 10:14:50,15,17,2222,3380
2023-09-27 10:14:51,15,16,2222,3380
2023-09-27 10:14:51,14,16,2222,3380
2023-09-27 10:14:55,15,16,2222,3380
2023-09-27 10:15:04,15,16,2234,3392
2023-09-27 10:15:28,14,16,2234,3392
2023-09-27 10:15:32,14,15,2234,3392
2023-09-27 10:15:35,14,16,2234,3392
2023-09-27 10:15:38,15,16,2234,3392
2023-09-27 10:15:56,15,17,2234,3392
2023-09-27 10:16:10,15,16,2234,3392
2023-09-27 10:16:46,15,16,2236,3394
2023-09-27 10:18:42,15,17,2236,3394
2023-09-27 10:18:45,15,17,2236,3594
2023-09-27 10:18:46,16,17,2236,3594
2023-09-27 10:18:47,15,17,2236,3594
2023-09-27 10:18:48,16,17,2236,3594
2023-09-27 10:18:55,15,17,2236,3594
2023-09-27 10:19:07,16,17,2236,3594
2023-09-27 10:19:23,15,17,2236,3594
2023-09-27 10:19:28,16,17,2236,3594
2023-09-27 10:19:44,15,17,2236,3594
2023-09-27 10:19:46,16,17,2236,3594
2023-09-27 10:20:25,16,18,2236,3594
2023-09-27 10:20:25,17,18,2236,3594
2023-09-27 10:21:57,17,19,2236,3594
2023-09-27 10:21:59,18,19,2236,3594
2023-09-27 10:22:17,18,20,2236,3594
2023-09-27 10:22:18,19,20,2236,3594
2023-09-27 10:22:21,19,20,2236,3654
2023-09-27 10:22:25,19,21,2236,3654
2023-09-27 10:22:25,20,21,2236,3654
2023-09-27 10:22:35,20,22,2236,3654
2023-09-27 10:22:36,21,22,2236,3654
2023-09-27 10:22:42,20,22,2236,3654
2023-09-27 10:22:50,21,22,2236,3654
2023-09-27 10:22:51,20,22,2236,3654
2023-09-27 10:22:58,21,22,2236,3654
2023-09-27 10:23:13,21,23,3436,4854
2023-09-27 10:23:33,21,22,3436,4854
2023-09-27 10:23:35,21,23,3436,4854
2023-09-27 10:23:38,22,23,3436,4854
2023-09-27 10:23:39,22,24,3436,4854
2023-09-27 10:24:18,23,24,3436,4854
2023-09-27 10:24:21,23,24,3436,4864
2023-09-27 10:24:25,23,24,3436,4874
2023-09-27 10:24:26,24,25,3816,5254
2023-09-27 10:24:49,22,24,3836,5274
2023-09-27 10:25:03,23,24,3836,5274
2023-09-27 10:25:04,22,24,3836,5274
2023-09-27 10:25:07,23,24,3836,5274
2023-09-27 10:25:09,22,24,3836,5274
2023-09-27 10:25:10,23,24,3836,5274
2023-09-27 10:25:11,23,25,3836,5274
2023-09-27 10:25:38,23,24,3836,5274
2023-09-27 10:25:46,22,24,3836,5274
2023-09-27 10:25:50,23,24,3836,5274
2023-09-27 10:26:15,22,24,3836,5274
2023-09-27 10:26:38,23,24,3836,5274
2023-09-27 10:26:44,23,25,3836,5274
2023-09-27 10:26:49,23,24,3836,5274
2023-09-27 10:26:50,23,25,3836,5274
2023-09-27 10:26:51,23,24,3836,5274
2023-09-27 10:26:52,23,25,3836,5274
2023-09-27 10:26:53,23,24,3836,5274
2023-09-27 10:26:59,22,24,3836,5274
2023-09-27 10:27:35,23,24,3836,5274
2023-09-27 10:27:35,23,25,3836,5274
2023-09-27 10:28:43,23,24,3836,5274
2023-09-27 10:28:44,22,24,3836,5274
2023-09-27 10:29:28,21,24,3836,5274
2023-09-27 10:29:29,21,23,3836,5274
2023-09-27 10:29:44,22,23,3836,5274
2023-09-27 10:29:48,21,23,3836,5274
2023-09-27 10:29:50,21,24,3836,5274
2023-09-27 10:30:09,22,23,3836,5274
2023-09-27 10:30:09,21,23,3836,5274
2023-09-27 10:30:10,21,22,3836,5274
2023-09-27 10:30:20,21,23,3836,5274
2023-09-27 10:30:32,22,23,3836,5274
2023-09-27 10:30:33,22,24,3836,5274
2023-09-27 10:30:34,21,24,3836,5274
2023-09-27 10:30:36,21,23,3836,5274
2023-09-27 10:30:43,22,23,3836,5274
2023-09-27 10:30:48,22,24,3836,5274
2023-09-27 10:30:59,22,23,3836,5274
2023-09-27 10:30:59,21,23,3836,5274
2023-09-27 10:31:25,20,23,3836,5274
2023-09-27 10:31:31,20,22,3836,5274
2023-09-27 10:31:45,20,22,3836,5295
2023-09-27 10:31:52,19,22,3836,5295
2023-09-27 10:31:58,20,22,3836,5295
2023-09-27 10:32:00,19,22,3836,5295
2023-09-27 10:32:02,20,22,3836,5295
2023-09-27 10:32:03,19,22,3836,5295
2023-09-27 10:32:07,20,22,3836,5295
2023-09-27 10:32:08,19,22,3836,5295
2023-09-27 10:32:12,20,22,3836,5295
2023-09-27 10:32:13,19,22,3836,5295
2023-09-27 10:32:13,19,21,3836,5295
2023-09-27 10:32:32,19,20,3836,5295
2023-09-27 10:32:35,19,20,3836,5317
2023-09-27 10:32:45,19,20,3836,5330
2023-09-27 10:33:19,19,21,3836,5330
2023-09-27 10:33:21,19,20,3836,5330
2023-09-27 10:33:22,19,21,3836,5330
2023-09-27 10:33:25,19,20,3836,5330
2023-09-27 10:33:30,19,21,3836,5330
2023-09-27 10:33:31,20,21,3836,5330
2023-09-27 10:33:36,19,21,3836,5330
2023-09-27 10:33:38,19,20,3836,5330
2023-09-27 10:33:39,19,21,3836,5330
2023-09-27 10:34:01,20,21,3836,5330
2023-09-27 10:34:04,20,22,3836,5330
2023-09-27 10:34:08,21,22,3836,5330
2023-09-27 10:34:29,21,23,3836,5330
2023-09-27 10:34:29,22,23,3836,5330
2023-09-27 10:35:04,22,24,3836,5330
2023-09-27 10:35:23,22,23,3836,5330
2023-09-27 10:35:24,21,23,3836,5330
2023-09-27 10:35:31,22,23,3836,5330
2023-09-27 10:35:35,22,24,3836,5330
2023-09-27 10:35:40,23,24,3836,5330
2023-09-27 10:35:50,22,24,3836,5330
2023-09-27 10:36:10,22,23,3836,5330
2023-09-27 10:36:11,22,24,3836,5330
2023-09-27 10:36:13,22,23,3836,5330
2023-09-27 10:36:25,21,23,3836,5330
2023-09-27 10:36:44,22,23,3836,5330
2023-09-27 10:36:52,21,23,3836,5330
2023-09-27 10:38:13,22,23,3836,5330
2023-09-27 10:38:40,21,23,3836,5330
2023-09-27 10:38:49,22,23,3836,5330
2023-09-27 10:38:51,21,23,3836,5330
2023-09-27 10:39:38,21,22,3836,5330
2023-09-27 10:39:38,20,22,3836,5330
2023-09-27 10:40:16,20,22,3836,5355
2023-09-27 10:40:32,19,22,3836,5355
2023-09-27 10:40:33,19,21,3836,5355
2023-09-27 10:40:37,19,20,3836,5355
2023-09-27 10:40:51,18,20,3836,5355
2023-09-27 10:41:14,19,20,3836,5355
2023-09-27 10:42:00,19,21,3836,5355
2023-09-27 10:42:00,20,21,3836,5355
2023-09-27 10:42:03,20,21,3836,5386
2023-09-27 10:42:11,19,21,3836,5386
2023-09-27 10:42:13,19,20,3836,5386
2023-09-27 10:43:01,18,20,3836,5386
2023-09-27 10:43:09,19,20,3836,5386
2023-09-27 10:43:13,19,20,3836,5398
2023-09-27 10:44:04,18,20,3836,5398
2023-09-27 10:44:07,19,20,3836,5398
2023-09-27 10:44:23,19,20,3836,5440
2023-09-27 10:44:27,18,20,3836,5440
2023-09-27 10:45:16,18,19,3836,5440
2023-09-27 10:45:33,18,19,3836,5459
2023-09-27 10:45:56,18,19,3836,5477
2023-09-27 10:45:58,17,19,3836,5477
2023-09-27 10:46:15,17,18,3836,5477
2023-09-27 10:47:33,17,18,3836,5500
2023-09-27 10:48:17,17,19,3836,5500
2023-09-27 10:48:17,18,19,3836,5500
2023-09-27 10:48:28,19,20,3836,5530
2023-09-27 10:50:21,17,20,3836,5530
2023-09-27 10:50:21,18,20,3836,5530
2023-09-27 10:50:37,18,20,3836,5591
2023-09-27 10:50:48,17,18,3836,5762
2023-09-27 10:50:49,17,19,3836,5762
2023-09-27 10:50:51,17,18,3836,5762
2023-09-27 10:50:54,16,18,3836,5762
2023-09-27 10:51:08,15,18,3836,5762
2023-09-27 10:51:21,15,16,3836,5762
2023-09-27 10:51:23,14,16,3836,5762
2023-09-27 10:51:37,13,16,3836,5762
2023-09-27 10:51:41,13,14,3836,5762
2023-09-27 10:52:12,13,14,3836,5822
2023-09-27 10:52:13,12,14,3836,5822
2023-09-27 10:52:30,12,13,3836,5822
2023-09-27 10:52:31,12,14,3836,5822
2023-09-27 10:52:57,11,14,3436,6222
2023-09-27 10:52:58,11,13,3436,6222
2023-09-27 10:54:10,11,12,3436,6222
2023-09-27 10:54:24,10,12,3436,6222
2023-09-27 10:54:57,10,12,3436,6223
2023-09-27 10:54:57,10,12,3436,6224
2023-09-27 10:55:14,10,12,3436,6225
2023-09-27 10:55:31,10,12,3436,6226
2023-09-27 10:55:49,10,12,3436,6227
2023-09-27 10:56:57,10,11,3436,6227
2023-09-27 10:57:27,9,11,3436,6227
2023-09-27 10:57:40,8,11,3836,7462
2023-09-27 10:57:40,8,10,3836,7462
2023-09-27 10:57:47,7,10,4300,8497
2023-09-27 10:57:48,7,9,4300,8497
2023-09-27 10:58:02,7,9,4301,8498
2023-09-27 10:58:49,7,8,4301,8498
2023-09-27 11:00:37,7,8,4301,8805
2023-09-27 11:00:37,7,9,4301,8805
2023-09-27 11:00:47,8,9,4301,8805
2023-09-27 11:00:50,7,9,4301,8805
2023-09-27 11:00:59,8,9,4301,8805
2023-09-27 11:01:05,8,9,4302,9205
2023-09-27 11:01:05,8,11,4208,9299
2023-09-27 11:01:05,9,11,4208,9299
2023-09-27 11:01:35,8,11,4208,9299
2023-09-27 11:01:36,9,11,4208,9299
2023-09-27 11:01:38,9,12,3436,10299
2023-09-27 11:01:39,10,12,3436,10299
2023-09-27 11:01:50,12,13,3436,10899
2023-09-27 11:02:06,12,13,3436,11099
2023-09-27 11:02:17,10,13,3436,11299
2023-09-27 11:05:14,11,13,3436,11299
2023-09-27 11:05:24,10,13,3436,11299
2023-09-27 11:06:02,10,12,3436,11299
2023-09-27 11:06:11,9,12,3436,11299
2023-09-27 11:06:20,10,12,3436,11299
2023-09-27 11:06:36,9,12,3436,11299
2023-09-27 11:06:37,10,12,3436,11299
2023-09-27 11:06:39,9,12,3436,11299
2023-09-27 11:06:40,10,12,3436,11299
2023-09-27 11:06:47,10,13,3436,11299
2023-09-27 11:07:03,11,13,3436,11299
2023-09-27 11:07:10,10,13,3436,11299
2023-09-27 11:07:42,11,13,3436,11299
2023-09-27 11:07:47,12,13,3436,11299
2023-09-27 11:07:47,12,13,3436,11359
2023-09-27 11:08:20,12,13,3436,11360
2023-09-27 11:08:32,12,14,3436,11360
2023-09-27 11:08:43,13,14,3436,11360
2023-09-27 11:09:04,14,15,3436,11393
2023-09-27 11:09:05,13,15,3436,11393
2023-09-27 11:09:31,14,15,3436,11393
2023-09-27 11:09:57,13,15,3436,11393
2023-09-27 11:10:09,13,15,3536,11493
2023-09-27 11:10:16,14,15,3536,11493
2023-09-27 11:10:17,13,15,3536,11493
2023-09-27 11:10:18,14,15,3536,11493
2023-09-27 11:10:35,13,15,3536,11493
2023-09-27 11:10:40,14,15,3536,11493
2023-09-27 11:10:49,13,15,3536,11493
2023-09-27 11:11:20,14,15,3536,11493
2023-09-27 11:11:25,13,15,3536,11493
2023-09-27 11:11:54,14,15,3536,11493
2023-09-27 11:12:00,14,15,3536,11568
2023-09-27 11:12:06,13,15,3536,11568
2023-09-27 11:12:51,12,15,3536,11568
2023-09-27 11:12:52,12,14,3536,11568
2023-09-27 11:13:51,13,14,3536,11568
2023-09-27 11:13:51,13,15,3536,11568
2023-09-27 11:13:52,12,15,3536,11568
2023-09-27 11:13:53,13,15,3536,11568
2023-09-27 11:13:53,13,15,3536,11628
2023-09-27 11:13:54,12,15,3536,11628
2023-09-27 11:13:55,13,15,3536,11628
2023-09-27 11:13:55,13,15,3536,11688
2023-09-27 11:13:56,12,15,3536,11688
2023-09-27 11:14:01,13,15,3536,11688
2023-09-27 11:15:18,12,15,3536,11688
2023-09-27 11:15:34,12,14,3536,11688
2023-09-27 11:16:38,12,14,3536,11731
2023-09-27 11:17:59,12,13,3536,11731
2023-09-27 11:18:21,10,13,3536,11731
2023-09-27 11:18:26,11,13,3536,11731
2023-09-27 11:18:29,11,12,3536,11731
2023-09-27 11:18:53,10,11,3536,12331
2023-09-27 11:18:59,10,11,3536,12531
2023-09-27 11:19:00,10,11,3540,12731
2023-09-27 11:19:01,10,11,3740,12931
2023-09-27 11:19:10,10,11,3940,13131
2023-09-27 11:19:10,10,11,3940,13311
2023-09-27 11:23:34,10,11,4140,13511
2023-09-27 11:23:54,10,13,4140,13511
2023-09-27 11:24:00,10,12,4140,13511
2023-09-27 11:24:03,11,12,4140,13511
2023-09-27 11:24:20,10,12,4140,13511
2023-09-27 11:28:13,11,12,4140,13511
2023-09-27 11:28:25,11,12,4340,13711
2023-09-27 11:28:29,11,12,4540,13911
2023-09-27 11:28:52,11,12,4873,14244
2023-09-27 11:28:54,11,12,5206,14577
2023-09-27 11:28:59,11,12,5539,14910
2023-09-27 11:31:07,11,12,5789,15160
2023-09-27 11:31:14,11,12,6039,15410
2023-09-27 11:31:20,11,12,6289,15660
2023-09-27 11:31:37,10,12,6289,15660
2023-09-27 11:31:43,11,12,6289,15660
2023-09-27 11:31:44,10,12,6289,15660
2023-09-27 11:32:20,11,12,6289,15660
2023-09-27 11:32:50,11,12,6389,15760
2023-09-27 11:35:20,11,12,6589,15960
2023-09-27 11:36:09,10,12,6589,15960
2023-09-27 11:37:35,10,11,6589,15960
2023-09-27 11:37:49,10,12,6589,15960
2023-09-27 11:37:50,10,11,6589,15960
2023-09-27 11:38:05,10,12,6589,15960
2023-09-27 11:38:14,10,11,6589,15960
2023-09-27 11:38:18,9,11,6589,15960
2023-09-27 11:40:16,9,10,6589,15960
2023-09-27 11:40:34,8,10,6589,15960
2023-09-27 11:40:55,8,9,6589,15960
2023-09-27 11:43:01,7,9,6589,15960
2023-09-27 11:43:14,7,8,6589,15960
2023-09-27 11:43:18,6,8,6589,15960
2023-09-27 11:43:55,6,7,6589,15960
2023-09-27 11:45:04,5,7,6589,15960
2023-09-27 11:45:05,5,6,6589,15960
2023-09-27 11:45:07,5,7,6589,15960
2023-09-27 11:45:46,5,6,6589,15960
2023-09-27 11:46:04,5,6,6610,15981
2023-09-27 11:46:46,4,6,6610,15981
2023-09-27 11:47:48,4,5,6610,15981
2023-09-27 11:49:42,4,6,6610,15981
2023-09-27 11:51:08,4,5,6610,15981
2023-09-27 11:53:07,3,5,6810,16181
2023-09-27 11:55:37,3,6,6810,16181
2023-09-27 11:55:43,4,6,6810,16181
2023-09-27 11:57:11,4,5,6810,16181
2023-09-27 11:57:36,4,6,6810,16181
2023-09-27 11:57:45,4,6,6817,16188
2023-09-27 11:58:26,4,5,6817,16188
2023-09-27 11:58:26,3,5,6817,16188
2023-09-27 11:59:50,3,6,6817,16188
2023-09-27 11:59:53,3,5,6817,16188
2023-09-27 11:59:57,3,6,6817,16188
2023-09-27 12:00:08,3,5,6817,16188
2023-09-27 12:00:19,3,4,6817,16188
2023-09-27 12:02:41,2,4,6817,16188
2023-09-27 12:04:10,2,3,6817,16188
2023-09-27 12:05:14,1,3,6817,16188
2023-09-27 12:10:22,1,3,8918,18759
2023-09-27 12:10:23,0,3,8918,18759
2023-09-27 12:10:23,1,3,8918,18759
2023-09-27 12:10:54,0,3,8918,18759
2023-09-27 12:10:54,1,3,8918,18759
2023-09-27 12:11:00,0,3,8918,18759
2023-09-27 12:11:04,1,3,8918,18759
2023-09-27 12:12:09,0,3,8918,18759
2023-09-27 12:12:11,1,3,8918,18759
2023-09-27 12:12:39,0,3,8918,18759
2023-09-27 12:12:56,1,3,8918,18759
2023-09-27 12:13:40,0,3,8918,18759
2023-09-27 12:14:07,0,2,8918,18759
2023-09-27 12:30:51,0,3,8718,18959
2023-09-27 12:31:00,2,3,8718,18959
2023-09-27 12:31:30,0,3,8718,18959
2023-09-27 12:31:30,1,3,8718,18959
2023-09-27 12:32:08,1,2,8718,18959
2023-09-27 12:32:53,0,2,8718,18959
2023-09-27 12:35:33,1,2,8718,18959
2023-09-27 12:36:02,0,2,8718,18959
2023-09-27 12:41:42,0,2,8718,19209
2023-09-27 12:41:53,1,2,8718,19209
2023-09-27 12:41:54,1,2,8658,19269
2023-09-27 12:41:55,1,2,8658,19519
2023-09-27 12:42:01,0,2,8658,19519
2023-09-27 12:42:22,0,2,8658,19769
2023-09-27 12:42:27,0,2,8658,20019
2023-09-27 12:42:34,0,2,8658,20269
2023-09-27 12:44:32,1,2,8658,20269
2023-09-27 12:46:49,1,2,8658,20519
2023-09-27 12:48:58,0,2,8658,20519
2023-09-27 12:48:59,1,2,8658,20519
2023-09-27 12:49:06,0,2,8658,20519
2023-09-27 12:49:27,1,2,8658,20519
2023-09-27 12:49:28,0,2,8658,20519
2023-09-27 12:49:30,1,2,8658,20519
2023-09-27 12:49:31,0,2,8658,20519
2023-09-27 12:49:32,1,2,8658,20519
2023-09-27 12:49:35,0,2,8658,20519
2023-09-27 12:49:37,1,2,8658,20519
2023-09-27 12:49:39,0,2,8658,20519
2023-09-27 12:58:33,0,1,8658,20519
2023-09-27 13:01:18,0,2,8658,20519
2023-09-27 13:13:51,0,1,8658,20519
2023-09-27 14:28:15,0,1,8569,20629
2023-09-27 14:28:17,0,1,8569,20799
2023-09-27 14:28:18,0,1,8569,20849
2023-09-27 14:28:22,0,1,8569,21019
2023-09-27 14:28:28,0,1,8569,21069
2023-09-27 14:28:29,0,1,8569,21119
2023-09-27 14:28:34,0,1,8569,21169
2023-09-27 14:28:36,0,1,8569,21328
2023-09-27 14:28:39,0,1,8569,21343
2023-09-27 14:29:03,0,1,8569,21403
2023-09-27 14:30:26,1,2,8569,21603
2023-09-27 14:30:52,0,2,8569,21603
2023-09-27 14:31:24,0,2,8569,21623
2023-09-27 14:32:17,0,2,8569,21633
2023-09-27 14:33:02,0,3,8569,22043
2023-09-27 14:33:32,0,2,8569,22043
2023-09-27 14:35:01,0,3,8569,22043
2023-09-27 14:35:14,1,3,8569,22043
2023-09-27 14:35:58,2,3,8569,22043
2023-09-27 14:36:02,2,3,11124,24598
2023-09-27 14:36:18,1,3,11124,24598
2023-09-27 14:36:39,2,3,11124,24598
2023-09-27 14:36:54,2,3,13346,26820
2023-09-27 14:37:56,2,4,13569,27043
2023-09-27 14:38:09,2,5,13569,27043
2023-09-27 14:38:44,2,5,13569,27143
2023-09-27 14:38:45,2,3,13569,27143
2023-09-27 14:39:03,3,5,13574,27148
2023-09-27 14:39:05,4,5,13574,27148
2023-09-27 14:39:52,5,6,13601,27175
2023-09-27 14:39:54,5,6,13602,27176
2023-09-27 14:40:11,5,6,13603,27177
2023-09-27 14:40:29,5,6,13604,27178
2023-09-27 14:40:41,4,6,13604,27178
2023-09-27 14:40:46,4,6,13605,27179
2023-09-27 14:41:03,4,6,13606,27180
2023-09-27 14:41:06,4,5,13606,27180
2023-09-27 14:41:12,4,6,13606,27180
2023-09-27 14:41:50,5,6,13606,27180
2023-09-27 14:42:09,6,7,13628,27202
2023-09-27 14:42:12,6,8,13628,27202
2023-09-27 14:42:26,6,7,13628,27202
2023-09-27 14:42:32,5,7,13628,27202
2023-09-27 14:43:29,7,8,13651,27225
2023-09-27 14:43:29,7,9,13651,27225
2023-09-27 14:43:33,8,9,13651,27225
2023-09-27 14:43:40,8,9,13713,27287
2023-09-27 14:43:41,7,9,13713,27287
2023-09-27 14:43:42,7,8,13713,27287
2023-09-27 14:43:56,7,9,13713,27287
2023-09-27 14:43:57,8,9,13713,27287
2023-09-27 14:44:03,8,9,13774,27348
2023-09-27 14:44:16,7,9,13774,27348
2023-09-27 14:44:43,8,9,13774,27348
2023-09-27 14:44:59,8,9,13774,27448
2023-09-27 14:45:08,8,10,13774,27448
2023-09-27 14:45:10,8,9,13774,27448
2023-09-27 14:45:12,9,10,13796,27470
2023-09-27 14:45:38,9,10,13796,27542
2023-09-27 14:45:48,9,11,13796,27542
2023-09-27 14:45:49,10,11,13796,27542
2023-09-27 14:45:50,9,11,13796,27542
2023-09-27 14:46:02,9,10,13796,27542
2023-09-27 14:46:02,8,10,13796,27542
2023-09-27 14:46:17,9,10,13796,27542
2023-09-27 14:46:31,8,10,13796,27542
2023-09-27 14:46:39,9,10,13796,27542
2023-09-27 14:46:51,9,10,13796,27742
2023-09-27 14:46:56,9,11,13796,27742
2023-09-27 14:46:57,9,10,13796,27742
2023-09-27 14:46:59,9,10,13721,27992
2023-09-27 14:47:00,8,10,13721,27992
2023-09-27 14:47:11,9,10,13721,27992
2023-09-27 14:47:14,8,10,13721,27992
2023-09-27 14:47:16,9,10,13721,27992
2023-09-27 14:47:17,8,10,13721,27992
2023-09-27 14:47:20,7,10,13721,27992
2023-09-27 14:47:20,7,9,13721,27992
2023-09-27 14:47:31,7,9,13721,28325
2023-09-27 14:47:34,8,9,13721,28325
2023-09-27 14:47:36,8,10,13721,28325
2023-09-27 14:47:46,7,10,13721,28325
2023-09-27 14:47:47,7,9,13721,28325
2023-09-27 14:47:47,8,9,13721,28325
2023-09-27 14:47:48,7,9,13721,28325
2023-09-27 14:48:07,6,9,13721,28648
2023-09-27 14:48:10,6,8,13721,28648
2023-09-27 14:48:11,6,7,13721,28648
2023-09-27 14:48:35,5,7,13721,28648
2023-09-27 14:48:36,5,6,13721,28648
2023-09-27 14:48:57,5,7,13721,28648
2023-09-27 14:49:13,5,6,13721,28648
2023-09-27 14:49:17,5,7,13721,28648
2023-09-27 14:49:26,5,6,13721,28648
2023-09-27 14:49:27,5,7,13721,28648
2023-09-27 14:49:31,5,6,13721,28648
2023-09-27 14:49:47,4,6,13721,28648
2023-09-27 14:50:54,4,5,13721,28648
2023-09-27 14:51:17,3,5,13721,28648
2023-09-27 14:52:06,3,6,13721,28948
2023-09-27 14:52:09,3,5,13721,28948
2023-09-27 14:52:35,3,6,13721,28948
2023-09-27 14:52:39,3,5,13721,28948
2023-09-27 14:53:20,3,6,13721,28948
2023-09-27 14:53:32,4,6,13721,28948
2023-09-27 14:53:38,3,6,13721,28948
2023-09-27 14:53:46,3,5,13721,28948
2023-09-27 14:54:26,3,6,13721,28948
2023-09-27 14:54:39,4,6,13721,28948
2023-09-27 14:54:47,5,6,13721,28948
2023-09-27 14:54:52,5,7,13721,28948
2023-09-27 14:54:56,5,6,13721,28948
2023-09-27 14:55:07,5,7,13721,28948
2023-09-27 14:56:06,5,6,13721,28948
2023-09-27 14:56:07,3,6,13721,28948
2023-09-27 14:56:08,4,6,13721,28948
2023-09-27 14:57:03,4,7,13721,28948
2023-09-27 14:57:22,4,6,13721,28948
2023-09-27 14:57:32,4,7,13721,28948
2023-09-27 14:58:04,4,6,13721,28948
2023-09-27 14:58:09,4,7,13721,28948
2023-09-27 14:59:02,4,6,13721,28948
2023-09-27 14:59:10,4,7,13721,28948
2023-09-27 14:59:31,4,6,13721,28948
2023-09-27 14:59:49,4,7,13721,28948
2023-09-27 14:59:51,4,6,13721,28948
2023-09-27 14:59:57,4,7,13721,28948
2023-09-27 14:59:58,4,6,13721,28948
2023-09-27 15:00:02,3,6,13721,28948
2023-09-27 15:00:03,4,6,13721,28948
2023-09-27 15:00:09,3,6,13721,28948
2023-09-27 15:00:13,4,6,13721,28948
2023-09-27 15:00:15,3,6,13721,28948
2023-09-27 15:00:16,4,6,13721,28948
2023-09-27 15:00:17,3,6,13721,28948
2023-09-27 15:00:21,4,6,13721,28948
2023-09-27 15:00:23,4,6,13722,28949
2023-09-27 15:00:31,3,6,13722,28949
2023-09-27 15:00:32,3,5,13722,28949
2023-09-27 15:00:38,3,4,13722,28949
2023-09-27 15:00:40,3,4,13723,28950
2023-09-27 15:00:56,3,5,13723,28950
2023-09-27 15:01:21,4,5,13723,28950
2023-09-27 15:01:22,4,6,13723,28950
2023-09-27 15:01:25,4,7,13723,28950
2023-09-27 15:01:27,5,7,13723,28950
2023-09-27 15:01:27,5,6,13723,28950
2023-09-27 15:01:28,5,7,13723,28950
2023-09-27 15:01:37,5,6,13723,28950
2023-09-27 15:01:41,4,6,13723,28950
2023-09-27 15:01:56,4,7,13723,28950
2023-09-27 15:02:05,4,6,13723,28950
2023-09-27 15:02:09,4,7,13723,28950
2023-09-27 15:02:10,4,6,13723,28950
2023-09-27 15:02:11,4,7,13723,28950
2023-09-27 15:02:13,5,7,13723,28950
2023-09-27 15:02:23,6,7,13723,28950
2023-09-27 15:02:27,6,8,13723,28950
2023-09-27 15:02:30,6,7,13723,28950
2023-09-27 15:02:32,5,7,13723,28950
2023-09-27 15:02:37,4,7,13723,28950
2023-09-27 15:02:45,5,7,13723,28950
2023-09-27 15:02:49,4,7,13723,28950
2023-09-27 15:03:27,5,7,13723,28950
2023-09-27 15:03:35,4,7,13723,28950
2023-09-27 15:03:54,5,7,13723,28950
2023-09-27 15:03:58,5,8,13723,28950
2023-09-27 15:04:01,6,8,13723,28950
2023-09-27 15:04:03,7,8,13723,28950
2023-09-27 15:04:13,7,9,13723,28950
2023-09-27 15:04:39,8,9,13723,28950
2023-09-27 15:04:42,8,10,13723,28950
2023-09-27 15:04:48,9,10,13723,28950
2023-09-27 15:04:50,9,12,13723,28950
2023-09-27 15:04:52,9,11,13723,28950
2023-09-27 15:04:53,9,12,13723,28950
2023-09-27 15:04:58,10,12,13723,28950
2023-09-27 15:05:46,10,11,13723,28950
2023-09-27 15:05:46,9,11,13723,28950
2023-09-27 15:05:56,8,11,13723,28950
2023-09-27 15:06:03,9,11,13723,28950
2023-09-27 15:06:05,9,12,13723,28950
2023-09-27 15:06:30,10,12,13723,28950
2023-09-27 15:06:43,11,12,13723,28950
2023-09-27 15:06:45,11,13,13723,28950
2023-09-27 15:06:49,12,13,13723,28950
2023-09-27 15:06:59,12,14,13723,28950
2023-09-27 15:07:37,13,14,13723,28950
2023-09-27 15:07:38,13,15,13723,28950
2023-09-27 15:07:39,14,15,13723,28950
2023-09-27 15:07:42,14,16,13723,28950
2023-09-27 15:07:45,15,16,13723,28950
2023-09-27 15:07:45,15,17,13723,28950
2023-09-27 15:07:46,16,17,13723,28950
2023-09-27 15:07:47,16,18,13723,28950
2023-09-27 15:07:57,16,19,13723,28950
2023-09-27 15:07:57,17,19,13723,28950
2023-09-27 15:08:00,18,19,13723,28950
2023-09-27 15:08:14,18,19,13724,28951
2023-09-27 15:08:21,18,19,13740,29151
2023-09-27 15:08:22,16,19,13740,29151
2023-09-27 15:08:22,16,18,13740,29151
2023-09-27 15:08:31,16,18,13740,29152
2023-09-27 15:08:32,15,18,13740,29152
2023-09-27 15:08:32,15,17,13740,29152
2023-09-27 15:08:33,15,18,13740,29152
2023-09-27 15:08:34,15,17,13740,29152
2023-09-27 15:08:35,15,18,13740,29152
2023-09-27 15:08:36,15,17,13740,29152
2023-09-27 15:08:37,15,18,13740,29152
2023-09-27 15:08:39,15,17,13740,29152
2023-09-27 15:08:40,15,18,13740,29152
2023-09-27 15:08:41,16,18,13740,29152
2023-09-27 15:08:42,15,18,13740,29152
2023-09-27 15:08:42,15,17,13740,29152
2023-09-27 15:08:43,15,18,13740,29152
2023-09-27 15:08:45,16,18,13740,29152
2023-09-27 15:08:45,16,19,13740,29152
2023-09-27 15:08:46,17,19,13740,29152
2023-09-27 15:08:46,17,18,13740,29152
2023-09-27 15:08:49,17,18,13740,29153
2023-09-27 15:08:50,17,18,13926,29353
2023-09-27 15:09:03,17,18,14126,29553
2023-09-27 15:09:05,16,18,14126,29553
2023-09-27 15:09:06,16,18,14127,29554
2023-09-27 15:09:10,16,18,14127,29654
2023-09-27 15:09:11,15,18,14127,29654
2023-09-27 15:09:13,15,17,14127,29654
2023-09-27 15:09:17,14,17,14127,29654
2023-09-27 15:09:18,14,16,14127,29654
2023-09-27 15:09:22,14,17,14127,29654
2023-09-27 15:09:22,14,16,14127,29654
2023-09-27 15:09:23,14,17,14127,29654
2023-09-27 15:09:23,14,17,14128,29655
2023-09-27 15:09:24,14,16,14128,29655
2023-09-27 15:09:25,14,17,14128,29655
2023-09-27 15:09:28,14,16,14128,29655
2023-09-27 15:09:29,14,17,14128,29655
2023-09-27 15:09:31,14,16,14128,29655
2023-09-27 15:09:32,14,17,14128,29655
2023-09-27 15:09:33,14,16,14128,29655
2023-09-27 15:09:34,14,17,14128,29655
2023-09-27 15:09:37,14,16,14128,29655
2023-09-27 15:09:38,14,17,14128,29655
2023-09-27 15:09:39,14,16,14128,29655
2023-09-27 15:09:40,14,17,14128,29655
2023-09-27 15:09:40,14,17,14129,29656
2023-09-27 15:09:41,14,16,14129,29656
2023-09-27 15:09:42,14,17,14129,29656
2023-09-27 15:09:43,14,16,14129,29656
2023-09-27 15:09:44,14,17,14129,29656
2023-09-27 15:09:45,14,16,14129,29656
2023-09-27 15:09:46,14,17,14129,29656
2023-09-27 15:09:47,14,16,14129,29656
2023-09-27 15:09:48,14,17,14129,29656
2023-09-27 15:09:48,14,15,14129,29656
2023-09-27 15:09:49,14,17,14129,29656
2023-09-27 15:09:50,14,16,14129,29656
2023-09-27 15:09:51,14,17,14129,29656
2023-09-27 15:09:52,14,16,14129,29656
2023-09-27 15:09:53,14,17,14129,29656
2023-09-27 15:09:54,14,16,14129,29656
2023-09-27 15:09:55,14,17,14129,29656
2023-09-27 15:09:57,14,16,14129,29656
2023-09-27 15:09:58,14,16,14130,29657
2023-09-27 15:09:58,14,17,14130,29657
2023-09-27 15:09:59,14,16,14130,29657
2023-09-27 15:10:00,14,17,14130,29657
2023-09-27 15:10:03,14,16,14130,29657
2023-09-27 15:10:04,14,17,14130,29657
2023-09-27 15:10:05,14,16,14130,29657
2023-09-27 15:10:06,14,17,14130,29657
2023-09-27 15:10:09,14,16,14130,29657
2023-09-27 15:10:10,14,17,14130,29657
2023-09-27 15:10:11,14,16,14130,29657
2023-09-27 15:10:12,14,17,14130,29657
2023-09-27 15:10:13,14,16,14130,29657
2023-09-27 15:10:14,14,17,14130,29657
2023-09-27 15:10:15,14,16,14130,29657
2023-09-27 15:10:16,14,17,14130,29657
2023-09-27 15:10:18,14,16,14130,29657
2023-09-27 15:10:19,14,17,14130,29657
2023-09-27 15:10:20,14,18,14130,29657
2023-09-27 15:10:20,15,18,14130,29657
2023-09-27 15:10:20,15,17,14130,29657
2023-09-27 15:10:21,15,18,14130,29657
2023-09-27 15:10:22,15,17,14130,29657
2023-09-27 15:10:24,14,17,14130,29657
2023-09-27 15:10:24,14,16,14130,29657
2023-09-27 15:10:25,14,17,14130,29657
2023-09-27 15:10:26,14,16,14130,29657
2023-09-27 15:10:27,14,17,14130,29657
2023-09-27 15:10:28,14,16,14130,29657
2023-09-27 15:10:29,14,17,14130,29657
2023-09-27 15:10:31,15,17,14130,29657
2023-09-27 15:10:36,15,18,14130,29657
2023-09-27 15:10:38,16,18,14130,29657
2023-09-27 15:10:39,15,18,14130,29657
2023-09-27 15:10:42,16,18,14130,29657
2023-09-27 15:10:46,17,18,14130,29657
2023-09-27 15:10:50,17,18,14530,30057
2023-09-27 15:11:04,15,18,14530,30057
2023-09-27 15:11:04,16,18,14530,30057
2023-09-27 15:11:08,17,18,14530,30057
2023-09-27 15:11:23,17,18,14730,30257
2023-09-27 15:11:32,17,18,14980,30507
2023-09-27 15:11:33,17,18,15180,30707
2023-09-27 15:11:35,17,18,15430,30957
2023-09-27 15:11:37,16,18,15430,30957
2023-09-27 15:11:40,17,18,15430,30957
2023-09-27 15:11:46,17,18,15680,31207
2023-09-27 15:12:06,17,18,15740,31267
2023-09-27 15:12:15,17,18,15940,31467
2023-09-27 15:12:15,17,18,16190,31717
2023-09-27 15:12:15,17,18,16240,31767
2023-09-27 15:12:16,17,18,16490,32017
2023-09-27 15:12:18,17,18,16740,32267
2023-09-27 15:12:22,17,18,16990,32517
2023-09-27 15:12:33,17,18,17190,32717
2023-09-27 15:12:42,17,18,17290,32817
2023-09-27 15:12:49,17,18,17490,33017
2023-09-27 15:12:50,17,18,17776,33303
2023-09-27 15:13:03,17,18,17956,33483
2023-09-27 15:13:03,17,18,18106,33633
2023-09-27 15:13:04,17,18,18306,33833
2023-09-27 15:13:08,18,21,18730,34257
2023-09-27 15:13:08,20,21,18730,34257
2023-09-27 15:13:12,19,21,18730,34257
2023-09-27 15:13:12,20,21,18730,34257
2023-09-27 15:13:12,19,21,18730,34257
2023-09-27 15:13:13,20,21,18730,34257
2023-09-27 15:13:13,19,21,18730,34257
2023-09-27 15:13:13,20,21,18730,34257
2023-09-27 15:13:14,20,22,18730,34257
2023-09-27 15:13:16,19,22,18730,34257
2023-09-27 15:13:16,21,22,18730,34257
2023-09-27 15:13:21,19,22,18730,34257
2023-09-27 15:13:23,19,21,18730,34257
2023-09-27 15:13:25,19,22,18730,34257
2023-09-27 15:13:25,19,21,18730,34257
2023-09-27 15:13:31,17,21,18730,34257
2023-09-27 15:13:31,17,20,18730,34257
2023-09-27 15:13:32,17,21,18730,34257
2023-09-27 15:13:35,17,20,18730,34257
2023-09-27 15:13:38,17,19,18730,34257
2023-09-27 15:13:46,15,19,18730,34257
2023-09-27 15:13:46,15,18,18730,34257
2023-09-27 15:13:50,15,17,18730,34257
2023-09-27 15:13:53,13,17,18730,34257
2023-09-27 15:13:53,13,16,18730,34257
2023-09-27 15:14:01,13,15,18730,34257
2023-09-27 15:14:02,13,14,18730,34257
2023-09-27 15:14:02,11,14,18730,34257
2023-09-27 15:14:07,11,13,18730,34257
2023-09-27 15:14:17,9,13,18730,34257
2023-09-27 15:14:17,9,12,18730,34257
2023-09-27 15:14:31,9,11,18730,34257
2023-09-27 15:14:52,9,10,18730,34257
2023-09-27 15:14:53,9,11,18730,34257
2023-09-27 15:14:57,9,10,18730,34257
2023-09-27 15:14:58,9,11,18730,34257
2023-09-27 15:14:59,9,10,18730,34257
2023-09-27 15:15:01,9,11,18730,34257
2023-09-27 15:15:13,7,11,18730,34257
2023-09-27 15:15:13,7,10,18730,34257
2023-09-27 15:15:30,7,9,18730,34257
2023-09-27 15:15:35,7,8,18730,34257
2023-09-27 15:15:36,5,8,18730,34257
2023-09-27 15:16:08,6,8,18730,34257
2023-09-27 15:16:09,5,8,18730,34257
2023-09-27 15:16:46,5,7,18730,34257
2023-09-27 15:17:41,5,8,18730,34257
2023-09-27 15:17:48,6,8,18730,34257
2023-09-27 15:18:00,5,8,18730,34257
2023-09-27 15:18:01,5,7,18730,34257
2023-09-27 15:18:16,5,6,18730,34257
2023-09-27 15:18:24,3,6,18730,34257
2023-09-27 15:18:54,4,6,18730,34257
2023-09-27 15:18:55,4,7,18730,34257
2023-09-27 15:19:00,5,7,18730,34257
2023-09-27 15:19:13,5,6,18730,34257
2023-09-27 15:19:14,4,6,18730,34257
2023-09-27 15:19:14,3,6,18730,34257
2023-09-27 15:19:33,3,5,18730,34257
2023-09-27 15:19:41,3,6,18730,34257
2023-09-27 15:20:08,4,6,18730,34257
2023-09-27 15:20:09,4,7,18730,34257
2023-09-27 15:20:30,5,7,18730,34257
2023-09-27 15:20:38,5,8,18730,34257
2023-09-27 15:20:40,5,7,18730,34257
2023-09-27 15:20:45,5,6,18730,34257
2023-09-27 15:20:54,5,7,18730,34257
2023-09-27 15:21:15,5,6,18730,34257
2023-09-27 15:21:19,5,7,18730,34457
2023-09-27 15:21:35,5,8,18730,34457
2023-09-27 15:21:53,5,7,18730,34457
2023-09-27 15:21:56,5,8,18730,34457
2023-09-27 15:22:04,6,8,18730,34457
2023-09-27 15:22:17,6,7,18730,34457
2023-09-27 15:22:17,5,7,18730,34457
2023-09-27 15:22:24,5,6,18730,34457
2023-09-27 15:22:29,4,6,18730,34457
2023-09-27 15:22:39,4,7,18730,34457
2023-09-27 15:22:49,5,7,18730,34457
2023-09-27 15:23:09,5,8,18730,34457
2023-09-27 15:23:13,5,7,18730,34457
2023-09-27 15:23:18,5,8,18730,34457
2023-09-27 15:23:19,6,8,18730,34457
2023-09-27 15:23:23,5,8,18730,34457
2023-09-27 15:23:44,5,7,18730,34457
2023-09-27 15:23:46,4,7,18730,34457
2023-09-27 15:23:46,4,6,18730,34457
2023-09-27 15:24:03,4,7,18730,34457
2023-09-27 15:24:06,4,8,18730,34457
2023-09-27 15:24:19,4,8,18730,34457
2023-09-27 15:24:19,4,7,18730,34457
2023-09-27 15:24:19,5,7,18730,34457
2023-09-27 15:24:30,5,8,18730,34457
2023-09-27 15:24:36,5,7,18730,34457
2023-09-27 15:24:37,5,8,18730,34457
2023-09-27 15:24:38,5,7,18730,34457
2023-09-27 15:24:51,4,7,18730,34457
2023-09-27 15:24:55,4,6,18730,34457
2023-09-27 15:25:13,4,5,18730,34457
2023-09-27 15:25:14,4,5,18730,34507
2023-09-27 15:25:15,4,6,18730,34507
2023-09-27 15:25:28,4,7,18730,34507
2023-09-27 15:25:34,5,7,18730,34507
2023-09-27 15:26:03,4,7,18730,34507
2023-09-27 15:26:06,5,7,18730,34507
2023-09-27 15:26:07,5,8,18730,34507
2023-09-27 15:26:25,5,7,18730,34507
2023-09-27 15:26:45,4,7,18730,34507
2023-09-27 15:26:53,4,6,18730,34507
2023-09-27 15:26:54,4,7,18730,34507
2023-09-27 15:26:57,4,6,18730,34507
2023-09-27 15:26:58,4,7,18730,34507
2023-09-27 15:27:08,4,6,18730,34507
2023-09-27 15:27:44,4,5,18730,34507
2023-09-27 15:27:47,3,5,18730,34507
2023-09-27 15:27:51,3,6,18730,34507
2023-09-27 15:27:58,3,5,18730,34507
2023-09-27 15:28:13,3,6,18730,34507
2023-09-27 15:28:28,4,6,18730,34507
2023-09-27 15:28:30,4,7,18730,34507
2023-09-27 15:28:44,4,6,18730,34507
2023-09-27 15:28:51,3,6,18730,34507
2023-09-27 15:28:51,3,5,18730,34507
2023-09-27 15:28:56,3,6,18730,34507
2023-09-27 15:29:04,3,5,18730,34507
2023-09-27 15:29:17,3,6,18730,34507
2023-09-27 15:29:19,3,5,18730,34507
2023-09-27 15:29:28,3,4,18730,34507
2023-09-27 15:29:34,2,4,18730,34507
2023-09-27 15:30:09,2,3,18730,34507
2023-09-27 15:30:12,0,3,18730,34507
2023-09-27 15:30:15,1,3,18730,34507
2023-09-27 15:30:31,0,3,18730,34507
2023-09-27 15:30:35,0,2,18730,34507
2023-09-27 15:30:45,0,2,18730,34569
2023-09-27 15:30:50,0,3,18730,34569
2023-09-27 15:31:02,0,2,18730,34569
2023-09-27 15:31:13,0,3,18730,34569
2023-09-27 15:31:22,0,2,18730,34569
2023-09-27 15:32:51,0,3,18730,34969
2023-09-27 15:32:53,0,2,18730,34969
2023-09-27 15:33:00,0,3,18730,34969
2023-09-27 15:33:08,0,2,18730,34969
2023-09-27 15:34:03,0,3,18730,34969
2023-09-27 15:34:07,1,3,18730,34969
2023-09-27 15:34:21,0,3,18730,34969
2023-09-27 15:34:24,0,2,18730,34969
2023-09-27 15:34:32,0,3,18730,34969
2023-09-27 15:34:40,1,3,18730,34969
2023-09-27 15:34:53,0,3,18730,34969
2023-09-27 15:34:54,1,3,18730,34969
2023-09-27 15:35:01,0,3,18730,34969
2023-09-27 15:35:08,0,2,18730,34969
2023-09-27 15:35:25,0,3,18730,34969
2023-09-27 15:35:26,0,2,18730,34969
2023-09-27 15:36:25,0,1,18730,34969
