datetime,bid,ask,open_interest,volume
2023-08-03 09:31:00,26,30,750,755
2023-08-03 09:31:00,26,28,750,755
2023-08-03 09:31:01,26,29,750,755
2023-08-03 09:31:02,26,28,750,755
2023-08-03 09:31:03,26,29,750,755
2023-08-03 09:31:05,26,28,750,755
2023-08-03 09:31:07,26,29,750,755
2023-08-03 09:31:15,26,28,750,755
2023-08-03 09:32:10,26,27,750,755
2023-08-03 09:32:11,26,28,750,755
2023-08-03 09:32:43,26,29,750,755
2023-08-03 09:32:48,26,28,750,755
2023-08-03 09:32:51,26,29,750,755
2023-08-03 09:33:23,26,28,750,755
2023-08-03 09:33:49,25,28,750,755
2023-08-03 09:33:51,24,28,750,755
2023-08-03 09:33:51,24,27,750,755
2023-08-03 09:33:56,24,26,750,755
2023-08-03 09:34:28,25,26,750,755
2023-08-03 09:34:35,24,26,750,755
2023-08-03 09:34:35,25,26,750,755
2023-08-03 09:34:48,25,28,750,755
2023-08-03 09:34:52,25,27,750,755
2023-08-03 09:35:01,24,27,750,755
2023-08-03 09:35:10,25,27,750,755
2023-08-03 09:35:44,25,28,750,755
2023-08-03 09:35:52,26,28,750,755
2023-08-03 09:36:28,27,28,750,755
2023-08-03 09:36:42,27,28,750,764
2023-08-03 09:36:50,27,29,750,964
2023-08-03 09:36:56,28,29,750,964
2023-08-03 09:37:41,28,30,750,964
2023-08-03 09:38:03,28,30,750,1164
2023-08-03 09:38:03,28,29,750,1164
2023-08-03 09:38:03,28,30,750,1164
2023-08-03 09:39:28,29,30,750,1164
2023-08-03 09:47:20,29,30,790,1204
2023-08-03 09:47:58,29,31,791,1205
2023-08-03 09:48:02,29,32,1055,2005
2023-08-03 09:48:03,30,32,1055,2005
2023-08-03 09:51:20,31,32,1055,2005
2023-08-03 09:52:01,31,32,1610,2560
2023-08-03 09:52:09,31,33,1610,2560
2023-08-03 09:52:46,31,33,1612,2562
2023-08-03 09:53:40,32,33,1612,2562
2023-08-03 09:54:34,32,33,1612,2762
2023-08-03 09:54:35,31,33,1612,2762
2023-08-03 09:55:13,32,33,1612,2762
2023-08-03 09:57:20,32,33,1612,2962
2023-08-03 09:57:22,31,33,1612,2962
2023-08-03 09:57:38,32,33,1612,2962
2023-08-03 09:57:39,31,33,1612,2962
2023-08-03 09:57:40,32,33,1612,2962
2023-08-03 09:59:07,32,34,1612,2962
2023-08-03 10:01:01,33,34,1612,2962
2023-08-03 10:02:03,33,34,1612,3112
2023-08-03 10:02:12,32,34,1362,3362
2023-08-03 10:02:25,33,34,1362,3362
2023-08-03 10:02:35,33,35,1362,3362
2023-08-03 10:10:19,33,35,1362,3422
2023-08-03 10:10:36,33,34,1362,3422
2023-08-03 10:10:37,32,34,1362,3422
2023-08-03 10:10:51,32,35,1362,3422
2023-08-03 10:11:13,33,35,1362,3422
2023-08-03 10:11:15,32,35,1362,3422
2023-08-03 10:11:44,33,35,1362,3422
2023-08-03 10:12:21,33,35,2062,4122
2023-08-03 10:12:21,34,35,2062,4122
2023-08-03 10:21:14,32,35,2062,4122
2023-08-03 10:21:14,32,34,2062,4122
2023-08-03 10:21:14,33,34,2062,4122
2023-08-03 10:21:14,32,34,2062,4222
2023-08-03 10:21:25,32,34,2062,4402
2023-08-03 10:21:57,31,34,2062,4602
2023-08-03 10:22:28,31,33,2062,4602
2023-08-03 10:22:28,31,33,2062,4642
2023-08-03 10:22:28,31,33,2062,4722
2023-08-03 10:22:46,31,34,2062,4722
2023-08-03 10:23:00,31,33,2062,4722
2023-08-03 10:23:21,31,34,2062,4722
2023-08-03 10:23:38,31,33,2062,4722
2023-08-03 10:25:24,31,32,2062,4722
2023-08-03 10:25:26,31,32,2062,4782
2023-08-03 10:25:48,30,32,2062,4782
2023-08-03 10:27:13,30,32,2062,4842
2023-08-03 10:27:14,30,31,2062,4842
2023-08-03 10:27:15,30,31,2062,4902
2023-08-03 10:27:15,30,31,2062,4962
2023-08-03 10:27:18,29,31,2062,4962
2023-08-03 10:27:22,29,30,2062,4962
2023-08-03 10:28:49,29,30,2072,4972
2023-08-03 10:29:02,29,30,2162,5062
2023-08-03 10:30:01,28,29,2222,5122
2023-08-03 10:30:02,28,30,2222,5122
2023-08-03 10:31:15,29,30,2222,5122
2023-08-03 10:31:57,29,30,2022,5322
2023-08-03 10:32:01,29,32,2178,5542
2023-08-03 10:32:05,30,32,2178,5542
2023-08-03 10:32:13,29,32,2178,5542
2023-08-03 10:33:04,30,32,2178,5542
2023-08-03 10:33:17,30,32,2278,5642
2023-08-03 10:33:43,31,32,2278,5642
2023-08-03 10:34:13,31,33,2278,5642
2023-08-03 10:34:40,32,33,2278,5642
2023-08-03 10:35:01,32,34,2278,5642
2023-08-03 10:35:25,33,34,2278,5642
2023-08-03 10:35:39,34,35,2278,5702
2023-08-03 10:36:15,34,36,2278,5702
2023-08-03 10:38:30,35,36,2278,5702
2023-08-03 10:39:39,35,37,2278,5702
2023-08-03 10:39:58,36,37,2278,5702
2023-08-03 10:39:58,36,37,2278,5752
2023-08-03 10:40:52,36,38,2278,5752
2023-08-03 10:41:48,37,38,2278,5752
2023-08-03 10:41:51,37,38,2316,5790
2023-08-03 10:44:10,37,38,2316,5889
2023-08-03 10:45:31,36,38,2316,5889
2023-08-03 10:47:37,37,38,2316,5889
2023-08-03 10:49:36,37,38,2316,6039
2023-08-03 10:51:14,36,38,2316,6039
2023-08-03 10:51:39,35,38,2316,6039
2023-08-03 10:51:41,35,37,2316,6039
2023-08-03 10:52:14,35,36,2316,6039
2023-08-03 10:53:58,35,36,2608,6439
2023-08-03 10:56:34,35,36,2808,6639
2023-08-03 10:57:50,35,36,2852,6689
2023-08-03 10:57:52,35,36,2952,6789
2023-08-03 10:57:53,35,36,3152,6989
2023-08-03 10:58:03,35,36,3552,7389
2023-08-03 10:58:04,35,36,3752,7589
2023-08-03 10:58:05,35,38,4002,7839
2023-08-03 10:58:13,35,39,4002,7839
2023-08-03 10:58:13,36,39,4002,7839
2023-08-03 10:58:17,37,39,4002,7839
2023-08-03 10:58:55,38,39,4002,7839
2023-08-03 10:59:21,38,40,4002,7839
2023-08-03 11:00:42,39,40,4002,7839
2023-08-03 11:05:59,40,41,4010,7847
2023-08-03 11:08:09,40,42,4010,7847
2023-08-03 11:10:12,40,42,4110,7947
2023-08-03 11:10:13,41,42,4110,7947
2023-08-03 11:10:15,40,42,4110,8047
2023-08-03 11:10:16,41,42,4110,8047
2023-08-03 11:10:17,40,42,4110,8247
2023-08-03 11:12:02,41,42,4110,8247
2023-08-03 11:17:47,41,42,4210,8347
2023-08-03 11:17:53,40,42,4210,8347
2023-08-03 11:18:23,40,41,4210,8347
2023-08-03 11:18:25,40,42,4210,8347
2023-08-03 11:18:26,40,41,4210,8347
2023-08-03 11:18:27,40,42,4210,8347
2023-08-03 11:18:34,40,41,4210,8347
2023-08-03 11:18:37,40,42,4210,8347
2023-08-03 11:18:46,41,42,4210,8347
2023-08-03 11:19:09,40,42,4210,8347
2023-08-03 11:19:10,40,41,4210,8347
2023-08-03 11:19:11,39,40,4210,8497
2023-08-03 11:19:11,38,40,4210,8497
2023-08-03 11:19:12,38,41,4210,8497
2023-08-03 11:19:12,38,40,4210,8497
2023-08-03 11:19:21,38,40,4233,8520
2023-08-03 11:19:24,38,39,4233,8520
2023-08-03 11:19:45,38,40,4233,8520
2023-08-03 11:20:15,38,39,4233,8520
2023-08-03 11:20:34,38,41,4233,8520
2023-08-03 11:20:34,38,40,4233,8520
2023-08-03 11:20:34,39,40,4233,8520
2023-08-03 11:20:43,38,40,4233,8520
2023-08-03 11:20:44,38,39,4233,8520
2023-08-03 11:20:56,38,41,4233,8520
2023-08-03 11:20:56,38,40,4233,8520
2023-08-03 11:20:56,39,40,4233,8520
2023-08-03 11:21:05,38,40,4233,8520
2023-08-03 11:21:06,38,39,4233,8520
2023-08-03 11:21:27,38,41,4233,8520
2023-08-03 11:21:27,38,40,4233,8520
2023-08-03 11:21:27,39,40,4233,8520
2023-08-03 11:22:55,39,42,4233,8520
2023-08-03 11:22:55,39,41,4233,8520
2023-08-03 11:23:03,39,42,4233,8520
2023-08-03 11:23:03,39,40,4233,8520
2023-08-03 11:23:07,39,42,4233,8520
2023-08-03 11:23:07,39,41,4233,8520
2023-08-03 11:23:36,40,41,4233,8520
2023-08-03 11:25:03,39,41,4233,8520
2023-08-03 11:25:10,40,41,4233,8520
2023-08-03 11:25:19,39,41,4233,8520
2023-08-03 11:25:20,39,40,4233,8520
2023-08-03 11:26:05,40,41,4233,8543
2023-08-03 11:26:05,40,42,4233,8543
2023-08-03 11:26:09,39,42,4233,8543
2023-08-03 11:26:09,39,41,4233,8543
2023-08-03 11:26:33,39,42,4233,8543
2023-08-03 11:26:34,39,41,4233,8543
2023-08-03 11:26:34,40,41,4233,8543
2023-08-03 11:26:36,40,42,4233,8543
2023-08-03 11:31:35,41,42,4233,8543
2023-08-03 11:32:50,41,42,4433,8743
2023-08-03 11:34:13,41,42,4633,8943
2023-08-03 11:34:35,41,43,4633,8943
2023-08-03 11:36:18,41,42,4633,8943
2023-08-03 11:37:21,41,42,4833,9143
2023-08-03 11:37:22,41,42,5033,9343
2023-08-03 11:37:23,41,43,5033,9343
2023-08-03 11:38:07,40,43,5033,9343
2023-08-03 11:38:54,40,42,5033,9343
2023-08-03 11:39:02,40,43,5033,9343
2023-08-03 11:39:05,40,42,5033,9343
2023-08-03 11:39:13,40,43,5033,9343
2023-08-03 11:39:58,41,43,5033,9343
2023-08-03 11:41:32,40,43,5033,9343
2023-08-03 11:41:34,40,42,5033,9343
2023-08-03 11:41:39,40,43,5033,9343
2023-08-03 11:42:24,41,43,5033,9343
2023-08-03 11:43:21,41,42,5033,9343
2023-08-03 11:43:21,40,42,5033,9343
2023-08-03 11:43:44,40,43,5033,9343
2023-08-03 11:44:15,41,43,5033,9343
2023-08-03 11:45:29,42,43,5033,9343
2023-08-03 11:45:33,41,43,5033,9343
2023-08-03 11:45:33,42,43,5033,9343
2023-08-03 11:45:44,41,43,5033,9343
2023-08-03 11:45:44,42,43,5033,9343
2023-08-03 11:46:10,42,43,5083,9393
2023-08-03 11:46:16,41,43,5083,9393
2023-08-03 11:46:58,41,43,5416,9726
2023-08-03 11:47:06,41,43,5466,9776
2023-08-03 11:47:15,41,43,5516,9826
2023-08-03 11:47:44,41,43,5566,9876
2023-08-03 11:48:45,41,43,5666,9976
2023-08-03 11:48:54,40,43,5666,9976
2023-08-03 11:48:54,42,43,5666,9976
2023-08-03 11:49:04,40,43,5666,9976
2023-08-03 11:49:04,42,43,5666,9976
2023-08-03 11:49:12,40,43,5666,9976
2023-08-03 11:49:12,42,43,5666,9976
2023-08-03 11:49:16,40,43,5666,9976
2023-08-03 11:51:23,40,42,5666,9976
2023-08-03 11:51:28,39,42,5666,9976
2023-08-03 11:51:31,39,41,5666,9976
2023-08-03 11:51:39,39,40,5666,9976
2023-08-03 11:51:44,38,40,5666,9976
2023-08-03 11:52:08,38,39,5666,9976
2023-08-03 11:52:16,37,39,5666,9976
2023-08-03 11:52:22,38,39,5666,9976
2023-08-03 11:52:23,38,40,5666,9976
2023-08-03 11:52:31,38,39,5666,9976
2023-08-03 11:52:44,37,39,5666,9976
2023-08-03 11:52:50,37,38,5666,9976
2023-08-03 11:53:06,37,39,5666,9976
2023-08-03 11:53:20,37,40,5666,9976
2023-08-03 11:53:21,38,40,5666,9976
2023-08-03 11:53:31,38,41,5666,9976
2023-08-03 11:54:02,38,40,5666,9976
2023-08-03 11:54:04,38,41,5666,9976
2023-08-03 11:54:19,38,40,5666,9976
2023-08-03 11:54:20,38,41,5666,9976
2023-08-03 11:54:25,38,40,5666,9976
2023-08-03 11:54:26,38,41,5666,9976
2023-08-03 11:55:06,39,41,5666,9976
2023-08-03 11:55:56,39,41,5999,10309
2023-08-03 11:55:57,39,42,5999,10309
2023-08-03 11:56:45,39,43,5999,10309
2023-08-03 11:56:52,40,43,5999,10309
2023-08-03 11:56:53,40,44,5999,10309
2023-08-03 11:56:54,41,44,5999,10309
2023-08-03 11:56:54,41,45,5999,10309
2023-08-03 11:57:15,42,45,5999,10309
2023-08-03 12:00:21,43,45,5999,10309
2023-08-03 12:02:34,42,45,5999,10309
2023-08-03 12:02:59,41,45,5999,10609
2023-08-03 12:02:59,41,44,5999,10609
2023-08-03 12:02:59,42,44,5999,10609
2023-08-03 12:04:37,41,44,5999,10609
2023-08-03 12:05:06,42,44,5999,10609
2023-08-03 12:05:12,41,44,5999,10609
2023-08-03 12:05:13,42,44,5999,10609
2023-08-03 12:05:48,42,45,5999,10609
2023-08-03 12:05:48,42,43,5999,10609
2023-08-03 12:05:48,41,43,5999,10609
2023-08-03 12:05:48,42,43,5999,10609
2023-08-03 12:06:08,42,45,5999,10609
2023-08-03 12:06:08,42,44,5999,10609
2023-08-03 12:06:10,41,44,5999,10609
2023-08-03 12:06:11,42,44,5999,10609
2023-08-03 12:06:38,41,44,5999,10609
2023-08-03 12:06:38,42,44,5999,10609
2023-08-03 12:06:56,41,44,5999,10609
2023-08-03 12:06:57,42,44,5999,10609
2023-08-03 12:07:23,41,44,5999,10609
2023-08-03 12:07:57,41,45,5999,10609
2023-08-03 12:07:57,41,43,5999,10609
2023-08-03 12:08:08,40,43,5999,10609
2023-08-03 12:08:08,41,43,5999,10609
2023-08-03 12:08:29,40,43,5999,10609
2023-08-03 12:08:35,40,44,5999,10609
2023-08-03 12:08:35,40,42,5999,10609
2023-08-03 12:08:52,40,44,5999,10609
2023-08-03 12:08:52,40,43,5999,10609
2023-08-03 12:09:24,40,44,5999,10609
2023-08-03 12:09:24,40,42,5999,10609
2023-08-03 12:09:39,41,42,5999,10609
2023-08-03 12:09:57,41,44,5999,10609
2023-08-03 12:10:20,39,44,5999,10609
2023-08-03 12:10:20,41,44,5999,10609
2023-08-03 12:10:24,41,43,5999,10609
2023-08-03 12:10:25,39,43,5999,10609
2023-08-03 12:10:26,40,43,5999,10609
2023-08-03 12:10:32,40,44,5999,10609
2023-08-03 12:10:41,40,43,5999,10609
2023-08-03 12:10:48,40,42,5999,10609
2023-08-03 12:11:02,38,42,5999,10609
2023-08-03 12:11:02,40,42,5999,10609
2023-08-03 12:11:33,38,42,5999,10609
2023-08-03 12:11:33,40,42,5999,10609
2023-08-03 12:11:41,38,42,5999,10609
2023-08-03 12:11:41,40,42,5999,10609
2023-08-03 12:11:46,40,42,5999,10859
2023-08-03 12:11:47,40,44,5999,10909
2023-08-03 12:11:56,38,44,5999,10909
2023-08-03 12:11:56,40,44,5999,10909
2023-08-03 12:11:57,40,43,5999,10909
2023-08-03 12:12:05,40,44,5999,10909
2023-08-03 12:12:26,40,42,5999,10909
2023-08-03 12:12:31,38,42,5999,10909
2023-08-03 12:12:31,39,42,5999,10909
2023-08-03 12:12:31,41,42,5999,10909
2023-08-03 12:12:34,41,44,5999,11109
2023-08-03 12:12:35,41,45,5999,11109
2023-08-03 12:12:41,38,45,5999,11109
2023-08-03 12:12:41,39,45,5999,11109
2023-08-03 12:12:41,41,45,5999,11109
2023-08-03 12:13:29,38,45,5999,11109
2023-08-03 12:13:29,41,45,5999,11109
2023-08-03 12:13:51,31,45,5999,11109
2023-08-03 12:13:51,39,45,5999,11109
2023-08-03 12:13:51,42,45,5999,11109
2023-08-03 12:14:24,40,45,5999,11109
2023-08-03 12:14:24,42,45,5999,11109
2023-08-03 12:14:31,40,45,5999,11109
2023-08-03 12:14:31,42,45,5999,11109
2023-08-03 12:16:12,42,45,6017,11146
2023-08-03 12:16:36,43,45,6017,11146
2023-08-03 12:16:42,43,47,6017,11146
2023-08-03 12:17:41,44,47,6017,11146
2023-08-03 12:19:02,43,47,6017,11146
2023-08-03 12:19:21,43,46,6017,11146
2023-08-03 12:19:47,43,45,6017,11146
2023-08-03 12:19:50,42,45,6017,11146
2023-08-03 12:20:07,42,44,6017,11146
2023-08-03 12:20:27,42,45,6017,11146
2023-08-03 12:20:34,42,44,6017,11146
2023-08-03 12:20:40,42,45,6017,11146
2023-08-03 12:20:49,42,44,6017,11146
2023-08-03 12:21:02,42,43,6017,11146
2023-08-03 12:21:04,41,43,6017,11146
2023-08-03 12:21:22,41,44,6017,11146
2023-08-03 12:21:25,41,43,6017,11146
2023-08-03 12:21:48,41,42,6017,11146
2023-08-03 12:21:52,41,43,6017,11146
2023-08-03 12:22:21,41,44,6017,11146
2023-08-03 12:22:30,42,44,6017,11146
2023-08-03 12:22:36,42,45,6017,11146
2023-08-03 12:22:37,42,44,6017,11146
2023-08-03 12:22:43,41,44,6017,11146
2023-08-03 12:22:46,41,43,6017,11146
2023-08-03 12:22:48,41,44,6017,11146
2023-08-03 12:23:11,41,43,6017,11146
2023-08-03 12:23:21,41,44,6017,11146
2023-08-03 12:23:37,41,45,6017,11146
2023-08-03 12:23:37,42,45,6017,11146
2023-08-03 12:24:49,42,44,6017,11146
2023-08-03 12:24:52,42,43,6017,11146
2023-08-03 12:24:56,41,43,6017,11146
2023-08-03 12:25:30,41,44,6017,11346
2023-08-03 12:25:32,41,43,6017,11346
2023-08-03 12:25:49,41,44,6017,11346
2023-08-03 12:25:52,41,43,6017,11346
2023-08-03 12:26:01,40,43,6017,11346
2023-08-03 12:26:10,40,44,6017,11346
2023-08-03 12:26:10,41,44,6017,11346
2023-08-03 12:26:27,41,43,6017,11346
2023-08-03 12:26:49,41,42,6017,11346
2023-08-03 12:26:49,40,42,6017,11346
2023-08-03 12:27:04,40,41,6017,11346
2023-08-03 12:27:04,40,42,6017,11546
2023-08-03 12:27:11,40,43,6017,11546
2023-08-03 12:27:20,40,42,6017,11546
2023-08-03 12:27:27,40,41,6017,11546
2023-08-03 12:27:46,40,42,6017,11546
2023-08-03 12:27:58,40,43,6017,11546
2023-08-03 12:28:04,41,43,6017,11546
2023-08-03 12:28:04,41,44,6017,11546
2023-08-03 12:28:09,41,45,6017,11546
2023-08-03 12:28:34,42,45,6017,11546
2023-08-03 12:29:17,43,45,6017,11546
2023-08-03 12:29:18,43,46,6017,11546
2023-08-03 12:29:36,43,45,6017,11546
2023-08-03 12:29:43,42,45,6017,11546
2023-08-03 12:29:46,42,44,6017,11546
2023-08-03 12:29:55,42,45,6017,11546
2023-08-03 12:29:56,42,44,6017,11546
2023-08-03 12:30:01,42,43,6017,11546
2023-08-03 12:30:03,42,44,6017,11546
2023-08-03 12:30:23,42,43,6017,11546
2023-08-03 12:30:27,41,43,6017,11546
2023-08-03 12:30:34,41,42,6017,11546
2023-08-03 12:30:35,41,43,6017,11546
2023-08-03 12:30:36,41,42,6017,11546
2023-08-03 12:30:37,41,43,6017,11546
2023-08-03 12:30:38,41,42,6017,11546
2023-08-03 12:30:57,41,43,6017,11546
2023-08-03 12:31:08,41,42,6017,11546
2023-08-03 12:31:13,40,42,6017,11546
2023-08-03 12:31:15,40,43,6017,11746
2023-08-03 12:31:20,40,42,6017,11746
2023-08-03 12:31:20,40,44,6017,12423
2023-08-03 12:31:21,41,44,6017,12423
2023-08-03 12:31:22,40,44,6017,12423
2023-08-03 12:31:24,41,44,6017,12423
2023-08-03 12:31:31,42,44,6017,12423
2023-08-03 12:31:31,42,45,6017,12423
2023-08-03 12:31:38,43,45,6017,12423
2023-08-03 12:31:41,42,45,6017,12423
2023-08-03 12:31:43,42,43,6017,12423
2023-08-03 12:32:04,41,43,6017,12423
2023-08-03 12:32:04,42,43,6017,12423
2023-08-03 12:32:08,41,43,6017,12623
2023-08-03 12:33:17,42,43,6017,12623
2023-08-03 12:33:34,41,43,6017,12623
2023-08-03 12:33:35,42,43,6017,12623
2023-08-03 12:33:41,42,45,6142,12823
2023-08-03 12:33:57,42,46,6142,12823
2023-08-03 12:34:18,43,46,6142,12823
2023-08-03 12:35:05,43,45,6142,12823
2023-08-03 12:35:05,42,45,6142,12823
2023-08-03 12:35:17,42,44,6142,12823
2023-08-03 12:35:34,42,45,6142,12823
2023-08-03 12:35:43,42,46,6142,12823
2023-08-03 12:35:45,42,45,6142,12823
2023-08-03 12:35:56,42,44,6142,12823
2023-08-03 12:36:11,41,44,6142,12823
2023-08-03 12:36:20,42,44,6142,12823
2023-08-03 12:36:21,42,45,6142,12823
2023-08-03 12:36:23,42,44,6142,12823
2023-08-03 12:36:24,42,45,6142,12823
2023-08-03 12:36:26,42,44,6142,12823
2023-08-03 12:36:39,42,43,6142,12823
2023-08-03 12:36:39,41,43,6142,12823
2023-08-03 12:36:41,41,42,6142,12823
2023-08-03 12:36:42,40,42,6142,12823
2023-08-03 12:36:43,40,41,6142,12823
2023-08-03 12:37:15,40,41,6142,13023
2023-08-03 12:38:12,39,41,6142,13023
2023-08-03 12:38:13,40,41,6142,13023
2023-08-03 12:38:17,40,42,6142,13223
2023-08-03 12:38:21,40,44,6142,13793
2023-08-03 12:38:22,41,44,6142,13793
2023-08-03 12:39:04,40,44,6142,13793
2023-08-03 12:39:06,40,43,6142,13793
2023-08-03 12:39:23,41,43,6142,13793
2023-08-03 12:39:23,41,44,6142,13793
2023-08-03 12:39:48,42,44,6142,13793
2023-08-03 12:39:48,42,45,6142,13793
2023-08-03 12:40:13,42,44,6142,13793
2023-08-03 12:40:15,41,44,6142,13793
2023-08-03 12:40:32,40,44,6142,13793
2023-08-03 12:40:36,40,43,6142,13793
2023-08-03 12:40:53,39,43,6142,13793
2023-08-03 12:40:55,39,42,6142,13793
2023-08-03 12:41:27,38,42,6142,13793
2023-08-03 12:41:32,38,41,6142,13793
2023-08-03 12:41:40,38,41,6142,13930
2023-08-03 12:41:41,38,40,6142,13930
2023-08-03 12:41:57,38,41,6142,13930
2023-08-03 12:41:57,38,39,6142,13930
2023-08-03 12:42:02,37,39,6142,13930
2023-08-03 12:42:11,37,38,6142,13930
2023-08-03 12:42:15,37,39,6142,13930
2023-08-03 12:42:27,37,38,6142,13930
2023-08-03 12:42:27,36,38,6142,13930
2023-08-03 12:42:44,36,37,6142,13930
2023-08-03 12:42:54,35,37,6142,13930
2023-08-03 12:43:01,35,36,6142,13930
2023-08-03 12:43:01,35,37,6142,14130
2023-08-03 12:43:01,35,36,6142,14130
2023-08-03 12:43:01,34,36,6142,14130
2023-08-03 12:43:06,34,35,6142,14130
2023-08-03 12:43:07,33,35,6142,14130
2023-08-03 12:43:13,33,36,6142,14130
2023-08-03 12:43:13,33,34,6142,14130
2023-08-03 12:43:16,33,36,6142,14267
2023-08-03 12:43:18,33,35,6142,14267
2023-08-03 12:43:19,33,36,6142,14267
2023-08-03 12:43:20,33,35,6142,14267
2023-08-03 12:43:23,33,36,6142,14267
2023-08-03 12:43:41,33,37,6142,14267
2023-08-03 12:43:41,34,37,6142,14267
2023-08-03 12:44:07,34,36,6142,14267
2023-08-03 12:44:10,33,36,6142,14267
2023-08-03 12:45:08,33,35,6142,14267
2023-08-03 12:45:14,32,35,6142,14267
2023-08-03 12:45:19,32,34,6142,14267
2023-08-03 12:45:22,32,35,6142,14267
2023-08-03 12:45:25,32,34,6142,14267
2023-08-03 12:45:40,31,34,6142,14267
2023-08-03 12:45:41,31,33,6142,14267
2023-08-03 12:45:43,31,34,6142,14467
2023-08-03 12:45:47,31,35,6142,14467
2023-08-03 12:45:51,31,34,6142,14467
2023-08-03 12:46:01,31,33,6142,14467
2023-08-03 12:46:16,31,32,6142,14467
2023-08-03 12:46:39,31,33,6142,14467
2023-08-03 12:46:49,31,32,6142,14467
2023-08-03 12:46:58,31,33,6142,14467
2023-08-03 12:47:00,31,32,6142,14467
2023-08-03 12:47:14,31,32,6142,14667
2023-08-03 12:47:17,31,32,6342,14867
2023-08-03 12:47:35,31,33,6342,14867
2023-08-03 12:47:42,31,34,6342,14867
2023-08-03 12:47:54,31,33,6342,14867
2023-08-03 12:48:07,31,32,6342,14867
2023-08-03 12:48:14,31,33,6342,14867
2023-08-03 12:49:02,31,32,6342,14867
2023-08-03 12:49:04,31,33,6342,14867
2023-08-03 12:49:27,31,32,6342,14867
2023-08-03 12:49:38,30,31,6342,14887
2023-08-03 12:49:39,30,32,6342,14887
2023-08-03 12:49:45,30,31,6342,14887
2023-08-03 12:49:46,28,31,6408,14953
2023-08-03 12:50:00,27,31,6408,14953
2023-08-03 12:50:00,27,30,6408,14953
2023-08-03 12:50:04,27,29,6408,14953
2023-08-03 12:50:04,27,29,6410,14955
2023-08-03 12:50:07,26,29,6410,14955
2023-08-03 12:50:21,27,29,6410,14955
2023-08-03 12:50:21,27,30,6410,14955
2023-08-03 12:50:21,27,31,6410,14955
2023-08-03 12:50:24,27,30,6410,14955
2023-08-03 12:50:47,27,31,6410,14955
2023-08-03 12:50:51,27,30,6410,14955
2023-08-03 12:51:06,27,30,6412,14957
2023-08-03 12:51:06,27,29,6412,14957
2023-08-03 12:51:26,27,30,6412,14957
2023-08-03 12:51:26,28,30,6412,14957
2023-08-03 12:51:26,28,31,6412,14957
2023-08-03 12:51:26,28,30,6412,14957
2023-08-03 12:51:28,29,30,6412,14957
2023-08-03 12:51:30,29,32,6412,14957
2023-08-03 12:51:30,29,31,6412,14957
2023-08-03 12:51:49,29,32,6412,14957
2023-08-03 12:51:49,29,30,6412,14957
2023-08-03 12:51:50,29,32,6412,14959
2023-08-03 12:51:59,28,32,6412,14959
2023-08-03 12:52:02,28,31,6412,14959
2023-08-03 12:52:04,28,31,6414,14961
2023-08-03 12:52:04,28,30,6414,14961
2023-08-03 12:52:12,29,30,6414,14961
2023-08-03 12:52:14,29,32,6414,14961
2023-08-03 12:52:14,29,31,6414,14961
2023-08-03 12:52:28,29,32,6414,14961
2023-08-03 12:52:28,29,30,6414,14961
2023-08-03 12:52:32,29,32,6414,14963
2023-08-03 12:52:40,29,33,6414,14963
2023-08-03 12:52:48,30,33,6414,14963
2023-08-03 12:52:50,29,33,6414,14963
2023-08-03 12:53:13,30,33,6414,14963
2023-08-03 12:53:19,29,33,6414,14963
2023-08-03 12:53:22,29,32,6414,14963
2023-08-03 12:53:31,29,33,6414,14963
2023-08-03 12:53:34,30,33,6414,14963
2023-08-03 12:54:02,31,33,6414,14963
2023-08-03 12:54:05,31,34,6414,14963
2023-08-03 12:54:14,30,34,6414,14963
2023-08-03 12:54:19,30,33,6414,14963
2023-08-03 12:54:35,30,34,6414,14963
2023-08-03 12:54:36,31,34,6414,14963
2023-08-03 12:55:22,30,34,6414,14963
2023-08-03 12:55:22,30,33,6414,14963
2023-08-03 12:55:32,30,34,6414,14963
2023-08-03 12:55:43,30,33,6414,14963
2023-08-03 12:55:45,30,34,6414,14963
2023-08-03 12:55:48,30,33,6414,14963
2023-08-03 12:56:20,31,33,6414,14963
2023-08-03 12:56:20,31,34,6414,14963
2023-08-03 12:56:27,31,34,6414,15063
2023-08-03 12:56:27,32,34,6414,15063
2023-08-03 12:57:09,31,34,6414,15063
2023-08-03 12:57:09,33,34,6414,15063
2023-08-03 12:57:15,33,35,6414,15063
2023-08-03 12:57:18,32,35,6414,15063
2023-08-03 12:57:18,34,35,6414,15063
2023-08-03 12:57:24,34,36,6414,15063
2023-08-03 12:57:25,33,36,6414,15063
2023-08-03 12:57:25,35,36,6414,15063
2023-08-03 12:57:26,35,37,6414,15063
2023-08-03 12:57:35,35,36,6414,15063
2023-08-03 12:57:49,35,36,6506,15163
2023-08-03 12:58:02,33,36,6506,15163
2023-08-03 12:58:02,32,36,6506,15163
2023-08-03 12:58:02,34,36,6506,15163
2023-08-03 12:58:02,34,35,6506,15163
2023-08-03 12:58:15,32,35,6506,15163
2023-08-03 12:58:15,31,35,6506,15163
2023-08-03 12:58:15,33,35,6506,15163
2023-08-03 12:58:38,33,34,6506,15163
2023-08-03 12:58:49,31,34,6506,15163
2023-08-03 12:58:49,30,34,6506,15163
2023-08-03 12:58:49,32,34,6506,15163
2023-08-03 12:59:03,32,33,6506,15163
2023-08-03 12:59:20,30,33,6506,15163
2023-08-03 12:59:20,29,33,6506,15163
2023-08-03 12:59:20,31,33,6506,15163
2023-08-03 12:59:25,30,33,6506,15163
2023-08-03 12:59:25,32,33,6506,15163
2023-08-03 12:59:30,32,34,6506,15163
2023-08-03 12:59:31,31,34,6506,15163
2023-08-03 12:59:31,33,34,6506,15163
2023-08-03 12:59:35,31,34,6506,15163
2023-08-03 12:59:35,32,34,6506,15163
2023-08-03 13:00:06,31,34,6506,15163
2023-08-03 13:00:06,33,34,6506,15163
2023-08-03 13:00:17,31,34,6506,15163
2023-08-03 13:00:17,32,34,6506,15163
2023-08-03 13:00:21,32,33,6506,15163
2023-08-03 13:00:29,32,35,6506,15163
2023-08-03 13:00:29,32,34,6506,15163
2023-08-03 13:00:29,31,34,6506,15163
2023-08-03 13:00:30,33,34,6506,15163
2023-08-03 13:00:48,31,34,6506,15163
2023-08-03 13:00:48,30,34,6506,15163
2023-08-03 13:00:48,32,34,6506,15163
2023-08-03 13:01:03,31,34,6506,15163
2023-08-03 13:01:03,33,34,6506,15163
2023-08-03 13:01:11,31,34,6506,15163
2023-08-03 13:01:11,32,34,6506,15163
2023-08-03 13:01:21,31,34,6506,15163
2023-08-03 13:01:21,33,34,6506,15163
2023-08-03 13:01:31,33,35,6506,15163
2023-08-03 13:01:31,33,34,6506,15163
2023-08-03 13:01:38,33,36,6506,15163
2023-08-03 13:01:39,33,35,6506,15163
2023-08-03 13:01:39,32,35,6506,15163
2023-08-03 13:01:39,34,35,6506,15163
2023-08-03 13:01:40,32,35,6506,15163
2023-08-03 13:01:40,33,35,6506,15163
2023-08-03 13:02:00,32,35,6506,15163
2023-08-03 13:02:00,34,35,6506,15163
2023-08-03 13:02:03,32,35,6506,15163
2023-08-03 13:02:03,33,35,6506,15163
2023-08-03 13:02:07,32,35,6506,15163
2023-08-03 13:02:07,34,35,6506,15163
2023-08-03 13:02:13,34,36,6506,15163
2023-08-03 13:02:24,32,34,6506,15263
2023-08-03 13:02:24,31,34,6506,15263
2023-08-03 13:02:26,31,35,6506,15263
2023-08-03 13:02:27,31,34,6506,15263
2023-08-03 13:02:28,32,34,6506,15263
2023-08-03 13:02:59,32,35,6506,15263
2023-08-03 13:03:00,33,35,6506,15263
2023-08-03 13:03:30,33,36,6506,15263
2023-08-03 13:03:44,33,35,6506,15263
2023-08-03 13:03:50,33,34,6506,15263
2023-08-03 13:04:03,32,34,6506,15263
2023-08-03 13:04:03,31,34,6506,15263
2023-08-03 13:04:03,30,34,6506,15263
2023-08-03 13:04:08,30,33,6506,15263
2023-08-03 13:04:25,29,33,6506,15263
2023-08-03 13:04:30,30,33,6506,15263
2023-08-03 13:04:53,31,33,6506,15263
2023-08-03 13:04:53,31,34,6506,15263
2023-08-03 13:05:14,32,34,6506,15263
2023-08-03 13:05:17,32,35,6506,15263
2023-08-03 13:05:22,33,35,6506,15263
2023-08-03 13:05:22,33,36,6506,15263
2023-08-03 13:06:07,33,34,6506,15263
2023-08-03 13:06:09,32,34,6506,15263
2023-08-03 13:06:12,33,34,6506,15263
2023-08-03 13:06:24,32,34,6506,15263
2023-08-03 13:06:41,33,34,6506,15263
2023-08-03 13:06:56,33,36,6606,15363
2023-08-03 13:06:57,34,36,6606,15363
2023-08-03 13:07:00,34,37,6606,15363
2023-08-03 13:07:35,35,37,6606,15363
2023-08-03 13:07:38,36,37,6606,15363
2023-08-03 13:07:38,36,37,6606,15429
2023-08-03 13:07:38,36,37,6606,15495
2023-08-03 13:07:38,36,38,6606,15495
2023-08-03 13:07:39,35,38,6606,15495
2023-08-03 13:08:09,35,37,6606,15495
2023-08-03 13:08:17,35,38,6606,15495
2023-08-03 13:08:21,36,38,6606,15495
2023-08-03 13:08:23,36,39,6606,15495
2023-08-03 13:08:43,37,39,6606,15495
2023-08-03 13:08:44,37,40,6606,15495
2023-08-03 13:08:59,38,40,6606,15495
2023-08-03 13:09:04,38,41,6606,15495
2023-08-03 13:09:29,38,40,6606,15495
2023-08-03 13:09:38,37,40,6606,15495
2023-08-03 13:09:38,37,39,6606,15495
2023-08-03 13:09:42,37,40,6606,15495
2023-08-03 13:09:46,37,39,6606,15495
2023-08-03 13:09:47,36,39,6606,15495
2023-08-03 13:09:48,35,39,6606,15495
2023-08-03 13:09:48,35,38,6606,15495
2023-08-03 13:09:50,36,38,6606,15495
2023-08-03 13:09:50,36,39,6606,15495
2023-08-03 13:09:51,37,39,6606,15495
2023-08-03 13:09:51,37,40,6606,15495
2023-08-03 13:10:12,36,40,6606,15495
2023-08-03 13:10:12,36,39,6606,15495
2023-08-03 13:10:36,35,39,6606,15495
2023-08-03 13:10:36,35,38,6606,15495
2023-08-03 13:10:39,36,38,6606,15495
2023-08-03 13:10:42,36,39,6606,15495
2023-08-03 13:10:45,37,39,6606,15495
2023-08-03 13:10:45,37,40,6606,15495
2023-08-03 13:10:50,36,40,6606,15495
2023-08-03 13:10:50,36,39,6606,15495
2023-08-03 13:11:32,35,39,6606,15495
2023-08-03 13:11:40,35,39,7242,16131
2023-08-03 13:11:40,36,39,7242,16131
2023-08-03 13:11:45,35,39,7242,16131
2023-08-03 13:11:45,37,39,7242,16131
2023-08-03 13:11:55,37,40,7242,16131
2023-08-03 13:11:56,37,39,7242,16131
2023-08-03 13:11:57,36,39,7242,16131
2023-08-03 13:11:57,37,39,7242,16131
2023-08-03 13:11:58,38,39,7242,16131
2023-08-03 13:11:58,38,40,7242,16131
2023-08-03 13:11:59,37,40,7242,16131
2023-08-03 13:11:59,39,40,7242,16131
2023-08-03 13:12:07,37,40,7242,16131
2023-08-03 13:12:07,38,40,7242,16131
2023-08-03 13:12:11,38,39,7242,16131
2023-08-03 13:12:18,36,39,7242,16131
2023-08-03 13:12:18,37,39,7242,16131
2023-08-03 13:12:20,37,38,7242,16131
2023-08-03 13:12:24,35,38,7242,16131
2023-08-03 13:12:24,34,38,7242,16131
2023-08-03 13:12:24,36,38,7242,16131
2023-08-03 13:12:24,36,37,7242,16131
2023-08-03 13:12:27,36,38,7242,16131
2023-08-03 13:12:28,35,38,7242,16131
2023-08-03 13:12:28,37,38,7242,16131
2023-08-03 13:12:28,37,39,7242,16131
2023-08-03 13:12:28,37,38,7242,16131
2023-08-03 13:12:32,37,39,7242,16131
2023-08-03 13:12:32,36,39,7242,16131
2023-08-03 13:12:33,38,39,7242,16131
2023-08-03 13:12:48,36,39,7242,16131
2023-08-03 13:12:48,37,39,7242,16131
2023-08-03 13:13:26,36,39,7242,16131
2023-08-03 13:13:26,38,39,7242,16131
2023-08-03 13:13:33,38,40,7242,16131
2023-08-03 13:13:33,38,39,7242,16131
2023-08-03 13:13:50,38,40,7242,16131
2023-08-03 13:13:53,36,40,7242,16131
2023-08-03 13:13:53,37,40,7242,16131
2023-08-03 13:13:53,39,40,7242,16131
2023-08-03 13:14:00,37,40,7242,16131
2023-08-03 13:14:00,38,40,7242,16131
2023-08-03 13:14:17,38,39,7242,16131
2023-08-03 13:15:02,38,40,7242,16131
2023-08-03 13:15:03,36,40,7242,16131
2023-08-03 13:15:03,37,40,7242,16131
2023-08-03 13:15:03,39,40,7242,16131
2023-08-03 13:15:31,39,40,7342,16231
2023-08-03 13:15:44,39,41,7342,16231
2023-08-03 13:16:08,39,40,7342,16231
2023-08-03 13:16:41,39,41,7342,16231
2023-08-03 13:16:41,38,41,7342,16231
2023-08-03 13:16:42,40,41,7342,16231
2023-08-03 13:16:44,40,41,7342,16817
2023-08-03 13:16:55,40,44,7342,16817
2023-08-03 13:17:05,40,43,7342,16817
2023-08-03 13:17:34,39,43,7342,16817
2023-08-03 13:17:34,39,42,7342,16817
2023-08-03 13:17:40,38,42,7342,16817
2023-08-03 13:17:46,38,41,7342,16817
2023-08-03 13:17:57,37,41,7342,16817
2023-08-03 13:17:57,37,40,7342,16817
2023-08-03 13:18:03,37,41,7342,16817
2023-08-03 13:18:08,37,40,7342,16817
2023-08-03 13:18:13,37,39,7342,16817
2023-08-03 13:18:20,36,39,7342,16817
2023-08-03 13:19:22,35,39,7342,16817
2023-08-03 13:19:24,35,38,7342,16817
2023-08-03 13:19:45,35,39,7342,16817
2023-08-03 13:19:47,36,39,7342,16817
2023-08-03 13:20:09,35,39,7342,16817
2023-08-03 13:20:10,35,38,7342,16817
2023-08-03 13:21:16,35,38,7442,16917
2023-08-03 13:21:16,36,38,7442,16917
2023-08-03 13:21:32,36,37,7442,16917
2023-08-03 13:21:32,35,37,7442,16917
2023-08-03 13:21:32,34,37,7442,16917
2023-08-03 13:21:32,35,37,7442,16917
2023-08-03 13:21:38,35,36,7442,16917
2023-08-03 13:21:42,33,36,7442,16917
2023-08-03 13:21:42,34,36,7442,16917
2023-08-03 13:21:50,33,36,7442,16917
2023-08-03 13:21:50,35,36,7442,16917
2023-08-03 13:21:55,33,36,7442,16917
2023-08-03 13:21:55,34,36,7442,16917
2023-08-03 13:22:02,33,36,7442,16917
2023-08-03 13:22:02,35,36,7442,16917
2023-08-03 13:22:27,35,37,7442,16917
2023-08-03 13:22:28,34,37,7442,16917
2023-08-03 13:22:28,36,37,7442,16917
2023-08-03 13:22:30,36,38,7442,16917
2023-08-03 13:22:31,34,38,7442,16917
2023-08-03 13:22:31,37,38,7442,16917
2023-08-03 13:22:49,35,38,7442,16917
2023-08-03 13:22:49,36,38,7442,16917
2023-08-03 13:23:12,35,38,7442,16917
2023-08-03 13:23:12,37,38,7442,16917
2023-08-03 13:23:16,35,38,7442,16917
2023-08-03 13:23:16,36,38,7442,16917
2023-08-03 13:23:23,36,37,7442,16917
2023-08-03 13:24:07,34,37,7442,16917
2023-08-03 13:24:07,33,37,7442,16917
2023-08-03 13:24:07,35,37,7442,16917
2023-08-03 13:24:47,35,36,7442,16917
2023-08-03 13:25:01,33,36,7442,16917
2023-08-03 13:25:01,34,36,7442,16917
2023-08-03 13:25:06,34,35,7442,16917
2023-08-03 13:25:17,32,35,7442,16917
2023-08-03 13:25:17,33,35,7442,16917
2023-08-03 13:25:36,32,35,7442,16917
2023-08-03 13:25:36,34,35,7442,16917
2023-08-03 13:25:37,33,35,7442,16917
2023-08-03 13:25:37,34,35,7442,16917
2023-08-03 13:25:37,34,37,7442,16917
2023-08-03 13:25:37,34,35,7442,16917
2023-08-03 13:25:38,35,37,7442,16967
2023-08-03 13:25:49,34,37,7442,16967
2023-08-03 13:25:49,36,37,7442,16967
2023-08-03 13:26:05,34,37,7442,16967
2023-08-03 13:26:05,35,37,7442,16967
2023-08-03 13:26:11,35,36,7442,16967
2023-08-03 13:26:29,33,36,7442,16967
2023-08-03 13:26:29,32,36,7442,16967
2023-08-03 13:26:29,34,36,7442,16967
2023-08-03 13:26:29,34,35,7442,16967
2023-08-03 13:26:43,34,37,7442,16967
2023-08-03 13:26:43,34,36,7442,16967
2023-08-03 13:26:43,33,36,7442,16967
2023-08-03 13:26:44,35,36,7442,16967
2023-08-03 13:26:53,33,36,7442,16967
2023-08-03 13:26:53,34,36,7442,16967
2023-08-03 13:27:24,33,36,7442,16967
2023-08-03 13:27:24,35,36,7442,16967
2023-08-03 13:27:32,33,36,7442,16967
2023-08-03 13:27:32,34,36,7442,16967
2023-08-03 13:27:44,34,35,7442,16967
2023-08-03 13:27:53,34,36,7442,16967
2023-08-03 13:27:53,34,35,7442,16967
2023-08-03 13:28:00,34,36,7442,16967
2023-08-03 13:28:32,33,36,7442,16967
2023-08-03 13:28:32,35,36,7442,16967
2023-08-03 13:28:37,35,37,7442,16967
2023-08-03 13:28:37,35,36,7442,16967
2023-08-03 13:29:03,35,37,7442,16967
2023-08-03 13:29:04,34,37,7442,16967
2023-08-03 13:29:04,36,37,7442,16967
2023-08-03 13:29:06,36,38,7442,16967
2023-08-03 13:29:07,34,38,7442,16967
2023-08-03 13:29:07,35,38,7442,16967
2023-08-03 13:29:07,37,38,7442,16967
2023-08-03 13:29:22,37,39,7442,16967
2023-08-03 13:29:23,36,39,7442,16967
2023-08-03 13:29:23,38,39,7442,16967
2023-08-03 13:29:29,37,39,7442,16967
2023-08-03 13:29:29,37,39,7442,17017
2023-08-03 13:29:35,38,39,7442,17017
2023-08-03 13:29:38,38,39,7582,17217
2023-08-03 13:29:40,38,39,7832,17467
2023-08-03 13:29:42,38,42,7832,17467
2023-08-03 13:29:42,39,42,7832,17467
2023-08-03 13:29:51,40,42,7832,17467
2023-08-03 13:29:54,39,42,7832,17467
2023-08-03 13:30:06,39,41,7832,17467
2023-08-03 13:30:06,38,41,7832,17467
2023-08-03 13:30:23,37,41,7832,17467
2023-08-03 13:30:24,37,40,7832,17467
2023-08-03 13:30:29,38,40,7832,17467
2023-08-03 13:30:41,37,41,7832,17467
2023-08-03 13:30:52,37,40,7832,17467
2023-08-03 13:30:54,37,41,7832,17467
2023-08-03 13:30:57,37,40,7832,17467
2023-08-03 13:31:15,36,40,7832,17467
2023-08-03 13:31:24,37,40,7832,17467
2023-08-03 13:31:37,37,41,7832,17467
2023-08-03 13:31:53,38,41,7832,17467
2023-08-03 13:32:12,37,41,7832,17467
2023-08-03 13:32:21,38,41,7832,17467
2023-08-03 13:32:26,39,41,7832,17467
2023-08-03 13:32:26,39,42,7832,17467
2023-08-03 13:32:42,40,42,7832,17467
2023-08-03 13:32:54,40,43,7832,17467
2023-08-03 13:32:54,40,44,7832,17467
2023-08-03 13:32:55,41,44,7832,17467
2023-08-03 13:33:04,41,45,7832,17467
2023-08-03 13:33:16,41,44,7832,17467
2023-08-03 13:33:18,41,45,7832,17467
2023-08-03 13:33:21,42,45,7832,17467
2023-08-03 13:33:27,41,45,7832,17467
2023-08-03 13:33:34,42,45,7832,17467
2023-08-03 13:33:46,41,45,7832,17467
2023-08-03 13:33:48,41,44,7832,17467
2023-08-03 13:33:52,41,45,7832,17467
2023-08-03 13:34:01,41,45,8237,18012
2023-08-03 13:34:01,42,45,8237,18012
2023-08-03 13:34:07,42,44,8237,18012
2023-08-03 13:34:25,42,45,8237,18012
2023-08-03 13:34:40,43,45,8237,18012
2023-08-03 13:34:51,43,46,8237,18012
2023-08-03 13:35:02,44,46,8237,18012
2023-08-03 13:35:02,44,47,8237,18012
2023-08-03 13:35:09,45,47,8237,18012
2023-08-03 13:35:09,45,48,8237,18012
2023-08-03 13:35:11,46,48,8237,18012
2023-08-03 13:35:18,47,48,8237,18012
2023-08-03 13:35:19,46,48,8237,18012
2023-08-03 13:35:24,45,48,8237,18012
2023-08-03 13:35:36,46,48,8237,18012
2023-08-03 13:35:44,45,48,8237,18012
2023-08-03 13:35:51,44,48,8237,18012
2023-08-03 13:35:51,44,47,8237,18012
2023-08-03 13:35:52,45,47,8237,18012
2023-08-03 13:35:55,45,48,8237,18012
2023-08-03 13:36:02,46,48,8237,18012
2023-08-03 13:36:06,45,48,8237,18012
2023-08-03 13:36:07,46,48,8237,18012
2023-08-03 13:36:20,45,48,8237,18012
2023-08-03 13:36:25,46,48,8237,18012
2023-08-03 13:36:38,45,48,8237,18012
2023-08-03 13:36:55,44,48,8237,18012
2023-08-03 13:36:55,44,47,8237,18012
2023-08-03 13:37:03,43,47,8237,18012
2023-08-03 13:37:05,44,47,8237,18012
2023-08-03 13:37:21,43,47,8237,18012
2023-08-03 13:37:23,43,46,8237,18012
2023-08-03 13:37:31,44,46,8237,18012
2023-08-03 13:37:32,44,47,8237,18012
2023-08-03 13:37:49,43,47,8237,18012
2023-08-03 13:37:56,44,47,8237,18012
2023-08-03 13:38:02,45,47,8237,18012
2023-08-03 13:38:02,45,48,8237,18012
2023-08-03 13:38:12,44,48,8237,18012
2023-08-03 13:38:14,44,47,8237,18012
2023-08-03 13:39:01,44,46,8237,18012
2023-08-03 13:39:29,42,46,8237,18012
2023-08-03 13:39:29,42,45,8237,18012
2023-08-03 13:40:12,43,45,8237,18012
2023-08-03 13:40:14,43,46,8237,18012
2023-08-03 13:40:59,44,46,8237,18012
2023-08-03 13:40:59,44,47,8237,18012
2023-08-03 13:41:02,43,47,8237,18012
2023-08-03 13:41:05,43,46,8237,18012
2023-08-03 13:41:28,44,46,8237,18012
2023-08-03 13:41:28,44,47,8237,18012
2023-08-03 13:41:36,44,48,8237,18012
2023-08-03 13:41:37,45,48,8237,18012
2023-08-03 13:41:49,44,48,8237,18012
2023-08-03 13:41:50,44,47,8237,18012
2023-08-03 13:42:10,45,47,8237,18012
2023-08-03 13:42:10,45,48,8237,18012
2023-08-03 13:42:16,44,48,8237,18012
2023-08-03 13:42:16,44,47,8237,18012
2023-08-03 13:42:33,43,47,8237,18012
2023-08-03 13:42:35,44,47,8237,18012
2023-08-03 13:42:50,44,48,8237,18012
2023-08-03 13:43:00,45,48,8237,18012
2023-08-03 13:43:07,46,48,8237,18012
2023-08-03 13:43:11,45,48,8237,18012
2023-08-03 13:43:26,46,48,8237,18012
2023-08-03 13:43:27,45,48,8237,18012
2023-08-03 13:43:39,46,48,8237,18012
2023-08-03 13:43:57,46,48,8377,18212
2023-08-03 13:44:24,45,48,8377,18212
2023-08-03 13:44:28,45,48,8710,18545
2023-08-03 13:44:38,46,48,8710,18545
2023-08-03 13:44:46,47,48,8710,18545
2023-08-03 13:45:04,47,48,8960,18795
2023-08-03 13:45:05,47,48,9160,18995
2023-08-03 13:45:05,47,48,9410,19245
2023-08-03 13:45:06,47,50,9410,19245
2023-08-03 13:45:08,48,50,9410,19245
2023-08-03 13:45:11,49,50,9410,19245
2023-08-03 13:45:16,48,50,9410,19245
2023-08-03 13:45:20,50,52,9424,19259
2023-08-03 13:45:20,50,53,9424,19259
2023-08-03 13:45:32,50,54,9424,19259
2023-08-03 13:45:39,51,54,9424,19259
2023-08-03 13:45:55,50,54,9424,19259
2023-08-03 13:46:14,50,53,9424,19259
2023-08-03 13:46:21,50,52,9424,19259
2023-08-03 13:46:24,49,52,9424,19259
2023-08-03 13:47:00,49,53,9424,19259
2023-08-03 13:47:02,50,53,9424,19259
2023-08-03 13:47:50,51,53,9424,19259
2023-08-03 13:47:50,51,54,9424,19259
2023-08-03 13:47:53,51,53,9424,19259
2023-08-03 13:47:53,50,53,9424,19259
2023-08-03 13:48:33,50,52,9424,19259
2023-08-03 13:48:35,49,52,9424,19259
2023-08-03 13:48:37,49,53,9424,19259
2023-08-03 13:48:37,50,53,9424,19259
2023-08-03 13:48:49,50,52,9424,19259
2023-08-03 13:48:49,49,52,9424,19259
2023-08-03 13:48:56,49,51,9424,19259
2023-08-03 13:48:57,49,52,9424,19259
2023-08-03 13:49:01,49,51,9424,19259
2023-08-03 13:49:01,48,51,9424,19259
2023-08-03 13:49:49,49,51,9424,19259
2023-08-03 13:49:49,49,52,9424,19259
2023-08-03 13:50:01,50,52,9424,19259
2023-08-03 13:50:01,50,53,9424,19259
2023-08-03 13:50:17,50,52,9424,19259
2023-08-03 13:50:17,49,52,9424,19259
2023-08-03 13:50:34,49,53,9424,19259
2023-08-03 13:50:35,50,53,9424,19259
2023-08-03 13:50:45,50,54,9424,19259
2023-08-03 13:50:45,50,53,9424,19259
2023-08-03 13:50:46,51,53,9424,19259
2023-08-03 13:51:12,51,53,9702,19537
2023-08-03 13:51:16,51,53,10035,19870
2023-08-03 13:51:26,50,53,10035,19870
2023-08-03 13:53:10,49,53,10035,19870
2023-08-03 13:53:13,49,52,10035,19870
2023-08-03 13:53:15,48,52,10035,19870
2023-08-03 13:53:23,48,51,10035,19870
2023-08-03 13:53:46,48,52,10035,19870
2023-08-03 13:53:50,48,51,10035,19870
2023-08-03 13:53:55,47,51,10035,19870
2023-08-03 13:54:06,48,51,10035,19870
2023-08-03 13:54:19,49,51,10035,19870
2023-08-03 13:54:21,49,52,10035,19870
2023-08-03 13:54:41,49,53,10035,19870
2023-08-03 13:54:47,50,53,10035,19870
2023-08-03 13:55:10,51,53,10035,19870
2023-08-03 13:55:32,52,53,10035,19870
2023-08-03 13:55:41,52,53,10235,20070
2023-08-03 13:55:42,52,56,10235,20070
2023-08-03 13:55:43,53,56,10235,20070
2023-08-03 13:55:46,54,56,10235,20070
2023-08-03 13:55:46,54,57,10235,20070
2023-08-03 13:55:54,55,57,10235,20070
2023-08-03 13:55:55,55,58,10235,20070
2023-08-03 13:55:55,55,56,10235,20070
2023-08-03 13:55:57,54,56,10235,20070
2023-08-03 13:56:03,55,56,10235,20070
2023-08-03 13:56:05,54,56,10235,20070
2023-08-03 13:56:23,54,56,10435,20270
2023-08-03 13:56:23,55,56,10435,20270
2023-08-03 13:56:26,55,56,10635,20470
2023-08-03 13:56:28,55,56,10885,20720
2023-08-03 13:56:32,55,58,10909,20744
2023-08-03 13:56:36,56,58,10909,20744
2023-08-03 13:56:37,56,59,10909,20744
2023-08-03 13:56:49,55,59,10909,20744
2023-08-03 13:56:50,55,58,10909,20744
2023-08-03 13:56:59,55,59,10909,20744
2023-08-03 13:56:59,56,59,10909,20744
2023-08-03 13:57:34,56,58,10909,20744
2023-08-03 13:57:38,55,58,10909,20744
2023-08-03 13:57:43,56,58,10909,20744
2023-08-03 13:57:44,56,59,10909,20744
2023-08-03 13:57:49,56,58,10909,20744
2023-08-03 13:57:51,55,58,10909,20744
2023-08-03 13:58:05,56,58,10909,20744
2023-08-03 13:58:26,56,59,10909,20744
2023-08-03 13:58:46,56,58,10909,20744
2023-08-03 13:59:05,56,59,10909,20744
2023-08-03 13:59:40,57,59,10909,20744
2023-08-03 13:59:40,58,59,10909,20744
2023-08-03 13:59:40,58,60,10909,20744
2023-08-03 13:59:41,58,61,10909,20744
2023-08-03 13:59:41,59,61,10909,20744
2023-08-03 14:00:04,58,61,10909,20744
2023-08-03 14:00:11,58,60,10909,20744
2023-08-03 14:00:37,59,60,10909,20744
2023-08-03 14:00:37,59,62,10909,20744
2023-08-03 14:00:37,59,60,10909,20744
2023-08-03 14:00:37,59,60,11113,20948
2023-08-03 14:00:49,59,61,11113,20948
2023-08-03 14:01:06,59,60,11113,20948
2023-08-03 14:01:06,58,60,11113,20948
2023-08-03 14:01:22,58,61,11113,20948
2023-08-03 14:01:31,58,61,11113,20951
2023-08-03 14:01:31,59,61,11113,20951
2023-08-03 14:01:32,59,62,11113,20951
2023-08-03 14:01:34,60,62,11113,20951
2023-08-03 14:01:47,61,62,11113,20951
2023-08-03 14:02:05,60,62,11113,20951
2023-08-03 14:02:17,59,62,11113,20951
2023-08-03 14:02:20,59,61,11113,20951
2023-08-03 14:02:26,59,62,11113,21151
2023-08-03 14:02:35,60,62,11113,21151
2023-08-03 14:02:50,59,62,11113,21151
2023-08-03 14:03:00,59,61,11113,21151
2023-08-03 14:03:29,59,60,11113,21151
2023-08-03 14:03:29,58,60,11113,21151
2023-08-03 14:03:46,58,59,11113,21151
2023-08-03 14:04:02,57,59,11113,21151
2023-08-03 14:04:27,57,60,11113,21151
2023-08-03 14:04:30,58,60,11113,21151
2023-08-03 14:04:37,58,61,11113,21151
2023-08-03 14:04:40,58,60,11113,21151
2023-08-03 14:04:47,58,61,11113,21151
2023-08-03 14:04:49,58,60,11113,21151
2023-08-03 14:04:52,57,60,11113,21151
2023-08-03 14:04:53,57,59,11113,21151
2023-08-03 14:05:02,57,60,11113,21151
2023-08-03 14:05:23,58,60,11113,21151
2023-08-03 14:05:23,58,61,11113,21151
2023-08-03 14:05:45,59,61,11113,21151
2023-08-03 14:05:47,59,62,11113,21151
2023-08-03 14:06:03,59,61,11113,21151
2023-08-03 14:06:18,58,61,11113,21151
2023-08-03 14:06:29,58,60,11113,21151
2023-08-03 14:07:08,59,60,11113,21151
2023-08-03 14:07:10,60,62,11113,21217
2023-08-03 14:08:13,60,63,11113,21217
2023-08-03 14:08:13,61,63,11113,21217
2023-08-03 14:08:18,60,63,11113,21217
2023-08-03 14:08:25,60,62,11113,21217
2023-08-03 14:08:33,59,62,11113,21217
2023-08-03 14:08:52,60,62,11113,21217
2023-08-03 14:09:02,60,63,11113,21217
2023-08-03 14:09:26,61,63,11113,21217
2023-08-03 14:09:58,62,63,11113,21217
2023-08-03 14:10:00,62,64,11113,21217
2023-08-03 14:10:24,63,64,11113,21217
2023-08-03 14:10:33,62,64,11113,21217
2023-08-03 14:10:38,63,64,11113,21217
2023-08-03 14:10:40,63,65,11113,21217
2023-08-03 14:10:48,64,65,11113,21217
2023-08-03 14:11:02,63,65,11113,21217
2023-08-03 14:11:04,62,65,11113,21217
2023-08-03 14:11:09,62,64,11113,21217
2023-08-03 14:11:09,62,65,11113,21217
2023-08-03 14:11:11,63,65,11113,21217
2023-08-03 14:11:24,62,65,11113,21217
2023-08-03 14:11:28,62,64,11113,21217
2023-08-03 14:12:06,62,65,11113,21217
2023-08-03 14:12:13,62,64,11113,21217
2023-08-03 14:12:42,61,64,11113,21217
2023-08-03 14:13:01,62,64,11113,21217
2023-08-03 14:13:23,61,64,11113,21217
2023-08-03 14:14:00,61,63,11113,21217
2023-08-03 14:14:30,61,62,11113,21217
2023-08-03 14:14:30,60,62,11113,21217
2023-08-03 14:14:46,60,63,11113,21217
2023-08-03 14:14:47,61,63,11113,21217
2023-08-03 14:15:16,60,63,11113,21217
2023-08-03 14:15:23,60,61,11113,21217
2023-08-03 14:15:49,59,61,11113,21217
2023-08-03 14:16:00,59,60,11113,21217
2023-08-03 14:16:05,58,60,11113,21217
2023-08-03 14:16:13,58,59,11113,21217
2023-08-03 14:16:13,57,59,11113,21217
2023-08-03 14:16:14,57,60,11113,21217
2023-08-03 14:16:15,58,60,11113,21217
2023-08-03 14:16:33,58,61,11113,21217
2023-08-03 14:16:33,59,61,11113,21217
2023-08-03 14:16:51,60,61,11113,21217
2023-08-03 14:16:54,60,63,11113,21217
2023-08-03 14:16:59,60,62,11113,21217
2023-08-03 14:17:06,59,62,11113,21217
2023-08-03 14:17:06,60,62,11113,21217
2023-08-03 14:17:20,60,63,11113,21217
2023-08-03 14:17:26,60,62,11113,21217
2023-08-03 14:17:31,60,61,11113,21217
2023-08-03 14:17:31,59,61,11113,21217
2023-08-03 14:18:04,59,60,11113,21217
2023-08-03 14:18:09,58,60,11113,21217
2023-08-03 14:18:09,59,60,11113,21217
2023-08-03 14:18:24,58,60,11113,21217
2023-08-03 14:18:28,58,59,11113,21217
2023-08-03 14:18:28,57,59,11113,21217
2023-08-03 14:18:34,57,58,11113,21217
2023-08-03 14:18:39,56,58,11113,21217
2023-08-03 14:18:50,56,59,11113,21417
2023-08-03 14:19:12,56,57,11113,21417
2023-08-03 14:19:13,56,58,11113,21617
2023-08-03 14:19:23,55,58,11113,21617
2023-08-03 14:19:23,56,58,11113,21617
2023-08-03 14:19:51,55,58,11113,21617
2023-08-03 14:19:51,56,58,11113,21617
2023-08-03 14:19:52,56,57,11113,21617
2023-08-03 14:19:54,54,57,11113,21617
2023-08-03 14:19:54,55,57,11113,21617
2023-08-03 14:20:01,54,57,11113,21617
2023-08-03 14:20:01,55,57,11113,21617
2023-08-03 14:20:03,55,56,11113,21617
2023-08-03 14:20:06,55,57,11113,21617
2023-08-03 14:20:26,55,58,11113,21617
2023-08-03 14:20:35,56,58,11113,21617
2023-08-03 14:20:46,56,57,11113,21617
2023-08-03 14:20:47,56,58,11113,21617
2023-08-03 14:21:01,56,57,11113,21617
2023-08-03 14:21:02,55,57,11113,21617
2023-08-03 14:21:02,56,57,11113,21617
2023-08-03 14:21:07,56,58,11113,21617
2023-08-03 14:21:15,55,58,11113,21617
2023-08-03 14:21:15,56,58,11113,21617
2023-08-03 14:21:50,56,57,11113,21617
2023-08-03 14:21:50,55,57,11113,21617
2023-08-03 14:21:50,56,57,11113,21617
2023-08-03 14:21:52,56,58,11113,21617
2023-08-03 14:21:57,56,57,11113,21617
2023-08-03 14:22:01,55,57,11113,21617
2023-08-03 14:22:03,55,56,11113,21617
2023-08-03 14:22:04,55,57,11113,21617
2023-08-03 14:22:05,55,56,11113,21617
2023-08-03 14:22:06,54,56,11113,21617
2023-08-03 14:22:06,55,56,11113,21617
2023-08-03 14:22:30,53,56,11113,21617
2023-08-03 14:22:30,54,56,11113,21617
2023-08-03 14:23:34,53,54,11013,21717
2023-08-03 14:23:35,53,56,11013,21717
2023-08-03 14:23:35,52,56,11013,21717
2023-08-03 14:23:35,53,56,11013,21717
2023-08-03 14:23:39,53,54,11013,21717
2023-08-03 14:23:39,52,54,11013,21717
2023-08-03 14:24:00,51,54,11013,21717
2023-08-03 14:24:00,52,54,11013,21717
2023-08-03 14:24:19,52,53,11013,21717
2023-08-03 14:24:21,51,53,11013,21717
2023-08-03 14:24:26,50,53,11013,21717
2023-08-03 14:24:26,51,53,11013,21717
2023-08-03 14:25:20,51,54,11013,21717
2023-08-03 14:25:20,52,54,11013,21717
2023-08-03 14:25:23,53,54,11013,21717
2023-08-03 14:25:30,52,54,11013,21717
2023-08-03 14:25:30,53,54,11013,21717
2023-08-03 14:25:47,52,54,11013,21717
2023-08-03 14:25:47,53,54,11013,21717
2023-08-03 14:25:49,53,56,11013,21717
2023-08-03 14:25:49,54,56,11013,21717
2023-08-03 14:25:53,54,57,11013,21717
2023-08-03 14:25:53,55,57,11013,21717
2023-08-03 14:26:07,54,57,11013,21717
2023-08-03 14:26:07,55,57,11013,21717
2023-08-03 14:26:10,55,56,11013,21717
2023-08-03 14:26:12,53,56,11013,21717
2023-08-03 14:26:12,54,56,11013,21717
2023-08-03 14:26:16,52,56,11013,21717
2023-08-03 14:26:16,53,56,11013,21717
2023-08-03 14:26:35,54,56,11013,21717
2023-08-03 14:26:37,54,57,11013,21717
2023-08-03 14:26:45,55,57,11013,21717
2023-08-03 14:26:47,55,58,11013,21717
2023-08-03 14:26:53,56,58,11013,21717
2023-08-03 14:27:10,55,58,11013,21717
2023-08-03 14:27:34,56,58,11013,21717
2023-08-03 14:27:37,56,59,11013,21717
2023-08-03 14:27:37,57,59,11013,21717
2023-08-03 14:27:37,57,60,11013,21717
2023-08-03 14:27:54,56,60,11013,21717
2023-08-03 14:27:56,56,59,11013,21717
2023-08-03 14:28:03,56,58,11013,21717
2023-08-03 14:28:15,56,59,11013,21717
2023-08-03 14:28:15,56,60,11013,21717
2023-08-03 14:28:16,57,60,11013,21717
2023-08-03 14:28:23,58,60,11013,21717
2023-08-03 14:28:23,58,62,11013,21717
2023-08-03 14:28:38,57,61,11013,21717
2023-08-03 14:28:40,57,60,11013,21717
2023-08-03 14:28:45,57,61,11013,21717
2023-08-03 14:28:58,57,60,11013,21717
2023-08-03 14:29:14,56,60,11013,21717
2023-08-03 14:29:35,57,60,11013,21717
2023-08-03 14:30:20,57,59,11013,21717
2023-08-03 14:30:20,56,59,11013,21717
2023-08-03 14:30:32,56,58,11013,21717
2023-08-03 14:30:34,57,58,11013,21717
2023-08-03 14:30:42,57,60,11113,21817
2023-08-03 14:30:45,57,61,11113,21817
2023-08-03 14:30:47,59,61,11113,21817
2023-08-03 14:30:48,59,60,11113,21817
2023-08-03 14:30:48,57,60,11113,21817
2023-08-03 14:30:50,57,59,11113,21817
2023-08-03 14:30:50,56,59,11113,21817
2023-08-03 14:30:59,56,60,11113,21817
2023-08-03 14:31:01,56,59,11113,21817
2023-08-03 14:31:17,56,58,11113,21817
2023-08-03 14:31:18,55,58,11113,21817
2023-08-03 14:31:18,56,58,11113,21817
2023-08-03 14:31:26,55,58,11113,21817
2023-08-03 14:31:26,56,58,11113,21817
2023-08-03 14:31:32,56,57,11113,21817
2023-08-03 14:31:37,54,57,11113,21817
2023-08-03 14:31:37,55,57,11113,21817
2023-08-03 14:31:57,54,57,11113,21817
2023-08-03 14:32:10,54,55,11113,21817
2023-08-03 14:32:12,53,55,11113,21817
2023-08-03 14:32:12,54,55,11113,21817
2023-08-03 14:32:24,53,55,11113,21817
2023-08-03 14:32:24,54,55,11113,21817
2023-08-03 14:32:29,54,58,11113,21817
2023-08-03 14:32:29,54,57,11113,21817
2023-08-03 14:32:29,55,57,11113,21817
2023-08-03 14:32:30,55,58,11113,21817
2023-08-03 14:32:38,55,57,11113,21817
2023-08-03 14:32:48,54,57,11113,21817
2023-08-03 14:32:48,55,57,11113,21817
2023-08-03 14:32:49,54,55,11063,21867
2023-08-03 14:32:49,53,55,11063,21867
2023-08-03 14:32:56,54,55,11063,21867
2023-08-03 14:33:04,52,55,11063,21867
2023-08-03 14:33:04,53,55,11063,21867
2023-08-03 14:33:13,54,55,11063,21867
2023-08-03 14:33:16,53,55,11063,21867
2023-08-03 14:33:16,53,55,10963,21967
2023-08-03 14:33:17,53,56,10963,21967
2023-08-03 14:33:17,53,57,10963,21967
2023-08-03 14:33:26,52,57,10963,21967
2023-08-03 14:33:26,54,57,10963,21967
2023-08-03 14:33:32,55,58,10963,21967
2023-08-03 14:33:41,55,59,10963,21967
2023-08-03 14:33:41,55,58,10963,21967
2023-08-03 14:33:41,55,59,10963,21967
2023-08-03 14:33:41,56,59,10963,21967
2023-08-03 14:33:48,56,58,10963,21967
2023-08-03 14:33:54,55,58,10963,21967
2023-08-03 14:33:54,56,58,10963,21967
2023-08-03 14:34:01,54,58,10963,21967
2023-08-03 14:34:01,55,58,10963,21967
2023-08-03 14:34:25,56,58,10963,21967
2023-08-03 14:34:32,54,58,10963,21967
2023-08-03 14:34:32,55,58,10963,21967
2023-08-03 14:35:05,55,59,10963,21967
2023-08-03 14:35:12,55,58,10963,21967
2023-08-03 14:35:20,54,58,10963,21967
2023-08-03 14:35:27,55,58,10963,21967
2023-08-03 14:35:31,56,58,10963,21967
2023-08-03 14:35:34,57,58,10963,21967
2023-08-03 14:35:40,57,59,11063,22067
2023-08-03 14:35:40,57,60,11063,22067
2023-08-03 14:35:40,57,61,11063,22067
2023-08-03 14:35:42,59,61,11063,22067
2023-08-03 14:35:42,59,63,11063,22067
2023-08-03 14:35:42,59,62,11063,22067
2023-08-03 14:35:42,59,60,11063,22067
2023-08-03 14:35:42,59,62,11063,22067
2023-08-03 14:35:42,59,61,11063,22067
2023-08-03 14:35:56,59,63,11063,22067
2023-08-03 14:35:56,59,62,11063,22067
2023-08-03 14:36:00,60,62,11063,22067
2023-08-03 14:36:00,61,62,11063,22067
2023-08-03 14:36:00,61,64,11063,22067
2023-08-03 14:36:00,61,63,11063,22067
2023-08-03 14:36:01,63,64,11108,22112
2023-08-03 14:36:01,63,67,11108,22112
2023-08-03 14:36:01,63,66,11108,22112
2023-08-03 14:36:01,63,65,11108,22112
2023-08-03 14:36:10,64,65,11108,22112
2023-08-03 14:36:10,64,67,11108,22112
2023-08-03 14:36:10,64,66,11108,22112
2023-08-03 14:36:22,64,67,11153,22157
2023-08-03 14:36:22,64,66,11153,22157
2023-08-03 14:36:44,64,67,11153,22157
2023-08-03 14:36:44,65,67,11153,22157
2023-08-03 14:36:52,65,68,11153,22157
2023-08-03 14:36:52,66,68,11153,22157
2023-08-03 14:36:55,67,68,11153,22157
2023-08-03 14:36:59,67,69,11153,22157
2023-08-03 14:37:06,67,69,11198,22212
2023-08-03 14:37:30,65,69,11198,22212
2023-08-03 14:37:30,66,69,11198,22212
2023-08-03 14:37:37,66,68,11198,22212
2023-08-03 14:38:10,64,66,11108,22302
2023-08-03 14:38:10,63,66,11108,22302
2023-08-03 14:38:22,61,66,11108,22302
2023-08-03 14:38:22,62,66,11108,22302
2023-08-03 14:38:24,62,65,11108,22302
2023-08-03 14:38:29,61,65,11108,22302
2023-08-03 14:38:31,61,64,11108,22302
2023-08-03 14:39:01,61,64,11108,22352
2023-08-03 14:39:13,60,64,11108,22352
2023-08-03 14:39:14,60,63,11108,22352
2023-08-03 14:39:14,59,63,11108,22352
2023-08-03 14:39:18,60,63,11108,22352
2023-08-03 14:39:21,60,64,11108,22352
2023-08-03 14:39:25,61,64,11108,22352
2023-08-03 14:39:31,61,65,11108,22352
2023-08-03 14:39:53,62,65,11108,22352
2023-08-03 14:40:05,60,65,11108,22352
2023-08-03 14:40:09,61,64,11108,22352
2023-08-03 14:40:14,59,64,11108,22352
2023-08-03 14:40:14,60,64,11108,22352
2023-08-03 14:40:30,61,64,11108,22352
2023-08-03 14:40:59,60,64,11108,22352
2023-08-03 14:41:18,61,64,11108,22352
2023-08-03 14:41:18,61,65,11108,22352
2023-08-03 14:41:25,61,64,11108,22352
2023-08-03 14:41:28,59,64,11108,22352
2023-08-03 14:41:28,60,64,11108,22352
2023-08-03 14:41:30,60,63,11108,22352
2023-08-03 14:41:31,59,63,11108,22352
2023-08-03 14:41:42,59,62,11108,22352
2023-08-03 14:41:46,58,62,11108,22352
2023-08-03 14:41:47,58,61,11108,22352
2023-08-03 14:41:50,57,61,11108,22352
2023-08-03 14:41:51,57,60,11108,22352
2023-08-03 14:41:57,56,60,11108,22352
2023-08-03 14:42:00,56,59,11108,22352
2023-08-03 14:42:03,55,59,11108,22352
2023-08-03 14:42:07,55,58,11108,22352
2023-08-03 14:42:08,55,59,11108,22352
2023-08-03 14:42:11,55,58,11108,22352
2023-08-03 14:42:16,53,58,11108,22352
2023-08-03 14:42:16,54,58,11108,22352
2023-08-03 14:42:18,54,57,11108,22352
2023-08-03 14:42:51,54,57,11108,22402
2023-08-03 14:42:52,54,58,11108,22402
2023-08-03 14:42:55,53,58,11108,22402
2023-08-03 14:42:55,53,57,11108,22402
2023-08-03 14:43:00,52,57,11108,22402
2023-08-03 14:43:02,52,56,11108,22402
2023-08-03 14:43:08,51,56,11108,22402
2023-08-03 14:43:08,53,56,11108,22402
2023-08-03 14:43:12,54,56,11108,22402
2023-08-03 14:43:14,54,57,11108,22402
2023-08-03 14:43:14,54,58,11108,22402
2023-08-03 14:43:14,53,58,11108,22402
2023-08-03 14:43:16,53,57,11108,22402
2023-08-03 14:43:18,53,58,11108,22402
2023-08-03 14:43:27,54,58,11108,22402
2023-08-03 14:43:35,53,58,11108,22402
2023-08-03 14:43:35,53,57,11108,22402
2023-08-03 14:43:50,54,57,11108,22402
2023-08-03 14:43:50,54,58,11108,22402
2023-08-03 14:43:50,54,57,11108,22402
2023-08-03 14:43:50,54,58,11108,22402
2023-08-03 14:43:53,54,56,11108,22402
2023-08-03 14:43:54,54,57,11108,22402
2023-08-03 14:43:54,54,58,11108,22402
2023-08-03 14:43:56,54,57,11108,22402
2023-08-03 14:43:59,53,57,11108,22402
2023-08-03 14:43:59,55,57,11108,22402
2023-08-03 14:44:00,55,58,11108,22402
2023-08-03 14:44:02,54,58,11108,22402
2023-08-03 14:44:29,55,58,11108,22402
2023-08-03 14:44:30,54,58,11108,22402
2023-08-03 14:44:30,56,58,11108,22402
2023-08-03 14:44:34,55,58,11108,22402
2023-08-03 14:44:35,55,59,11108,22402
2023-08-03 14:44:35,55,60,11108,22402
2023-08-03 14:44:36,55,59,11108,22402
2023-08-03 14:44:42,55,60,11108,22402
2023-08-03 14:44:44,56,60,11108,22402
2023-08-03 14:44:52,55,60,11108,22402
2023-08-03 14:44:53,55,59,11108,22402
2023-08-03 14:44:57,54,59,11108,22402
2023-08-03 14:45:05,54,58,11108,22402
2023-08-03 14:45:21,54,57,11108,22402
2023-08-03 14:45:21,53,57,11108,22402
2023-08-03 14:45:22,53,56,11108,22402
2023-08-03 14:45:22,52,56,11108,22402
2023-08-03 14:45:35,51,56,11108,22402
2023-08-03 14:45:37,52,56,11108,22402
2023-08-03 14:45:39,53,56,11108,22402
2023-08-03 14:45:52,53,57,11108,22402
2023-08-03 14:46:05,52,57,11108,22402
2023-08-03 14:46:06,52,56,11108,22402
2023-08-03 14:46:07,52,55,11108,22402
2023-08-03 14:46:11,51,55,11108,22402
2023-08-03 14:46:53,50,55,11108,22402
2023-08-03 14:46:53,52,55,11108,22402
2023-08-03 14:46:58,52,56,11108,22402
2023-08-03 14:46:59,52,57,11108,22402
2023-08-03 14:46:59,53,57,11108,22402
2023-08-03 14:47:01,53,58,11108,22402
2023-08-03 14:47:01,54,58,11108,22402
2023-08-03 14:47:01,54,59,11108,22402
2023-08-03 14:47:01,54,58,11108,22402
2023-08-03 14:47:01,54,59,11108,22402
2023-08-03 14:47:12,55,59,11108,22402
2023-08-03 14:47:13,54,59,11108,22402
2023-08-03 14:47:13,56,59,11108,22402
2023-08-03 14:47:13,56,60,11108,22402
2023-08-03 14:47:13,56,59,11108,22402
2023-08-03 14:47:13,56,60,11108,22402
2023-08-03 14:47:14,57,60,11108,22402
2023-08-03 14:47:14,57,61,11108,22402
2023-08-03 14:47:29,58,61,11108,22402
2023-08-03 14:47:29,58,62,11108,22402
2023-08-03 14:47:45,56,62,11108,22402
2023-08-03 14:47:45,57,62,11108,22402
2023-08-03 14:47:45,57,61,11108,22402
2023-08-03 14:47:50,56,61,11108,22402
2023-08-03 14:47:51,56,60,11108,22402
2023-08-03 14:48:02,55,60,11108,22402
2023-08-03 14:48:02,57,61,11108,22402
2023-08-03 14:48:12,58,61,11108,22402
2023-08-03 14:48:12,58,62,11108,22402
2023-08-03 14:48:34,57,62,11108,22402
2023-08-03 14:48:42,58,62,11108,22402
2023-08-03 14:48:52,58,63,11108,22402
2023-08-03 14:48:52,59,63,11108,22402
2023-08-03 14:49:07,61,63,11108,22402
2023-08-03 14:49:07,61,65,11108,22402
2023-08-03 14:49:09,62,65,11108,22402
2023-08-03 14:49:09,62,66,11108,22402
2023-08-03 14:49:20,63,66,11108,22402
2023-08-03 14:49:23,63,67,11108,22402
2023-08-03 14:49:28,62,67,11108,22402
2023-08-03 14:49:47,63,66,11108,22402
2023-08-03 14:49:48,63,67,11108,22402
2023-08-03 14:49:50,65,67,11108,22402
2023-08-03 14:49:50,65,68,11108,22402
2023-08-03 14:49:52,64,68,11108,22402
2023-08-03 14:49:54,64,67,11108,22402
2023-08-03 14:49:57,63,67,11108,22402
2023-08-03 14:50:06,63,66,11108,22402
2023-08-03 14:50:07,62,66,11108,22402
2023-08-03 14:50:43,63,66,11108,22402
2023-08-03 14:50:43,63,67,11108,22402
2023-08-03 14:50:56,64,67,11108,22402
2023-08-03 14:51:01,64,68,11108,22402
2023-08-03 14:51:10,65,68,11108,22402
2023-08-03 14:51:12,66,68,11108,22402
2023-08-03 14:51:12,66,69,11108,22402
2023-08-03 14:51:19,65,69,11108,22402
2023-08-03 14:51:23,65,68,11108,22402
2023-08-03 14:51:39,64,68,11108,22402
2023-08-03 14:51:42,62,68,11108,22402
2023-08-03 14:51:42,62,69,11108,22402
2023-08-03 14:51:42,63,69,11108,22402
2023-08-03 14:51:42,63,67,11108,22402
2023-08-03 14:51:53,63,66,11108,22402
2023-08-03 14:51:53,62,66,11108,22402
2023-08-03 14:51:54,61,66,11108,22402
2023-08-03 14:51:54,61,65,11108,22402
2023-08-03 14:52:08,61,64,11108,22402
2023-08-03 14:52:09,59,64,11108,22402
2023-08-03 14:52:09,60,64,11108,22402
2023-08-03 14:52:18,61,64,11108,22402
2023-08-03 14:52:18,61,65,11108,22402
2023-08-03 14:52:19,60,65,11108,22402
2023-08-03 14:52:19,62,65,11108,22402
2023-08-03 14:52:31,61,66,11108,22402
2023-08-03 14:52:31,63,66,11108,22402
2023-08-03 14:52:34,63,67,11108,22402
2023-08-03 14:52:38,63,66,11108,22402
2023-08-03 14:52:43,62,66,11108,22402
2023-08-03 14:53:10,61,66,11108,22402
2023-08-03 14:53:18,61,66,11108,22402
2023-08-03 14:53:18,62,66,11108,22402
2023-08-03 14:53:24,61,66,11108,22402
2023-08-03 14:53:24,61,65,11108,22402
2023-08-03 14:53:35,61,64,11108,22402
2023-08-03 14:53:37,59,64,11108,22402
2023-08-03 14:53:37,60,64,11108,22402
2023-08-03 14:53:47,60,63,11108,22402
2023-08-03 14:53:47,59,63,11108,22402
2023-08-03 14:53:58,59,62,11108,22402
2023-08-03 14:53:58,58,62,11108,22402
2023-08-03 14:54:00,58,61,11108,22402
2023-08-03 14:54:00,57,61,11108,22402
2023-08-03 14:54:08,57,60,11108,22402
2023-08-03 14:54:10,56,60,11108,22402
2023-08-03 14:54:13,54,60,11108,22402
2023-08-03 14:54:13,55,60,11108,22402
2023-08-03 14:54:13,55,59,11108,22402
2023-08-03 14:54:15,55,60,11108,22402
2023-08-03 14:54:18,55,58,11108,22402
2023-08-03 14:54:20,53,58,11108,22402
2023-08-03 14:54:20,54,58,11108,22402
2023-08-03 14:54:47,53,58,11108,22402
2023-08-03 14:54:58,53,56,11108,22402
2023-08-03 14:54:58,52,56,11108,22402
2023-08-03 14:55:05,51,56,11108,22402
2023-08-03 14:55:12,52,56,11108,22402
2023-08-03 14:55:21,53,56,11108,22402
2023-08-03 14:55:29,53,57,11108,22402
2023-08-03 14:55:29,54,57,11108,22402
2023-08-03 14:55:29,54,58,11108,22402
2023-08-03 14:55:31,54,59,11108,22402
2023-08-03 14:55:31,55,59,11108,22402
2023-08-03 14:55:34,54,59,11108,22402
2023-08-03 14:55:36,55,59,11108,22402
2023-08-03 14:55:38,54,59,11108,22402
2023-08-03 14:55:38,56,60,11108,22402
2023-08-03 14:55:45,56,61,11108,22402
2023-08-03 14:55:45,57,61,11108,22402
2023-08-03 14:55:52,56,61,11108,22402
2023-08-03 14:56:01,56,60,11108,22402
2023-08-03 14:56:06,56,59,11108,22402
2023-08-03 14:56:06,55,59,11108,22402
2023-08-03 14:56:08,55,58,11108,22402
2023-08-03 14:56:08,54,58,11108,22402
2023-08-03 14:56:22,54,59,11108,22402
2023-08-03 14:56:22,55,59,11108,22402
2023-08-03 14:56:22,55,60,11108,22402
2023-08-03 14:56:22,55,59,11108,22402
2023-08-03 14:56:22,55,60,11108,22402
2023-08-03 14:56:25,56,60,11108,22402
2023-08-03 14:56:26,55,60,11108,22402
2023-08-03 14:56:26,57,60,11108,22402
2023-08-03 14:56:26,57,61,11108,22402
2023-08-03 14:56:32,58,61,11108,22402
2023-08-03 14:56:34,58,62,11108,22402
2023-08-03 14:56:41,57,62,11108,22402
2023-08-03 14:56:46,56,62,11108,22402
2023-08-03 14:56:46,58,62,11108,22402
2023-08-03 14:56:53,59,62,11108,22402
2023-08-03 14:56:57,59,63,11108,22402
2023-08-03 14:57:17,58,63,11108,22402
2023-08-03 14:57:18,58,62,11108,22402
2023-08-03 14:57:23,58,61,11108,22402
2023-08-03 14:57:23,55,61,11108,22402
2023-08-03 14:57:23,57,61,11108,22402
2023-08-03 14:57:27,59,61,11108,22402
2023-08-03 14:57:49,59,60,11108,22402
2023-08-03 14:57:59,55,59,11108,22513
2023-08-03 14:58:00,55,60,11108,22513
2023-08-03 14:58:04,52,60,11108,22513
2023-08-03 14:58:04,54,60,11108,22513
2023-08-03 14:58:04,54,59,11108,22513
2023-08-03 14:58:10,53,59,11108,22513
2023-08-03 14:58:10,55,59,11108,22513
2023-08-03 14:58:10,55,60,11108,22513
2023-08-03 14:58:11,57,60,11108,22513
2023-08-03 14:58:19,57,59,11108,22513
2023-08-03 14:58:21,57,60,11108,22513
2023-08-03 14:58:54,55,60,11108,22513
2023-08-03 14:59:16,57,60,11108,22513
2023-08-03 14:59:16,57,61,11108,22513
2023-08-03 14:59:16,57,60,11108,22513
2023-08-03 14:59:16,57,61,11108,22513
2023-08-03 14:59:18,57,62,11108,22513
2023-08-03 14:59:19,58,62,11108,22513
2023-08-03 14:59:19,58,63,11108,22513
2023-08-03 14:59:19,58,62,11108,22513
2023-08-03 14:59:19,58,63,11108,22513
2023-08-03 14:59:28,58,62,11108,22513
2023-08-03 14:59:31,58,63,11108,22513
2023-08-03 14:59:32,56,63,11108,22513
2023-08-03 14:59:32,59,64,11108,22513
2023-08-03 14:59:32,59,63,11108,22513
2023-08-03 14:59:32,59,64,11108,22513
2023-08-03 14:59:33,58,64,11108,22513
2023-08-03 14:59:38,58,64,11108,22513
2023-08-03 14:59:45,59,63,11108,22513
2023-08-03 14:59:48,58,63,11108,22513
2023-08-03 14:59:57,57,63,11108,22513
2023-08-03 14:59:57,57,62,11108,22513
2023-08-03 15:00:00,57,61,11108,22513
2023-08-03 15:00:02,56,61,11108,22513
2023-08-03 15:00:24,56,60,11108,22513
2023-08-03 15:00:27,58,60,11108,22513
2023-08-03 15:00:30,58,61,11108,22513
2023-08-03 15:00:38,58,60,11108,22513
2023-08-03 15:00:40,58,61,11108,22513
2023-08-03 15:00:41,58,60,11108,22513
2023-08-03 15:00:49,58,60,11124,22529
2023-08-03 15:00:49,58,61,11124,22529
2023-08-03 15:00:51,58,61,11124,22529
2023-08-03 15:00:52,58,62,11124,22529
2023-08-03 15:00:52,58,61,11124,22529
2023-08-03 15:00:53,58,62,11124,22529
2023-08-03 15:00:56,58,63,11124,22529
2023-08-03 15:00:56,58,62,11124,22529
2023-08-03 15:00:56,58,63,11124,22529
2023-08-03 15:01:00,59,63,11124,22529
2023-08-03 15:01:02,59,64,11124,22529
2023-08-03 15:01:02,59,63,11124,22529
2023-08-03 15:01:02,59,64,11124,22529
2023-08-03 15:01:30,59,63,11124,22529
2023-08-03 15:01:30,56,63,11124,22529
2023-08-03 15:01:30,58,63,11124,22529
2023-08-03 15:01:37,59,63,11124,22529
2023-08-03 15:01:38,59,64,11124,22529
2023-08-03 15:01:38,58,64,11124,22529
2023-08-03 15:01:38,61,64,11124,22529
2023-08-03 15:01:41,60,64,11124,22529
2023-08-03 15:01:41,62,64,11124,22529
2023-08-03 15:01:48,63,64,11124,22529
2023-08-03 15:02:03,62,64,11124,22529
2023-08-03 15:02:12,61,64,11124,22529
2023-08-03 15:02:18,60,64,11124,22529
2023-08-03 15:02:31,61,64,11124,22529
2023-08-03 15:02:32,62,64,11124,22529
2023-08-03 15:02:34,61,64,11124,22529
2023-08-03 15:02:43,60,64,11124,22529
2023-08-03 15:03:08,61,64,11124,22529
2023-08-03 15:03:09,62,64,11124,22529
2023-08-03 15:03:20,60,64,11124,22529
2023-08-03 15:03:20,61,64,11124,22529
2023-08-03 15:03:23,60,64,11124,22529
2023-08-03 15:03:38,59,64,11124,22529
2023-08-03 15:03:39,58,64,11124,22529
2023-08-03 15:03:41,57,64,11124,22529
2023-08-03 15:03:43,57,63,11124,22529
2023-08-03 15:03:47,57,67,11309,22832
2023-08-03 15:03:47,57,63,11309,22832
2023-08-03 15:03:47,58,63,11309,22832
2023-08-03 15:03:48,60,63,11309,22832
2023-08-03 15:03:51,60,62,11309,22832
2023-08-03 15:03:57,60,63,11309,22832
2023-08-03 15:04:00,58,62,11309,22832
2023-08-03 15:04:01,58,63,11309,22832
2023-08-03 15:04:01,59,63,11309,22832
2023-08-03 15:04:03,58,63,11309,22832
2023-08-03 15:04:03,58,62,11309,22832
2023-08-03 15:04:05,58,63,11309,22832
2023-08-03 15:04:05,59,63,11309,22832
2023-08-03 15:04:07,60,63,11309,22832
2023-08-03 15:04:09,60,64,11309,22832
2023-08-03 15:04:09,60,63,11309,22832
2023-08-03 15:04:09,60,64,11309,22832
2023-08-03 15:04:14,60,65,11309,22832
2023-08-03 15:04:14,60,64,11309,22832
2023-08-03 15:04:14,61,64,11309,22832
2023-08-03 15:04:14,61,65,11309,22832
2023-08-03 15:04:20,61,64,11309,22832
2023-08-03 15:04:54,61,63,11309,22832
2023-08-03 15:05:01,61,64,11309,22832
2023-08-03 15:05:01,61,63,11309,22832
2023-08-03 15:05:01,61,64,11309,22832
2023-08-03 15:05:02,61,68,11309,22832
2023-08-03 15:05:02,61,64,11309,22832
2023-08-03 15:05:04,60,64,11309,22832
2023-08-03 15:05:04,62,64,11309,22832
2023-08-03 15:05:09,62,65,11309,22832
2023-08-03 15:05:10,63,65,11309,22832
2023-08-03 15:05:10,63,67,11309,22832
2023-08-03 15:05:10,63,66,11309,22832
2023-08-03 15:05:10,64,66,11309,22832
2023-08-03 15:05:12,64,68,11309,22832
2023-08-03 15:05:12,65,68,11309,22832
2023-08-03 15:05:26,66,68,11309,22832
2023-08-03 15:05:27,66,68,11309,22850
2023-08-03 15:05:28,65,68,11282,22877
2023-08-03 15:05:28,65,68,11282,22918
2023-08-03 15:05:29,66,68,11282,22918
2023-08-03 15:05:32,67,68,11282,22918
2023-08-03 15:05:38,68,71,11282,22984
2023-08-03 15:05:38,68,72,11282,22984
2023-08-03 15:05:39,67,72,11282,22984
2023-08-03 15:05:41,68,72,11282,22984
2023-08-03 15:05:42,69,72,11282,22984
2023-08-03 15:05:42,69,73,11282,22984
2023-08-03 15:05:44,71,73,11282,22984
2023-08-03 15:05:44,71,78,11282,22984
2023-08-03 15:05:45,70,75,11282,22984
2023-08-03 15:05:48,70,74,11282,22984
2023-08-03 15:05:54,71,74,11282,22984
2023-08-03 15:05:54,71,78,11282,22984
2023-08-03 15:06:06,70,75,11282,22984
2023-08-03 15:06:12,70,76,11282,22984
2023-08-03 15:06:12,70,74,11282,22984
2023-08-03 15:06:15,71,74,11282,22984
2023-08-03 15:06:15,71,76,11282,22984
2023-08-03 15:06:17,72,75,11282,22984
2023-08-03 15:06:17,72,76,11282,22984
2023-08-03 15:06:21,71,76,11282,22984
2023-08-03 15:06:21,71,77,11282,22984
2023-08-03 15:06:22,71,75,11282,23007
2023-08-03 15:06:22,73,75,11282,23007
2023-08-03 15:06:22,73,77,11282,23007
2023-08-03 15:06:22,73,76,11282,23007
2023-08-03 15:06:26,72,76,11282,23007
2023-08-03 15:06:26,74,76,11282,23007
2023-08-03 15:06:28,74,77,11282,23007
2023-08-03 15:06:38,73,77,11282,23007
2023-08-03 15:06:38,75,77,11282,23007
2023-08-03 15:06:41,75,79,11282,23007
2023-08-03 15:06:45,75,77,11282,23007
2023-08-03 15:06:45,74,77,11282,23007
2023-08-03 15:06:47,74,76,11282,23007
2023-08-03 15:06:49,74,77,11282,23007
2023-08-03 15:06:55,73,77,11282,23007
2023-08-03 15:06:55,73,78,11282,23007
2023-08-03 15:06:55,75,78,11282,23007
2023-08-03 15:07:02,73,78,11282,23007
2023-08-03 15:07:02,73,77,11282,23007
2023-08-03 15:07:02,74,77,11282,23007
2023-08-03 15:07:03,74,76,11282,23007
2023-08-03 15:07:03,71,76,11282,23007
2023-08-03 15:07:03,73,76,11282,23007
2023-08-03 15:07:09,71,76,11282,23007
2023-08-03 15:07:09,71,77,11282,23007
2023-08-03 15:07:09,71,76,11282,23007
2023-08-03 15:07:09,74,76,11282,23007
2023-08-03 15:07:09,74,77,11282,23007
2023-08-03 15:07:17,74,78,11282,23007
2023-08-03 15:07:22,74,77,11282,23007
2023-08-03 15:07:26,73,77,11282,23007
2023-08-03 15:07:26,73,78,11282,23007
2023-08-03 15:07:26,73,77,11282,23007
2023-08-03 15:07:26,75,77,11282,23007
2023-08-03 15:07:26,75,78,11282,23007
2023-08-03 15:07:29,73,78,11259,23030
2023-08-03 15:07:46,73,78,11284,23055
2023-08-03 15:08:01,73,77,11284,23055
2023-08-03 15:08:05,74,77,11284,23055
2023-08-03 15:08:05,74,77,11284,23055
2023-08-03 15:08:05,74,78,11284,23055
2023-08-03 15:08:08,75,78,11284,23055
2023-08-03 15:08:09,75,79,11284,23055
2023-08-03 15:08:11,76,79,11284,23055
2023-08-03 15:08:12,76,80,11284,23055
2023-08-03 15:08:13,77,80,11284,23055
2023-08-03 15:08:15,77,81,11284,23055
2023-08-03 15:08:19,76,81,11284,23055
2023-08-03 15:08:20,76,80,11284,23055
2023-08-03 15:08:23,76,81,11284,23055
2023-08-03 15:08:26,78,81,11284,23055
2023-08-03 15:08:26,78,82,11284,23055
2023-08-03 15:08:29,78,81,11284,23055
2023-08-03 15:08:30,79,81,11284,23055
2023-08-03 15:08:32,80,81,11284,23055
2023-08-03 15:08:37,80,81,11329,23115
2023-08-03 15:08:37,80,81,11346,23175
2023-08-03 15:08:39,80,82,11346,23175
2023-08-03 15:08:49,79,82,11346,23175
2023-08-03 15:08:50,79,81,11346,23175
2023-08-03 15:09:09,78,81,11346,23175
2023-08-03 15:09:12,78,80,11346,23175
2023-08-03 15:09:21,78,82,11346,23175
2023-08-03 15:09:21,78,81,11346,23175
2023-08-03 15:09:22,79,81,11346,23175
2023-08-03 15:09:32,78,81,11346,23175
2023-08-03 15:09:42,78,82,11346,23175
2023-08-03 15:09:42,78,80,11346,23175
2023-08-03 15:09:44,77,80,11346,23175
2023-08-03 15:09:51,77,81,11346,23175
2023-08-03 15:09:51,77,79,11346,23175
2023-08-03 15:09:55,76,79,11346,23175
2023-08-03 15:09:56,77,79,11346,23175
2023-08-03 15:09:59,76,79,11346,23175
2023-08-03 15:10:04,77,79,11346,23175
2023-08-03 15:10:08,77,81,11346,23175
2023-08-03 15:10:08,77,80,11346,23175
2023-08-03 15:10:14,77,81,11346,23175
2023-08-03 15:10:14,77,79,11346,23175
2023-08-03 15:10:15,76,79,11346,23175
2023-08-03 15:10:26,77,79,11346,23175
2023-08-03 15:10:27,78,79,11346,23175
2023-08-03 15:10:27,78,81,11346,23175
2023-08-03 15:10:27,78,82,11346,23175
2023-08-03 15:10:27,78,80,11346,23175
2023-08-03 15:10:35,78,82,11346,23175
2023-08-03 15:10:35,78,81,11346,23175
2023-08-03 15:10:39,79,81,11346,23175
2023-08-03 15:10:41,78,81,11346,23175
2023-08-03 15:10:45,79,81,11346,23175
2023-08-03 15:10:51,80,81,11346,23175
2023-08-03 15:10:51,80,82,11346,23175
2023-08-03 15:10:55,79,82,11346,23175
2023-08-03 15:11:02,80,82,11346,23175
2023-08-03 15:11:06,81,82,11346,23175
2023-08-03 15:11:06,81,84,11346,23175
2023-08-03 15:11:06,81,83,11346,23175
2023-08-03 15:11:24,82,83,11346,23175
2023-08-03 15:11:24,82,84,11346,23175
2023-08-03 15:11:26,82,84,11472,23301
2023-08-03 15:11:49,81,84,11472,23301
2023-08-03 15:12:01,82,84,11472,23301
2023-08-03 15:12:17,81,84,11472,23301
2023-08-03 15:12:22,82,84,11472,23301
2023-08-03 15:12:33,81,84,11472,23301
2023-08-03 15:12:59,81,83,11472,23301
2023-08-03 15:13:00,81,84,11472,23301
2023-08-03 15:13:01,81,83,11472,23301
2023-08-03 15:13:06,81,84,11472,23301
2023-08-03 15:13:08,81,83,11472,23301
2023-08-03 15:13:19,81,84,11472,23301
2023-08-03 15:13:20,81,83,11472,23301
2023-08-03 15:13:35,80,83,11472,23301
2023-08-03 15:13:35,80,83,11672,23501
2023-08-03 15:13:36,80,82,11672,23501
2023-08-03 15:13:37,79,82,11672,23501
2023-08-03 15:14:01,79,80,11672,23501
2023-08-03 15:14:01,78,80,11672,23501
2023-08-03 15:14:03,76,80,11672,23501
2023-08-03 15:14:03,77,80,11672,23501
2023-08-03 15:14:08,78,80,11672,23501
2023-08-03 15:14:23,77,80,11672,23501
2023-08-03 15:14:29,77,79,11672,23501
2023-08-03 15:14:34,77,80,11672,23501
2023-08-03 15:14:47,78,80,11672,23501
2023-08-03 15:14:56,79,80,11672,23501
2023-08-03 15:14:57,78,80,11672,23501
2023-08-03 15:14:57,79,80,11672,23501
2023-08-03 15:15:01,78,80,11672,23501
2023-08-03 15:15:09,77,80,11672,23501
2023-08-03 15:15:17,78,80,11672,23501
2023-08-03 15:15:36,77,80,11672,23501
2023-08-03 15:15:40,77,79,11672,23501
2023-08-03 15:15:40,76,79,11672,23501
2023-08-03 15:15:44,76,80,11672,23501
2023-08-03 15:15:44,77,80,11672,23501
2023-08-03 15:16:04,76,80,11672,23501
2023-08-03 15:16:05,76,79,11672,23501
2023-08-03 15:16:16,76,80,11672,23501
2023-08-03 15:16:16,77,80,11672,23501
2023-08-03 15:16:24,78,80,11672,23501
2023-08-03 15:16:26,77,80,11672,23501
2023-08-03 15:16:27,76,80,11672,23501
2023-08-03 15:16:36,77,80,11672,23501
2023-08-03 15:16:38,76,80,11672,23501
2023-08-03 15:16:42,77,80,11672,23501
2023-08-03 15:16:47,78,80,11672,23501
2023-08-03 15:16:48,77,80,11672,23501
2023-08-03 15:16:50,78,80,11672,23501
2023-08-03 15:16:51,77,80,11672,23501
2023-08-03 15:16:59,76,80,11672,23501
2023-08-03 15:17:01,76,79,11672,23501
2023-08-03 15:17:06,76,80,11672,23501
2023-08-03 15:17:08,77,80,11672,23501
2023-08-03 15:17:11,78,80,11672,23501
2023-08-03 15:17:37,79,80,11672,23501
2023-08-03 15:17:38,79,81,11672,23501
2023-08-03 15:18:08,80,81,11672,23501
2023-08-03 15:18:10,79,81,11672,23501
2023-08-03 15:18:10,78,81,11672,23501
2023-08-03 15:18:13,78,80,11672,23501
2023-08-03 15:18:54,79,80,11672,23501
2023-08-03 15:18:55,80,82,11672,23546
2023-08-03 15:19:02,79,82,11672,23546
2023-08-03 15:19:11,80,82,11672,23546
2023-08-03 15:19:24,81,82,11672,23546
2023-08-03 15:19:25,81,83,11672,23546
2023-08-03 15:19:25,81,84,11672,23546
2023-08-03 15:19:30,82,84,11672,23546
2023-08-03 15:19:34,82,84,11672,23555
2023-08-03 15:19:47,83,84,11672,23555
2023-08-03 15:19:52,83,85,11672,23555
2023-08-03 15:19:56,83,84,11672,23555
2023-08-03 15:19:56,83,85,11672,23555
2023-08-03 15:20:05,84,85,11672,23555
2023-08-03 15:20:10,84,85,11702,23585
2023-08-03 15:20:11,83,85,11702,23585
2023-08-03 15:20:28,84,85,11702,23585
2023-08-03 15:20:29,84,86,11702,23585
2023-08-03 15:21:11,85,86,11702,23585
2023-08-03 15:21:29,85,87,11702,23585
2023-08-03 15:21:58,86,87,11702,23585
2023-08-03 15:22:43,86,88,11702,23585
2023-08-03 15:24:07,87,88,11702,23585
2023-08-03 15:24:33,86,88,11702,23585
2023-08-03 15:25:08,86,89,11702,23585
2023-08-03 15:25:08,87,89,11702,23585
2023-08-03 15:25:09,86,89,11702,23585
2023-08-03 15:25:14,86,88,11702,23585
2023-08-03 15:25:15,85,88,11702,23585
2023-08-03 15:25:25,86,88,11702,23585
2023-08-03 15:25:34,86,89,11702,23585
2023-08-03 15:25:35,87,89,11702,23585
2023-08-03 15:25:36,86,89,11702,23585
2023-08-03 15:25:37,87,89,11702,23585
2023-08-03 15:25:45,86,89,11702,23585
2023-08-03 15:26:00,87,89,11702,23585
2023-08-03 15:26:16,86,89,11702,23585
2023-08-03 15:26:19,85,89,11702,23585
2023-08-03 15:26:23,86,89,11702,23585
2023-08-03 15:26:41,87,89,11702,23585
2023-08-03 15:26:56,86,89,11702,23585
2023-08-03 15:27:05,87,89,11702,23585
2023-08-03 15:27:11,87,90,11702,23585
2023-08-03 15:27:11,88,90,11702,23585
2023-08-03 15:27:21,87,90,11702,23585
2023-08-03 15:27:29,86,90,11702,23585
2023-08-03 15:27:29,86,89,11702,23585
2023-08-03 15:27:45,85,89,11702,23585
2023-08-03 15:27:48,86,89,11702,23585
2023-08-03 15:27:50,85,89,11702,23585
2023-08-03 15:27:51,86,89,11702,23585
2023-08-03 15:27:59,87,89,11702,23585
2023-08-03 15:28:00,87,90,11702,23585
2023-08-03 15:28:02,88,90,11702,23585
2023-08-03 15:28:12,89,90,11702,23585
2023-08-03 15:28:21,89,91,11702,23585
2023-08-03 15:28:46,88,91,11702,23585
2023-08-03 15:28:50,87,91,11702,23585
2023-08-03 15:28:53,88,91,11702,23585
2023-08-03 15:28:55,89,91,11702,23585
2023-08-03 15:29:11,90,91,11702,23585
2023-08-03 15:29:30,89,91,11702,23585
2023-08-03 15:30:05,88,91,11702,23585
2023-08-03 15:30:30,88,90,11702,23585
2023-08-03 15:30:36,88,91,11702,23585
2023-08-03 15:30:36,88,90,11702,23585
2023-08-03 15:30:37,89,90,11702,23585
2023-08-03 15:30:37,89,91,11702,23585
2023-08-03 15:30:39,89,91,11813,23696
2023-08-03 15:30:50,88,91,11813,23696
2023-08-03 15:30:53,88,90,11813,23696
2023-08-03 15:31:01,86,90,11813,23696
2023-08-03 15:31:01,87,90,11813,23696
2023-08-03 15:31:04,87,89,11813,23696
2023-08-03 15:31:08,87,90,11813,23696
2023-08-03 15:31:12,86,90,11813,23696
2023-08-03 15:31:12,88,90,11813,23696
2023-08-03 15:31:19,86,90,11813,23696
2023-08-03 15:31:19,87,90,11813,23696
2023-08-03 15:31:27,87,88,11813,23696
2023-08-03 15:31:27,85,88,11813,23696
2023-08-03 15:31:27,86,88,11813,23696
2023-08-03 15:31:28,86,87,11813,23696
2023-08-03 15:31:28,84,87,11813,23696
2023-08-03 15:31:28,85,87,11813,23696
2023-08-03 15:31:30,85,86,11813,23696
2023-08-03 15:31:30,84,86,11813,23696
2023-08-03 15:31:31,84,87,11813,23696
2023-08-03 15:31:31,84,87,11813,23705
2023-08-03 15:31:32,84,86,11813,23705
2023-08-03 15:31:36,84,87,11813,23705
2023-08-03 15:31:37,81,87,11813,23705
2023-08-03 15:31:45,84,87,11813,23705
2023-08-03 15:31:49,85,87,11813,23705
2023-08-03 15:32:10,84,87,11813,23705
2023-08-03 15:32:12,84,86,11813,23705
2023-08-03 15:32:23,83,86,11813,23705
2023-08-03 15:32:37,83,85,11813,23705
2023-08-03 15:32:41,83,86,11813,23705
2023-08-03 15:32:53,83,87,11813,23705
2023-08-03 15:32:53,81,87,11813,23705
2023-08-03 15:33:05,84,88,11813,23705
2023-08-03 15:33:05,85,88,11813,23705
2023-08-03 15:33:08,86,88,11813,23705
2023-08-03 15:33:08,87,88,11813,23705
2023-08-03 15:33:08,87,90,11813,23705
2023-08-03 15:33:08,87,91,11813,23705
2023-08-03 15:33:08,87,89,11813,23705
2023-08-03 15:33:13,86,89,11813,23705
2023-08-03 15:33:15,87,89,11813,23705
2023-08-03 15:33:17,86,89,11813,23705
2023-08-03 15:33:20,88,89,11813,23705
2023-08-03 15:33:20,88,91,11813,23705
2023-08-03 15:33:20,88,90,11813,23705
2023-08-03 15:33:21,89,90,11813,23705
2023-08-03 15:33:26,88,90,11813,23705
2023-08-03 15:33:31,89,90,11813,23705
2023-08-03 15:33:32,88,90,11813,23705
2023-08-03 15:33:40,87,90,11813,23705
2023-08-03 15:33:44,88,90,11813,23705
2023-08-03 15:33:46,87,90,11813,23705
2023-08-03 15:33:55,87,91,11813,23705
2023-08-03 15:33:55,87,89,11813,23705
2023-08-03 15:34:00,88,89,11813,23705
2023-08-03 15:34:00,88,91,11813,23705
2023-08-03 15:34:00,88,90,11813,23705
2023-08-03 15:34:02,87,90,11813,23705
2023-08-03 15:34:05,86,90,11813,23705
2023-08-03 15:34:05,86,89,11813,23705
2023-08-03 15:34:18,87,89,11813,23705
2023-08-03 15:34:19,86,89,11813,23705
2023-08-03 15:34:38,85,89,11813,23705
2023-08-03 15:34:42,85,88,11813,23705
2023-08-03 15:34:47,86,88,11813,23705
2023-08-03 15:34:47,86,90,11813,23705
2023-08-03 15:34:47,86,89,11813,23705
2023-08-03 15:35:00,87,89,11813,23705
2023-08-03 15:35:01,86,89,11813,23705
2023-08-03 15:35:06,86,90,11813,23705
2023-08-03 15:35:06,85,90,11813,23705
2023-08-03 15:35:06,85,89,11813,23705
2023-08-03 15:35:06,85,88,11813,23705
2023-08-03 15:35:11,84,88,11813,23705
2023-08-03 15:35:13,85,88,11813,23705
2023-08-03 15:35:17,84,88,11813,23705
2023-08-03 15:35:24,85,88,11813,23705
2023-08-03 15:35:36,85,90,11813,23705
2023-08-03 15:35:36,85,89,11813,23705
2023-08-03 15:35:39,85,90,11813,23705
2023-08-03 15:35:39,85,88,11813,23705
2023-08-03 15:36:12,85,90,11813,23705
2023-08-03 15:36:12,85,89,11813,23705
2023-08-03 15:36:19,85,90,11813,23705
2023-08-03 15:36:19,85,88,11813,23705
2023-08-03 15:36:24,84,88,11813,23705
2023-08-03 15:36:29,85,88,11813,23705
2023-08-03 15:36:32,86,88,11813,23705
2023-08-03 15:36:32,86,90,11813,23705
2023-08-03 15:36:32,86,91,11813,23705
2023-08-03 15:36:32,86,89,11813,23705
2023-08-03 15:36:48,85,89,11813,23705
2023-08-03 15:36:50,85,90,11813,23705
2023-08-03 15:36:50,85,88,11813,23705
2023-08-03 15:37:01,85,90,11813,23705
2023-08-03 15:37:01,85,89,11813,23705
2023-08-03 15:37:02,86,89,11813,23705
2023-08-03 15:37:03,87,89,11813,23705
2023-08-03 15:37:03,87,91,11813,23705
2023-08-03 15:37:03,87,90,11813,23705
2023-08-03 15:37:04,88,90,11813,23705
2023-08-03 15:37:08,88,91,11813,23705
2023-08-03 15:37:11,89,91,11813,23705
2023-08-03 15:37:14,90,91,11813,23705
2023-08-03 15:37:26,91,92,11924,23816
2023-08-03 15:37:36,92,93,11924,23825
2023-08-03 15:37:36,92,94,11924,23825
2023-08-03 15:37:41,93,94,11924,23825
2023-08-03 15:37:41,93,94,12090,23991
2023-08-03 15:37:43,92,93,12124,24025
2023-08-03 15:37:49,92,93,12127,24028
2023-08-03 15:37:50,92,93,12130,24031
2023-08-03 15:37:51,92,93,12133,24034
2023-08-03 15:37:52,92,93,12136,24037
2023-08-03 15:37:53,92,93,12139,24040
2023-08-03 15:37:54,93,94,12293,24194
2023-08-03 15:37:55,92,94,12293,24194
2023-08-03 15:37:55,93,94,12293,24194
2023-08-03 15:38:10,92,94,12293,24194
2023-08-03 15:38:10,91,94,12293,24194
2023-08-03 15:38:24,91,93,12293,24194
2023-08-03 15:38:31,92,93,12293,24194
2023-08-03 15:38:31,92,94,12293,24194
2023-08-03 15:38:31,92,94,12293,24394
2023-08-03 15:38:34,93,94,12293,24394
2023-08-03 15:40:11,93,95,12293,24394
2023-08-03 15:40:11,94,95,12293,24394
2023-08-03 15:40:13,94,95,12338,24439
2023-08-03 15:40:29,93,95,12538,24639
2023-08-03 15:40:38,94,95,12538,24639
2023-08-03 15:41:11,94,96,12538,24639
2023-08-03 15:42:36,94,95,12538,24639
2023-08-03 15:42:55,94,96,12538,24639
2023-08-03 15:43:19,93,96,12538,24639
2023-08-03 15:43:24,94,96,12538,24639
2023-08-03 15:43:31,93,96,12538,24639
2023-08-03 15:43:51,94,96,12538,24639
2023-08-03 15:43:56,95,96,12538,24639
2023-08-03 15:44:02,95,97,12538,24639
2023-08-03 15:46:58,96,97,12538,24639
2023-08-03 15:47:57,96,98,12538,24839
2023-08-03 15:47:58,95,98,12538,24839
2023-08-03 15:47:58,95,97,12538,24839
2023-08-03 15:48:02,95,98,12538,24839
2023-08-03 15:48:05,95,97,12538,24839
2023-08-03 15:48:10,95,98,12538,24839
2023-08-03 15:48:16,96,98,12538,24839
2023-08-03 15:48:23,95,98,12538,24839
2023-08-03 15:48:25,95,97,12538,24839
2023-08-03 15:48:27,95,98,12538,24839
2023-08-03 15:48:30,96,98,12538,24839
2023-08-03 15:50:00,95,98,12538,24839
2023-08-03 15:50:00,93,96,12538,24839
2023-08-03 15:50:01,94,96,12538,24839
2023-08-03 15:50:02,95,96,12538,24839
2023-08-03 15:50:03,95,98,12538,24839
2023-08-03 15:50:03,96,98,12538,24839
2023-08-03 15:50:10,95,98,12538,24839
2023-08-03 15:50:11,95,97,12538,24839
2023-08-03 15:50:22,95,96,12538,24839
2023-08-03 15:50:24,95,97,12538,24839
2023-08-03 15:50:31,95,98,12538,24839
2023-08-03 15:50:32,95,97,12538,24839
2023-08-03 15:50:33,95,98,12538,24839
2023-08-03 15:50:36,96,98,12538,24839
2023-08-03 15:50:54,96,99,12538,25039
2023-08-03 15:51:00,97,99,12538,25039
2023-08-03 15:51:04,97,100,12538,25039
2023-08-03 15:51:09,97,99,12538,25039
2023-08-03 15:51:10,97,100,12538,25039
2023-08-03 15:51:28,97,99,12538,25039
2023-08-03 15:51:31,96,99,12538,25039
2023-08-03 15:51:35,97,99,12538,25039
2023-08-03 15:51:37,96,99,12538,25039
2023-08-03 15:51:43,96,99,12538,25439
2023-08-03 15:51:51,97,99,12538,25439
2023-08-03 15:51:53,96,99,12538,25439
2023-08-03 15:51:54,97,99,12538,25439
2023-08-03 15:51:57,97,100,12538,25439
2023-08-03 15:52:12,97,99,12538,25439
2023-08-03 15:52:18,97,100,12838,25739
2023-08-03 15:52:41,97,99,12838,25739
2023-08-03 15:52:42,97,99,12838,25739
2023-08-03 15:52:45,97,100,12838,25739
2023-08-03 15:52:46,99,100,12838,25739
2023-08-03 15:52:53,96,100,12838,25939
2023-08-03 15:52:54,97,100,12838,25939
2023-08-03 15:52:56,96,100,12838,25939
2023-08-03 15:52:57,96,99,12838,25939
2023-08-03 15:53:37,96,100,12838,26139
2023-08-03 15:53:39,95,100,12838,26139
2023-08-03 15:53:48,94,100,12838,26139
2023-08-03 15:53:51,94,99,12838,26139
2023-08-03 15:53:54,95,99,12838,26139
2023-08-03 15:54:02,95,98,12838,26139
2023-08-03 15:54:03,92,98,12838,26139
2023-08-03 15:54:03,94,98,12838,26139
2023-08-03 15:54:05,92,98,12838,26139
2023-08-03 15:54:05,95,98,12838,26139
2023-08-03 15:54:06,95,99,12838,26139
2023-08-03 15:54:17,94,99,12838,26139
2023-08-03 15:54:17,94,98,12838,26139
2023-08-03 15:54:50,95,98,12838,26139
2023-08-03 15:54:50,95,99,12838,26139
2023-08-03 15:54:55,91,99,12838,26139
2023-08-03 15:54:55,96,99,12838,26139
2023-08-03 15:55:03,96,100,13838,27559
2023-08-03 15:55:04,96,99,13838,27559
2023-08-03 15:55:04,92,99,13838,27559
2023-08-03 15:55:05,92,100,13838,27559
2023-08-03 15:55:07,91,100,13838,27559
2023-08-03 15:55:07,94,100,13838,27559
2023-08-03 15:55:24,95,100,13838,27559
2023-08-03 15:55:26,94,100,13838,27559
2023-08-03 15:55:27,95,100,13838,27559
2023-08-03 15:55:43,94,100,13838,27559
2023-08-03 15:55:44,95,100,13838,27559
2023-08-03 15:55:48,94,100,13838,27559
2023-08-03 15:56:15,90,100,13838,27559
2023-08-03 15:56:15,92,100,13838,27559
2023-08-03 15:56:43,90,100,13838,27559
2023-08-03 15:56:49,91,100,13838,27559
2023-08-03 15:57:04,93,100,13838,27559
2023-08-03 15:57:08,91,100,13838,27559
2023-08-03 15:57:15,93,100,13838,27559
2023-08-03 15:57:19,91,100,13838,27559
2023-08-03 15:57:23,91,99,13838,27559
2023-08-03 15:57:41,95,99,13838,27559
2023-08-03 15:57:47,91,99,13838,27559
2023-08-03 15:57:47,96,99,13838,27559
2023-08-03 15:58:01,91,99,13838,27559
2023-08-03 15:58:01,95,99,13838,27559
2023-08-03 15:58:08,96,99,13838,27559
2023-08-03 15:58:26,97,99,13838,27559
2023-08-03 15:58:35,97,100,13838,27759
2023-08-03 15:59:42,98,100,13838,27759
2023-08-03 15:59:47,99,100,13838,27759
