datetime,bid,ask,open_interest,volume
2023-06-28 09:30:04,10,15,223,390
2023-06-28 09:30:21,12,15,223,390
2023-06-28 09:30:21,12,14,223,390
2023-06-28 09:30:38,12,43,223,390
2023-06-28 09:30:38,12,42,223,390
2023-06-28 09:30:38,12,17,223,390
2023-06-28 09:30:38,13,17,223,390
2023-06-28 09:30:38,13,16,223,390
2023-06-28 09:30:42,12,16,573,740
2023-06-28 09:30:42,13,16,573,740
2023-06-28 09:30:46,14,16,573,740
2023-06-28 09:30:46,13,16,673,840
2023-06-28 09:30:58,12,16,673,840
2023-06-28 09:31:00,12,15,673,840
2023-06-28 09:31:07,12,13,673,840
2023-06-28 09:31:15,11,13,673,840
2023-06-28 09:31:26,11,12,673,840
2023-06-28 09:31:32,10,12,698,865
2023-06-28 09:31:44,11,12,698,865
2023-06-28 09:31:47,11,13,673,890
2023-06-28 09:31:55,10,13,673,890
2023-06-28 09:32:08,11,13,673,890
2023-06-28 09:32:12,12,13,673,890
2023-06-28 09:32:27,13,15,698,929
2023-06-28 09:32:28,12,15,698,929
2023-06-28 09:32:30,13,15,698,929
2023-06-28 09:33:01,12,15,698,929
2023-06-28 09:33:04,12,15,698,929
2023-06-28 09:33:15,13,15,698,929
2023-06-28 09:33:28,13,14,698,929
2023-06-28 09:33:35,12,14,698,929
2023-06-28 09:33:42,13,14,698,929
2023-06-28 09:33:53,14,15,723,954
2023-06-28 09:34:42,15,16,748,1072
2023-06-28 09:34:42,15,17,748,1072
2023-06-28 09:34:48,15,16,748,1072
2023-06-28 09:34:49,14,16,1048,1372
2023-06-28 09:34:54,14,17,1048,1372
2023-06-28 09:34:56,15,17,1048,1372
2023-06-28 09:34:59,14,17,1148,1472
2023-06-28 09:35:10,14,16,1148,1472
2023-06-28 09:35:12,14,15,1148,1472
2023-06-28 09:35:47,14,16,1148,1472
2023-06-28 09:35:55,14,17,1148,1472
2023-06-28 09:35:58,15,17,1148,1472
2023-06-28 09:37:20,16,17,1148,1472
2023-06-28 09:37:31,15,17,1148,1472
2023-06-28 09:37:32,16,17,1148,1472
2023-06-28 09:37:43,15,17,1148,1472
2023-06-28 09:37:47,16,17,1148,1472
2023-06-28 09:37:51,15,17,1148,1472
2023-06-28 09:38:03,16,17,1148,1472
2023-06-28 09:38:13,15,17,1148,1472
2023-06-28 09:38:14,16,17,1148,1472
2023-06-28 09:38:18,15,17,1148,1472
2023-06-28 09:38:22,16,17,1148,1472
2023-06-28 09:38:27,16,18,1148,1497
2023-06-28 09:38:31,17,18,1148,1497
2023-06-28 09:39:01,16,18,1148,1497
2023-06-28 09:39:05,17,18,1148,1497
2023-06-28 09:39:08,17,19,1148,1522
2023-06-28 09:39:20,17,19,1173,1547
2023-06-28 09:39:23,17,18,1173,1547
2023-06-28 09:39:30,16,18,1173,1547
2023-06-28 09:39:37,17,18,1173,1547
2023-06-28 09:39:37,17,19,1173,1547
2023-06-28 09:39:38,16,19,1173,1547
2023-06-28 09:39:42,16,18,1173,1547
2023-06-28 09:40:06,16,17,1173,1547
2023-06-28 09:40:12,16,17,1173,1602
2023-06-28 09:40:12,16,17,1173,1657
2023-06-28 09:40:13,15,17,1178,1687
2023-06-28 09:40:15,15,18,1178,1687
2023-06-28 09:40:21,16,18,1178,1687
2023-06-28 09:40:21,16,18,1228,1737
2023-06-28 09:40:47,16,19,1223,1877
2023-06-28 09:40:49,17,19,1223,1877
2023-06-28 09:40:50,17,19,1308,1962
2023-06-28 09:40:54,17,19,1318,1972
2023-06-28 09:40:55,18,19,1318,1972
2023-06-28 09:40:57,18,20,1318,2027
2023-06-28 09:41:00,18,20,1373,2082
2023-06-28 09:41:03,19,20,1373,2082
2023-06-28 09:42:01,19,21,1309,2332
2023-06-28 09:42:32,20,21,1309,2332
2023-06-28 09:42:32,20,21,1332,2355
2023-06-28 09:42:44,19,20,1332,2482
2023-06-28 09:42:45,19,21,1332,2482
2023-06-28 09:43:06,19,20,1332,2482
2023-06-28 09:43:19,19,21,1332,2482
2023-06-28 09:43:58,19,20,1332,2482
2023-06-28 09:44:00,19,21,1332,2482
2023-06-28 09:44:03,19,20,1332,2482
2023-06-28 09:44:13,18,19,1402,2632
2023-06-28 09:44:15,18,20,1402,2832
2023-06-28 09:44:16,18,19,1402,2832
2023-06-28 09:44:29,17,18,1347,2887
2023-06-28 09:44:35,16,17,1372,3027
2023-06-28 09:44:36,16,18,1372,3027
2023-06-28 09:44:37,16,17,1372,3027
2023-06-28 09:45:05,16,17,1452,3107
2023-06-28 09:45:08,15,17,1502,3157
2023-06-28 09:45:13,15,17,1492,3167
2023-06-28 09:45:16,15,16,1492,3167
2023-06-28 09:45:18,14,16,1592,3267
2023-06-28 09:45:25,13,16,1692,3567
2023-06-28 09:45:26,13,15,1692,3567
2023-06-28 09:45:36,14,15,1692,3567
2023-06-28 09:46:13,13,15,1992,3867
2023-06-28 09:46:14,13,14,1992,3867
2023-06-28 09:46:16,12,14,2142,4217
2023-06-28 09:46:43,12,13,2142,4217
2023-06-28 09:46:50,12,14,2042,4517
2023-06-28 09:47:37,13,14,2042,4517
2023-06-28 09:47:37,13,15,1787,4777
2023-06-28 09:47:46,14,15,1787,4777
2023-06-28 09:48:02,14,16,1693,4921
2023-06-28 09:48:10,15,16,1693,4921
2023-06-28 09:48:41,15,16,1693,4971
2023-06-28 09:49:03,16,17,1599,5115
2023-06-28 09:49:03,15,17,1599,5171
2023-06-28 09:49:03,15,16,1599,5171
2023-06-28 09:49:05,16,17,1645,5227
2023-06-28 09:49:06,16,18,1645,5227
2023-06-28 09:49:20,15,18,1645,5227
2023-06-28 09:49:26,16,18,1645,5227
2023-06-28 09:50:09,15,18,1645,5227
2023-06-28 09:50:31,15,17,1645,5227
2023-06-28 09:50:32,15,18,1645,5227
2023-06-28 09:50:39,15,17,1645,5227
2023-06-28 09:51:16,16,17,1645,5227
2023-06-28 09:51:21,16,18,1695,5277
2023-06-28 09:52:29,17,18,1695,5277
2023-06-28 09:52:31,17,18,1795,5377
2023-06-28 09:52:48,16,18,1795,5377
2023-06-28 09:53:28,16,17,1795,5377
2023-06-28 09:53:28,16,17,1795,5392
2023-06-28 09:53:28,16,17,1795,5407
2023-06-28 09:53:28,16,17,1649,5807
2023-06-28 09:53:29,16,18,1649,6007
2023-06-28 09:53:29,16,17,1649,6007
2023-06-28 09:54:42,15,17,1649,6107
2023-06-28 09:54:46,15,16,1649,6107
2023-06-28 09:54:46,14,16,1754,6237
2023-06-28 09:54:55,15,16,1754,6237
2023-06-28 09:54:58,14,16,1754,6237
2023-06-28 09:55:01,15,16,1754,6237
2023-06-28 09:55:21,16,17,1649,6367
2023-06-28 09:55:24,15,17,1649,6367
2023-06-28 09:55:25,16,17,1649,6367
2023-06-28 09:55:29,15,17,1649,6367
2023-06-28 09:55:34,16,17,1649,6367
2023-06-28 09:55:35,15,17,1649,6367
2023-06-28 09:55:36,16,17,1649,6367
2023-06-28 09:55:37,15,17,1649,6367
2023-06-28 09:56:33,16,17,1649,6367
2023-06-28 09:56:41,17,18,1599,6547
2023-06-28 09:56:53,17,18,1329,6947
2023-06-28 09:57:03,17,19,1247,7029
2023-06-28 09:57:09,18,19,1247,7029
2023-06-28 09:57:26,19,20,1297,7079
2023-06-28 09:57:39,20,21,1297,7129
2023-06-28 09:57:59,21,22,1347,7179
2023-06-28 09:57:59,20,22,1397,7229
2023-06-28 09:58:23,21,22,1397,7229
2023-06-28 09:58:41,21,22,1397,7279
2023-06-28 09:58:46,21,22,1753,7679
2023-06-28 09:58:58,20,22,1753,7679
2023-06-28 09:59:01,21,22,1753,7679
2023-06-28 09:59:03,20,22,1753,7679
2023-06-28 09:59:04,20,21,1753,7679
2023-06-28 09:59:11,18,21,1753,7729
2023-06-28 09:59:15,18,20,1753,7729
2023-06-28 09:59:19,19,20,1753,7729
2023-06-28 09:59:25,19,20,1763,7739
2023-06-28 09:59:42,18,20,1763,7869
2023-06-28 10:00:03,18,19,1763,7869
2023-06-28 10:00:04,17,19,1763,7999
2023-06-28 10:00:04,18,19,1763,7999
2023-06-28 10:00:08,17,19,2013,8249
2023-06-28 10:00:30,18,19,2013,8249
2023-06-28 10:00:30,17,19,2213,8449
2023-06-28 10:01:06,18,19,2213,8449
2023-06-28 10:01:12,18,20,2263,8499
2023-06-28 10:01:41,18,19,2263,8499
2023-06-28 10:02:21,18,20,2263,8499
2023-06-28 10:02:52,18,19,2263,8499
2023-06-28 10:02:54,18,20,2263,8499
2023-06-28 10:02:55,18,19,2263,8499
2023-06-28 10:03:01,17,18,2213,8549
2023-06-28 10:03:06,17,18,2078,8749
2023-06-28 10:03:07,16,17,2152,8889
2023-06-28 10:03:25,16,17,2152,8899
2023-06-28 10:04:21,15,16,2202,8949
2023-06-28 10:04:26,15,17,2202,8949
2023-06-28 10:04:48,15,16,2202,8949
2023-06-28 10:04:52,15,17,2202,8949
2023-06-28 10:05:08,15,16,2202,8949
2023-06-28 10:05:43,15,17,2252,9054
2023-06-28 10:05:49,15,16,2252,9054
2023-06-28 10:05:51,15,17,2252,9054
2023-06-28 10:05:52,15,16,2252,9054
2023-06-28 10:05:56,14,16,2252,9104
2023-06-28 10:05:58,15,16,2252,9104
2023-06-28 10:05:59,15,16,2311,9163
2023-06-28 10:06:00,14,16,2397,9249
2023-06-28 10:06:01,15,16,2397,9249
2023-06-28 10:06:20,14,16,2447,9299
2023-06-28 10:07:23,15,16,2447,9299
2023-06-28 10:07:33,14,16,2447,9299
2023-06-28 10:07:37,15,16,2447,9299
2023-06-28 10:07:53,14,16,2447,9299
2023-06-28 10:07:54,15,16,2447,9299
2023-06-28 10:08:00,14,16,2447,9299
2023-06-28 10:08:03,15,16,2447,9299
2023-06-28 10:08:10,15,17,2397,9399
2023-06-28 10:09:06,15,16,2397,9399
2023-06-28 10:09:11,14,16,2547,9599
2023-06-28 10:10:07,14,16,2567,9619
2023-06-28 10:10:30,14,15,2567,9619
2023-06-28 10:10:53,14,16,2547,9639
2023-06-28 10:10:53,14,17,2547,9639
2023-06-28 10:11:09,15,17,2547,9639
2023-06-28 10:11:22,14,17,2547,9639
2023-06-28 10:11:27,15,17,2547,9639
2023-06-28 10:11:37,14,17,2547,9639
2023-06-28 10:11:38,15,17,2547,9639
2023-06-28 10:11:40,14,17,2547,9639
2023-06-28 10:11:43,15,17,2547,9639
2023-06-28 10:11:53,14,17,2547,9639
2023-06-28 10:12:05,14,16,2547,9639
2023-06-28 10:12:23,15,16,2547,9639
2023-06-28 10:12:31,14,16,2547,9639
2023-06-28 10:12:53,13,16,2697,9789
2023-06-28 10:12:53,13,15,2697,9789
2023-06-28 10:12:58,13,14,2697,9789
2023-06-28 10:12:59,12,14,2747,9839
2023-06-28 10:13:20,12,13,2747,9839
2023-06-28 10:13:25,12,14,2747,9839
2023-06-28 10:14:05,12,13,2747,9839
2023-06-28 10:14:11,11,13,3047,10139
2023-06-28 10:14:29,12,13,3047,10139
2023-06-28 10:14:41,12,13,3027,10159
2023-06-28 10:14:49,12,14,2997,10189
2023-06-28 10:14:55,13,14,2997,10189
2023-06-28 10:14:56,12,14,2997,10189
2023-06-28 10:14:57,13,14,2997,10189
2023-06-28 10:14:57,13,15,2747,10439
2023-06-28 10:15:24,14,15,2747,10439
2023-06-28 10:15:27,14,16,2747,10569
2023-06-28 10:16:09,15,16,2747,10569
2023-06-28 10:16:19,16,17,2623,10699
2023-06-28 10:16:28,16,18,2803,10919
2023-06-28 10:17:53,17,18,2803,10919
2023-06-28 10:18:02,17,19,2709,11163
2023-06-28 10:18:04,17,20,2703,11363
2023-06-28 10:18:05,18,20,2703,11363
2023-06-28 10:18:34,19,20,2703,11363
2023-06-28 10:18:46,19,21,2773,11433
2023-06-28 10:18:46,20,21,2773,11433
2023-06-28 10:18:51,20,21,2823,11483
2023-06-28 10:18:55,21,22,2773,11533
2023-06-28 10:18:55,20,22,2779,11683
2023-06-28 10:18:57,20,23,2779,11683
2023-06-28 10:18:57,21,23,2779,11683
2023-06-28 10:18:57,20,23,2979,11883
2023-06-28 10:18:58,21,23,2979,11883
2023-06-28 10:19:22,21,23,2999,11903
2023-06-28 10:19:33,21,24,3049,11953
2023-06-28 10:20:00,22,24,3049,11953
2023-06-28 10:20:06,23,24,3049,11953
2023-06-28 10:20:10,23,25,3099,12003
2023-06-28 10:20:14,24,25,3099,12003
2023-06-28 10:20:19,24,26,3099,12053
2023-06-28 10:20:20,23,26,3099,12053
2023-06-28 10:20:32,24,26,3099,12053
2023-06-28 10:20:48,24,26,3097,12055
2023-06-28 10:21:52,23,26,3097,12055
2023-06-28 10:21:55,24,26,3097,12055
2023-06-28 10:23:07,25,26,3097,12055
2023-06-28 10:23:10,25,27,3147,12105
2023-06-28 10:23:46,25,26,3147,12105
2023-06-28 10:23:47,24,25,3097,12155
2023-06-28 10:23:47,23,25,3097,12155
2023-06-28 10:23:47,23,26,2947,12305
2023-06-28 10:23:49,23,25,2947,12305
2023-06-28 10:24:04,23,24,2947,12305
2023-06-28 10:24:32,23,25,2947,12305
2023-06-28 10:24:36,23,25,2947,12325
2023-06-28 10:24:45,23,24,2947,12325
2023-06-28 10:25:33,23,25,2947,12325
2023-06-28 10:26:17,23,26,2947,12325
2023-06-28 10:26:29,23,27,2947,12325
2023-06-28 10:26:29,24,27,2947,12325
2023-06-28 10:27:02,25,27,2947,12325
2023-06-28 10:27:05,26,27,2947,12325
2023-06-28 10:27:05,26,27,2997,12375
2023-06-28 10:27:06,26,27,3047,12425
2023-06-28 10:27:12,25,27,3047,12425
2023-06-28 10:28:07,26,27,3047,12425
2023-06-28 10:28:15,26,28,3097,12475
2023-06-28 10:28:16,27,28,3097,12475
2023-06-28 10:28:27,28,29,3197,12575
2023-06-28 10:28:53,27,29,3497,12875
2023-06-28 10:28:54,28,29,3497,12875
2023-06-28 10:28:55,28,30,3597,12975
2023-06-28 10:29:23,28,30,3197,13375
2023-06-28 10:29:24,29,30,3197,13375
2023-06-28 10:30:03,29,31,3197,13425
2023-06-28 10:30:04,28,31,3197,13425
2023-06-28 10:30:33,29,31,3197,13425
2023-06-28 10:30:40,30,31,3197,13425
2023-06-28 10:30:59,29,31,3197,13425
2023-06-28 10:31:02,30,31,3197,13425
2023-06-28 10:31:13,29,31,3197,13425
2023-06-28 10:32:22,30,31,3197,13425
2023-06-28 10:32:36,31,32,3247,13475
2023-06-28 10:33:04,32,33,3266,13494
2023-06-28 10:33:27,33,34,3285,13513
2023-06-28 10:33:27,33,34,3400,13628
2023-06-28 10:33:28,32,34,3400,13628
2023-06-28 10:33:30,33,34,3400,13628
2023-06-28 10:33:30,32,34,3600,13828
2023-06-28 10:33:31,33,34,3600,13828
2023-06-28 10:33:51,33,34,4000,14228
2023-06-28 10:33:57,34,35,4019,14247
2023-06-28 10:34:22,33,35,4119,14397
2023-06-28 10:35:20,34,35,4119,14397
2023-06-28 10:35:34,35,36,4157,14435
2023-06-28 10:35:43,34,36,4157,14435
2023-06-28 10:36:00,35,36,4157,14435
2023-06-28 10:36:06,34,36,4157,14435
2023-06-28 10:36:17,35,36,4157,14435
2023-06-28 10:37:24,35,37,4157,14454
2023-06-28 10:37:29,36,37,4157,14454
2023-06-28 10:37:31,36,37,4157,14469
2023-06-28 10:38:27,36,38,4157,14488
2023-06-28 10:38:50,37,38,4157,14488
2023-06-28 10:39:02,37,38,4179,14510
2023-06-28 10:39:04,37,39,3979,14710
2023-06-28 10:39:05,38,39,3979,14710
2023-06-28 10:40:40,38,40,3979,14710
2023-06-28 10:48:02,39,40,3979,14710
2023-06-28 10:49:50,39,40,4029,14760
2023-06-28 10:50:11,40,41,4048,14779
2023-06-28 10:50:12,39,41,4048,14779
2023-06-28 10:50:16,40,41,4048,14779
2023-06-28 10:50:29,40,41,4048,14829
2023-06-28 10:50:58,40,41,4233,15029
2023-06-28 10:52:29,40,42,4233,15048
2023-06-28 10:52:30,41,42,4233,15048
2023-06-28 10:52:30,40,42,4333,15148
2023-06-28 10:52:34,41,42,4333,15148
2023-06-28 10:52:50,41,42,4352,15167
2023-06-28 10:52:50,41,42,4452,15267
2023-06-28 10:56:42,41,43,4052,15667
2023-06-28 10:58:00,41,42,4052,15667
2023-06-28 10:59:34,40,41,4002,15717
2023-06-28 11:00:02,40,42,4002,15717
2023-06-28 11:03:02,41,42,4002,15717
2023-06-28 11:03:02,40,42,4102,15817
2023-06-28 11:03:16,40,41,4102,15817
2023-06-28 11:03:30,39,40,4052,15867
2023-06-28 11:03:37,39,41,4052,15867
2023-06-28 11:03:54,39,42,4052,15867
2023-06-28 11:04:11,40,42,4052,15867
2023-06-28 11:04:13,39,42,4052,15867
2023-06-28 11:04:30,39,41,4052,15867
2023-06-28 11:05:00,40,41,4052,15867
2023-06-28 11:06:05,39,41,4052,15917
2023-06-28 11:08:51,40,41,4052,15917
2023-06-28 11:11:05,39,40,4002,15967
2023-06-28 11:11:07,38,39,3952,16017
2023-06-28 11:11:50,37,38,3902,16067
2023-06-28 11:12:12,36,38,3902,16067
2023-06-28 11:12:24,36,37,3902,16067
2023-06-28 11:12:47,35,36,3852,16117
2023-06-28 11:12:48,35,37,3753,16267
2023-06-28 11:12:48,35,36,3753,16267
2023-06-28 11:12:48,35,37,3753,16317
2023-06-28 11:12:49,35,36,3753,16317
2023-06-28 11:13:43,34,36,3753,16367
2023-06-28 11:14:01,34,35,3753,16367
2023-06-28 11:14:05,33,35,3853,16517
2023-06-28 11:14:08,33,36,3853,16517
2023-06-28 11:14:08,33,35,3853,16517
2023-06-28 11:14:11,33,35,3853,16536
2023-06-28 11:14:11,33,35,3902,16717
2023-06-28 11:14:12,32,35,3902,16717
2023-06-28 11:14:12,33,35,3902,16717
2023-06-28 11:14:14,32,35,3902,16717
2023-06-28 11:14:32,32,34,3902,16717
2023-06-28 11:14:52,33,34,3902,16717
2023-06-28 11:14:53,32,34,3902,16717
2023-06-28 11:14:55,33,34,3902,16717
2023-06-28 11:15:05,32,34,3902,16717
2023-06-28 11:15:27,31,34,3902,16717
2023-06-28 11:15:27,31,33,3902,16717
2023-06-28 11:15:28,30,33,3902,16717
2023-06-28 11:15:28,31,33,3902,16717
2023-06-28 11:15:34,31,32,3902,16717
2023-06-28 11:15:35,31,33,3902,16717
2023-06-28 11:15:37,30,33,3902,16717
2023-06-28 11:15:38,31,33,3902,16717
2023-06-28 11:15:43,31,32,3902,16717
2023-06-28 11:15:49,31,33,3902,16717
2023-06-28 11:15:59,30,33,3902,16767
2023-06-28 11:16:09,31,33,3902,16767
2023-06-28 11:16:16,31,32,3902,16767
2023-06-28 11:16:19,31,33,3902,16767
2023-06-28 11:16:19,31,32,3902,16767
2023-06-28 11:16:22,30,32,4002,16867
2023-06-28 11:16:24,31,32,4002,16867
2023-06-28 11:16:54,32,33,4021,16886
2023-06-28 11:17:09,33,34,4040,16905
2023-06-28 11:17:09,32,34,4221,17086
2023-06-28 11:17:12,33,34,4221,17086
2023-06-28 11:17:23,33,34,4271,17136
2023-06-28 11:17:50,33,35,4370,17235
2023-06-28 11:17:57,34,35,4370,17235
2023-06-28 11:18:06,33,35,4370,17235
2023-06-28 11:18:06,34,35,4370,17235
2023-06-28 11:18:39,35,36,4389,17301
2023-06-28 11:18:42,34,36,4523,17435
2023-06-28 11:18:43,35,36,4523,17435
2023-06-28 11:18:43,34,36,4723,17635
2023-06-28 11:18:45,35,36,4723,17635
2023-06-28 11:19:08,36,38,4742,17701
2023-06-28 11:19:30,37,38,4742,17701
2023-06-28 11:19:51,36,38,4742,17701
2023-06-28 11:20:05,36,38,4772,17731
2023-06-28 11:20:07,35,38,4772,17731
2023-06-28 11:20:17,35,37,4772,17731
2023-06-28 11:21:57,36,37,4772,17731
2023-06-28 11:22:31,35,37,4772,17731
2023-06-28 11:23:25,34,35,4722,17781
2023-06-28 11:23:25,34,36,4572,17931
2023-06-28 11:23:29,34,35,4572,17931
2023-06-28 11:23:40,33,34,4522,17981
2023-06-28 11:23:58,32,33,4472,18031
2023-06-28 11:24:41,33,34,4491,18050
2023-06-28 11:24:54,32,33,4491,18131
2023-06-28 11:24:55,31,32,4404,18231
2023-06-28 11:25:00,29,31,4404,18281
2023-06-28 11:25:08,29,30,4404,18281
2023-06-28 11:25:14,29,30,4404,18291
2023-06-28 11:25:18,28,29,4404,18311
2023-06-28 11:25:18,27,29,4404,18351
2023-06-28 11:25:18,27,29,4481,18511
2023-06-28 11:25:19,27,30,4404,18610
2023-06-28 11:25:19,27,30,4504,18710
2023-06-28 11:25:19,26,30,4504,18710
2023-06-28 11:25:19,25,28,4504,18710
2023-06-28 11:25:20,25,27,4504,18710
2023-06-28 11:25:22,25,28,4504,18710
2023-06-28 11:25:37,26,28,4504,18710
2023-06-28 11:25:43,26,27,4504,18710
2023-06-28 11:25:48,26,28,4504,18710
2023-06-28 11:26:06,27,28,4504,18710
2023-06-28 11:26:10,28,29,4504,18729
2023-06-28 11:26:19,27,29,4504,18729
2023-06-28 11:26:41,28,29,4504,18729
2023-06-28 11:26:49,28,30,4523,18748
2023-06-28 11:28:34,29,30,4523,18748
2023-06-28 11:28:34,28,30,4620,18948
2023-06-28 11:28:47,29,30,4620,18948
2023-06-28 11:28:51,29,31,4679,19007
2023-06-28 11:29:05,30,31,4679,19007
2023-06-28 11:29:05,29,31,4879,19207
2023-06-28 11:29:15,30,31,4879,19207
2023-06-28 11:29:19,30,32,4898,19226
2023-06-28 11:29:29,31,32,4898,19226
2023-06-28 11:29:32,30,32,4998,19326
2023-06-28 11:29:33,30,31,4998,19326
2023-06-28 11:29:35,30,32,5018,19346
2023-06-28 11:30:01,31,32,5018,19346
2023-06-28 11:30:04,30,32,5018,19346
2023-06-28 11:30:05,31,32,5018,19346
2023-06-28 11:30:31,31,33,5037,19365
2023-06-28 11:30:34,32,33,5037,19365
2023-06-28 11:30:37,31,33,5037,19365
2023-06-28 11:30:37,30,33,5037,19365
2023-06-28 11:30:38,31,33,5037,19365
2023-06-28 11:31:03,32,33,5037,19365
2023-06-28 11:31:06,32,34,5056,19384
2023-06-28 11:31:11,33,34,5056,19384
2023-06-28 11:31:13,33,35,5075,19403
2023-06-28 11:31:37,34,35,5075,19403
2023-06-28 11:31:38,34,36,5094,19422
2023-06-28 11:31:51,35,36,5094,19422
2023-06-28 11:32:01,35,37,5113,19441
2023-06-28 11:32:56,36,37,5113,19441
2023-06-28 11:33:03,36,38,5152,19573
2023-06-28 11:34:48,37,38,5152,19573
2023-06-28 11:35:14,37,39,5171,19592
2023-06-28 11:35:15,38,39,5171,19592
2023-06-28 11:35:34,38,39,5178,19599
2023-06-28 11:36:10,37,39,5178,19599
2023-06-28 11:37:38,38,39,5178,19599
2023-06-28 11:38:00,39,40,5197,19618
2023-06-28 11:38:00,39,40,5209,19630
2023-06-28 11:38:00,39,40,5216,19637
2023-06-28 11:38:11,40,41,5235,19656
2023-06-28 11:38:43,41,42,5254,19675
2023-06-28 11:39:08,42,43,5273,19792
2023-06-28 11:39:09,41,43,5273,19792
2023-06-28 11:39:14,42,43,5273,19792
2023-06-28 11:39:47,41,43,5273,19792
2023-06-28 11:40:18,42,43,5273,19792
2023-06-28 11:40:28,41,43,5273,19792
2023-06-28 11:40:29,42,43,5273,19792
2023-06-28 11:40:54,42,43,5073,20192
2023-06-28 11:41:03,42,44,5073,20192
2023-06-28 11:41:59,43,44,5073,20192
2023-06-28 11:42:29,42,43,4911,20354
2023-06-28 11:42:30,42,44,4911,20354
2023-06-28 11:43:06,42,43,4911,20354
2023-06-28 11:43:08,42,44,4911,20354
2023-06-28 11:43:40,42,43,4911,20354
2023-06-28 11:43:50,42,44,4911,20354
2023-06-28 11:43:52,41,44,4911,20354
2023-06-28 11:44:17,42,44,4911,20354
2023-06-28 11:44:54,43,44,4911,20354
2023-06-28 11:44:54,43,44,4930,20373
2023-06-28 11:45:00,44,45,4949,20480
2023-06-28 11:45:00,43,45,5042,20573
2023-06-28 11:46:06,42,45,5042,20592
2023-06-28 11:46:06,42,43,5042,20592
2023-06-28 11:48:55,43,45,5061,20611
2023-06-28 11:48:57,42,45,5061,20611
2023-06-28 11:49:07,42,44,5061,20611
2023-06-28 11:49:16,42,43,5061,20611
2023-06-28 11:49:23,41,42,5011,20661
2023-06-28 11:49:24,41,43,5011,20661
2023-06-28 11:49:28,41,42,5011,20661
2023-06-28 11:50:06,40,41,4961,20711
2023-06-28 11:50:12,40,42,4961,20711
2023-06-28 11:50:12,40,41,4961,20711
2023-06-28 11:51:23,41,42,4980,20730
2023-06-28 11:51:25,40,42,4980,20730
2023-06-28 11:51:32,41,42,4980,20730
2023-06-28 11:51:41,40,42,4980,20730
2023-06-28 11:52:23,41,42,4980,20730
2023-06-28 11:52:43,42,43,4999,20749
2023-06-28 11:52:43,42,43,5018,20768
2023-06-28 11:53:46,41,43,5018,20768
2023-06-28 11:53:51,42,43,5018,20768
2023-06-28 11:54:25,42,44,5018,20787
2023-06-28 11:54:26,43,44,5018,20787
2023-06-28 11:54:46,42,44,5018,20787
2023-06-28 11:54:46,43,44,5018,20787
2023-06-28 11:54:50,42,44,5018,20787
2023-06-28 11:55:30,43,44,5018,20787
2023-06-28 11:55:56,42,44,5018,20787
2023-06-28 11:56:10,42,43,5018,20787
2023-06-28 11:56:23,41,43,5018,20787
2023-06-28 11:56:56,41,44,5018,20787
2023-06-28 11:57:04,42,44,5018,20787
2023-06-28 11:59:06,43,44,5018,20787
2023-06-28 11:59:09,43,45,5018,20806
2023-06-28 11:59:29,44,45,5018,20806
2023-06-28 11:59:44,45,46,5056,20844
2023-06-28 11:59:48,44,46,5056,20844
2023-06-28 11:59:55,45,46,5056,20844
2023-06-28 12:00:05,44,46,5056,20844
2023-06-28 12:00:33,44,45,5056,20844
2023-06-28 12:00:41,44,46,5056,20844
2023-06-28 12:01:05,44,45,5056,20844
2023-06-28 12:01:10,43,44,5018,20882
2023-06-28 12:01:19,43,45,5018,20882
2023-06-28 12:01:30,43,44,5018,20882
2023-06-28 12:01:32,43,45,5018,20882
2023-06-28 12:02:32,43,45,5018,20883
2023-06-28 12:02:45,43,44,5018,20883
2023-06-28 12:03:10,44,45,5019,20884
2023-06-28 12:03:11,43,45,5019,20884
2023-06-28 12:03:13,44,45,5019,20884
2023-06-28 12:03:18,45,46,5058,20923
2023-06-28 12:03:18,44,46,5119,20984
2023-06-28 12:03:23,45,46,5119,20984
2023-06-28 12:03:24,46,47,5138,21003
2023-06-28 12:03:34,45,47,5138,21003
2023-06-28 12:03:35,45,46,5138,21003
2023-06-28 12:03:37,44,46,5138,21003
2023-06-28 12:03:47,44,45,5138,21003
2023-06-28 12:03:52,44,46,5138,21003
2023-06-28 12:04:39,45,46,5138,21003
2023-06-28 12:04:40,45,46,5157,21022
2023-06-28 12:05:16,44,46,5157,21022
2023-06-28 12:05:18,44,45,5157,21022
2023-06-28 12:05:33,45,46,5158,21023
2023-06-28 12:08:34,46,47,5160,21025
2023-06-28 12:08:36,47,48,5180,21045
2023-06-28 12:08:50,48,49,5200,21065
2023-06-28 12:08:56,47,49,5200,21065
2023-06-28 12:10:01,48,49,5200,21065
2023-06-28 12:10:01,48,49,5229,21094
2023-06-28 12:10:02,47,49,5229,21094
2023-06-28 12:10:52,48,49,5229,21094
2023-06-28 12:11:01,49,51,5250,21115
2023-06-28 12:13:49,49,51,5300,21165
2023-06-28 12:14:28,50,51,5300,21165
2023-06-28 12:15:33,50,51,5320,21185
2023-06-28 12:19:39,50,51,5420,21285
2023-06-28 12:20:05,50,51,5020,21685
2023-06-28 12:20:12,50,52,5020,21814
2023-06-28 12:20:16,50,52,4815,22214
2023-06-28 12:22:03,50,52,4815,22233
2023-06-28 12:22:04,50,51,4815,22233
2023-06-28 12:22:04,49,51,4815,22233
2023-06-28 12:22:40,50,51,4815,22233
2023-06-28 12:24:38,49,51,4815,22233
2023-06-28 12:25:21,49,50,4815,22233
2023-06-28 12:25:43,48,50,4796,22252
2023-06-28 12:25:55,48,49,4796,22252
2023-06-28 12:25:58,47,49,4796,22271
2023-06-28 12:26:55,47,48,4796,22271
2023-06-28 12:26:58,46,48,4796,22321
2023-06-28 12:26:58,46,47,4796,22321
2023-06-28 12:26:58,46,48,4796,22321
2023-06-28 12:27:33,45,48,4796,22321
2023-06-28 12:27:33,45,47,4796,22321
2023-06-28 12:27:42,45,46,4796,22321
2023-06-28 12:27:43,45,46,4815,22340
2023-06-28 12:27:43,44,46,4896,22421
2023-06-28 12:27:48,43,46,5296,22821
2023-06-28 12:28:01,43,45,5296,22821
2023-06-28 12:28:02,43,45,5296,22840
2023-06-28 12:28:03,42,43,5396,22971
2023-06-28 12:28:04,41,42,5396,22971
2023-06-28 12:28:05,41,43,5396,22971
2023-06-28 12:28:05,40,43,5396,22971
2023-06-28 12:28:06,41,43,5396,22971
2023-06-28 12:28:08,41,42,5396,22971
2023-06-28 12:28:10,40,42,5396,23071
2023-06-28 12:28:13,40,43,5396,23071
2023-06-28 12:28:16,40,42,5396,23071
2023-06-28 12:28:17,39,42,5396,23071
2023-06-28 12:28:17,39,41,5396,23071
2023-06-28 12:28:17,39,41,5396,23197
2023-06-28 12:28:17,39,41,5437,23252
2023-06-28 12:28:18,39,42,5437,23252
2023-06-28 12:28:18,39,40,5437,23252
2023-06-28 12:28:22,38,39,5387,23302
2023-06-28 12:28:31,38,39,5377,23312
2023-06-28 12:28:37,38,39,5277,23412
2023-06-28 12:28:44,37,38,5227,23462
2023-06-28 12:28:46,36,38,5227,23462
2023-06-28 12:28:46,36,37,5227,23462
2023-06-28 12:28:46,36,37,5177,23512
2023-06-28 12:28:49,35,37,5177,23512
2023-06-28 12:28:53,35,36,5177,23512
2023-06-28 12:28:56,34,36,5177,23512
2023-06-28 12:28:56,33,36,5177,23512
2023-06-28 12:28:57,33,35,5177,23512
2023-06-28 12:28:57,33,36,5177,23512
2023-06-28 12:28:57,33,34,5177,23512
2023-06-28 12:28:58,33,36,5177,23512
2023-06-28 12:28:58,33,35,5177,23512
2023-06-28 12:28:58,33,34,5177,23512
2023-06-28 12:29:04,32,34,5477,23862
2023-06-28 12:29:04,32,33,5477,23862
2023-06-28 12:29:09,31,33,5477,23862
2023-06-28 12:29:10,32,33,5477,23862
2023-06-28 12:29:12,32,34,5477,23862
2023-06-28 12:29:12,33,34,5477,23862
2023-06-28 12:29:13,32,34,5477,23862
2023-06-28 12:29:22,33,34,5477,23862
2023-06-28 12:29:28,34,35,5477,23881
2023-06-28 12:29:28,34,37,5477,23881
2023-06-28 12:29:28,34,36,5477,23881
2023-06-28 12:29:41,34,36,5477,23900
2023-06-28 12:30:03,33,36,5477,23900
2023-06-28 12:30:03,33,35,5477,23900
2023-06-28 12:30:07,33,36,5477,23900
2023-06-28 12:30:07,32,36,5477,23900
2023-06-28 12:30:07,32,34,5477,23900
2023-06-28 12:30:10,32,35,5477,23900
2023-06-28 12:30:10,32,33,5477,23900
2023-06-28 12:30:14,32,35,5477,23900
2023-06-28 12:30:14,32,34,5477,23900
2023-06-28 12:30:16,33,34,5477,23900
2023-06-28 12:30:16,33,36,5477,23900
2023-06-28 12:30:16,33,35,5477,23900
2023-06-28 12:30:28,33,34,5477,23900
2023-06-28 12:30:34,32,34,5477,23950
2023-06-28 12:30:34,32,35,5477,23950
2023-06-28 12:30:34,32,33,5477,23950
2023-06-28 12:30:46,32,35,5477,23950
2023-06-28 12:30:46,32,34,5477,23950
2023-06-28 12:30:51,32,33,5477,23950
2023-06-28 12:31:04,31,33,5477,24000
2023-06-28 12:31:04,31,32,5477,24000
2023-06-28 12:31:39,29,32,5477,24050
2023-06-28 12:31:39,29,31,5477,24050
2023-06-28 12:31:42,29,32,5477,24050
2023-06-28 12:31:42,29,30,5477,24050
2023-06-28 12:31:44,28,30,5477,24050
2023-06-28 12:31:45,28,29,5477,24050
2023-06-28 12:32:06,28,29,5477,24107
2023-06-28 12:32:53,29,30,5477,24126
2023-06-28 12:32:57,30,32,5477,24145
2023-06-28 12:32:57,30,32,5477,24147
2023-06-28 12:33:04,30,31,5477,24147
2023-06-28 12:33:26,29,31,5477,24147
2023-06-28 12:33:37,30,31,5477,24147
2023-06-28 12:33:43,29,31,5477,24147
2023-06-28 12:33:53,29,30,5477,24147
2023-06-28 12:34:28,29,31,5477,24147
2023-06-28 12:34:28,29,30,5477,24147
2023-06-28 12:34:31,29,30,5386,24290
2023-06-28 12:34:32,29,31,5386,24290
2023-06-28 12:34:46,29,30,5386,24290
2023-06-28 12:35:05,29,31,5386,24290
2023-06-28 12:35:23,30,31,5386,24290
2023-06-28 12:35:23,30,31,5436,24340
2023-06-28 12:35:31,29,31,5436,24340
2023-06-28 12:35:36,29,30,5436,24340
2023-06-28 12:35:38,29,31,5436,24421
2023-06-28 12:36:21,29,30,5436,24421
2023-06-28 12:36:22,28,30,5436,24440
2023-06-28 12:36:24,28,29,5436,24440
2023-06-28 12:36:30,27,29,5436,24490
2023-06-28 12:36:30,27,28,5436,24490
2023-06-28 12:36:31,26,27,5632,24740
2023-06-28 12:36:31,25,27,5632,24740
2023-06-28 12:36:32,25,26,5632,24740
2023-06-28 12:36:37,25,27,5632,24740
2023-06-28 12:36:41,25,28,5632,24740
2023-06-28 12:37:00,25,27,5632,24740
2023-06-28 12:37:02,25,26,5632,24740
2023-06-28 12:37:04,25,27,5632,24740
2023-06-28 12:37:15,25,26,5632,24740
2023-06-28 12:37:20,23,26,5682,24790
2023-06-28 12:37:20,23,25,5682,24790
2023-06-28 12:37:42,23,24,5682,24790
2023-06-28 12:37:45,23,25,5682,24790
2023-06-28 12:37:52,24,25,5682,24790
2023-06-28 12:38:03,23,25,5682,24790
2023-06-28 12:38:09,24,25,5682,24790
2023-06-28 12:38:17,24,26,5682,24862
2023-06-28 12:38:33,24,25,5682,24862
2023-06-28 12:38:39,24,25,5682,24870
2023-06-28 12:38:45,24,25,5682,25120
2023-06-28 12:38:45,24,26,5682,25120
2023-06-28 12:38:53,25,26,5682,25120
2023-06-28 12:39:00,24,26,5682,25120
2023-06-28 12:39:07,25,26,5682,25120
2023-06-28 12:39:10,24,26,5682,25120
2023-06-28 12:39:11,25,26,5682,25120
2023-06-28 12:39:15,25,27,5692,25156
2023-06-28 12:40:12,25,26,5692,25156
2023-06-28 12:40:14,25,27,5692,25156
2023-06-28 12:40:15,25,26,5692,25156
2023-06-28 12:40:26,25,26,5692,25406
2023-06-28 12:40:27,25,26,5494,25606
2023-06-28 12:40:27,25,27,5494,25656
2023-06-28 12:40:34,26,27,5494,25656
2023-06-28 12:40:37,26,28,5530,25692
2023-06-28 12:40:58,26,27,5530,25692
2023-06-28 12:41:05,26,28,5530,25692
2023-06-28 12:41:28,27,28,5530,25692
2023-06-28 12:42:34,27,29,5549,25711
2023-06-28 12:42:35,28,29,5549,25711
2023-06-28 12:42:38,27,29,5549,25711
2023-06-28 12:42:54,27,28,5549,25711
2023-06-28 12:43:03,26,27,5547,25730
2023-06-28 12:43:03,25,26,5573,25802
2023-06-28 12:43:04,25,27,5573,25802
2023-06-28 12:43:08,25,26,5573,25802
2023-06-28 12:43:18,25,27,5573,25802
2023-06-28 12:43:28,25,26,5573,25802
2023-06-28 12:43:32,24,26,5623,25852
2023-06-28 12:43:35,24,25,5623,25852
2023-06-28 12:43:40,23,25,5673,25902
2023-06-28 12:43:42,23,24,5673,25902
2023-06-28 12:43:42,22,24,5723,25952
2023-06-28 12:43:48,21,24,5723,25952
2023-06-28 12:43:49,21,23,5723,25952
2023-06-28 12:43:54,21,22,5723,25952
2023-06-28 12:43:59,19,22,5742,25971
2023-06-28 12:43:59,19,21,5742,25971
2023-06-28 12:44:07,19,20,5742,25971
2023-06-28 12:44:09,19,20,5807,26036
2023-06-28 12:44:13,18,20,5826,26055
2023-06-28 12:44:14,18,19,5826,26055
2023-06-28 12:44:20,17,19,6206,26455
2023-06-28 12:44:20,17,18,6206,26455
2023-06-28 12:44:20,16,18,6406,26655
2023-06-28 12:44:20,16,18,6422,26671
2023-06-28 12:44:20,16,18,6456,26705
2023-06-28 12:44:20,15,18,6456,26705
2023-06-28 12:44:21,15,18,6475,26724
2023-06-28 12:44:22,15,17,6475,26724
2023-06-28 12:44:23,15,17,6875,27124
2023-06-28 12:44:24,15,16,6875,27124
2023-06-28 12:44:30,14,16,6875,27124
2023-06-28 12:44:30,14,15,6875,27124
2023-06-28 12:44:34,14,15,6675,27324
2023-06-28 12:44:48,15,16,6544,27455
2023-06-28 12:44:49,14,16,6544,27455
2023-06-28 12:44:50,15,16,6544,27455
2023-06-28 12:44:51,15,17,6544,27455
2023-06-28 12:44:54,14,17,6544,27455
2023-06-28 12:44:54,15,17,6544,27455
2023-06-28 12:45:13,15,16,6544,27455
2023-06-28 12:45:57,14,16,6563,27474
2023-06-28 12:45:58,14,16,6565,27476
2023-06-28 12:45:58,14,15,6565,27476
2023-06-28 12:46:37,15,17,6515,27526
2023-06-28 12:46:38,14,17,6633,27926
2023-06-28 12:46:41,15,17,6633,27926
2023-06-28 12:46:46,16,17,6633,27926
2023-06-28 12:46:49,16,18,6633,27976
2023-06-28 12:46:55,17,18,6633,27976
2023-06-28 12:46:58,17,19,6633,28026
2023-06-28 12:47:08,16,19,6633,28026
2023-06-28 12:47:21,17,19,6633,28026
2023-06-28 12:47:33,17,20,6633,28064
2023-06-28 12:47:46,17,19,6633,28064
2023-06-28 12:47:46,17,20,6833,28264
2023-06-28 12:47:47,17,19,6833,28264
2023-06-28 12:47:49,17,19,7083,28514
2023-06-28 12:47:55,17,18,7083,28514
2023-06-28 12:48:25,17,20,7083,28514
2023-06-28 12:48:25,17,19,7083,28514
2023-06-28 12:48:25,18,19,7083,28514
2023-06-28 12:48:41,18,20,7083,28514
2023-06-28 12:48:42,19,20,7083,28514
2023-06-28 12:49:00,18,20,7083,28514
2023-06-28 12:49:04,18,19,7083,28514
2023-06-28 12:49:16,17,19,7133,28614
2023-06-28 12:49:20,17,20,7133,28614
2023-06-28 12:49:20,17,19,7133,28614
2023-06-28 12:49:34,17,18,7133,28614
2023-06-28 12:49:35,16,18,7183,28664
2023-06-28 12:49:37,16,17,7183,28664
2023-06-28 12:49:46,16,18,7183,28664
2023-06-28 12:49:46,16,17,7183,28664
2023-06-28 12:49:47,15,17,7233,28714
2023-06-28 12:49:51,14,17,7271,28752
2023-06-28 12:49:53,14,16,7271,28752
2023-06-28 12:49:55,15,16,7271,28752
2023-06-28 12:49:57,14,16,7271,28752
2023-06-28 12:50:01,14,16,7271,28752
2023-06-28 12:50:02,15,16,7271,28752
2023-06-28 12:50:09,15,17,7271,28828
2023-06-28 12:50:10,16,17,7271,28828
2023-06-28 12:50:18,16,18,7271,28878
2023-06-28 12:50:34,16,17,7271,28878
2023-06-28 12:50:35,15,16,7363,28970
2023-06-28 12:50:45,16,17,7471,29078
2023-06-28 12:50:45,16,17,7511,29118
2023-06-28 12:50:47,16,17,7511,29368
2023-06-28 12:50:49,16,17,7551,29408
2023-06-28 12:51:01,16,17,7751,29608
2023-06-28 12:51:03,16,17,7751,29908
2023-06-28 12:51:03,15,16,7751,29909
2023-06-28 12:51:03,14,16,7770,29928
2023-06-28 12:51:08,15,16,7770,29928
2023-06-28 12:51:12,15,16,7697,30010
2023-06-28 12:51:18,16,17,7647,30060
2023-06-28 12:51:30,16,17,7565,30142
2023-06-28 12:52:20,16,17,7545,30162
2023-06-28 12:52:26,16,17,7345,30362
2023-06-28 12:52:33,16,17,7345,30612
2023-06-28 12:52:35,16,17,7263,30694
2023-06-28 12:52:35,16,17,7263,30944
2023-06-28 12:52:37,16,17,7181,31026
2023-06-28 12:52:37,16,18,7181,31067
2023-06-28 12:52:41,17,18,7181,31067
2023-06-28 12:52:42,16,18,7181,31067
2023-06-28 12:52:43,17,18,7181,31067
2023-06-28 12:53:23,17,19,7181,31109
2023-06-28 12:53:49,17,18,7181,31109
2023-06-28 12:53:49,17,18,7381,31309
2023-06-28 12:53:49,16,18,7381,31309
2023-06-28 12:53:51,16,17,7381,31309
2023-06-28 12:53:52,16,17,7581,31509
2023-06-28 12:53:52,16,17,7621,31549
2023-06-28 12:53:52,15,17,7621,31549
2023-06-28 12:53:54,15,16,7621,31549
2023-06-28 12:53:57,14,16,7656,31585
2023-06-28 12:53:57,14,15,7656,31585
2023-06-28 12:53:58,14,15,7699,31629
2023-06-28 12:53:58,14,15,7699,31779
2023-06-28 12:53:59,13,15,7775,31855
2023-06-28 12:53:59,13,14,7775,31855
2023-06-28 12:54:00,12,14,7775,31855
2023-06-28 12:54:01,13,14,7775,31855
2023-06-28 12:54:01,12,14,7794,31874
2023-06-28 12:54:01,12,13,7794,31874
2023-06-28 12:54:07,11,13,7813,31893
2023-06-28 12:54:09,10,13,7813,31893
2023-06-28 12:54:09,10,12,7813,31893
2023-06-28 12:54:09,10,13,7813,31893
2023-06-28 12:54:10,10,12,7813,31893
2023-06-28 12:54:26,10,13,7813,31893
2023-06-28 12:54:27,11,13,7813,31893
2023-06-28 12:54:27,11,13,7813,31913
2023-06-28 12:54:41,12,13,7813,31913
2023-06-28 12:54:46,12,15,7832,31951
2023-06-28 12:55:01,12,14,7832,31951
2023-06-28 12:55:07,11,14,7851,31970
2023-06-28 12:55:08,11,13,7851,31970
2023-06-28 12:55:16,11,13,7866,31985
2023-06-28 12:55:16,10,13,7870,31989
2023-06-28 12:55:17,10,12,7870,31989
2023-06-28 12:55:24,10,11,7870,31989
2023-06-28 12:55:25,10,11,7937,32056
2023-06-28 12:55:26,10,11,7964,32083
2023-06-28 12:55:27,10,11,7988,32107
2023-06-28 12:55:28,10,12,7988,32107
2023-06-28 12:56:25,9,12,8120,32439
2023-06-28 12:56:34,10,12,8120,32439
2023-06-28 12:57:03,9,12,8120,32439
2023-06-28 12:57:04,10,12,8120,32439
2023-06-28 12:57:11,11,12,8120,32439
2023-06-28 12:57:24,10,12,8120,32439
2023-06-28 12:57:30,11,12,8120,32439
2023-06-28 12:57:31,12,13,8039,32520
2023-06-28 12:57:58,11,13,8039,32520
2023-06-28 12:58:30,12,13,8039,32520
2023-06-28 12:58:32,13,14,7989,32570
2023-06-28 12:58:40,14,15,7939,32620
2023-06-28 13:00:42,14,16,7939,32646
2023-06-28 13:01:44,13,14,7989,32696
2023-06-28 13:02:19,13,15,7989,32696
2023-06-28 13:02:30,13,14,7989,32696
2023-06-28 13:02:33,12,13,8039,32746
2023-06-28 13:02:43,11,12,8115,32822
2023-06-28 13:02:44,11,13,8115,32822
2023-06-28 13:02:44,11,12,8115,32822
2023-06-28 13:02:45,9,12,8115,32822
2023-06-28 13:02:46,10,12,8115,32822
2023-06-28 13:02:46,10,13,8115,32822
2023-06-28 13:02:48,10,12,8115,32822
2023-06-28 13:02:50,11,12,8115,32822
2023-06-28 13:02:55,11,13,8115,32822
2023-06-28 13:03:06,12,13,8115,32822
2023-06-28 13:03:08,13,14,8015,32922
2023-06-28 13:03:14,13,14,8015,33172
2023-06-28 13:03:15,13,16,8015,33198
2023-06-28 13:03:22,14,16,8015,33198
2023-06-28 13:03:39,15,16,8015,33198
2023-06-28 13:04:05,14,16,8015,33198
2023-06-28 13:05:31,15,16,8015,33198
2023-06-28 13:05:31,14,16,8015,33200
2023-06-28 13:06:25,15,16,8015,33200
2023-06-28 13:06:35,16,17,7977,33238
2023-06-28 13:07:22,17,18,7958,33257
2023-06-28 13:07:48,18,19,7939,33276
2023-06-28 13:08:00,17,19,7939,33276
2023-06-28 13:08:14,17,18,7939,33276
2023-06-28 13:08:40,16,17,7989,33326
2023-06-28 13:08:42,15,17,7989,33326
2023-06-28 13:09:59,15,16,7989,33326
2023-06-28 13:10:04,14,15,8039,33376
2023-06-28 13:10:25,13,15,8037,33428
2023-06-28 13:10:26,12,15,8037,33431
2023-06-28 13:10:28,11,15,8037,33431
2023-06-28 13:10:29,12,15,8037,33431
2023-06-28 13:10:31,12,14,8037,33431
2023-06-28 13:10:48,12,15,8037,33431
2023-06-28 13:10:58,13,15,8037,33431
2023-06-28 13:11:00,12,15,8037,33431
2023-06-28 13:11:04,13,15,8037,33431
2023-06-28 13:11:38,13,14,8037,33431
2023-06-28 13:11:59,13,15,8037,33431
2023-06-28 13:11:59,13,16,8037,33431
2023-06-28 13:11:59,13,15,8037,33431
2023-06-28 13:12:05,14,15,8037,33431
2023-06-28 13:12:15,13,15,8037,33431
2023-06-28 13:13:13,13,14,8037,33431
2023-06-28 13:13:28,13,15,8037,33431
2023-06-28 13:13:28,13,14,8037,33431
2023-06-28 13:13:33,13,15,8037,33431
2023-06-28 13:13:42,13,16,8037,33431
2023-06-28 13:13:43,13,15,8037,33431
2023-06-28 13:14:11,13,14,8037,33431
2023-06-28 13:14:27,13,15,8037,33431
2023-06-28 13:14:32,14,15,8037,33431
2023-06-28 13:15:24,13,15,8037,33431
2023-06-28 13:15:31,14,15,8037,33431
2023-06-28 13:15:36,15,16,7987,33481
2023-06-28 13:15:37,14,16,7987,33481
2023-06-28 13:15:50,15,16,7987,33481
2023-06-28 13:16:34,14,16,7987,33481
2023-06-28 13:18:26,15,16,7987,33481
2023-06-28 13:18:39,16,17,7937,33531
2023-06-28 13:18:43,15,17,7937,33531
2023-06-28 13:19:49,15,16,7937,33531
2023-06-28 13:19:53,15,17,7937,33531
2023-06-28 13:19:53,15,16,7937,33531
2023-06-28 13:20:07,15,17,7937,33531
2023-06-28 13:20:20,15,16,7937,33531
2023-06-28 13:20:37,15,17,7937,33531
2023-06-28 13:20:50,16,17,7937,33531
2023-06-28 13:21:01,15,17,7937,33531
2023-06-28 13:21:14,16,17,7937,33531
2023-06-28 13:21:17,17,18,7913,33555
2023-06-28 13:21:25,17,20,7913,33579
2023-06-28 13:21:57,17,20,8113,33798
2023-06-28 13:21:58,18,20,8113,33798
2023-06-28 13:22:01,17,20,8113,33798
2023-06-28 13:22:11,17,19,8113,33798
2023-06-28 13:22:18,17,20,8113,33798
2023-06-28 13:22:18,17,19,8113,33798
2023-06-28 13:22:23,17,20,8113,33798
2023-06-28 13:22:50,18,20,8113,33798
2023-06-28 13:23:10,19,20,8113,33798
2023-06-28 13:23:19,21,22,8075,33855
2023-06-28 13:23:19,21,23,8075,33855
2023-06-28 13:23:20,21,24,8075,33855
2023-06-28 13:23:34,23,24,8075,33855
2023-06-28 13:23:34,23,24,8082,33862
2023-06-28 13:23:34,21,24,8082,34105
2023-06-28 13:23:57,22,24,8082,34105
2023-06-28 13:24:01,21,24,8082,34105
2023-06-28 13:24:13,21,23,8082,34105
2023-06-28 13:24:19,19,23,8082,34155
2023-06-28 13:24:19,19,22,8082,34155
2023-06-28 13:24:35,20,22,8082,34155
2023-06-28 13:24:44,20,24,8082,34155
2023-06-28 13:24:44,20,23,8082,34155
2023-06-28 13:24:55,21,23,8082,34155
2023-06-28 13:25:00,20,23,8082,34155
2023-06-28 13:25:17,21,23,8082,34155
2023-06-28 13:27:07,22,23,8082,34155
2023-06-28 13:27:13,23,24,8063,34174
2023-06-28 13:27:14,22,24,8063,34174
2023-06-28 13:27:23,23,24,8063,34174
2023-06-28 13:27:24,22,24,8063,34174
2023-06-28 13:27:41,23,24,8063,34174
2023-06-28 13:28:53,23,25,8044,34193
2023-06-28 13:29:28,24,25,8044,34193
2023-06-28 13:30:02,25,26,8025,34212
2023-06-28 13:30:14,25,27,8006,34231
2023-06-28 13:30:19,26,27,8006,34231
2023-06-28 13:30:23,26,28,7991,34250
2023-06-28 13:30:24,27,28,7991,34250
2023-06-28 13:30:33,26,28,7991,34250
2023-06-28 13:30:43,27,28,7991,34250
2023-06-28 13:30:56,28,30,7991,34288
2023-06-28 13:30:57,27,30,7991,34288
2023-06-28 13:30:58,28,30,7991,34288
2023-06-28 13:31:15,27,30,7991,34288
2023-06-28 13:31:19,27,29,7991,34288
2023-06-28 13:31:22,26,29,7991,34288
2023-06-28 13:31:27,26,30,7991,34288
2023-06-28 13:31:47,26,30,7991,34290
2023-06-28 13:31:52,26,29,7991,34290
2023-06-28 13:31:54,26,28,7991,34290
2023-06-28 13:31:55,26,27,7991,34290
2023-06-28 13:31:57,25,27,7949,34340
2023-06-28 13:32:01,24,27,7949,34340
2023-06-28 13:32:11,24,28,7949,34340
2023-06-28 13:32:17,25,28,7949,34340
2023-06-28 13:32:20,25,26,7949,34340
2023-06-28 13:32:20,24,26,7949,34340
2023-06-28 13:32:29,24,25,7949,34340
2023-06-28 13:32:29,22,25,7999,34391
2023-06-28 13:32:34,22,24,7999,34391
2023-06-28 13:32:40,22,23,7999,34391
2023-06-28 13:32:40,21,22,8049,34441
2023-06-28 13:32:47,21,23,8049,34441
2023-06-28 13:32:48,21,22,8049,34441
2023-06-28 13:32:51,21,23,8049,34441
2023-06-28 13:33:25,22,23,8049,34441
2023-06-28 13:33:26,21,23,8049,34491
2023-06-28 13:34:48,21,22,8049,34491
2023-06-28 13:34:51,20,22,8049,34591
2023-06-28 13:34:53,20,21,8049,34591
2023-06-28 13:34:55,19,21,8049,34641
2023-06-28 13:34:55,18,21,8049,34641
2023-06-28 13:35:09,19,21,8049,34641
2023-06-28 13:35:37,20,21,8049,34641
2023-06-28 13:35:49,21,23,7999,34691
2023-06-28 13:35:56,20,23,7999,34691
2023-06-28 13:36:06,21,23,7999,34691
2023-06-28 13:36:17,22,23,7999,34691
2023-06-28 13:36:36,21,23,7999,34691
2023-06-28 13:37:05,20,23,7999,34691
2023-06-28 13:37:07,21,23,7999,34691
2023-06-28 13:37:11,20,23,7999,34691
2023-06-28 13:37:15,21,23,7999,34691
2023-06-28 13:37:22,23,24,7925,34765
2023-06-28 13:37:51,22,24,7925,34765
2023-06-28 13:37:54,21,24,7925,34765
2023-06-28 13:37:57,22,24,7925,34765
2023-06-28 13:38:24,22,23,7925,34765
2023-06-28 13:38:32,21,23,7925,34765
2023-06-28 13:39:15,20,23,7925,34765
2023-06-28 13:40:12,21,23,7925,34765
2023-06-28 13:40:14,21,22,7925,34765
2023-06-28 13:40:37,20,22,7925,34840
2023-06-28 13:40:43,20,21,7925,34840
2023-06-28 13:40:56,20,21,7925,35040
2023-06-28 13:40:59,20,21,7975,35090
2023-06-28 13:41:21,20,22,7975,35090
2023-06-28 13:41:32,19,22,7975,35090
2023-06-28 13:41:34,19,21,7975,35090
2023-06-28 13:41:45,19,20,7975,35090
2023-06-28 13:41:55,18,20,7975,35090
2023-06-28 13:42:02,18,19,7975,35090
2023-06-28 13:42:05,17,18,7994,35109
2023-06-28 13:42:09,15,18,7994,35109
2023-06-28 13:42:10,15,17,7994,35109
2023-06-28 13:42:19,15,18,7994,35109
2023-06-28 13:42:23,15,17,7994,35109
2023-06-28 13:42:25,15,18,7994,35109
2023-06-28 13:42:29,15,19,7994,35109
2023-06-28 13:42:33,16,19,7994,35109
2023-06-28 13:42:38,16,20,7994,35109
2023-06-28 13:42:39,17,20,7994,35109
2023-06-28 13:43:09,18,20,7994,35109
2023-06-28 13:44:12,19,20,7994,35109
2023-06-28 13:44:24,18,20,7994,35109
2023-06-28 13:44:47,17,20,7994,35109
2023-06-28 13:44:59,17,19,7994,35109
2023-06-28 13:48:15,17,18,7994,35109
2023-06-28 13:48:29,16,18,7994,35128
2023-06-28 13:48:29,16,17,7994,35128
2023-06-28 13:49:28,15,16,8013,35147
2023-06-28 13:49:44,14,15,8051,35186
2023-06-28 13:49:45,13,15,8051,35188
2023-06-28 13:49:46,14,15,8051,35188
2023-06-28 13:49:52,14,16,8051,35188
2023-06-28 13:49:54,14,15,8051,35188
2023-06-28 13:49:55,14,16,8051,35188
2023-06-28 13:50:00,14,15,8051,35188
2023-06-28 13:50:09,13,14,8095,35232
2023-06-28 13:50:14,12,14,8095,35233
2023-06-28 13:50:40,12,13,8095,35233
2023-06-28 13:50:44,10,12,8114,35255
2023-06-28 13:50:58,10,12,8116,35257
2023-06-28 13:51:12,10,13,8116,35257
2023-06-28 13:51:47,10,12,8116,35257
2023-06-28 13:51:51,10,13,8116,35257
2023-06-28 13:52:13,10,12,8116,35257
2023-06-28 13:52:51,10,13,8116,35257
2023-06-28 13:53:10,11,13,8116,35257
2023-06-28 13:53:16,10,13,8116,35257
2023-06-28 13:53:54,11,13,8116,35257
2023-06-28 13:53:55,12,13,8116,35257
2023-06-28 13:53:58,12,15,8116,35276
2023-06-28 13:54:21,13,15,8116,35276
2023-06-28 13:55:08,14,15,8116,35276
2023-06-28 13:55:10,15,16,8078,35314
2023-06-28 13:55:13,15,17,8078,35364
2023-06-28 13:55:15,16,17,8078,35364
2023-06-28 13:55:16,16,19,8028,35414
2023-06-28 13:55:21,17,19,8028,35414
2023-06-28 13:55:22,17,18,8028,35414
2023-06-28 13:55:26,16,18,8028,35414
2023-06-28 13:55:34,17,18,8028,35414
2023-06-28 13:55:36,17,19,8028,35443
2023-06-28 13:55:37,18,19,8028,35443
2023-06-28 13:55:49,18,20,8028,35493
2023-06-28 13:56:01,18,19,8028,35493
2023-06-28 13:56:03,17,19,8061,35526
2023-06-28 13:56:07,17,18,8061,35526
2023-06-28 13:56:28,16,18,8061,35526
2023-06-28 13:56:39,16,17,8061,35526
2023-06-28 13:56:40,16,18,8061,35526
2023-06-28 13:56:41,16,17,8061,35526
2023-06-28 13:56:50,15,17,8061,35526
2023-06-28 13:56:54,15,16,8061,35526
2023-06-28 13:56:56,14,16,8080,35545
2023-06-28 13:57:07,14,15,8080,35545
2023-06-28 13:57:24,13,14,8099,35564
2023-06-28 13:57:30,11,13,8143,35609
2023-06-28 13:57:31,11,14,8143,35609
2023-06-28 13:57:37,11,13,8143,35609
2023-06-28 13:58:07,11,12,8143,35609
2023-06-28 13:58:29,11,13,8143,35609
2023-06-28 13:58:40,11,14,8143,35609
2023-06-28 13:58:58,12,14,8143,35609
2023-06-28 13:59:01,11,14,8143,35609
2023-06-28 13:59:01,12,14,8143,35609
2023-06-28 13:59:18,13,14,8143,35609
2023-06-28 13:59:51,12,14,8143,35609
2023-06-28 14:00:01,13,14,8143,35609
2023-06-28 14:00:05,13,15,8099,35653
2023-06-28 14:00:05,14,15,8099,35653
2023-06-28 14:00:08,15,17,8099,35691
2023-06-28 14:00:12,15,18,8099,35691
2023-06-28 14:00:12,15,17,8099,35691
2023-06-28 14:00:12,15,18,8099,35691
2023-06-28 14:00:14,15,17,8099,35691
2023-06-28 14:00:24,15,16,8099,35691
2023-06-28 14:00:26,14,15,8104,35696
2023-06-28 14:01:20,14,15,8204,35796
2023-06-28 14:01:34,14,15,8204,36196
2023-06-28 14:01:35,14,15,8204,36596
2023-06-28 14:01:35,14,15,8204,36996
2023-06-28 14:01:35,14,15,8554,37346
2023-06-28 14:01:36,14,15,8554,37746
2023-06-28 14:01:36,14,15,8554,38146
2023-06-28 14:01:37,14,15,8554,38546
2023-06-28 14:01:37,14,15,8554,38946
2023-06-28 14:01:39,14,15,8804,39196
2023-06-28 14:01:41,14,15,9054,39446
2023-06-28 14:01:45,14,15,9304,39696
2023-06-28 14:01:51,14,15,9555,40096
2023-06-28 14:01:51,14,15,9555,40296
2023-06-28 14:01:51,14,15,9655,40396
2023-06-28 14:01:51,14,15,10055,40796
2023-06-28 14:01:52,14,15,10455,41196
2023-06-28 14:01:52,14,15,10855,41596
2023-06-28 14:01:53,14,18,10855,41596
2023-06-28 14:01:53,15,18,10855,41596
2023-06-28 14:01:53,14,18,10855,41596
2023-06-28 14:01:53,15,18,10855,41596
2023-06-28 14:01:55,17,18,10855,41596
2023-06-28 14:02:02,15,18,10855,41596
2023-06-28 14:02:03,16,18,10855,41596
2023-06-28 14:02:09,15,18,10855,41596
2023-06-28 14:02:10,17,18,10855,41596
2023-06-28 14:02:28,15,18,10855,41596
2023-06-28 14:02:31,16,18,10855,41596
2023-06-28 14:02:35,17,18,10855,41596
2023-06-28 14:02:37,16,18,10855,41596
2023-06-28 14:02:38,17,18,10855,41596
2023-06-28 14:02:50,17,18,11055,41796
2023-06-28 14:02:52,17,18,11305,42046
2023-06-28 14:02:57,17,18,11555,42296
2023-06-28 14:02:58,17,18,11805,42546
2023-06-28 14:02:59,17,18,12205,42946
2023-06-28 14:03:00,17,18,12605,43346
2023-06-28 14:03:00,17,20,12855,43611
2023-06-28 14:03:00,19,20,12855,43611
2023-06-28 14:03:03,19,21,12855,43611
2023-06-28 14:03:14,19,20,12855,43611
2023-06-28 14:03:24,17,20,12855,43611
2023-06-28 14:03:41,18,20,12855,43611
2023-06-28 14:03:45,19,20,12855,43611
2023-06-28 14:03:58,20,21,12855,43620
2023-06-28 14:04:28,21,22,12855,43629
2023-06-28 14:05:35,20,22,12855,43629
2023-06-28 14:06:59,21,22,12855,43629
2023-06-28 14:08:13,21,24,12855,43662
2023-06-28 14:08:13,22,24,12855,43662
2023-06-28 14:08:26,23,24,12855,43662
2023-06-28 14:08:48,23,27,12855,43686
2023-06-28 14:08:48,24,27,12855,43686
2023-06-28 14:08:53,23,27,12855,43686
2023-06-28 14:09:14,23,25,12855,43686
2023-06-28 14:09:18,23,24,12855,43686
2023-06-28 14:09:19,22,24,12855,43686
2023-06-28 14:09:29,22,25,12855,43686
2023-06-28 14:09:42,22,24,12855,43686
2023-06-28 14:09:47,22,24,12855,43688
2023-06-28 14:09:51,21,24,12855,43764
2023-06-28 14:09:53,21,23,12855,43764
2023-06-28 14:09:58,21,24,12855,43764
2023-06-28 14:10:01,21,23,12855,43764
2023-06-28 14:10:06,22,23,12855,43764
2023-06-28 14:10:40,21,22,12880,43789
2023-06-28 14:10:40,21,23,12975,43884
2023-06-28 14:12:03,21,24,12975,43988
2023-06-28 14:12:05,22,24,12975,43988
2023-06-28 14:12:21,22,25,12975,44028
2023-06-28 14:12:23,23,25,12975,44028
2023-06-28 14:12:32,23,26,12975,44068
2023-06-28 14:12:33,24,26,12975,44068
2023-06-28 14:12:46,24,26,12995,44088
2023-06-28 14:13:06,24,25,12995,44088
2023-06-28 14:13:07,23,25,12995,44088
2023-06-28 14:13:09,23,24,12995,44088
2023-06-28 14:13:16,22,24,12995,44128
2023-06-28 14:13:16,22,23,12995,44128
2023-06-28 14:13:17,21,23,12995,44128
2023-06-28 14:13:31,21,22,12995,44128
2023-06-28 14:13:41,21,23,12995,44128
2023-06-28 14:13:42,20,23,12995,44128
2023-06-28 14:13:54,20,24,12995,44128
2023-06-28 14:14:05,21,24,12995,44128
2023-06-28 14:14:07,21,25,12995,44128
2023-06-28 14:14:20,22,25,12995,44128
2023-06-28 14:14:26,22,24,12995,44128
2023-06-28 14:14:51,22,25,12995,44128
2023-06-28 14:15:17,22,24,12995,44128
2023-06-28 14:15:24,21,24,12995,44193
2023-06-28 14:15:25,21,23,12995,44193
2023-06-28 14:16:31,22,23,12995,44193
2023-06-28 14:16:54,22,24,12995,44205
2023-06-28 14:16:55,23,24,12995,44205
2023-06-28 14:17:41,23,26,12995,44217
2023-06-28 14:17:43,24,26,12995,44217
2023-06-28 14:17:47,24,26,12995,44219
2023-06-28 14:17:50,24,26,13005,44229
2023-06-28 14:18:01,24,28,13005,44267
2023-06-28 14:18:05,25,28,13005,44267
2023-06-28 14:18:07,25,28,13075,44337
2023-06-28 14:18:14,25,27,13075,44337
2023-06-28 14:18:26,25,28,13075,44337
2023-06-28 14:18:26,25,27,13075,44337
2023-06-28 14:18:27,25,26,13075,44337
2023-06-28 14:18:50,24,26,13075,44337
2023-06-28 14:18:51,24,27,13075,44337
2023-06-28 14:18:51,24,25,13075,44337
2023-06-28 14:18:55,24,27,13075,44337
2023-06-28 14:18:55,24,26,13075,44337
2023-06-28 14:19:39,24,28,13075,44337
2023-06-28 14:19:39,24,27,13075,44337
2023-06-28 14:19:47,25,27,13075,44337
2023-06-28 14:19:53,25,28,13075,44337
2023-06-28 14:19:53,25,26,13075,44337
2023-06-28 14:19:54,24,26,13075,44337
2023-06-28 14:19:54,25,26,13075,44337
2023-06-28 14:20:20,24,26,13075,44337
2023-06-28 14:20:20,24,25,13075,44337
2023-06-28 14:20:32,24,27,13075,44337
2023-06-28 14:20:32,24,26,13075,44337
2023-06-28 14:20:41,24,28,13075,44337
2023-06-28 14:20:41,24,27,13075,44337
2023-06-28 14:20:51,25,27,13075,44337
2023-06-28 14:20:51,25,28,13075,44337
2023-06-28 14:20:53,26,28,13075,44337
2023-06-28 14:21:03,26,27,13075,44337
2023-06-28 14:21:09,26,28,13075,44337
2023-06-28 14:21:12,26,27,13075,44337
2023-06-28 14:21:19,26,28,13075,44337
2023-06-28 14:21:26,26,27,13075,44337
2023-06-28 14:21:33,26,28,13075,44337
2023-06-28 14:21:42,26,27,13075,44337
2023-06-28 14:22:13,26,28,13075,44337
2023-06-28 14:22:22,27,28,13075,44337
2023-06-28 14:22:30,27,28,13175,44437
2023-06-28 14:22:32,27,28,13425,44687
2023-06-28 14:22:41,27,29,13425,44687
2023-06-28 14:22:44,28,29,13425,44687
2023-06-28 14:22:45,28,31,13425,44697
2023-06-28 14:22:58,28,30,13425,44697
2023-06-28 14:23:03,28,31,13425,44697
2023-06-28 14:23:09,28,29,13425,44697
2023-06-28 14:23:10,28,31,13445,44717
2023-06-28 14:23:26,29,31,13445,44717
2023-06-28 14:23:27,30,31,13445,44717
2023-06-28 14:23:46,31,32,13425,44737
2023-06-28 14:24:15,31,32,13425,44757
2023-06-28 14:24:29,32,33,13405,45077
2023-06-28 14:24:29,30,33,13033,45449
2023-06-28 14:24:30,30,32,13033,45449
2023-06-28 14:24:30,30,31,13033,45449
2023-06-28 14:24:57,31,33,13033,45453
2023-06-28 14:24:57,30,33,13033,45453
2023-06-28 14:24:57,32,33,13033,45453
2023-06-28 14:25:13,33,34,13013,45473
2023-06-28 14:25:45,34,35,12994,45493
2023-06-28 14:26:06,32,35,12738,45749
2023-06-28 14:26:16,32,34,12738,45749
2023-06-28 14:26:22,31,34,12737,45789
2023-06-28 14:26:24,31,33,12737,45789
2023-06-28 14:26:34,31,34,12737,45789
2023-06-28 14:26:54,31,33,12737,45789
2023-06-28 14:26:55,30,33,12737,45829
2023-06-28 14:26:56,30,32,12737,45829
2023-06-28 14:27:00,30,31,12737,45829
2023-06-28 14:27:01,28,31,12737,45909
2023-06-28 14:27:22,28,30,12737,45909
2023-06-28 14:27:23,28,29,12737,45909
2023-06-28 14:27:23,27,29,12737,45929
2023-06-28 14:28:06,27,28,12737,45929
2023-06-28 14:28:08,27,29,12737,45929
2023-06-28 14:28:15,28,29,12737,45929
2023-06-28 14:28:57,28,31,12737,45969
2023-06-28 14:28:57,29,31,12737,45969
2023-06-28 14:28:59,28,31,12737,45969
2023-06-28 14:29:05,28,30,12737,45969
2023-06-28 14:29:21,27,30,12737,45991
2023-06-28 14:29:22,27,29,12737,45991
2023-06-28 14:29:55,26,29,12737,46013
2023-06-28 14:30:03,26,28,12737,46013
2023-06-28 14:30:05,25,28,12737,46335
2023-06-28 14:30:08,25,27,12737,46335
2023-06-28 14:30:23,26,27,12737,46335
2023-06-28 14:30:31,27,28,12737,46357
2023-06-28 14:31:00,26,28,12737,46357
2023-06-28 14:31:37,27,28,12737,46357
2023-06-28 14:31:41,27,29,12737,46397
2023-06-28 14:32:02,27,28,12737,46397
2023-06-28 14:32:03,26,28,12737,46437
2023-06-28 14:32:04,26,27,12737,46437
2023-06-28 14:32:05,25,27,12737,46457
2023-06-28 14:32:06,24,27,12737,46477
2023-06-28 14:32:06,24,25,12737,46477
2023-06-28 14:32:06,23,25,12737,46677
2023-06-28 14:32:07,22,25,12737,46677
2023-06-28 14:32:34,22,24,12737,46677
2023-06-28 14:32:44,20,24,12737,46747
2023-06-28 14:32:45,20,22,12737,46747
2023-06-28 14:32:51,20,24,12737,46747
2023-06-28 14:33:03,20,22,12737,46747
2023-06-28 14:33:04,20,21,12737,46747
2023-06-28 14:33:06,18,21,12737,46837
2023-06-28 14:33:15,18,22,12737,46837
2023-06-28 14:33:15,18,21,12737,46837
2023-06-28 14:33:16,19,21,12737,46837
2023-06-28 14:33:36,20,21,12737,46837
2023-06-28 14:33:44,20,22,12737,46877
2023-06-28 14:33:45,21,22,12737,46877
2023-06-28 14:33:57,19,22,12737,46899
2023-06-28 14:34:08,20,22,12737,46899
2023-06-28 14:34:16,21,22,12737,46899
2023-06-28 14:34:22,21,23,12737,46939
2023-06-28 14:34:22,22,23,12737,46939
2023-06-28 14:34:31,22,24,12737,46979
2023-06-28 14:34:32,23,24,12737,46979
2023-06-28 14:34:50,23,25,12737,46999
2023-06-28 14:35:32,24,25,12737,46999
2023-06-28 14:36:48,23,25,12737,47039
2023-06-28 14:37:00,24,25,12737,47039
2023-06-28 14:37:02,23,25,12737,47039
2023-06-28 14:37:10,24,25,12737,47039
2023-06-28 14:37:13,23,25,12737,47039
2023-06-28 14:37:19,23,24,12737,47039
2023-06-28 14:37:19,22,24,12737,47059
2023-06-28 14:37:24,21,24,12737,47079
2023-06-28 14:37:25,21,23,12737,47079
2023-06-28 14:37:29,19,23,12737,47129
2023-06-28 14:37:49,19,21,12737,47129
2023-06-28 14:37:51,18,19,12877,47269
2023-06-28 14:37:51,17,19,12877,47269
2023-06-28 14:37:51,16,19,12877,47269
2023-06-28 14:37:51,17,19,12877,47269
2023-06-28 14:37:53,17,19,13077,47469
2023-06-28 14:37:53,15,19,13077,47669
2023-06-28 14:37:54,15,18,13077,47669
2023-06-28 14:37:55,14,18,13077,47669
2023-06-28 14:37:55,16,18,13077,47669
2023-06-28 14:37:55,14,18,13077,47819
2023-06-28 14:37:57,14,17,13077,47819
2023-06-28 14:38:02,14,16,13077,47819
2023-06-28 14:38:02,14,15,13077,47819
2023-06-28 14:38:06,14,16,13077,47819
2023-06-28 14:38:08,14,15,13077,47819
2023-06-28 14:38:08,12,15,13077,47819
2023-06-28 14:38:13,13,15,13077,47819
2023-06-28 14:38:16,13,16,13077,47819
2023-06-28 14:38:16,13,17,13077,47819
2023-06-28 14:38:31,13,16,13077,47819
2023-06-28 14:38:40,13,15,13077,47819
2023-06-28 14:38:59,13,15,13079,47821
2023-06-28 14:39:01,11,12,13417,48359
2023-06-28 14:39:02,11,14,13619,48561
2023-06-28 14:39:06,12,14,13619,48561
2023-06-28 14:39:39,13,14,13619,48561
2023-06-28 14:39:41,13,14,13619,48811
2023-06-28 14:39:41,13,16,13619,48901
2023-06-28 14:39:45,12,16,13619,48901
2023-06-28 14:39:49,12,15,13619,48901
2023-06-28 14:40:25,12,14,13619,48901
2023-06-28 14:40:25,13,14,13619,48901
2023-06-28 14:40:29,12,14,13618,48922
2023-06-28 14:40:30,12,13,13618,48922
2023-06-28 14:40:45,11,13,13618,48962
2023-06-28 14:40:45,11,12,13618,48962
2023-06-28 14:40:56,11,13,13618,48962
2023-06-28 14:41:12,11,13,13623,48967
2023-06-28 14:41:17,12,13,13623,48967
2023-06-28 14:41:19,12,14,13623,49007
2023-06-28 14:41:19,11,14,13623,49007
2023-06-28 14:41:19,13,14,13623,49007
2023-06-28 14:42:04,13,15,13623,49047
2023-06-28 14:42:04,14,15,13623,49047
2023-06-28 14:42:05,14,15,13618,49052
2023-06-28 14:42:05,15,16,13618,49087
2023-06-28 14:42:05,14,16,13618,49087
2023-06-28 14:42:08,15,16,13618,49087
2023-06-28 14:42:08,15,18,13618,49107
2023-06-28 14:42:09,15,19,13618,49107
2023-06-28 14:42:12,16,19,13618,49107
2023-06-28 14:42:15,17,19,13618,49107
2023-06-28 14:42:18,17,21,13618,49107
2023-06-28 14:42:22,17,20,13618,49107
2023-06-28 14:42:31,17,19,13618,49107
2023-06-28 14:42:37,17,20,13618,49107
2023-06-28 14:42:45,18,20,13618,49107
2023-06-28 14:43:37,19,20,13618,49107
2023-06-28 14:44:01,19,21,13618,49147
2023-06-28 14:45:06,19,20,13618,49147
2023-06-28 14:45:06,18,20,13618,49167
2023-06-28 14:45:09,17,20,13618,49167
2023-06-28 14:46:11,17,19,13618,49167
2023-06-28 14:46:14,17,18,13618,49167
2023-06-28 14:46:20,16,18,13618,49167
2023-06-28 14:46:27,16,19,13618,49167
2023-06-28 14:46:33,16,18,13618,49167
2023-06-28 14:46:51,15,18,13618,49167
2023-06-28 14:46:56,15,19,13618,49167
2023-06-28 14:47:08,15,18,13618,49167
2023-06-28 14:47:17,15,17,13618,49167
2023-06-28 14:47:25,15,18,13618,49167
2023-06-28 14:47:34,15,19,13618,49167
2023-06-28 14:47:43,16,19,13618,49167
2023-06-28 14:47:43,16,20,13618,49167
2023-06-28 14:47:45,16,19,13618,49167
2023-06-28 14:47:59,16,18,13618,49167
2023-06-28 14:48:06,15,18,13618,49167
2023-06-28 14:48:17,15,17,13618,49167
2023-06-28 14:48:21,15,16,13618,49167
2023-06-28 14:48:21,14,16,13618,49187
2023-06-28 14:48:54,15,16,13618,49187
2023-06-28 14:49:03,14,16,13618,49187
2023-06-28 14:50:17,14,15,13618,49187
2023-06-28 14:50:17,13,15,13617,49208
2023-06-28 14:50:35,13,14,13617,49208
2023-06-28 14:50:35,11,14,13615,49250
2023-06-28 14:50:40,11,15,13615,49250
2023-06-28 14:50:43,12,15,13615,49250
2023-06-28 14:52:17,13,15,13615,49250
2023-06-28 14:52:18,14,15,13615,49250
2023-06-28 14:52:25,13,15,13615,49250
2023-06-28 14:52:38,12,15,13615,49250
2023-06-28 14:53:04,13,15,13615,49250
2023-06-28 14:53:16,12,15,13615,49250
2023-06-28 14:53:45,13,15,13615,49250
2023-06-28 14:54:13,14,15,13615,49250
2023-06-28 14:54:13,14,17,13615,49310
2023-06-28 14:54:15,15,17,13615,49310
2023-06-28 14:54:47,15,16,13615,49310
2023-06-28 14:55:02,14,16,13615,49310
2023-06-28 14:55:03,14,15,13615,49310
2023-06-28 14:55:06,13,15,13615,49330
2023-06-28 14:55:06,13,14,13615,49330
2023-06-28 14:55:07,12,14,13615,49400
2023-06-28 14:55:16,10,14,13615,49400
2023-06-28 14:55:30,10,13,13615,49400
2023-06-28 14:55:55,10,14,13615,49400
2023-06-28 14:56:12,10,13,13615,49400
2023-06-28 14:56:29,10,12,13615,49400
2023-06-28 14:56:38,10,13,13615,49400
2023-06-28 14:56:40,10,14,13615,49400
2023-06-28 14:56:47,10,13,13615,49400
2023-06-28 14:57:32,10,14,13615,49400
2023-06-28 14:57:45,11,14,13615,49400
2023-06-28 14:58:10,11,13,13615,49400
2023-06-28 14:58:37,10,13,13615,49420
2023-06-28 14:58:43,10,12,13615,49420
2023-06-28 14:58:47,8,12,13615,49688
2023-06-28 14:59:01,9,12,13615,49688
2023-06-28 14:59:20,10,12,13615,49688
2023-06-28 14:59:21,11,12,13615,49688
2023-06-28 14:59:22,11,14,13615,49728
2023-06-28 14:59:27,12,14,13615,49728
2023-06-28 15:00:25,12,15,13615,49768
2023-06-28 15:00:26,13,15,13615,49768
2023-06-28 15:00:31,13,16,13615,49808
2023-06-28 15:01:04,13,15,13615,49808
2023-06-28 15:01:05,13,14,13615,49808
2023-06-28 15:01:05,12,14,13615,49808
2023-06-28 15:01:06,12,13,13615,49808
2023-06-28 15:01:06,12,14,13615,49808
2023-06-28 15:01:08,12,13,13615,49808
2023-06-28 15:01:10,11,13,13615,49848
2023-06-28 15:01:16,11,12,13615,49848
2023-06-28 15:01:16,10,12,13615,49868
2023-06-28 15:01:20,10,11,13615,49868
2023-06-28 15:01:21,8,11,13615,49888
2023-06-28 15:01:40,8,10,13615,49888
2023-06-28 15:01:42,8,9,13615,49888
2023-06-28 15:01:44,6,9,13615,50158
2023-06-28 15:02:17,6,8,13615,50158
2023-06-28 15:02:18,6,9,13615,50158
2023-06-28 15:02:32,6,8,13615,50158
2023-06-28 15:02:38,6,9,13615,50158
2023-06-28 15:02:47,6,8,13615,50158
2023-06-28 15:02:49,6,7,13615,50158
2023-06-28 15:03:01,6,8,13615,50158
2023-06-28 15:03:25,6,7,13615,50158
2023-06-28 15:03:31,6,7,13815,50358
2023-06-28 15:03:31,4,7,13815,50428
2023-06-28 15:03:33,4,6,13815,50428
2023-06-28 15:03:37,4,5,13815,50428
2023-06-28 15:04:06,4,5,14015,50628
2023-06-28 15:04:09,3,5,14015,50698
2023-06-28 15:05:30,3,4,14015,50698
2023-06-28 15:05:52,3,4,14215,50898
2023-06-28 15:07:01,2,4,14415,51218
2023-06-28 15:07:04,2,3,14415,51218
2023-06-28 15:07:48,2,4,14415,51218
2023-06-28 15:07:51,3,4,14415,51218
2023-06-28 15:07:55,2,4,14415,51229
2023-06-28 15:08:03,2,3,14415,51229
2023-06-28 15:08:03,2,4,14415,51229
2023-06-28 15:08:42,1,2,14455,51269
2023-06-28 15:08:43,1,4,14455,51469
2023-06-28 15:08:56,2,4,14455,51469
2023-06-28 15:09:01,1,4,14455,51469
2023-06-28 15:09:11,1,3,14455,51469
2023-06-28 15:09:13,1,4,14455,51469
2023-06-28 15:09:28,2,4,14455,51469
2023-06-28 15:11:32,3,4,14455,51469
2023-06-28 15:11:35,2,4,14455,51469
2023-06-28 15:11:42,3,4,14455,51469
2023-06-28 15:11:45,2,4,14455,51469
2023-06-28 15:11:46,3,4,14455,51469
2023-06-28 15:11:52,3,5,14415,51509
2023-06-28 15:11:56,4,5,14415,51509
2023-06-28 15:12:15,4,6,14375,51549
2023-06-28 15:12:38,4,6,14375,51649
2023-06-28 15:12:59,5,6,14375,51649
2023-06-28 15:12:59,5,6,14375,51709
2023-06-28 15:14:29,5,6,14395,51729
2023-06-28 15:14:33,6,7,14355,51769
2023-06-28 15:14:33,6,7,14355,51789
2023-06-28 15:15:26,5,7,14375,51809
2023-06-28 15:15:29,6,7,14375,51809
2023-06-28 15:15:29,6,7,14395,51829
2023-06-28 15:15:35,5,7,14395,51829
2023-06-28 15:15:45,5,6,14395,51829
2023-06-28 15:15:57,4,6,14415,51849
2023-06-28 15:16:28,4,5,14415,51849
2023-06-28 15:16:28,4,6,14435,52049
2023-06-28 15:16:38,4,7,14435,52069
2023-06-28 15:16:45,5,7,14435,52069
2023-06-28 15:16:50,4,7,14435,52069
2023-06-28 15:16:53,4,6,14435,52069
2023-06-28 15:16:54,4,7,14435,52089
2023-06-28 15:17:23,5,7,14435,52089
2023-06-28 15:17:33,5,8,14435,52169
2023-06-28 15:19:00,6,8,14435,52169
2023-06-28 15:19:03,6,10,14435,52209
2023-06-28 15:19:04,7,10,14435,52209
2023-06-28 15:19:12,6,10,14435,52209
2023-06-28 15:19:59,7,10,14435,52209
2023-06-28 15:20:02,7,11,14435,52209
2023-06-28 15:20:03,8,11,14435,52209
2023-06-28 15:20:06,8,12,14435,52209
2023-06-28 15:20:16,9,12,14435,52209
2023-06-28 15:20:23,8,12,14435,52209
2023-06-28 15:20:29,9,12,14435,52209
2023-06-28 15:20:31,9,13,14435,52209
2023-06-28 15:20:42,10,13,14435,52209
2023-06-28 15:20:44,9,13,14435,52209
2023-06-28 15:20:45,9,12,14435,52209
2023-06-28 15:20:58,9,13,14435,52209
2023-06-28 15:21:10,9,12,14435,52209
2023-06-28 15:21:29,9,11,14435,52209
2023-06-28 15:21:34,8,11,14440,52214
2023-06-28 15:21:51,8,10,14440,52214
2023-06-28 15:22:32,8,9,14440,52214
2023-06-28 15:22:33,7,9,14445,52219
2023-06-28 15:22:34,5,9,14500,52274
2023-06-28 15:22:40,6,9,14500,52274
2023-06-28 15:22:41,6,10,14500,52274
2023-06-28 15:22:50,6,9,14500,52274
2023-06-28 15:23:01,6,10,14500,52274
2023-06-28 15:23:09,7,10,14500,52274
2023-06-28 15:25:14,7,9,14500,52274
2023-06-28 15:25:16,7,10,14500,52274
2023-06-28 15:25:20,7,9,14500,52274
2023-06-28 15:25:43,7,10,14500,52332
2023-06-28 15:25:50,7,9,14500,52332
2023-06-28 15:25:54,7,8,14500,52332
2023-06-28 15:26:06,6,8,14502,52334
2023-06-28 15:26:07,6,7,14502,52334
2023-06-28 15:26:09,3,7,14507,52339
2023-06-28 15:26:18,4,7,14507,52339
2023-06-28 15:26:18,4,8,14507,52339
2023-06-28 15:26:24,4,7,14507,52339
2023-06-28 15:26:24,3,7,14507,52339
2023-06-28 15:26:40,3,6,14507,52339
2023-06-28 15:26:46,4,6,14507,52339
2023-06-28 15:26:59,3,6,14507,52339
2023-06-28 15:27:07,3,5,14507,52339
2023-06-28 15:27:35,3,4,14507,52339
2023-06-28 15:27:49,2,4,14507,52339
2023-06-28 15:27:55,2,5,14507,52339
2023-06-28 15:28:03,2,4,14507,52339
2023-06-28 15:29:12,2,3,14507,52339
2023-06-28 15:29:19,2,4,14507,52339
2023-06-28 15:30:00,2,3,14507,52339
2023-06-28 15:30:07,2,4,14507,52339
2023-06-28 15:30:19,2,3,14507,52339
2023-06-28 15:30:45,2,3,14707,52539
2023-06-28 15:34:58,1,2,14764,52596
2023-06-28 15:34:59,1,3,14764,52596
2023-06-28 15:35:02,1,2,14764,52596
2023-06-28 15:35:53,1,3,14764,52596
2023-06-28 15:36:15,1,2,14764,52596
2023-06-28 15:40:08,1,2,14791,52623
2023-06-28 15:41:07,1,2,14791,52628
2023-06-28 15:41:07,1,2,14791,52633
2023-06-28 15:41:18,1,2,14791,52753
2023-06-28 15:41:27,1,2,14791,52833
2023-06-28 15:41:42,2,3,14791,52848
2023-06-28 15:41:46,2,3,14939,52996
2023-06-28 15:42:19,1,3,15031,53088
2023-06-28 15:44:12,1,2,15031,53088
2023-06-28 15:45:06,1,2,15031,53188
2023-06-28 15:45:30,1,2,15031,53193
2023-06-28 15:45:30,1,2,15031,53198
2023-06-28 15:45:30,1,2,15031,53203
2023-06-28 15:45:43,1,2,15031,53238
2023-06-28 15:45:52,1,2,15031,53239
2023-06-28 15:45:55,1,2,15031,53255
2023-06-28 15:46:39,1,2,15031,53295
2023-06-28 15:46:52,1,2,15031,53444
2023-06-28 15:46:55,1,2,15031,53593
2023-06-28 15:48:07,0,2,15036,53623
2023-06-28 15:50:23,0,1,15036,53623
2023-06-28 15:51:55,0,3,15156,53758
2023-06-28 15:52:02,1,3,15156,53758
2023-06-28 15:53:37,0,3,15531,54133
2023-06-28 15:53:43,1,3,15531,54133
2023-06-28 15:54:24,0,3,15531,54133
2023-06-28 15:54:25,1,3,15531,54133
2023-06-28 15:54:30,0,3,15531,54133
2023-06-28 15:54:34,1,3,15531,54133
2023-06-28 15:54:39,0,3,15531,54133
2023-06-28 15:54:46,0,1,15531,54133
2023-06-28 15:59:55,1,3,15516,54248
2023-06-28 15:59:55,1,2,15516,54248
2023-06-28 15:59:56,0,2,15516,54248
