datetime,bid,ask,open_interest,volume
2023-01-24 09:32:40,0,99,1172,1612
2023-01-24 09:32:43,7,99,1172,1612
2023-01-24 09:32:44,7,21,1172,1612
2023-01-24 09:37:47,0,99,1172,1612
2023-01-24 09:39:06,1,99,1172,1612
2023-01-24 09:40:05,6,99,1172,1612
2023-01-24 09:40:05,6,20,1172,1612
2023-01-24 09:40:13,1,20,1172,1612
2023-01-24 09:40:13,1,26,1172,1612
2023-01-24 09:40:14,1,32,1172,1612
2023-01-24 09:40:14,1,38,1172,1612
2023-01-24 09:40:14,1,44,1172,1612
2023-01-24 09:40:14,1,100,1172,1612
2023-01-24 09:40:14,1,99,1172,1612
2023-01-24 09:40:29,0,99,1172,1612
2023-01-24 09:40:49,9,99,1172,1612
2023-01-24 09:40:49,10,99,1172,1612
2023-01-24 09:40:49,10,16,1172,1612
2023-01-24 09:40:50,11,16,1172,1612
2023-01-24 09:41:48,11,18,1172,1612
2023-01-24 09:41:49,11,15,1172,1612
2023-01-24 09:42:17,10,15,1172,1612
2023-01-24 09:42:48,9,15,1172,1612
2023-01-24 09:42:49,9,13,1172,1612
2023-01-24 09:43:18,9,14,1172,1612
2023-01-24 09:43:19,10,14,1172,1612
2023-01-24 09:44:17,10,16,1172,1612
2023-01-24 09:44:19,10,14,1172,1612
2023-01-24 09:45:48,9,14,1172,1612
2023-01-24 09:45:48,10,14,1172,1612
2023-01-24 09:46:18,10,16,1172,1612
2023-01-24 09:46:18,10,18,1172,1612
2023-01-24 09:46:18,10,19,1172,1612
2023-01-24 09:46:19,11,19,1172,1612
2023-01-24 09:46:19,11,17,1172,1612
2023-01-24 09:46:19,11,15,1172,1612
2023-01-24 09:46:47,10,15,1172,1612
2023-01-24 09:46:48,10,14,1172,1612
2023-01-24 09:47:18,10,12,1172,1612
2023-01-24 09:47:18,8,12,1172,1612
2023-01-24 09:47:47,7,12,1172,1612
2023-01-24 09:47:48,7,11,1172,1612
2023-01-24 09:49:18,7,10,1172,1612
2023-01-24 09:49:47,7,11,1172,1612
2023-01-24 09:50:24,7,12,1172,1612
2023-01-24 09:50:25,7,11,1172,1612
2023-01-24 09:51:48,7,10,1172,1612
2023-01-24 09:52:20,7,11,1172,1612
2023-01-24 09:52:48,6,11,1172,1612
2023-01-24 09:52:48,5,11,1172,1612
2023-01-24 09:52:48,5,10,1172,1612
2023-01-24 09:52:48,6,10,1172,1612
2023-01-24 09:53:49,4,10,1172,1612
2023-01-24 09:53:50,5,10,1172,1612
2023-01-24 09:53:50,5,9,1172,1612
2023-01-24 09:54:17,5,8,1172,1612
2023-01-24 09:55:20,4,8,1172,1612
2023-01-24 09:55:48,3,8,1172,1612
2023-01-24 09:55:48,4,8,1172,1612
2023-01-24 09:56:19,5,8,1172,1612
2023-01-24 09:56:48,5,10,1172,1612
2023-01-24 09:56:49,5,9,1172,1612
2023-01-24 09:57:18,6,9,1172,1612
2023-01-24 09:57:47,6,10,1172,1612
2023-01-24 09:57:48,6,11,1172,1612
2023-01-24 09:57:48,7,11,1172,1612
2023-01-24 09:58:47,7,12,1172,1612
2023-01-24 09:58:47,8,12,1172,1612
2023-01-24 09:59:49,9,12,1172,1612
2023-01-24 09:59:49,9,13,1172,1612
2023-01-24 10:00:10,9,13,1272,1712
2023-01-24 10:00:24,9,14,1272,1712
2023-01-24 10:00:25,10,14,1272,1712
2023-01-24 10:00:49,9,14,1272,1712
2023-01-24 10:00:51,9,13,1272,1712
2023-01-24 10:01:18,9,14,1272,1712
2023-01-24 10:01:18,9,100,1272,1712
2023-01-24 10:01:19,9,99,1272,1712
2023-01-24 10:01:19,11,99,1272,1712
2023-01-24 10:01:20,11,20,1272,1712
2023-01-24 10:01:20,11,18,1272,1712
2023-01-24 10:01:20,11,16,1272,1712
2023-01-24 10:01:51,12,16,1272,1712
2023-01-24 10:02:20,12,15,1272,1712
2023-01-24 10:02:20,11,15,1272,1712
2023-01-24 10:03:19,11,17,1272,1712
2023-01-24 10:03:19,11,16,1272,1712
2023-01-24 10:03:20,12,16,1272,1712
2023-01-24 10:04:18,12,18,1272,1712
2023-01-24 10:04:18,11,18,1272,1712
2023-01-24 10:04:18,11,16,1272,1712
2023-01-24 10:05:21,12,16,1272,1712
2023-01-24 10:05:48,12,19,1272,1712
2023-01-24 10:05:48,12,17,1272,1712
2023-01-24 10:06:11,12,17,1605,2045
2023-01-24 10:06:18,15,17,1605,2045
2023-01-24 10:06:20,15,19,1605,2045
2023-01-24 10:06:48,15,20,1605,2045
2023-01-24 10:07:42,15,20,1605,2145
2023-01-24 10:07:49,15,22,1605,2145
2023-01-24 10:07:49,15,23,1605,2145
2023-01-24 10:07:50,15,21,1605,2145
2023-01-24 10:07:50,15,19,1605,2145
2023-01-24 10:08:21,14,19,1605,2145
2023-01-24 10:08:49,13,19,1605,2145
2023-01-24 10:08:49,13,17,1605,2145
2023-01-24 10:09:18,13,19,1605,2145
2023-01-24 10:09:19,13,16,1605,2145
2023-01-24 10:09:20,12,16,1605,2145
2023-01-24 10:09:49,11,16,1605,2145
2023-01-24 10:09:49,11,15,1605,2145
2023-01-24 10:10:25,11,19,1605,2145
2023-01-24 10:10:25,11,16,1605,2145
2023-01-24 10:10:27,12,16,1605,2145
2023-01-24 10:11:48,12,18,1605,2145
2023-01-24 10:11:49,11,18,1605,2145
2023-01-24 10:11:49,10,18,1605,2145
2023-01-24 10:11:49,10,20,1605,2145
2023-01-24 10:11:50,10,15,1605,2145
2023-01-24 10:11:50,11,15,1605,2145
2023-01-24 10:12:18,11,17,1605,2145
2023-01-24 10:12:20,11,19,1605,2145
2023-01-24 10:12:20,11,23,1605,2145
2023-01-24 10:12:20,11,16,1605,2145
2023-01-24 10:12:20,11,14,1605,2145
2023-01-24 10:12:21,10,14,1605,2145
2023-01-24 10:14:17,9,14,1605,2145
2023-01-24 10:14:17,10,14,1605,2145
2023-01-24 10:15:22,10,13,1605,2145
2023-01-24 10:15:23,9,13,1605,2145
2023-01-24 10:15:29,9,13,1605,2478
2023-01-24 10:15:41,8,13,1605,2497
2023-01-24 10:15:50,8,11,1605,2497
2023-01-24 10:15:50,8,10,1605,2497
2023-01-24 10:15:50,8,9,1605,2497
2023-01-24 10:15:50,7,9,1605,2497
2023-01-24 10:15:51,5,9,1605,2497
2023-01-24 10:16:22,6,9,1605,2497
2023-01-24 10:16:49,6,10,1605,2497
2023-01-24 10:17:17,6,11,1605,2497
2023-01-24 10:17:19,7,11,1605,2497
2023-01-24 10:18:51,6,11,1605,2497
2023-01-24 10:18:52,1,11,1605,2497
2023-01-24 10:18:52,5,11,1605,2497
2023-01-24 10:18:52,6,11,1605,2497
2023-01-24 10:18:52,7,11,1605,2497
2023-01-24 10:19:16,7,12,1605,2497
2023-01-24 10:19:17,8,12,1605,2497
2023-01-24 10:20:25,10,12,1605,2497
2023-01-24 10:20:27,10,13,1605,2497
2023-01-24 10:20:27,10,14,1605,2497
2023-01-24 10:20:49,9,14,1605,2497
2023-01-24 10:20:50,9,13,1605,2497
2023-01-24 10:21:49,8,13,1605,2497
2023-01-24 10:21:52,8,12,1605,2497
2023-01-24 10:22:51,8,13,1605,2497
2023-01-24 10:22:51,9,13,1605,2497
2023-01-24 10:24:50,9,15,1605,2497
2023-01-24 10:24:51,11,15,1605,2497
2023-01-24 10:24:51,12,15,1605,2497
2023-01-24 10:24:52,12,16,1605,2497
2023-01-24 10:25:21,11,16,1605,2497
2023-01-24 10:25:21,11,18,1605,2497
2023-01-24 10:25:21,11,17,1605,2497
2023-01-24 10:25:21,11,15,1605,2497
2023-01-24 10:25:50,10,15,1605,2497
2023-01-24 10:25:51,10,14,1605,2497
2023-01-24 10:25:51,10,13,1605,2497
2023-01-24 10:25:52,9,13,1605,2497
2023-01-24 10:26:49,8,13,1605,2497
2023-01-24 10:26:49,7,13,1605,2497
2023-01-24 10:26:49,8,13,1605,2497
2023-01-24 10:26:50,8,12,1605,2497
2023-01-24 10:27:46,8,13,1605,2497
2023-01-24 10:27:47,9,13,1605,2497
2023-01-24 10:28:19,8,13,1605,2497
2023-01-24 10:28:20,8,12,1605,2497
2023-01-24 10:29:22,8,13,1605,2497
2023-01-24 10:29:22,9,13,1605,2497
2023-01-24 10:29:51,8,13,1605,2497
2023-01-24 10:29:53,8,12,1605,2497
2023-01-24 10:30:24,7,12,1605,2497
2023-01-24 10:30:25,7,11,1605,2497
2023-01-24 10:30:50,6,11,1605,2497
2023-01-24 10:30:50,6,13,1605,2497
2023-01-24 10:30:51,6,18,1605,2497
2023-01-24 10:30:51,8,18,1605,2497
2023-01-24 10:30:51,9,18,1605,2497
2023-01-24 10:30:51,9,14,1605,2497
2023-01-24 10:30:51,10,14,1605,2497
2023-01-24 10:31:20,9,14,1605,2497
2023-01-24 10:31:21,9,13,1605,2497
2023-01-24 10:32:18,8,13,1605,2497
2023-01-24 10:32:19,8,12,1605,2497
2023-01-24 10:32:49,8,11,1605,2497
2023-01-24 10:33:18,8,12,1605,2497
2023-01-24 10:33:19,7,12,1605,2497
2023-01-24 10:33:19,8,12,1605,2497
2023-01-24 10:33:49,7,12,1605,2497
2023-01-24 10:33:51,7,11,1605,2497
2023-01-24 10:35:22,8,11,1605,2497
2023-01-24 10:35:49,8,12,1605,2497
2023-01-24 10:36:44,8,12,1705,2597
2023-01-24 10:36:51,8,15,1705,2597
2023-01-24 10:36:52,9,15,1705,2597
2023-01-24 10:36:52,11,15,1705,2597
2023-01-24 10:37:17,11,17,1705,2597
2023-01-24 10:37:18,12,17,1705,2597
2023-01-24 10:37:18,12,16,1705,2597
2023-01-24 10:37:47,10,16,1705,2597
2023-01-24 10:37:47,11,16,1705,2597
2023-01-24 10:38:20,12,16,1705,2597
2023-01-24 10:38:49,11,16,1705,2597
2023-01-24 10:38:49,11,15,1705,2597
2023-01-24 10:40:51,12,15,1705,2597
2023-01-24 10:40:51,12,16,1705,2597
2023-01-24 10:41:19,12,18,1705,2597
2023-01-24 10:41:20,12,15,1705,2597
2023-01-24 10:41:21,11,15,1705,2597
2023-01-24 10:41:48,10,15,1705,2597
2023-01-24 10:42:19,10,21,1705,2597
2023-01-24 10:42:20,10,16,1705,2597
2023-01-24 10:42:20,10,14,1705,2597
2023-01-24 10:42:49,9,14,1705,2597
2023-01-24 10:42:50,9,13,1705,2597
2023-01-24 10:43:47,8,13,1705,2597
2023-01-24 10:43:49,7,13,1705,2597
2023-01-24 10:43:49,7,12,1705,2597
2023-01-24 10:43:49,8,12,1705,2597
2023-01-24 10:44:17,7,12,1705,2597
2023-01-24 10:44:18,7,11,1705,2597
2023-01-24 10:45:49,8,11,1705,2597
2023-01-24 10:45:50,8,12,1705,2597
2023-01-24 10:46:18,7,12,1705,2597
2023-01-24 10:46:18,7,11,1705,2597
2023-01-24 10:46:19,7,10,1705,2597
2023-01-24 10:46:21,6,10,1705,2597
2023-01-24 10:47:46,5,10,1705,2597
2023-01-24 10:47:46,4,10,1705,2597
2023-01-24 10:47:47,5,10,1705,2597
2023-01-24 10:47:47,6,10,1705,2597
2023-01-24 10:48:18,7,10,1705,2597
2023-01-24 10:48:50,6,10,1705,2597
2023-01-24 10:49:47,6,11,1705,2597
2023-01-24 10:49:47,6,10,1705,2597
2023-01-24 10:50:26,6,9,1705,2597
2023-01-24 10:51:18,5,9,1705,2597
2023-01-24 10:52:19,6,9,1705,2597
2023-01-24 10:52:50,6,10,1705,2597
2023-01-24 10:53:19,6,9,1705,2597
2023-01-24 10:53:48,6,9,1705,2597
2023-01-24 10:54:18,5,9,1705,2597
2023-01-24 10:55:22,5,8,1705,2597
2023-01-24 10:55:22,5,7,1705,2597
2023-01-24 10:55:22,4,7,1705,2597
2023-01-24 10:55:48,3,7,1705,2597
2023-01-24 10:56:49,3,8,1705,2597
2023-01-24 10:56:49,3,7,1705,2597
2023-01-24 10:57:19,3,6,1705,2597
2023-01-24 10:57:47,2,6,1705,2597
2023-01-24 10:59:52,3,6,1705,2597
2023-01-24 11:00:50,2,6,1705,2597
2023-01-24 11:00:50,3,6,1705,2597
2023-01-24 11:01:19,3,7,1705,2597
2023-01-24 11:01:20,3,8,1705,2597
2023-01-24 11:01:21,3,7,1705,2597
2023-01-24 11:02:23,3,6,1705,2597
2023-01-24 11:03:19,2,6,1705,2597
2023-01-24 11:03:48,2,7,1705,2597
2023-01-24 11:03:49,1,7,1705,2597
2023-01-24 11:03:49,1,6,1705,2597
2023-01-24 11:03:49,2,6,1705,2597
2023-01-24 11:04:19,3,6,1705,2597
2023-01-24 11:04:47,2,6,1705,2597
2023-01-24 11:05:49,3,6,1705,2597
2023-01-24 11:07:19,2,6,1705,2597
2023-01-24 11:07:19,3,6,1705,2597
2023-01-24 11:08:19,3,7,1705,2597
2023-01-24 11:08:52,3,8,1705,2597
2023-01-24 11:08:53,3,7,1705,2597
2023-01-24 11:09:19,3,6,1705,2597
2023-01-24 11:12:18,2,6,1705,2597
2023-01-24 11:12:19,3,6,1705,2597
2023-01-24 11:13:18,3,7,1705,2597
2023-01-24 11:13:51,4,7,1705,2597
2023-01-24 11:14:19,4,8,1705,2597
2023-01-24 11:14:48,4,7,1705,2597
2023-01-24 11:14:50,3,7,1705,2597
2023-01-24 11:16:49,4,7,1705,2597
2023-01-24 11:16:50,4,8,1705,2597
2023-01-24 11:17:18,5,8,1705,2597
2023-01-24 11:17:47,4,8,1705,2597
2023-01-24 11:18:18,4,9,1705,2597
2023-01-24 11:18:19,4,8,1705,2597
2023-01-24 11:18:48,3,8,1705,2597
2023-01-24 11:18:49,4,8,1705,2597
2023-01-24 11:19:48,4,7,1705,2597
2023-01-24 11:21:20,4,8,1705,2597
2023-01-24 11:21:49,4,9,1705,2597
2023-01-24 11:21:50,4,8,1705,2597
2023-01-24 11:22:17,4,7,1705,2597
2023-01-24 11:22:52,3,7,1705,2597
2023-01-24 11:23:18,4,7,1705,2597
2023-01-24 11:24:20,4,6,1705,2597
2023-01-24 11:24:21,3,6,1705,2597
2023-01-24 11:24:51,2,6,1705,2597
2023-01-24 11:25:20,2,5,1705,2597
2023-01-24 11:25:49,2,6,1705,2597
2023-01-24 11:25:49,2,7,1705,2597
2023-01-24 11:25:49,2,6,1705,2597
2023-01-24 11:26:18,1,6,1705,2597
2023-01-24 11:26:21,2,6,1705,2597
2023-01-24 11:26:48,2,5,1705,2597
2023-01-24 11:27:48,2,6,1705,2597
2023-01-24 11:28:18,2,5,1705,2597
2023-01-24 11:29:47,2,6,1705,2597
2023-01-24 11:29:48,2,5,1705,2597
2023-01-24 11:30:23,1,5,1705,2597
2023-01-24 11:30:48,0,5,1705,2597
2023-01-24 11:30:48,0,6,1705,2597
2023-01-24 11:30:48,0,13,1705,2597
2023-01-24 11:31:14,0,24,1705,2597
2023-01-24 11:31:18,1,24,1705,2597
2023-01-24 11:31:18,1,100,1705,2597
2023-01-24 11:31:18,1,5,1705,2597
2023-01-24 11:31:19,2,5,1705,2597
2023-01-24 11:31:48,2,6,1705,2597
2023-01-24 11:33:18,1,6,1705,2597
2023-01-24 11:33:19,2,6,1705,2597
2023-01-24 11:33:48,3,6,1705,2597
2023-01-24 11:34:50,3,7,1705,2597
2023-01-24 11:35:20,2,7,1705,2597
2023-01-24 11:35:20,3,7,1705,2597
2023-01-24 11:36:17,3,6,1705,2597
2023-01-24 11:37:18,2,6,1705,2597
2023-01-24 11:37:50,1,6,1705,2597
2023-01-24 11:37:51,2,6,1705,2597
2023-01-24 11:40:52,2,5,1705,2597
2023-01-24 11:41:17,2,6,1705,2597
2023-01-24 11:41:49,3,6,1705,2597
2023-01-24 11:42:51,2,6,1705,2597
2023-01-24 11:42:51,2,7,1705,2597
2023-01-24 11:42:51,2,6,1705,2597
2023-01-24 11:43:18,1,6,1705,2597
2023-01-24 11:43:18,2,6,1705,2597
2023-01-24 11:45:49,3,6,1705,2597
2023-01-24 11:46:17,2,6,1705,2597
2023-01-24 11:46:48,2,5,1705,2597
2023-01-24 11:47:48,2,6,1705,2597
2023-01-24 11:47:49,1,6,1705,2597
2023-01-24 11:47:49,2,6,1705,2597
2023-01-24 11:48:18,2,5,1705,2597
2023-01-24 11:54:49,2,6,1705,2597
2023-01-24 11:55:51,2,5,1705,2597
2023-01-24 11:59:17,2,6,1705,2597
2023-01-24 11:59:48,2,5,1705,2597
2023-01-24 12:00:52,2,6,1705,2597
2023-01-24 12:01:18,1,6,1705,2597
2023-01-24 12:01:18,2,6,1705,2597
2023-01-24 12:01:49,2,7,1705,2597
2023-01-24 12:01:50,4,7,1705,2597
2023-01-24 12:02:47,4,8,1705,2597
2023-01-24 12:02:48,3,8,1705,2597
2023-01-24 12:02:48,4,8,1705,2597
2023-01-24 12:03:49,4,7,1705,2597
2023-01-24 12:04:49,4,6,1705,2597
2023-01-24 12:06:49,2,6,1705,2597
2023-01-24 12:07:21,3,6,1705,2597
2023-01-24 12:07:47,2,6,1705,2597
2023-01-24 12:07:48,2,5,1705,2597
2023-01-24 12:09:18,2,6,1705,2597
2023-01-24 12:09:18,2,5,1705,2597
2023-01-24 12:10:23,2,6,1705,2597
2023-01-24 12:10:23,2,5,1705,2597
2023-01-24 12:11:18,1,5,1705,2597
2023-01-24 12:11:48,1,6,1705,2597
2023-01-24 12:11:48,1,11,1705,2597
2023-01-24 12:11:48,0,11,1705,2597
2023-01-24 12:12:36,0,16,1705,2597
2023-01-24 12:12:49,0,100,1705,2597
2023-01-24 12:12:49,0,99,1705,2597
2023-01-24 12:12:51,0,11,1705,2597
2023-01-24 12:17:51,0,16,1705,2597
2023-01-24 12:17:51,0,29,1705,2597
2023-01-24 12:17:52,0,34,1705,2597
2023-01-24 12:17:52,0,100,1705,2597
2023-01-24 12:17:52,0,99,1705,2597
2023-01-24 12:17:58,0,10,1705,2597
2023-01-24 12:22:47,0,16,1705,2597
2023-01-24 12:22:47,0,15,1705,2597
2023-01-24 12:22:48,0,100,1705,2597
2023-01-24 12:22:49,0,99,1705,2597
2023-01-24 12:23:04,0,10,1705,2597
2023-01-24 12:28:04,0,21,1705,2597
2023-01-24 12:28:05,0,10,1705,2597
2023-01-24 12:36:47,0,7,1705,2597
2023-01-24 12:36:47,0,6,1705,2597
2023-01-24 12:36:47,0,5,1705,2597
2023-01-24 12:36:47,1,5,1705,2597
2023-01-24 12:37:47,0,5,1705,2597
2023-01-24 12:37:48,0,7,1705,2597
2023-01-24 12:37:48,0,10,1705,2597
2023-01-24 12:38:10,0,15,1705,2597
2023-01-24 12:38:10,0,100,1705,2597
2023-01-24 12:38:10,0,11,1705,2597
2023-01-24 12:40:34,0,17,1705,2597
2023-01-24 12:40:34,0,23,1705,2597
2023-01-24 12:40:34,0,16,1705,2597
2023-01-24 12:40:34,0,23,1705,2597
2023-01-24 12:40:34,0,29,1705,2597
2023-01-24 12:40:35,0,35,1705,2597
2023-01-24 12:40:35,0,100,1705,2597
2023-01-24 12:40:35,0,34,1705,2597
2023-01-24 12:40:35,0,100,1705,2597
2023-01-24 12:40:50,0,99,1705,2597
2023-01-24 12:42:18,2,99,1705,2597
2023-01-24 12:42:18,2,7,1705,2597
2023-01-24 12:42:18,2,5,1705,2597
2023-01-24 12:44:48,2,6,1705,2597
2023-01-24 12:44:49,2,5,1705,2597
2023-01-24 12:45:19,1,5,1705,2597
2023-01-24 12:45:19,2,5,1705,2597
2023-01-24 12:49:47,2,6,1705,2597
2023-01-24 12:49:47,2,5,1705,2597
2023-01-24 12:51:48,2,6,1705,2597
2023-01-24 12:51:49,2,5,1705,2597
2023-01-24 12:51:50,1,5,1705,2597
2023-01-24 12:52:21,2,5,1705,2597
2023-01-24 12:53:45,1,5,1705,2597
2023-01-24 12:54:16,1,6,1705,2597
2023-01-24 12:54:16,1,11,1705,2597
2023-01-24 12:54:17,0,11,1705,2597
2023-01-24 12:55:20,0,5,1705,2597
2023-01-24 12:55:20,1,5,1705,2597
2023-01-24 12:56:18,1,6,1705,2597
2023-01-24 12:56:19,1,5,1705,2597
2023-01-24 12:56:46,1,7,1705,2597
2023-01-24 12:56:47,0,7,1705,2597
2023-01-24 12:56:47,0,11,1705,2597
2023-01-24 12:57:17,0,10,1705,2597
2023-01-24 12:57:17,0,11,1705,2597
2023-01-24 12:58:39,0,10,1705,2597
2023-01-24 12:58:47,0,5,1705,2597
2023-01-24 12:58:47,1,5,1705,2597
2023-01-24 12:58:48,2,5,1705,2597
2023-01-24 12:59:16,1,5,1705,2597
2023-01-24 12:59:46,0,5,1705,2597
2023-01-24 12:59:46,0,6,1705,2597
2023-01-24 12:59:46,0,11,1705,2597
2023-01-24 13:00:24,0,10,1705,2597
2023-01-24 13:00:49,0,11,1705,2597
2023-01-24 13:01:48,0,10,1705,2597
2023-01-24 13:01:54,0,11,1705,2597
2023-01-24 13:03:22,0,16,1705,2597
2023-01-24 13:03:22,0,100,1705,2597
2023-01-24 13:03:24,0,10,1705,2597
2023-01-24 13:04:29,0,9,1705,2597
2023-01-24 13:04:33,0,10,1705,2597
2023-01-24 13:05:00,0,16,1705,2597
2023-01-24 13:05:00,0,15,1705,2597
2023-01-24 13:05:47,2,15,1705,2597
2023-01-24 13:05:47,2,5,1705,2597
2023-01-24 13:06:17,2,6,1705,2597
2023-01-24 13:06:47,2,5,1705,2597
2023-01-24 13:08:17,2,6,1705,2597
2023-01-24 13:08:18,2,5,1705,2597
2023-01-24 13:08:46,2,4,1705,2597
2023-01-24 13:08:46,1,4,1705,2597
2023-01-24 13:09:16,0,4,1705,2597
2023-01-24 13:09:16,0,5,1705,2597
2023-01-24 13:09:18,0,12,1705,2597
2023-01-24 13:10:04,0,11,1705,2597
2023-01-24 13:10:22,0,12,1705,2597
2023-01-24 13:10:22,0,10,1705,2597
2023-01-24 13:10:22,0,12,1705,2597
2023-01-24 13:10:23,0,11,1705,2597
2023-01-24 13:11:52,0,12,1705,2597
2023-01-24 13:12:48,0,11,1705,2597
2023-01-24 13:13:19,0,12,1705,2597
2023-01-24 13:13:24,3,12,1705,2597
2023-01-24 13:13:28,3,23,1705,2597
2023-01-24 13:13:28,3,100,1705,2597
2023-01-24 13:13:29,3,99,1705,2597
2023-01-24 13:13:31,3,10,1705,2597
2023-01-24 13:18:31,3,33,1705,2597
2023-01-24 13:18:35,3,9,1705,2597
2023-01-24 13:18:35,3,8,1705,2597
2023-01-24 13:18:43,3,9,1705,2597
2023-01-24 13:22:10,3,15,1705,2597
2023-01-24 13:22:11,3,14,1705,2597
2023-01-24 13:22:41,3,9,1705,2597
2023-01-24 13:27:40,3,14,1705,2597
2023-01-24 13:27:48,3,100,1705,2597
2023-01-24 13:27:48,3,99,1705,2597
2023-01-24 13:27:57,3,9,1705,2597
2023-01-24 13:32:45,3,14,1705,2597
2023-01-24 13:33:02,3,8,1705,2597
2023-01-24 13:35:33,3,4,1705,2597
2023-01-24 13:44:28,0,4,1708,2602
2023-01-24 13:48:57,0,1,1708,2602
2023-01-24 14:12:53,1,4,1711,2605
2023-01-24 14:31:31,1,4,1729,2623
2023-01-24 14:31:45,1,4,1747,2641
2023-01-24 14:31:55,1,4,1765,2659
2023-01-24 14:32:02,1,4,1783,2677
2023-01-24 14:32:11,1,4,1801,2695
2023-01-24 14:32:31,0,1,1808,2702
