datetime,bid,ask,open_interest,volume
2023-01-30 09:30:11,0,17,64,64
2023-01-30 09:30:15,0,14,64,64
2023-01-30 09:30:15,2,14,64,64
2023-01-30 09:30:16,6,14,64,64
2023-01-30 09:33:51,8,14,64,64
2023-01-30 09:33:51,8,16,64,64
2023-01-30 09:34:15,8,15,64,64
2023-01-30 09:34:42,10,15,64,64
2023-01-30 09:34:45,10,18,64,64
2023-01-30 09:34:45,10,17,64,64
2023-01-30 09:35:15,10,18,64,64
2023-01-30 09:35:15,10,16,64,64
2023-01-30 09:35:45,10,18,64,64
2023-01-30 09:35:46,10,16,64,64
2023-01-30 09:36:44,10,18,64,64
2023-01-30 09:36:44,10,17,64,64
2023-01-30 09:37:14,10,18,64,64
2023-01-30 09:37:14,10,17,64,64
2023-01-30 09:37:44,10,18,64,64
2023-01-30 09:37:44,10,16,64,64
2023-01-30 09:38:14,10,18,64,64
2023-01-30 09:38:15,10,16,64,64
2023-01-30 09:38:27,9,16,64,64
2023-01-30 09:38:45,8,16,64,64
2023-01-30 09:38:45,8,15,64,64
2023-01-30 09:39:12,8,14,64,64
2023-01-30 09:39:15,7,14,64,64
2023-01-30 09:40:46,8,14,64,64
2023-01-30 09:40:46,8,13,64,64
2023-01-30 09:40:46,8,12,64,64
2023-01-30 09:41:16,10,12,64,64
2023-01-30 09:41:18,10,14,64,64
2023-01-30 09:41:46,11,14,64,64
2023-01-30 09:41:48,11,15,64,64
2023-01-30 09:42:17,10,15,64,64
2023-01-30 09:42:17,10,16,64,64
2023-01-30 09:42:17,10,14,64,64
2023-01-30 09:42:46,10,16,64,64
2023-01-30 09:42:47,11,16,64,64
2023-01-30 09:42:47,11,15,64,64
2023-01-30 09:43:16,9,15,64,64
2023-01-30 09:43:16,10,15,64,64
2023-01-30 09:43:16,10,14,64,64
2023-01-30 09:44:23,9,14,64,64
2023-01-30 09:44:24,10,14,64,64
2023-01-30 09:44:46,10,13,64,64
2023-01-30 09:44:46,9,13,64,64
2023-01-30 09:45:26,9,13,79,79
2023-01-30 09:45:47,8,13,79,79
2023-01-30 09:45:48,8,12,79,79
2023-01-30 09:46:18,7,12,79,79
2023-01-30 09:46:19,7,11,79,79
2023-01-30 09:47:17,6,11,79,79
2023-01-30 09:47:18,6,10,79,79
2023-01-30 09:48:47,5,10,79,79
2023-01-30 09:48:47,5,9,79,79
2023-01-30 09:49:17,6,9,79,79
2023-01-30 09:49:47,6,10,79,79
2023-01-30 09:50:23,5,10,79,79
2023-01-30 09:50:23,6,10,79,79
2023-01-30 09:50:48,6,9,79,79
2023-01-30 09:51:20,6,10,79,79
2023-01-30 09:52:17,6,9,79,79
2023-01-30 09:52:47,5,9,79,79
2023-01-30 09:53:18,5,10,79,79
2023-01-30 09:53:18,5,9,79,79
2023-01-30 09:54:18,7,9,79,79
2023-01-30 09:54:35,7,10,375,454
2023-01-30 09:54:46,8,10,375,454
2023-01-30 09:54:50,8,11,375,454
2023-01-30 09:54:50,8,12,375,454
2023-01-30 09:55:19,9,12,375,454
2023-01-30 09:55:49,9,13,375,454
2023-01-30 09:56:18,9,12,375,454
2023-01-30 09:56:20,9,11,375,454
2023-01-30 09:56:48,8,11,375,454
2023-01-30 09:56:48,7,11,375,454
2023-01-30 09:57:45,7,10,375,454
2023-01-30 09:57:45,6,10,375,454
2023-01-30 09:59:17,6,9,375,454
2023-01-30 09:59:47,5,9,375,454
2023-01-30 10:00:50,6,9,375,454
2023-01-30 10:01:18,6,10,375,454
2023-01-30 10:01:46,5,10,375,454
2023-01-30 10:01:48,5,9,375,454
2023-01-30 10:02:18,5,8,375,454
2023-01-30 10:02:21,4,8,375,454
2023-01-30 10:02:45,5,8,375,454
2023-01-30 10:04:18,5,9,375,454
2023-01-30 10:04:46,5,8,375,454
2023-01-30 10:05:21,4,8,375,454
2023-01-30 10:05:48,4,7,375,454
2023-01-30 10:06:42,5,7,375,454
2023-01-30 10:06:46,5,8,375,454
2023-01-30 10:08:17,5,9,375,454
2023-01-30 10:08:19,5,8,375,454
2023-01-30 10:08:40,6,8,375,454
2023-01-30 10:08:48,6,9,375,454
2023-01-30 10:09:46,6,8,375,454
2023-01-30 10:10:26,6,9,375,454
2023-01-30 10:10:48,6,8,375,454
2023-01-30 10:12:01,6,8,825,904
2023-01-30 10:12:17,6,9,825,904
2023-01-30 10:12:17,6,10,825,904
2023-01-30 10:12:45,6,9,825,904
2023-01-30 10:14:19,6,10,825,904
2023-01-30 10:14:48,7,10,825,904
2023-01-30 10:15:20,7,11,825,904
2023-01-30 10:15:48,7,10,825,904
2023-01-30 10:15:49,6,10,825,904
2023-01-30 10:16:02,7,10,825,904
2023-01-30 10:16:18,7,12,825,904
2023-01-30 10:16:18,7,13,825,904
2023-01-30 10:16:19,8,13,825,904
2023-01-30 10:16:19,8,12,825,904
2023-01-30 10:16:55,8,12,1075,1154
2023-01-30 10:17:16,8,13,1075,1154
2023-01-30 10:17:17,8,14,1075,1154
2023-01-30 10:17:17,10,14,1075,1154
2023-01-30 10:17:23,10,15,1075,1154
2023-01-30 10:17:43,10,14,1075,1154
2023-01-30 10:18:17,9,14,1075,1154
2023-01-30 10:18:17,9,13,1075,1154
2023-01-30 10:19:17,9,14,1075,1154
2023-01-30 10:19:18,10,14,1075,1154
2023-01-30 10:19:45,10,13,1075,1154
2023-01-30 10:19:46,9,13,1075,1154
2023-01-30 10:21:50,9,14,1075,1154
2023-01-30 10:22:17,10,14,1075,1154
2023-01-30 10:23:29,11,14,1075,1154
2023-01-30 10:23:47,12,14,1075,1154
2023-01-30 10:23:47,12,16,1075,1154
2023-01-30 10:25:21,11,16,1075,1154
2023-01-30 10:25:21,11,17,1075,1154
2023-01-30 10:25:22,12,17,1075,1154
2023-01-30 10:25:23,12,16,1075,1154
2023-01-30 10:25:46,10,16,1075,1154
2023-01-30 10:25:46,10,15,1075,1154
2023-01-30 10:25:46,11,15,1075,1154
2023-01-30 10:26:12,12,15,1075,1154
2023-01-30 10:26:22,12,16,1075,1154
2023-01-30 10:26:22,15,16,1075,1154
2023-01-30 10:26:47,15,16,1350,1429
2023-01-30 10:26:47,15,18,1350,1429
2023-01-30 10:27:19,15,19,1350,1429
2023-01-30 10:27:40,15,19,1683,1762
2023-01-30 10:27:45,15,21,1683,1762
2023-01-30 10:27:46,17,21,1683,1762
2023-01-30 10:27:53,17,22,1683,1762
2023-01-30 10:27:54,17,20,1683,1762
2023-01-30 10:28:14,17,22,1683,1762
2023-01-30 10:28:14,17,21,1683,1762
2023-01-30 10:28:54,17,22,1683,1762
2023-01-30 10:28:55,17,20,1683,1762
2023-01-30 10:29:15,17,22,1683,1762
2023-01-30 10:29:15,17,19,1683,1762
2023-01-30 10:29:35,17,20,1683,1762
2023-01-30 10:29:35,17,19,1683,1762
2023-01-30 10:29:49,16,19,1683,1762
2023-01-30 10:29:55,16,20,1683,1762
2023-01-30 10:29:56,16,18,1683,1762
2023-01-30 10:30:01,16,18,1308,2137
2023-01-30 10:30:16,16,20,1308,2137
2023-01-30 10:30:16,16,18,1308,2137
2023-01-30 10:30:23,15,18,1308,2137
2023-01-30 10:30:36,15,19,1308,2137
2023-01-30 10:30:36,15,18,1308,2137
2023-01-30 10:30:56,15,19,1308,2137
2023-01-30 10:31:37,15,20,1308,2137
2023-01-30 10:31:37,15,19,1308,2137
2023-01-30 10:32:19,15,20,1308,2137
2023-01-30 10:32:48,16,20,1308,2137
2023-01-30 10:33:19,16,19,1308,2137
2023-01-30 10:33:39,16,20,1308,2137
2023-01-30 10:33:46,15,20,1308,2137
2023-01-30 10:34:17,16,20,1308,2137
2023-01-30 10:34:46,16,22,1308,2137
2023-01-30 10:34:46,16,21,1308,2137
2023-01-30 10:35:21,16,22,1308,2137
2023-01-30 10:35:21,17,22,1308,2137
2023-01-30 10:35:22,17,21,1308,2137
2023-01-30 10:36:33,18,21,1308,2137
2023-01-30 10:36:46,18,23,1308,2137
2023-01-30 10:37:17,19,23,1308,2137
2023-01-30 10:37:18,19,26,1308,2137
2023-01-30 10:37:18,19,24,1308,2137
2023-01-30 10:37:46,18,24,1308,2137
2023-01-30 10:37:46,17,24,1308,2137
2023-01-30 10:37:46,20,24,1308,2137
2023-01-30 10:37:46,20,28,1308,2137
2023-01-30 10:37:46,20,25,1308,2137
2023-01-30 10:38:19,21,25,1308,2137
2023-01-30 10:38:19,21,28,1308,2137
2023-01-30 10:38:19,21,26,1308,2137
2023-01-30 10:38:47,20,26,1308,2137
2023-01-30 10:38:48,22,26,1308,2137
2023-01-30 10:39:18,22,28,1308,2137
2023-01-30 10:39:18,22,27,1308,2137
2023-01-30 10:39:46,22,28,1308,2137
2023-01-30 10:39:46,22,26,1308,2137
2023-01-30 10:39:46,21,26,1308,2137
2023-01-30 10:40:26,21,28,1308,2137
2023-01-30 10:40:26,21,27,1308,2137
2023-01-30 10:40:26,20,27,1308,2137
2023-01-30 10:40:27,22,27,1308,2137
2023-01-30 10:40:51,23,27,1308,2137
2023-01-30 10:40:53,23,28,1308,2137
2023-01-30 10:41:19,23,30,1308,2137
2023-01-30 10:41:19,24,30,1308,2137
2023-01-30 10:41:21,24,29,1308,2137
2023-01-30 10:41:46,24,31,1308,2137
2023-01-30 10:41:47,25,31,1308,2137
2023-01-30 10:41:47,25,30,1308,2137
2023-01-30 10:42:20,25,32,1308,2137
2023-01-30 10:42:24,25,31,1308,2137
2023-01-30 10:42:48,25,32,1308,2137
2023-01-30 10:42:49,25,30,1308,2137
2023-01-30 10:43:46,24,30,1308,2137
2023-01-30 10:43:48,25,30,1308,2137
2023-01-30 10:44:01,25,28,1308,2137
2023-01-30 10:44:17,22,28,1308,2137
2023-01-30 10:44:17,24,28,1308,2137
2023-01-30 10:44:21,24,29,1308,2137
2023-01-30 10:44:41,24,28,1308,2137
2023-01-30 10:44:47,25,28,1308,2137
2023-01-30 10:45:02,25,30,1308,2137
2023-01-30 10:45:02,25,28,1308,2137
2023-01-30 10:45:22,25,30,1308,2137
2023-01-30 10:45:22,25,29,1308,2137
2023-01-30 10:45:42,25,30,1308,2137
2023-01-30 10:45:42,25,29,1308,2137
2023-01-30 10:46:03,25,30,1308,2137
2023-01-30 10:46:03,25,28,1308,2137
2023-01-30 10:46:23,25,30,1308,2137
2023-01-30 10:46:23,25,28,1308,2137
2023-01-30 10:46:43,25,30,1308,2137
2023-01-30 10:46:44,25,28,1308,2137
2023-01-30 10:46:48,24,28,1308,2137
2023-01-30 10:47:03,24,29,1308,2137
2023-01-30 10:47:19,25,29,1308,2137
2023-01-30 10:47:24,25,30,1308,2137
2023-01-30 10:47:24,25,29,1308,2137
2023-01-30 10:47:46,24,29,1308,2137
2023-01-30 10:47:47,26,29,1308,2137
2023-01-30 10:48:08,26,31,1308,2137
2023-01-30 10:48:08,26,30,1308,2137
2023-01-30 10:48:28,26,31,1308,2137
2023-01-30 10:48:28,26,28,1308,2137
2023-01-30 10:48:48,26,30,1308,2137
2023-01-30 10:48:49,26,27,1308,2137
2023-01-30 10:48:50,25,27,1308,2137
2023-01-30 10:49:09,25,30,1308,2137
2023-01-30 10:49:09,25,27,1308,2137
2023-01-30 10:49:17,23,27,1308,2137
2023-01-30 10:49:29,23,28,1308,2137
2023-01-30 10:49:29,23,27,1308,2137
2023-01-30 10:49:50,23,28,1308,2137
2023-01-30 10:49:50,23,26,1308,2137
2023-01-30 10:50:10,23,28,1308,2137
2023-01-30 10:50:10,23,27,1308,2137
2023-01-30 10:50:23,21,27,1308,2137
2023-01-30 10:50:24,22,27,1308,2137
2023-01-30 10:50:30,22,25,1308,2137
2023-01-30 10:50:48,21,25,1308,2137
2023-01-30 10:50:51,21,26,1308,2137
2023-01-30 10:50:51,21,25,1308,2137
2023-01-30 10:51:11,21,26,1308,2137
2023-01-30 10:51:11,21,25,1308,2137
2023-01-30 10:51:31,21,26,1308,2137
2023-01-30 10:51:32,21,24,1308,2137
2023-01-30 10:51:47,20,24,1308,2137
2023-01-30 10:51:52,20,25,1308,2137
2023-01-30 10:52:22,21,25,1308,2137
2023-01-30 10:52:47,21,26,1308,2137
2023-01-30 10:52:47,22,26,1308,2137
2023-01-30 10:52:53,22,27,1308,2137
2023-01-30 10:52:53,22,26,1308,2137
2023-01-30 10:53:13,22,27,1308,2137
2023-01-30 10:53:18,22,26,1308,2137
2023-01-30 10:53:42,24,26,1308,2137
2023-01-30 10:53:51,24,27,1308,2137
2023-01-30 10:53:54,24,28,1308,2137
2023-01-30 10:54:18,24,29,1308,2137
2023-01-30 10:54:35,24,28,1308,2137
2023-01-30 10:54:55,24,29,1308,2137
2023-01-30 10:54:55,24,26,1308,2137
2023-01-30 10:55:15,24,29,1308,2137
2023-01-30 10:55:15,24,27,1308,2137
2023-01-30 10:55:24,23,27,1308,2137
2023-01-30 10:55:35,23,28,1308,2137
2023-01-30 10:55:36,23,26,1308,2137
2023-01-30 10:55:48,21,26,1308,2137
2023-01-30 10:55:48,20,26,1308,2137
2023-01-30 10:55:49,22,26,1308,2137
2023-01-30 10:55:56,22,27,1308,2137
2023-01-30 10:55:56,22,25,1308,2137
2023-01-30 10:56:16,22,27,1308,2137
2023-01-30 10:56:16,22,26,1308,2137
2023-01-30 10:56:19,21,26,1308,2137
2023-01-30 10:56:37,21,25,1308,2137
2023-01-30 10:56:57,21,26,1308,2137
2023-01-30 10:56:57,21,25,1308,2137
2023-01-30 10:57:18,21,26,1308,2137
2023-01-30 10:57:18,21,25,1308,2137
2023-01-30 10:57:38,21,26,1308,2137
2023-01-30 10:57:38,21,25,1308,2137
2023-01-30 10:57:58,21,26,1308,2137
2023-01-30 10:57:58,21,25,1308,2137
2023-01-30 10:58:18,21,26,1308,2137
2023-01-30 10:58:19,21,25,1308,2137
2023-01-30 10:58:21,20,25,1308,2137
2023-01-30 10:58:39,20,24,1308,2137
2023-01-30 10:58:46,18,24,1308,2137
2023-01-30 10:58:46,19,24,1308,2137
2023-01-30 10:58:59,19,23,1308,2137
2023-01-30 10:59:19,19,24,1308,2137
2023-01-30 10:59:19,19,23,1308,2137
2023-01-30 10:59:20,19,22,1308,2137
2023-01-30 10:59:20,17,22,1308,2137
2023-01-30 10:59:21,18,22,1308,2137
2023-01-30 10:59:40,18,23,1308,2137
2023-01-30 10:59:40,18,21,1308,2137
2023-01-30 10:59:46,16,21,1308,2137
2023-01-30 10:59:46,17,21,1308,2137
2023-01-30 11:00:24,16,21,1308,2137
2023-01-30 11:00:41,16,20,1308,2137
2023-01-30 11:00:48,17,20,1308,2137
2023-01-30 11:01:01,17,21,1308,2137
2023-01-30 11:02:20,16,21,1308,2137
2023-01-30 11:02:22,17,21,1308,2137
2023-01-30 11:02:43,16,21,1308,2137
2023-01-30 11:02:47,16,22,1308,2137
2023-01-30 11:02:47,18,22,1308,2137
2023-01-30 11:03:03,18,21,1308,2137
2023-01-30 11:03:18,17,21,1308,2137
2023-01-30 11:03:24,17,22,1308,2137
2023-01-30 11:03:46,18,22,1308,2137
2023-01-30 11:04:25,18,23,1308,2137
2023-01-30 11:04:45,18,22,1308,2137
2023-01-30 11:04:48,19,22,1308,2137
2023-01-30 11:05:05,19,23,1308,2137
2023-01-30 11:05:20,18,23,1308,2137
2023-01-30 11:05:26,18,22,1308,2137
2023-01-30 11:05:46,18,23,1308,2137
2023-01-30 11:05:47,18,22,1308,2137
2023-01-30 11:05:48,17,22,1308,2137
2023-01-30 11:06:17,18,22,1308,2137
2023-01-30 11:06:47,18,24,1308,2137
2023-01-30 11:06:47,18,23,1308,2137
2023-01-30 11:06:48,18,22,1308,2137
2023-01-30 11:07:08,18,23,1308,2137
2023-01-30 11:07:08,18,22,1308,2137
2023-01-30 11:07:46,18,23,1308,2137
2023-01-30 11:07:46,19,23,1308,2137
2023-01-30 11:07:48,19,24,1308,2137
2023-01-30 11:07:49,19,23,1308,2137
2023-01-30 11:08:09,19,24,1308,2137
2023-01-30 11:08:09,19,23,1308,2137
2023-01-30 11:08:45,18,23,1308,2137
2023-01-30 11:08:50,18,22,1308,2137
2023-01-30 11:09:10,18,23,1308,2137
2023-01-30 11:09:10,18,22,1308,2137
2023-01-30 11:09:46,17,22,1308,2137
2023-01-30 11:09:51,17,21,1308,2137
2023-01-30 11:10:11,17,22,1308,2137
2023-01-30 11:10:11,17,21,1308,2137
2023-01-30 11:10:23,16,21,1308,2137
2023-01-30 11:10:32,16,20,1308,2137
2023-01-30 11:10:47,14,20,1308,2137
2023-01-30 11:10:49,14,18,1308,2137
2023-01-30 11:11:21,14,19,1308,2137
2023-01-30 11:11:33,14,18,1308,2137
2023-01-30 11:11:47,14,17,1308,2137
2023-01-30 11:11:47,13,17,1308,2137
2023-01-30 11:12:21,12,17,1308,2137
2023-01-30 11:12:34,12,16,1308,2137
2023-01-30 11:12:48,12,15,1308,2137
2023-01-30 11:13:49,12,16,1308,2137
2023-01-30 11:14:26,12,16,1311,2140
2023-01-30 11:15:22,13,16,1311,2140
2023-01-30 11:15:25,13,17,1311,2140
2023-01-30 11:15:50,12,17,1311,2140
2023-01-30 11:16:18,12,16,1311,2140
2023-01-30 11:16:47,12,15,1311,2140
2023-01-30 11:17:00,11,15,1311,2140
2023-01-30 11:17:17,10,15,1311,2140
2023-01-30 11:17:17,9,15,1311,2140
2023-01-30 11:17:17,9,14,1311,2140
2023-01-30 11:17:19,10,14,1311,2140
2023-01-30 11:17:39,11,14,1311,2140
2023-01-30 11:17:47,11,16,1311,2140
2023-01-30 11:17:48,11,17,1311,2140
2023-01-30 11:17:49,11,15,1311,2140
2023-01-30 11:18:18,11,17,1311,2140
2023-01-30 11:18:18,11,16,1311,2140
2023-01-30 11:18:18,12,16,1311,2140
2023-01-30 11:18:48,11,16,1311,2140
2023-01-30 11:18:49,11,15,1311,2140
2023-01-30 11:19:41,11,14,1311,2140
2023-01-30 11:19:46,10,14,1311,2140
2023-01-30 11:22:39,11,14,1311,2140
2023-01-30 11:23:19,11,15,1311,2140
2023-01-30 11:23:26,11,14,1311,2140
2023-01-30 11:23:46,11,15,1311,2140
2023-01-30 11:24:19,12,15,1311,2140
2023-01-30 11:24:21,12,16,1311,2140
2023-01-30 11:24:46,12,18,1311,2140
2023-01-30 11:24:47,13,18,1311,2140
2023-01-30 11:24:47,13,17,1311,2140
2023-01-30 11:25:07,13,16,1311,2140
2023-01-30 11:25:21,12,16,1311,2140
2023-01-30 11:25:49,12,19,1311,2140
2023-01-30 11:25:49,13,19,1311,2140
2023-01-30 11:25:49,13,17,1311,2140
2023-01-30 11:26:08,14,17,1311,2140
2023-01-30 11:26:18,14,20,1311,2140
2023-01-30 11:26:19,14,18,1311,2140
2023-01-30 11:26:46,14,20,1311,2140
2023-01-30 11:26:46,15,20,1311,2140
2023-01-30 11:26:46,15,19,1311,2140
2023-01-30 11:26:49,15,18,1311,2140
2023-01-30 11:27:09,15,19,1311,2140
2023-01-30 11:27:17,15,18,1311,2140
2023-01-30 11:27:17,14,18,1311,2140
2023-01-30 11:27:46,13,18,1311,2140
2023-01-30 11:27:47,14,18,1311,2140
2023-01-30 11:27:50,14,17,1311,2140
2023-01-30 11:28:10,14,18,1311,2140
2023-01-30 11:28:10,14,15,1311,2140
2023-01-30 11:28:18,13,15,1311,2140
2023-01-30 11:28:19,12,15,1311,2140
2023-01-30 11:28:30,12,17,1311,2140
2023-01-30 11:28:31,12,15,1311,2140
2023-01-30 11:28:47,11,15,1311,2140
2023-01-30 11:29:18,11,14,1311,2140
2023-01-30 11:29:18,10,14,1311,2140
2023-01-30 11:29:46,10,15,1311,2140
2023-01-30 11:29:48,11,15,1311,2140
2023-01-30 11:30:12,11,14,1311,2140
2023-01-30 11:30:33,11,13,1311,2140
2023-01-30 11:30:50,10,13,1311,2140
2023-01-30 11:30:50,10,12,1311,2140
2023-01-30 11:30:51,9,12,1311,2140
2023-01-30 11:31:21,9,13,1311,2140
2023-01-30 11:32:28,9,14,1594,2423
2023-01-30 11:32:47,9,15,1594,2423
2023-01-30 11:32:47,10,15,1594,2423
2023-01-30 11:32:47,11,15,1594,2423
2023-01-30 11:34:45,10,15,1594,2423
2023-01-30 11:34:47,10,14,1594,2423
2023-01-30 11:35:20,10,15,1594,2423
2023-01-30 11:36:20,10,14,1594,2423
2023-01-30 11:36:58,10,14,1927,2756
2023-01-30 11:37:09,10,16,2078,2907
2023-01-30 11:37:18,12,16,2078,2907
2023-01-30 11:37:46,13,16,2078,2907
2023-01-30 11:37:47,13,17,2078,2907
2023-01-30 11:38:00,13,16,2078,2907
2023-01-30 11:38:17,12,16,2078,2907
2023-01-30 11:39:17,12,18,2078,2907
2023-01-30 11:39:17,13,18,2078,2907
2023-01-30 11:39:17,13,17,2078,2907
2023-01-30 11:39:43,13,16,2078,2907
2023-01-30 11:40:03,13,17,2078,2907
2023-01-30 11:40:24,13,16,2078,2907
2023-01-30 11:40:25,12,16,2078,2907
2023-01-30 11:40:44,12,17,2078,2907
2023-01-30 11:40:44,12,16,2078,2907
2023-01-30 11:41:25,12,15,2078,2907
2023-01-30 11:41:45,12,16,2078,2907
2023-01-30 11:42:19,13,16,2078,2907
2023-01-30 11:42:19,13,17,2078,2907
2023-01-30 11:42:46,13,16,2078,2907
2023-01-30 11:42:46,12,16,2078,2907
2023-01-30 11:44:20,13,16,2078,2907
2023-01-30 11:44:28,13,17,2078,2907
2023-01-30 11:45:46,13,18,2078,2907
2023-01-30 11:45:47,14,18,2078,2907
2023-01-30 11:45:50,14,17,2078,2907
2023-01-30 11:46:10,14,18,2078,2907
2023-01-30 11:46:10,14,17,2078,2907
2023-01-30 11:46:19,14,16,2078,2907
2023-01-30 11:46:19,13,16,2078,2907
2023-01-30 11:46:47,12,16,2078,2907
2023-01-30 11:46:47,11,16,2078,2907
2023-01-30 11:47:18,13,16,2078,2907
2023-01-30 11:47:18,13,17,2078,2907
2023-01-30 11:47:31,13,16,2078,2907
2023-01-30 11:47:47,12,16,2078,2907
2023-01-30 11:48:18,12,17,2078,2907
2023-01-30 11:48:18,13,17,2078,2907
2023-01-30 11:48:47,13,18,2078,2907
2023-01-30 11:49:17,13,19,2078,2907
2023-01-30 11:49:17,14,19,2078,2907
2023-01-30 11:49:47,14,20,2078,2907
2023-01-30 11:49:48,16,20,2078,2907
2023-01-30 11:50:22,15,20,2078,2907
2023-01-30 11:50:23,15,19,2078,2907
2023-01-30 11:50:47,14,19,2078,2907
2023-01-30 11:50:50,14,18,2078,2907
2023-01-30 11:50:55,14,17,2078,2907
2023-01-30 11:51:15,14,18,2078,2907
2023-01-30 11:51:19,13,18,2078,2907
2023-01-30 11:51:20,13,17,2078,2907
2023-01-30 11:52:19,13,18,2078,2907
2023-01-30 11:52:19,14,18,2078,2907
2023-01-30 11:52:22,14,18,2078,2908
2023-01-30 11:52:30,14,18,2078,2909
2023-01-30 11:52:36,14,19,2078,2909
2023-01-30 11:52:37,14,18,2078,2909
2023-01-30 11:53:18,14,17,2078,2909
2023-01-30 11:53:38,14,18,2078,2909
2023-01-30 11:53:38,14,17,2078,2909
2023-01-30 11:53:51,13,17,2078,2909
2023-01-30 11:54:18,13,18,2078,2909
2023-01-30 11:54:47,14,18,2078,2909
2023-01-30 11:55:19,16,18,2078,2909
2023-01-30 11:55:21,16,19,2078,2909
2023-01-30 11:55:46,16,21,2078,2909
2023-01-30 11:55:48,20,21,2078,2909
2023-01-30 11:55:49,20,24,2078,2909
2023-01-30 11:56:15,20,22,2078,2909
2023-01-30 11:56:18,18,22,2078,2909
2023-01-30 11:56:46,18,21,2078,2909
2023-01-30 11:56:48,16,21,2078,2909
2023-01-30 11:57:08,16,20,2078,2909
2023-01-30 11:57:43,16,18,2078,2909
2023-01-30 11:57:46,15,18,2078,2909
2023-01-30 11:57:48,14,18,2078,2909
2023-01-30 11:58:14,14,19,2078,2909
2023-01-30 11:58:14,14,16,2078,2909
2023-01-30 11:58:17,13,16,2078,2909
2023-01-30 11:58:47,11,16,2078,2909
2023-01-30 11:58:48,11,15,2078,2909
2023-01-30 11:59:47,11,16,2078,2909
2023-01-30 11:59:47,11,14,2078,2909
2023-01-30 11:59:49,10,14,2078,2909
2023-01-30 12:01:48,10,13,2078,2909
2023-01-30 12:01:51,9,13,2078,2909
2023-01-30 12:02:18,9,14,2078,2909
2023-01-30 12:02:19,10,14,2078,2909
2023-01-30 12:02:47,9,14,2078,2909
2023-01-30 12:02:47,9,13,2078,2909
2023-01-30 12:03:46,10,13,2078,2909
2023-01-30 12:03:48,10,14,2078,2909
2023-01-30 12:04:17,9,14,2078,2909
2023-01-30 12:04:17,9,13,2078,2909
2023-01-30 12:05:23,10,13,2078,2909
2023-01-30 12:05:23,10,14,2078,2909
2023-01-30 12:05:47,9,14,2078,2909
2023-01-30 12:05:47,9,13,2078,2909
2023-01-30 12:06:45,9,12,2078,2909
2023-01-30 12:07:19,9,13,2078,2909
2023-01-30 12:07:48,9,12,2078,2909
2023-01-30 12:09:17,9,13,2078,2909
2023-01-30 12:12:19,10,13,2078,2909
2023-01-30 12:12:19,10,14,2078,2909
2023-01-30 12:12:47,9,14,2078,2909
2023-01-30 12:12:51,9,13,2078,2909
2023-01-30 12:14:49,9,12,2078,2909
2023-01-30 12:16:20,9,13,2078,2909
2023-01-30 12:17:46,9,15,2078,2909
2023-01-30 12:17:47,9,16,2078,2909
2023-01-30 12:17:48,12,16,2078,2909
2023-01-30 12:19:16,11,16,2078,2909
2023-01-30 12:19:17,12,16,2078,2909
2023-01-30 12:19:47,10,16,2078,2909
2023-01-30 12:19:48,11,16,2078,2909
2023-01-30 12:20:24,12,16,2078,2909
2023-01-30 12:20:48,11,16,2078,2909
2023-01-30 12:21:20,10,16,2078,2909
2023-01-30 12:21:20,10,18,2078,2909
2023-01-30 12:21:20,10,16,2078,2909
2023-01-30 12:21:20,11,16,2078,2909
2023-01-30 12:21:48,11,18,2078,2909
2023-01-30 12:21:48,13,18,2078,2909
2023-01-30 12:22:17,13,17,2078,2909
2023-01-30 12:22:18,13,16,2078,2909
2023-01-30 12:22:47,13,15,2078,2909
2023-01-30 12:22:48,11,15,2078,2909
2023-01-30 12:23:17,10,15,2078,2909
2023-01-30 12:23:21,11,15,2078,2909
2023-01-30 12:23:46,13,15,2078,2909
2023-01-30 12:23:47,13,17,2078,2909
2023-01-30 12:24:17,12,17,2078,2909
2023-01-30 12:24:46,12,18,2078,2909
2023-01-30 12:24:46,12,15,2078,2909
2023-01-30 12:24:47,11,15,2078,2909
2023-01-30 12:25:23,11,16,2078,2909
2023-01-30 12:26:20,11,15,2078,2909
2023-01-30 12:26:47,11,17,2078,2909
2023-01-30 12:26:48,13,17,2078,2909
2023-01-30 12:27:17,15,17,2078,2909
2023-01-30 12:27:18,15,20,2078,2909
2023-01-30 12:27:19,16,20,2078,2909
2023-01-30 12:27:46,15,20,2078,2909
2023-01-30 12:28:07,15,18,2078,2909
2023-01-30 12:28:19,14,18,2078,2909
2023-01-30 12:28:48,13,18,2078,2909
2023-01-30 12:28:49,13,17,2078,2909
2023-01-30 12:29:12,13,17,2078,2934
2023-01-30 12:29:17,12,17,2078,2934
2023-01-30 12:29:29,12,16,2078,2934
2023-01-30 12:29:47,12,15,2078,2934
2023-01-30 12:29:47,11,15,2078,2934
2023-01-30 12:30:24,10,15,2078,2934
2023-01-30 12:30:47,10,16,2078,2934
2023-01-30 12:30:48,10,14,2078,2934
2023-01-30 12:31:19,9,14,2078,2934
2023-01-30 12:31:21,10,14,2078,2934
2023-01-30 12:31:36,10,15,2078,2934
2023-01-30 12:31:47,11,15,2078,2934
2023-01-30 12:31:48,12,15,2078,2934
2023-01-30 12:31:56,12,16,2078,2934
2023-01-30 12:31:56,12,15,2078,2934
2023-01-30 12:32:17,12,16,2078,2934
2023-01-30 12:32:17,12,15,2078,2934
2023-01-30 12:32:37,12,16,2078,2934
2023-01-30 12:32:37,12,15,2078,2934
2023-01-30 12:32:57,12,16,2078,2934
2023-01-30 12:32:58,12,15,2078,2934
2023-01-30 12:33:18,12,16,2078,2934
2023-01-30 12:33:19,12,15,2078,2934
2023-01-30 12:33:39,12,16,2078,2934
2023-01-30 12:34:19,12,18,2078,2934
2023-01-30 12:34:19,13,18,2078,2934
2023-01-30 12:34:19,14,18,2078,2934
2023-01-30 12:34:20,14,16,2078,2934
2023-01-30 12:34:40,14,18,2078,2934
2023-01-30 12:34:40,14,16,2078,2934
2023-01-30 12:34:46,13,16,2078,2934
2023-01-30 12:35:00,13,17,2078,2934
2023-01-30 12:35:00,13,16,2078,2934
2023-01-30 12:35:20,13,17,2078,2934
2023-01-30 12:35:21,13,16,2078,2934
2023-01-30 12:35:22,12,16,2078,2934
2023-01-30 12:35:41,12,17,2078,2934
2023-01-30 12:35:41,12,16,2078,2934
2023-01-30 12:35:49,13,16,2078,2934
2023-01-30 12:36:01,13,17,2078,2934
2023-01-30 12:36:01,13,16,2078,2934
2023-01-30 12:36:22,13,18,2078,2934
2023-01-30 12:36:22,13,16,2078,2934
2023-01-30 12:36:42,13,18,2078,2934
2023-01-30 12:36:42,13,15,2078,2934
2023-01-30 12:36:47,12,15,2078,2934
2023-01-30 12:37:02,12,16,2078,2934
2023-01-30 12:37:18,13,16,2078,2934
2023-01-30 12:37:22,13,17,2078,2934
2023-01-30 12:37:23,13,16,2078,2934
2023-01-30 12:37:43,13,17,2078,2934
2023-01-30 12:37:43,13,16,2078,2934
2023-01-30 12:37:46,12,16,2078,2934
2023-01-30 12:38:03,12,17,2078,2934
2023-01-30 12:38:03,12,15,2078,2934
2023-01-30 12:38:23,12,16,2078,2934
2023-01-30 12:38:44,12,15,2078,2934
2023-01-30 12:38:48,11,15,2078,2934
2023-01-30 12:39:18,11,16,2078,2934
2023-01-30 12:39:18,12,16,2078,2934
2023-01-30 12:39:48,14,16,2078,2934
2023-01-30 12:40:05,14,18,2078,2934
2023-01-30 12:40:06,14,16,2078,2934
2023-01-30 12:40:23,13,16,2078,2934
2023-01-30 12:40:26,13,17,2078,2934
2023-01-30 12:40:27,12,17,2078,2934
2023-01-30 12:40:48,13,17,2078,2934
2023-01-30 12:40:49,14,17,2078,2934
2023-01-30 12:41:06,14,18,2078,2934
2023-01-30 12:41:07,14,16,2078,2934
2023-01-30 12:41:21,13,16,2078,2934
2023-01-30 12:41:27,13,18,2078,2934
2023-01-30 12:41:27,13,15,2078,2934
2023-01-30 12:41:47,13,18,2078,2934
2023-01-30 12:41:47,12,18,2078,2934
2023-01-30 12:41:48,12,15,2078,2934
2023-01-30 12:42:08,12,16,2078,2934
2023-01-30 12:42:08,12,15,2078,2934
2023-01-30 12:42:28,12,16,2078,2934
2023-01-30 12:42:28,12,15,2078,2934
2023-01-30 12:42:46,11,15,2078,2934
2023-01-30 12:43:17,12,15,2078,2934
2023-01-30 12:43:29,12,16,2078,2934
2023-01-30 12:44:18,13,16,2078,2934
2023-01-30 12:44:30,13,17,2078,2934
2023-01-30 12:44:30,13,16,2078,2934
2023-01-30 12:44:46,12,16,2078,2934
2023-01-30 12:44:51,12,17,2078,2934
2023-01-30 12:44:51,12,16,2078,2934
2023-01-30 12:45:11,12,17,2078,2934
2023-01-30 12:45:20,13,17,2078,2934
2023-01-30 12:45:31,13,18,2078,2934
2023-01-30 12:45:32,13,17,2078,2934
2023-01-30 12:45:47,14,17,2078,2934
2023-01-30 12:45:52,14,18,2078,2934
2023-01-30 12:46:32,14,19,2078,2934
2023-01-30 12:46:32,14,17,2078,2934
2023-01-30 12:46:46,13,17,2078,2934
2023-01-30 12:46:53,13,18,2078,2934
2023-01-30 12:46:57,14,18,2078,2934
2023-01-30 12:47:13,15,18,2078,2934
2023-01-30 12:47:16,15,20,2078,2934
2023-01-30 12:47:16,15,19,2078,2934
2023-01-30 12:47:24,15,21,2406,3262
2023-01-30 12:47:25,16,21,2406,3262
2023-01-30 12:47:46,17,21,2406,3262
2023-01-30 12:47:54,17,22,2406,3262
2023-01-30 12:47:54,17,21,2406,3262
2023-01-30 12:48:14,17,22,2406,3262
2023-01-30 12:48:14,17,21,2406,3262
2023-01-30 12:48:18,18,21,2406,3262
2023-01-30 12:48:34,18,23,2406,3262
2023-01-30 12:48:35,18,22,2406,3262
2023-01-30 12:48:55,18,23,2406,3262
2023-01-30 12:48:55,18,21,2406,3262
2023-01-30 12:49:15,18,23,2406,3262
2023-01-30 12:49:15,18,21,2406,3262
2023-01-30 12:49:18,16,21,2406,3262
2023-01-30 12:49:18,18,21,2406,3262
2023-01-30 12:49:35,18,22,2406,3262
2023-01-30 12:49:36,18,20,2406,3262
2023-01-30 12:49:50,17,20,2406,3262
2023-01-30 12:49:56,17,22,2406,3262
2023-01-30 12:49:56,17,19,2406,3262
2023-01-30 12:50:16,17,22,2406,3262
2023-01-30 12:50:16,17,20,2406,3262
2023-01-30 12:50:36,17,22,2406,3262
2023-01-30 12:50:47,16,22,2406,3262
2023-01-30 12:50:49,18,22,2406,3262
2023-01-30 12:50:57,18,23,2406,3262
2023-01-30 12:51:20,20,23,2406,3262
2023-01-30 12:51:23,20,24,2406,3262
2023-01-30 12:51:37,20,25,2406,3262
2023-01-30 12:51:38,20,24,2406,3262
2023-01-30 12:51:58,20,25,2406,3262
2023-01-30 12:51:58,20,24,2406,3262
2023-01-30 12:52:18,20,25,2406,3262
2023-01-30 12:52:18,18,25,2406,3262
2023-01-30 12:52:19,18,24,2406,3262
2023-01-30 12:52:19,20,24,2406,3262
2023-01-30 12:52:39,20,21,2406,3262
2023-01-30 12:52:59,20,24,2406,3262
2023-01-30 12:52:59,20,21,2406,3262
2023-01-30 12:53:05,20,21,2073,3595
2023-01-30 12:53:08,18,21,1887,3781
2023-01-30 12:53:19,18,22,1887,3781
2023-01-30 12:53:19,18,20,1887,3781
2023-01-30 12:53:40,18,22,1887,3781
2023-01-30 12:53:40,18,19,1887,3781
2023-01-30 12:53:46,14,19,1887,3781
2023-01-30 12:53:46,15,19,1887,3781
2023-01-30 12:53:48,17,19,1887,3781
2023-01-30 12:54:00,17,21,1887,3781
2023-01-30 12:54:00,17,19,1887,3781
2023-01-30 12:54:17,15,19,1887,3781
2023-01-30 12:55:22,15,20,1887,3781
2023-01-30 12:55:42,15,19,1887,3781
2023-01-30 12:56:02,15,20,1887,3781
2023-01-30 12:56:02,15,19,1887,3781
2023-01-30 12:56:18,14,19,1887,3781
2023-01-30 12:56:18,13,19,1887,3781
2023-01-30 12:56:19,14,19,1887,3781
2023-01-30 12:56:23,14,18,1887,3781
2023-01-30 12:56:43,14,19,1887,3781
2023-01-30 12:56:43,14,18,1887,3781
2023-01-30 12:57:17,14,19,1887,3781
2023-01-30 12:58:04,15,19,1887,3781
2023-01-30 12:58:17,15,21,1887,3781
2023-01-30 12:58:18,15,20,1887,3781
2023-01-30 12:58:25,16,20,1887,3781
2023-01-30 12:58:48,16,21,1887,3781
2023-01-30 12:59:05,17,21,1887,3781
2023-01-30 12:59:26,16,21,1887,3781
2023-01-30 12:59:47,16,20,1887,3781
2023-01-30 12:59:48,16,19,1887,3781
2023-01-30 13:00:09,16,20,1887,3781
2023-01-30 13:00:49,16,21,1887,3781
2023-01-30 13:01:19,17,21,1887,3781
2023-01-30 13:02:19,17,22,1887,3781
2023-01-30 13:02:28,18,22,1887,3781
2023-01-30 13:02:48,18,23,1887,3781
2023-01-30 13:03:17,19,23,1887,3781
2023-01-30 13:03:51,19,24,1887,3781
2023-01-30 13:03:51,19,23,1887,3781
2023-01-30 13:04:21,18,23,1887,3781
2023-01-30 13:04:32,18,22,1887,3781
2023-01-30 13:04:48,16,22,1887,3781
2023-01-30 13:04:48,17,22,1887,3781
2023-01-30 13:04:52,17,19,1887,3781
2023-01-30 13:05:12,17,22,1887,3781
2023-01-30 13:05:13,17,18,1887,3781
2023-01-30 13:05:22,15,18,1887,3781
2023-01-30 13:05:33,15,20,1887,3781
2023-01-30 13:05:33,15,17,1887,3781
2023-01-30 13:05:50,14,17,1887,3781
2023-01-30 13:05:53,14,18,1887,3781
2023-01-30 13:05:54,14,17,1887,3781
2023-01-30 13:06:14,14,18,1887,3781
2023-01-30 13:06:14,14,17,1887,3781
2023-01-30 13:06:34,14,18,1887,3781
2023-01-30 13:06:34,14,17,1887,3781
2023-01-30 13:06:48,13,17,1887,3781
2023-01-30 13:08:11,14,17,1887,3781
2023-01-30 13:08:19,14,18,1887,3781
2023-01-30 13:08:48,15,18,1887,3781
2023-01-30 13:08:57,15,19,1887,3781
2023-01-30 13:09:17,15,18,1887,3781
2023-01-30 13:09:18,14,18,1887,3781
2023-01-30 13:09:37,14,19,1887,3781
2023-01-30 13:09:47,14,18,1887,3781
2023-01-30 13:09:58,14,17,1887,3781
2023-01-30 13:10:18,14,18,1887,3781
2023-01-30 13:10:18,14,17,1887,3781
2023-01-30 13:10:25,13,17,1887,3781
2023-01-30 13:11:19,12,17,1887,3781
2023-01-30 13:11:48,12,18,1887,3781
2023-01-30 13:11:49,14,18,1887,3781
2023-01-30 13:12:00,14,16,1887,3781
2023-01-30 13:12:20,14,17,1887,3781
2023-01-30 13:12:20,14,16,1887,3781
2023-01-30 13:12:22,12,16,1887,3781
2023-01-30 13:12:40,12,17,1887,3781
2023-01-30 13:12:50,13,17,1887,3781
2023-01-30 13:13:21,13,16,1887,3781
2023-01-30 13:13:41,13,17,1887,3781
2023-01-30 13:13:42,13,16,1887,3781
2023-01-30 13:13:50,12,16,1887,3781
2023-01-30 13:14:47,12,17,1887,3781
2023-01-30 13:14:47,13,17,1887,3781
2023-01-30 13:15:24,13,16,1887,3781
2023-01-30 13:15:44,13,17,1887,3781
2023-01-30 13:16:04,13,16,1887,3781
2023-01-30 13:16:24,13,18,1887,3781
2023-01-30 13:16:25,13,14,1887,3781
2023-01-30 13:16:45,13,18,1887,3781
2023-01-30 13:16:45,13,18,1887,3799
2023-01-30 13:16:47,13,16,1887,3799
2023-01-30 13:16:49,13,15,1887,3799
2023-01-30 13:16:53,10,15,1887,3799
2023-01-30 13:17:05,10,13,1887,3799
2023-01-30 13:17:22,9,13,1887,3799
2023-01-30 13:17:26,9,12,1887,3799
2023-01-30 13:17:46,9,13,1887,3799
2023-01-30 13:17:46,9,13,1905,3817
2023-01-30 13:17:51,9,12,1905,3817
2023-01-30 13:18:07,9,10,1905,3817
2023-01-30 13:18:27,9,11,1905,3817
2023-01-30 13:18:27,9,10,1905,3817
2023-01-30 13:18:47,9,11,1905,3817
2023-01-30 13:18:47,9,10,1905,3817
2023-01-30 13:20:08,9,11,1905,3817
2023-01-30 13:20:09,9,10,1905,3817
2023-01-30 13:20:29,9,11,1905,3817
2023-01-30 13:20:29,9,10,1905,3817
2023-01-30 13:20:49,9,11,1905,3817
2023-01-30 13:20:49,9,10,1905,3817
2023-01-30 13:21:30,9,11,1905,3817
2023-01-30 13:22:52,9,10,1905,3817
2023-01-30 13:23:12,9,11,1905,3817
2023-01-30 13:23:12,9,10,1905,3817
2023-01-30 13:23:46,9,10,2238,4150
2023-01-30 13:23:48,9,11,2238,4150
2023-01-30 13:24:13,9,10,2238,4150
2023-01-30 13:24:33,9,11,2238,4150
2023-01-30 13:25:21,9,10,2238,4150
2023-01-30 13:25:47,9,11,2238,4150
2023-01-30 13:27:48,9,12,2238,4150
2023-01-30 13:28:47,9,13,2238,4150
2023-01-30 13:29:17,9,12,2238,4150
2023-01-30 13:30:17,10,12,2238,4150
2023-01-30 13:30:25,10,12,2571,4483
2023-01-30 13:30:28,10,13,2581,4493
2023-01-30 13:30:49,11,13,2581,4493
2023-01-30 13:30:49,11,14,2581,4493
2023-01-30 13:31:00,11,15,2581,4493
2023-01-30 13:31:00,11,14,2581,4493
2023-01-30 13:31:20,11,15,2581,4493
2023-01-30 13:31:49,11,16,2581,4493
2023-01-30 13:31:50,12,16,2581,4493
2023-01-30 13:32:18,12,17,2581,4493
2023-01-30 13:32:23,14,17,2581,4493
2023-01-30 13:32:47,15,17,2581,4493
2023-01-30 13:32:47,15,18,2581,4493
2023-01-30 13:33:02,15,19,2581,4493
2023-01-30 13:33:02,15,18,2581,4493
2023-01-30 13:33:22,15,19,2581,4493
2023-01-30 13:33:23,15,18,2581,4493
2023-01-30 13:33:43,15,19,2581,4493
2023-01-30 13:33:43,15,18,2581,4493
2023-01-30 13:33:46,14,18,2581,4493
2023-01-30 13:34:24,14,19,2581,4493
2023-01-30 13:34:24,14,17,2581,4493
2023-01-30 13:34:44,14,19,2581,4493
2023-01-30 13:34:45,14,18,2581,4493
2023-01-30 13:35:05,14,17,2581,4493
2023-01-30 13:35:49,14,19,2581,4493
2023-01-30 13:35:50,15,19,2581,4493
2023-01-30 13:36:06,15,18,2581,4493
2023-01-30 13:36:18,14,18,2581,4493
2023-01-30 13:36:26,14,19,2581,4493
2023-01-30 13:36:26,14,18,2581,4493
2023-01-30 13:36:46,14,19,2581,4493
2023-01-30 13:36:47,15,19,2581,4493
2023-01-30 13:37:07,15,18,2581,4493
2023-01-30 13:37:27,15,20,2581,4493
2023-01-30 13:37:27,15,18,2581,4493
2023-01-30 13:37:47,15,19,2581,4493
2023-01-30 13:37:48,15,18,2581,4493
2023-01-30 13:38:08,15,19,2581,4493
2023-01-30 13:38:46,14,19,2581,4493
2023-01-30 13:38:47,16,19,2581,4493
2023-01-30 13:38:48,16,20,2581,4493
2023-01-30 13:38:49,16,19,2581,4493
2023-01-30 13:39:18,16,20,2581,4493
2023-01-30 13:39:19,16,22,2581,4493
2023-01-30 13:39:19,16,21,2581,4493
2023-01-30 13:39:47,16,22,2581,4493
2023-01-30 13:39:47,16,20,2581,4493
2023-01-30 13:39:48,15,20,2581,4493
2023-01-30 13:40:47,16,20,2581,4493
2023-01-30 13:41:19,16,22,2581,4493
2023-01-30 13:41:19,17,22,2581,4493
2023-01-30 13:41:48,16,22,2581,4493
2023-01-30 13:41:48,16,24,2581,4493
2023-01-30 13:41:50,16,23,2581,4493
2023-01-30 13:41:50,16,21,2581,4493
2023-01-30 13:42:18,16,24,2581,4493
2023-01-30 13:42:18,18,24,2581,4493
2023-01-30 13:42:18,18,22,2581,4493
2023-01-30 13:42:58,18,23,2581,4493
2023-01-30 13:43:18,18,23,2601,4513
2023-01-30 13:43:20,20,23,2601,4513
2023-01-30 13:43:47,20,24,2601,4513
2023-01-30 13:43:49,21,24,2601,4513
2023-01-30 13:44:00,21,26,2601,4513
2023-01-30 13:44:00,21,26,2601,4531
2023-01-30 13:44:19,21,25,2601,4531
2023-01-30 13:44:19,21,23,2601,4531
2023-01-30 13:44:20,19,23,2601,4531
2023-01-30 13:44:21,19,21,2601,4531
2023-01-30 13:44:41,19,23,2601,4531
2023-01-30 13:44:41,19,21,2601,4531
2023-01-30 13:44:49,18,21,2601,4531
2023-01-30 13:45:01,18,22,2601,4531
2023-01-30 13:45:02,18,21,2601,4531
2023-01-30 13:45:22,18,22,2601,4531
2023-01-30 13:45:23,18,21,2601,4531
2023-01-30 13:46:03,18,23,2601,4531
2023-01-30 13:46:03,18,21,2601,4531
2023-01-30 13:46:23,18,22,2601,4531
2023-01-30 13:46:23,18,21,2601,4531
2023-01-30 13:46:43,18,22,2601,4531
2023-01-30 13:47:58,20,22,2601,4531
2023-01-30 13:48:19,20,24,2601,4531
2023-01-30 13:48:19,20,23,2601,4531
2023-01-30 13:48:39,19,23,2601,4531
2023-01-30 13:48:48,19,24,2601,4531
2023-01-30 13:49:06,19,23,2601,4531
2023-01-30 13:49:46,18,23,2601,4531
2023-01-30 13:49:47,17,23,2601,4531
2023-01-30 13:49:47,17,21,2601,4531
2023-01-30 13:49:47,18,21,2601,4531
2023-01-30 13:50:07,18,23,2601,4531
2023-01-30 13:50:07,18,21,2601,4531
2023-01-30 13:50:25,18,19,2601,4531
2023-01-30 13:50:26,16,19,2601,4531
2023-01-30 13:51:08,16,20,2601,4531
2023-01-30 13:51:18,16,19,2601,4531
2023-01-30 13:51:34,15,19,2601,4531
2023-01-30 13:51:35,18,19,2601,4531
2023-01-30 13:51:46,18,21,2601,4531
2023-01-30 13:52:18,18,22,2601,4531
2023-01-30 13:53:10,18,21,2601,4531
2023-01-30 13:53:17,17,21,2601,4531
2023-01-30 13:53:17,16,21,2601,4531
2023-01-30 13:53:18,18,21,2601,4531
2023-01-30 13:53:30,18,22,2601,4531
2023-01-30 13:53:31,18,21,2601,4531
2023-01-30 13:53:47,16,21,2601,4531
2023-01-30 13:53:50,16,20,2601,4531
2023-01-30 13:53:51,17,20,2601,4531
2023-01-30 13:53:57,18,20,2601,4531
2023-01-30 13:54:18,18,21,2601,4531
2023-01-30 13:54:45,16,21,2601,4531
2023-01-30 13:55:20,16,22,2601,4531
2023-01-30 13:55:21,16,20,2601,4531
2023-01-30 13:55:48,16,19,2601,4531
2023-01-30 13:56:06,15,19,2601,4531
2023-01-30 13:56:07,16,19,2601,4531
2023-01-30 13:56:42,18,19,2601,4531
2023-01-30 13:56:49,18,20,2601,4531
2023-01-30 13:57:19,18,21,2601,4531
2023-01-30 13:57:34,16,21,2601,4531
2023-01-30 13:57:34,17,21,2601,4531
2023-01-30 13:57:55,16,21,2601,4531
2023-01-30 13:58:19,16,20,2601,4531
2023-01-30 13:59:15,15,20,2601,4531
2023-01-30 13:59:18,15,19,2601,4531
2023-01-30 13:59:18,14,19,2601,4531
2023-01-30 13:59:37,14,17,2601,4531
2023-01-30 13:59:48,13,17,2601,4531
2023-01-30 13:59:49,13,16,2601,4531
2023-01-30 13:59:50,12,16,2601,4531
2023-01-30 14:00:50,12,15,2601,4531
2023-01-30 14:01:17,12,17,2601,4531
2023-01-30 14:01:17,12,19,2601,4531
2023-01-30 14:01:17,12,20,2601,4531
2023-01-30 14:01:18,12,18,2601,4531
2023-01-30 14:01:18,12,16,2601,4531
2023-01-30 14:02:17,12,17,2601,4531
2023-01-30 14:02:17,12,15,2601,4531
2023-01-30 14:02:46,12,14,2601,4531
2023-01-30 14:03:50,12,15,2601,4531
2023-01-30 14:03:51,11,15,2601,4531
2023-01-30 14:04:17,10,15,2601,4531
2023-01-30 14:04:18,10,18,2601,4531
2023-01-30 14:04:18,10,16,2601,4531
2023-01-30 14:04:19,10,14,2601,4531
2023-01-30 14:04:50,10,13,2601,4531
2023-01-30 14:05:04,10,13,2601,4556
2023-01-30 14:05:20,10,12,2601,4556
2023-01-30 14:06:05,10,12,2601,4581
2023-01-30 14:06:43,9,12,2601,4581
2023-01-30 14:07:20,9,11,2601,4581
2023-01-30 14:07:50,10,11,2601,4581
2023-01-30 14:08:20,10,12,2601,4581
2023-01-30 14:08:21,9,12,2601,4581
2023-01-30 14:08:21,9,12,2606,4586
2023-01-30 14:08:22,11,12,2606,4586
2023-01-30 14:08:27,9,12,2606,4586
2023-01-30 14:08:36,9,12,2806,4786
2023-01-30 14:08:50,10,12,2806,4786
2023-01-30 14:08:50,10,13,2806,4786
2023-01-30 14:08:53,10,15,2806,4786
2023-01-30 14:09:06,10,14,2806,4786
2023-01-30 14:09:11,10,15,2806,4786
2023-01-30 14:09:17,10,14,2806,4786
2023-01-30 14:09:26,11,14,2806,4786
2023-01-30 14:09:46,10,16,2806,4786
2023-01-30 14:09:47,12,16,2806,4786
2023-01-30 14:10:09,12,15,2806,4786
2023-01-30 14:10:52,11,15,2806,4786
2023-01-30 14:11:47,10,15,2806,4786
2023-01-30 14:11:48,10,14,2806,4786
2023-01-30 14:12:10,13,14,2806,4786
2023-01-30 14:12:17,13,15,2806,4786
2023-01-30 14:12:30,12,15,2806,4786
2023-01-30 14:12:46,12,17,2806,4786
2023-01-30 14:12:47,12,16,2806,4786
2023-01-30 14:12:50,13,16,2806,4786
2023-01-30 14:13:11,12,16,2806,4786
2023-01-30 14:14:33,12,15,2806,4786
2023-01-30 14:14:46,11,15,2806,4786
2023-01-30 14:15:20,11,14,2806,4786
2023-01-30 14:15:21,10,14,2806,4786
2023-01-30 14:15:46,10,15,2806,4786
2023-01-30 14:15:47,11,15,2806,4786
2023-01-30 14:16:17,12,15,2806,4786
2023-01-30 14:16:18,12,17,2806,4786
2023-01-30 14:16:44,12,16,2806,4786
2023-01-30 14:16:54,11,16,2806,4786
2023-01-30 14:16:54,13,16,2806,4786
2023-01-30 14:17:08,13,18,3156,5136
2023-01-30 14:17:18,14,18,3156,5136
2023-01-30 14:17:35,15,18,3156,5136
2023-01-30 14:18:17,14,18,3156,5136
2023-01-30 14:18:17,14,19,3156,5136
2023-01-30 14:18:17,15,19,3156,5136
2023-01-30 14:18:17,16,19,3156,5136
2023-01-30 14:18:30,16,20,3156,5136
2023-01-30 14:18:45,16,21,3156,5136
2023-01-30 14:18:47,16,19,3156,5136
2023-01-30 14:19:45,15,19,3156,5136
2023-01-30 14:20:50,16,19,3156,5136
2023-01-30 14:21:34,16,20,3156,5136
2023-01-30 14:21:34,16,17,3156,5136
2023-01-30 14:21:42,14,17,2909,5383
2023-01-30 14:22:20,12,17,2909,5383
2023-01-30 14:22:41,14,17,2909,5383
2023-01-30 14:22:47,14,19,2909,5383
2023-01-30 14:22:48,14,18,2909,5383
2023-01-30 14:23:22,15,18,2909,5383
2023-01-30 14:23:42,14,18,2909,5383
2023-01-30 14:24:02,15,18,2909,5383
2023-01-30 14:24:18,15,19,2909,5383
2023-01-30 14:24:43,17,19,2909,5383
2023-01-30 14:25:04,16,19,2909,5383
2023-01-30 14:25:24,15,19,2909,5383
2023-01-30 14:25:48,15,18,2909,5383
2023-01-30 14:26:05,16,18,2909,5383
2023-01-30 14:26:05,16,20,3142,5621
2023-01-30 14:26:06,17,20,3142,5621
2023-01-30 14:27:16,17,23,3142,5621
2023-01-30 14:27:16,17,19,3142,5621
2023-01-30 14:27:45,17,21,3142,5621
2023-01-30 14:27:45,17,20,3142,5621
2023-01-30 14:28:35,19,20,3142,5621
2023-01-30 14:28:49,17,20,3142,5621
2023-01-30 14:28:50,17,21,3142,5621
2023-01-30 14:29:15,17,23,3142,5621
2023-01-30 14:29:16,17,20,3142,5621
2023-01-30 14:29:46,17,19,3142,5621
2023-01-30 14:29:49,18,19,3142,5621
2023-01-30 14:30:10,17,19,3142,5621
2023-01-30 14:30:12,16,19,3142,5621
2023-01-30 14:30:12,16,19,3147,5626
2023-01-30 14:30:27,16,21,3147,5626
2023-01-30 14:30:30,18,21,3147,5626
2023-01-30 14:30:47,18,22,3147,5626
2023-01-30 14:30:50,19,22,3147,5626
2023-01-30 14:31:10,18,22,3147,5626
2023-01-30 14:31:11,18,20,3147,5626
2023-01-30 14:31:20,18,20,3142,5631
2023-01-30 14:31:20,18,23,3142,5631
2023-01-30 14:31:32,16,23,2936,5837
2023-01-30 14:31:49,17,23,2936,5837
2023-01-30 14:31:49,17,19,2936,5837
2023-01-30 14:31:49,15,17,2941,5842
2023-01-30 14:32:11,13,17,2941,5842
2023-01-30 14:32:18,14,17,2941,5842
2023-01-30 14:32:18,14,19,2941,5842
2023-01-30 14:32:32,15,19,2941,5842
2023-01-30 14:32:52,14,19,2941,5842
2023-01-30 14:33:12,15,19,2941,5842
2023-01-30 14:33:17,15,20,2941,5842
2023-01-30 14:33:19,15,18,2941,5842
2023-01-30 14:33:33,16,18,2941,5842
2023-01-30 14:33:48,16,19,2941,5842
2023-01-30 14:33:53,15,19,2941,5842
2023-01-30 14:34:13,16,19,2941,5842
2023-01-30 14:34:17,16,20,2941,5842
2023-01-30 14:34:34,15,20,2941,5842
2023-01-30 14:34:47,15,18,2941,5842
2023-01-30 14:34:49,14,18,2941,5842
2023-01-30 14:34:53,14,20,3186,6087
2023-01-30 14:34:54,16,20,3186,6087
2023-01-30 14:35:20,16,19,3186,6087
2023-01-30 14:35:35,15,19,3186,6087
2023-01-30 14:35:56,15,18,3186,6087
2023-01-30 14:36:18,14,18,3186,6087
2023-01-30 14:36:19,14,17,3186,6087
2023-01-30 14:36:19,13,17,3186,6087
2023-01-30 14:36:36,14,17,3186,6087
2023-01-30 14:36:56,13,17,3186,6105
2023-01-30 14:37:17,15,17,3186,6105
2023-01-30 14:37:17,15,19,3366,6285
2023-01-30 14:37:17,18,19,3366,6285
2023-01-30 14:37:17,18,22,3366,6285
2023-01-30 14:37:17,18,20,3366,6285
2023-01-30 14:37:37,16,20,3366,6285
2023-01-30 14:37:46,17,20,3366,6285
2023-01-30 14:37:46,17,21,3366,6285
2023-01-30 14:37:51,17,20,3366,6285
2023-01-30 14:38:02,15,20,3195,6456
2023-01-30 14:38:14,15,18,3195,6456
2023-01-30 14:38:18,14,18,3195,6456
2023-01-30 14:38:21,14,16,3195,6456
2023-01-30 14:38:51,14,15,3195,6456
2023-01-30 14:38:51,12,15,3195,6456
2023-01-30 14:39:18,11,15,3195,6456
2023-01-30 14:39:19,14,15,3195,6456
2023-01-30 14:39:50,14,17,3195,6456
2023-01-30 14:39:59,13,17,3195,6456
2023-01-30 14:40:25,13,18,3195,6456
2023-01-30 14:40:25,13,16,3195,6456
2023-01-30 14:40:40,15,16,3195,6456
2023-01-30 14:40:45,15,16,3295,6556
2023-01-30 14:40:49,15,18,3295,6556
2023-01-30 14:40:49,15,21,3295,6556
2023-01-30 14:40:49,15,17,3295,6556
2023-01-30 14:40:54,15,17,3395,6656
2023-01-30 14:41:02,15,17,3395,6674
2023-01-30 14:41:03,17,19,3448,6727
2023-01-30 14:41:20,15,19,3448,6727
2023-01-30 14:41:20,15,21,3448,6727
2023-01-30 14:41:20,15,22,3448,6727
2023-01-30 14:41:20,16,22,3448,6727
2023-01-30 14:41:21,18,22,3448,6727
2023-01-30 14:41:48,17,22,3448,6727
2023-01-30 14:42:20,17,20,3448,6727
2023-01-30 14:42:21,16,20,3448,6727
2023-01-30 14:42:22,17,20,3448,6727
2023-01-30 14:43:02,16,20,3448,6727
2023-01-30 14:43:02,18,20,3448,6727
2023-01-30 14:43:24,17,20,3448,6727
2023-01-30 14:43:47,17,19,3448,6727
2023-01-30 14:44:03,18,19,3448,6727
2023-01-30 14:44:18,18,21,3448,6727
2023-01-30 14:44:22,18,20,3448,6727
2023-01-30 14:44:23,16,20,3448,6727
2023-01-30 14:44:43,16,19,3448,6727
2023-01-30 14:45:07,16,18,3448,6727
2023-01-30 14:46:06,17,18,3448,6727
2023-01-30 14:46:19,17,19,3448,6727
2023-01-30 14:46:48,18,19,3448,6727
2023-01-30 14:47:10,16,19,3448,6727
2023-01-30 14:47:11,16,20,3448,6727
2023-01-30 14:47:36,17,20,3448,6727
2023-01-30 14:47:46,15,20,3448,6727
2023-01-30 14:47:47,16,20,3448,6727
2023-01-30 14:47:47,17,20,3448,6727
2023-01-30 14:48:08,16,20,3448,6727
2023-01-30 14:48:08,19,20,3448,6727
2023-01-30 14:48:17,19,20,3448,6745
2023-01-30 14:48:18,17,20,3448,6745
2023-01-30 14:48:19,17,23,3448,6745
2023-01-30 14:48:19,17,21,3448,6745
2023-01-30 14:48:28,17,21,3452,6763
2023-01-30 14:48:38,19,21,3452,6763
2023-01-30 14:48:47,19,23,3452,6763
2023-01-30 14:48:49,21,23,3452,6763
2023-01-30 14:49:10,20,23,3452,6763
2023-01-30 14:49:18,20,24,3452,6763
2023-01-30 14:49:21,21,24,3452,6763
2023-01-30 14:49:31,22,24,3452,6763
2023-01-30 14:49:47,22,23,3452,6763
2023-01-30 14:50:23,21,23,3452,6763
2023-01-30 14:50:33,22,23,3452,6763
2023-01-30 14:50:52,22,24,3452,6763
2023-01-30 14:51:04,21,24,3452,6763
2023-01-30 14:51:25,22,24,3452,6763
2023-01-30 14:51:56,23,24,3452,6763
2023-01-30 14:52:17,19,24,3470,6781
2023-01-30 14:52:20,19,26,3470,6781
2023-01-30 14:52:22,21,26,3470,6781
2023-01-30 14:52:27,24,26,3470,6781
2023-01-30 14:52:48,21,26,3470,6781
2023-01-30 14:52:48,24,26,3470,6781
2023-01-30 14:53:08,22,26,3470,6781
2023-01-30 14:53:09,24,26,3470,6781
2023-01-30 14:53:09,24,27,3470,6781
2023-01-30 14:53:17,24,26,3470,6781
2023-01-30 14:53:19,23,26,3470,6781
2023-01-30 14:53:39,23,24,3470,6781
2023-01-30 14:53:46,22,24,3339,6912
2023-01-30 14:53:50,18,24,3339,6912
2023-01-30 14:53:50,21,24,3339,6912
2023-01-30 14:54:11,20,24,3339,6912
2023-01-30 14:54:21,22,24,3339,6912
2023-01-30 14:54:34,21,24,3339,6912
2023-01-30 14:54:47,21,23,3339,6912
2023-01-30 14:54:52,20,23,3339,6912
2023-01-30 14:55:03,21,23,3339,6912
2023-01-30 14:55:13,22,23,3339,6912
2023-01-30 14:55:22,22,23,3340,6913
2023-01-30 14:55:35,19,23,3358,6931
2023-01-30 14:55:45,19,23,3376,6949
2023-01-30 14:55:50,19,25,3494,7067
2023-01-30 14:55:50,20,25,3494,7067
2023-01-30 14:55:55,24,25,3494,7067
2023-01-30 14:56:06,23,25,3494,7067
2023-01-30 14:56:16,24,25,3494,7067
2023-01-30 14:56:20,24,26,3494,7067
2023-01-30 14:56:27,23,26,3494,7067
2023-01-30 14:56:37,22,26,3494,7067
2023-01-30 14:56:47,21,26,3494,7067
2023-01-30 14:56:47,22,26,3494,7067
2023-01-30 14:56:58,23,26,3494,7067
2023-01-30 14:57:08,21,26,3494,7067
2023-01-30 14:57:09,21,24,3494,7067
2023-01-30 14:57:39,19,24,3327,7234
2023-01-30 14:57:46,20,24,3327,7234
2023-01-30 14:57:48,20,23,3327,7234
2023-01-30 14:57:53,20,22,3327,7234
2023-01-30 14:58:06,18,22,3327,7234
2023-01-30 14:58:17,16,22,3327,7234
2023-01-30 14:58:18,16,21,3327,7234
2023-01-30 14:58:18,15,21,3327,7234
2023-01-30 14:58:18,17,21,3327,7234
2023-01-30 14:58:46,15,21,3327,7234
2023-01-30 14:58:46,15,22,3327,7234
2023-01-30 14:58:46,15,20,3327,7234
2023-01-30 14:59:08,15,18,3327,7234
2023-01-30 14:59:46,15,16,3327,7234
2023-01-30 14:59:55,14,16,3327,7234
2023-01-30 15:00:16,13,16,3327,7234
2023-01-30 15:00:37,12,16,3327,7234
2023-01-30 15:00:48,12,15,3327,7234
2023-01-30 15:00:57,13,15,3327,7234
2023-01-30 15:01:07,11,15,3327,7234
2023-01-30 15:01:08,13,15,3327,7234
2023-01-30 15:01:18,11,15,3327,7234
2023-01-30 15:01:18,14,15,3327,7234
2023-01-30 15:01:28,11,15,3345,7252
2023-01-30 15:01:36,13,15,3345,7252
2023-01-30 15:01:39,13,15,3363,7270
2023-01-30 15:01:49,13,17,3363,7270
2023-01-30 15:01:49,15,17,3363,7270
2023-01-30 15:02:00,14,17,3363,7270
2023-01-30 15:02:10,13,17,3363,7270
2023-01-30 15:02:18,13,16,3363,7270
2023-01-30 15:02:20,12,16,3363,7270
2023-01-30 15:02:45,12,14,3363,7270
2023-01-30 15:02:49,11,14,3363,7270
2023-01-30 15:03:12,10,14,3363,7270
2023-01-30 15:03:18,10,13,3363,7270
2023-01-30 15:03:19,9,13,3363,7270
2023-01-30 15:03:22,10,13,3363,7270
2023-01-30 15:03:30,10,12,3363,7270
2023-01-30 15:03:32,9,12,3363,7270
2023-01-30 15:03:48,9,11,3363,7270
2023-01-30 15:04:19,9,10,3363,7270
2023-01-30 15:04:47,7,9,3617,7524
2023-01-30 15:04:55,8,9,3617,7524
2023-01-30 15:05:16,7,9,3617,7524
2023-01-30 15:05:20,7,10,3617,7524
2023-01-30 15:05:37,8,10,3617,7524
2023-01-30 15:05:48,6,10,3617,7524
2023-01-30 15:05:48,8,10,3617,7524
2023-01-30 15:06:18,9,10,3617,7524
2023-01-30 15:06:49,9,11,3617,7524
2023-01-30 15:06:49,9,11,3635,7542
2023-01-30 15:07:00,9,11,3653,7560
2023-01-30 15:07:01,9,12,3715,7622
2023-01-30 15:07:10,9,12,3733,7640
2023-01-30 15:07:11,9,13,3835,7742
2023-01-30 15:07:13,8,13,3835,7742
2023-01-30 15:07:13,11,13,3835,7742
2023-01-30 15:07:17,11,18,3835,7742
2023-01-30 15:07:18,11,15,3835,7742
2023-01-30 15:07:20,11,15,3853,7760
2023-01-30 15:07:31,11,15,3871,7778
2023-01-30 15:07:39,13,15,3871,7778
2023-01-30 15:07:41,13,15,3889,7796
2023-01-30 15:07:47,13,17,3889,7796
2023-01-30 15:07:51,13,17,3907,7814
2023-01-30 15:07:55,15,17,3907,7814
2023-01-30 15:08:02,15,19,4057,7964
2023-01-30 15:08:02,18,19,4057,7964
2023-01-30 15:08:12,17,19,4057,7964
2023-01-30 15:08:21,17,22,4057,7964
2023-01-30 15:08:46,17,21,4057,7964
2023-01-30 15:08:57,17,20,4057,7964
2023-01-30 15:09:17,15,20,4057,7964
2023-01-30 15:09:17,16,20,4057,7964
2023-01-30 15:09:35,16,19,4057,7964
2023-01-30 15:09:42,14,19,3936,8085
2023-01-30 15:09:46,14,20,3936,8085
2023-01-30 15:09:47,14,18,3936,8085
2023-01-30 15:09:48,15,18,3936,8085
2023-01-30 15:10:16,16,18,3936,8085
2023-01-30 15:10:37,15,18,3936,8085
2023-01-30 15:10:50,17,18,3936,8085
2023-01-30 15:11:19,15,18,3936,8085
2023-01-30 15:11:51,16,18,3936,8085
2023-01-30 15:12:00,16,20,3936,8085
2023-01-30 15:12:11,16,19,3936,8085
2023-01-30 15:12:20,16,20,3936,8085
2023-01-30 15:12:21,16,19,3936,8085
2023-01-30 15:12:29,16,18,3936,8085
2023-01-30 15:12:47,14,18,3936,8085
2023-01-30 15:13:17,13,18,3936,8085
2023-01-30 15:13:39,13,18,3896,8125
2023-01-30 15:13:44,14,18,3896,8125
2023-01-30 15:13:47,14,17,3896,8125
2023-01-30 15:13:54,15,17,3896,8125
2023-01-30 15:14:15,14,17,3896,8125
2023-01-30 15:14:16,14,19,3896,8125
2023-01-30 15:14:17,15,19,3896,8125
2023-01-30 15:14:44,15,18,3896,8125
2023-01-30 15:14:46,16,18,3896,8125
2023-01-30 15:14:56,15,18,3914,8143
2023-01-30 15:15:00,15,18,3914,8153
2023-01-30 15:15:00,14,18,3914,8153
2023-01-30 15:15:03,14,19,3994,8253
2023-01-30 15:15:06,14,19,4012,8271
2023-01-30 15:15:12,19,21,4015,8274
2023-01-30 15:15:17,14,21,4033,8292
2023-01-30 15:15:19,13,21,4033,8292
2023-01-30 15:15:20,20,21,4033,8292
2023-01-30 15:15:30,20,21,4023,8302
2023-01-30 15:15:30,20,23,4023,8302
2023-01-30 15:15:35,20,24,4023,8302
2023-01-30 15:15:38,21,25,4023,8302
2023-01-30 15:15:48,22,25,4023,8302
2023-01-30 15:16:19,23,25,4023,8302
2023-01-30 15:16:21,23,27,4023,8302
2023-01-30 15:16:22,23,29,4023,8302
2023-01-30 15:16:22,23,28,4023,8302
2023-01-30 15:16:32,25,28,4023,8302
2023-01-30 15:16:49,26,28,4023,8302
2023-01-30 15:16:50,26,29,4023,8302
2023-01-30 15:17:03,26,31,4023,8302
2023-01-30 15:17:21,27,31,4023,8302
2023-01-30 15:17:43,29,31,4023,8302
2023-01-30 15:17:56,29,35,4023,8307
2023-01-30 15:18:04,29,34,4023,8307
2023-01-30 15:18:14,29,30,4023,8307
2023-01-30 15:18:17,30,34,4005,8325
2023-01-30 15:18:24,30,33,4005,8325
2023-01-30 15:18:41,30,36,4005,8325
2023-01-30 15:18:41,30,34,4005,8325
2023-01-30 15:18:46,28,34,4005,8325
2023-01-30 15:18:46,28,33,4005,8325
2023-01-30 15:18:49,29,33,4005,8325
2023-01-30 15:19:16,29,34,4005,8325
2023-01-30 15:19:35,29,35,4005,8325
2023-01-30 15:19:35,29,33,4005,8325
2023-01-30 15:19:43,29,31,4005,8325
2023-01-30 15:19:45,28,31,4005,8325
2023-01-30 15:19:55,28,33,4005,8325
2023-01-30 15:19:56,28,31,4005,8325
2023-01-30 15:20:04,28,30,4005,8325
2023-01-30 15:20:17,28,32,4005,8325
2023-01-30 15:20:17,28,30,4005,8325
2023-01-30 15:20:24,24,30,4005,8325
2023-01-30 15:20:24,24,29,4005,8325
2023-01-30 15:20:25,24,28,4005,8325
2023-01-30 15:20:37,24,29,4005,8325
2023-01-30 15:20:37,24,27,4005,8325
2023-01-30 15:20:46,23,27,4005,8325
2023-01-30 15:20:47,23,28,4005,8325
2023-01-30 15:20:47,23,27,4005,8325
2023-01-30 15:21:02,25,27,4005,8325
2023-01-30 15:21:19,25,28,4005,8325
2023-01-30 15:21:21,24,28,4005,8325
2023-01-30 15:21:48,27,31,4005,8325
2023-01-30 15:22:09,29,31,4005,8325
2023-01-30 15:22:19,29,33,4005,8325
2023-01-30 15:22:24,31,33,4005,8325
2023-01-30 15:22:31,31,35,4087,8407
2023-01-30 15:22:47,31,36,4087,8407
2023-01-30 15:22:49,33,36,4087,8407
2023-01-30 15:22:50,33,34,4087,8407
2023-01-30 15:22:53,33,34,3987,8507
2023-01-30 15:23:00,33,36,3987,8507
2023-01-30 15:23:00,31,32,3983,8511
2023-01-30 15:23:11,31,36,3983,8511
2023-01-30 15:23:11,31,33,3983,8511
2023-01-30 15:23:17,28,33,3983,8511
2023-01-30 15:23:21,28,32,3983,8511
2023-01-30 15:23:27,26,32,3983,8511
2023-01-30 15:23:31,26,34,3983,8511
2023-01-30 15:23:31,26,30,3983,8511
2023-01-30 15:23:37,24,30,3983,8511
2023-01-30 15:23:41,24,32,3983,8511
2023-01-30 15:23:41,24,29,3983,8511
2023-01-30 15:23:51,24,32,3983,8511
2023-01-30 15:23:52,24,29,3983,8511
2023-01-30 15:23:57,26,29,3983,8511
2023-01-30 15:24:02,26,34,3983,8511
2023-01-30 15:24:02,26,32,3983,8511
2023-01-30 15:24:09,24,32,3983,8511
2023-01-30 15:24:09,28,32,3983,8511
2023-01-30 15:24:12,28,36,3983,8511
2023-01-30 15:24:13,30,36,3983,8511
2023-01-30 15:24:17,30,41,3988,8537
2023-01-30 15:24:17,35,41,3988,8537
2023-01-30 15:24:17,35,40,3988,8537
2023-01-30 15:24:18,30,40,3988,8542
2023-01-30 15:24:18,30,35,3988,8542
2023-01-30 15:24:34,32,35,3988,8542
2023-01-30 15:25:07,29,35,3988,8542
2023-01-30 15:25:07,30,35,3988,8542
2023-01-30 15:25:26,32,35,3988,8542
2023-01-30 15:25:37,29,35,3988,8542
2023-01-30 15:25:37,30,35,3988,8542
2023-01-30 15:25:42,29,35,3988,8542
2023-01-30 15:25:42,32,35,3988,8542
2023-01-30 15:25:56,34,35,3988,8542
2023-01-30 15:26:13,31,35,3993,8547
2023-01-30 15:26:14,32,35,3993,8547
2023-01-30 15:26:15,31,35,3993,8547
2023-01-30 15:26:16,28,35,3993,8547
2023-01-30 15:26:32,28,33,3993,8547
2023-01-30 15:26:37,27,33,3993,8547
2023-01-30 15:26:45,29,33,3993,8547
2023-01-30 15:26:45,31,33,3993,8547
2023-01-30 15:27:07,31,35,3993,8547
2023-01-30 15:27:18,29,35,3993,8547
2023-01-30 15:27:19,28,35,3993,8547
2023-01-30 15:27:20,28,33,3993,8547
2023-01-30 15:27:27,27,35,3993,8547
2023-01-30 15:27:28,28,35,3993,8547
2023-01-30 15:27:38,28,33,3993,8547
2023-01-30 15:27:39,27,33,3993,8547
2023-01-30 15:27:58,27,35,3993,8547
2023-01-30 15:27:58,27,31,3993,8547
2023-01-30 15:28:00,26,31,3993,8547
2023-01-30 15:28:03,24,31,3993,8547
2023-01-30 15:28:20,24,32,3993,8547
2023-01-30 15:28:20,26,32,3993,8547
2023-01-30 15:28:21,27,33,3993,8547
2023-01-30 15:28:31,28,33,3993,8547
2023-01-30 15:28:37,28,36,3993,8547
2023-01-30 15:28:42,29,35,3993,8547
2023-01-30 15:28:56,29,33,3993,8547
2023-01-30 15:28:59,29,37,3993,8547
2023-01-30 15:28:59,29,31,3993,8547
2023-01-30 15:29:02,24,31,3993,8547
2023-01-30 15:29:05,24,29,3993,8547
2023-01-30 15:29:05,23,29,3993,8547
2023-01-30 15:29:10,23,27,3993,8547
2023-01-30 15:29:13,21,27,3993,8547
2023-01-30 15:29:17,21,29,3993,8547
2023-01-30 15:29:17,22,29,3993,8547
2023-01-30 15:29:23,23,29,3993,8547
2023-01-30 15:29:38,23,31,3993,8547
2023-01-30 15:29:38,24,31,3993,8547
2023-01-30 15:29:44,26,31,3993,8547
2023-01-30 15:29:54,25,31,3993,8547
2023-01-30 15:30:05,24,31,3993,8547
2023-01-30 15:30:07,26,31,3993,8547
2023-01-30 15:30:11,26,34,3993,8547
2023-01-30 15:30:11,26,33,3993,8547
2023-01-30 15:30:15,28,33,3993,8547
2023-01-30 15:30:32,28,35,3993,8547
2023-01-30 15:30:35,29,35,3993,8547
2023-01-30 15:30:44,30,35,3993,8547
2023-01-30 15:30:45,30,37,3993,8547
2023-01-30 15:30:47,30,41,3993,8547
2023-01-30 15:30:47,30,35,3993,8547
2023-01-30 15:30:47,28,35,3993,8547
2023-01-30 15:30:48,31,35,3993,8547
2023-01-30 15:31:08,28,35,3993,8547
2023-01-30 15:31:08,28,39,3993,8547
2023-01-30 15:31:08,28,33,3993,8547
2023-01-30 15:31:12,28,31,3993,8547
2023-01-30 15:31:27,24,29,3993,8547
2023-01-30 15:31:27,22,29,3993,8547
2023-01-30 15:31:28,24,29,3993,8547
2023-01-30 15:31:35,24,32,3993,8547
2023-01-30 15:31:38,22,27,3993,8547
2023-01-30 15:31:45,21,27,3993,8547
2023-01-30 15:31:49,20,27,3993,8547
2023-01-30 15:31:49,19,27,3993,8547
2023-01-30 15:31:49,19,25,3993,8547
2023-01-30 15:31:59,18,25,3993,8547
2023-01-30 15:32:07,18,26,3993,8547
2023-01-30 15:32:07,18,23,3993,8547
2023-01-30 15:32:09,16,23,3993,8547
2023-01-30 15:32:10,17,23,3993,8547
2023-01-30 15:32:11,17,21,3993,8547
2023-01-30 15:32:20,16,21,3993,8547
2023-01-30 15:32:22,14,21,3993,8547
2023-01-30 15:32:24,14,17,3993,8547
2023-01-30 15:32:30,11,17,3993,8547
2023-01-30 15:32:33,11,19,3993,8547
2023-01-30 15:32:33,12,19,3993,8547
2023-01-30 15:32:51,14,19,3993,8547
2023-01-30 15:33:01,12,19,3993,8547
2023-01-30 15:33:01,14,19,3993,8547
2023-01-30 15:33:05,14,21,3993,8547
2023-01-30 15:33:11,16,21,3993,8547
2023-01-30 15:33:22,15,21,3993,8547
2023-01-30 15:33:32,14,21,3993,8547
2023-01-30 15:33:35,14,19,3993,8547
2023-01-30 15:33:42,13,19,3993,8547
2023-01-30 15:33:47,14,19,3993,8547
2023-01-30 15:33:47,14,21,3993,8547
2023-01-30 15:34:11,14,22,3993,8547
2023-01-30 15:34:11,14,19,3993,8547
2023-01-30 15:34:13,12,19,3993,8547
2023-01-30 15:34:14,12,20,3993,8547
2023-01-30 15:34:14,12,17,3993,8547
2023-01-30 15:34:34,13,17,3993,8547
2023-01-30 15:34:38,13,21,3993,8547
2023-01-30 15:34:38,13,19,3993,8547
2023-01-30 15:35:05,12,19,3993,8547
2023-01-30 15:35:06,12,20,3993,8547
2023-01-30 15:35:06,12,16,3993,8547
2023-01-30 15:35:21,12,20,3993,8547
2023-01-30 15:35:21,12,18,3993,8547
2023-01-30 15:35:23,12,20,3993,8547
2023-01-30 15:35:24,12,16,3993,8547
2023-01-30 15:35:27,11,16,3993,8547
2023-01-30 15:35:34,11,14,3993,8547
2023-01-30 15:35:36,10,14,3993,8547
2023-01-30 15:36:07,9,14,3993,8547
2023-01-30 15:36:18,10,14,3993,8547
2023-01-30 15:37:18,10,17,3993,8547
2023-01-30 15:37:18,10,12,3993,8547
2023-01-30 15:37:20,9,12,3993,8547
2023-01-30 15:37:37,9,10,3993,8547
2023-01-30 15:37:41,7,10,3993,8547
2023-01-30 15:38:11,3,10,3993,8547
2023-01-30 15:38:11,7,10,3993,8547
2023-01-30 15:38:14,7,12,3993,8547
2023-01-30 15:38:22,8,12,3993,8547
2023-01-30 15:38:32,5,12,3993,8547
2023-01-30 15:38:32,7,12,3993,8547
2023-01-30 15:38:32,7,10,3993,8547
2023-01-30 15:38:48,10,15,3993,8552
2023-01-30 15:38:53,9,17,3993,8552
2023-01-30 15:38:53,9,16,3993,8552
2023-01-30 15:39:00,8,16,3993,8552
2023-01-30 15:39:00,8,15,3993,8552
2023-01-30 15:39:03,7,15,3993,8552
2023-01-30 15:39:16,7,10,3993,8552
2023-01-30 15:39:19,7,15,4093,8652
2023-01-30 15:39:27,7,13,4093,8652
2023-01-30 15:39:49,5,10,4093,8652
2023-01-30 15:39:52,6,10,4093,8652
2023-01-30 15:40:25,5,10,4093,8652
2023-01-30 15:40:28,6,10,4093,8652
2023-01-30 15:40:50,5,10,4093,8652
2023-01-30 15:41:19,4,10,4093,8652
2023-01-30 15:41:19,7,10,4093,8652
2023-01-30 15:41:37,7,13,4193,8752
2023-01-30 15:41:42,7,15,4193,8752
2023-01-30 15:41:42,7,14,4193,8752
2023-01-30 15:41:52,7,15,4193,8752
2023-01-30 15:41:53,7,14,4193,8752
2023-01-30 15:42:03,7,15,4193,8752
2023-01-30 15:42:03,7,14,4193,8752
2023-01-30 15:42:13,7,15,4193,8752
2023-01-30 15:42:13,7,14,4193,8752
2023-01-30 15:42:23,7,15,4193,8752
2023-01-30 15:42:24,7,14,4193,8752
2023-01-30 15:42:34,7,15,4193,8752
2023-01-30 15:42:34,7,14,4193,8752
2023-01-30 15:42:35,6,14,4193,8752
2023-01-30 15:42:35,9,14,4193,8752
2023-01-30 15:42:45,9,17,4193,8752
2023-01-30 15:42:45,9,15,4193,8752
2023-01-30 15:42:55,9,14,4193,8752
2023-01-30 15:43:05,9,17,4193,8752
2023-01-30 15:43:05,9,16,4193,8752
2023-01-30 15:43:15,9,17,4193,8752
2023-01-30 15:43:15,9,14,4193,8752
2023-01-30 15:43:26,9,15,4193,8752
2023-01-30 15:43:36,9,17,4193,8752
2023-01-30 15:43:36,9,15,4193,8752
2023-01-30 15:43:55,9,17,4193,8752
2023-01-30 15:43:55,9,15,4193,8752
2023-01-30 15:43:55,5,15,4193,8752
2023-01-30 15:43:56,3,15,4193,8752
2023-01-30 15:43:56,7,15,4193,8752
2023-01-30 15:44:02,7,19,4198,8757
2023-01-30 15:44:02,12,19,4198,8757
2023-01-30 15:44:05,12,15,4198,8757
2023-01-30 15:44:10,12,14,4198,8757
2023-01-30 15:44:11,10,14,4198,8757
2023-01-30 15:44:16,8,14,4198,8757
2023-01-30 15:44:27,8,15,4198,8757
2023-01-30 15:44:27,10,15,4198,8757
2023-01-30 15:44:27,10,17,4198,8757
2023-01-30 15:44:39,5,17,4198,8762
2023-01-30 15:44:39,5,12,4198,8762
2023-01-30 15:45:14,4,12,4198,8762
2023-01-30 15:45:15,4,10,4198,8762
2023-01-30 15:45:20,4,13,4203,8985
2023-01-30 15:45:21,6,13,4203,8985
2023-01-30 15:45:22,6,11,4203,8985
2023-01-30 15:45:32,6,13,4203,8985
2023-01-30 15:45:33,6,10,4203,8985
2023-01-30 15:45:40,2,10,4203,8990
2023-01-30 15:45:53,3,10,4203,8990
2023-01-30 15:46:03,2,10,4203,8990
2023-01-30 15:46:14,3,10,4203,8990
2023-01-30 15:46:45,4,10,4203,8990
2023-01-30 15:46:54,5,10,4203,8990
2023-01-30 15:46:58,5,12,4203,9273
2023-01-30 15:47:13,5,13,4203,9273
2023-01-30 15:47:16,5,14,4203,9273
2023-01-30 15:47:17,5,13,4203,9273
2023-01-30 15:47:27,5,14,4203,9273
2023-01-30 15:47:27,5,13,4203,9273
2023-01-30 15:47:37,5,14,4203,9273
2023-01-30 15:47:37,5,13,4203,9273
2023-01-30 15:47:47,5,14,4203,9273
2023-01-30 15:47:47,5,17,4203,9273
2023-01-30 15:47:56,5,13,4208,9278
2023-01-30 15:47:57,10,13,4208,9278
2023-01-30 15:47:58,10,17,4208,9278
2023-01-30 15:47:58,10,13,4208,9278
2023-01-30 15:48:08,10,17,4208,9278
2023-01-30 15:48:08,10,14,4208,9278
2023-01-30 15:48:18,10,17,4208,9278
2023-01-30 15:48:19,10,14,4208,9278
2023-01-30 15:48:25,12,14,4208,9278
2023-01-30 15:48:26,12,14,4208,9280
2023-01-30 15:48:29,12,19,4208,9280
2023-01-30 15:48:29,12,14,4208,9280
2023-01-30 15:48:40,12,19,4208,9280
2023-01-30 15:48:40,12,17,4208,9280
2023-01-30 15:48:50,12,19,4208,9280
2023-01-30 15:48:50,12,17,4208,9280
2023-01-30 15:49:00,12,19,4208,9280
2023-01-30 15:49:01,12,17,4208,9280
2023-01-30 15:49:04,14,17,4208,9280
2023-01-30 15:49:10,9,17,4208,9280
2023-01-30 15:49:10,3,17,4208,9280
2023-01-30 15:49:11,12,19,4208,9280
2023-01-30 15:49:11,12,17,4208,9280
2023-01-30 15:49:17,14,17,4208,9280
2023-01-30 15:49:21,14,21,4208,9280
2023-01-30 15:49:21,14,18,4208,9280
2023-01-30 15:49:31,14,21,4208,9280
2023-01-30 15:49:32,14,17,4208,9280
2023-01-30 15:49:38,12,17,4208,9280
2023-01-30 15:49:42,12,19,4208,9280
2023-01-30 15:49:42,12,16,4208,9280
2023-01-30 15:49:43,10,16,4208,9280
2023-01-30 15:49:51,5,16,4208,9285
2023-01-30 15:49:51,5,13,4208,9285
2023-01-30 15:50:02,5,21,4208,9285
2023-01-30 15:50:02,9,17,4208,9285
2023-01-30 15:50:03,9,15,4208,9285
2023-01-30 15:50:04,7,15,4208,9285
2023-01-30 15:50:07,7,13,4208,9285
2023-01-30 15:50:07,3,13,4208,9285
2023-01-30 15:50:07,5,13,4208,9285
2023-01-30 15:50:08,5,15,4208,9285
2023-01-30 15:50:08,3,15,4208,9285
2023-01-30 15:50:08,3,11,4208,9285
2023-01-30 15:50:11,3,100,4223,9318
2023-01-30 15:50:11,3,99,4223,9318
2023-01-30 15:50:11,6,99,4223,9318
2023-01-30 15:50:11,10,99,4223,9318
2023-01-30 15:50:14,10,16,4223,9318
2023-01-30 15:50:19,6,16,4223,9318
2023-01-30 15:50:19,8,16,4223,9318
2023-01-30 15:50:23,8,98,4223,9318
2023-01-30 15:50:23,8,12,4223,9318
2023-01-30 15:50:33,8,87,4223,9318
2023-01-30 15:50:34,8,11,4223,9318
2023-01-30 15:50:36,4,11,4223,9328
2023-01-30 15:50:44,2,12,4223,9328
2023-01-30 15:50:44,6,11,4223,9328
2023-01-30 15:51:01,4,11,4223,9328
2023-01-30 15:51:05,4,9,4223,9328
2023-01-30 15:51:13,5,9,4223,9328
2023-01-30 15:51:39,6,9,4223,9328
2023-01-30 15:51:59,5,9,4223,9328
2023-01-30 15:51:59,8,9,4223,9328
2023-01-30 15:52:07,8,14,4223,9328
2023-01-30 15:52:07,8,13,4223,9328
2023-01-30 15:52:14,8,10,4223,9328
2023-01-30 15:52:18,5,10,4223,9328
2023-01-30 15:52:18,5,10,4218,9333
2023-01-30 15:52:24,5,13,4218,9333
2023-01-30 15:52:24,5,11,4218,9333
2023-01-30 15:52:28,7,11,4218,9333
2023-01-30 15:52:31,11,15,4218,9351
2023-01-30 15:52:31,11,14,4218,9351
2023-01-30 15:52:32,11,17,4218,9351
2023-01-30 15:52:34,11,15,4218,9351
2023-01-30 15:52:35,9,15,4218,9351
2023-01-30 15:52:44,9,17,4218,9351
2023-01-30 15:52:45,9,16,4218,9351
2023-01-30 15:52:55,11,19,4218,9351
2023-01-30 15:52:55,11,17,4218,9351
2023-01-30 15:52:57,7,9,4223,9356
2023-01-30 15:53:00,9,14,4318,9451
2023-01-30 15:53:02,9,12,4318,9451
2023-01-30 15:53:05,7,12,4318,9451
2023-01-30 15:53:07,7,17,4318,9451
2023-01-30 15:53:07,7,14,4318,9451
2023-01-30 15:53:09,14,17,4318,9456
2023-01-30 15:53:10,14,17,4323,9461
2023-01-30 15:53:10,14,16,4323,9461
2023-01-30 15:53:12,14,16,4328,9466
2023-01-30 15:53:12,14,15,4328,9466
2023-01-30 15:53:12,14,16,4328,9466
2023-01-30 15:53:12,14,16,4333,9471
2023-01-30 15:53:16,9,16,4333,9471
2023-01-30 15:53:16,9,14,4333,9471
2023-01-30 15:53:22,7,14,4333,9471
2023-01-30 15:53:25,7,12,4333,9471
2023-01-30 15:53:30,7,14,4333,9471
2023-01-30 15:53:30,7,12,4333,9471
2023-01-30 15:53:35,7,14,4333,9471
2023-01-30 15:53:35,7,12,4333,9471
2023-01-30 15:53:40,7,14,4333,9471
2023-01-30 15:53:41,7,12,4333,9471
2023-01-30 15:53:46,7,14,4333,9471
2023-01-30 15:53:46,7,12,4333,9471
2023-01-30 15:53:51,7,14,4333,9471
2023-01-30 15:53:51,7,12,4333,9471
2023-01-30 15:53:56,7,14,4333,9471
2023-01-30 15:53:57,7,12,4333,9471
2023-01-30 15:54:02,7,14,4333,9471
2023-01-30 15:54:02,7,12,4333,9471
2023-01-30 15:54:02,5,12,4333,9471
2023-01-30 15:54:02,5,11,4333,9471
2023-01-30 15:54:07,5,12,4333,9471
2023-01-30 15:54:07,5,11,4333,9471
2023-01-30 15:54:13,5,10,4333,9471
2023-01-30 15:54:18,5,12,4333,9471
2023-01-30 15:54:18,5,11,4333,9471
2023-01-30 15:54:22,5,10,4333,9471
2023-01-30 15:54:24,2,10,4333,9471
2023-01-30 15:54:24,7,10,4333,9471
2023-01-30 15:54:30,5,10,4333,9471
2023-01-30 15:54:39,2,10,4333,9476
2023-01-30 15:54:40,2,9,4333,9476
2023-01-30 15:54:40,2,8,4333,9476
2023-01-30 15:54:41,3,8,4333,9476
2023-01-30 15:54:44,2,8,4333,9476
2023-01-30 15:54:45,5,8,4333,9476
2023-01-30 15:54:46,2,8,4333,9476
2023-01-30 15:54:46,3,8,4333,9476
2023-01-30 15:54:48,2,8,4333,9476
2023-01-30 15:54:48,2,11,4333,9476
2023-01-30 15:54:48,5,11,4333,9476
2023-01-30 15:54:48,5,10,4333,9476
2023-01-30 15:54:51,2,10,4333,9476
2023-01-30 15:54:51,3,10,4333,9476
2023-01-30 15:54:52,7,10,4333,9476
2023-01-30 15:54:52,7,12,4333,9476
2023-01-30 15:54:55,7,14,4333,9476
2023-01-30 15:55:01,7,15,4333,9476
2023-01-30 15:55:01,11,15,4333,9476
2023-01-30 15:55:02,11,16,4333,9476
2023-01-30 15:55:05,7,16,4333,9476
2023-01-30 15:55:06,8,16,4333,9476
2023-01-30 15:55:07,9,16,4333,9476
2023-01-30 15:55:09,9,18,4333,9476
2023-01-30 15:55:09,9,17,4333,9476
2023-01-30 15:55:14,12,17,4333,9476
2023-01-30 15:55:19,12,17,4332,9577
2023-01-30 15:55:19,9,17,4332,9577
2023-01-30 15:55:19,10,17,4332,9577
2023-01-30 15:55:19,14,17,4332,9577
2023-01-30 15:55:22,14,21,4332,9577
2023-01-30 15:55:22,16,21,4332,9577
2023-01-30 15:55:22,16,18,4332,9577
2023-01-30 15:55:24,8,18,4332,9577
2023-01-30 15:55:24,14,18,4332,9577
2023-01-30 15:55:26,14,22,4314,9595
2023-01-30 15:55:26,14,21,4314,9595
2023-01-30 15:55:28,14,22,4314,9595
2023-01-30 15:55:29,17,22,4314,9595
2023-01-30 15:55:30,19,22,4314,9595
2023-01-30 15:55:32,19,22,4314,9600
2023-01-30 15:55:33,19,27,4314,9600
2023-01-30 15:55:33,19,26,4314,9600
2023-01-30 15:55:33,19,27,4314,9600
2023-01-30 15:55:33,19,30,4314,9600
2023-01-30 15:55:33,19,23,4314,9600
2023-01-30 15:55:35,22,23,4314,9600
2023-01-30 15:55:36,22,23,4409,9695
2023-01-30 15:55:37,20,22,4414,9700
2023-01-30 15:55:42,20,22,4424,9710
2023-01-30 15:55:43,2,22,4424,9710
2023-01-30 15:55:44,19,22,4424,9710
2023-01-30 15:55:45,22,25,4554,9840
2023-01-30 15:55:47,22,29,4554,9840
2023-01-30 15:55:47,22,27,4554,9840
2023-01-30 15:55:49,22,25,4554,9840
2023-01-30 15:55:50,20,25,4554,9840
2023-01-30 15:55:53,20,27,4554,9840
2023-01-30 15:55:54,25,27,4554,9840
2023-01-30 15:55:57,25,30,4554,9840
2023-01-30 15:55:57,25,29,4554,9840
2023-01-30 15:55:58,25,29,4554,9850
2023-01-30 15:55:59,25,30,4554,9850
2023-01-30 15:55:59,27,30,4554,9850
2023-01-30 15:56:00,27,31,4554,9850
2023-01-30 15:56:00,27,30,4554,9850
2023-01-30 15:56:03,27,31,4554,9868
2023-01-30 15:56:03,27,31,4554,9873
2023-01-30 15:56:05,27,28,4554,9873
2023-01-30 15:56:06,25,28,4559,9878
2023-01-30 15:56:09,23,28,4559,9878
2023-01-30 15:56:10,23,30,4559,9878
2023-01-30 15:56:10,23,28,4559,9878
2023-01-30 15:56:10,21,28,4559,9878
2023-01-30 15:56:11,21,26,4559,9878
2023-01-30 15:56:13,21,26,4559,9888
2023-01-30 15:56:15,23,26,4559,9888
2023-01-30 15:56:16,23,69,4559,9888
2023-01-30 15:56:16,23,30,4559,9888
2023-01-30 15:56:16,21,23,4554,9893
2023-01-30 15:56:16,18,23,4554,9893
2023-01-30 15:56:20,18,27,4554,9906
2023-01-30 15:56:21,18,30,4554,9906
2023-01-30 15:56:21,18,69,4554,9906
2023-01-30 15:56:21,18,33,4554,9906
2023-01-30 15:56:21,21,33,4554,9906
2023-01-30 15:56:21,21,29,4554,9906
2023-01-30 15:56:21,21,25,4554,9906
2023-01-30 15:56:24,25,29,4536,9924
2023-01-30 15:56:27,25,26,4536,9924
2023-01-30 15:56:31,25,29,4538,9942
2023-01-30 15:56:32,25,26,4538,9942
2023-01-30 15:56:35,25,29,4556,9960
2023-01-30 15:56:36,25,29,4556,9965
2023-01-30 15:56:37,25,29,4556,9983
2023-01-30 15:56:37,25,31,4556,9983
2023-01-30 15:56:43,25,26,4556,9983
2023-01-30 15:56:47,25,31,4574,10001
2023-01-30 15:56:52,25,34,4574,10001
2023-01-30 15:56:52,27,34,4574,10001
2023-01-30 15:56:57,27,69,4574,10001
2023-01-30 15:56:57,29,69,4574,10001
2023-01-30 15:56:57,29,36,4574,10001
2023-01-30 15:57:01,25,36,4574,10001
2023-01-30 15:57:01,25,68,4574,10001
2023-01-30 15:57:01,25,32,4574,10001
2023-01-30 15:57:03,25,69,4574,10001
2023-01-30 15:57:03,27,69,4574,10001
2023-01-30 15:57:03,27,68,4574,10001
2023-01-30 15:57:03,27,34,4574,10001
2023-01-30 15:57:04,25,34,4574,10001
2023-01-30 15:57:04,25,32,4574,10001
2023-01-30 15:57:07,27,32,4574,10001
2023-01-30 15:57:08,27,34,4574,10001
2023-01-30 15:57:13,29,34,4574,10001
2023-01-30 15:57:13,29,69,4574,10001
2023-01-30 15:57:13,29,68,4574,10001
2023-01-30 15:57:13,29,36,4574,10001
2023-01-30 15:57:14,29,69,4574,10001
2023-01-30 15:57:14,26,69,4574,10001
2023-01-30 15:57:14,26,68,4574,10001
2023-01-30 15:57:14,26,33,4574,10001
2023-01-30 15:57:17,25,33,4574,10001
2023-01-30 15:57:17,25,68,4574,10001
2023-01-30 15:57:18,25,31,4574,10001
2023-01-30 15:57:20,25,69,4574,10001
2023-01-30 15:57:20,25,68,4574,10001
2023-01-30 15:57:23,25,29,4574,10001
2023-01-30 15:57:23,25,31,4574,10001
2023-01-30 15:57:25,25,69,4574,10001
2023-01-30 15:57:26,25,68,4574,10001
2023-01-30 15:57:26,25,27,4574,10001
2023-01-30 15:57:28,25,69,4584,10011
2023-01-30 15:57:28,25,68,4584,10011
2023-01-30 15:57:34,22,68,4584,10011
2023-01-30 15:57:35,19,68,4584,10011
2023-01-30 15:57:35,21,68,4584,10011
2023-01-30 15:57:36,25,68,4584,10011
2023-01-30 15:57:42,27,68,4584,10011
2023-01-30 15:57:43,25,68,4584,10011
2023-01-30 15:57:43,29,68,4584,10011
2023-01-30 15:57:45,22,68,4584,10011
2023-01-30 15:57:45,31,68,4584,10011
2023-01-30 15:57:47,22,68,4584,10011
2023-01-30 15:57:47,30,68,4584,10011
2023-01-30 15:57:50,34,69,4584,10011
2023-01-30 15:57:51,34,67,4584,10011
2023-01-30 15:57:57,36,67,4584,10011
2023-01-30 15:58:01,32,67,4584,10011
2023-01-30 15:58:02,33,67,4584,10011
2023-01-30 15:58:06,32,67,4584,10011
2023-01-30 15:58:06,30,67,4584,10011
2023-01-30 15:58:08,29,67,4584,10011
2023-01-30 15:58:08,19,22,4584,10026
2023-01-30 15:58:09,12,22,4584,10026
2023-01-30 15:58:09,13,22,4584,10026
2023-01-30 15:58:09,17,22,4584,10026
2023-01-30 15:58:12,17,25,4587,10029
2023-01-30 15:58:14,13,16,4592,10034
2023-01-30 15:58:15,6,16,4592,10034
2023-01-30 15:58:15,10,16,4592,10034
2023-01-30 15:58:16,10,17,4605,10049
2023-01-30 15:58:16,6,17,4605,10049
2023-01-30 15:58:16,12,22,4605,10049
2023-01-30 15:58:16,12,25,4605,10049
2023-01-30 15:58:16,12,19,4605,10049
2023-01-30 15:58:17,16,19,4605,10049
2023-01-30 15:58:18,16,25,4605,10049
2023-01-30 15:58:18,18,25,4605,10049
2023-01-30 15:58:19,18,21,4605,10049
2023-01-30 15:58:19,14,16,4607,10051
2023-01-30 15:58:19,14,21,4607,10051
2023-01-30 15:58:20,19,21,4607,10051
2023-01-30 15:58:23,19,25,4607,10056
2023-01-30 15:58:27,20,25,4607,10056
2023-01-30 15:58:28,20,28,4607,10056
2023-01-30 15:58:32,23,28,4607,10056
2023-01-30 15:58:33,23,31,4607,10056
2023-01-30 15:58:35,20,31,4607,10056
2023-01-30 15:58:36,20,28,4607,10056
2023-01-30 15:58:38,20,31,4612,10061
2023-01-30 15:58:39,25,31,4612,10061
2023-01-30 15:58:41,25,29,4612,10061
2023-01-30 15:58:42,22,29,4612,10061
2023-01-30 15:58:44,17,29,4612,10061
2023-01-30 15:58:44,19,29,4612,10061
2023-01-30 15:58:45,19,69,4612,10061
2023-01-30 15:58:45,19,68,4612,10061
2023-01-30 15:58:45,19,31,4612,10061
2023-01-30 15:58:45,24,31,4612,10061
2023-01-30 15:58:47,24,69,4612,10061
2023-01-30 15:58:48,27,69,4612,10061
2023-01-30 15:58:48,27,68,4612,10061
2023-01-30 15:58:48,27,34,4612,10061
2023-01-30 15:58:52,27,69,4612,10061
2023-01-30 15:58:52,27,68,4612,10061
2023-01-30 15:58:53,29,68,4612,10061
2023-01-30 15:58:54,29,36,4612,10061
2023-01-30 15:58:54,29,35,4612,10061
2023-01-30 15:59:00,24,35,4612,10061
2023-01-30 15:59:00,32,35,4612,10061
2023-01-30 15:59:01,32,39,4612,10061
2023-01-30 15:59:02,32,38,4612,10061
2023-01-30 15:59:06,27,38,4612,10061
2023-01-30 15:59:06,27,35,4612,10061
2023-01-30 15:59:07,23,35,4612,10061
2023-01-30 15:59:07,23,34,4612,10061
2023-01-30 15:59:07,23,27,4612,10061
2023-01-30 15:59:07,19,27,4612,10061
2023-01-30 15:59:07,15,27,4612,10061
2023-01-30 15:59:07,15,23,4612,10061
2023-01-30 15:59:07,20,23,4612,10061
2023-01-30 15:59:09,15,23,4612,10061
2023-01-30 15:59:09,13,23,4612,10061
2023-01-30 15:59:10,18,23,4612,10061
2023-01-30 15:59:10,20,23,4612,10061
2023-01-30 15:59:10,20,27,4617,10066
2023-01-30 15:59:11,20,26,4617,10066
2023-01-30 15:59:11,20,27,4617,10066
2023-01-30 15:59:11,17,27,4617,10066
2023-01-30 15:59:11,22,29,4617,10066
2023-01-30 15:59:12,22,28,4617,10066
2023-01-30 15:59:12,22,29,4617,10066
2023-01-30 15:59:13,22,69,4617,10066
2023-01-30 15:59:13,17,69,4617,10066
2023-01-30 15:59:13,17,68,4617,10066
2023-01-30 15:59:13,17,22,4617,10066
2023-01-30 15:59:13,15,22,4617,10066
2023-01-30 15:59:15,15,69,4627,10076
2023-01-30 15:59:15,15,68,4627,10076
2023-01-30 15:59:16,17,68,4627,10076
2023-01-30 15:59:16,17,69,4627,10076
2023-01-30 15:59:17,17,68,4627,10076
2023-01-30 15:59:20,15,68,4627,10076
2023-01-30 15:59:25,11,68,4627,10076
2023-01-30 15:59:25,13,68,4627,10076
2023-01-30 15:59:26,9,68,4627,10076
2023-01-30 15:59:26,9,69,4627,10076
2023-01-30 15:59:26,9,67,4627,10076
2023-01-30 15:59:26,11,67,4627,10076
2023-01-30 15:59:26,15,67,4627,10076
2023-01-30 15:59:26,15,69,4627,10076
2023-01-30 15:59:27,15,68,4627,10076
2023-01-30 15:59:29,15,68,4627,10081
2023-01-30 15:59:29,15,69,4627,10081
2023-01-30 15:59:29,15,67,4627,10081
2023-01-30 15:59:30,15,69,4627,10081
2023-01-30 15:59:30,15,17,4627,10081
2023-01-30 15:59:31,15,69,4627,10081
2023-01-30 15:59:31,11,69,4627,10081
2023-01-30 15:59:32,11,68,4627,10081
2023-01-30 15:59:32,11,15,4627,10081
2023-01-30 15:59:32,11,14,4627,10081
2023-01-30 15:59:33,11,15,4627,10081
2023-01-30 15:59:34,11,17,4627,10086
2023-01-30 15:59:35,11,16,4627,10086
2023-01-30 15:59:36,13,16,4627,10086
2023-01-30 15:59:36,11,16,4627,10091
2023-01-30 15:59:36,11,17,4627,10091
2023-01-30 15:59:37,8,17,4627,10091
2023-01-30 15:59:37,8,16,4627,10091
2023-01-30 15:59:39,8,15,4627,10091
2023-01-30 15:59:39,10,15,4627,10091
2023-01-30 15:59:39,10,14,4627,10091
2023-01-30 15:59:42,10,14,4632,10096
2023-01-30 15:59:45,2,14,4642,10124
2023-01-30 15:59:45,12,14,4642,10124
2023-01-30 15:59:46,2,14,4652,10134
2023-01-30 15:59:47,2,12,4652,10134
2023-01-30 15:59:47,2,8,4652,10134
2023-01-30 15:59:48,2,5,4652,10134
2023-01-30 15:59:50,7,8,4642,10144
2023-01-30 15:59:51,2,8,4642,10159
2023-01-30 15:59:52,2,13,4642,10159
2023-01-30 15:59:52,2,12,4642,10159
2023-01-30 15:59:52,2,11,4642,10159
2023-01-30 15:59:54,2,8,4642,10159
2023-01-30 15:59:55,1,8,4834,10359
2023-01-30 15:59:56,4,8,4834,10359
2023-01-30 15:59:56,4,14,4834,10359
2023-01-30 15:59:57,4,5,4824,10369
2023-01-30 15:59:58,4,12,4824,10369
2023-01-30 15:59:58,4,11,4824,10369
2023-01-30 15:59:58,4,7,4824,10369
2023-01-30 15:59:59,4,12,4824,10369
2023-01-30 15:59:59,4,5,4824,10369
