datetime,bid,ask,open_interest,volume
2023-01-30 09:30:15,17,28,0,0
2023-01-30 09:33:18,20,29,0,0
2023-01-30 09:33:18,22,29,0,0
2023-01-30 09:34:15,22,28,0,0
2023-01-30 09:34:39,24,28,0,0
2023-01-30 09:34:45,24,32,0,0
2023-01-30 09:34:45,24,30,0,0
2023-01-30 09:35:16,24,32,0,0
2023-01-30 09:35:16,24,28,0,0
2023-01-30 09:35:46,24,32,0,0
2023-01-30 09:35:46,24,29,0,0
2023-01-30 09:36:44,24,32,0,0
2023-01-30 09:36:44,24,31,0,0
2023-01-30 09:37:14,24,32,0,0
2023-01-30 09:37:14,24,29,0,0
2023-01-30 09:37:45,24,32,0,0
2023-01-30 09:37:45,24,29,0,0
2023-01-30 09:38:15,24,32,0,0
2023-01-30 09:38:15,24,29,0,0
2023-01-30 09:38:37,22,29,0,0
2023-01-30 09:38:45,22,30,0,0
2023-01-30 09:38:45,22,28,0,0
2023-01-30 09:39:14,21,28,0,0
2023-01-30 09:39:15,20,28,0,0
2023-01-30 09:39:16,20,26,0,0
2023-01-30 09:39:46,20,28,0,0
2023-01-30 09:39:46,20,27,0,0
2023-01-30 09:40:16,20,28,0,0
2023-01-30 09:40:17,20,27,0,0
2023-01-30 09:40:46,22,27,0,0
2023-01-30 09:40:46,22,25,0,0
2023-01-30 09:41:18,22,27,0,0
2023-01-30 09:41:24,24,27,0,0
2023-01-30 09:41:43,22,27,0,0
2023-01-30 09:41:46,23,27,0,0
2023-01-30 09:41:47,23,28,0,0
2023-01-30 09:42:17,22,28,0,0
2023-01-30 09:42:17,22,27,0,0
2023-01-30 09:42:18,23,27,0,0
2023-01-30 09:42:18,24,27,0,0
2023-01-30 09:42:38,23,27,0,0
2023-01-30 09:42:46,23,30,0,0
2023-01-30 09:42:47,23,28,0,0
2023-01-30 09:43:17,23,27,0,0
2023-01-30 09:43:46,24,27,0,0
2023-01-30 09:44:23,24,28,0,0
2023-01-30 09:44:26,23,28,0,0
2023-01-30 09:44:47,23,26,0,0
2023-01-30 09:44:48,22,26,0,0
2023-01-30 09:45:19,22,28,0,0
2023-01-30 09:45:20,22,30,0,0
2023-01-30 09:45:20,22,29,0,0
2023-01-30 09:45:20,22,27,0,0
2023-01-30 09:45:48,22,25,0,0
2023-01-30 09:45:49,20,25,0,0
2023-01-30 09:46:18,20,26,0,0
2023-01-30 09:46:18,20,24,0,0
2023-01-30 09:47:17,20,25,0,0
2023-01-30 09:47:17,20,23,0,0
2023-01-30 09:47:18,18,23,0,0
2023-01-30 09:48:17,18,22,0,0
2023-01-30 09:48:46,16,22,0,0
2023-01-30 09:48:47,17,22,0,0
2023-01-30 09:48:48,17,21,0,0
2023-01-30 09:49:05,18,21,0,0
2023-01-30 09:49:16,18,23,0,0
2023-01-30 09:49:17,18,22,0,0
2023-01-30 09:49:45,18,24,0,0
2023-01-30 09:49:45,18,23,0,0
2023-01-30 09:50:48,18,22,0,0
2023-01-30 09:51:20,18,23,0,0
2023-01-30 09:52:18,18,24,0,0
2023-01-30 09:52:19,18,22,0,0
2023-01-30 09:52:46,18,24,0,0
2023-01-30 09:52:46,18,23,0,0
2023-01-30 09:52:46,18,21,0,0
2023-01-30 09:52:48,17,21,0,0
2023-01-30 09:53:46,17,23,0,0
2023-01-30 09:53:46,17,21,0,0
2023-01-30 09:54:01,18,21,0,0
2023-01-30 09:54:13,20,21,0,0
2023-01-30 09:54:14,20,23,402,402
2023-01-30 09:54:18,20,22,402,402
2023-01-30 09:54:22,20,24,737,737
2023-01-30 09:54:28,23,24,737,737
2023-01-30 09:54:44,20,24,737,737
2023-01-30 09:54:44,21,24,737,737
2023-01-30 09:54:46,21,26,737,737
2023-01-30 09:54:58,23,26,737,737
2023-01-30 09:55:19,23,31,737,737
2023-01-30 09:55:19,24,31,737,737
2023-01-30 09:55:20,24,28,737,737
2023-01-30 09:55:48,23,28,737,737
2023-01-30 09:55:50,23,27,737,737
2023-01-30 09:56:20,23,25,737,737
2023-01-30 09:56:49,21,25,737,737
2023-01-30 09:56:50,21,26,737,737
2023-01-30 09:56:51,21,25,737,737
2023-01-30 09:57:21,21,26,737,737
2023-01-30 09:57:21,21,24,737,737
2023-01-30 09:57:46,20,24,737,737
2023-01-30 09:57:51,20,25,737,737
2023-01-30 09:57:51,20,23,737,737
2023-01-30 09:58:17,17,23,737,737
2023-01-30 09:58:18,19,23,737,737
2023-01-30 09:58:22,19,24,737,737
2023-01-30 09:58:22,19,23,737,737
2023-01-30 09:58:45,20,23,737,737
2023-01-30 09:58:52,20,25,737,737
2023-01-30 09:58:52,20,24,737,737
2023-01-30 09:59:18,19,24,737,737
2023-01-30 09:59:53,19,23,737,737
2023-01-30 10:00:23,19,24,737,737
2023-01-30 10:01:19,20,24,737,737
2023-01-30 10:01:22,20,25,737,737
2023-01-30 10:01:25,20,23,737,737
2023-01-30 10:01:46,18,23,737,737
2023-01-30 10:01:46,17,23,737,737
2023-01-30 10:01:47,19,23,737,737
2023-01-30 10:01:55,19,21,737,737
2023-01-30 10:02:16,17,21,737,737
2023-01-30 10:02:27,17,22,737,737
2023-01-30 10:02:45,18,22,737,737
2023-01-30 10:02:49,18,21,737,737
2023-01-30 10:03:08,18,22,737,737
2023-01-30 10:03:49,18,23,737,737
2023-01-30 10:04:09,18,22,737,737
2023-01-30 10:04:18,17,22,737,737
2023-01-30 10:04:18,19,22,737,737
2023-01-30 10:04:29,19,23,737,737
2023-01-30 10:04:30,19,22,737,737
2023-01-30 10:04:45,17,22,737,737
2023-01-30 10:04:46,18,22,737,737
2023-01-30 10:04:50,18,23,737,737
2023-01-30 10:04:50,18,22,737,737
2023-01-30 10:05:10,18,23,737,737
2023-01-30 10:05:11,18,21,737,737
2023-01-30 10:05:30,18,22,737,737
2023-01-30 10:05:31,18,20,737,737
2023-01-30 10:05:47,16,20,737,737
2023-01-30 10:05:51,16,21,737,737
2023-01-30 10:06:18,17,21,737,737
2023-01-30 10:06:46,18,21,737,737
2023-01-30 10:07:18,17,21,737,737
2023-01-30 10:07:34,17,22,737,737
2023-01-30 10:07:34,17,21,737,737
2023-01-30 10:07:54,17,22,737,737
2023-01-30 10:08:46,19,22,737,737
2023-01-30 10:08:48,19,23,737,737
2023-01-30 10:08:55,19,24,737,737
2023-01-30 10:08:55,19,23,737,737
2023-01-30 10:09:15,19,24,737,737
2023-01-30 10:09:16,19,22,737,737
2023-01-30 10:09:36,19,23,737,737
2023-01-30 10:09:46,17,23,737,737
2023-01-30 10:09:47,18,23,737,737
2023-01-30 10:10:17,18,22,737,737
2023-01-30 10:10:23,17,22,737,737
2023-01-30 10:10:25,19,22,737,737
2023-01-30 10:10:37,19,24,737,737
2023-01-30 10:10:37,19,22,737,737
2023-01-30 10:10:49,18,22,737,737
2023-01-30 10:10:57,18,23,737,737
2023-01-30 10:12:17,18,24,737,737
2023-01-30 10:12:17,19,24,737,737
2023-01-30 10:13:17,19,23,737,737
2023-01-30 10:14:00,20,23,737,737
2023-01-30 10:14:19,20,25,737,737
2023-01-30 10:14:48,21,25,737,737
2023-01-30 10:14:48,21,26,737,737
2023-01-30 10:15:02,21,25,737,737
2023-01-30 10:15:22,21,26,737,737
2023-01-30 10:15:47,21,25,737,737
2023-01-30 10:16:08,23,25,737,737
2023-01-30 10:16:19,23,27,737,737
2023-01-30 10:16:42,24,27,737,737
2023-01-30 10:16:45,24,29,737,737
2023-01-30 10:16:47,25,29,737,737
2023-01-30 10:17:23,25,30,737,737
2023-01-30 10:17:44,25,29,737,737
2023-01-30 10:18:04,25,30,737,737
2023-01-30 10:18:04,25,28,737,737
2023-01-30 10:18:17,23,28,737,737
2023-01-30 10:18:17,24,28,737,737
2023-01-30 10:18:24,24,29,737,737
2023-01-30 10:19:02,25,29,737,737
2023-01-30 10:19:46,25,30,737,737
2023-01-30 10:19:47,25,29,737,737
2023-01-30 10:20:28,24,29,737,737
2023-01-30 10:21:18,25,29,737,737
2023-01-30 10:21:50,25,31,737,737
2023-01-30 10:21:51,25,30,737,737
2023-01-30 10:23:15,27,30,737,737
2023-01-30 10:23:48,27,32,737,737
2023-01-30 10:25:12,27,31,737,737
2023-01-30 10:25:32,27,32,737,737
2023-01-30 10:26:07,29,32,737,737
2023-01-30 10:26:20,29,33,737,737
2023-01-30 10:26:46,29,34,737,737
2023-01-30 10:27:20,31,34,737,737
2023-01-30 10:27:46,31,36,737,737
2023-01-30 10:27:54,31,35,737,737
2023-01-30 10:28:14,31,36,737,737
2023-01-30 10:28:14,31,35,737,737
2023-01-30 10:29:45,31,34,737,737
2023-01-30 10:29:57,29,34,737,737
2023-01-30 10:30:37,29,35,737,737
2023-01-30 10:30:37,29,34,737,737
2023-01-30 10:30:57,30,34,737,737
2023-01-30 10:30:58,31,34,737,737
2023-01-30 10:31:20,31,35,737,737
2023-01-30 10:34:46,31,37,737,737
2023-01-30 10:34:46,31,36,737,737
2023-01-30 10:36:33,33,36,737,737
2023-01-30 10:36:46,33,40,737,737
2023-01-30 10:36:47,33,37,737,737
2023-01-30 10:38:47,33,38,737,737
2023-01-30 10:47:04,33,39,737,737
2023-01-30 10:47:04,33,38,737,737
2023-01-30 10:47:25,33,39,737,737
2023-01-30 10:47:25,33,38,737,737
2023-01-30 10:50:48,33,39,737,737
2023-01-30 10:50:49,33,38,737,737
2023-01-30 10:52:33,34,38,737,737
2023-01-30 10:52:48,34,39,737,737
2023-01-30 10:52:53,33,39,737,737
2023-01-30 10:53:14,34,39,737,737
2023-01-30 10:54:15,33,39,737,737
2023-01-30 10:54:35,34,39,737,737
2023-01-30 10:56:07,35,39,737,737
2023-01-30 10:59:47,35,38,737,737
2023-01-30 11:00:49,35,39,737,737
2023-01-30 11:01:19,35,40,737,737
2023-01-30 11:01:20,35,38,737,737
2023-01-30 11:01:51,35,39,737,737
2023-01-30 11:02:19,35,38,737,737
2023-01-30 11:02:47,35,39,737,737
2023-01-30 11:07:47,35,40,737,737
2023-01-30 11:09:19,35,39,737,737
2023-01-30 11:10:32,35,38,737,737
2023-01-30 11:11:21,33,38,737,737
2023-01-30 11:11:48,33,37,737,737
2023-01-30 11:12:34,33,36,737,737
2023-01-30 11:12:42,31,36,737,737
2023-01-30 11:13:19,31,35,737,737
2023-01-30 11:13:28,30,35,737,737
2023-01-30 11:13:28,33,35,737,737
2023-01-30 11:13:47,33,36,737,737
2023-01-30 11:15:21,33,38,737,737
2023-01-30 11:15:25,33,37,737,737
2023-01-30 11:16:42,31,37,737,737
2023-01-30 11:16:48,31,36,737,737
2023-01-30 11:16:59,31,35,737,737
2023-01-30 11:17:18,31,34,737,737
2023-01-30 11:17:25,33,34,737,737
2023-01-30 11:17:47,33,36,737,737
2023-01-30 11:19:17,33,35,737,737
2023-01-30 11:19:18,31,35,737,737
2023-01-30 11:20:48,31,36,737,737
2023-01-30 11:20:49,31,35,737,737
2023-01-30 11:22:46,33,35,737,737
2023-01-30 11:23:18,33,36,737,737
2023-01-30 11:24:19,33,38,737,737
2023-01-30 11:24:20,33,37,737,737
2023-01-30 11:24:46,33,39,737,737
2023-01-30 11:24:47,33,40,737,737
2023-01-30 11:24:47,33,38,737,737
2023-01-30 11:24:57,33,38,747,747
2023-01-30 11:25:08,33,37,747,747
2023-01-30 11:25:32,32,37,747,747
2023-01-30 11:25:32,35,37,747,747
2023-01-30 11:26:18,35,39,747,747
2023-01-30 11:26:19,35,38,747,747
2023-01-30 11:26:46,35,39,747,747
2023-01-30 11:27:51,35,38,747,747
2023-01-30 11:28:04,34,38,747,747
2023-01-30 11:28:11,34,39,747,747
2023-01-30 11:28:11,34,36,747,747
2023-01-30 11:28:19,33,36,747,747
2023-01-30 11:28:31,33,38,747,747
2023-01-30 11:28:31,33,37,747,747
2023-01-30 11:28:51,33,36,747,747
2023-01-30 11:29:11,33,37,747,747
2023-01-30 11:29:17,33,36,747,747
2023-01-30 11:29:52,33,37,747,747
2023-01-30 11:30:10,31,37,747,747
2023-01-30 11:30:13,31,35,747,747
2023-01-30 11:30:33,31,37,747,747
2023-01-30 11:30:33,31,33,747,747
2023-01-30 11:30:50,29,33,747,747
2023-01-30 11:30:57,29,34,747,747
2023-01-30 11:30:58,28,34,747,747
2023-01-30 11:30:58,31,34,747,747
2023-01-30 11:31:49,31,35,747,747
2023-01-30 11:32:16,33,35,747,747
2023-01-30 11:32:19,33,37,747,747
2023-01-30 11:32:20,33,36,747,747
2023-01-30 11:33:36,33,37,747,747
2023-01-30 11:34:17,33,36,747,747
2023-01-30 11:34:37,33,37,747,747
2023-01-30 11:34:38,33,36,747,747
2023-01-30 11:35:18,33,35,747,747
2023-01-30 11:35:38,33,36,747,747
2023-01-30 11:37:18,33,37,747,747
2023-01-30 11:37:19,35,37,747,747
2023-01-30 11:37:50,35,38,747,747
2023-01-30 11:38:17,35,37,747,747
2023-01-30 11:39:19,35,38,747,747
2023-01-30 11:39:43,35,37,747,747
2023-01-30 11:40:04,35,38,747,747
2023-01-30 11:40:45,35,37,747,747
2023-01-30 11:41:18,32,37,747,747
2023-01-30 11:41:18,33,37,747,747
2023-01-30 11:41:43,35,37,747,747
2023-01-30 11:42:26,35,38,747,747
2023-01-30 11:42:26,35,36,747,747
2023-01-30 11:42:41,33,36,747,747
2023-01-30 11:42:46,33,38,747,747
2023-01-30 11:42:47,33,40,747,747
2023-01-30 11:42:47,33,37,747,747
2023-01-30 11:42:47,33,36,747,747
2023-01-30 11:43:07,33,37,747,747
2023-01-30 11:43:49,32,37,747,747
2023-01-30 11:43:50,35,37,747,747
2023-01-30 11:44:29,35,38,747,747
2023-01-30 11:45:46,35,39,747,747
2023-01-30 11:45:50,35,38,747,747
2023-01-30 11:46:10,35,39,747,747
2023-01-30 11:46:10,35,38,747,747
2023-01-30 11:46:48,35,37,747,747
2023-01-30 11:47:18,35,38,747,747
2023-01-30 11:48:33,34,38,747,747
2023-01-30 11:48:34,37,38,747,747
2023-01-30 11:48:38,37,38,1080,1080
2023-01-30 11:48:47,37,39,1080,1080
2023-01-30 11:49:18,37,41,1080,1080
2023-01-30 11:49:19,37,40,1080,1080
2023-01-30 11:49:47,37,41,1080,1080
2023-01-30 11:49:54,37,42,1080,1080
2023-01-30 11:49:54,37,40,1080,1080
2023-01-30 11:50:14,37,42,1080,1080
2023-01-30 11:50:15,37,40,1080,1080
2023-01-30 11:50:35,37,41,1080,1080
2023-01-30 11:50:35,37,39,1080,1080
2023-01-30 11:50:56,37,41,1080,1080
2023-01-30 11:50:56,37,39,1080,1080
2023-01-30 11:51:36,37,40,1080,1080
2023-01-30 11:52:37,37,41,1080,1080
2023-01-30 11:52:37,37,39,1080,1080
2023-01-30 11:52:57,37,41,1080,1080
2023-01-30 11:52:58,37,40,1080,1080
2023-01-30 11:53:18,37,41,1080,1080
2023-01-30 11:53:19,37,39,1080,1080
2023-01-30 11:53:38,37,41,1080,1080
2023-01-30 11:53:48,37,40,1080,1080
2023-01-30 11:54:48,37,41,1080,1080
2023-01-30 11:55:00,35,41,1080,1080
2023-01-30 11:55:00,39,41,1080,1080
2023-01-30 11:55:48,39,43,1080,1080
2023-01-30 11:56:46,39,42,1080,1080
2023-01-30 11:57:10,37,42,1080,1080
2023-01-30 11:57:47,37,41,1080,1080
2023-01-30 11:58:07,36,41,1080,1080
2023-01-30 11:58:17,36,43,1080,1080
2023-01-30 11:58:17,35,43,1080,1080
2023-01-30 11:58:18,35,40,1080,1080
2023-01-30 11:58:47,35,42,1080,1080
2023-01-30 11:58:47,35,39,1080,1080
2023-01-30 11:59:17,33,39,1080,1080
2023-01-30 11:59:49,33,40,1080,1080
2023-01-30 11:59:50,33,38,1080,1080
2023-01-30 12:01:18,33,40,1080,1080
2023-01-30 12:01:19,33,38,1080,1080
2023-01-30 12:01:47,33,40,1080,1080
2023-01-30 12:01:48,33,41,1080,1080
2023-01-30 12:01:48,33,39,1080,1080
2023-01-30 12:01:49,33,37,1080,1080
2023-01-30 12:02:19,33,41,1080,1080
2023-01-30 12:02:19,33,38,1080,1080
2023-01-30 12:02:47,33,40,1080,1080
2023-01-30 12:02:47,33,37,1080,1080
2023-01-30 12:03:48,33,38,1080,1080
2023-01-30 12:04:17,33,37,1080,1080
2023-01-30 12:05:21,33,39,1080,1080
2023-01-30 12:05:22,33,38,1080,1080
2023-01-30 12:05:47,33,41,1080,1080
2023-01-30 12:05:48,33,37,1080,1080
2023-01-30 12:07:47,33,39,1080,1080
2023-01-30 12:07:47,33,41,1080,1080
2023-01-30 12:07:47,33,40,1080,1080
2023-01-30 12:07:48,33,38,1080,1080
2023-01-30 12:07:48,33,36,1080,1080
2023-01-30 12:08:47,33,37,1080,1080
2023-01-30 12:09:47,33,38,1080,1080
2023-01-30 12:11:18,33,40,1080,1080
2023-01-30 12:11:18,33,37,1080,1080
2023-01-30 12:11:54,33,38,1080,1080
2023-01-30 12:11:56,35,38,1080,1080
2023-01-30 12:12:19,35,40,1080,1080
2023-01-30 12:12:19,35,42,1080,1080
2023-01-30 12:12:19,35,41,1080,1080
2023-01-30 12:12:19,35,39,1080,1080
2023-01-30 12:12:39,33,39,1080,1080
2023-01-30 12:12:48,33,40,1080,1080
2023-01-30 12:12:51,33,38,1080,1080
2023-01-30 12:14:47,33,40,1080,1080
2023-01-30 12:14:47,33,41,1080,1080
2023-01-30 12:14:48,33,39,1080,1080
2023-01-30 12:14:48,33,37,1080,1080
2023-01-30 12:15:21,33,36,1080,1080
2023-01-30 12:15:46,33,41,1080,1080
2023-01-30 12:15:47,33,37,1080,1080
2023-01-30 12:16:03,35,37,1080,1080
2023-01-30 12:16:21,35,38,1080,1080
2023-01-30 12:16:47,35,41,1080,1080
2023-01-30 12:16:47,35,39,1080,1080
2023-01-30 12:17:18,33,39,1080,1080
2023-01-30 12:17:18,37,39,1080,1080
2023-01-30 12:17:47,37,41,1080,1080
2023-01-30 12:19:19,37,42,1080,1080
2023-01-30 12:19:47,37,44,1080,1080
2023-01-30 12:19:47,37,41,1080,1080
2023-01-30 12:21:19,39,41,1080,1080
2023-01-30 12:21:48,39,43,1080,1080
2023-01-30 12:22:16,37,43,1080,1080
2023-01-30 12:22:17,37,42,1080,1080
2023-01-30 12:22:46,37,44,1080,1080
2023-01-30 12:22:46,37,45,1080,1080
2023-01-30 12:22:47,37,43,1080,1080
2023-01-30 12:22:47,37,41,1080,1080
2023-01-30 12:23:14,39,41,1080,1080
2023-01-30 12:23:47,39,43,1080,1080
2023-01-30 12:24:01,39,43,1137,1137
2023-01-30 12:24:19,37,43,1137,1137
2023-01-30 12:24:40,37,43,1159,1159
2023-01-30 12:24:45,37,45,1159,1159
2023-01-30 12:24:46,37,42,1159,1159
2023-01-30 12:26:21,36,42,1159,1159
2023-01-30 12:26:22,39,42,1159,1159
2023-01-30 12:26:49,39,43,1159,1159
2023-01-30 12:26:53,41,43,1159,1159
2023-01-30 12:27:17,41,45,1159,1159
2023-01-30 12:27:57,40,45,1159,1159
2023-01-30 12:28:18,39,45,1159,1159
2023-01-30 12:28:48,39,44,1159,1159
2023-01-30 12:29:17,39,43,1159,1159
2023-01-30 12:29:27,38,43,1159,1159
2023-01-30 12:29:46,38,42,1159,1159
2023-01-30 12:29:47,37,42,1159,1159
2023-01-30 12:30:47,37,45,1159,1159
2023-01-30 12:30:47,37,41,1159,1159
2023-01-30 12:31:18,37,42,1159,1159
2023-01-30 12:31:25,39,42,1159,1159
2023-01-30 12:31:47,39,43,1159,1159
2023-01-30 12:33:59,40,43,1159,1159
2023-01-30 12:34:17,40,45,1159,1159
2023-01-30 12:34:19,39,45,1159,1159
2023-01-30 12:34:20,40,45,1159,1159
2023-01-30 12:34:40,39,45,1159,1159
2023-01-30 12:34:48,39,44,1159,1159
2023-01-30 12:35:21,40,44,1159,1159
2023-01-30 12:36:02,39,44,1159,1159
2023-01-30 12:36:19,39,45,1159,1159
2023-01-30 12:36:23,39,44,1159,1159
2023-01-30 12:38:48,39,43,1159,1159
2023-01-30 12:39:18,39,45,1159,1159
2023-01-30 12:39:18,39,44,1159,1159
2023-01-30 12:39:25,38,44,1159,1159
2023-01-30 12:39:25,41,44,1159,1159
2023-01-30 12:39:48,41,45,1159,1159
2023-01-30 12:40:23,41,44,1159,1159
2023-01-30 12:40:48,41,45,1159,1159
2023-01-30 12:41:13,40,45,1159,1159
2023-01-30 12:41:28,40,44,1159,1159
2023-01-30 12:41:48,40,45,1159,1159
2023-01-30 12:41:48,39,45,1159,1159
2023-01-30 12:41:49,39,44,1159,1159
2023-01-30 12:42:08,39,43,1159,1159
2023-01-30 12:42:28,39,44,1159,1159
2023-01-30 12:42:49,40,44,1159,1159
2023-01-30 12:43:09,39,44,1159,1159
2023-01-30 12:43:09,40,44,1159,1159
2023-01-30 12:43:46,40,46,1159,1159
2023-01-30 12:43:47,40,45,1159,1159
2023-01-30 12:43:50,41,45,1159,1159
2023-01-30 12:44:10,40,45,1159,1159
2023-01-30 12:44:31,41,45,1159,1159
2023-01-30 12:44:51,40,45,1159,1159
2023-01-30 12:44:54,41,45,1159,1159
2023-01-30 12:45:32,42,45,1159,1159
2023-01-30 12:45:46,42,48,1159,1159
2023-01-30 12:45:47,42,46,1159,1159
2023-01-30 12:46:53,43,46,1159,1159
2023-01-30 12:47:17,43,49,1159,1159
2023-01-30 12:47:17,43,47,1159,1159
2023-01-30 12:47:45,43,49,1159,1159
2023-01-30 12:47:45,43,48,1159,1159
2023-01-30 12:48:18,43,49,1159,1159
2023-01-30 12:48:19,43,47,1159,1159
2023-01-30 12:48:47,43,48,1159,1159
2023-01-30 12:49:47,43,49,1159,1159
2023-01-30 12:49:47,43,47,1159,1159
2023-01-30 12:50:37,45,47,1159,1159
2023-01-30 12:50:48,45,49,1159,1159
2023-01-30 12:50:48,45,50,1159,1159
2023-01-30 12:50:49,45,48,1159,1159
2023-01-30 12:50:57,43,48,1159,1159
2023-01-30 12:50:57,44,48,1159,1159
2023-01-30 12:52:19,43,48,1159,1159
2023-01-30 12:52:19,45,48,1159,1159
2023-01-30 12:52:39,44,48,1159,1159
2023-01-30 12:53:17,44,47,1159,1159
2023-01-30 12:53:40,43,47,1159,1159
2023-01-30 12:54:01,44,47,1159,1159
2023-01-30 12:55:22,43,47,1159,1159
2023-01-30 12:55:22,45,47,1159,1159
2023-01-30 12:55:42,44,47,1159,1159
2023-01-30 12:56:18,44,49,1159,1159
2023-01-30 12:56:19,44,47,1159,1159
2023-01-30 12:56:23,43,47,1159,1159
2023-01-30 12:56:43,44,47,1159,1159
2023-01-30 12:57:08,45,47,1159,1159
2023-01-30 12:58:18,45,48,1159,1159
2023-01-30 13:01:16,44,48,1159,1159
2023-01-30 13:01:19,44,49,1159,1159
2023-01-30 13:01:24,47,49,1159,1159
2023-01-30 13:01:30,47,49,1259,1259
2023-01-30 13:01:38,47,49,1359,1359
2023-01-30 13:04:49,44,49,1359,1359
2023-01-30 13:04:53,45,49,1359,1359
2023-01-30 13:05:13,44,49,1359,1359
2023-01-30 13:05:21,44,50,1359,1359
2023-01-30 13:05:21,44,48,1359,1359
2023-01-30 13:05:33,45,48,1359,1359
2023-01-30 13:06:14,44,48,1359,1359
2023-01-30 13:06:54,43,48,1359,1359
2023-01-30 13:06:55,44,48,1359,1359
2023-01-30 13:08:16,45,48,1359,1359
2023-01-30 13:08:19,48,50,1768,1768
2023-01-30 13:08:25,45,50,1768,1768
2023-01-30 13:08:27,46,50,1768,1768
2023-01-30 13:08:48,46,49,1768,1768
2023-01-30 13:09:17,46,51,1768,1768
2023-01-30 13:09:18,46,50,1768,1768
2023-01-30 13:10:32,44,50,1768,1768
2023-01-30 13:11:19,44,49,1768,1768
2023-01-30 13:11:48,44,50,1768,1768
2023-01-30 13:11:49,45,50,1768,1768
2023-01-30 13:12:18,44,50,1768,1768
2023-01-30 13:13:01,45,50,1768,1768
2023-01-30 13:14:00,45,49,1768,1768
2023-01-30 13:14:17,47,49,1768,1768
2023-01-30 13:15:42,47,50,1768,1768
2023-01-30 13:16:07,45,50,1768,1768
2023-01-30 13:16:19,45,49,1768,1768
2023-01-30 13:16:46,45,48,1768,1768
2023-01-30 13:16:46,45,48,1359,2177
2023-01-30 13:16:48,43,48,1359,2177
2023-01-30 13:17:06,43,49,1359,2177
2023-01-30 13:17:18,43,48,1359,2177
2023-01-30 13:17:26,42,48,1359,2177
2023-01-30 13:17:27,42,47,1359,2177
2023-01-30 13:17:38,42,45,1359,2177
2023-01-30 13:17:47,42,44,1359,2177
2023-01-30 13:17:50,40,44,1359,2177
2023-01-30 13:17:51,40,43,1359,2177
2023-01-30 13:17:52,38,43,1359,2177
2023-01-30 13:17:52,39,43,1359,2177
2023-01-30 13:18:19,39,42,1359,2177
2023-01-30 13:18:27,38,42,1359,2177
2023-01-30 13:18:49,38,41,1359,2177
2023-01-30 13:19:08,39,41,1359,2177
2023-01-30 13:19:28,40,41,1359,2177
2023-01-30 13:19:49,39,41,1359,2177
2023-01-30 13:19:49,39,41,1377,2195
2023-01-30 13:19:49,39,43,1377,2195
2023-01-30 13:19:51,39,44,1377,2195
2023-01-30 13:19:51,39,42,1377,2195
2023-01-30 13:20:09,40,42,1377,2195
2023-01-30 13:20:29,39,42,1377,2195
2023-01-30 13:20:50,41,42,1377,2195
2023-01-30 13:20:52,41,43,1377,2195
2023-01-30 13:20:52,39,41,1395,2213
2023-01-30 13:21:10,39,41,1413,2231
2023-01-30 13:21:23,39,43,1413,2231
2023-01-30 13:21:30,42,43,1413,2231
2023-01-30 13:21:51,40,43,1413,2231
2023-01-30 13:22:11,39,43,1413,2231
2023-01-30 13:22:11,42,43,1413,2231
2023-01-30 13:22:31,40,43,1413,2231
2023-01-30 13:22:51,39,43,1413,2231
2023-01-30 13:23:12,40,43,1413,2231
2023-01-30 13:23:18,40,46,1413,2231
2023-01-30 13:23:19,40,44,1413,2231
2023-01-30 13:23:19,40,42,1413,2231
2023-01-30 13:23:33,41,42,1413,2231
2023-01-30 13:23:48,41,43,1413,2231
2023-01-30 13:24:13,39,43,1413,2231
2023-01-30 13:24:18,39,45,1413,2231
2023-01-30 13:24:19,39,42,1413,2231
2023-01-30 13:24:34,40,42,1413,2231
2023-01-30 13:24:54,39,42,1413,2231
2023-01-30 13:25:28,40,42,1413,2231
2023-01-30 13:25:55,41,42,1413,2231
2023-01-30 13:26:15,40,42,1413,2231
2023-01-30 13:26:18,40,46,1413,2231
2023-01-30 13:26:18,40,43,1413,2231
2023-01-30 13:27:16,39,43,1413,2231
2023-01-30 13:27:16,37,43,1413,2231
2023-01-30 13:27:16,41,43,1413,2231
2023-01-30 13:27:17,42,43,1413,2231
2023-01-30 13:27:23,43,45,1795,2613
2023-01-30 13:28:18,43,47,1795,2613
2023-01-30 13:28:18,43,49,1795,2613
2023-01-30 13:28:18,43,46,1795,2613
2023-01-30 13:28:47,43,48,1795,2613
2023-01-30 13:28:47,43,47,1795,2613
2023-01-30 13:29:47,43,46,1795,2613
2023-01-30 13:30:20,43,46,1813,2631
2023-01-30 13:30:23,43,48,1813,2631
2023-01-30 13:30:24,43,51,1813,2631
2023-01-30 13:30:25,43,47,1813,2631
2023-01-30 13:30:40,46,47,1813,2631
2023-01-30 13:30:48,46,49,1813,2631
2023-01-30 13:30:49,46,50,1813,2631
2023-01-30 13:31:18,46,49,1813,2631
2023-01-30 13:31:21,47,49,1813,2631
2023-01-30 13:31:41,48,49,1813,2631
2023-01-30 13:31:47,48,51,1813,2631
2023-01-30 13:32:20,48,53,1813,2631
2023-01-30 13:32:20,48,51,1813,2631
2023-01-30 13:32:22,45,51,1813,2631
2023-01-30 13:32:23,50,51,1813,2631
2023-01-30 13:32:35,51,53,2167,2985
2023-01-30 13:32:47,51,52,2167,2985
2023-01-30 13:33:16,51,53,2167,2985
2023-01-30 13:34:12,49,53,2167,2985
2023-01-30 13:34:26,50,53,2167,2985
2023-01-30 13:36:18,50,55,2172,2990
2023-01-30 13:36:19,51,55,2172,2990
2023-01-30 13:37:55,53,55,2172,2990
2023-01-30 13:38:09,53,55,2272,3090
2023-01-30 13:38:47,53,56,2272,3090
2023-01-30 13:39:32,54,56,2272,3090
2023-01-30 13:39:47,54,58,2272,3090
2023-01-30 13:39:48,54,55,2272,3090
2023-01-30 13:39:53,54,55,2372,3190
2023-01-30 13:40:23,54,55,2472,3290
2023-01-30 13:40:31,54,55,2572,3390
2023-01-30 13:40:32,53,55,2572,3390
2023-01-30 13:41:19,53,56,2572,3390
2023-01-30 13:41:41,54,56,2572,3390
2023-01-30 13:43:01,53,56,2572,3390
2023-01-30 13:43:47,55,56,2572,3390
2023-01-30 13:44:18,55,57,2572,3390
2023-01-30 13:44:41,53,57,2572,3390
2023-01-30 13:48:03,56,57,2572,3390
2023-01-30 13:48:41,57,58,2858,3676
2023-01-30 13:48:46,57,59,2858,3676
2023-01-30 13:48:46,57,59,2858,3694
2023-01-30 13:49:07,57,59,2858,3712
2023-01-30 13:49:18,57,59,3119,3973
2023-01-30 13:49:28,57,59,3119,3991
2023-01-30 13:49:32,53,59,3119,3991
2023-01-30 13:49:45,55,59,3119,3991
2023-01-30 13:49:47,55,61,3119,3991
2023-01-30 13:49:47,55,60,3119,3991
2023-01-30 13:49:48,55,56,3119,3991
2023-01-30 13:50:08,55,58,3119,3991
2023-01-30 13:50:08,55,56,3119,3991
2023-01-30 13:50:28,55,58,3119,3991
2023-01-30 13:50:48,55,60,3119,3991
2023-01-30 13:50:49,55,57,3119,3991
2023-01-30 13:51:29,55,58,3119,3991
2023-01-30 13:51:49,55,59,3119,3991
2023-01-30 13:51:49,55,58,3119,3991
2023-01-30 13:52:09,55,59,3119,3991
2023-01-30 13:52:10,55,58,3119,3991
2023-01-30 13:52:30,55,59,3119,3991
2023-01-30 13:52:30,55,58,3119,3991
2023-01-30 13:52:50,55,59,3119,3991
2023-01-30 13:52:51,55,58,3119,3991
2023-01-30 13:53:31,55,59,3119,3991
2023-01-30 13:53:32,55,58,3119,3991
2023-01-30 13:53:51,55,59,3119,3991
2023-01-30 13:53:52,55,58,3119,3991
2023-01-30 13:54:12,55,59,3119,3991
2023-01-30 13:54:12,55,58,3119,3991
2023-01-30 13:54:32,55,59,3119,3991
2023-01-30 13:54:32,55,58,3119,3991
2023-01-30 13:54:52,55,59,3119,3991
2023-01-30 13:54:53,55,58,3119,3991
2023-01-30 13:55:13,55,59,3119,3991
2023-01-30 13:55:13,55,58,3119,3991
2023-01-30 13:55:33,55,59,3119,3991
2023-01-30 13:55:33,55,58,3119,3991
2023-01-30 13:55:53,55,59,3119,3991
2023-01-30 13:55:54,55,58,3119,3991
2023-01-30 13:56:14,55,59,3119,3991
2023-01-30 13:56:34,55,58,3119,3991
2023-01-30 13:56:54,55,60,3119,3991
2023-01-30 13:56:55,55,58,3119,3991
2023-01-30 13:57:15,55,60,3119,3991
2023-01-30 13:57:15,55,59,3119,3991
2023-01-30 13:57:35,55,60,3119,3991
2023-01-30 13:57:36,55,58,3119,3991
2023-01-30 13:58:16,55,60,3119,3991
2023-01-30 13:58:16,55,58,3119,3991
2023-01-30 13:58:36,55,60,3119,3991
2023-01-30 13:58:36,55,58,3119,3991
2023-01-30 13:58:56,55,60,3119,3991
2023-01-30 13:58:57,55,59,3119,3991
2023-01-30 13:59:17,55,60,3119,3991
2023-01-30 13:59:18,55,58,3119,3991
2023-01-30 13:59:37,55,60,3119,3991
2023-01-30 13:59:37,55,57,3119,3991
2023-01-30 13:59:57,55,59,3119,3991
2023-01-30 13:59:58,55,58,3119,3991
2023-01-30 14:00:18,55,59,3119,3991
2023-01-30 14:00:18,55,57,3119,3991
2023-01-30 14:00:38,55,58,3119,3991
2023-01-30 14:02:00,55,57,3119,3991
2023-01-30 14:02:20,55,58,3119,3991
2023-01-30 14:02:40,55,57,3119,3991
2023-01-30 14:03:21,55,58,3119,3991
2023-01-30 14:04:02,55,57,3119,3991
2023-01-30 14:05:03,55,56,3119,3991
2023-01-30 14:06:11,55,57,3119,3991
2023-01-30 14:06:24,55,56,3119,3991
2023-01-30 14:06:44,55,57,3119,3991
2023-01-30 14:06:45,55,56,3119,3991
2023-01-30 14:06:59,53,56,3119,4049
2023-01-30 14:08:07,53,58,3357,4287
2023-01-30 14:08:19,53,57,3357,4287
2023-01-30 14:08:24,52,57,3357,4287
2023-01-30 14:08:24,55,57,3357,4287
2023-01-30 14:08:52,55,59,3357,4287
2023-01-30 14:09:27,55,60,3357,4287
2023-01-30 14:09:46,55,61,3357,4287
2023-01-30 14:10:13,55,59,3357,4287
2023-01-30 14:12:47,56,59,3357,4287
2023-01-30 14:16:18,57,59,3357,4287
2023-01-30 14:16:54,55,59,3161,4501
2023-01-30 14:16:55,57,59,3161,4501
2023-01-30 14:16:58,57,62,3161,4501
2023-01-30 14:17:05,55,62,3156,4524
2023-01-30 14:17:06,55,59,3156,4524
2023-01-30 14:17:17,53,59,3156,4524
2023-01-30 14:17:18,54,59,3156,4524
2023-01-30 14:17:18,56,59,3156,4524
2023-01-30 14:17:18,56,57,3156,4524
2023-01-30 14:17:18,58,59,3155,4525
2023-01-30 14:17:47,57,59,3155,4525
2023-01-30 14:20:49,53,59,3155,4525
2023-01-30 14:20:50,58,59,3155,4525
2023-01-30 14:22:20,57,59,3155,4525
2023-01-30 14:22:47,55,59,3155,4525
2023-01-30 14:22:47,53,59,3155,4525
2023-01-30 14:22:48,58,59,3155,4525
2023-01-30 14:23:43,58,61,3155,4525
2023-01-30 14:23:54,59,61,3155,4525
2023-01-30 14:30:08,59,64,3160,4530
2023-01-30 14:31:49,61,64,3160,4530
2023-01-30 14:32:18,59,64,3160,4530
2023-01-30 14:32:18,58,64,3160,4530
2023-01-30 14:32:19,60,64,3160,4530
2023-01-30 14:32:32,60,65,3160,4530
2023-01-30 14:34:17,58,65,3160,4530
2023-01-30 14:34:17,60,65,3160,4530
2023-01-30 14:34:55,60,64,3160,4530
2023-01-30 14:35:15,60,65,3160,4530
2023-01-30 14:36:16,60,64,3160,4530
2023-01-30 14:36:36,60,65,3160,4530
2023-01-30 14:36:57,60,66,3160,4530
2023-01-30 14:36:57,60,65,3160,4530
2023-01-30 14:37:17,60,66,3160,4530
2023-01-30 14:37:17,61,66,3160,4530
2023-01-30 14:37:18,61,65,3160,4530
2023-01-30 14:37:58,61,66,3160,4530
2023-01-30 14:37:58,61,65,3160,4530
2023-01-30 14:38:17,60,65,3160,4530
2023-01-30 14:38:18,60,66,3160,4530
2023-01-30 14:38:19,60,65,3160,4530
2023-01-30 14:38:39,60,66,3160,4530
2023-01-30 14:38:39,60,64,3160,4530
2023-01-30 14:38:59,60,65,3160,4530
2023-01-30 14:38:59,60,64,3160,4530
2023-01-30 14:39:19,60,66,3160,4530
2023-01-30 14:39:40,60,65,3160,4530
2023-01-30 14:39:51,61,65,3160,4530
2023-01-30 14:40:00,61,66,3160,4530
2023-01-30 14:40:00,61,65,3160,4530
2023-01-30 14:40:20,61,66,3160,4530
2023-01-30 14:40:20,61,65,3160,4530
2023-01-30 14:40:23,62,65,3160,4530
2023-01-30 14:40:41,62,66,3160,4530
2023-01-30 14:41:03,62,67,3160,4530
2023-01-30 14:41:03,62,65,3160,4530
2023-01-30 14:41:42,62,66,3160,4530
2023-01-30 14:42:02,62,65,3160,4530
2023-01-30 14:42:22,62,67,3160,4530
2023-01-30 14:42:23,62,66,3160,4530
2023-01-30 14:42:43,62,67,3160,4530
2023-01-30 14:42:43,62,66,3160,4530
2023-01-30 14:43:03,62,67,3160,4530
2023-01-30 14:43:03,62,66,3160,4530
2023-01-30 14:43:24,62,67,3160,4530
2023-01-30 14:43:25,62,66,3160,4530
2023-01-30 14:44:04,62,67,3160,4530
2023-01-30 14:44:04,62,66,3160,4530
2023-01-30 14:44:24,62,67,3160,4530
2023-01-30 14:44:24,62,66,3160,4530
2023-01-30 14:44:45,62,67,3160,4530
2023-01-30 14:44:45,62,66,3160,4530
2023-01-30 14:45:05,62,67,3160,4530
2023-01-30 14:45:06,62,66,3160,4530
2023-01-30 14:45:46,62,68,3160,4530
2023-01-30 14:45:46,62,66,3160,4530
2023-01-30 14:46:06,62,68,3160,4530
2023-01-30 14:46:07,62,66,3160,4530
2023-01-30 14:46:49,62,68,3160,4530
2023-01-30 14:46:49,62,66,3160,4530
2023-01-30 14:47:17,62,67,3160,4530
2023-01-30 14:47:17,62,68,3160,4530
2023-01-30 14:47:17,63,68,3160,4530
2023-01-30 14:47:37,63,67,3160,4530
2023-01-30 14:47:43,64,67,3160,4530
2023-01-30 14:47:48,64,68,3160,4530
2023-01-30 14:47:49,64,67,3160,4530
2023-01-30 14:48:09,64,68,3160,4530
2023-01-30 14:48:09,64,66,3160,4530
2023-01-30 14:48:27,63,66,3160,4530
2023-01-30 14:48:29,63,68,3160,4530
2023-01-30 14:48:29,63,66,3160,4530
2023-01-30 14:48:39,63,68,3160,4530
2023-01-30 14:48:39,63,66,3160,4530
2023-01-30 14:48:48,62,66,3160,4530
2023-01-30 14:48:49,62,68,3160,4530
2023-01-30 14:48:50,62,66,3160,4530
2023-01-30 14:49:00,62,65,3160,4530
2023-01-30 14:49:11,62,68,3160,4530
2023-01-30 14:49:11,62,66,3160,4530
2023-01-30 14:49:21,62,68,3160,4530
2023-01-30 14:49:21,62,65,3160,4530
2023-01-30 14:49:31,62,68,3160,4530
2023-01-30 14:49:32,62,65,3160,4530
2023-01-30 14:49:42,62,68,3160,4530
2023-01-30 14:49:42,62,65,3160,4530
2023-01-30 14:49:52,62,68,3160,4530
2023-01-30 14:49:53,62,65,3160,4530
2023-01-30 14:50:03,62,68,3160,4530
2023-01-30 14:50:03,62,65,3160,4530
2023-01-30 14:50:13,62,68,3160,4530
2023-01-30 14:50:13,62,65,3160,4530
2023-01-30 14:50:22,63,65,3160,4530
2023-01-30 14:50:34,63,68,3160,4530
2023-01-30 14:50:34,63,65,3160,4530
2023-01-30 14:50:44,63,68,3160,4530
2023-01-30 14:50:44,63,65,3160,4530
2023-01-30 14:50:51,62,65,3160,4530
2023-01-30 14:50:54,62,68,3160,4530
2023-01-30 14:50:55,62,65,3160,4530
2023-01-30 14:51:05,62,68,3160,4530
2023-01-30 14:51:05,62,66,3160,4530
2023-01-30 14:51:15,62,68,3160,4530
2023-01-30 14:51:15,62,66,3160,4530
2023-01-30 14:51:17,63,66,3160,4530
2023-01-30 14:51:26,63,68,3160,4530
2023-01-30 14:51:26,63,65,3160,4530
2023-01-30 14:51:36,63,68,3160,4530
2023-01-30 14:51:36,63,65,3160,4530
2023-01-30 14:51:46,63,68,3160,4530
2023-01-30 14:51:47,63,65,3160,4530
2023-01-30 14:51:57,63,68,3160,4530
2023-01-30 14:51:57,63,65,3160,4530
2023-01-30 14:52:08,63,68,3160,4530
2023-01-30 14:52:09,63,65,3160,4530
2023-01-30 14:52:18,63,64,3160,4530
2023-01-30 14:52:20,62,64,3160,4530
2023-01-30 14:52:28,62,68,3160,4530
2023-01-30 14:52:28,62,64,3160,4530
2023-01-30 14:52:38,62,68,3160,4530
2023-01-30 14:52:38,62,64,3160,4530
2023-01-30 14:52:48,62,68,3160,4530
2023-01-30 14:52:48,62,67,3160,4530
2023-01-30 14:52:49,62,64,3160,4530
2023-01-30 14:52:59,62,67,3160,4530
2023-01-30 14:52:59,62,64,3160,4530
2023-01-30 14:53:09,62,67,3160,4530
2023-01-30 14:53:09,62,64,3160,4530
2023-01-30 14:53:20,62,67,3160,4530
2023-01-30 14:53:20,62,65,3160,4530
2023-01-30 14:53:30,62,67,3160,4530
2023-01-30 14:53:30,62,66,3160,4530
2023-01-30 14:53:40,62,67,3160,4530
2023-01-30 14:53:41,62,66,3160,4530
2023-01-30 14:53:49,63,66,3160,4530
2023-01-30 14:53:51,63,68,3160,4530
2023-01-30 14:53:51,63,66,3160,4530
2023-01-30 14:54:01,63,68,3160,4530
2023-01-30 14:54:01,63,66,3160,4530
2023-01-30 14:54:11,63,68,3160,4530
2023-01-30 14:54:12,63,66,3160,4530
2023-01-30 14:54:22,63,68,3160,4530
2023-01-30 14:54:22,63,66,3160,4530
2023-01-30 14:54:35,63,68,3160,4530
2023-01-30 14:54:35,63,66,3160,4530
2023-01-30 14:54:47,64,66,3160,4530
2023-01-30 14:54:53,64,69,3160,4530
2023-01-30 14:54:53,64,66,3160,4530
2023-01-30 14:55:03,64,69,3160,4530
2023-01-30 14:55:03,64,67,3160,4530
2023-01-30 14:55:14,64,69,3160,4530
2023-01-30 14:55:14,64,66,3160,4530
2023-01-30 14:55:24,64,69,3160,4530
2023-01-30 14:55:24,64,66,3160,4530
2023-01-30 14:55:35,64,69,3160,4530
2023-01-30 14:55:36,64,65,3160,4530
2023-01-30 14:55:46,64,69,3160,4530
2023-01-30 14:55:46,64,65,3160,4530
2023-01-30 14:55:49,62,65,3160,4530
2023-01-30 14:55:50,63,65,3160,4530
2023-01-30 14:55:56,63,68,3160,4530
2023-01-30 14:55:56,63,65,3160,4530
2023-01-30 14:56:06,63,68,3160,4530
2023-01-30 14:56:07,63,65,3160,4530
2023-01-30 14:56:17,63,68,3160,4530
2023-01-30 14:56:17,63,65,3160,4530
2023-01-30 14:56:27,63,68,3160,4530
2023-01-30 14:56:28,63,66,3160,4530
2023-01-30 14:56:48,63,68,3160,4530
2023-01-30 14:56:48,63,66,3160,4530
2023-01-30 14:56:58,63,68,3160,4530
2023-01-30 14:56:59,63,65,3160,4530
2023-01-30 14:57:09,64,68,3160,4530
2023-01-30 14:57:09,64,66,3160,4530
2023-01-30 14:57:19,64,68,3160,4530
2023-01-30 14:57:19,64,67,3160,4530
2023-01-30 14:57:40,64,68,3160,4530
2023-01-30 14:57:47,64,67,3160,4530
2023-01-30 14:58:07,64,70,3160,4530
2023-01-30 14:58:19,65,70,3160,4530
2023-01-30 14:58:46,66,70,3160,4530
2023-01-30 14:58:46,66,71,3160,4530
2023-01-30 14:59:25,66,69,3160,4530
2023-01-30 14:59:35,66,71,3160,4530
2023-01-30 14:59:35,66,69,3160,4530
2023-01-30 14:59:45,66,71,3160,4530
2023-01-30 14:59:46,67,71,3160,4530
2023-01-30 14:59:46,67,69,3160,4530
2023-01-30 14:59:56,67,72,3160,4530
2023-01-30 14:59:56,67,70,3160,4530
2023-01-30 15:00:06,67,72,3160,4530
2023-01-30 15:00:06,67,70,3160,4530
2023-01-30 15:00:16,67,72,3160,4530
2023-01-30 15:00:17,67,69,3160,4530
2023-01-30 15:00:27,67,72,3160,4530
2023-01-30 15:00:27,67,70,3160,4530
2023-01-30 15:00:37,67,72,3160,4530
2023-01-30 15:00:37,67,70,3160,4530
2023-01-30 15:00:58,67,72,3160,4530
2023-01-30 15:00:58,67,71,3160,4530
2023-01-30 15:01:08,67,72,3160,4530
2023-01-30 15:01:08,67,71,3160,4530
2023-01-30 15:01:19,67,72,3160,4530
2023-01-30 15:01:19,67,71,3160,4530
2023-01-30 15:01:29,67,72,3160,4530
2023-01-30 15:01:30,67,71,3160,4530
2023-01-30 15:01:50,67,72,3160,4530
2023-01-30 15:01:50,67,71,3160,4530
2023-01-30 15:02:00,67,72,3160,4530
2023-01-30 15:02:01,67,71,3160,4530
2023-01-30 15:02:11,67,72,3160,4530
2023-01-30 15:02:17,66,72,3160,4530
2023-01-30 15:02:18,68,72,3160,4530
2023-01-30 15:02:31,68,71,3160,4530
2023-01-30 15:02:41,68,72,3160,4530
2023-01-30 15:03:44,68,71,3160,4530
2023-01-30 15:03:47,67,71,3160,4530
2023-01-30 15:03:54,67,72,3160,4530
2023-01-30 15:03:54,67,71,3160,4530
2023-01-30 15:04:04,67,72,3160,4530
2023-01-30 15:04:19,67,71,3160,4530
2023-01-30 15:04:19,66,71,3160,4530
2023-01-30 15:04:25,66,70,3160,4530
2023-01-30 15:04:35,66,71,3160,4530
2023-01-30 15:05:02,68,71,3160,4530
2023-01-30 15:05:19,69,71,3160,4530
2023-01-30 15:05:20,69,72,3160,4530
2023-01-30 15:05:51,68,72,3160,4530
2023-01-30 15:07:05,68,74,3410,4780
2023-01-30 15:07:11,66,74,3428,4953
2023-01-30 15:07:13,66,72,3428,4953
2023-01-30 15:07:17,64,72,3428,4953
2023-01-30 15:07:17,69,72,3428,4953
2023-01-30 15:07:31,67,72,3428,5058
2023-01-30 15:07:31,68,72,3428,5058
2023-01-30 15:07:39,67,72,3446,5076
2023-01-30 15:07:42,68,72,3446,5076
2023-01-30 15:07:47,69,72,3446,5076
2023-01-30 15:07:49,69,72,3446,5094
2023-01-30 15:07:53,67,72,3446,5203
2023-01-30 15:08:00,67,70,3446,5203
2023-01-30 15:08:42,70,72,3451,5208
2023-01-30 15:09:17,70,73,3451,5208
2023-01-30 15:09:30,69,73,3451,5208
2023-01-30 15:09:36,70,73,3451,5208
2023-01-30 15:09:47,69,73,3451,5208
2023-01-30 15:10:04,70,73,3451,5208
2023-01-30 15:10:24,70,74,3451,5208
2023-01-30 15:10:49,70,73,3451,5208
2023-01-30 15:11:18,70,75,3451,5208
2023-01-30 15:11:18,70,76,3451,5208
2023-01-30 15:11:18,70,74,3451,5208
2023-01-30 15:12:17,71,74,3451,5208
2023-01-30 15:12:48,71,77,3451,5208
2023-01-30 15:12:49,71,75,3451,5208
2023-01-30 15:13:49,71,76,3451,5208
2023-01-30 15:14:18,71,75,3451,5208
2023-01-30 15:14:44,70,75,3451,5213
2023-01-30 15:14:45,70,74,3451,5213
2023-01-30 15:15:00,70,72,3451,5213
2023-01-30 15:15:06,69,72,3551,5421
2023-01-30 15:15:07,68,72,3551,5421
2023-01-30 15:15:20,67,72,3551,5421
2023-01-30 15:15:28,69,72,3551,5421
2023-01-30 15:15:38,67,72,3551,5421
2023-01-30 15:16:00,67,70,3551,5421
2023-01-30 15:16:21,66,70,3551,5421
2023-01-30 15:16:32,65,70,3551,5421
2023-01-30 15:16:42,64,70,3551,5509
2023-01-30 15:16:50,63,68,3551,5509
2023-01-30 15:17:34,62,68,3551,5509
2023-01-30 15:17:44,62,67,3551,5509
2023-01-30 15:17:46,62,65,3551,5509
2023-01-30 15:17:46,61,65,3551,5509
2023-01-30 15:18:04,62,65,3551,5509
2023-01-30 15:18:14,61,65,3569,5527
2023-01-30 15:18:20,63,65,3569,5527
2023-01-30 15:18:21,63,67,3673,5631
2023-01-30 15:18:22,61,67,3673,5631
2023-01-30 15:18:25,63,67,3673,5631
2023-01-30 15:18:41,61,67,3673,5631
2023-01-30 15:19:15,62,67,3673,5631
2023-01-30 15:19:17,62,66,3673,5631
2023-01-30 15:19:36,63,66,3673,5631
2023-01-30 15:19:44,64,66,3673,5631
2023-01-30 15:19:45,64,69,3673,5631
2023-01-30 15:19:46,64,67,3673,5631
2023-01-30 15:20:04,65,67,3673,5631
2023-01-30 15:20:06,65,69,3788,5746
2023-01-30 15:20:17,66,69,3788,5746
2023-01-30 15:20:28,66,70,3788,5746
2023-01-30 15:20:38,67,70,3788,5746
2023-01-30 15:20:46,67,72,3788,5746
2023-01-30 15:21:13,65,72,3788,5841
2023-01-30 15:21:15,65,70,3788,5841
2023-01-30 15:21:19,63,70,3788,5841
2023-01-30 15:21:19,64,70,3788,5841
2023-01-30 15:21:19,66,70,3788,5841
2023-01-30 15:21:46,64,70,3788,5841
2023-01-30 15:21:48,64,69,3788,5841
2023-01-30 15:22:10,64,68,3788,5841
2023-01-30 15:22:19,64,67,3788,5841
2023-01-30 15:22:20,62,67,3788,5841
2023-01-30 15:22:27,62,66,3788,5841
2023-01-30 15:22:33,62,67,3788,5841
2023-01-30 15:22:47,62,68,3788,5841
2023-01-30 15:22:47,62,64,3788,5841
2023-01-30 15:22:47,61,64,3788,5841
2023-01-30 15:22:48,61,62,3788,5841
2023-01-30 15:22:49,61,62,3793,5846
2023-01-30 15:22:50,62,64,3793,5916
2023-01-30 15:22:50,63,64,3793,5916
2023-01-30 15:23:00,58,64,3811,5934
2023-01-30 15:23:01,59,64,3811,5934
2023-01-30 15:23:07,59,66,3867,5990
2023-01-30 15:23:11,63,66,3867,5990
2023-01-30 15:23:21,64,66,3867,5990
2023-01-30 15:23:31,65,66,3867,5990
2023-01-30 15:23:37,65,68,3867,5990
2023-01-30 15:23:42,66,68,3867,5990
2023-01-30 15:23:52,67,68,3867,5990
2023-01-30 15:23:56,67,68,3867,5995
2023-01-30 15:24:02,64,68,3867,5995
2023-01-30 15:24:13,63,68,3867,5995
2023-01-30 15:24:16,65,68,3867,5995
2023-01-30 15:24:17,67,68,3867,5995
2023-01-30 15:24:18,67,68,3867,6000
2023-01-30 15:24:18,67,68,3867,6005
2023-01-30 15:24:34,67,68,3867,6010
2023-01-30 15:24:44,67,70,3867,6010
2023-01-30 15:24:44,67,68,3867,6010
2023-01-30 15:24:46,65,68,3867,6010
2023-01-30 15:24:46,63,68,3867,6010
2023-01-30 15:24:46,63,67,3867,6010
2023-01-30 15:24:46,63,65,3867,6010
2023-01-30 15:25:07,63,65,3867,6015
2023-01-30 15:25:07,60,65,3867,6015
2023-01-30 15:25:20,60,64,3867,6015
2023-01-30 15:25:24,59,64,3867,6034
2023-01-30 15:25:25,59,62,3867,6034
2023-01-30 15:25:36,60,62,3867,6034
2023-01-30 15:25:47,59,62,3867,6034
2023-01-30 15:25:56,55,62,3867,6034
2023-01-30 15:25:56,57,62,3867,6034
2023-01-30 15:25:56,59,60,3867,6034
2023-01-30 15:26:07,58,60,3867,6034
2023-01-30 15:26:14,58,62,3867,6034
2023-01-30 15:26:15,59,62,3867,6034
2023-01-30 15:26:18,61,62,3867,6034
2023-01-30 15:26:33,61,64,3867,6034
2023-01-30 15:26:38,62,64,3867,6034
2023-01-30 15:26:59,63,64,3867,6034
2023-01-30 15:27:06,63,64,3867,6035
2023-01-30 15:27:07,63,65,3867,6035
2023-01-30 15:27:09,59,65,3867,6035
2023-01-30 15:27:09,60,65,3867,6035
2023-01-30 15:27:19,61,65,3867,6035
2023-01-30 15:27:19,61,66,3867,6035
2023-01-30 15:27:20,63,66,3867,6035
2023-01-30 15:27:30,62,66,3867,6035
2023-01-30 15:27:40,61,66,3867,6035
2023-01-30 15:27:40,63,66,3867,6035
2023-01-30 15:27:47,63,64,3867,6035
2023-01-30 15:28:01,63,64,3885,6053
2023-01-30 15:28:11,63,64,3903,6071
2023-01-30 15:28:14,63,64,3904,6072
2023-01-30 15:28:18,63,65,3904,6072
2023-01-30 15:28:20,61,65,3904,6072
2023-01-30 15:28:29,61,63,3904,6072
2023-01-30 15:28:59,61,65,3904,6072
2023-01-30 15:28:59,63,65,3904,6072
2023-01-30 15:29:02,63,66,3904,6072
2023-01-30 15:29:03,65,66,3904,6072
2023-01-30 15:29:13,65,66,3922,6090
2023-01-30 15:29:17,62,64,3926,6094
2023-01-30 15:29:19,64,66,3926,6167
2023-01-30 15:29:22,64,67,3970,6211
2023-01-30 15:29:23,65,67,3970,6211
2023-01-30 15:29:34,66,67,3970,6211
2023-01-30 15:29:35,66,68,3970,6212
2023-01-30 15:29:37,66,68,3970,6216
2023-01-30 15:29:44,64,68,3970,6216
2023-01-30 15:29:47,65,68,3970,6216
2023-01-30 15:29:47,65,71,3970,6216
2023-01-30 15:29:48,65,70,3970,6216
2023-01-30 15:29:49,65,70,3971,6217
2023-01-30 15:30:08,65,71,3971,6217
2023-01-30 15:30:08,65,70,3971,6217
2023-01-30 15:30:16,65,69,3971,6217
2023-01-30 15:30:19,65,68,3971,6217
2023-01-30 15:30:25,63,68,3971,6217
2023-01-30 15:30:25,61,68,3971,6217
2023-01-30 15:30:44,60,68,3971,6217
2023-01-30 15:30:44,60,66,3971,6217
2023-01-30 15:30:47,59,70,3971,6217
2023-01-30 15:30:47,59,68,3971,6217
2023-01-30 15:30:49,60,66,3971,6217
2023-01-30 15:30:55,61,66,3971,6217
2023-01-30 15:31:09,61,68,3971,6217
2023-01-30 15:31:10,62,68,3971,6217
2023-01-30 15:31:11,62,69,3971,6217
2023-01-30 15:31:12,63,69,3971,6217
2023-01-30 15:31:15,64,69,3971,6217
2023-01-30 15:31:18,65,69,3971,6217
2023-01-30 15:31:27,65,71,3971,6217
2023-01-30 15:31:28,65,72,3971,6217
2023-01-30 15:31:32,65,73,3971,6217
2023-01-30 15:31:35,67,73,3971,6217
2023-01-30 15:31:37,67,72,3971,6217
2023-01-30 15:31:40,68,72,3971,6217
2023-01-30 15:31:49,69,72,3971,6217
2023-01-30 15:31:50,70,72,3971,6217
2023-01-30 15:31:57,70,76,3971,6217
2023-01-30 15:31:57,70,78,3971,6217
2023-01-30 15:31:58,70,75,3971,6217
2023-01-30 15:32:07,71,75,3971,6217
2023-01-30 15:32:10,72,78,3971,6217
2023-01-30 15:32:12,72,80,3971,6217
2023-01-30 15:32:14,73,80,3971,6217
2023-01-30 15:32:19,73,77,3971,6217
2023-01-30 15:32:20,74,77,3971,6217
2023-01-30 15:32:24,75,77,3971,6217
2023-01-30 15:32:30,76,77,3971,6217
2023-01-30 15:32:31,76,83,3971,6217
2023-01-30 15:32:42,76,78,3971,6217
2023-01-30 15:32:51,74,78,3971,6217
2023-01-30 15:32:56,74,81,3971,6217
2023-01-30 15:33:03,74,77,3971,6217
2023-01-30 15:33:12,73,77,3971,6217
2023-01-30 15:33:22,74,81,3971,6217
2023-01-30 15:33:24,74,77,3971,6217
2023-01-30 15:33:39,76,81,3971,6217
2023-01-30 15:33:47,76,77,3971,6217
2023-01-30 15:34:14,76,77,3989,6235
2023-01-30 15:34:24,76,83,3989,6235
2023-01-30 15:34:29,76,78,3989,6235
2023-01-30 15:34:42,76,78,4189,6435
2023-01-30 15:34:45,76,83,4189,6435
2023-01-30 15:34:53,76,77,4189,6435
2023-01-30 15:34:55,76,77,4207,6453
2023-01-30 15:35:06,76,77,4225,6471
2023-01-30 15:35:06,76,77,4230,6476
2023-01-30 15:35:14,76,78,4230,6476
2023-01-30 15:35:16,77,78,4230,6476
2023-01-30 15:35:26,76,78,4248,6494
2023-01-30 15:35:34,76,80,4248,6494
2023-01-30 15:35:35,76,82,4248,6494
2023-01-30 15:35:36,76,81,4248,6494
2023-01-30 15:35:37,79,81,4248,6494
2023-01-30 15:35:47,78,81,4248,6494
2023-01-30 15:35:55,78,82,4248,6494
2023-01-30 15:35:59,82,85,4520,6771
2023-01-30 15:36:21,79,80,4600,6851
2023-01-30 15:36:39,79,85,4600,6851
2023-01-30 15:36:44,76,79,4623,6874
2023-01-30 15:36:49,76,79,4641,6892
2023-01-30 15:37:00,79,82,4641,6892
2023-01-30 15:37:07,79,81,4641,6892
2023-01-30 15:37:07,80,81,4641,6892
2023-01-30 15:37:20,80,82,4641,6892
2023-01-30 15:37:25,80,85,4641,6892
2023-01-30 15:37:25,80,84,4641,6892
2023-01-30 15:37:29,80,82,4641,6892
2023-01-30 15:37:37,78,82,4641,6892
2023-01-30 15:37:41,80,82,4641,6892
2023-01-30 15:37:51,78,83,4641,6892
2023-01-30 15:37:51,79,83,4641,6892
2023-01-30 15:37:51,80,83,4641,6892
2023-01-30 15:37:52,82,83,4641,6892
2023-01-30 15:38:04,82,85,4641,6892
2023-01-30 15:38:06,82,84,4641,6892
2023-01-30 15:38:14,79,82,4781,7032
2023-01-30 15:38:31,79,84,4781,7032
2023-01-30 15:38:32,78,84,4781,7032
2023-01-30 15:38:32,79,84,4781,7032
2023-01-30 15:38:32,79,85,4781,7032
2023-01-30 15:38:33,80,85,4781,7032
2023-01-30 15:38:35,80,83,4781,7032
2023-01-30 15:38:53,80,85,4781,7032
2023-01-30 15:38:57,80,82,4781,7032
2023-01-30 15:39:17,80,85,4781,7032
2023-01-30 15:39:19,80,83,4781,7032
2023-01-30 15:39:25,81,83,4781,7032
2023-01-30 15:39:41,80,84,4781,7032
2023-01-30 15:39:52,81,84,4781,7032
2023-01-30 15:40:25,81,85,4781,7032
2023-01-30 15:40:33,81,85,4881,7132
2023-01-30 15:40:42,83,85,4881,7132
2023-01-30 15:40:46,83,84,4881,7132
2023-01-30 15:41:07,83,85,5462,7713
2023-01-30 15:41:10,83,85,5512,7763
2023-01-30 15:41:31,81,82,5949,8200
2023-01-30 15:41:31,80,82,5949,8200
2023-01-30 15:41:32,82,85,5954,8205
2023-01-30 15:41:52,80,81,5972,8223
2023-01-30 15:41:53,80,81,5990,8241
2023-01-30 15:42:13,80,82,5990,8241
2023-01-30 15:42:35,80,85,5990,8241
2023-01-30 15:42:36,79,80,6041,8292
2023-01-30 15:42:38,82,85,6267,8519
2023-01-30 15:42:43,79,85,6267,8519
2023-01-30 15:42:51,80,85,6267,8519
2023-01-30 15:42:58,79,80,6967,9219
2023-01-30 15:43:03,79,85,7008,9260
2023-01-30 15:43:21,79,80,7008,9260
2023-01-30 15:43:43,76,79,7018,9270
2023-01-30 15:43:58,76,79,7351,9603
2023-01-30 15:44:01,76,82,7351,9603
2023-01-30 15:44:03,76,85,7351,9603
2023-01-30 15:44:03,76,84,7351,9603
2023-01-30 15:44:04,76,82,7351,9603
2023-01-30 15:44:19,76,85,7351,9603
2023-01-30 15:44:27,76,83,7351,9603
2023-01-30 15:44:32,79,83,7351,9603
2023-01-30 15:44:42,79,85,7369,9621
2023-01-30 15:44:50,79,82,7369,9621
2023-01-30 15:44:52,79,82,7387,9639
2023-01-30 15:44:59,79,82,7457,9709
2023-01-30 15:45:02,79,82,7475,9727
2023-01-30 15:45:03,79,82,7525,9777
2023-01-30 15:45:20,85,88,8101,10353
2023-01-30 15:45:34,85,86,8101,10353
2023-01-30 15:45:42,86,88,8364,10616
2023-01-30 15:45:56,86,88,8897,11149
2023-01-30 15:46:03,86,92,8897,11159
2023-01-30 15:46:18,86,92,9176,11438
2023-01-30 15:46:42,76,83,9493,11755
2023-01-30 15:46:42,76,83,9503,11765
2023-01-30 15:46:53,76,87,9623,11885
2023-01-30 15:46:55,83,87,9623,11885
2023-01-30 15:46:58,76,87,9623,11885
2023-01-30 15:47:04,76,82,9623,11885
2023-01-30 15:47:04,85,87,9918,12180
2023-01-30 15:47:25,85,87,10345,12607
2023-01-30 15:47:47,76,82,10623,12885
2023-01-30 15:47:48,76,82,10641,12903
2023-01-30 15:47:58,76,82,10659,12921
2023-01-30 15:47:59,82,87,10659,12921
2023-01-30 15:48:06,76,87,10659,12921
2023-01-30 15:48:08,76,80,10659,12921
2023-01-30 15:48:16,76,80,10659,13021
2023-01-30 15:48:18,76,80,10709,13071
2023-01-30 15:48:24,76,80,10709,13171
2023-01-30 15:48:30,76,79,10709,13171
2023-01-30 15:48:33,76,79,10709,13271
2023-01-30 15:48:34,78,79,10709,13271
2023-01-30 15:48:51,78,85,10709,13271
2023-01-30 15:48:51,78,85,11454,14016
2023-01-30 15:49:03,78,83,11454,14016
2023-01-30 15:49:10,78,88,11454,14016
2023-01-30 15:49:10,78,85,11454,14016
2023-01-30 15:49:11,81,85,11454,14016
2023-01-30 15:49:12,76,78,11727,14289
2023-01-30 15:49:22,76,78,11745,14307
2023-01-30 15:49:32,81,83,11745,14307
2023-01-30 15:49:34,36,76,11789,14351
2023-01-30 15:49:45,80,87,12036,14598
2023-01-30 15:49:55,80,87,12714,15276
2023-01-30 15:50:01,80,83,12714,15276
2023-01-30 15:50:04,80,87,12714,15276
2023-01-30 15:50:04,80,85,12714,15276
2023-01-30 15:50:08,80,89,12714,15276
2023-01-30 15:50:12,80,92,12714,15276
2023-01-30 15:50:12,80,91,12714,15276
2023-01-30 15:50:16,80,90,12714,15276
2023-01-30 15:50:19,80,91,12714,15276
2023-01-30 15:50:28,17,91,12714,15276
2023-01-30 15:50:32,50,91,12714,15276
2023-01-30 15:51:03,50,92,12714,15276
2023-01-30 15:51:10,85,92,12714,15276
2023-01-30 15:51:17,85,92,12739,15301
2023-01-30 15:51:28,85,91,12739,15301
2023-01-30 15:51:36,89,91,12739,15301
2023-01-30 15:51:48,89,90,12739,15301
2023-01-30 15:51:51,89,90,12739,15306
2023-01-30 15:52:01,89,90,12739,15311
2023-01-30 15:52:02,89,92,12739,15311
2023-01-30 15:52:04,90,92,12739,15311
2023-01-30 15:52:12,90,92,12814,15386
2023-01-30 15:52:16,88,92,12814,15386
2023-01-30 15:52:23,88,90,12814,15386
2023-01-30 15:52:24,84,90,12814,15386
2023-01-30 15:52:24,88,90,12814,15386
2023-01-30 15:52:30,88,92,12814,15386
2023-01-30 15:52:30,88,92,12814,15391
2023-01-30 15:52:31,88,91,12814,15391
2023-01-30 15:52:31,84,88,12827,15404
2023-01-30 15:52:34,84,91,12827,15404
2023-01-30 15:52:35,84,92,12827,15404
2023-01-30 15:52:35,84,91,12827,15404
2023-01-30 15:52:40,84,92,12827,15404
2023-01-30 15:52:54,84,91,12827,15404
2023-01-30 15:52:54,82,91,12827,15404
2023-01-30 15:52:55,82,90,12827,15404
2023-01-30 15:52:55,82,84,12827,15404
2023-01-30 15:53:02,82,91,12827,15404
2023-01-30 15:53:02,84,91,12827,15404
2023-01-30 15:53:07,82,91,12827,15404
2023-01-30 15:53:09,82,90,12827,15404
2023-01-30 15:53:10,83,90,12827,15404
2023-01-30 15:53:10,87,90,12827,15404
2023-01-30 15:53:11,82,90,12827,15404
2023-01-30 15:53:11,89,90,12827,15404
2023-01-30 15:53:12,82,90,12832,15409
2023-01-30 15:53:12,82,89,12832,15409
2023-01-30 15:53:12,85,89,12832,15409
2023-01-30 15:53:12,85,88,12832,15409
2023-01-30 15:53:14,85,89,12832,15409
2023-01-30 15:53:22,84,89,12832,15409
2023-01-30 15:53:22,87,89,12832,15409
2023-01-30 15:53:33,89,91,12837,15414
2023-01-30 15:53:35,89,92,12837,15414
2023-01-30 15:54:13,89,95,12987,15564
2023-01-30 15:54:22,92,95,12987,15564
2023-01-30 15:54:24,92,94,12987,15564
2023-01-30 15:54:30,92,95,12987,15564
2023-01-30 15:54:40,93,95,12987,15564
2023-01-30 15:54:41,93,95,12987,15569
2023-01-30 15:54:48,92,93,13082,15664
2023-01-30 15:54:52,87,93,13082,15764
2023-01-30 15:54:56,87,94,13082,15764
2023-01-30 15:54:56,85,94,13082,15764
2023-01-30 15:54:57,85,87,13082,15764
2023-01-30 15:55:01,78,87,13082,15764
2023-01-30 15:55:01,82,87,13082,15764
2023-01-30 15:55:02,83,90,13082,15764
2023-01-30 15:55:05,83,93,13082,15764
2023-01-30 15:55:05,85,93,13082,15764
2023-01-30 15:55:07,85,95,13082,15764
2023-01-30 15:55:07,85,92,13082,15764
2023-01-30 15:55:07,85,91,13082,15764
2023-01-30 15:55:12,85,92,13082,15764
2023-01-30 15:55:12,85,91,13082,15764
2023-01-30 15:55:14,85,89,13082,15764
2023-01-30 15:55:16,85,89,13182,15864
2023-01-30 15:55:19,82,89,13282,15964
2023-01-30 15:55:19,82,91,13282,15964
2023-01-30 15:55:19,82,87,13282,15964
2023-01-30 15:55:22,80,87,13282,15964
2023-01-30 15:55:22,80,85,13282,15964
2023-01-30 15:55:23,81,85,13282,15964
2023-01-30 15:55:23,81,87,13282,15964
2023-01-30 15:55:23,81,86,13282,15964
2023-01-30 15:55:24,81,87,13282,15964
2023-01-30 15:55:28,79,87,13282,15964
2023-01-30 15:55:29,79,84,13282,15964
2023-01-30 15:55:29,78,84,13282,15964
2023-01-30 15:55:30,78,87,13282,15964
2023-01-30 15:55:30,78,83,13282,15964
2023-01-30 15:55:30,78,87,13282,15964
2023-01-30 15:55:30,78,86,13282,15964
2023-01-30 15:55:30,78,82,13282,15964
2023-01-30 15:55:33,70,82,13282,15964
2023-01-30 15:55:33,70,79,13282,15964
2023-01-30 15:55:34,76,79,13282,15964
2023-01-30 15:55:35,76,78,13282,15964
2023-01-30 15:55:36,76,77,13282,15964
2023-01-30 15:55:36,80,81,13387,16069
2023-01-30 15:55:36,76,80,13482,16164
2023-01-30 15:55:39,69,73,13477,16169
2023-01-30 15:55:39,71,73,13477,16169
2023-01-30 15:55:45,67,71,13495,16187
2023-01-30 15:55:48,65,71,13495,16187
2023-01-30 15:55:49,18,71,13495,16187
2023-01-30 15:55:49,67,71,13495,16187
2023-01-30 15:55:50,67,73,13495,16187
2023-01-30 15:55:50,70,73,13495,16187
2023-01-30 15:55:51,63,64,13518,16210
2023-01-30 15:55:53,61,64,13518,16210
2023-01-30 15:55:55,61,64,13536,16228
2023-01-30 15:55:57,63,64,13536,16228
2023-01-30 15:55:59,36,64,13536,16228
2023-01-30 15:55:59,61,64,13536,16228
2023-01-30 15:56:03,36,64,13536,16228
2023-01-30 15:56:03,36,64,13546,16238
2023-01-30 15:56:09,36,64,13846,16538
2023-01-30 15:56:10,36,73,13846,16538
2023-01-30 15:56:10,64,73,13846,16538
2023-01-30 15:56:14,55,67,13846,16538
2023-01-30 15:56:15,36,67,13846,16538
2023-01-30 15:56:16,36,67,13864,16556
2023-01-30 15:56:22,36,67,13864,16656
2023-01-30 15:56:24,67,71,14135,16927
2023-01-30 15:56:26,67,73,14135,16927
2023-01-30 15:56:27,67,69,14135,16927
2023-01-30 15:56:28,67,73,14135,16927
2023-01-30 15:56:29,67,71,14135,16927
2023-01-30 15:56:32,67,73,14135,16945
2023-01-30 15:56:33,68,73,14135,16945
2023-01-30 15:56:35,36,65,14145,16955
2023-01-30 15:56:38,36,65,14145,17055
2023-01-30 15:56:47,36,65,14145,17155
2023-01-30 15:56:52,36,70,14145,17155
2023-01-30 15:56:54,60,70,14145,17155
2023-01-30 15:56:56,60,64,14145,17155
2023-01-30 15:57:03,60,64,14145,17255
2023-01-30 15:57:11,60,64,14162,17355
2023-01-30 15:57:13,60,70,14162,17355
2023-01-30 15:57:13,60,73,14162,17355
2023-01-30 15:57:13,60,68,14162,17355
2023-01-30 15:57:14,60,71,14162,17355
2023-01-30 15:57:17,60,72,14162,17355
2023-01-30 15:57:19,60,64,14162,17355
2023-01-30 15:57:20,60,64,14262,17455
2023-01-30 15:57:27,60,73,14262,18067
2023-01-30 15:57:40,60,65,14262,18067
2023-01-30 15:57:43,60,65,14362,18167
2023-01-30 15:57:50,31,65,14362,18167
2023-01-30 15:58:01,31,62,14362,18167
2023-01-30 15:58:07,31,62,14462,18267
2023-01-30 15:58:09,31,62,14480,18285
2023-01-30 15:58:10,62,74,14480,18788
2023-01-30 15:58:14,62,80,14483,18806
2023-01-30 15:58:15,62,78,14483,18806
2023-01-30 15:58:16,62,80,14483,18806
2023-01-30 15:58:16,73,80,14483,18806
2023-01-30 15:58:16,77,80,14483,18806
2023-01-30 15:58:18,70,80,14483,18806
2023-01-30 15:58:19,74,80,14483,18806
2023-01-30 15:58:19,74,80,14501,18824
2023-01-30 15:58:23,36,64,14516,18839
2023-01-30 15:58:32,36,64,14616,18939
2023-01-30 15:58:39,36,72,14616,18939
2023-01-30 15:58:41,36,76,14616,18939
2023-01-30 15:58:41,36,75,14616,18939
2023-01-30 15:58:42,66,75,14616,18939
2023-01-30 15:58:44,66,76,14616,18939
2023-01-30 15:58:44,66,73,14616,18939
2023-01-30 15:58:45,66,73,14936,19259
2023-01-30 15:58:48,66,76,14936,19274
2023-01-30 15:58:48,66,79,14936,19274
2023-01-30 15:58:48,36,79,14936,19274
2023-01-30 15:58:48,36,75,14936,19274
2023-01-30 15:58:49,36,79,14936,19274
2023-01-30 15:58:49,36,78,14936,19274
2023-01-30 15:58:49,36,79,14936,19274
2023-01-30 15:58:49,36,70,14936,19274
2023-01-30 15:58:52,69,70,14936,19274
2023-01-30 15:58:52,69,77,14936,19274
2023-01-30 15:58:53,69,76,14936,19274
2023-01-30 15:59:00,69,77,14936,19274
2023-01-30 15:59:00,66,77,14936,19274
2023-01-30 15:59:01,66,73,14936,19274
2023-01-30 15:59:06,66,78,14936,19274
2023-01-30 15:59:06,70,78,14936,19274
2023-01-30 15:59:06,70,77,14936,19274
2023-01-30 15:59:07,66,77,14936,19274
2023-01-30 15:59:07,66,80,14941,19279
2023-01-30 15:59:07,74,80,14941,19279
2023-01-30 15:59:07,74,79,14941,19279
2023-01-30 15:59:07,74,80,14941,19279
2023-01-30 15:59:09,36,80,14941,19279
2023-01-30 15:59:09,76,80,14941,19279
2023-01-30 15:59:11,74,80,14941,19279
2023-01-30 15:59:12,74,79,14941,19279
2023-01-30 15:59:12,72,79,14941,19279
2023-01-30 15:59:13,36,79,14941,19279
2023-01-30 15:59:13,36,80,14941,19279
2023-01-30 15:59:14,79,80,14941,19279
2023-01-30 15:59:16,36,80,14941,19279
2023-01-30 15:59:16,36,80,14951,19289
2023-01-30 15:59:18,36,80,15051,19389
2023-01-30 15:59:20,80,86,15065,19403
2023-01-30 15:59:25,80,88,15065,19403
2023-01-30 15:59:26,86,88,15065,19403
2023-01-30 15:59:26,80,88,15065,19413
2023-01-30 15:59:27,80,89,15065,19413
2023-01-30 15:59:28,82,89,15065,19413
2023-01-30 15:59:29,82,89,15070,19418
2023-01-30 15:59:29,80,89,15070,19418
2023-01-30 15:59:29,84,89,15070,19418
2023-01-30 15:59:31,87,89,15070,19418
2023-01-30 15:59:32,87,89,15075,19423
2023-01-30 15:59:32,87,95,15075,19423
2023-01-30 15:59:33,87,94,15075,19423
2023-01-30 15:59:33,80,94,15075,19423
2023-01-30 15:59:33,80,87,15075,19423
2023-01-30 15:59:33,84,87,15075,19423
2023-01-30 15:59:35,84,91,15075,19438
2023-01-30 15:59:35,89,91,15075,19438
2023-01-30 15:59:35,89,90,15075,19438
2023-01-30 15:59:36,81,90,15075,19443
2023-01-30 15:59:36,81,89,15075,19443
2023-01-30 15:59:37,85,89,15075,19443
2023-01-30 15:59:39,87,89,15075,19443
2023-01-30 15:59:39,87,93,15080,19448
2023-01-30 15:59:39,87,91,15080,19448
2023-01-30 15:59:42,87,94,15085,19453
2023-01-30 15:59:42,87,93,15085,19453
2023-01-30 15:59:42,87,94,15085,19453
2023-01-30 15:59:42,87,91,15085,19453
2023-01-30 15:59:42,87,91,15090,19458
2023-01-30 15:59:45,87,99,15090,19458
2023-01-30 15:59:45,87,89,15090,19458
2023-01-30 15:59:46,87,93,15100,19468
2023-01-30 15:59:46,89,93,15100,19468
2023-01-30 15:59:46,89,92,15100,19468
2023-01-30 15:59:46,87,92,15100,19478
2023-01-30 15:59:47,87,93,15100,19478
2023-01-30 15:59:47,87,92,15100,19478
2023-01-30 15:59:48,88,92,15100,19478
2023-01-30 15:59:49,88,93,15100,19478
2023-01-30 15:59:49,89,93,15100,19478
2023-01-30 15:59:50,89,94,15100,19478
2023-01-30 15:59:51,89,93,15100,19478
2023-01-30 15:59:51,89,90,15100,19478
2023-01-30 15:59:52,89,93,15100,19478
2023-01-30 15:59:53,89,93,15100,19486
2023-01-30 15:59:55,89,96,15100,19496
2023-01-30 15:59:56,93,96,15100,19496
2023-01-30 15:59:56,93,99,15100,19496
2023-01-30 15:59:57,93,96,15100,19496
2023-01-30 15:59:57,94,96,15100,19496
2023-01-30 15:59:59,94,99,15100,19627
2023-01-30 15:59:59,94,98,15100,19627
2023-01-30 15:59:59,93,98,15100,19627
