datetime,bid,ask,open_interest,volume
2023-01-30 09:30:15,27,39,30,30
2023-01-30 09:30:15,27,35,30,30
2023-01-30 09:34:16,27,33,30,30
2023-01-30 09:34:46,27,35,30,30
2023-01-30 09:34:46,27,31,30,30
2023-01-30 09:35:16,27,35,30,30
2023-01-30 09:35:17,27,32,30,30
2023-01-30 09:36:45,27,35,30,30
2023-01-30 09:36:45,27,31,30,30
2023-01-30 09:37:15,27,35,30,30
2023-01-30 09:37:15,27,32,30,30
2023-01-30 09:37:45,27,35,30,30
2023-01-30 09:37:46,27,32,30,30
2023-01-30 09:38:15,27,35,30,30
2023-01-30 09:38:16,27,32,30,30
2023-01-30 09:38:46,27,35,30,30
2023-01-30 09:38:46,27,33,30,30
2023-01-30 09:39:16,27,35,30,30
2023-01-30 09:39:16,27,33,30,30
2023-01-30 09:39:46,27,35,30,30
2023-01-30 09:39:47,27,33,30,30
2023-01-30 09:40:17,27,35,30,30
2023-01-30 09:40:17,27,33,30,30
2023-01-30 09:40:46,27,32,30,30
2023-01-30 09:41:17,27,33,30,30
2023-01-30 09:41:18,27,35,30,30
2023-01-30 09:41:18,27,33,30,30
2023-01-30 09:41:18,27,32,30,30
2023-01-30 09:41:18,27,31,30,30
2023-01-30 09:43:16,27,33,30,30
2023-01-30 09:43:16,27,32,30,30
2023-01-30 09:43:46,27,31,30,30
2023-01-30 09:44:49,27,32,30,30
2023-01-30 09:45:26,29,32,30,30
2023-01-30 09:48:47,29,31,30,30
2023-01-30 09:49:16,29,33,30,30
2023-01-30 09:49:17,29,32,30,30
2023-01-30 09:54:50,29,33,30,30
2023-01-30 09:55:48,29,32,30,30
2023-01-30 09:56:47,29,34,30,30
2023-01-30 09:56:47,29,32,30,30
2023-01-30 09:59:06,30,32,30,30
2023-01-30 09:59:17,30,34,30,30
2023-01-30 09:59:17,30,32,30,30
2023-01-30 09:59:39,29,32,30,30
2023-01-30 10:01:18,29,35,30,30
2023-01-30 10:01:19,29,33,30,30
2023-01-30 10:01:46,29,35,30,30
2023-01-30 10:01:47,29,32,30,30
2023-01-30 10:04:17,29,34,30,30
2023-01-30 10:04:18,29,33,30,30
2023-01-30 10:04:46,29,32,30,30
2023-01-30 10:06:41,30,32,30,30
2023-01-30 10:07:27,29,32,30,30
2023-01-30 10:08:17,29,32,363,363
2023-01-30 10:08:47,29,35,363,363
2023-01-30 10:08:47,29,33,363,363
2023-01-30 10:09:18,29,34,363,363
2023-01-30 10:11:47,31,34,363,363
2023-01-30 10:15:19,31,35,363,363
2023-01-30 10:16:45,31,34,363,363
2023-01-30 10:23:26,31,35,363,363
2023-01-30 10:23:26,31,34,363,363
2023-01-30 10:23:28,29,34,363,363
2023-01-30 10:23:48,29,33,363,363
2023-01-30 10:25:46,29,35,363,363
2023-01-30 10:25:46,29,34,363,363
2023-01-30 10:26:18,29,33,363,363
2023-01-30 10:26:46,29,34,363,363
2023-01-30 10:26:46,29,32,363,363
2023-01-30 10:27:05,27,32,363,363
2023-01-30 10:27:34,27,31,363,363
2023-01-30 10:27:46,27,29,363,363
2023-01-30 10:27:46,25,29,363,363
2023-01-30 10:27:54,26,29,363,363
2023-01-30 10:28:18,26,32,363,363
2023-01-30 10:28:19,26,30,363,363
2023-01-30 10:29:06,27,30,363,363
2023-01-30 10:29:46,27,31,363,363
2023-01-30 10:29:57,28,31,363,363
2023-01-30 10:30:23,28,32,363,363
2023-01-30 10:30:58,27,32,363,363
2023-01-30 10:31:18,27,34,363,363
2023-01-30 10:31:18,27,33,363,363
2023-01-30 10:31:18,27,31,363,363
2023-01-30 10:32:48,27,32,363,363
2023-01-30 10:32:51,27,31,363,363
2023-01-30 10:34:37,26,31,363,363
2023-01-30 10:34:41,25,31,363,363
2023-01-30 10:34:42,25,30,363,363
2023-01-30 10:35:21,25,29,363,363
2023-01-30 10:35:47,25,31,363,363
2023-01-30 10:35:47,25,30,363,363
2023-01-30 10:36:47,25,31,363,363
2023-01-30 10:36:47,23,31,363,363
2023-01-30 10:36:47,24,31,363,363
2023-01-30 10:36:48,24,29,363,363
2023-01-30 10:37:17,24,30,363,363
2023-01-30 10:37:17,23,30,363,363
2023-01-30 10:37:18,23,28,363,363
2023-01-30 10:37:46,23,31,363,363
2023-01-30 10:37:46,23,29,363,363
2023-01-30 10:37:46,23,27,363,363
2023-01-30 10:37:47,22,27,363,363
2023-01-30 10:38:17,21,27,363,363
2023-01-30 10:38:17,21,26,363,363
2023-01-30 10:39:18,21,25,363,363
2023-01-30 10:39:49,21,26,363,363
2023-01-30 10:40:50,21,27,363,363
2023-01-30 10:40:51,19,27,363,363
2023-01-30 10:40:51,19,25,363,363
2023-01-30 10:40:51,20,25,363,363
2023-01-30 10:41:19,19,25,363,363
2023-01-30 10:41:19,19,24,363,363
2023-01-30 10:41:47,19,23,363,363
2023-01-30 10:42:19,19,25,363,363
2023-01-30 10:42:19,19,22,363,363
2023-01-30 10:43:18,19,25,363,363
2023-01-30 10:43:19,19,23,363,363
2023-01-30 10:45:49,19,22,363,363
2023-01-30 10:46:46,19,23,363,363
2023-01-30 10:47:05,19,22,363,363
2023-01-30 10:47:25,19,23,363,363
2023-01-30 10:47:25,19,22,363,363
2023-01-30 10:47:46,19,21,363,363
2023-01-30 10:48:18,19,22,363,363
2023-01-30 10:48:33,19,23,810,810
2023-01-30 10:48:50,19,24,810,810
2023-01-30 10:48:57,19,25,1181,1181
2023-01-30 10:49:10,19,26,1181,1181
2023-01-30 10:49:10,19,24,1181,1181
2023-01-30 10:49:18,22,24,1181,1181
2023-01-30 10:49:30,22,26,1181,1181
2023-01-30 10:49:31,22,25,1181,1181
2023-01-30 10:49:47,21,25,1181,1181
2023-01-30 10:49:51,21,26,1181,1181
2023-01-30 10:49:51,21,25,1181,1181
2023-01-30 10:50:11,21,26,1181,1181
2023-01-30 10:50:11,21,25,1181,1181
2023-01-30 10:50:24,22,25,1181,1181
2023-01-30 10:50:31,22,27,1181,1181
2023-01-30 10:50:32,22,26,1181,1181
2023-01-30 10:50:47,21,26,1181,1181
2023-01-30 10:50:48,23,26,1181,1181
2023-01-30 10:50:52,23,28,1181,1181
2023-01-30 10:51:12,23,27,1181,1181
2023-01-30 10:51:32,23,28,1181,1181
2023-01-30 10:51:48,24,28,1181,1181
2023-01-30 10:51:53,24,29,1181,1181
2023-01-30 10:51:53,24,27,1181,1181
2023-01-30 10:52:13,24,29,1181,1181
2023-01-30 10:52:13,24,26,1181,1181
2023-01-30 10:52:23,23,26,1181,1181
2023-01-30 10:52:33,23,28,1181,1181
2023-01-30 10:52:34,23,26,1181,1181
2023-01-30 10:52:47,21,26,1181,1181
2023-01-30 10:52:48,22,26,1181,1181
2023-01-30 10:52:54,22,27,1181,1181
2023-01-30 10:52:54,22,26,1181,1181
2023-01-30 10:53:14,22,27,1181,1181
2023-01-30 10:53:15,22,25,1181,1181
2023-01-30 10:53:18,23,25,1181,1181
2023-01-30 10:53:35,23,27,1181,1181
2023-01-30 10:53:35,23,24,1181,1181
2023-01-30 10:53:48,21,24,1181,1181
2023-01-30 10:53:55,21,26,1181,1181
2023-01-30 10:53:55,21,23,1181,1181
2023-01-30 10:54:15,21,26,1181,1181
2023-01-30 10:54:16,21,22,1181,1181
2023-01-30 10:54:18,19,22,1181,1181
2023-01-30 10:54:18,20,22,1181,1181
2023-01-30 10:54:36,20,25,1181,1181
2023-01-30 10:54:36,20,24,1181,1181
2023-01-30 10:54:56,20,25,1181,1181
2023-01-30 10:55:17,20,24,1181,1181
2023-01-30 10:55:22,21,24,1181,1181
2023-01-30 10:55:37,21,26,1181,1181
2023-01-30 10:55:37,21,25,1181,1181
2023-01-30 10:55:49,22,25,1181,1181
2023-01-30 10:55:57,22,27,1181,1181
2023-01-30 10:56:18,22,26,1181,1181
2023-01-30 10:56:19,21,26,1181,1181
2023-01-30 10:56:20,23,26,1181,1181
2023-01-30 10:56:38,23,28,1181,1181
2023-01-30 10:56:38,23,27,1181,1181
2023-01-30 10:56:58,23,28,1181,1181
2023-01-30 10:56:58,23,27,1181,1181
2023-01-30 10:57:19,23,28,1181,1181
2023-01-30 10:57:20,23,27,1181,1181
2023-01-30 10:57:39,23,26,1181,1181
2023-01-30 10:57:47,22,26,1181,1181
2023-01-30 10:57:59,22,27,1181,1181
2023-01-30 10:58:03,23,27,1181,1181
2023-01-30 10:58:17,24,27,1181,1181
2023-01-30 10:58:18,24,28,1181,1181
2023-01-30 10:58:19,24,29,1181,1181
2023-01-30 10:58:20,24,28,1181,1181
2023-01-30 10:58:40,24,29,1181,1181
2023-01-30 10:59:01,25,29,1181,1181
2023-01-30 10:59:19,25,30,1181,1181
2023-01-30 10:59:20,25,31,1181,1181
2023-01-30 10:59:21,26,31,1181,1181
2023-01-30 10:59:41,27,31,1181,1181
2023-01-30 10:59:50,27,32,1181,1181
2023-01-30 11:00:22,27,30,1181,1181
2023-01-30 11:00:42,27,33,1181,1181
2023-01-30 11:00:42,27,32,1181,1181
2023-01-30 11:01:03,27,30,1181,1181
2023-01-30 11:01:23,27,32,1181,1181
2023-01-30 11:01:23,27,31,1181,1181
2023-01-30 11:01:43,27,32,1181,1181
2023-01-30 11:02:04,27,31,1181,1181
2023-01-30 11:02:24,27,32,1181,1181
2023-01-30 11:02:24,27,30,1181,1181
2023-01-30 11:02:44,27,32,1181,1181
2023-01-30 11:02:44,27,31,1181,1181
2023-01-30 11:02:47,26,31,1181,1181
2023-01-30 11:03:18,25,31,1181,1181
2023-01-30 11:03:18,27,31,1181,1181
2023-01-30 11:03:25,27,32,1181,1181
2023-01-30 11:03:25,27,30,1181,1181
2023-01-30 11:03:45,27,32,1181,1181
2023-01-30 11:03:46,27,29,1181,1181
2023-01-30 11:03:47,25,29,1181,1181
2023-01-30 11:03:48,26,29,1181,1181
2023-01-30 11:04:06,26,31,1181,1181
2023-01-30 11:04:06,26,30,1181,1181
2023-01-30 11:04:26,26,31,1181,1181
2023-01-30 11:04:26,26,29,1181,1181
2023-01-30 11:04:46,26,31,1181,1181
2023-01-30 11:04:47,26,29,1181,1181
2023-01-30 11:04:47,25,29,1181,1181
2023-01-30 11:05:07,25,30,1181,1181
2023-01-30 11:05:07,25,28,1181,1181
2023-01-30 11:05:20,26,28,1181,1181
2023-01-30 11:05:27,26,31,1181,1181
2023-01-30 11:05:27,26,30,1181,1181
2023-01-30 11:05:47,26,31,1181,1181
2023-01-30 11:05:48,26,30,1181,1181
2023-01-30 11:06:08,26,31,1181,1181
2023-01-30 11:06:08,26,29,1181,1181
2023-01-30 11:06:28,26,31,1181,1181
2023-01-30 11:06:28,26,29,1181,1181
2023-01-30 11:06:49,26,31,1181,1181
2023-01-30 11:06:49,26,29,1181,1181
2023-01-30 11:07:09,26,31,1181,1181
2023-01-30 11:07:09,26,29,1181,1181
2023-01-30 11:07:19,25,29,1181,1181
2023-01-30 11:07:19,26,29,1181,1181
2023-01-30 11:07:29,26,31,1181,1181
2023-01-30 11:07:29,26,28,1181,1181
2023-01-30 11:07:47,25,28,1181,1181
2023-01-30 11:07:49,25,30,1181,1181
2023-01-30 11:07:50,25,28,1181,1181
2023-01-30 11:08:10,25,30,1181,1181
2023-01-30 11:08:10,25,28,1181,1181
2023-01-30 11:08:30,25,30,1181,1181
2023-01-30 11:08:30,25,28,1181,1181
2023-01-30 11:08:51,25,31,1181,1181
2023-01-30 11:08:51,25,29,1181,1181
2023-01-30 11:09:11,25,31,1181,1181
2023-01-30 11:09:11,25,30,1181,1181
2023-01-30 11:09:18,26,30,1181,1181
2023-01-30 11:09:31,26,31,1181,1181
2023-01-30 11:09:31,26,29,1181,1181
2023-01-30 11:09:45,25,29,1181,1181
2023-01-30 11:09:46,27,29,1181,1181
2023-01-30 11:09:52,27,32,1181,1181
2023-01-30 11:09:52,27,30,1181,1181
2023-01-30 11:10:12,27,32,1181,1181
2023-01-30 11:10:23,28,32,1181,1181
2023-01-30 11:10:28,29,32,1181,1181
2023-01-30 11:10:32,29,33,1181,1181
2023-01-30 11:10:49,30,33,1181,1181
2023-01-30 11:10:53,30,35,1181,1181
2023-01-30 11:10:53,30,33,1181,1181
2023-01-30 11:11:13,30,35,1181,1181
2023-01-30 11:11:20,30,34,1181,1181
2023-01-30 11:11:20,29,34,1181,1181
2023-01-30 11:11:47,29,35,1181,1181
2023-01-30 11:11:47,31,35,1181,1181
2023-01-30 11:11:54,31,36,1181,1181
2023-01-30 11:11:54,31,35,1181,1181
2023-01-30 11:12:14,31,36,1181,1181
2023-01-30 11:12:49,32,36,1181,1181
2023-01-30 11:12:50,32,37,1181,1181
2023-01-30 11:13:36,32,38,1181,1181
2023-01-30 11:13:36,32,37,1181,1181
2023-01-30 11:13:57,32,36,1181,1181
2023-01-30 11:14:17,32,37,1181,1181
2023-01-30 11:14:17,32,36,1181,1181
2023-01-30 11:14:37,32,37,1181,1181
2023-01-30 11:14:37,32,36,1181,1181
2023-01-30 11:14:57,32,37,1181,1181
2023-01-30 11:14:57,32,35,1181,1181
2023-01-30 11:15:17,32,37,1181,1181
2023-01-30 11:15:18,32,35,1181,1181
2023-01-30 11:15:23,31,35,1181,1181
2023-01-30 11:15:38,31,36,1181,1181
2023-01-30 11:16:19,31,37,1181,1181
2023-01-30 11:16:41,33,37,1181,1181
2023-01-30 11:17:17,33,39,1181,1181
2023-01-30 11:17:20,33,38,1181,1181
2023-01-30 11:17:40,33,39,1181,1181
2023-01-30 11:17:40,33,37,1181,1181
2023-01-30 11:17:47,31,37,1181,1181
2023-01-30 11:17:47,32,37,1181,1181
2023-01-30 11:18:01,32,36,1181,1181
2023-01-30 11:18:21,32,37,1181,1181
2023-01-30 11:18:21,32,36,1181,1181
2023-01-30 11:18:43,32,37,1181,1181
2023-01-30 11:19:12,32,38,1181,1181
2023-01-30 11:19:14,33,38,1181,1181
2023-01-30 11:19:47,33,39,1181,1181
2023-01-30 11:20:03,33,38,1181,1181
2023-01-30 11:20:23,33,39,1181,1181
2023-01-30 11:20:44,33,38,1181,1181
2023-01-30 11:21:04,33,39,1181,1181
2023-01-30 11:21:04,33,38,1181,1181
2023-01-30 11:21:24,33,39,1181,1181
2023-01-30 11:21:45,33,38,1181,1181
2023-01-30 11:22:05,33,39,1181,1181
2023-01-30 11:22:05,33,38,1181,1181
2023-01-30 11:22:25,33,39,1181,1181
2023-01-30 11:22:26,33,38,1181,1181
2023-01-30 11:22:46,33,37,1181,1181
2023-01-30 11:23:06,33,39,1181,1181
2023-01-30 11:23:19,33,38,1181,1181
2023-01-30 11:23:47,33,36,1181,1181
2023-01-30 11:24:07,33,38,1181,1181
2023-01-30 11:24:07,33,35,1181,1181
2023-01-30 11:24:19,32,35,1181,1181
2023-01-30 11:24:27,32,37,1181,1181
2023-01-30 11:24:27,32,34,1181,1181
2023-01-30 11:24:43,32,34,1181,1191
2023-01-30 11:24:46,31,34,1181,1191
2023-01-30 11:24:47,31,36,1181,1191
2023-01-30 11:24:48,31,35,1181,1191
2023-01-30 11:25:08,31,36,1181,1191
2023-01-30 11:25:21,32,36,1181,1191
2023-01-30 11:25:28,32,37,1181,1191
2023-01-30 11:25:28,32,34,1181,1191
2023-01-30 11:25:48,32,37,1181,1191
2023-01-30 11:25:48,29,37,1181,1191
2023-01-30 11:25:49,31,37,1181,1191
2023-01-30 11:25:51,31,32,1181,1191
2023-01-30 11:26:08,31,32,848,1524
2023-01-30 11:26:09,31,32,830,1542
2023-01-30 11:26:18,31,37,830,1542
2023-01-30 11:26:19,29,37,830,1632
2023-01-30 11:26:19,30,37,830,1632
2023-01-30 11:26:19,30,35,830,1632
2023-01-30 11:26:30,30,32,830,1632
2023-01-30 11:26:46,29,32,830,1632
2023-01-30 11:26:49,29,34,830,1632
2023-01-30 11:27:10,29,33,830,1632
2023-01-30 11:27:30,29,34,830,1632
2023-01-30 11:27:31,29,33,830,1632
2023-01-30 11:27:51,29,34,830,1632
2023-01-30 11:27:51,31,34,830,1632
2023-01-30 11:28:18,31,36,830,1632
2023-01-30 11:28:39,30,36,830,1632
2023-01-30 11:28:39,33,36,830,1632
2023-01-30 11:28:52,33,37,830,1632
2023-01-30 11:30:17,35,37,830,1632
2023-01-30 11:30:51,35,39,830,1632
2023-01-30 11:31:55,35,38,830,1632
2023-01-30 11:32:13,33,38,830,1632
2023-01-30 11:32:15,33,39,830,1632
2023-01-30 11:32:15,33,37,830,1632
2023-01-30 11:32:36,33,38,830,1632
2023-01-30 11:32:56,33,36,830,1632
2023-01-30 11:33:16,33,38,830,1632
2023-01-30 11:33:17,33,37,830,1632
2023-01-30 11:33:57,33,36,830,1632
2023-01-30 11:34:17,33,37,830,1632
2023-01-30 11:34:46,33,38,830,1632
2023-01-30 11:34:58,33,37,830,1632
2023-01-30 11:35:18,33,38,830,1632
2023-01-30 11:36:40,33,37,830,1632
2023-01-30 11:37:00,33,38,830,1632
2023-01-30 11:37:01,33,36,830,1632
2023-01-30 11:37:20,31,36,830,1632
2023-01-30 11:37:21,31,35,830,1632
2023-01-30 11:37:41,31,37,830,1632
2023-01-30 11:37:41,31,36,830,1632
2023-01-30 11:39:40,33,36,830,1632
2023-01-30 11:39:49,33,37,830,1632
2023-01-30 11:39:49,33,36,830,1632
2023-01-30 11:40:49,33,37,830,1632
2023-01-30 11:41:43,32,37,830,1632
2023-01-30 11:41:46,31,37,830,1632
2023-01-30 11:41:46,31,35,830,1632
2023-01-30 11:42:06,31,37,830,1632
2023-01-30 11:42:07,31,36,830,1632
2023-01-30 11:42:17,33,36,830,1632
2023-01-30 11:42:47,33,37,830,1632
2023-01-30 11:43:08,33,36,830,1632
2023-01-30 11:43:28,33,37,830,1632
2023-01-30 11:44:20,33,36,830,1632
2023-01-30 11:44:50,33,35,830,1632
2023-01-30 11:45:06,31,35,830,1632
2023-01-30 11:45:10,31,36,830,1632
2023-01-30 11:45:10,31,35,830,1632
2023-01-30 11:45:31,31,36,830,1632
2023-01-30 11:45:31,31,35,830,1632
2023-01-30 11:46:14,33,35,830,1632
2023-01-30 11:46:18,33,36,830,1632
2023-01-30 11:46:47,33,38,830,1632
2023-01-30 11:46:47,33,37,830,1632
2023-01-30 11:46:52,33,36,830,1632
2023-01-30 11:47:12,33,37,830,1632
2023-01-30 11:47:12,33,36,830,1632
2023-01-30 11:47:46,33,37,830,1632
2023-01-30 11:47:53,33,36,830,1632
2023-01-30 11:48:13,33,37,830,1632
2023-01-30 11:48:13,32,37,830,1632
2023-01-30 11:48:13,32,36,830,1632
2023-01-30 11:48:19,31,36,830,1632
2023-01-30 11:48:33,31,33,830,1632
2023-01-30 11:48:54,31,35,830,1632
2023-01-30 11:48:54,31,34,830,1632
2023-01-30 11:49:09,30,34,830,1632
2023-01-30 11:49:14,30,35,830,1632
2023-01-30 11:49:14,30,32,830,1632
2023-01-30 11:49:19,29,32,830,1632
2023-01-30 11:49:35,29,34,830,1632
2023-01-30 11:49:35,29,32,830,1632
2023-01-30 11:50:35,29,33,830,1632
2023-01-30 11:50:44,28,33,830,1632
2023-01-30 11:50:45,31,33,830,1632
2023-01-30 11:50:47,31,34,830,1632
2023-01-30 11:51:19,31,35,830,1632
2023-01-30 11:51:37,31,34,830,1632
2023-01-30 11:51:57,31,35,830,1632
2023-01-30 11:51:57,31,34,830,1632
2023-01-30 11:52:17,31,35,830,1632
2023-01-30 11:52:18,31,34,830,1632
2023-01-30 11:53:59,31,35,830,1632
2023-01-30 11:54:00,31,34,830,1632
2023-01-30 11:54:20,31,35,830,1632
2023-01-30 11:54:40,31,32,830,1632
2023-01-30 11:54:44,29,32,830,1632
2023-01-30 11:55:00,29,34,830,1632
2023-01-30 11:55:01,29,32,830,1632
2023-01-30 11:55:20,27,32,830,1632
2023-01-30 11:55:20,25,32,830,1632
2023-01-30 11:55:20,26,32,830,1632
2023-01-30 11:55:21,28,33,830,1632
2023-01-30 11:55:47,28,32,830,1632
2023-01-30 11:55:47,26,32,830,1632
2023-01-30 11:55:48,25,32,830,1632
2023-01-30 11:55:48,25,30,830,1632
2023-01-30 11:55:48,25,28,830,1632
2023-01-30 11:56:04,27,28,830,1632
2023-01-30 11:56:17,27,30,830,1632
2023-01-30 11:56:46,27,32,830,1632
2023-01-30 11:56:58,29,32,830,1632
2023-01-30 11:57:36,31,32,830,1632
2023-01-30 11:57:48,31,34,830,1632
2023-01-30 11:58:06,33,34,830,1632
2023-01-30 11:58:18,33,39,830,1632
2023-01-30 11:58:19,33,35,830,1632
2023-01-30 11:58:47,33,37,830,1632
2023-01-30 11:59:08,32,37,830,1632
2023-01-30 11:59:09,35,37,830,1632
2023-01-30 11:59:47,35,38,830,1632
2023-01-30 12:01:48,35,39,830,1632
2023-01-30 12:02:18,35,38,830,1632
2023-01-30 12:02:47,35,40,830,1632
2023-01-30 12:02:47,35,42,830,1632
2023-01-30 12:02:47,35,41,830,1632
2023-01-30 12:02:51,35,39,830,1632
2023-01-30 12:03:46,35,42,830,1632
2023-01-30 12:03:46,35,38,830,1632
2023-01-30 12:04:17,35,40,830,1632
2023-01-30 12:04:17,35,39,830,1632
2023-01-30 12:05:20,35,41,830,1632
2023-01-30 12:05:21,35,40,830,1632
2023-01-30 12:05:21,35,38,830,1632
2023-01-30 12:05:47,35,40,830,1632
2023-01-30 12:05:47,35,42,830,1632
2023-01-30 12:05:47,35,39,830,1632
2023-01-30 12:06:24,37,39,830,1632
2023-01-30 12:07:47,37,41,830,1632
2023-01-30 12:07:47,37,40,830,1632
2023-01-30 12:09:18,37,41,830,1632
2023-01-30 12:09:19,37,39,830,1632
2023-01-30 12:10:06,35,39,830,1632
2023-01-30 12:10:49,37,39,830,1632
2023-01-30 12:11:18,37,41,830,1632
2023-01-30 12:11:18,37,40,830,1632
2023-01-30 12:11:46,35,40,830,1632
2023-01-30 12:11:54,35,39,830,1632
2023-01-30 12:14:25,33,39,830,1632
2023-01-30 12:14:25,37,39,830,1632
2023-01-30 12:14:49,37,40,830,1632
2023-01-30 12:16:02,35,40,830,1632
2023-01-30 12:16:19,35,43,830,1632
2023-01-30 12:16:19,35,39,830,1632
2023-01-30 12:17:18,33,39,830,1632
2023-01-30 12:17:46,33,37,830,1632
2023-01-30 12:18:17,33,38,830,1632
2023-01-30 12:18:17,33,36,830,1632
2023-01-30 12:19:48,33,40,830,1632
2023-01-30 12:19:48,33,39,830,1632
2023-01-30 12:19:48,33,37,830,1632
2023-01-30 12:20:24,33,36,830,1632
2023-01-30 12:20:47,33,40,830,1632
2023-01-30 12:20:48,33,39,830,1632
2023-01-30 12:20:48,33,37,830,1632
2023-01-30 12:21:16,31,37,830,1632
2023-01-30 12:21:48,31,39,830,1632
2023-01-30 12:21:49,31,36,830,1632
2023-01-30 12:21:50,31,34,830,1632
2023-01-30 12:22:15,33,34,830,1632
2023-01-30 12:22:17,33,35,830,1632
2023-01-30 12:22:48,33,37,830,1632
2023-01-30 12:23:14,32,37,830,1632
2023-01-30 12:23:46,32,35,830,1632
2023-01-30 12:23:50,31,35,830,1632
2023-01-30 12:24:08,31,35,885,1687
2023-01-30 12:24:16,30,35,885,1687
2023-01-30 12:24:16,33,35,885,1687
2023-01-30 12:24:46,33,37,885,1687
2023-01-30 12:26:27,31,37,885,1687
2023-01-30 12:26:32,31,37,890,1692
2023-01-30 12:26:48,31,35,890,1692
2023-01-30 12:26:51,30,35,890,1692
2023-01-30 12:27:04,30,35,890,2025
2023-01-30 12:27:17,30,33,890,2025
2023-01-30 12:27:17,30,31,890,2025
2023-01-30 12:27:18,29,31,890,2025
2023-01-30 12:27:46,29,33,890,2025
2023-01-30 12:27:46,29,36,890,2025
2023-01-30 12:27:47,29,32,890,2025
2023-01-30 12:28:07,31,32,890,2025
2023-01-30 12:28:15,31,32,890,2358
2023-01-30 12:28:18,31,34,890,2358
2023-01-30 12:28:18,31,35,890,2358
2023-01-30 12:28:19,31,33,890,2358
2023-01-30 12:28:47,31,35,890,2358
2023-01-30 12:29:24,30,35,890,2358
2023-01-30 12:29:24,33,35,890,2358
2023-01-30 12:29:47,33,37,890,2358
2023-01-30 12:30:24,33,40,890,2358
2023-01-30 12:30:24,33,38,890,2358
2023-01-30 12:31:37,33,37,890,2358
2023-01-30 12:31:48,33,36,890,2358
2023-01-30 12:33:36,31,36,890,2358
2023-01-30 12:33:40,31,34,890,2358
2023-01-30 12:34:00,31,36,890,2358
2023-01-30 12:34:00,31,34,890,2358
2023-01-30 12:34:47,31,35,890,2358
2023-01-30 12:35:42,31,34,890,2358
2023-01-30 12:36:02,31,35,890,2358
2023-01-30 12:36:19,31,34,890,2358
2023-01-30 12:36:47,31,36,890,2358
2023-01-30 12:37:17,31,35,890,2358
2023-01-30 12:38:06,33,35,890,2358
2023-01-30 12:38:19,33,36,890,2358
2023-01-30 12:38:48,33,37,890,2358
2023-01-30 12:38:54,31,37,890,2358
2023-01-30 12:39:06,31,36,890,2358
2023-01-30 12:39:26,31,34,890,2358
2023-01-30 12:39:46,31,36,890,2358
2023-01-30 12:39:48,31,34,890,2358
2023-01-30 12:40:27,31,35,890,2358
2023-01-30 12:40:27,31,34,890,2358
2023-01-30 12:40:47,31,35,890,2358
2023-01-30 12:40:48,31,34,890,2358
2023-01-30 12:41:48,31,36,890,2358
2023-01-30 12:42:02,33,36,890,2358
2023-01-30 12:42:47,33,37,890,2358
2023-01-30 12:42:50,33,36,890,2358
2023-01-30 12:43:06,31,36,890,2358
2023-01-30 12:43:10,31,37,890,2358
2023-01-30 12:43:10,31,35,890,2358
2023-01-30 12:43:30,31,36,890,2358
2023-01-30 12:43:47,31,35,890,2358
2023-01-30 12:43:51,31,34,890,2358
2023-01-30 12:44:11,31,35,890,2358
2023-01-30 12:44:31,31,34,890,2358
2023-01-30 12:44:52,31,35,890,2358
2023-01-30 12:45:12,31,34,890,2358
2023-01-30 12:45:25,29,34,890,2358
2023-01-30 12:45:33,29,33,890,2358
2023-01-30 12:46:54,29,34,890,2358
2023-01-30 12:46:54,29,31,890,2358
2023-01-30 12:47:14,29,34,890,2358
2023-01-30 12:47:14,29,33,890,2358
2023-01-30 12:47:14,29,33,888,2376
2023-01-30 12:47:17,27,33,888,2376
2023-01-30 12:47:17,27,32,888,2376
2023-01-30 12:47:35,27,30,888,2376
2023-01-30 12:47:45,25,30,888,2376
2023-01-30 12:47:46,25,29,888,2376
2023-01-30 12:48:36,25,28,888,2376
2023-01-30 12:48:56,25,29,888,2376
2023-01-30 12:50:23,25,30,888,2376
2023-01-30 12:50:38,25,27,888,2376
2023-01-30 12:50:47,23,27,888,2376
2023-01-30 12:50:49,24,27,888,2376
2023-01-30 12:50:58,24,29,888,2376
2023-01-30 12:50:58,24,27,888,2376
2023-01-30 12:51:18,24,29,888,2376
2023-01-30 12:51:18,24,26,888,2376
2023-01-30 12:51:23,23,26,888,2376
2023-01-30 12:51:39,23,27,888,2376
2023-01-30 12:51:39,23,26,888,2376
2023-01-30 12:51:59,23,27,888,2376
2023-01-30 12:52:19,23,28,888,2376
2023-01-30 12:52:20,23,26,888,2376
2023-01-30 12:52:48,23,28,888,2376
2023-01-30 12:52:48,23,27,888,2376
2023-01-30 12:52:50,25,27,888,2376
2023-01-30 12:52:59,25,27,1131,2709
2023-01-30 12:53:13,25,29,1367,2945
2023-01-30 12:53:17,25,30,1367,2945
2023-01-30 12:53:39,27,30,1367,2945
2023-01-30 12:53:47,27,32,1367,2945
2023-01-30 12:53:47,27,33,1367,2945
2023-01-30 12:53:48,27,31,1367,2945
2023-01-30 12:54:17,27,32,1367,2945
2023-01-30 12:54:17,28,32,1367,2945
2023-01-30 12:54:21,28,33,1367,2945
2023-01-30 12:54:22,28,32,1367,2945
2023-01-30 12:54:42,28,33,1367,2945
2023-01-30 12:54:42,28,30,1367,2945
2023-01-30 12:54:47,27,30,1367,2945
2023-01-30 12:55:02,27,32,1367,2945
2023-01-30 12:55:02,27,31,1367,2945
2023-01-30 12:55:22,27,32,1367,2945
2023-01-30 12:55:23,27,29,1367,2945
2023-01-30 12:55:43,27,32,1367,2945
2023-01-30 12:56:19,27,33,1367,2945
2023-01-30 12:56:19,28,33,1367,2945
2023-01-30 12:57:04,28,34,1367,2945
2023-01-30 12:57:05,28,31,1367,2945
2023-01-30 12:57:25,28,33,1367,2945
2023-01-30 12:57:25,28,32,1367,2945
2023-01-30 12:57:45,28,33,1367,2945
2023-01-30 12:57:45,28,31,1367,2945
2023-01-30 12:58:05,28,33,1367,2945
2023-01-30 12:58:06,28,30,1367,2945
2023-01-30 12:58:18,27,30,1367,2945
2023-01-30 12:58:26,27,32,1367,2945
2023-01-30 12:58:26,27,29,1367,2945
2023-01-30 12:58:46,27,32,1367,2945
2023-01-30 12:58:46,27,28,1367,2945
2023-01-30 12:58:48,25,28,1367,2945
2023-01-30 12:59:07,25,30,1367,2945
2023-01-30 12:59:07,25,28,1367,2945
2023-01-30 12:59:27,25,30,1367,2945
2023-01-30 12:59:46,26,30,1367,2945
2023-01-30 12:59:47,26,33,1367,2945
2023-01-30 12:59:48,26,31,1367,2945
2023-01-30 13:00:08,26,28,1367,2945
2023-01-30 13:00:23,25,28,1367,2945
2023-01-30 13:00:24,27,28,1367,2945
2023-01-30 13:00:28,27,32,1367,2945
2023-01-30 13:00:28,27,29,1367,2945
2023-01-30 13:00:49,27,32,1367,2945
2023-01-30 13:00:49,27,29,1367,2945
2023-01-30 13:00:53,25,29,1367,2945
2023-01-30 13:01:09,25,30,1367,2945
2023-01-30 13:01:09,25,29,1367,2945
2023-01-30 13:01:29,25,30,1367,2945
2023-01-30 13:01:29,25,29,1367,2945
2023-01-30 13:01:49,25,30,1367,2945
2023-01-30 13:01:50,25,28,1367,2945
2023-01-30 13:02:11,25,30,1367,2945
2023-01-30 13:02:11,25,27,1367,2945
2023-01-30 13:02:30,25,26,1367,2945
2023-01-30 13:02:47,23,26,1367,2945
2023-01-30 13:02:51,23,28,1367,2945
2023-01-30 13:02:51,23,27,1367,2945
2023-01-30 13:03:11,23,28,1367,2945
2023-01-30 13:03:12,23,26,1367,2945
2023-01-30 13:03:32,23,28,1367,2945
2023-01-30 13:03:32,23,27,1367,2945
2023-01-30 13:04:20,23,28,1367,2945
2023-01-30 13:04:38,25,28,1367,2945
2023-01-30 13:04:48,25,29,1367,2945
2023-01-30 13:05:07,27,29,1367,2945
2023-01-30 13:05:14,24,29,1374,3075
2023-01-30 13:05:20,27,29,1374,3075
2023-01-30 13:05:21,27,30,1374,3075
2023-01-30 13:05:32,27,30,1374,3077
2023-01-30 13:05:50,26,30,1374,3077
2023-01-30 13:05:51,28,30,1374,3077
2023-01-30 13:06:16,28,33,1374,3082
2023-01-30 13:06:48,29,33,1374,3082
2023-01-30 13:06:56,29,34,1374,3082
2023-01-30 13:06:56,29,33,1374,3082
2023-01-30 13:07:16,29,34,1374,3082
2023-01-30 13:07:17,29,32,1374,3082
2023-01-30 13:07:36,29,34,1374,3082
2023-01-30 13:07:36,29,33,1374,3082
2023-01-30 13:07:58,29,34,1374,3082
2023-01-30 13:07:58,29,32,1374,3082
2023-01-30 13:08:17,29,30,1374,3082
2023-01-30 13:08:21,28,30,1374,3082
2023-01-30 13:08:37,28,34,1374,3082
2023-01-30 13:08:37,28,32,1374,3082
2023-01-30 13:08:48,26,32,1374,3082
2023-01-30 13:08:59,26,31,1374,3082
2023-01-30 13:09:58,27,31,1374,3082
2023-01-30 13:10:01,28,31,1374,3082
2023-01-30 13:10:25,28,33,1374,3082
2023-01-30 13:10:25,28,32,1374,3082
2023-01-30 13:10:48,28,33,1374,3082
2023-01-30 13:11:19,28,34,1374,3082
2023-01-30 13:11:41,28,32,1374,3082
2023-01-30 13:12:19,28,33,1374,3082
2023-01-30 13:13:43,28,32,1374,3082
2023-01-30 13:14:03,28,34,1374,3082
2023-01-30 13:14:03,28,32,1374,3082
2023-01-30 13:14:23,28,34,1374,3082
2023-01-30 13:14:24,28,32,1374,3082
2023-01-30 13:14:44,28,34,1374,3082
2023-01-30 13:14:44,28,32,1374,3082
2023-01-30 13:16:05,28,33,1374,3082
2023-01-30 13:16:15,30,33,1374,3082
2023-01-30 13:16:19,30,32,1374,3082
2023-01-30 13:16:36,30,32,1707,3415
2023-01-30 13:16:41,30,32,1712,3420
2023-01-30 13:16:46,27,32,1730,3438
2023-01-30 13:16:47,29,32,1730,3438
2023-01-30 13:16:49,29,35,1730,3438
2023-01-30 13:16:50,31,35,1730,3438
2023-01-30 13:17:06,32,35,1730,3438
2023-01-30 13:17:23,32,37,1730,3438
2023-01-30 13:17:27,34,37,1730,3438
2023-01-30 13:17:39,34,37,1912,3620
2023-01-30 13:17:45,34,39,1966,3674
2023-01-30 13:17:47,33,39,1984,3692
2023-01-30 13:17:50,34,39,1984,3692
2023-01-30 13:17:51,36,39,1984,3692
2023-01-30 13:18:07,37,39,1984,3692
2023-01-30 13:18:28,39,43,1984,3697
2023-01-30 13:18:49,39,45,1984,3697
2023-01-30 13:18:50,39,44,1984,3697
2023-01-30 13:19:29,38,44,1984,3697
2023-01-30 13:19:46,38,43,1984,3697
2023-01-30 13:20:30,40,43,1984,3697
2023-01-30 13:20:50,37,43,1984,3697
2023-01-30 13:20:52,39,43,1984,3697
2023-01-30 13:21:21,37,43,1984,3697
2023-01-30 13:21:46,39,43,1984,3697
2023-01-30 13:21:50,39,42,1984,3697
2023-01-30 13:22:12,39,41,1984,3697
2023-01-30 13:22:14,39,42,2343,4074
2023-01-30 13:22:16,39,43,2343,4074
2023-01-30 13:22:25,37,43,2343,4371
2023-01-30 13:22:49,37,42,2343,4371
2023-01-30 13:22:52,38,42,2343,4371
2023-01-30 13:23:13,39,42,2343,4371
2023-01-30 13:23:18,39,43,2343,4371
2023-01-30 13:23:38,38,43,2014,4700
2023-01-30 13:24:14,39,43,2014,4700
2023-01-30 13:24:54,38,43,2014,4700
2023-01-30 13:25:56,38,42,2014,4700
2023-01-30 13:26:02,38,42,2014,4705
2023-01-30 13:26:16,38,43,2014,4705
2023-01-30 13:27:17,37,43,2014,4705
2023-01-30 13:27:18,37,42,2014,4705
2023-01-30 13:27:37,37,41,2014,4705
2023-01-30 13:27:46,35,41,2014,4705
2023-01-30 13:27:47,36,41,2014,4705
2023-01-30 13:28:07,36,40,2014,4705
2023-01-30 13:28:17,35,40,2014,4705
2023-01-30 13:28:18,34,40,2014,4705
2023-01-30 13:28:47,34,39,2014,4705
2023-01-30 13:28:59,35,39,2014,4705
2023-01-30 13:29:39,34,39,2014,4705
2023-01-30 13:29:46,35,39,2014,4705
2023-01-30 13:29:46,35,40,2014,4705
2023-01-30 13:30:16,35,38,2014,4705
2023-01-30 13:30:21,35,38,1996,4723
2023-01-30 13:30:23,31,38,1996,4723
2023-01-30 13:30:24,32,38,1996,4723
2023-01-30 13:30:25,34,38,1996,4723
2023-01-30 13:30:35,34,38,1763,4956
2023-01-30 13:30:41,34,37,1763,4956
2023-01-30 13:30:42,34,37,1751,4968
2023-01-30 13:30:49,34,35,1751,4968
2023-01-30 13:30:49,31,35,1751,4968
2023-01-30 13:31:18,31,36,1751,4968
2023-01-30 13:31:21,30,36,1751,4968
2023-01-30 13:31:22,30,35,1751,4968
2023-01-30 13:31:42,30,36,1751,4968
2023-01-30 13:31:42,30,34,1751,4968
2023-01-30 13:31:47,28,34,1751,4968
2023-01-30 13:31:48,28,33,1751,4968
2023-01-30 13:32:23,28,30,1751,4968
2023-01-30 13:32:24,26,30,1418,5301
2023-01-30 13:32:29,26,30,1082,5642
2023-01-30 13:32:30,26,28,1082,5642
2023-01-30 13:32:50,25,28,1082,5642
2023-01-30 13:33:16,24,28,1082,5642
2023-01-30 13:33:24,25,28,1082,5642
2023-01-30 13:34:25,26,28,1082,5642
2023-01-30 13:34:45,23,28,1082,5642
2023-01-30 13:34:46,24,28,1082,5642
2023-01-30 13:34:46,26,28,1082,5642
2023-01-30 13:34:50,26,29,1082,5642
2023-01-30 13:35:06,27,29,1082,5642
2023-01-30 13:35:13,27,28,1082,5642
2023-01-30 13:35:26,25,28,1082,5642
2023-01-30 13:35:50,24,28,1082,5642
2023-01-30 13:36:07,25,28,1082,5642
2023-01-30 13:36:27,24,28,1082,5642
2023-01-30 13:36:47,23,28,1082,5642
2023-01-30 13:36:49,23,27,1082,5642
2023-01-30 13:37:08,24,27,1082,5642
2023-01-30 13:37:28,23,27,1082,5642
2023-01-30 13:37:28,24,27,1082,5642
2023-01-30 13:38:09,23,27,1082,5642
2023-01-30 13:38:10,23,26,1082,5642
2023-01-30 13:39:18,23,25,1082,5642
2023-01-30 13:39:22,23,25,1182,5742
2023-01-30 13:39:30,23,25,1282,5842
2023-01-30 13:39:40,25,26,1344,5904
2023-01-30 13:39:46,23,26,1344,5904
2023-01-30 13:40:53,23,27,1344,5904
2023-01-30 13:40:53,23,24,1344,5904
2023-01-30 13:40:58,23,24,1344,5924
2023-01-30 13:41:01,22,24,1344,5924
2023-01-30 13:41:16,22,27,1344,5924
2023-01-30 13:41:16,22,26,1344,5924
2023-01-30 13:41:19,20,26,1344,5924
2023-01-30 13:41:20,20,25,1344,5924
2023-01-30 13:41:47,20,24,1344,5924
2023-01-30 13:41:49,19,24,1344,5924
2023-01-30 13:41:51,21,24,1344,5924
2023-01-30 13:42:17,19,24,1344,5924
2023-01-30 13:42:19,20,24,1344,5924
2023-01-30 13:42:50,20,23,1344,5924
2023-01-30 13:42:57,20,22,1344,5924
2023-01-30 13:43:00,19,22,1344,5924
2023-01-30 13:43:48,19,21,1344,5924
2023-01-30 13:44:01,19,21,1362,5942
2023-01-30 13:44:15,19,21,1462,6042
2023-01-30 13:44:18,19,23,1462,6042
2023-01-30 13:44:20,19,24,1462,6042
2023-01-30 13:44:20,19,23,1462,6042
2023-01-30 13:44:22,21,23,1462,6042
2023-01-30 13:44:49,21,24,1462,6042
2023-01-30 13:45:03,22,24,1462,6042
2023-01-30 13:45:23,19,24,1462,6042
2023-01-30 13:45:24,21,24,1462,6042
2023-01-30 13:45:52,21,23,1462,6042
2023-01-30 13:46:16,21,24,1462,6042
2023-01-30 13:47:45,20,24,1462,6042
2023-01-30 13:47:56,20,22,1462,6042
2023-01-30 13:48:00,20,22,1462,6047
2023-01-30 13:48:01,20,24,1462,6047
2023-01-30 13:48:06,19,24,1462,6047
2023-01-30 13:48:06,19,23,1462,6047
2023-01-30 13:48:20,19,22,1462,6047
2023-01-30 13:48:58,20,22,1462,6047
2023-01-30 13:49:48,20,22,1480,6065
2023-01-30 13:49:49,20,22,1485,6070
2023-01-30 13:49:49,19,22,1485,6070
2023-01-30 13:50:00,19,22,1585,6170
2023-01-30 13:50:01,19,22,1815,6400
2023-01-30 13:50:08,22,24,1825,6410
2023-01-30 13:50:28,21,24,1825,6410
2023-01-30 13:50:29,21,25,1825,6410
2023-01-30 13:50:49,19,25,1825,6410
2023-01-30 13:50:50,19,24,1825,6410
2023-01-30 13:50:50,23,24,1825,6410
2023-01-30 13:51:16,22,24,1825,6410
2023-01-30 13:51:18,22,25,1825,6410
2023-01-30 13:51:29,21,25,1825,6410
2023-01-30 13:51:29,21,26,1825,6410
2023-01-30 13:51:29,21,23,1825,6410
2023-01-30 13:51:47,20,23,1825,6410
2023-01-30 13:51:49,19,23,1825,6410
2023-01-30 13:52:18,19,22,1825,6410
2023-01-30 13:53:47,19,23,1825,6410
2023-01-30 13:54:53,20,23,1825,6410
2023-01-30 13:55:13,18,23,1825,6410
2023-01-30 13:55:13,20,23,1825,6410
2023-01-30 13:55:22,20,24,1825,6410
2023-01-30 13:55:34,21,24,1825,6410
2023-01-30 13:55:47,21,25,1825,6410
2023-01-30 13:56:14,20,25,1825,6410
2023-01-30 13:56:26,20,23,1825,6410
2023-01-30 13:56:47,19,23,1825,6410
2023-01-30 13:57:19,18,23,1825,6410
2023-01-30 13:57:56,19,23,1825,6410
2023-01-30 13:58:37,20,23,1825,6410
2023-01-30 13:59:17,19,25,1825,6410
2023-01-30 13:59:18,20,25,1825,6410
2023-01-30 13:59:18,21,25,1825,6410
2023-01-30 13:59:27,21,27,2148,6733
2023-01-30 13:59:38,26,27,2148,6733
2023-01-30 13:59:48,26,29,2148,6733
2023-01-30 13:59:49,26,28,2148,6733
2023-01-30 13:59:58,23,28,2148,6733
2023-01-30 14:00:18,25,28,2148,6733
2023-01-30 14:00:24,25,29,2148,6733
2023-01-30 14:00:37,25,27,2148,6733
2023-01-30 14:00:39,24,27,2148,6733
2023-01-30 14:00:50,23,27,2148,6733
2023-01-30 14:00:50,25,27,2148,6733
2023-01-30 14:01:17,23,27,2148,6733
2023-01-30 14:01:38,23,28,2148,6738
2023-01-30 14:01:38,25,28,2148,6738
2023-01-30 14:01:45,25,30,2148,6738
2023-01-30 14:01:45,25,29,2148,6738
2023-01-30 14:02:11,25,29,2148,6870
2023-01-30 14:02:40,27,29,2148,6870
2023-01-30 14:02:48,27,30,2148,6870
2023-01-30 14:03:07,26,30,2148,6870
2023-01-30 14:03:18,26,31,2148,6870
2023-01-30 14:03:22,26,30,2148,6870
2023-01-30 14:03:42,26,31,2148,6870
2023-01-30 14:03:47,25,31,2148,6870
2023-01-30 14:03:48,25,30,2148,6870
2023-01-30 14:03:49,27,30,2148,6870
2023-01-30 14:04:18,27,32,2148,6870
2023-01-30 14:04:40,29,32,2148,6870
2023-01-30 14:05:24,29,34,2148,6870
2023-01-30 14:05:48,29,35,2148,6870
2023-01-30 14:05:48,29,33,2148,6870
2023-01-30 14:06:47,29,35,2148,6870
2023-01-30 14:06:48,29,34,2148,6870
2023-01-30 14:07:05,30,34,2148,6870
2023-01-30 14:07:20,30,35,2148,6870
2023-01-30 14:07:46,30,34,2148,6870
2023-01-30 14:07:47,29,34,2148,6870
2023-01-30 14:08:07,29,32,2148,6870
2023-01-30 14:08:19,27,32,2148,6870
2023-01-30 14:08:27,27,30,2148,6870
2023-01-30 14:08:47,27,33,2148,6870
2023-01-30 14:08:47,27,30,2148,6870
2023-01-30 14:08:49,25,30,2148,6870
2023-01-30 14:08:50,25,29,2148,6870
2023-01-30 14:09:17,25,31,2148,6870
2023-01-30 14:09:17,25,30,2148,6870
2023-01-30 14:09:27,24,30,2148,6870
2023-01-30 14:09:28,24,27,2148,6870
2023-01-30 14:09:47,24,26,2148,6870
2023-01-30 14:09:48,23,26,2148,6870
2023-01-30 14:10:10,25,26,2148,6870
2023-01-30 14:10:25,25,27,2148,6870
2023-01-30 14:11:20,25,28,2148,6870
2023-01-30 14:11:47,25,29,2148,6870
2023-01-30 14:11:57,24,29,2148,6870
2023-01-30 14:12:11,24,26,2148,6870
2023-01-30 14:12:20,23,26,2148,6870
2023-01-30 14:12:31,23,28,2148,6870
2023-01-30 14:12:31,23,26,2148,6870
2023-01-30 14:13:50,23,27,2148,6870
2023-01-30 14:13:50,23,25,2148,6870
2023-01-30 14:14:39,23,25,2153,6875
2023-01-30 14:14:45,22,28,2153,6875
2023-01-30 14:14:49,22,26,2153,6875
2023-01-30 14:14:54,24,26,2153,6875
2023-01-30 14:15:20,24,28,2153,6875
2023-01-30 14:15:31,24,26,2153,6875
2023-01-30 14:15:34,23,26,2153,6875
2023-01-30 14:15:47,22,26,2153,6875
2023-01-30 14:16:17,22,24,2153,6875
2023-01-30 14:16:18,20,24,2153,6875
2023-01-30 14:16:43,20,26,2153,6875
2023-01-30 14:16:44,20,24,2153,6875
2023-01-30 14:16:45,21,24,2153,6875
2023-01-30 14:17:18,21,22,2153,6875
2023-01-30 14:17:18,19,22,2153,6875
2023-01-30 14:17:36,18,22,2153,6875
2023-01-30 14:18:17,17,22,2153,6875
2023-01-30 14:18:38,17,21,2153,6875
2023-01-30 14:18:47,17,20,2153,6875
2023-01-30 14:18:47,16,20,2153,6875
2023-01-30 14:19:16,16,22,2153,6875
2023-01-30 14:19:16,16,21,2153,6875
2023-01-30 14:19:19,17,21,2153,6875
2023-01-30 14:19:39,16,21,2153,6875
2023-01-30 14:19:45,16,22,2153,6875
2023-01-30 14:19:45,17,22,2153,6875
2023-01-30 14:20:40,17,21,2153,6875
2023-01-30 14:20:53,16,21,2153,6875
2023-01-30 14:21:18,16,20,2153,6875
2023-01-30 14:21:21,17,20,2153,6875
2023-01-30 14:21:41,17,20,2171,6893
2023-01-30 14:21:47,17,22,2367,7089
2023-01-30 14:22:02,20,22,2367,7089
2023-01-30 14:22:19,20,24,2367,7089
2023-01-30 14:22:22,19,24,2367,7089
2023-01-30 14:22:31,19,22,2367,7089
2023-01-30 14:22:47,17,22,2367,7089
2023-01-30 14:22:48,18,22,2367,7089
2023-01-30 14:24:04,18,21,2367,7089
2023-01-30 14:24:15,18,20,2367,7089
2023-01-30 14:24:17,16,20,2367,7089
2023-01-30 14:25:25,18,20,2367,7089
2023-01-30 14:25:46,17,20,2367,7089
2023-01-30 14:25:47,17,22,2367,7089
2023-01-30 14:26:19,17,20,2367,7089
2023-01-30 14:26:19,16,20,2367,7089
2023-01-30 14:26:47,15,20,2367,7089
2023-01-30 14:26:47,16,20,2367,7089
2023-01-30 14:26:47,16,19,2367,7089
2023-01-30 14:27:07,15,19,2367,7089
2023-01-30 14:27:16,16,19,2367,7089
2023-01-30 14:27:16,16,20,2367,7089
2023-01-30 14:27:45,16,19,2367,7089
2023-01-30 14:27:45,15,19,2367,7089
2023-01-30 14:28:16,15,20,2367,7089
2023-01-30 14:28:49,15,18,2367,7089
2023-01-30 14:29:09,16,18,2367,7089
2023-01-30 14:29:17,16,19,2367,7089
2023-01-30 14:29:47,16,20,2367,7089
2023-01-30 14:29:49,15,20,2367,7089
2023-01-30 14:30:13,15,18,2367,7089
2023-01-30 14:30:47,15,17,2367,7089
2023-01-30 14:31:18,15,19,2367,7089
2023-01-30 14:31:19,15,20,2367,7089
2023-01-30 14:31:19,15,16,2367,7089
2023-01-30 14:31:27,15,18,2547,7269
2023-01-30 14:31:32,17,18,2547,7269
2023-01-30 14:31:36,17,20,2837,7559
2023-01-30 14:31:49,17,22,2837,7559
2023-01-30 14:31:49,17,20,2837,7559
2023-01-30 14:31:52,16,20,2837,7559
2023-01-30 14:32:18,16,19,2837,7559
2023-01-30 14:32:33,15,19,2837,7559
2023-01-30 14:32:48,15,20,2837,7559
2023-01-30 14:32:53,16,20,2837,7559
2023-01-30 14:33:13,15,20,2837,7559
2023-01-30 14:33:19,16,20,2837,7559
2023-01-30 14:33:34,16,19,2837,7559
2023-01-30 14:33:47,15,19,2837,7559
2023-01-30 14:34:17,15,18,2837,7559
2023-01-30 14:34:35,16,18,2837,7559
2023-01-30 14:34:50,16,20,2837,7559
2023-01-30 14:35:16,16,19,2837,7559
2023-01-30 14:35:20,15,19,2837,7559
2023-01-30 14:35:56,16,19,2837,7559
2023-01-30 14:36:17,17,19,2837,7559
2023-01-30 14:36:22,17,21,2837,7559
2023-01-30 14:36:37,16,21,2837,7559
2023-01-30 14:36:39,16,20,2837,7559
2023-01-30 14:36:44,16,21,2837,7559
2023-01-30 14:36:44,16,18,2837,7559
2023-01-30 14:36:50,17,18,2837,7559
2023-01-30 14:37:09,15,18,2682,7714
2023-01-30 14:37:17,15,17,2682,7714
2023-01-30 14:37:45,15,18,2682,7714
2023-01-30 14:37:46,15,16,2682,7714
2023-01-30 14:38:05,15,18,2833,7865
2023-01-30 14:38:17,16,18,2833,7865
2023-01-30 14:38:17,16,20,2833,7865
2023-01-30 14:38:23,17,20,2833,7865
2023-01-30 14:38:33,17,22,2987,8019
2023-01-30 14:38:39,19,22,2987,8019
2023-01-30 14:38:51,20,22,2987,8019
2023-01-30 14:38:51,20,24,2987,8019
2023-01-30 14:39:04,20,22,2987,8019
2023-01-30 14:39:17,20,22,2982,8024
2023-01-30 14:39:18,20,24,2982,8024
2023-01-30 14:39:18,18,24,2982,8024
2023-01-30 14:39:18,18,23,2982,8024
2023-01-30 14:39:20,18,21,2982,8024
2023-01-30 14:39:40,18,23,2982,8024
2023-01-30 14:39:40,18,21,2982,8024
2023-01-30 14:39:50,17,21,2982,8024
2023-01-30 14:39:51,17,20,2982,8024
2023-01-30 14:40:05,19,20,2982,8024
2023-01-30 14:40:19,16,20,2982,8024
2023-01-30 14:40:20,17,20,2982,8024
2023-01-30 14:40:25,17,21,2982,8024
2023-01-30 14:40:38,16,21,2982,8024
2023-01-30 14:40:41,16,19,2982,8024
2023-01-30 14:40:49,15,19,2982,8024
2023-01-30 14:41:03,15,20,2982,8024
2023-01-30 14:41:05,15,16,2982,8024
2023-01-30 14:41:20,13,15,3182,8224
2023-01-30 14:41:32,15,16,3185,8227
2023-01-30 14:41:48,15,17,3185,8227
2023-01-30 14:41:48,12,15,3187,8229
2023-01-30 14:42:03,13,15,3187,8229
2023-01-30 14:42:19,13,17,3187,8229
2023-01-30 14:42:52,13,16,3187,8229
2023-01-30 14:43:19,12,16,3187,8229
2023-01-30 14:43:19,11,16,3187,8229
2023-01-30 14:43:25,12,16,3187,8229
2023-01-30 14:43:47,11,17,3187,8229
2023-01-30 14:43:47,13,17,3187,8229
2023-01-30 14:44:19,12,17,3187,8229
2023-01-30 14:44:19,12,16,3187,8229
2023-01-30 14:44:45,13,16,3187,8229
2023-01-30 14:44:47,13,18,3187,8229
2023-01-30 14:44:48,13,17,3187,8229
2023-01-30 14:45:20,13,18,3187,8229
2023-01-30 14:46:19,13,17,3187,8229
2023-01-30 14:46:48,13,16,3187,8229
2023-01-30 14:46:49,12,16,3187,8229
2023-01-30 14:47:46,12,15,3187,8229
2023-01-30 14:47:49,11,15,3187,8229
2023-01-30 14:48:10,11,14,3187,8229
2023-01-30 14:48:48,11,13,3187,8229
2023-01-30 14:48:48,10,13,3187,8229
2023-01-30 14:49:18,10,12,3187,8229
2023-01-30 14:51:49,10,11,3187,8229
2023-01-30 14:52:48,7,10,3437,8479
2023-01-30 14:52:49,6,10,3437,8479
2023-01-30 14:52:49,7,10,3437,8479
2023-01-30 14:52:59,6,10,3437,8479
2023-01-30 14:52:59,7,10,3437,8479
2023-01-30 14:53:18,7,9,3437,8479
2023-01-30 14:53:20,6,9,3437,8479
2023-01-30 14:53:20,7,9,3437,8479
2023-01-30 14:53:30,8,9,3437,8479
2023-01-30 14:53:40,6,9,3437,8479
2023-01-30 14:53:41,8,9,3437,8479
2023-01-30 14:53:49,8,10,3437,8479
2023-01-30 14:53:50,8,11,3437,8479
2023-01-30 14:53:52,9,11,3437,8479
2023-01-30 14:54:02,7,11,3437,8479
2023-01-30 14:54:22,8,11,3437,8479
2023-01-30 14:54:35,9,11,3437,8479
2023-01-30 14:55:04,8,11,3437,8479
2023-01-30 14:55:20,8,12,3437,8479
2023-01-30 14:55:49,8,11,3437,8479
2023-01-30 14:55:50,8,10,3437,8479
2023-01-30 14:55:51,7,10,3437,8479
2023-01-30 14:56:19,7,9,3437,8479
2023-01-30 14:56:38,6,9,3437,8479
2023-01-30 14:56:38,7,9,3437,8479
2023-01-30 14:56:47,7,10,3437,8479
2023-01-30 14:56:49,8,10,3437,8479
2023-01-30 14:56:59,7,10,3437,8479
2023-01-30 14:57:09,6,10,3437,8479
2023-01-30 14:57:09,8,10,3437,8479
2023-01-30 14:57:21,8,9,3437,8479
2023-01-30 14:57:29,6,10,3579,8621
2023-01-30 14:57:48,6,11,3579,8621
2023-01-30 14:57:48,8,11,3579,8621
2023-01-30 14:57:55,9,11,3579,8621
2023-01-30 14:58:07,7,11,3579,8621
2023-01-30 14:58:17,7,12,3579,8621
2023-01-30 14:58:18,8,12,3579,8621
2023-01-30 14:58:46,8,13,3579,8621
2023-01-30 14:58:47,9,13,3579,8621
2023-01-30 14:59:18,9,14,3805,8847
2023-01-30 14:59:25,13,14,3805,8847
2023-01-30 14:59:36,9,14,3805,8847
2023-01-30 14:59:36,13,14,3805,8847
2023-01-30 14:59:46,9,14,3805,8847
2023-01-30 14:59:46,10,14,3805,8847
2023-01-30 14:59:46,11,14,3805,8847
2023-01-30 14:59:47,11,15,3805,8847
2023-01-30 15:00:07,12,15,3805,8847
2023-01-30 15:00:17,14,15,3805,8847
2023-01-30 15:00:28,13,15,3805,8847
2023-01-30 15:00:48,11,16,3805,8847
2023-01-30 15:00:48,13,16,3805,8847
2023-01-30 15:00:58,12,16,3805,8847
2023-01-30 15:01:29,12,14,3805,8847
2023-01-30 15:01:49,10,14,3805,8847
2023-01-30 15:02:11,11,14,3805,8847
2023-01-30 15:02:21,10,14,3805,8847
2023-01-30 15:02:21,12,14,3805,8847
2023-01-30 15:02:32,13,14,3805,8847
2023-01-30 15:02:39,13,15,3939,8981
2023-01-30 15:02:46,13,16,3939,8981
2023-01-30 15:02:52,12,16,3939,8981
2023-01-30 15:02:52,13,16,3939,8981
2023-01-30 15:02:53,13,17,3939,8981
2023-01-30 15:03:13,14,17,3939,8981
2023-01-30 15:03:31,15,17,3939,8981
2023-01-30 15:03:33,15,17,3957,8999
2023-01-30 15:03:44,16,17,3957,8999
2023-01-30 15:03:47,16,19,3957,8999
2023-01-30 15:03:47,16,21,3957,8999
2023-01-30 15:03:47,16,20,3957,8999
2023-01-30 15:03:55,18,20,3957,8999
2023-01-30 15:04:05,16,20,3957,8999
2023-01-30 15:04:05,17,20,3957,8999
2023-01-30 15:04:15,16,20,3957,8999
2023-01-30 15:04:18,16,22,3957,8999
2023-01-30 15:04:19,18,22,3957,8999
2023-01-30 15:04:25,20,22,3957,8999
2023-01-30 15:04:36,18,22,3957,8999
2023-01-30 15:04:48,20,22,3957,8999
2023-01-30 15:05:01,20,22,3952,9004
2023-01-30 15:05:07,20,24,3952,9004
2023-01-30 15:05:07,20,22,3952,9004
2023-01-30 15:05:17,20,24,3952,9004
2023-01-30 15:05:17,20,23,3952,9004
2023-01-30 15:05:20,19,23,3952,9004
2023-01-30 15:05:21,19,22,3952,9004
2023-01-30 15:05:28,17,22,3952,9004
2023-01-30 15:05:48,17,24,3952,9004
2023-01-30 15:05:48,17,21,3952,9004
2023-01-30 15:06:20,17,20,3952,9004
2023-01-30 15:06:30,17,21,3952,9004
2023-01-30 15:06:30,17,19,3952,9004
2023-01-30 15:06:40,17,21,3952,9004
2023-01-30 15:06:40,17,19,3952,9004
2023-01-30 15:06:47,15,19,3952,9004
2023-01-30 15:06:47,14,19,3952,9004
2023-01-30 15:06:47,14,18,3952,9004
2023-01-30 15:06:48,13,18,3952,9004
2023-01-30 15:06:49,14,18,3952,9004
2023-01-30 15:06:51,14,17,3952,9004
2023-01-30 15:07:01,14,18,3952,9004
2023-01-30 15:07:01,14,16,3952,9004
2023-01-30 15:07:11,14,18,3952,9004
2023-01-30 15:07:11,14,16,3952,9004
2023-01-30 15:07:18,13,16,3952,9004
2023-01-30 15:07:18,11,16,3952,9004
2023-01-30 15:07:19,11,15,3952,9004
2023-01-30 15:07:22,11,14,3952,9004
2023-01-30 15:07:31,10,14,3952,9004
2023-01-30 15:07:32,10,15,3952,9004
2023-01-30 15:07:33,10,13,3952,9004
2023-01-30 15:07:42,10,15,3952,9004
2023-01-30 15:07:42,10,12,3952,9004
2023-01-30 15:07:47,9,12,3952,9004
2023-01-30 15:07:55,8,12,3952,9004
2023-01-30 15:08:03,8,11,3952,9004
2023-01-30 15:08:13,8,12,3952,9004
2023-01-30 15:08:14,8,11,3952,9004
2023-01-30 15:08:19,8,10,3952,9004
2023-01-30 15:08:19,8,9,3952,9004
2023-01-30 15:08:20,7,9,3952,9004
2023-01-30 15:08:46,7,10,3952,9004
2023-01-30 15:09:33,6,10,3952,9004
2023-01-30 15:09:33,9,10,3952,9004
2023-01-30 15:10:11,6,10,3952,9004
2023-01-30 15:10:11,7,10,3952,9004
2023-01-30 15:10:23,7,11,3952,9004
2023-01-30 15:10:38,9,11,3952,9004
2023-01-30 15:10:49,7,9,3957,9009
2023-01-30 15:10:49,6,9,3957,9009
2023-01-30 15:10:50,7,9,3957,9009
2023-01-30 15:11:09,5,9,3957,9009
2023-01-30 15:11:10,6,9,3957,9009
2023-01-30 15:11:18,6,10,3957,9009
2023-01-30 15:11:48,6,9,3957,9009
2023-01-30 15:11:48,5,9,3957,9009
2023-01-30 15:12:23,6,9,3957,9009
2023-01-30 15:12:47,6,10,3957,9009
2023-01-30 15:13:17,7,10,3957,9009
2023-01-30 15:13:47,7,11,3957,9009
2023-01-30 15:13:52,7,9,3957,9009
2023-01-30 15:14:17,5,9,3957,9009
2023-01-30 15:14:58,5,7,3957,9009
2023-01-30 15:15:20,4,7,3957,9009
2023-01-30 15:15:49,3,6,3957,9009
2023-01-30 15:16:00,3,5,3957,9009
2023-01-30 15:16:22,2,5,3957,9009
2023-01-30 15:16:49,2,4,3957,9009
2023-01-30 15:16:49,1,4,3957,9009
2023-01-30 15:17:15,1,5,3957,9009
2023-01-30 15:17:20,0,5,3957,9009
2023-01-30 15:17:27,1,5,3957,9009
2023-01-30 15:17:34,0,5,3957,9009
2023-01-30 15:17:42,1,5,3957,9009
2023-01-30 15:17:46,1,6,3957,9009
2023-01-30 15:17:47,0,3,3957,9009
2023-01-30 15:17:56,1,3,3957,9009
2023-01-30 15:18:04,0,3,3957,9009
2023-01-30 15:18:11,1,3,3957,9009
2023-01-30 15:18:20,0,3,3957,9009
2023-01-30 15:18:21,1,3,3957,9009
2023-01-30 15:19:46,1,7,3957,9014
2023-01-30 15:19:55,1,8,3957,9014
2023-01-30 15:19:57,1,7,3957,9014
2023-01-30 15:20:10,1,8,3957,9014
2023-01-30 15:20:18,1,7,3957,9014
2023-01-30 15:20:35,1,8,3957,9014
2023-01-30 15:20:57,1,10,3957,9014
2023-01-30 15:20:59,1,8,3957,9014
2023-01-30 15:21:19,1,7,3957,9014
2023-01-30 15:21:59,1,8,3957,9014
2023-01-30 15:22:00,1,7,3957,9014
2023-01-30 15:22:20,1,8,3957,9014
2023-01-30 15:22:21,1,6,3957,9014
2023-01-30 15:22:50,1,5,3957,9014
2023-01-30 15:22:53,1,6,3957,9014
2023-01-30 15:23:01,1,7,3957,9014
2023-01-30 15:24:03,1,6,3957,9014
2023-01-30 15:24:17,1,5,3957,9014
2023-01-30 15:24:18,1,5,3962,9019
2023-01-30 15:24:18,1,5,3967,9024
2023-01-30 15:24:46,1,6,3967,9024
2023-01-30 15:25:05,1,7,3967,9024
2023-01-30 15:25:05,1,6,3967,9024
2023-01-30 15:27:00,1,5,3967,9024
2023-01-30 15:28:13,1,6,3967,9024
2023-01-30 15:30:52,1,6,4067,9124
2023-01-30 15:31:00,0,6,4816,9873
2023-01-30 15:31:01,0,2,4816,9873
2023-01-30 15:31:44,1,2,4816,9873
2023-01-30 15:31:51,0,2,4816,9873
2023-01-30 15:31:51,0,6,4916,9973
2023-01-30 15:31:52,2,6,4916,9973
2023-01-30 15:31:55,0,6,4916,9973
2023-01-30 15:31:59,1,6,4916,9973
2023-01-30 15:32:06,0,6,4916,9973
2023-01-30 15:32:13,1,6,4916,9973
2023-01-30 15:32:21,1,7,4916,9973
2023-01-30 15:32:22,0,7,4916,9973
2023-01-30 15:32:29,1,7,4916,9973
2023-01-30 15:32:36,0,7,4916,9973
2023-01-30 15:32:44,1,7,4916,9973
2023-01-30 15:32:52,0,7,4916,9973
2023-01-30 15:32:59,1,7,4916,9973
2023-01-30 15:33:07,0,7,4916,9973
2023-01-30 15:33:14,1,7,4916,9973
2023-01-30 15:33:22,0,7,4916,9973
2023-01-30 15:33:23,0,6,4916,9973
2023-01-30 15:33:29,1,6,4916,9973
2023-01-30 15:33:37,0,6,4916,9973
2023-01-30 15:33:44,1,6,4916,9973
2023-01-30 15:33:51,0,6,4916,9973
2023-01-30 15:33:58,1,6,4916,9973
2023-01-30 15:34:06,0,6,4916,9973
2023-01-30 15:34:13,1,6,4916,9973
2023-01-30 15:34:15,1,5,4916,9973
2023-01-30 15:34:21,0,5,4916,9973
2023-01-30 15:34:25,0,7,4916,9973
2023-01-30 15:34:29,1,7,4916,9973
2023-01-30 15:34:37,0,7,4916,9973
2023-01-30 15:34:44,1,7,4916,9973
2023-01-30 15:34:46,1,5,4916,9973
2023-01-30 15:34:52,0,5,4916,9973
2023-01-30 15:34:59,1,5,4916,9973
2023-01-30 15:35:07,0,5,4916,9973
2023-01-30 15:35:14,1,5,4916,9973
2023-01-30 15:35:17,1,6,4916,9973
2023-01-30 15:35:22,0,6,4916,9973
2023-01-30 15:35:30,1,6,4916,9973
2023-01-30 15:35:38,0,6,4916,9973
2023-01-30 15:35:45,1,6,4916,9973
2023-01-30 15:35:53,0,6,4916,9973
2023-01-30 15:36:00,1,6,4916,9973
2023-01-30 15:36:08,0,6,4916,9973
2023-01-30 15:36:08,1,8,4916,9973
2023-01-30 15:36:09,1,6,4916,9973
2023-01-30 15:37:11,1,7,4916,9973
2023-01-30 15:37:21,1,8,4916,9973
2023-01-30 15:37:21,1,7,4916,9973
2023-01-30 15:37:31,1,8,4916,9973
2023-01-30 15:37:48,1,5,4916,9973
2023-01-30 15:43:12,1,2,4916,9973
2023-01-30 15:44:17,1,5,5016,10073
2023-01-30 15:44:25,1,2,5016,10073
2023-01-30 15:45:21,1,5,5116,10173
2023-01-30 15:47:05,0,5,5116,10173
2023-01-30 15:47:19,0,6,5116,10173
2023-01-30 15:47:25,0,2,5116,10173
2023-01-30 15:49:00,0,1,5116,10173
2023-01-30 15:50:15,1,2,5131,10188
2023-01-30 15:50:17,1,6,5131,10188
2023-01-30 15:50:25,0,6,5131,10188
2023-01-30 15:51:20,0,1,5131,10188
2023-01-30 15:51:21,1,6,5141,10198
2023-01-30 15:51:27,0,6,5141,10198
2023-01-30 15:51:39,0,1,5141,10198
