datetime,bid,ask,open_interest,volume
2023-08-07 09:30:07,31,39,16,16
2023-08-07 09:30:08,31,38,16,16
2023-08-07 09:30:12,31,40,16,16
2023-08-07 09:30:14,31,39,16,16
2023-08-07 09:30:14,30,39,93,93
2023-08-07 09:30:15,30,38,93,93
2023-08-07 09:30:17,30,39,93,93
2023-08-07 09:30:17,30,40,93,93
2023-08-07 09:30:19,30,39,93,93
2023-08-07 09:30:20,30,38,93,93
2023-08-07 09:31:00,31,38,93,93
2023-08-07 09:31:00,31,35,93,93
2023-08-07 09:31:01,31,35,493,493
2023-08-07 09:31:02,31,34,493,493
2023-08-07 09:31:02,30,34,893,893
2023-08-07 09:31:03,30,33,893,893
2023-08-07 09:31:03,30,32,893,893
2023-08-07 09:31:03,29,32,895,895
2023-08-07 09:31:04,29,32,1295,1295
2023-08-07 09:31:05,29,31,1295,1295
2023-08-07 09:31:05,28,31,1304,1304
2023-08-07 09:31:06,28,31,1704,1704
2023-08-07 09:31:07,28,30,1704,1704
2023-08-07 09:31:07,27,30,1854,1854
2023-08-07 09:31:09,27,29,1854,1854
2023-08-07 09:31:09,26,29,2254,2254
2023-08-07 09:31:10,26,29,2254,2504
2023-08-07 09:31:11,26,28,2254,2504
2023-08-07 09:31:11,26,28,2504,2754
2023-08-07 09:31:12,26,28,2654,2904
2023-08-07 09:31:12,26,27,2654,2904
2023-08-07 09:31:13,25,27,2654,2904
2023-08-07 09:31:13,25,28,2654,2904
2023-08-07 09:31:14,25,30,2654,2904
2023-08-07 09:31:14,27,30,2654,2904
2023-08-07 09:31:14,27,28,2654,2904
2023-08-07 09:31:16,25,28,2654,2904
2023-08-07 09:31:16,29,31,2754,3004
2023-08-07 09:31:17,25,31,2754,3004
2023-08-07 09:31:17,25,30,2754,3004
2023-08-07 09:31:18,26,30,2754,3004
2023-08-07 09:31:18,26,29,2754,3004
2023-08-07 09:31:19,26,30,2854,3104
2023-08-07 09:31:20,26,29,2854,3104
2023-08-07 09:31:21,25,29,2854,3104
2023-08-07 09:31:22,25,31,2854,3104
2023-08-07 09:31:22,26,31,2854,3104
2023-08-07 09:31:23,26,30,2854,3104
2023-08-07 09:31:24,26,32,3054,3304
2023-08-07 09:31:25,26,31,3054,3304
2023-08-07 09:31:26,27,30,3054,3304
2023-08-07 09:31:27,25,30,3054,3304
2023-08-07 09:31:28,26,30,3054,3304
2023-08-07 09:31:29,25,30,3054,3304
2023-08-07 09:31:30,26,30,3054,3304
2023-08-07 09:31:31,26,30,3154,3554
2023-08-07 09:31:31,27,30,3154,3554
2023-08-07 09:31:33,27,29,3154,3554
2023-08-07 09:31:36,27,28,3154,3554
2023-08-07 09:31:36,27,30,3354,3754
2023-08-07 09:31:39,28,30,3354,3754
2023-08-07 09:31:41,27,30,3354,3754
2023-08-07 09:31:41,27,32,3454,3854
2023-08-07 09:31:42,27,31,3454,3854
2023-08-07 09:31:43,27,30,3454,3854
2023-08-07 09:31:44,29,30,3454,3854
2023-08-07 09:31:45,29,31,3554,3954
2023-08-07 09:31:46,29,30,3554,3954
2023-08-07 09:31:49,25,30,3754,4154
2023-08-07 09:31:49,25,31,3854,4254
2023-08-07 09:31:50,25,30,3854,4254
2023-08-07 09:31:52,27,30,3854,4254
2023-08-07 09:31:52,27,31,3954,4354
2023-08-07 09:31:53,27,30,3954,4354
2023-08-07 09:31:56,27,31,3954,4354
2023-08-07 09:31:57,27,32,3954,4354
2023-08-07 09:31:57,26,32,3954,4354
2023-08-07 09:31:58,25,31,3954,4354
2023-08-07 09:31:59,26,31,3954,4354
2023-08-07 09:31:59,26,30,3954,4354
2023-08-07 09:32:00,26,29,3954,4354
2023-08-07 09:32:00,27,29,3954,4354
2023-08-07 09:32:03,26,29,3954,4354
2023-08-07 09:32:06,25,29,3954,4354
2023-08-07 09:32:08,25,29,4054,4604
2023-08-07 09:32:08,26,29,4054,4604
2023-08-07 09:32:09,26,30,4054,4604
2023-08-07 09:32:09,27,30,4054,4604
2023-08-07 09:32:09,27,28,4054,4604
2023-08-07 09:32:11,27,29,4054,4604
2023-08-07 09:32:18,27,28,4054,4604
2023-08-07 09:32:19,25,29,4054,4604
2023-08-07 09:32:21,27,29,4054,4604
2023-08-07 09:32:25,27,30,4154,4704
2023-08-07 09:32:26,27,29,4154,4704
2023-08-07 09:32:27,25,29,4154,4704
2023-08-07 09:32:27,29,30,4254,4804
2023-08-07 09:32:28,27,30,4254,4804
2023-08-07 09:32:28,27,31,4254,4804
2023-08-07 09:32:29,27,30,4254,4804
2023-08-07 09:32:30,27,31,4254,4804
2023-08-07 09:32:31,27,30,4254,4804
2023-08-07 09:32:32,27,29,4254,4804
2023-08-07 09:32:33,27,30,4254,4804
2023-08-07 09:32:37,27,31,4254,4804
2023-08-07 09:32:38,27,32,4254,4804
2023-08-07 09:32:38,27,30,4254,4804
2023-08-07 09:32:39,29,30,4254,4804
2023-08-07 09:32:46,29,31,4354,4904
2023-08-07 09:32:47,29,30,4354,4904
2023-08-07 09:32:49,29,31,4454,5004
2023-08-07 09:32:51,29,30,4454,5004
2023-08-07 09:32:53,29,32,4454,5004
2023-08-07 09:32:54,29,31,4454,5004
2023-08-07 09:32:55,29,30,4454,5004
2023-08-07 09:32:56,29,31,4454,5004
2023-08-07 09:32:57,29,30,4454,5004
2023-08-07 09:32:58,29,31,4554,5104
2023-08-07 09:32:59,29,30,4554,5104
2023-08-07 09:32:59,28,30,4629,5179
2023-08-07 09:33:01,28,31,4729,5279
2023-08-07 09:33:02,28,30,4729,5279
2023-08-07 09:33:05,28,31,4829,5379
2023-08-07 09:33:06,28,30,4829,5379
2023-08-07 09:33:08,28,31,4929,5479
2023-08-07 09:33:09,28,30,4929,5479
2023-08-07 09:33:10,28,31,4929,5479
2023-08-07 09:33:11,28,30,4929,5479
2023-08-07 09:33:12,28,31,5029,5579
2023-08-07 09:33:13,28,30,5029,5579
2023-08-07 09:33:15,28,31,5129,5679
2023-08-07 09:33:16,28,30,5129,5679
2023-08-07 09:33:16,27,30,5129,5679
2023-08-07 09:33:19,27,31,5229,5779
2023-08-07 09:33:20,27,30,5229,5779
2023-08-07 09:33:26,27,30,5329,6029
2023-08-07 09:33:27,27,29,5329,6029
2023-08-07 09:33:31,27,30,5429,6129
2023-08-07 09:33:32,27,29,5429,6129
2023-08-07 09:33:36,26,29,5429,6129
2023-08-07 09:33:40,27,29,5429,6129
2023-08-07 09:33:41,27,30,5529,6229
2023-08-07 09:33:42,27,29,5529,6229
2023-08-07 09:33:46,27,30,5629,6329
2023-08-07 09:33:47,27,29,5629,6329
2023-08-07 09:33:50,27,30,5729,6429
2023-08-07 09:33:51,27,31,5729,6429
2023-08-07 09:33:51,27,29,5729,6429
2023-08-07 09:33:56,27,29,5829,6679
2023-08-07 09:33:57,27,30,5829,6679
2023-08-07 09:33:57,27,29,5829,6679
2023-08-07 09:34:04,27,30,5929,6779
2023-08-07 09:34:05,27,29,5929,6779
2023-08-07 09:34:16,26,29,5929,6779
2023-08-07 09:34:19,26,28,5929,6779
2023-08-07 09:34:22,26,27,5929,6779
2023-08-07 09:34:23,26,28,5929,6779
2023-08-07 09:34:27,25,28,6079,6929
2023-08-07 09:34:29,26,28,6079,6929
2023-08-07 09:34:31,25,28,6079,6929
2023-08-07 09:34:33,26,28,6079,6929
2023-08-07 09:34:38,26,27,6079,6929
2023-08-07 09:34:38,25,27,6079,6929
2023-08-07 09:34:41,25,28,6079,6929
2023-08-07 09:34:42,25,27,6079,6929
2023-08-07 09:34:43,25,28,6079,6929
2023-08-07 09:34:45,25,29,6079,6929
2023-08-07 09:34:45,26,29,6079,6929
2023-08-07 09:34:50,27,29,6079,6929
2023-08-07 09:35:16,26,29,6079,6929
2023-08-07 09:35:18,27,29,6079,6929
2023-08-07 09:35:30,27,30,6079,6929
2023-08-07 09:35:30,27,29,6079,6929
2023-08-07 09:35:32,27,28,6079,6929
2023-08-07 09:35:32,26,28,6079,6929
2023-08-07 09:35:33,26,29,6079,7129
2023-08-07 09:35:34,26,28,6079,7129
2023-08-07 09:35:35,26,27,6079,7129
2023-08-07 09:35:36,26,28,6079,7129
2023-08-07 09:35:37,26,30,6179,7229
2023-08-07 09:35:38,27,30,6179,7229
2023-08-07 09:35:38,27,29,6179,7229
2023-08-07 09:35:41,27,28,6179,7229
2023-08-07 09:35:42,28,29,6279,7329
2023-08-07 09:35:42,28,31,6379,7429
2023-08-07 09:35:43,28,30,6379,7429
2023-08-07 09:35:44,28,29,6379,7429
2023-08-07 09:35:46,28,30,6479,7529
2023-08-07 09:35:47,28,29,6479,7529
2023-08-07 09:35:48,27,29,6579,7629
2023-08-07 09:35:50,27,29,6654,7704
2023-08-07 09:35:54,26,29,6654,7704
2023-08-07 09:35:55,26,28,6654,7704
2023-08-07 09:36:04,26,29,6654,7704
2023-08-07 09:36:05,26,28,6654,7704
2023-08-07 09:36:08,26,29,6654,7704
2023-08-07 09:36:14,27,29,6654,7704
2023-08-07 09:36:31,26,29,6654,7704
2023-08-07 09:36:32,27,29,6654,7704
2023-08-07 09:36:37,26,29,6654,7704
2023-08-07 09:36:39,26,28,6654,7704
2023-08-07 09:36:41,27,28,6654,7704
2023-08-07 09:36:43,26,28,6654,7704
2023-08-07 09:36:52,26,27,6654,7704
2023-08-07 09:36:53,25,27,6654,7704
2023-08-07 09:36:54,26,27,6654,7704
2023-08-07 09:36:55,26,28,6654,7704
2023-08-07 09:36:58,26,27,6654,7704
2023-08-07 09:36:58,25,27,6654,7704
2023-08-07 09:36:59,26,27,6654,7704
2023-08-07 09:37:02,25,27,6654,7704
2023-08-07 09:37:04,25,26,6654,7704
2023-08-07 09:37:08,24,26,6804,7854
2023-08-07 09:37:12,24,27,6804,7854
2023-08-07 09:37:12,25,27,6804,7854
2023-08-07 09:37:16,25,26,6804,7854
2023-08-07 09:37:17,25,27,6804,7854
2023-08-07 09:37:18,25,26,6804,7854
2023-08-07 09:37:21,24,26,6804,7854
2023-08-07 09:37:22,24,25,6804,7854
2023-08-07 09:37:27,24,26,6604,8054
2023-08-07 09:37:28,24,27,6604,8054
2023-08-07 09:37:28,25,27,6604,8054
2023-08-07 09:37:29,24,27,6604,8054
2023-08-07 09:37:35,24,26,6604,8054
2023-08-07 09:37:35,25,26,6604,8054
2023-08-07 09:37:36,24,26,6604,8054
2023-08-07 09:37:38,25,26,6604,8054
2023-08-07 09:37:39,24,26,6604,8054
2023-08-07 09:38:04,24,27,6604,8054
2023-08-07 09:38:05,24,26,6604,8054
2023-08-07 09:38:08,24,25,6604,8054
2023-08-07 09:38:09,24,26,6604,8054
2023-08-07 09:38:10,24,25,6604,8054
2023-08-07 09:38:12,24,26,6604,8054
2023-08-07 09:38:13,24,27,6604,8054
2023-08-07 09:38:14,24,26,6604,8054
2023-08-07 09:38:16,25,26,6604,8054
2023-08-07 09:38:16,25,26,6704,8154
2023-08-07 09:38:20,24,26,6704,8154
2023-08-07 09:38:24,24,25,6704,8154
2023-08-07 09:38:25,24,26,6704,8154
2023-08-07 09:38:26,25,26,6704,8154
2023-08-07 09:38:27,25,27,6704,8154
2023-08-07 09:38:28,25,26,6704,8154
2023-08-07 09:38:33,25,27,6704,8154
2023-08-07 09:38:34,25,26,6704,8154
2023-08-07 09:38:40,25,27,6704,8154
2023-08-07 09:38:41,25,28,6704,8154
2023-08-07 09:38:41,25,27,6704,8154
2023-08-07 09:38:43,25,26,6704,8154
2023-08-07 09:38:44,25,27,6704,8154
2023-08-07 09:38:47,25,28,6704,8154
2023-08-07 09:38:48,25,27,6704,8154
2023-08-07 09:38:49,25,28,6704,8154
2023-08-07 09:38:51,25,27,6704,8154
2023-08-07 09:38:53,25,28,6704,8154
2023-08-07 09:38:53,26,28,6704,8154
2023-08-07 09:38:54,26,27,6704,8154
2023-08-07 09:38:58,25,27,6779,8229
2023-08-07 09:39:02,24,27,6779,8229
2023-08-07 09:39:12,25,27,6779,8229
2023-08-07 09:39:23,24,27,6779,8229
2023-08-07 09:39:25,25,27,6779,8229
2023-08-07 09:39:36,25,28,6779,8229
2023-08-07 09:39:36,26,28,6779,8229
2023-08-07 09:39:37,25,28,6779,8229
2023-08-07 09:39:38,26,28,6779,8229
2023-08-07 09:39:39,26,27,6779,8229
2023-08-07 09:39:41,26,28,6779,8229
2023-08-07 09:39:43,26,30,6779,8229
2023-08-07 09:39:43,27,30,6779,8229
2023-08-07 09:39:44,27,29,6779,8229
2023-08-07 09:39:45,27,28,6779,8229
2023-08-07 09:39:47,27,29,6779,8229
2023-08-07 09:39:48,27,28,6779,8229
2023-08-07 09:39:50,26,28,6779,8229
2023-08-07 09:39:52,27,28,6779,8229
2023-08-07 09:39:54,27,29,6779,8229
2023-08-07 09:39:55,27,30,6779,8229
2023-08-07 09:39:55,27,31,6779,8229
2023-08-07 09:39:56,27,30,6779,8229
2023-08-07 09:39:58,28,30,6779,8229
2023-08-07 09:40:02,28,29,6779,8229
2023-08-07 09:40:03,28,30,6779,8229
2023-08-07 09:40:05,28,29,6779,8229
2023-08-07 09:40:07,28,30,6779,8229
2023-08-07 09:40:08,28,31,6779,8229
2023-08-07 09:40:10,28,30,6779,8229
2023-08-07 09:40:12,27,30,6779,8229
2023-08-07 09:40:13,27,29,6779,8229
2023-08-07 09:40:14,27,30,6779,8229
2023-08-07 09:40:20,28,30,6779,8229
2023-08-07 09:40:37,27,30,6779,8229
2023-08-07 09:40:40,27,29,6779,8229
2023-08-07 09:40:41,26,29,6779,8229
2023-08-07 09:40:42,26,30,6779,8229
2023-08-07 09:40:43,27,30,6779,8229
2023-08-07 09:40:44,27,29,6779,8229
2023-08-07 09:40:44,26,29,6779,8229
2023-08-07 09:40:45,26,28,6779,8229
2023-08-07 09:40:46,26,27,6779,8229
2023-08-07 09:40:48,26,28,6779,8229
2023-08-07 09:40:49,27,28,6779,8229
2023-08-07 09:40:50,27,30,6779,8229
2023-08-07 09:40:51,27,29,6779,8229
2023-08-07 09:40:51,26,29,6779,8229
2023-08-07 09:40:52,26,28,6779,8229
2023-08-07 09:40:54,27,28,6779,8229
2023-08-07 09:40:55,27,29,6779,8229
2023-08-07 09:40:57,27,28,6779,8229
2023-08-07 09:40:59,27,29,6779,8229
2023-08-07 09:41:10,28,29,6779,8229
2023-08-07 09:41:12,29,31,6879,8329
2023-08-07 09:41:12,29,32,6879,8329
2023-08-07 09:41:13,28,32,6879,8329
2023-08-07 09:41:13,28,31,6879,8329
2023-08-07 09:41:17,29,31,6879,8329
2023-08-07 09:41:22,30,31,6879,8329
2023-08-07 09:41:23,30,33,6879,8329
2023-08-07 09:41:24,30,32,6879,8329
2023-08-07 09:41:25,30,33,6879,8329
2023-08-07 09:41:26,30,32,6879,8329
2023-08-07 09:41:36,31,32,6879,8329
2023-08-07 09:41:48,30,32,6879,8329
2023-08-07 09:41:50,31,32,6879,8329
2023-08-07 09:41:52,31,34,6879,8329
2023-08-07 09:41:53,31,33,6879,8329
2023-08-07 09:42:05,31,34,6879,8329
2023-08-07 09:42:05,31,33,6879,8329
2023-08-07 09:42:05,31,34,6879,8329
2023-08-07 09:42:06,32,34,6879,8329
2023-08-07 09:42:06,32,33,6879,8329
2023-08-07 09:42:31,33,35,6979,8429
2023-08-07 09:43:30,32,35,6979,8429
2023-08-07 09:43:30,32,34,6979,8429
2023-08-07 09:43:48,33,34,6979,8429
2023-08-07 09:43:48,33,35,6979,8429
2023-08-07 09:43:59,34,35,6979,8429
2023-08-07 09:43:59,34,37,6979,8429
2023-08-07 09:43:59,34,36,6979,8429
2023-08-07 09:44:03,34,36,7099,8549
2023-08-07 09:44:04,33,36,7099,8549
2023-08-07 09:44:07,34,36,7099,8549
2023-08-07 09:44:07,35,36,7099,8549
2023-08-07 09:44:14,35,37,7099,8549
2023-08-07 09:44:26,35,36,7099,8549
2023-08-07 09:44:27,35,36,7199,8649
2023-08-07 09:44:28,35,37,7299,8749
2023-08-07 09:44:37,35,38,7299,8749
2023-08-07 09:45:06,35,37,7299,8749
2023-08-07 09:45:11,34,37,7299,8749
2023-08-07 09:45:16,35,37,7299,8749
2023-08-07 09:45:21,34,37,7299,8749
2023-08-07 09:45:26,34,36,7299,8749
2023-08-07 09:45:29,33,36,7299,8749
2023-08-07 09:45:36,34,36,7299,8749
2023-08-07 09:45:37,33,36,7299,8749
2023-08-07 09:45:37,35,36,7299,8749
2023-08-07 09:45:38,33,36,7299,8749
2023-08-07 09:45:41,34,36,7299,8749
2023-08-07 09:45:42,33,36,7299,8749
2023-08-07 09:45:49,34,36,7299,8749
2023-08-07 09:45:50,33,36,7299,8749
2023-08-07 09:45:54,33,35,7299,8749
2023-08-07 09:46:09,33,37,7299,8749
2023-08-07 09:46:09,33,36,7299,8749
2023-08-07 09:46:13,34,36,7299,8749
2023-08-07 09:46:14,33,36,7299,8749
2023-08-07 09:46:30,34,36,7299,8749
2023-08-07 09:46:31,33,36,7299,8749
2023-08-07 09:46:43,33,35,7299,8749
2023-08-07 09:47:21,33,37,7299,8749
2023-08-07 09:47:21,33,36,7299,8749
2023-08-07 09:48:15,34,36,7299,8749
2023-08-07 09:48:16,33,36,7299,8749
2023-08-07 09:48:24,33,37,7299,8749
2023-08-07 09:48:24,33,35,7299,8749
2023-08-07 09:48:55,33,38,7299,8749
2023-08-07 09:48:55,34,38,7299,8749
2023-08-07 09:48:55,34,36,7299,8749
2023-08-07 09:48:56,33,36,7299,8749
2023-08-07 09:49:01,34,36,7299,8749
2023-08-07 09:49:02,33,36,7299,8749
2023-08-07 09:49:02,34,36,7299,8749
2023-08-07 09:49:05,33,36,7299,8749
2023-08-07 09:49:42,34,36,7299,8749
2023-08-07 09:49:43,33,36,7299,8749
2023-08-07 09:49:44,34,36,7299,8749
2023-08-07 09:49:45,33,36,7299,8749
2023-08-07 09:50:18,33,38,7299,8749
2023-08-07 09:50:18,33,35,7299,8749
2023-08-07 09:50:20,34,35,7299,8749
2023-08-07 09:50:21,33,35,7299,8749
2023-08-07 09:50:23,33,38,7299,8749
2023-08-07 09:50:23,33,36,7299,8749
2023-08-07 09:50:28,33,38,7299,8749
2023-08-07 09:50:28,33,35,7299,8749
2023-08-07 09:51:02,33,37,7299,8749
2023-08-07 09:51:02,33,34,7299,8749
2023-08-07 09:51:06,33,37,7299,8749
2023-08-07 09:51:06,33,35,7299,8749
2023-08-07 09:51:16,33,37,7299,8749
2023-08-07 09:51:16,33,36,7299,8749
2023-08-07 09:51:16,33,37,7299,8749
2023-08-07 09:51:16,33,34,7299,8749
2023-08-07 09:52:01,31,33,7299,8750
2023-08-07 09:52:21,31,34,7299,8750
2023-08-07 09:52:21,30,34,7299,8750
2023-08-07 09:52:21,30,32,7299,8750
2023-08-07 09:52:29,30,35,7299,8750
2023-08-07 09:52:29,30,33,7299,8750
2023-08-07 09:52:30,31,33,7299,8750
2023-08-07 09:52:45,30,33,7299,8750
2023-08-07 09:52:48,30,34,7299,8750
2023-08-07 09:52:48,30,32,7299,8750
2023-08-07 09:53:02,29,32,7299,8750
2023-08-07 09:53:05,29,33,7299,8750
2023-08-07 09:53:05,29,31,7299,8750
2023-08-07 09:53:10,28,31,7299,8750
2023-08-07 09:53:14,28,30,7299,8750
2023-08-07 09:53:16,28,32,7299,8750
2023-08-07 09:53:16,28,31,7299,8750
2023-08-07 09:53:20,28,30,7299,8750
2023-08-07 09:53:30,28,32,7299,8750
2023-08-07 09:53:30,28,31,7299,8750
2023-08-07 09:53:31,29,31,7299,8750
2023-08-07 09:53:41,29,33,7299,8750
2023-08-07 09:53:41,29,32,7299,8750
2023-08-07 09:53:44,29,33,7299,8750
2023-08-07 09:53:44,29,31,7299,8750
2023-08-07 09:53:46,30,31,7299,8750
2023-08-07 09:53:47,29,31,7299,8750
2023-08-07 09:53:47,29,33,7299,8750
2023-08-07 09:53:47,29,32,7299,8750
2023-08-07 09:53:55,29,33,7299,8750
2023-08-07 09:53:55,29,31,7299,8750
2023-08-07 09:54:00,28,31,7299,8750
2023-08-07 09:54:13,29,31,7299,8750
2023-08-07 09:54:16,29,33,7299,8750
2023-08-07 09:54:16,29,32,7299,8750
2023-08-07 09:54:23,30,32,7299,8750
2023-08-07 09:54:31,29,32,7299,8750
2023-08-07 09:54:31,30,32,7299,8750
2023-08-07 09:54:37,30,33,7299,9040
2023-08-07 09:54:38,30,34,7299,9040
2023-08-07 09:54:38,31,34,7299,9040
2023-08-07 09:55:02,31,35,7299,9040
2023-08-07 09:55:11,31,34,7299,9040
2023-08-07 09:55:20,31,33,7299,9040
2023-08-07 09:55:27,31,34,7299,9040
2023-08-07 09:55:45,31,35,7299,9040
2023-08-07 09:55:48,31,34,7299,9040
2023-08-07 09:55:52,31,35,7299,9040
2023-08-07 09:55:53,31,34,7299,9040
2023-08-07 09:55:55,31,35,7299,9040
2023-08-07 09:55:58,31,34,7299,9040
2023-08-07 09:56:04,31,35,7299,9040
2023-08-07 09:56:05,31,34,7299,9040
2023-08-07 09:56:20,31,35,7299,9040
2023-08-07 09:56:21,32,35,7299,9040
2023-08-07 09:56:23,32,34,7299,9040
2023-08-07 09:56:23,31,34,7299,9040
2023-08-07 09:56:59,31,35,7299,9040
2023-08-07 09:57:04,32,35,7299,9040
2023-08-07 09:57:09,33,35,7299,9040
2023-08-07 09:57:15,33,36,7299,9040
2023-08-07 09:58:05,33,37,7299,9040
2023-08-07 09:58:05,33,36,7299,9040
2023-08-07 09:58:05,33,37,7299,9040
2023-08-07 09:58:06,33,36,7299,9040
2023-08-07 09:58:11,33,37,7299,9040
2023-08-07 09:58:11,33,36,7299,9040
2023-08-07 09:58:13,34,36,7299,9040
2023-08-07 09:58:13,34,37,7299,9040
2023-08-07 09:58:13,35,37,7299,9040
2023-08-07 09:58:13,35,37,7359,9100
2023-08-07 09:58:23,35,38,7359,9100
2023-08-07 09:58:23,35,38,7419,9160
2023-08-07 09:58:23,35,37,7419,9160
2023-08-07 09:58:23,35,37,7459,9200
2023-08-07 09:58:23,35,38,7459,9200
2023-08-07 09:58:24,35,37,7459,9200
2023-08-07 09:58:24,34,37,7459,9200
2023-08-07 09:58:25,34,38,7459,9200
2023-08-07 09:58:35,35,38,7459,9200
2023-08-07 09:58:43,35,37,7459,9200
2023-08-07 09:58:43,35,38,7459,9200
2023-08-07 09:58:52,35,37,7459,9200
2023-08-07 09:58:52,35,38,7459,9200
2023-08-07 09:59:27,36,38,7459,9200
2023-08-07 09:59:39,35,38,7459,9200
2023-08-07 09:59:42,36,38,7459,9200
2023-08-07 09:59:42,36,37,7459,9200
2023-08-07 09:59:42,36,38,7459,9200
2023-08-07 09:59:44,36,38,7519,9260
2023-08-07 09:59:45,35,38,7519,9260
2023-08-07 09:59:45,35,37,7519,9260
2023-08-07 10:00:06,35,38,7519,9260
2023-08-07 10:00:06,35,36,7519,9260
2023-08-07 10:00:09,35,38,7519,9260
2023-08-07 10:00:09,35,37,7519,9260
2023-08-07 10:00:47,35,36,7519,9260
2023-08-07 10:01:22,35,38,7530,9273
2023-08-07 10:01:31,35,40,7530,9273
2023-08-07 10:01:31,35,39,7530,9273
2023-08-07 10:01:31,35,37,7530,9273
2023-08-07 10:02:03,34,37,7530,9273
2023-08-07 10:02:03,35,37,7530,9273
2023-08-07 10:02:04,34,37,7530,9273
2023-08-07 10:02:10,35,37,7530,9273
2023-08-07 10:02:11,34,37,7530,9273
2023-08-07 10:02:13,35,37,7530,9273
2023-08-07 10:02:14,34,37,7530,9273
2023-08-07 10:02:15,35,37,7530,9273
2023-08-07 10:02:16,34,37,7530,9273
2023-08-07 10:02:17,35,37,7530,9273
2023-08-07 10:02:18,34,37,7530,9273
2023-08-07 10:02:20,35,37,7530,9273
2023-08-07 10:02:21,34,37,7530,9273
2023-08-07 10:02:22,35,37,7530,9273
2023-08-07 10:02:23,34,37,7530,9273
2023-08-07 10:02:27,35,37,7530,9273
2023-08-07 10:02:28,34,37,7530,9273
2023-08-07 10:02:29,35,37,7530,9273
2023-08-07 10:02:30,34,37,7530,9273
2023-08-07 10:02:31,35,37,7530,9273
2023-08-07 10:02:32,34,37,7530,9273
2023-08-07 10:02:33,35,37,7530,9273
2023-08-07 10:02:34,34,37,7530,9273
2023-08-07 10:02:34,36,37,7530,9273
2023-08-07 10:02:35,34,37,7530,9273
2023-08-07 10:02:36,35,37,7530,9273
2023-08-07 10:02:37,34,37,7530,9273
2023-08-07 10:02:38,35,37,7530,9273
2023-08-07 10:02:39,34,37,7530,9273
2023-08-07 10:02:40,35,37,7530,9273
2023-08-07 10:02:41,34,37,7530,9273
2023-08-07 10:02:42,35,37,7530,9273
2023-08-07 10:02:43,34,37,7530,9273
2023-08-07 10:02:45,35,37,7530,9273
2023-08-07 10:02:46,34,37,7530,9273
2023-08-07 10:02:48,35,37,7530,9273
2023-08-07 10:02:49,34,37,7530,9273
2023-08-07 10:02:50,35,37,7530,9273
2023-08-07 10:02:51,34,37,7530,9273
2023-08-07 10:02:51,36,37,7530,9273
2023-08-07 10:02:52,34,37,7530,9273
2023-08-07 10:02:53,35,37,7530,9273
2023-08-07 10:02:54,34,37,7530,9273
2023-08-07 10:02:55,35,37,7530,9273
2023-08-07 10:02:56,34,37,7530,9273
2023-08-07 10:02:57,34,40,7530,9273
2023-08-07 10:02:57,34,36,7530,9273
2023-08-07 10:02:58,35,36,7530,9273
2023-08-07 10:02:59,34,36,7530,9273
2023-08-07 10:03:00,35,36,7530,9273
2023-08-07 10:03:01,34,36,7530,9273
2023-08-07 10:03:02,35,36,7530,9273
2023-08-07 10:03:03,34,36,7530,9273
2023-08-07 10:03:06,35,36,7530,9273
2023-08-07 10:03:07,34,36,7530,9273
2023-08-07 10:03:07,34,40,7472,9331
2023-08-07 10:03:08,35,40,7472,9331
2023-08-07 10:03:09,34,40,7472,9331
2023-08-07 10:03:10,34,39,7472,9331
2023-08-07 10:03:11,35,39,7472,9331
2023-08-07 10:03:12,34,39,7472,9331
2023-08-07 10:03:19,35,39,7472,9331
2023-08-07 10:03:20,34,39,7472,9331
2023-08-07 10:03:21,35,39,7472,9331
2023-08-07 10:03:22,34,39,7472,9331
2023-08-07 10:03:22,36,39,7472,9331
2023-08-07 10:03:23,34,39,7472,9331
2023-08-07 10:03:24,35,39,7472,9331
2023-08-07 10:03:25,34,39,7472,9331
2023-08-07 10:03:26,35,39,7472,9331
2023-08-07 10:03:27,34,39,7472,9331
2023-08-07 10:03:28,35,39,7472,9331
2023-08-07 10:03:29,34,39,7472,9331
2023-08-07 10:03:32,35,39,7472,9331
2023-08-07 10:03:33,34,39,7472,9331
2023-08-07 10:03:34,35,39,7472,9331
2023-08-07 10:03:35,34,39,7472,9331
2023-08-07 10:03:36,35,39,7472,9331
2023-08-07 10:03:37,34,39,7472,9331
2023-08-07 10:03:52,34,40,7472,9331
2023-08-07 10:03:52,34,39,7472,9331
2023-08-07 10:03:52,35,39,7472,9331
2023-08-07 10:03:53,34,39,7472,9331
2023-08-07 10:03:54,35,39,7472,9331
2023-08-07 10:03:55,34,39,7472,9331
2023-08-07 10:03:55,35,39,7472,9331
2023-08-07 10:03:57,35,40,7472,9331
2023-08-07 10:03:59,36,40,7472,9331
2023-08-07 10:04:00,35,40,7472,9331
2023-08-07 10:04:01,35,39,7472,9331
2023-08-07 10:04:06,35,40,7472,9331
2023-08-07 10:04:09,35,39,7472,9331
2023-08-07 10:04:10,35,40,7472,9331
2023-08-07 10:04:11,35,39,7472,9331
2023-08-07 10:04:12,35,40,7472,9331
2023-08-07 10:04:17,35,39,7472,9331
2023-08-07 10:04:17,36,39,7472,9331
2023-08-07 10:04:17,36,40,7472,9331
2023-08-07 10:04:17,36,39,7472,9331
2023-08-07 10:04:18,35,39,7472,9331
2023-08-07 10:04:19,36,39,7472,9331
2023-08-07 10:04:20,35,39,7472,9331
2023-08-07 10:04:30,35,40,7472,9331
2023-08-07 10:04:30,35,39,7472,9331
2023-08-07 10:04:35,35,40,7472,9331
2023-08-07 10:04:38,35,39,7472,9331
2023-08-07 10:04:39,35,40,7472,9331
2023-08-07 10:04:41,35,39,7472,9331
2023-08-07 10:04:50,35,40,7472,9331
2023-08-07 10:04:57,35,40,7472,9331
2023-08-07 10:04:57,35,39,7472,9331
2023-08-07 10:04:58,35,40,7472,9331
2023-08-07 10:04:59,35,39,7472,9331
2023-08-07 10:05:00,35,40,7472,9331
2023-08-07 10:05:00,35,39,7472,9331
2023-08-07 10:05:16,36,39,7472,9331
2023-08-07 10:05:22,36,40,7472,9331
2023-08-07 10:05:23,36,39,7472,9331
2023-08-07 10:05:28,36,40,7472,9331
2023-08-07 10:05:31,36,39,7472,9331
2023-08-07 10:05:32,36,40,7472,9331
2023-08-07 10:05:34,36,39,7472,9331
2023-08-07 10:05:35,36,40,7472,9331
2023-08-07 10:05:38,36,39,7472,9331
2023-08-07 10:05:39,36,40,7472,9331
2023-08-07 10:05:39,36,39,7472,9331
2023-08-07 10:05:42,36,40,7472,9331
2023-08-07 10:05:42,36,39,7472,9331
2023-08-07 10:05:47,36,40,7472,9331
2023-08-07 10:05:50,36,39,7472,9331
2023-08-07 10:05:59,36,40,7472,9331
2023-08-07 10:06:04,36,39,7472,9331
2023-08-07 10:06:05,36,40,7472,9331
2023-08-07 10:06:09,36,39,7472,9331
2023-08-07 10:06:10,36,40,7472,9331
2023-08-07 10:06:17,36,39,7472,9331
2023-08-07 10:06:20,36,40,7472,9331
2023-08-07 10:07:08,36,39,7472,9331
2023-08-07 10:07:18,36,38,7472,9331
2023-08-07 10:07:18,35,38,7472,9331
2023-08-07 10:07:20,35,39,7472,9331
2023-08-07 10:07:20,35,38,7472,9331
2023-08-07 10:07:39,35,37,7472,9331
2023-08-07 10:07:50,34,37,7472,9331
2023-08-07 10:07:51,34,36,7472,9331
2023-08-07 10:07:53,34,35,7472,9331
2023-08-07 10:08:03,33,35,7472,9331
2023-08-07 10:08:04,33,34,7472,9331
2023-08-07 10:08:10,32,34,7472,9331
2023-08-07 10:08:25,32,33,7472,9331
2023-08-07 10:08:26,32,34,7472,9331
2023-08-07 10:08:29,32,33,7472,9331
2023-08-07 10:08:30,32,34,7472,9331
2023-08-07 10:08:47,32,33,7472,9331
2023-08-07 10:08:54,31,33,7472,9731
2023-08-07 10:09:11,32,33,7472,9731
2023-08-07 10:09:16,31,33,7472,9731
2023-08-07 10:09:22,32,33,7472,9731
2023-08-07 10:09:26,31,33,7472,9731
2023-08-07 10:09:30,32,33,7472,9731
2023-08-07 10:09:34,31,33,7472,9731
2023-08-07 10:09:51,31,32,7472,9731
2023-08-07 10:09:57,30,32,7472,9731
2023-08-07 10:10:01,29,32,7472,9731
2023-08-07 10:10:02,29,31,7472,9731
2023-08-07 10:10:11,29,32,7472,9731
2023-08-07 10:10:36,30,32,7472,9731
2023-08-07 10:10:45,30,33,7472,9731
2023-08-07 10:10:51,30,32,7472,9731
2023-08-07 10:10:52,30,33,7472,9731
2023-08-07 10:11:35,31,33,7472,9731
2023-08-07 10:11:35,31,34,7472,9731
2023-08-07 10:11:40,31,33,7472,9731
2023-08-07 10:11:42,30,33,7472,9731
2023-08-07 10:11:57,31,33,7472,9731
2023-08-07 10:11:57,31,34,7472,9731
2023-08-07 10:12:33,31,33,7472,9731
2023-08-07 10:12:34,30,33,7472,9731
2023-08-07 10:12:39,30,34,7472,9731
2023-08-07 10:12:52,30,33,7472,9731
2023-08-07 10:12:55,31,33,7472,9731
2023-08-07 10:12:55,31,34,7472,9731
2023-08-07 10:13:02,31,35,7472,9731
2023-08-07 10:13:03,32,35,7472,9731
2023-08-07 10:13:14,32,34,7472,9731
2023-08-07 10:13:16,32,35,7472,9731
2023-08-07 10:13:23,32,36,7472,9731
2023-08-07 10:13:25,33,36,7472,9731
2023-08-07 10:14:10,33,35,7472,9731
2023-08-07 10:14:14,32,35,7472,9731
2023-08-07 10:14:16,32,34,7472,9731
2023-08-07 10:14:31,32,35,7472,9731
2023-08-07 10:14:45,32,34,7472,9731
2023-08-07 10:15:02,31,34,7472,9731
2023-08-07 10:15:08,31,33,7472,9731
2023-08-07 10:15:10,31,34,7472,9731
2023-08-07 10:15:15,31,33,7472,9731
2023-08-07 10:15:24,30,33,7472,9731
2023-08-07 10:15:26,30,32,7472,9731
2023-08-07 10:15:29,30,33,7472,9731
2023-08-07 10:15:34,31,33,7472,9731
2023-08-07 10:15:35,31,34,7472,9731
2023-08-07 10:15:44,31,33,7472,9731
2023-08-07 10:15:44,30,33,7472,9731
2023-08-07 10:15:46,30,32,7472,9731
2023-08-07 10:15:47,30,33,7472,9731
2023-08-07 10:15:48,30,32,7472,9731
2023-08-07 10:15:48,29,32,7472,9731
2023-08-07 10:15:55,29,33,7472,9731
2023-08-07 10:15:58,30,33,7472,9731
2023-08-07 10:16:03,30,32,7472,9731
2023-08-07 10:16:03,29,32,7472,9731
2023-08-07 10:16:05,29,31,7472,9731
2023-08-07 10:16:06,29,30,7472,9731
2023-08-07 10:16:08,28,30,7472,9731
2023-08-07 10:16:13,28,31,7472,9731
2023-08-07 10:16:15,28,30,7472,9731
2023-08-07 10:16:20,28,29,7472,9731
2023-08-07 10:16:21,27,28,7472,9806
2023-08-07 10:16:22,27,29,7472,9806
2023-08-07 10:16:23,27,28,7472,9806
2023-08-07 10:16:23,26,28,7472,9806
2023-08-07 10:16:26,27,28,7472,9806
2023-08-07 10:16:28,27,29,7472,9806
2023-08-07 10:16:37,27,28,7472,9806
2023-08-07 10:16:37,26,28,7472,9806
2023-08-07 10:16:53,26,29,7472,9806
2023-08-07 10:16:54,27,29,7472,9806
2023-08-07 10:16:59,26,29,7472,9806
2023-08-07 10:17:02,27,29,7472,9806
2023-08-07 10:17:06,26,29,7472,9806
2023-08-07 10:17:07,27,29,7472,9806
2023-08-07 10:17:09,26,29,7547,9881
2023-08-07 10:17:28,27,29,7547,9881
2023-08-07 10:17:41,27,30,7547,9881
2023-08-07 10:17:41,28,30,7547,9881
2023-08-07 10:17:47,27,30,7547,9881
2023-08-07 10:17:48,27,29,7547,9881
2023-08-07 10:18:21,27,30,7547,9881
2023-08-07 10:18:32,28,30,7547,9881
2023-08-07 10:18:37,28,31,7547,9881
2023-08-07 10:18:38,28,30,7547,9881
2023-08-07 10:18:41,28,31,7547,9881
2023-08-07 10:18:55,28,30,7547,9881
2023-08-07 10:19:01,28,31,7547,9881
2023-08-07 10:19:04,28,30,7547,9881
2023-08-07 10:19:07,28,31,7547,9881
2023-08-07 10:19:12,28,30,7547,9881
2023-08-07 10:19:17,28,31,7547,9881
2023-08-07 10:19:18,28,30,7547,9881
2023-08-07 10:19:25,28,29,7547,9881
2023-08-07 10:19:25,27,29,7547,9881
2023-08-07 10:19:35,27,28,7547,9881
2023-08-07 10:19:38,26,28,7547,9881
2023-08-07 10:20:01,26,27,7547,9881
2023-08-07 10:20:02,25,27,7547,9881
2023-08-07 10:20:02,26,27,7547,9881
2023-08-07 10:20:35,26,28,7547,9881
2023-08-07 10:20:37,26,29,7547,9881
2023-08-07 10:20:41,27,29,7547,9881
2023-08-07 10:20:42,27,30,7547,9881
2023-08-07 10:20:51,28,30,7547,9881
2023-08-07 10:21:25,28,29,7547,9881
2023-08-07 10:21:31,27,29,7547,9881
2023-08-07 10:21:55,26,29,7547,9881
2023-08-07 10:21:55,27,29,7547,9881
2023-08-07 10:21:57,27,28,7547,9881
2023-08-07 10:21:58,27,29,7547,9881
2023-08-07 10:22:00,27,28,7547,9881
2023-08-07 10:22:02,27,29,7547,9881
2023-08-07 10:22:07,27,28,7547,9881
2023-08-07 10:22:11,27,29,7547,9881
2023-08-07 10:22:31,27,28,7547,9881
2023-08-07 10:22:46,27,29,7547,9881
2023-08-07 10:22:49,27,28,7547,9881
2023-08-07 10:22:50,27,29,7547,9881
2023-08-07 10:22:56,27,29,7547,9887
2023-08-07 10:22:57,27,28,7547,9887
2023-08-07 10:24:28,26,27,7547,9962
2023-08-07 10:24:29,26,28,7547,9962
2023-08-07 10:24:32,26,27,7547,9962
2023-08-07 10:24:37,25,27,7547,9962
2023-08-07 10:24:42,25,26,7547,9962
2023-08-07 10:24:46,24,26,7547,9962
2023-08-07 10:24:56,24,25,7547,9962
2023-08-07 10:25:07,24,26,7547,9962
2023-08-07 10:25:08,24,25,7547,9962
2023-08-07 10:25:13,23,25,7537,10162
2023-08-07 10:26:08,23,26,7537,10162
2023-08-07 10:26:09,24,26,7537,10162
2023-08-07 10:26:10,23,26,7537,10162
2023-08-07 10:26:22,23,25,7537,10162
2023-08-07 10:26:23,23,26,7537,10162
2023-08-07 10:26:24,23,25,7537,10162
2023-08-07 10:26:36,23,26,7537,10162
2023-08-07 10:26:39,23,25,7537,10162
2023-08-07 10:26:49,23,24,7537,10162
2023-08-07 10:26:50,23,25,7537,10162
2023-08-07 10:26:51,23,24,7537,10162
2023-08-07 10:26:56,23,25,7537,10162
2023-08-07 10:27:02,23,26,7537,10162
2023-08-07 10:27:08,23,24,7537,10162
2023-08-07 10:27:12,23,26,7537,10162
2023-08-07 10:27:16,24,26,7537,10162
2023-08-07 10:27:17,24,27,7537,10162
2023-08-07 10:27:21,24,26,7537,10162
2023-08-07 10:27:24,24,27,7537,10162
2023-08-07 10:27:24,25,27,7537,10162
2023-08-07 10:27:25,24,27,7537,10162
2023-08-07 10:27:25,25,27,7537,10162
2023-08-07 10:27:26,25,28,7537,10162
2023-08-07 10:27:34,26,28,7537,10162
2023-08-07 10:28:12,25,28,7537,10162
2023-08-07 10:28:12,26,28,7537,10162
2023-08-07 10:28:13,25,28,7537,10162
2023-08-07 10:28:21,25,27,7537,10162
2023-08-07 10:28:23,26,27,7537,10162
2023-08-07 10:28:24,25,27,7537,10162
2023-08-07 10:28:26,25,28,7537,10162
2023-08-07 10:28:35,26,28,7537,10162
2023-08-07 10:28:56,26,27,7537,10162
2023-08-07 10:29:14,26,28,7537,10162
2023-08-07 10:29:17,26,27,7537,10162
2023-08-07 10:29:20,26,28,7537,10162
2023-08-07 10:29:50,25,26,7537,10237
2023-08-07 10:29:51,24,26,7537,10237
2023-08-07 10:30:04,24,25,7537,10237
2023-08-07 10:30:04,23,25,7537,10237
2023-08-07 10:30:04,24,25,7537,10237
2023-08-07 10:30:05,24,26,7537,10237
2023-08-07 10:30:17,24,27,7537,10237
2023-08-07 10:30:21,25,27,7537,10237
2023-08-07 10:30:27,25,28,7537,10237
2023-08-07 10:30:29,26,28,7537,10237
2023-08-07 10:30:48,27,28,7537,10237
2023-08-07 10:30:54,27,30,7537,10237
2023-08-07 10:30:55,27,31,7537,10237
2023-08-07 10:30:55,28,31,7537,10237
2023-08-07 10:30:55,28,30,7537,10237
2023-08-07 10:30:56,28,31,7537,10237
2023-08-07 10:30:57,28,30,7537,10237
2023-08-07 10:30:57,28,31,7537,10237
2023-08-07 10:31:18,28,30,7537,10237
2023-08-07 10:31:19,27,30,7537,10237
2023-08-07 10:31:29,27,31,7537,10237
2023-08-07 10:31:29,28,31,7537,10237
2023-08-07 10:31:37,28,30,7537,10237
2023-08-07 10:31:37,28,31,7537,10237
2023-08-07 10:31:49,28,30,7537,10237
2023-08-07 10:31:49,28,31,7537,10237
2023-08-07 10:31:58,28,30,7537,10237
2023-08-07 10:32:00,27,30,7537,10237
2023-08-07 10:32:04,28,30,7537,10237
2023-08-07 10:32:06,27,30,7537,10237
2023-08-07 10:32:13,28,30,7537,10237
2023-08-07 10:32:15,28,31,7537,10237
2023-08-07 10:32:18,29,31,7537,10237
2023-08-07 10:32:21,28,31,7537,10237
2023-08-07 10:32:27,28,30,7537,10237
2023-08-07 10:32:29,27,30,7537,10237
2023-08-07 10:32:35,27,29,7537,10237
2023-08-07 10:33:18,27,30,7537,10237
2023-08-07 10:33:40,27,29,7537,10237
2023-08-07 10:33:41,27,30,7537,10237
2023-08-07 10:33:44,28,30,7537,10237
2023-08-07 10:33:47,28,31,7537,10237
2023-08-07 10:33:51,28,30,7537,10237
2023-08-07 10:33:53,28,31,7537,10237
2023-08-07 10:33:57,29,31,7537,10237
2023-08-07 10:34:07,28,31,7537,10237
2023-08-07 10:34:21,29,31,7537,10237
2023-08-07 10:34:24,29,32,7537,10237
2023-08-07 10:34:34,30,32,7537,10237
2023-08-07 10:34:41,29,32,7537,10237
2023-08-07 10:34:42,29,31,7537,10237
2023-08-07 10:34:48,28,31,7537,10237
2023-08-07 10:34:51,28,30,7537,10237
2023-08-07 10:35:38,28,29,7537,10237
2023-08-07 10:35:39,27,29,7537,10237
2023-08-07 10:35:41,27,28,7537,10237
2023-08-07 10:35:41,26,28,7537,10237
2023-08-07 10:35:41,27,28,7537,10237
2023-08-07 10:35:45,26,28,7537,10237
2023-08-07 10:36:00,26,27,7537,10237
2023-08-07 10:36:00,25,27,7537,10237
2023-08-07 10:36:03,25,26,7537,10237
2023-08-07 10:36:03,24,26,7537,10237
2023-08-07 10:36:05,25,26,7537,10237
2023-08-07 10:36:17,25,27,7537,10237
2023-08-07 10:36:18,25,26,7537,10237
2023-08-07 10:36:20,24,25,7537,10312
2023-08-07 10:36:20,23,25,7537,10312
2023-08-07 10:36:48,23,24,7537,10312
2023-08-07 10:36:59,22,24,7537,10512
2023-08-07 10:37:01,22,23,7537,10512
2023-08-07 10:37:06,22,25,7537,10512
2023-08-07 10:37:06,22,24,7537,10512
2023-08-07 10:37:24,23,24,7537,10512
2023-08-07 10:37:25,22,24,7537,10512
2023-08-07 10:37:25,23,24,7537,10512
2023-08-07 10:37:26,23,26,7537,10512
2023-08-07 10:37:26,23,25,7537,10512
2023-08-07 10:38:01,22,25,7537,10512
2023-08-07 10:38:01,23,25,7537,10512
2023-08-07 10:38:09,23,24,7537,10512
2023-08-07 10:38:10,22,24,7537,10512
2023-08-07 10:38:27,22,26,7537,10512
2023-08-07 10:38:27,22,25,7537,10512
2023-08-07 10:38:28,23,25,7537,10512
2023-08-07 10:38:41,23,24,7537,10512
2023-08-07 10:38:43,23,26,7537,10512
2023-08-07 10:38:43,23,25,7537,10512
2023-08-07 10:38:47,24,25,7537,10512
2023-08-07 10:38:48,23,25,7537,10512
2023-08-07 10:39:33,23,27,7537,10512
2023-08-07 10:39:33,23,26,7537,10512
2023-08-07 10:39:40,24,26,7537,10512
2023-08-07 10:39:41,23,26,7537,10512
2023-08-07 10:39:46,23,25,7537,10512
2023-08-07 10:40:30,23,24,7537,10512
2023-08-07 10:40:40,22,24,7537,10512
2023-08-07 10:40:40,22,23,7537,10512
2023-08-07 10:40:46,22,25,7537,10512
2023-08-07 10:40:46,22,24,7537,10512
2023-08-07 10:40:58,22,25,7537,10512
2023-08-07 10:40:58,22,23,7537,10512
2023-08-07 10:41:09,22,23,7537,10515
2023-08-07 10:41:29,22,25,7537,10515
2023-08-07 10:41:29,22,24,7537,10515
2023-08-07 10:41:35,22,23,7537,10515
2023-08-07 10:41:46,21,22,7537,10615
2023-08-07 10:42:16,21,24,7537,10615
2023-08-07 10:42:16,21,23,7537,10615
2023-08-07 10:42:21,22,23,7537,10615
2023-08-07 10:42:22,21,23,7537,10615
2023-08-07 10:42:25,22,23,7537,10615
2023-08-07 10:42:26,21,23,7537,10615
2023-08-07 10:42:26,22,23,7537,10615
2023-08-07 10:42:27,22,25,7537,10615
2023-08-07 10:42:27,22,24,7537,10615
2023-08-07 10:42:29,22,23,7537,10615
2023-08-07 10:42:37,22,25,7537,10615
2023-08-07 10:42:37,22,24,7537,10615
2023-08-07 10:42:38,23,24,7537,10615
2023-08-07 10:42:39,22,24,7537,10615
2023-08-07 10:42:40,23,24,7537,10615
2023-08-07 10:42:50,23,26,7537,10615
2023-08-07 10:42:50,23,25,7537,10615
2023-08-07 10:42:52,23,27,7537,10615
2023-08-07 10:42:52,23,26,7537,10615
2023-08-07 10:42:53,24,26,7537,10615
2023-08-07 10:42:56,25,26,7537,10615
2023-08-07 10:42:57,24,26,7537,10615
2023-08-07 10:43:07,24,28,7537,10615
2023-08-07 10:43:07,24,27,7537,10615
2023-08-07 10:43:07,25,27,7537,10615
2023-08-07 10:43:16,25,28,7537,10615
2023-08-07 10:43:26,25,27,7537,10615
2023-08-07 10:43:27,25,29,7537,10615
2023-08-07 10:43:27,25,28,7537,10615
2023-08-07 10:43:28,26,28,7537,10615
2023-08-07 10:43:29,25,28,7537,10615
2023-08-07 10:43:32,26,28,7537,10615
2023-08-07 10:43:38,25,28,7537,10615
2023-08-07 10:43:39,25,27,7537,10615
2023-08-07 10:43:44,25,28,7537,10615
2023-08-07 10:43:49,25,27,7537,10615
2023-08-07 10:43:58,24,27,7537,10615
2023-08-07 10:43:58,25,27,7537,10615
2023-08-07 10:44:07,26,27,7537,10615
2023-08-07 10:44:08,25,27,7537,10615
2023-08-07 10:44:09,26,27,7537,10615
2023-08-07 10:44:10,25,27,7537,10615
2023-08-07 10:44:11,26,27,7537,10615
2023-08-07 10:44:12,25,27,7537,10615
2023-08-07 10:44:15,25,28,7537,10615
2023-08-07 10:44:18,26,28,7537,10615
2023-08-07 10:44:18,26,27,7537,10615
2023-08-07 10:44:19,25,27,7537,10615
2023-08-07 10:44:20,26,27,7537,10615
2023-08-07 10:44:21,25,27,7537,10615
2023-08-07 10:44:21,25,27,7537,10621
2023-08-07 10:44:21,24,27,7537,10621
2023-08-07 10:44:21,25,27,7537,10621
2023-08-07 10:44:31,25,28,7537,10621
2023-08-07 10:44:33,26,28,7537,10621
2023-08-07 10:44:36,26,30,7537,10621
2023-08-07 10:44:36,27,30,7537,10621
2023-08-07 10:44:36,27,29,7537,10621
2023-08-07 10:44:37,26,29,7537,10621
2023-08-07 10:44:38,27,29,7537,10621
2023-08-07 10:44:43,27,30,7537,10621
2023-08-07 10:44:46,28,30,7537,10621
2023-08-07 10:45:01,28,31,7537,10621
2023-08-07 10:45:04,28,30,7537,10621
2023-08-07 10:45:10,28,31,7537,10621
2023-08-07 10:45:16,29,31,7537,10621
2023-08-07 10:45:22,28,31,7537,10621
2023-08-07 10:45:25,29,31,7537,10621
2023-08-07 10:45:30,28,31,7537,10621
2023-08-07 10:45:32,28,32,7537,10621
2023-08-07 10:45:32,28,30,7537,10621
2023-08-07 10:45:38,28,29,7537,10621
2023-08-07 10:46:01,28,32,7537,10621
2023-08-07 10:46:01,28,30,7537,10621
2023-08-07 10:46:41,29,30,7537,10621
2023-08-07 10:46:42,28,30,7537,10621
2023-08-07 10:46:49,28,31,7537,10621
2023-08-07 10:46:49,28,29,7537,10621
2023-08-07 10:46:54,27,29,7537,10621
2023-08-07 10:47:05,27,31,7537,10621
2023-08-07 10:47:05,27,30,7537,10621
2023-08-07 10:47:09,27,31,7537,10621
2023-08-07 10:47:09,27,29,7537,10621
2023-08-07 10:47:13,27,28,7537,10621
2023-08-07 10:47:13,26,28,7537,10621
2023-08-07 10:47:19,26,29,7537,10621
2023-08-07 10:47:24,27,29,7537,10621
2023-08-07 10:47:29,28,29,7537,10621
2023-08-07 10:47:33,28,30,7537,10621
2023-08-07 10:47:43,28,31,7537,10621
2023-08-07 10:48:00,29,31,7537,10621
2023-08-07 10:48:01,28,31,7537,10621
2023-08-07 10:48:07,29,31,7537,10621
2023-08-07 10:48:07,29,30,7537,10621
2023-08-07 10:48:12,28,30,7537,10621
2023-08-07 10:49:08,28,29,7537,10621
2023-08-07 10:49:10,28,30,7537,10621
2023-08-07 10:49:21,28,29,7537,10621
2023-08-07 10:49:22,26,29,7537,10621
2023-08-07 10:49:25,27,29,7537,10621
2023-08-07 10:49:27,26,29,7537,10621
2023-08-07 10:49:31,26,28,7537,10621
2023-08-07 10:50:05,26,27,7537,10621
2023-08-07 10:50:07,26,29,7537,10621
2023-08-07 10:50:09,27,29,7537,10621
2023-08-07 10:50:09,27,30,7537,10621
2023-08-07 10:50:09,27,29,7537,10621
2023-08-07 10:50:09,27,30,7537,10621
2023-08-07 10:50:10,28,30,7537,10621
2023-08-07 10:50:34,29,30,7537,10621
2023-08-07 10:51:03,28,30,7537,10621
2023-08-07 10:51:06,29,30,7537,10621
2023-08-07 10:51:21,28,30,7537,10621
2023-08-07 10:51:26,29,30,7537,10621
2023-08-07 10:51:32,29,32,7641,10821
2023-08-07 10:51:34,30,32,7641,10821
2023-08-07 10:51:44,30,33,7641,10821
2023-08-07 10:51:44,30,34,7641,10821
2023-08-07 10:51:44,30,33,7641,10821
2023-08-07 10:51:48,31,33,7641,10821
2023-08-07 10:51:53,31,34,7641,10821
2023-08-07 10:51:54,30,34,7641,10821
2023-08-07 10:51:54,30,33,7641,10821
2023-08-07 10:51:55,30,34,7641,10821
2023-08-07 10:51:56,31,34,7641,10821
2023-08-07 10:52:02,32,34,7641,10821
2023-08-07 10:52:02,32,36,7641,10821
2023-08-07 10:52:02,32,35,7641,10821
2023-08-07 10:52:16,32,36,7641,10821
2023-08-07 10:52:16,33,36,7641,10821
2023-08-07 10:52:16,33,35,7641,10821
2023-08-07 10:52:28,33,36,7641,10821
2023-08-07 10:52:30,32,35,7641,10821
2023-08-07 10:52:30,33,35,7641,10821
2023-08-07 10:52:39,32,35,7641,10821
2023-08-07 10:52:40,32,34,7641,10821
2023-08-07 10:52:41,32,33,7641,10821
2023-08-07 10:52:41,32,34,7641,10821
2023-08-07 10:52:42,32,34,7641,10821
2023-08-07 10:52:43,31,34,7641,10821
2023-08-07 10:52:45,31,33,7641,10821
2023-08-07 10:52:48,31,34,7641,10821
2023-08-07 10:52:51,31,33,7641,10821
2023-08-07 10:52:52,31,34,7641,10821
2023-08-07 10:52:53,31,33,7641,10821
2023-08-07 10:52:58,31,34,7641,10821
2023-08-07 10:53:04,31,33,7641,10821
2023-08-07 10:53:08,30,33,7641,10821
2023-08-07 10:53:19,30,34,7641,10821
2023-08-07 10:53:19,31,34,7641,10821
2023-08-07 10:53:27,32,34,7641,10821
2023-08-07 10:53:31,32,36,7641,10821
2023-08-07 10:53:31,32,35,7641,10821
2023-08-07 10:53:33,32,34,7641,10821
2023-08-07 10:53:34,31,34,7641,10821
2023-08-07 10:53:51,31,36,7641,10821
2023-08-07 10:53:51,32,36,7641,10821
2023-08-07 10:53:51,32,35,7641,10821
2023-08-07 10:54:09,31,35,7641,10821
2023-08-07 10:54:09,31,34,7641,10821
2023-08-07 10:54:11,32,34,7641,10821
2023-08-07 10:54:15,32,35,7641,10821
2023-08-07 10:54:18,32,34,7641,10821
2023-08-07 10:54:18,32,35,7641,10821
2023-08-07 10:54:24,32,34,7641,10821
2023-08-07 10:54:25,32,35,7641,10821
2023-08-07 10:54:28,32,34,7641,10821
2023-08-07 10:54:29,31,34,7641,10821
2023-08-07 10:54:30,32,34,7641,10821
2023-08-07 10:54:32,32,36,7641,10821
2023-08-07 10:54:32,32,35,7641,10821
2023-08-07 10:54:51,33,35,7641,10821
2023-08-07 10:54:51,33,36,7641,10821
2023-08-07 10:54:51,33,35,7641,10821
2023-08-07 10:54:54,33,36,7641,10821
2023-08-07 10:54:54,33,35,7641,10821
2023-08-07 10:55:01,32,35,7641,10821
2023-08-07 10:55:21,33,35,7641,10821
2023-08-07 10:55:28,34,35,7641,10821
2023-08-07 10:55:51,34,35,7741,10921
2023-08-07 10:55:51,34,37,7741,10921
2023-08-07 10:55:51,34,36,7741,10921
2023-08-07 10:55:52,33,36,7741,10921
2023-08-07 10:56:02,32,36,7741,10921
2023-08-07 10:56:03,32,35,7741,10921
2023-08-07 10:56:04,32,34,7741,10921
2023-08-07 10:56:06,32,35,7741,10921
2023-08-07 10:56:07,32,34,7741,10921
2023-08-07 10:56:09,31,34,7741,10921
2023-08-07 10:56:09,31,35,7741,10921
2023-08-07 10:56:09,31,34,7741,10921
2023-08-07 10:56:24,31,33,7741,10921
2023-08-07 10:56:24,31,34,7741,10921
2023-08-07 10:56:31,31,33,7741,10921
2023-08-07 10:56:31,31,34,7741,10921
2023-08-07 10:56:41,31,35,7741,10921
2023-08-07 10:56:41,32,35,7741,10921
2023-08-07 10:56:41,32,34,7741,10921
2023-08-07 10:56:41,32,35,7741,10921
2023-08-07 10:56:42,32,34,7741,10921
2023-08-07 10:56:43,32,35,7741,10921
2023-08-07 10:56:54,33,35,7741,10921
2023-08-07 10:56:55,32,35,7741,10921
2023-08-07 10:56:58,33,35,7741,10921
2023-08-07 10:56:58,33,36,7741,10921
2023-08-07 10:57:04,33,35,7741,10921
2023-08-07 10:57:06,32,35,7741,10921
2023-08-07 10:57:48,33,35,7741,10921
2023-08-07 10:57:49,33,37,7741,10921
2023-08-07 10:57:49,33,36,7741,10921
2023-08-07 10:58:07,33,35,7741,10921
2023-08-07 10:58:08,33,36,7741,10921
2023-08-07 10:58:18,32,36,7741,10921
2023-08-07 10:58:18,33,36,7741,10921
2023-08-07 10:58:18,33,35,7741,10921
2023-08-07 10:58:19,32,35,7741,10921
2023-08-07 10:58:20,33,35,7741,10921
2023-08-07 10:58:23,33,37,7741,10921
2023-08-07 10:58:23,33,36,7741,10921
2023-08-07 10:58:29,34,36,7741,10921
2023-08-07 10:58:30,33,36,7741,10921
2023-08-07 10:58:32,33,35,7741,10921
2023-08-07 10:58:35,32,35,7741,10921
2023-08-07 10:58:36,32,34,7741,10921
2023-08-07 10:58:37,31,34,7741,10921
2023-08-07 10:59:01,31,33,7741,10921
2023-08-07 10:59:03,30,33,7741,10921
2023-08-07 10:59:04,30,32,7741,10921
2023-08-07 10:59:11,30,33,7741,10921
2023-08-07 10:59:14,30,32,7741,10921
2023-08-07 10:59:25,31,32,7741,10921
2023-08-07 10:59:26,30,32,7741,10921
2023-08-07 10:59:26,30,33,7741,10921
2023-08-07 10:59:28,31,33,7741,10921
2023-08-07 10:59:29,30,33,7741,10921
2023-08-07 10:59:30,31,33,7741,10921
2023-08-07 10:59:33,30,33,7741,10921
2023-08-07 10:59:34,31,33,7741,10921
2023-08-07 10:59:35,30,33,7741,10921
2023-08-07 10:59:42,31,33,7741,10921
2023-08-07 10:59:47,31,34,7741,10921
2023-08-07 10:59:59,32,34,7741,10921
2023-08-07 11:00:01,32,36,7741,10921
2023-08-07 11:00:01,32,35,7741,10921
2023-08-07 11:00:12,32,34,7741,10921
2023-08-07 11:00:17,32,36,7741,10921
2023-08-07 11:00:17,32,35,7741,10921
2023-08-07 11:00:25,33,35,7741,10921
2023-08-07 11:00:35,33,37,7741,10921
2023-08-07 11:00:35,33,36,7741,10921
2023-08-07 11:01:09,33,35,7741,10921
2023-08-07 11:01:10,33,36,7741,10921
2023-08-07 11:01:12,34,36,7741,10921
2023-08-07 11:01:12,34,37,7741,10921
2023-08-07 11:01:20,34,36,7741,10921
2023-08-07 11:01:23,35,36,7741,10921
2023-08-07 11:01:23,35,36,7841,11021
2023-08-07 11:01:23,35,37,7841,11021
2023-08-07 11:01:35,34,37,7841,11021
2023-08-07 11:01:35,34,36,7841,11021
2023-08-07 11:01:36,34,37,7841,11021
2023-08-07 11:01:39,33,37,7841,11021
2023-08-07 11:01:39,33,36,7841,11021
2023-08-07 11:01:39,33,37,7841,11021
2023-08-07 11:01:39,33,36,7841,11021
2023-08-07 11:01:46,34,36,7841,11021
2023-08-07 11:01:46,34,37,7841,11021
2023-08-07 11:01:50,34,36,7841,11021
2023-08-07 11:01:53,33,36,7841,11021
2023-08-07 11:01:55,33,35,7841,11021
2023-08-07 11:01:56,33,36,7841,11021
2023-08-07 11:01:57,33,35,7841,11021
2023-08-07 11:01:57,32,35,7841,11021
2023-08-07 11:02:11,32,34,7841,11021
2023-08-07 11:02:11,31,34,7841,11021
2023-08-07 11:02:12,32,34,7841,11021
2023-08-07 11:02:17,32,33,7841,11021
2023-08-07 11:02:19,31,33,7841,11021
2023-08-07 11:02:24,31,32,7841,11021
2023-08-07 11:02:28,31,33,7841,11021
2023-08-07 11:02:34,31,32,7841,11021
2023-08-07 11:02:34,31,33,7841,11021
2023-08-07 11:02:35,31,32,7841,11021
2023-08-07 11:02:42,30,32,7841,11021
2023-08-07 11:02:46,30,31,7841,11021
2023-08-07 11:02:48,29,31,7841,11021
2023-08-07 11:03:03,29,32,7841,11021
2023-08-07 11:03:09,30,32,7841,11021
2023-08-07 11:03:11,30,33,7841,11021
2023-08-07 11:03:15,30,32,7841,11021
2023-08-07 11:03:20,30,33,7841,11021
2023-08-07 11:03:25,31,33,7841,11021
2023-08-07 11:03:28,30,33,7841,11021
2023-08-07 11:03:29,31,33,7841,11021
2023-08-07 11:03:31,31,34,7841,11021
2023-08-07 11:03:40,31,35,7841,11021
2023-08-07 11:03:40,32,35,7841,11021
2023-08-07 11:03:43,33,35,7841,11021
2023-08-07 11:03:44,33,36,7841,11021
2023-08-07 11:03:51,33,35,7841,11021
2023-08-07 11:03:52,33,36,7841,11021
2023-08-07 11:04:06,34,36,7841,11021
2023-08-07 11:04:06,34,37,7841,11021
2023-08-07 11:04:07,34,36,7841,11021
2023-08-07 11:04:08,34,37,7841,11021
2023-08-07 11:04:13,34,36,7841,11021
2023-08-07 11:04:15,34,37,7841,11021
2023-08-07 11:04:16,34,36,7841,11021
2023-08-07 11:04:20,34,37,7841,11021
2023-08-07 11:04:21,34,36,7841,11021
2023-08-07 11:04:26,34,37,7841,11021
2023-08-07 11:04:27,34,36,7841,11021
2023-08-07 11:04:28,33,36,7841,11021
2023-08-07 11:04:28,33,37,7841,11021
2023-08-07 11:04:28,33,36,7841,11021
2023-08-07 11:04:31,33,35,7841,11021
2023-08-07 11:04:32,33,36,7841,11021
2023-08-07 11:04:34,33,35,7841,11021
2023-08-07 11:04:36,33,36,7841,11021
2023-08-07 11:04:52,33,35,7841,11021
2023-08-07 11:04:55,33,36,7841,11021
2023-08-07 11:04:59,33,35,7841,11021
2023-08-07 11:05:00,33,36,7841,11021
2023-08-07 11:05:04,34,36,7841,11021
2023-08-07 11:05:04,34,38,7841,11021
2023-08-07 11:05:04,34,37,7841,11021
2023-08-07 11:05:11,36,37,7841,11021
2023-08-07 11:05:11,34,37,7851,11031
2023-08-07 11:05:15,34,36,7851,11031
2023-08-07 11:05:19,34,35,7851,11031
2023-08-07 11:05:21,34,36,7851,11031
2023-08-07 11:05:24,34,38,7851,11031
2023-08-07 11:05:24,34,37,7851,11031
2023-08-07 11:05:25,34,36,7851,11031
2023-08-07 11:05:26,34,37,7851,11031
2023-08-07 11:05:28,34,36,7851,11031
2023-08-07 11:05:32,34,37,7851,11031
2023-08-07 11:05:34,34,36,7851,11031
2023-08-07 11:05:36,34,37,7851,11031
2023-08-07 11:05:38,34,36,7851,11031
2023-08-07 11:05:39,33,36,7851,11031
2023-08-07 11:05:45,33,38,7851,11031
2023-08-07 11:05:45,34,37,7851,11031
2023-08-07 11:05:46,33,37,7851,11031
2023-08-07 11:05:46,33,36,7851,11031
2023-08-07 11:05:50,34,36,7851,11031
2023-08-07 11:05:55,34,38,7851,11031
2023-08-07 11:05:55,34,37,7851,11031
2023-08-07 11:06:02,34,36,7851,11031
2023-08-07 11:06:03,34,37,7851,11031
2023-08-07 11:06:03,34,36,7851,11031
2023-08-07 11:06:07,34,38,7851,11031
2023-08-07 11:06:07,34,37,7851,11031
2023-08-07 11:06:14,35,37,7851,11031
2023-08-07 11:06:15,35,38,7851,11031
2023-08-07 11:06:15,35,37,7851,11031
2023-08-07 11:06:21,36,37,7851,11031
2023-08-07 11:06:21,36,38,7851,11031
2023-08-07 11:06:45,37,38,7851,11031
2023-08-07 11:06:50,37,40,7851,11031
2023-08-07 11:06:50,37,39,7851,11031
2023-08-07 11:06:51,37,39,7911,11091
2023-08-07 11:06:58,38,39,7911,11091
2023-08-07 11:06:59,38,40,7911,11091
2023-08-07 11:06:59,38,39,7911,11091
2023-08-07 11:07:00,38,39,8011,11191
2023-08-07 11:07:02,38,40,8011,11191
2023-08-07 11:07:03,39,40,8011,11191
2023-08-07 11:07:25,38,40,8011,11191
2023-08-07 11:07:27,38,39,8011,11191
2023-08-07 11:07:32,38,40,8011,11191
2023-08-07 11:07:36,39,40,8011,11191
2023-08-07 11:07:48,38,40,8011,11191
2023-08-07 11:07:56,39,40,8011,11191
2023-08-07 11:08:01,39,40,8071,11251
2023-08-07 11:08:13,38,40,8071,11251
2023-08-07 11:08:15,38,39,8071,11251
2023-08-07 11:08:16,38,40,8071,11251
2023-08-07 11:08:16,38,39,8071,11251
2023-08-07 11:08:25,38,40,8071,11251
2023-08-07 11:08:33,38,39,8071,11251
2023-08-07 11:08:47,37,39,8071,11251
2023-08-07 11:08:48,37,40,8071,11251
2023-08-07 11:08:48,37,38,8071,11251
2023-08-07 11:08:51,37,40,8071,11251
2023-08-07 11:08:51,37,39,8071,11251
2023-08-07 11:08:57,37,40,8071,11251
2023-08-07 11:08:57,37,39,8071,11251
2023-08-07 11:08:57,37,38,8071,11251
2023-08-07 11:09:01,36,38,8071,11251
2023-08-07 11:09:01,36,37,8071,11251
2023-08-07 11:09:04,36,39,8071,11251
2023-08-07 11:09:04,36,38,8071,11251
2023-08-07 11:09:09,36,39,8071,11251
2023-08-07 11:09:09,36,37,8071,11251
2023-08-07 11:09:12,36,39,8071,11251
2023-08-07 11:09:12,36,38,8071,11251
2023-08-07 11:09:14,35,38,8271,11451
2023-08-07 11:09:15,35,39,8271,11451
2023-08-07 11:09:15,36,39,8271,11451
2023-08-07 11:09:15,36,37,8271,11451
2023-08-07 11:09:16,35,37,8271,11451
2023-08-07 11:09:38,36,37,8271,11451
2023-08-07 11:09:40,35,37,8271,11451
2023-08-07 11:09:46,35,38,8271,11451
2023-08-07 11:09:51,36,38,8271,11451
2023-08-07 11:10:08,35,38,8271,11451
2023-08-07 11:10:12,36,38,8271,11451
2023-08-07 11:10:19,35,38,8271,11451
2023-08-07 11:10:19,36,38,8271,11451
2023-08-07 11:10:20,35,38,8271,11451
2023-08-07 11:10:21,35,37,8271,11451
2023-08-07 11:10:26,36,37,8271,11451
2023-08-07 11:10:27,35,37,8271,11451
2023-08-07 11:10:28,36,37,8271,11451
2023-08-07 11:10:29,35,37,8271,11451
2023-08-07 11:10:31,36,37,8271,11451
2023-08-07 11:10:32,35,37,8271,11451
2023-08-07 11:10:34,34,37,8271,11451
2023-08-07 11:10:35,35,37,8271,11451
2023-08-07 11:10:35,35,36,8271,11451
2023-08-07 11:10:36,34,36,8271,11451
2023-08-07 11:10:38,35,36,8271,11451
2023-08-07 11:10:39,34,36,8271,11451
2023-08-07 11:10:41,35,36,8271,11451
2023-08-07 11:10:42,34,36,8271,11451
2023-08-07 11:10:43,35,36,8271,11451
2023-08-07 11:10:44,34,36,8271,11451
2023-08-07 11:10:44,33,36,8271,11451
2023-08-07 11:10:45,33,35,8271,11451
2023-08-07 11:10:47,34,35,8271,11451
2023-08-07 11:10:47,33,35,8271,11451
2023-08-07 11:10:48,34,35,8271,11451
2023-08-07 11:10:49,33,35,8271,11451
2023-08-07 11:10:50,34,35,8271,11451
2023-08-07 11:10:51,33,35,8271,11451
2023-08-07 11:10:52,33,36,8271,11451
2023-08-07 11:10:52,34,36,8271,11451
2023-08-07 11:10:53,33,36,8271,11451
2023-08-07 11:10:54,34,36,8271,11451
2023-08-07 11:10:55,33,36,8271,11451
2023-08-07 11:10:57,34,36,8271,11451
2023-08-07 11:10:58,34,35,8271,11451
2023-08-07 11:10:58,33,35,8271,11451
2023-08-07 11:10:59,34,35,8271,11451
2023-08-07 11:11:00,33,35,8271,11451
2023-08-07 11:11:02,34,35,8271,11451
2023-08-07 11:11:03,33,35,8271,11451
2023-08-07 11:11:06,34,35,8271,11451
2023-08-07 11:11:07,33,35,8271,11451
2023-08-07 11:11:08,34,35,8271,11451
2023-08-07 11:11:09,33,35,8271,11451
2023-08-07 11:11:12,34,35,8271,11451
2023-08-07 11:11:13,33,35,8271,11451
2023-08-07 11:11:13,33,36,8271,11451
2023-08-07 11:11:17,34,36,8271,11451
2023-08-07 11:11:18,33,36,8271,11451
2023-08-07 11:11:19,34,36,8271,11451
2023-08-07 11:11:20,33,36,8271,11451
2023-08-07 11:11:38,34,36,8271,11451
2023-08-07 11:11:39,33,36,8271,11451
2023-08-07 11:11:50,33,35,8271,11451
2023-08-07 11:12:02,34,35,8271,11451
2023-08-07 11:12:03,33,35,8271,11451
2023-08-07 11:12:05,34,35,8271,11451
2023-08-07 11:12:06,33,35,8271,11451
2023-08-07 11:12:08,34,35,8271,11451
2023-08-07 11:12:09,33,35,8271,11451
2023-08-07 11:12:11,34,35,8271,11451
2023-08-07 11:12:12,33,35,8271,11451
2023-08-07 11:12:13,33,36,8271,11451
2023-08-07 11:12:13,34,36,8271,11451
2023-08-07 11:12:14,33,36,8271,11451
2023-08-07 11:12:15,34,36,8271,11451
2023-08-07 11:12:16,33,36,8271,11451
2023-08-07 11:12:22,33,35,8271,11451
2023-08-07 11:12:26,34,35,8271,11451
2023-08-07 11:12:27,33,35,8271,11451
2023-08-07 11:12:28,34,35,8271,11451
2023-08-07 11:12:29,33,35,8271,11451
2023-08-07 11:12:41,32,35,8271,11451
2023-08-07 11:12:42,33,35,8271,11451
2023-08-07 11:12:43,32,35,8271,11451
2023-08-07 11:12:46,33,35,8271,11451
2023-08-07 11:12:47,32,35,8271,11451
2023-08-07 11:12:50,33,35,8271,11451
2023-08-07 11:12:51,32,35,8271,11451
2023-08-07 11:12:56,32,34,8271,11451
2023-08-07 11:13:08,33,34,8271,11451
2023-08-07 11:13:09,32,33,8171,11551
2023-08-07 11:13:17,31,33,8171,11551
2023-08-07 11:13:33,31,34,8171,11551
2023-08-07 11:13:33,32,34,8171,11551
2023-08-07 11:13:35,33,34,8171,11551
2023-08-07 11:13:36,32,34,8171,11551
2023-08-07 11:13:41,31,34,8171,11551
2023-08-07 11:13:42,32,34,8171,11551
2023-08-07 11:13:43,31,34,8171,11551
2023-08-07 11:13:44,32,34,8171,11551
2023-08-07 11:13:46,31,34,8171,11551
2023-08-07 11:13:47,32,34,8171,11551
2023-08-07 11:13:48,33,34,8171,11551
2023-08-07 11:13:49,32,34,8171,11551
2023-08-07 11:13:55,32,33,8171,11551
2023-08-07 11:13:57,32,34,8171,11551
2023-08-07 11:13:57,31,34,8171,11551
2023-08-07 11:13:58,31,32,8171,11551
2023-08-07 11:13:58,31,32,8071,11651
2023-08-07 11:13:59,31,34,8071,11651
2023-08-07 11:14:00,32,34,8071,11651
2023-08-07 11:14:01,31,34,8071,11651
2023-08-07 11:14:01,31,33,8071,11651
2023-08-07 11:14:03,31,34,8071,11651
2023-08-07 11:14:04,32,34,8071,11651
2023-08-07 11:14:08,33,34,8071,11651
2023-08-07 11:14:09,33,35,8071,11651
2023-08-07 11:14:10,32,35,8071,11651
2023-08-07 11:14:10,33,35,8071,11651
2023-08-07 11:14:10,33,34,8071,11651
2023-08-07 11:14:11,33,35,8071,11651
2023-08-07 11:14:12,33,34,8071,11651
2023-08-07 11:14:13,33,35,8071,11651
2023-08-07 11:14:14,34,35,8071,11651
2023-08-07 11:14:15,33,35,8071,11651
2023-08-07 11:14:16,33,34,8071,11651
2023-08-07 11:14:18,33,35,8071,11651
2023-08-07 11:14:26,33,34,8071,11651
2023-08-07 11:14:27,33,35,8071,11651
2023-08-07 11:14:28,33,36,8071,11651
2023-08-07 11:14:28,34,36,8071,11651
2023-08-07 11:14:31,33,36,8071,11651
2023-08-07 11:14:31,33,35,8071,11651
2023-08-07 11:14:43,33,36,8071,11651
2023-08-07 11:14:43,34,36,8071,11651
2023-08-07 11:14:45,33,36,8071,11651
2023-08-07 11:14:45,33,35,8071,11651
2023-08-07 11:14:55,33,34,8071,11651
2023-08-07 11:14:56,32,34,8071,11651
2023-08-07 11:15:04,32,35,8071,11651
2023-08-07 11:15:04,33,35,8071,11651
2023-08-07 11:15:10,33,36,8071,11651
2023-08-07 11:15:10,33,35,8071,11651
2023-08-07 11:15:17,33,36,8071,11651
2023-08-07 11:15:17,34,36,8071,11651
2023-08-07 11:15:22,33,36,8071,11651
2023-08-07 11:15:22,33,35,8071,11651
2023-08-07 11:15:33,33,35,8076,11656
2023-08-07 11:15:47,32,35,8076,11656
2023-08-07 11:15:48,33,35,8076,11656
2023-08-07 11:15:51,32,35,8076,11656
2023-08-07 11:15:57,32,33,8076,11656
2023-08-07 11:15:58,31,33,8076,11656
2023-08-07 11:16:15,32,33,8076,11656
2023-08-07 11:16:19,31,33,8076,11656
2023-08-07 11:16:21,32,33,8076,11656
2023-08-07 11:16:27,31,33,8151,11731
2023-08-07 11:16:29,31,32,8151,11731
2023-08-07 11:16:29,31,32,8051,11831
2023-08-07 11:16:30,31,33,8051,11831
2023-08-07 11:16:31,32,33,8051,11831
2023-08-07 11:16:32,31,33,8051,11831
2023-08-07 11:16:34,32,33,8051,11831
2023-08-07 11:16:42,31,33,8051,11831
2023-08-07 11:16:46,31,32,8051,11831
2023-08-07 11:16:49,31,33,8051,11831
2023-08-07 11:16:55,32,33,8051,11831
2023-08-07 11:16:56,31,33,8051,11831
2023-08-07 11:16:59,32,33,8051,11831
2023-08-07 11:17:01,31,33,8051,11831
2023-08-07 11:17:03,32,33,8051,11831
2023-08-07 11:17:07,31,33,8051,11831
2023-08-07 11:17:12,32,33,8051,11831
2023-08-07 11:17:13,32,35,8051,11831
2023-08-07 11:17:14,33,35,8051,11831
2023-08-07 11:17:15,32,35,8051,11831
2023-08-07 11:17:16,33,35,8051,11831
2023-08-07 11:17:23,33,36,8051,11831
2023-08-07 11:17:23,34,36,8051,11831
2023-08-07 11:17:24,33,36,8051,11831
2023-08-07 11:17:24,33,35,8051,11831
2023-08-07 11:17:25,33,36,8051,11831
2023-08-07 11:17:25,34,36,8051,11831
2023-08-07 11:17:32,34,37,8051,11831
2023-08-07 11:17:33,35,37,8051,11831
2023-08-07 11:17:33,35,39,8051,11831
2023-08-07 11:17:33,35,38,8051,11831
2023-08-07 11:17:33,35,37,8051,11831
2023-08-07 11:17:35,35,39,8051,11831
2023-08-07 11:17:36,35,38,8051,11831
2023-08-07 11:17:37,35,37,8051,11831
2023-08-07 11:17:42,36,37,8051,11831
2023-08-07 11:17:42,36,38,8051,11831
2023-08-07 11:17:44,36,39,8051,11831
2023-08-07 11:17:46,36,38,8051,11831
2023-08-07 11:18:02,38,39,8151,11931
2023-08-07 11:18:22,37,39,8151,11931
2023-08-07 11:18:26,37,40,8151,11931
2023-08-07 11:18:29,37,38,8151,11931
2023-08-07 11:18:34,37,39,8151,11931
2023-08-07 11:18:34,37,39,8251,12031
2023-08-07 11:18:35,37,38,8251,12031
2023-08-07 11:18:36,37,40,8251,12031
2023-08-07 11:18:39,38,40,8251,12031
2023-08-07 11:18:40,39,40,8251,12031
2023-08-07 11:18:56,40,41,8259,12039
2023-08-07 11:18:57,40,43,8259,12039
2023-08-07 11:18:57,40,42,8259,12039
2023-08-07 11:18:59,41,42,8259,12039
2023-08-07 11:18:59,40,42,8359,12139
2023-08-07 11:19:01,41,42,8359,12139
2023-08-07 11:19:01,41,42,8479,12259
2023-08-07 11:19:02,40,42,8479,12259
2023-08-07 11:19:17,39,42,8479,12259
2023-08-07 11:19:17,39,42,8479,12459
2023-08-07 11:19:17,39,44,8479,12459
2023-08-07 11:19:17,39,43,8479,12459
2023-08-07 11:19:17,40,43,8479,12459
2023-08-07 11:19:18,39,43,8479,12459
2023-08-07 11:19:18,39,42,8479,12459
2023-08-07 11:19:44,40,42,8479,12459
2023-08-07 11:19:45,39,42,8479,12459
2023-08-07 11:19:47,40,42,8479,12459
2023-08-07 11:19:48,39,42,8479,12459
2023-08-07 11:19:58,40,42,8479,12459
2023-08-07 11:19:59,39,42,8479,12459
2023-08-07 11:20:06,40,42,8479,12459
2023-08-07 11:20:07,39,42,8479,12459
2023-08-07 11:20:11,40,42,8479,12459
2023-08-07 11:20:12,39,42,8479,12459
2023-08-07 11:20:13,40,42,8479,12459
2023-08-07 11:20:14,39,42,8479,12459
2023-08-07 11:20:14,41,42,8479,12459
2023-08-07 11:20:15,39,42,8479,12459
2023-08-07 11:20:16,40,42,8479,12459
2023-08-07 11:20:17,39,42,8479,12459
2023-08-07 11:20:19,40,42,8479,12459
2023-08-07 11:20:20,39,42,8479,12459
2023-08-07 11:20:21,39,43,8479,12459
2023-08-07 11:20:21,39,41,8479,12459
2023-08-07 11:20:24,40,41,8479,12459
2023-08-07 11:20:25,39,41,8479,12459
2023-08-07 11:20:26,38,41,8479,12459
2023-08-07 11:20:31,39,41,8479,12459
2023-08-07 11:20:32,38,41,8479,12459
2023-08-07 11:20:35,39,41,8479,12459
2023-08-07 11:20:36,38,41,8479,12459
2023-08-07 11:20:37,39,41,8479,12459
2023-08-07 11:20:38,38,41,8479,12459
2023-08-07 11:20:39,39,41,8479,12459
2023-08-07 11:20:40,38,41,8479,12459
2023-08-07 11:20:41,39,41,8479,12459
2023-08-07 11:20:42,38,41,8479,12459
2023-08-07 11:20:43,39,41,8479,12459
2023-08-07 11:20:44,38,41,8479,12459
2023-08-07 11:20:48,38,42,8479,12459
2023-08-07 11:20:48,38,40,8479,12459
2023-08-07 11:20:49,37,40,8479,12459
2023-08-07 11:20:58,38,40,8479,12459
2023-08-07 11:20:59,37,40,8479,12459
2023-08-07 11:21:00,38,40,8479,12459
2023-08-07 11:21:01,37,40,8479,12459
2023-08-07 11:21:01,39,40,8479,12459
2023-08-07 11:21:02,37,40,8479,12459
2023-08-07 11:21:02,38,40,8479,12459
2023-08-07 11:21:06,39,40,8479,12459
2023-08-07 11:21:07,38,40,8479,12459
2023-08-07 11:21:08,39,40,8479,12459
2023-08-07 11:21:09,38,40,8479,12459
2023-08-07 11:21:10,38,43,8479,12459
2023-08-07 11:21:10,39,43,8479,12459
2023-08-07 11:21:10,39,41,8479,12459
2023-08-07 11:21:11,38,41,8479,12459
2023-08-07 11:21:11,40,41,8479,12459
2023-08-07 11:21:12,38,41,8479,12459
2023-08-07 11:21:15,39,41,8479,12459
2023-08-07 11:21:16,38,41,8479,12459
2023-08-07 11:21:16,40,41,8479,12459
2023-08-07 11:21:17,38,41,8479,12459
2023-08-07 11:21:18,38,43,8479,12459
2023-08-07 11:21:18,39,43,8479,12459
2023-08-07 11:21:18,39,40,8479,12459
2023-08-07 11:21:19,38,40,8479,12459
2023-08-07 11:21:20,39,40,8479,12459
2023-08-07 11:21:21,38,40,8479,12459
2023-08-07 11:21:22,39,40,8479,12459
2023-08-07 11:21:23,38,40,8479,12459
2023-08-07 11:21:24,39,40,8479,12459
2023-08-07 11:21:25,38,40,8479,12459
2023-08-07 11:21:26,39,40,8479,12459
2023-08-07 11:21:27,38,40,8479,12459
2023-08-07 11:21:27,38,43,8377,12561
2023-08-07 11:21:28,38,42,8377,12561
2023-08-07 11:21:28,39,42,8377,12561
2023-08-07 11:21:29,40,42,8377,12561
2023-08-07 11:21:33,39,42,8377,12561
2023-08-07 11:21:35,40,42,8377,12561
2023-08-07 11:21:38,39,42,8377,12561
2023-08-07 11:21:40,38,42,8377,12561
2023-08-07 11:21:44,39,42,8377,12561
2023-08-07 11:21:46,38,42,8377,12561
2023-08-07 11:21:47,39,42,8377,12561
2023-08-07 11:21:55,40,42,8377,12561
2023-08-07 11:21:56,39,42,8377,12561
2023-08-07 11:21:58,39,41,8377,12561
2023-08-07 11:21:58,40,41,8377,12561
2023-08-07 11:21:59,40,42,8377,12561
2023-08-07 11:21:59,39,42,8377,12561
2023-08-07 11:22:00,39,41,8377,12561
2023-08-07 11:22:06,38,41,8377,12561
2023-08-07 11:22:08,39,41,8377,12561
2023-08-07 11:22:11,38,41,8377,12561
2023-08-07 11:22:12,39,41,8377,12561
2023-08-07 11:22:13,39,40,8377,12561
2023-08-07 11:22:13,38,40,8377,12561
2023-08-07 11:22:14,37,40,8377,12561
2023-08-07 11:22:15,37,39,8377,12561
2023-08-07 11:22:17,36,39,8377,12561
2023-08-07 11:22:18,37,39,8377,12561
2023-08-07 11:22:20,36,39,8377,12561
2023-08-07 11:22:20,36,38,8377,12561
2023-08-07 11:22:21,36,39,8377,12561
2023-08-07 11:22:21,37,39,8377,12561
2023-08-07 11:22:22,36,39,8377,12561
2023-08-07 11:22:29,37,39,8377,12561
2023-08-07 11:22:30,38,39,8377,12561
2023-08-07 11:22:31,37,39,8377,12561
2023-08-07 11:22:34,38,39,8377,12561
2023-08-07 11:22:35,37,39,8377,12561
2023-08-07 11:22:39,36,39,8377,12561
2023-08-07 11:22:41,37,39,8377,12561
2023-08-07 11:22:42,36,39,8377,12561
2023-08-07 11:22:46,37,39,8377,12561
2023-08-07 11:22:47,36,39,8377,12561
2023-08-07 11:22:48,36,38,8377,12561
2023-08-07 11:22:55,37,38,8377,12561
2023-08-07 11:22:59,36,37,8377,12564
2023-08-07 11:22:59,35,37,8377,12564
2023-08-07 11:23:07,35,36,8377,12564
2023-08-07 11:23:12,35,37,8377,12564
2023-08-07 11:23:13,35,36,8377,12564
2023-08-07 11:23:14,35,37,8377,12564
2023-08-07 11:23:14,35,36,8377,12564
2023-08-07 11:23:15,35,37,8377,12564
2023-08-07 11:23:16,35,37,8377,12764
2023-08-07 11:23:16,35,36,8377,12764
2023-08-07 11:23:27,35,37,8377,12764
2023-08-07 11:23:31,36,37,8377,12764
2023-08-07 11:23:32,35,37,8377,12764
2023-08-07 11:23:37,36,37,8377,12764
2023-08-07 11:23:45,35,37,8377,12764
2023-08-07 11:23:46,36,37,8377,12764
2023-08-07 11:23:55,36,39,8377,12764
2023-08-07 11:23:55,36,38,8377,12764
2023-08-07 11:23:57,37,38,8377,12764
2023-08-07 11:23:58,36,38,8377,12764
2023-08-07 11:23:59,37,38,8377,12764
2023-08-07 11:24:01,36,38,8377,12764
2023-08-07 11:24:01,36,37,8377,12764
2023-08-07 11:24:05,36,39,8377,12764
2023-08-07 11:24:05,36,38,8377,12764
2023-08-07 11:24:06,37,38,8377,12764
2023-08-07 11:24:11,36,38,8377,12764
2023-08-07 11:24:12,37,38,8377,12764
2023-08-07 11:24:13,36,38,8377,12764
2023-08-07 11:24:16,37,38,8377,12764
2023-08-07 11:24:17,36,38,8377,12764
2023-08-07 11:24:19,37,38,8377,12764
2023-08-07 11:24:20,36,38,8377,12764
2023-08-07 11:24:26,37,38,8377,12764
2023-08-07 11:24:29,36,38,8377,12764
2023-08-07 11:24:31,37,38,8377,12764
2023-08-07 11:24:37,37,40,8377,12764
2023-08-07 11:24:37,37,39,8377,12764
2023-08-07 11:24:42,38,39,8377,12764
2023-08-07 11:24:44,37,39,8377,12764
2023-08-07 11:24:45,38,39,8377,12764
2023-08-07 11:24:52,37,39,8377,12764
2023-08-07 11:24:55,38,39,8377,12764
2023-08-07 11:24:56,37,39,8377,12764
2023-08-07 11:25:02,38,39,8377,12764
2023-08-07 11:25:04,37,39,8377,12764
2023-08-07 11:25:34,37,38,8377,12764
2023-08-07 11:25:54,37,39,8377,12764
2023-08-07 11:26:09,37,39,8577,12964
2023-08-07 11:26:20,38,39,8577,12964
2023-08-07 11:27:14,37,39,8577,12964
2023-08-07 11:27:14,38,39,8577,12964
2023-08-07 11:27:16,37,39,8577,12964
2023-08-07 11:27:26,37,38,8577,12964
2023-08-07 11:27:28,36,38,8577,12964
2023-08-07 11:27:28,37,38,8577,12964
2023-08-07 11:27:35,35,38,8577,12964
2023-08-07 11:27:35,36,38,8577,12964
2023-08-07 11:27:37,36,37,8577,12964
2023-08-07 11:27:44,35,37,8577,12964
2023-08-07 11:27:44,36,37,8577,12964
2023-08-07 11:27:48,34,37,8577,12964
2023-08-07 11:27:48,35,37,8577,12964
2023-08-07 11:27:57,35,36,8577,12964
2023-08-07 11:27:57,34,36,8577,12964
2023-08-07 11:27:57,35,36,8577,12964
2023-08-07 11:28:16,35,38,8577,12964
2023-08-07 11:28:16,35,37,8577,12964
2023-08-07 11:28:16,36,37,8577,12964
2023-08-07 11:28:22,34,37,8577,12964
2023-08-07 11:28:22,35,37,8577,12964
2023-08-07 11:28:31,36,37,8577,12964
2023-08-07 11:28:41,36,38,8577,12964
2023-08-07 11:28:43,35,38,8577,12964
2023-08-07 11:28:43,36,38,8577,12964
2023-08-07 11:28:52,36,37,8577,12964
2023-08-07 11:29:01,35,37,8577,12964
2023-08-07 11:29:01,36,37,8577,12964
2023-08-07 11:29:24,36,39,8577,12964
2023-08-07 11:29:24,36,38,8577,12964
2023-08-07 11:29:25,37,38,8577,12964
2023-08-07 11:29:26,36,38,8577,12964
2023-08-07 11:29:27,37,38,8577,12964
2023-08-07 11:29:28,36,38,8577,12964
2023-08-07 11:29:29,37,38,8577,12964
2023-08-07 11:29:30,36,38,8577,12964
2023-08-07 11:29:31,37,38,8577,12964
2023-08-07 11:29:32,36,38,8577,12964
2023-08-07 11:29:36,37,38,8577,12964
2023-08-07 11:29:37,36,38,8577,12964
2023-08-07 11:29:38,37,38,8577,12964
2023-08-07 11:29:39,36,38,8577,12964
2023-08-07 11:29:40,37,38,8577,12964
2023-08-07 11:29:41,36,38,8577,12964
2023-08-07 11:29:42,37,38,8577,12964
2023-08-07 11:29:43,36,38,8577,12964
2023-08-07 11:29:44,37,38,8577,12964
2023-08-07 11:29:45,36,38,8577,12964
2023-08-07 11:29:46,37,38,8577,12964
2023-08-07 11:29:47,36,38,8577,12964
2023-08-07 11:29:48,37,38,8577,12964
2023-08-07 11:29:49,36,38,8577,12964
2023-08-07 11:29:50,37,38,8577,12964
2023-08-07 11:29:51,36,38,8577,12964
2023-08-07 11:29:53,37,38,8577,12964
2023-08-07 11:29:54,36,38,8577,12964
2023-08-07 11:29:55,37,38,8577,12964
2023-08-07 11:29:56,36,38,8577,12964
2023-08-07 11:29:57,37,38,8577,12964
2023-08-07 11:29:58,36,38,8577,12964
2023-08-07 11:29:59,37,38,8577,12964
2023-08-07 11:30:00,36,38,8577,12964
2023-08-07 11:30:01,37,38,8577,12964
2023-08-07 11:30:01,37,40,8577,12964
2023-08-07 11:30:01,37,39,8577,12964
2023-08-07 11:30:03,38,39,8577,12964
2023-08-07 11:30:04,37,39,8577,12964
2023-08-07 11:30:05,38,39,8577,12964
2023-08-07 11:30:06,37,39,8577,12964
2023-08-07 11:30:06,37,38,8577,12964
2023-08-07 11:30:06,36,38,8577,12964
2023-08-07 11:30:10,37,38,8577,12964
2023-08-07 11:30:11,36,38,8577,12964
2023-08-07 11:30:12,37,38,8577,12964
2023-08-07 11:30:13,36,38,8577,12964
2023-08-07 11:30:15,37,38,8577,12964
2023-08-07 11:30:16,36,38,8577,12964
2023-08-07 11:30:17,37,38,8577,12964
2023-08-07 11:30:18,36,38,8577,12964
2023-08-07 11:30:20,37,38,8577,12964
2023-08-07 11:30:21,36,38,8577,12964
2023-08-07 11:30:22,37,38,8577,12964
2023-08-07 11:30:23,36,38,8577,12964
2023-08-07 11:30:24,37,38,8577,12964
2023-08-07 11:30:25,36,38,8577,12964
2023-08-07 11:30:26,37,38,8577,12964
2023-08-07 11:30:27,36,38,8577,12964
2023-08-07 11:30:30,37,38,8577,12964
2023-08-07 11:30:31,36,38,8577,12964
2023-08-07 11:30:32,37,38,8577,12964
2023-08-07 11:30:33,36,38,8577,12964
2023-08-07 11:30:34,37,38,8577,12964
2023-08-07 11:30:35,36,38,8577,12964
2023-08-07 11:30:36,36,37,8577,12964
2023-08-07 11:30:47,35,37,8577,12964
2023-08-07 11:30:47,35,38,8577,12964
2023-08-07 11:30:47,36,38,8577,12964
2023-08-07 11:30:48,37,38,8577,12964
2023-08-07 11:30:49,36,38,8577,12964
2023-08-07 11:30:50,37,38,8577,12964
2023-08-07 11:30:51,37,40,8377,13164
2023-08-07 11:30:52,38,40,8377,13164
2023-08-07 11:30:54,37,40,8377,13164
2023-08-07 11:30:55,38,40,8377,13164
2023-08-07 11:30:56,39,40,8377,13164
2023-08-07 11:30:57,38,40,8377,13164
2023-08-07 11:31:00,37,40,8377,13164
2023-08-07 11:31:01,38,40,8377,13164
2023-08-07 11:31:03,39,40,8377,13164
2023-08-07 11:31:05,39,41,8377,13164
2023-08-07 11:31:13,40,41,8377,13164
2023-08-07 11:31:14,39,41,8377,13164
2023-08-07 11:31:22,40,41,8377,13164
2023-08-07 11:31:25,39,41,8377,13164
2023-08-07 11:31:25,38,41,8377,13164
2023-08-07 11:31:26,39,41,8377,13164
2023-08-07 11:31:29,40,41,8377,13164
2023-08-07 11:31:31,39,41,8377,13164
2023-08-07 11:31:32,38,41,8377,13164
2023-08-07 11:31:35,39,41,8377,13164
2023-08-07 11:31:38,38,41,8377,13164
2023-08-07 11:31:39,39,41,8377,13164
2023-08-07 11:31:40,38,41,8377,13164
2023-08-07 11:31:41,39,41,8377,13164
2023-08-07 11:31:43,40,41,8377,13164
2023-08-07 11:31:45,39,41,8377,13164
2023-08-07 11:31:49,38,41,8377,13164
2023-08-07 11:31:50,39,41,8377,13164
2023-08-07 11:31:52,38,41,8377,13164
2023-08-07 11:31:53,39,41,8377,13164
2023-08-07 11:31:57,40,41,8377,13164
2023-08-07 11:31:58,39,41,8377,13164
2023-08-07 11:32:03,39,43,8377,13164
2023-08-07 11:32:03,40,43,8377,13164
2023-08-07 11:32:04,40,42,8377,13164
2023-08-07 11:32:05,39,42,8377,13164
2023-08-07 11:32:07,40,42,8377,13164
2023-08-07 11:32:08,40,43,8377,13164
2023-08-07 11:32:09,41,43,8377,13164
2023-08-07 11:32:10,41,42,8377,13164
2023-08-07 11:32:10,40,42,8377,13164
2023-08-07 11:32:12,39,42,8377,13164
2023-08-07 11:32:13,40,42,8377,13164
2023-08-07 11:32:15,39,42,8377,13164
2023-08-07 11:32:16,39,43,8377,13164
2023-08-07 11:32:16,39,41,8377,13164
2023-08-07 11:32:18,39,43,8377,13164
2023-08-07 11:32:19,40,43,8377,13164
2023-08-07 11:32:19,40,42,8377,13164
2023-08-07 11:32:20,39,42,8377,13164
2023-08-07 11:32:22,40,42,8377,13164
2023-08-07 11:32:23,40,43,8377,13164
2023-08-07 11:32:23,41,43,8377,13164
2023-08-07 11:32:24,40,43,8377,13164
2023-08-07 11:32:24,40,42,8377,13164
2023-08-07 11:32:26,39,42,8377,13164
2023-08-07 11:32:30,40,42,8377,13164
2023-08-07 11:32:31,39,42,8377,13164
2023-08-07 11:32:36,39,43,8377,13164
2023-08-07 11:32:36,40,43,8377,13164
2023-08-07 11:32:37,41,43,8377,13164
2023-08-07 11:32:41,40,43,8377,13164
2023-08-07 11:32:44,41,43,8377,13164
2023-08-07 11:32:44,40,43,8377,13164
2023-08-07 11:32:47,41,43,8377,13164
2023-08-07 11:32:50,40,43,8377,13164
2023-08-07 11:32:54,40,44,8377,13164
2023-08-07 11:32:55,40,43,8377,13164
2023-08-07 11:32:55,41,43,8377,13164
2023-08-07 11:32:57,41,44,8377,13164
2023-08-07 11:32:57,42,44,8377,13164
2023-08-07 11:32:58,42,45,8377,13164
2023-08-07 11:32:58,41,45,8377,13164
2023-08-07 11:32:58,41,43,8377,13164
2023-08-07 11:33:14,41,45,8377,13164
2023-08-07 11:33:14,42,45,8377,13164
2023-08-07 11:33:15,43,45,8377,13164
2023-08-07 11:33:16,42,45,8377,13164
2023-08-07 11:33:16,41,45,8377,13164
2023-08-07 11:33:17,42,45,8377,13164
2023-08-07 11:33:17,42,44,8377,13164
2023-08-07 11:33:17,42,45,8377,13164
2023-08-07 11:33:24,41,45,8377,13164
2023-08-07 11:33:24,41,44,8377,13164
2023-08-07 11:33:25,41,45,8377,13164
2023-08-07 11:33:27,42,45,8377,13164
2023-08-07 11:33:28,43,45,8377,13164
2023-08-07 11:33:29,42,45,8377,13164
2023-08-07 11:33:30,42,43,8377,13164
2023-08-07 11:33:34,41,43,8377,13164
2023-08-07 11:33:35,42,43,8377,13164
2023-08-07 11:33:38,41,43,8377,13164
2023-08-07 11:33:40,42,43,8377,13164
2023-08-07 11:33:41,41,43,8377,13164
2023-08-07 11:33:42,42,43,8377,13164
2023-08-07 11:34:12,41,43,8377,13164
2023-08-07 11:34:13,42,43,8377,13164
2023-08-07 11:34:25,41,43,8377,13164
2023-08-07 11:34:26,40,42,8377,13164
2023-08-07 11:34:27,40,43,8377,13164
2023-08-07 11:34:27,41,43,8377,13164
2023-08-07 11:34:29,42,43,8377,13164
2023-08-07 11:34:31,41,43,8377,13164
2023-08-07 11:34:33,42,43,8377,13164
2023-08-07 11:34:34,41,43,8377,13164
2023-08-07 11:34:35,40,43,8377,13164
2023-08-07 11:34:36,41,43,8377,13164
2023-08-07 11:34:49,40,43,8377,13164
2023-08-07 11:34:54,41,43,8377,13164
2023-08-07 11:34:56,40,43,8377,13164
2023-08-07 11:35:01,39,43,8377,13164
2023-08-07 11:35:02,40,43,8377,13164
2023-08-07 11:35:05,41,43,8377,13164
2023-08-07 11:35:06,40,43,8377,13164
2023-08-07 11:35:07,41,43,8377,13164
2023-08-07 11:35:11,40,43,8377,13164
2023-08-07 11:35:15,41,43,8377,13164
2023-08-07 11:35:19,40,43,8377,13164
2023-08-07 11:35:25,41,43,8377,13164
2023-08-07 11:35:29,41,42,8377,13164
2023-08-07 11:35:31,40,42,8377,13164
2023-08-07 11:35:33,41,42,8377,13164
2023-08-07 11:35:34,40,42,8377,13164
2023-08-07 11:35:35,41,42,8377,13164
2023-08-07 11:35:36,40,42,8377,13164
2023-08-07 11:35:41,41,42,8377,13164
2023-08-07 11:35:42,39,42,8377,13164
2023-08-07 11:35:43,39,41,8377,13164
2023-08-07 11:35:46,39,40,8377,13164
2023-08-07 11:35:47,39,41,8377,13164
2023-08-07 11:35:53,39,40,8377,13164
2023-08-07 11:36:01,38,40,8377,13164
2023-08-07 11:36:01,38,39,8377,13164
2023-08-07 11:36:14,38,40,8377,13164
2023-08-07 11:36:15,39,40,8377,13164
2023-08-07 11:36:22,39,41,8377,13164
2023-08-07 11:36:24,40,41,8377,13164
2023-08-07 11:36:25,39,41,8377,13164
2023-08-07 11:36:50,39,40,8377,13164
2023-08-07 11:36:56,38,39,8277,13264
2023-08-07 11:36:57,38,40,8277,13264
2023-08-07 11:37:04,38,39,8277,13264
2023-08-07 11:37:04,37,39,8277,13264
2023-08-07 11:37:08,37,38,8277,13264
2023-08-07 11:37:39,37,39,8277,13264
2023-08-07 11:37:41,37,38,8277,13264
2023-08-07 11:37:43,37,39,8277,13264
2023-08-07 11:37:45,37,38,8277,13264
2023-08-07 11:37:48,37,39,8277,13264
2023-08-07 11:37:51,37,38,8277,13264
2023-08-07 11:37:56,36,38,8277,13264
2023-08-07 11:37:57,36,37,8277,13264
2023-08-07 11:38:01,36,37,8277,13464
2023-08-07 11:38:06,35,36,8177,13564
2023-08-07 11:38:07,35,37,8177,13564
2023-08-07 11:38:08,35,36,8177,13564
2023-08-07 11:38:13,35,37,8177,13564
2023-08-07 11:38:22,36,37,8177,13564
2023-08-07 11:38:23,36,38,8177,13564
2023-08-07 11:38:46,36,39,8177,13564
2023-08-07 11:38:51,36,38,8177,13564
2023-08-07 11:39:06,36,37,8177,13564
2023-08-07 11:39:17,35,37,8177,13564
2023-08-07 11:39:24,35,36,8177,13564
2023-08-07 11:39:27,35,37,8177,13564
2023-08-07 11:39:41,35,38,8177,13564
2023-08-07 11:39:49,36,38,8177,13564
2023-08-07 11:39:50,36,39,8177,13564
2023-08-07 11:40:07,36,38,8177,13564
2023-08-07 11:40:12,35,38,8177,13564
2023-08-07 11:40:12,36,38,8177,13564
2023-08-07 11:40:31,35,38,8177,13564
2023-08-07 11:40:31,36,38,8177,13564
2023-08-07 11:40:36,35,38,8177,13564
2023-08-07 11:40:37,35,36,8177,13564
2023-08-07 11:40:38,35,37,8177,13564
2023-08-07 11:40:39,35,36,8177,13564
2023-08-07 11:40:44,35,37,8177,13564
2023-08-07 11:40:45,35,36,8177,13564
2023-08-07 11:40:49,35,36,8177,13764
2023-08-07 11:40:49,34,36,8177,13764
2023-08-07 11:40:59,34,35,8177,13764
2023-08-07 11:41:00,34,36,8177,13764
2023-08-07 11:41:01,34,35,8177,13764
2023-08-07 11:41:02,34,36,8177,13764
2023-08-07 11:41:02,33,36,8177,13764
2023-08-07 11:41:02,34,36,8177,13764
2023-08-07 11:41:04,34,35,8177,13764
2023-08-07 11:41:08,34,36,8177,13764
2023-08-07 11:41:10,34,35,8177,13764
2023-08-07 11:41:13,34,36,8177,13764
2023-08-07 11:41:14,34,35,8177,13764
2023-08-07 11:41:16,34,36,8177,13764
2023-08-07 11:41:19,34,35,8177,13764
2023-08-07 11:41:31,34,36,8177,13764
2023-08-07 11:41:54,34,38,8177,13764
2023-08-07 11:41:54,35,38,8177,13764
2023-08-07 11:41:55,35,37,8177,13764
2023-08-07 11:41:56,35,38,8177,13764
2023-08-07 11:41:57,35,37,8177,13764
2023-08-07 11:41:59,35,36,8177,13764
2023-08-07 11:41:59,34,36,8177,13764
2023-08-07 11:42:04,34,37,8177,13764
2023-08-07 11:42:04,34,35,8177,13764
2023-08-07 11:42:55,35,38,8277,13864
2023-08-07 11:42:55,35,39,8277,13864
2023-08-07 11:42:56,35,38,8277,13864
2023-08-07 11:43:00,35,39,8277,13864
2023-08-07 11:43:01,36,39,8277,13864
2023-08-07 11:43:08,36,40,8277,13864
2023-08-07 11:43:13,36,39,8277,13864
2023-08-07 11:43:14,35,39,8277,13864
2023-08-07 11:43:14,36,39,8277,13864
2023-08-07 11:43:15,36,38,8277,13864
2023-08-07 11:43:25,35,38,8277,13864
2023-08-07 11:43:26,35,37,8277,13864
2023-08-07 11:43:27,34,37,8277,13864
2023-08-07 11:43:27,35,37,8277,13864
2023-08-07 11:43:36,35,36,8277,13864
2023-08-07 11:43:44,35,37,8277,13864
2023-08-07 11:43:46,35,36,8277,13864
2023-08-07 11:43:49,35,37,8277,13864
2023-08-07 11:44:09,35,36,8277,13864
2023-08-07 11:44:11,35,37,8277,13864
2023-08-07 11:44:12,35,36,8277,13864
2023-08-07 11:44:16,35,37,8277,13864
2023-08-07 11:44:39,35,36,8277,13864
2023-08-07 11:44:41,34,36,8277,13864
2023-08-07 11:45:12,34,35,8277,13864
2023-08-07 11:45:12,33,35,8277,13864
2023-08-07 11:45:16,33,34,8277,13864
2023-08-07 11:45:17,33,35,8277,13864
2023-08-07 11:45:39,33,36,8277,13864
2023-08-07 11:45:39,34,36,8277,13864
2023-08-07 11:45:48,34,35,8277,13864
2023-08-07 11:45:49,34,36,8277,13864
2023-08-07 11:46:00,34,37,8277,13864
2023-08-07 11:46:01,35,37,8277,13864
2023-08-07 11:46:02,35,36,8277,13864
2023-08-07 11:46:03,35,37,8277,13864
2023-08-07 11:46:04,35,36,8277,13864
2023-08-07 11:46:15,34,36,8277,13864
2023-08-07 11:46:16,34,35,8277,13864
2023-08-07 11:46:17,34,36,8277,13864
2023-08-07 11:46:18,34,35,8277,13864
2023-08-07 11:46:25,34,36,8277,13864
2023-08-07 11:46:37,34,37,8277,13864
2023-08-07 11:46:39,35,37,8277,13864
2023-08-07 11:46:43,35,38,8277,13864
2023-08-07 11:46:44,35,37,8277,13864
2023-08-07 11:46:50,35,38,8277,13864
2023-08-07 11:46:52,35,37,8277,13864
2023-08-07 11:47:01,34,37,8277,13864
2023-08-07 11:47:01,35,37,8277,13864
2023-08-07 11:47:03,35,36,8277,13864
2023-08-07 11:47:08,33,36,8277,13864
2023-08-07 11:47:08,34,36,8277,13864
2023-08-07 11:47:13,34,37,8277,13864
2023-08-07 11:47:13,33,37,8277,13864
2023-08-07 11:47:13,34,37,8277,13864
2023-08-07 11:47:13,35,37,8277,13864
2023-08-07 11:47:17,35,36,8277,13864
2023-08-07 11:47:21,33,36,8277,13864
2023-08-07 11:47:21,34,36,8277,13864
2023-08-07 11:47:23,34,35,8277,13864
2023-08-07 11:47:24,34,36,8277,13864
2023-08-07 11:47:25,34,35,8277,13864
2023-08-07 11:47:44,31,35,8277,13864
2023-08-07 11:47:44,32,35,8277,13864
2023-08-07 11:47:44,33,35,8277,13864
2023-08-07 11:48:06,33,34,8277,13864
2023-08-07 11:48:08,33,35,8277,13864
2023-08-07 11:48:09,33,34,8277,13864
2023-08-07 11:48:10,33,35,8277,13864
2023-08-07 11:48:14,33,34,8277,13864
2023-08-07 11:48:17,32,34,8277,13864
2023-08-07 11:48:17,33,34,8277,13864
2023-08-07 11:48:21,33,35,8277,13864
2023-08-07 11:48:27,32,35,8277,13864
2023-08-07 11:48:27,33,35,8277,13864
2023-08-07 11:48:54,33,34,8277,13864
2023-08-07 11:49:01,33,35,8277,13864
2023-08-07 11:49:02,33,34,8277,13864
2023-08-07 11:49:03,33,35,8277,13864
2023-08-07 11:49:07,33,34,8277,13864
2023-08-07 11:49:08,33,35,8277,13864
2023-08-07 11:49:11,33,34,8277,13864
2023-08-07 11:49:18,32,34,8277,13864
2023-08-07 11:49:19,33,34,8277,13864
2023-08-07 11:49:32,32,33,8177,13964
2023-08-07 11:49:39,32,33,8177,14214
2023-08-07 11:49:41,32,35,8177,14264
2023-08-07 11:49:42,33,35,8177,14264
2023-08-07 11:49:42,34,35,8177,14264
2023-08-07 11:49:51,32,35,8177,14264
2023-08-07 11:49:51,33,35,8177,14264
2023-08-07 11:49:53,33,34,8177,14264
2023-08-07 11:50:07,33,35,8177,14264
2023-08-07 11:50:11,32,35,8177,14264
2023-08-07 11:50:11,33,35,8177,14264
2023-08-07 11:50:11,34,35,8177,14264
2023-08-07 11:50:30,30,35,8177,14264
2023-08-07 11:50:30,33,35,8177,14264
2023-08-07 11:50:49,33,34,8177,14264
2023-08-07 11:50:51,33,35,8177,14264
2023-08-07 11:50:55,33,34,8177,14264
2023-08-07 11:51:04,32,34,8052,14464
2023-08-07 11:51:05,29,34,8052,14464
2023-08-07 11:51:05,32,34,8052,14464
2023-08-07 11:51:10,31,32,7973,14564
2023-08-07 11:51:10,29,32,7973,14564
2023-08-07 11:51:10,30,32,7973,14564
2023-08-07 11:51:10,31,32,7973,14564
2023-08-07 11:51:24,27,32,7973,14564
2023-08-07 11:51:24,30,32,7973,14564
2023-08-07 11:51:34,30,31,7973,14564
2023-08-07 11:51:35,30,32,7973,14564
2023-08-07 11:51:40,31,32,7973,14564
2023-08-07 11:51:44,31,33,7773,14764
2023-08-07 11:51:44,31,34,7773,14764
2023-08-07 11:51:45,32,34,7773,14764
2023-08-07 11:51:46,31,34,7773,14764
2023-08-07 11:51:46,31,33,7773,14764
2023-08-07 11:51:48,30,33,7773,14764
2023-08-07 11:51:48,30,32,7773,14764
2023-08-07 11:51:49,30,33,7773,14764
2023-08-07 11:51:49,31,33,7773,14764
2023-08-07 11:51:55,31,34,7773,14764
2023-08-07 11:51:55,32,34,7773,14764
2023-08-07 11:51:56,31,34,7773,14764
2023-08-07 11:51:56,31,33,7773,14764
2023-08-07 11:51:57,31,34,7773,14764
2023-08-07 11:51:57,32,34,7773,14764
2023-08-07 11:51:58,31,34,7773,14764
2023-08-07 11:51:58,31,33,7773,14764
2023-08-07 11:51:59,31,34,7773,14764
2023-08-07 11:51:59,31,33,7773,14764
2023-08-07 11:51:59,32,33,7773,14764
2023-08-07 11:52:01,32,34,7773,14764
2023-08-07 11:52:01,31,34,7773,14764
2023-08-07 11:52:01,31,33,7773,14764
2023-08-07 11:52:03,31,34,7773,14764
2023-08-07 11:52:03,32,34,7773,14764
2023-08-07 11:52:04,32,33,7773,14764
2023-08-07 11:52:05,31,33,7773,14764
2023-08-07 11:52:06,32,33,7773,14764
2023-08-07 11:52:09,31,33,7773,14764
2023-08-07 11:52:10,32,33,7773,14764
2023-08-07 11:52:20,32,34,7773,14764
2023-08-07 11:52:23,31,34,7773,14764
2023-08-07 11:52:23,31,33,7773,14764
2023-08-07 11:52:24,31,34,7773,14764
2023-08-07 11:52:24,32,34,7773,14764
2023-08-07 11:52:28,31,34,7773,14764
2023-08-07 11:52:28,31,33,7773,14764
2023-08-07 11:52:29,31,34,7773,14764
2023-08-07 11:52:30,32,34,7773,14764
2023-08-07 11:52:31,31,34,7773,14764
2023-08-07 11:52:31,31,33,7773,14764
2023-08-07 11:52:36,31,34,7773,14764
2023-08-07 11:52:36,32,34,7773,14764
2023-08-07 11:52:42,33,34,7773,14764
2023-08-07 11:52:45,32,34,7773,14764
2023-08-07 11:52:52,31,34,7773,14764
2023-08-07 11:52:52,31,33,7773,14764
2023-08-07 11:52:53,31,34,7773,14764
2023-08-07 11:52:53,32,34,7773,14764
2023-08-07 11:52:56,32,33,7773,14764
2023-08-07 11:53:00,31,33,7773,14764
2023-08-07 11:53:01,32,33,7773,14764
2023-08-07 11:53:02,31,33,7773,14764
2023-08-07 11:53:06,32,33,7773,14764
2023-08-07 11:53:09,31,32,7673,14864
2023-08-07 11:53:10,31,33,7673,14864
2023-08-07 11:53:11,32,33,7673,14864
2023-08-07 11:53:12,31,33,7673,14864
2023-08-07 11:53:13,31,33,7673,14864
2023-08-07 11:53:26,30,33,7673,14864
2023-08-07 11:53:26,30,32,7673,14864
2023-08-07 11:53:27,30,33,7673,14864
2023-08-07 11:53:27,31,33,7673,14864
2023-08-07 11:53:28,30,33,7673,14864
2023-08-07 11:53:28,30,32,7673,14864
2023-08-07 11:53:31,30,33,7673,14864
2023-08-07 11:53:31,31,33,7673,14864
2023-08-07 11:53:34,32,33,7673,14864
2023-08-07 11:53:35,31,33,7673,14864
2023-08-07 11:53:37,30,33,7673,14864
2023-08-07 11:53:37,30,32,7673,14864
2023-08-07 11:53:38,30,33,7673,14864
2023-08-07 11:53:38,31,33,7673,14864
2023-08-07 11:53:40,30,33,7673,14864
2023-08-07 11:53:40,30,32,7673,14864
2023-08-07 11:53:41,30,33,7673,14864
2023-08-07 11:53:41,31,33,7673,14864
2023-08-07 11:53:45,30,33,7673,14864
2023-08-07 11:53:46,30,32,7673,14864
2023-08-07 11:53:47,30,33,7673,14864
2023-08-07 11:53:47,31,33,7673,14864
2023-08-07 11:53:48,30,33,7673,14864
2023-08-07 11:53:48,30,32,7673,14864
2023-08-07 11:53:49,30,33,7673,14864
2023-08-07 11:53:49,31,33,7673,14864
2023-08-07 11:53:52,30,33,7673,14864
2023-08-07 11:53:52,30,32,7673,14864
2023-08-07 11:53:53,30,33,7673,14864
2023-08-07 11:53:53,31,33,7673,14864
2023-08-07 11:53:55,30,33,7673,14864
2023-08-07 11:53:55,30,32,7673,14864
2023-08-07 11:54:02,30,33,7673,14864
2023-08-07 11:54:03,31,33,7673,14864
2023-08-07 11:54:04,32,33,7673,14864
2023-08-07 11:54:06,31,33,7673,14864
2023-08-07 11:54:06,31,34,7673,14864
2023-08-07 11:54:06,31,33,7673,14864
2023-08-07 11:54:07,31,34,7673,14864
2023-08-07 11:54:07,32,34,7673,14864
2023-08-07 11:54:08,32,33,7673,14864
2023-08-07 11:54:09,31,33,7673,14864
2023-08-07 11:54:09,30,33,7673,14864
2023-08-07 11:54:10,31,33,7673,14864
2023-08-07 11:54:27,32,33,7673,14864
2023-08-07 11:54:29,31,33,7673,14864
2023-08-07 11:54:34,32,33,7673,14864
2023-08-07 11:54:37,31,33,7673,14864
2023-08-07 11:54:39,32,33,7673,14864
2023-08-07 11:54:43,31,33,7673,14864
2023-08-07 11:54:46,30,33,7673,14864
2023-08-07 11:54:46,30,32,7673,14864
2023-08-07 11:54:48,30,33,7673,14864
2023-08-07 11:54:48,30,32,7673,14864
2023-08-07 11:54:49,30,32,7673,14864
2023-08-07 11:54:49,28,32,7673,14864
2023-08-07 11:54:50,29,32,7673,14864
2023-08-07 11:54:51,30,32,7673,14864
2023-08-07 11:54:57,29,32,7673,14864
2023-08-07 11:54:58,29,31,7673,14864
2023-08-07 11:55:03,29,32,7673,14864
2023-08-07 11:55:03,30,32,7673,14864
2023-08-07 11:55:05,30,31,7673,14864
2023-08-07 11:55:06,29,31,7673,14864
2023-08-07 11:55:11,29,30,7673,14864
2023-08-07 11:55:16,28,30,7673,14864
2023-08-07 11:55:17,28,31,7673,14864
2023-08-07 11:55:17,29,31,7673,14864
2023-08-07 11:55:19,28,31,7673,14864
2023-08-07 11:55:19,28,30,7673,14864
2023-08-07 11:55:23,28,29,7673,14864
2023-08-07 11:55:23,25,29,7673,14864
2023-08-07 11:55:23,26,29,7673,14864
2023-08-07 11:55:23,27,29,7673,14864
2023-08-07 11:55:26,28,29,7673,14864
2023-08-07 11:55:30,27,29,7673,14864
2023-08-07 11:55:31,28,29,7673,14864
2023-08-07 11:55:32,27,29,7673,14864
2023-08-07 11:55:32,26,29,7673,14864
2023-08-07 11:55:32,26,28,7673,14864
2023-08-07 11:55:32,23,28,7673,14864
2023-08-07 11:55:32,26,28,7673,14864
2023-08-07 11:55:34,27,28,7673,14864
2023-08-07 11:55:37,25,28,7673,14864
2023-08-07 11:55:39,25,27,7673,14864
2023-08-07 11:55:39,26,27,7673,14864
2023-08-07 11:55:45,24,27,7673,14864
2023-08-07 11:55:46,25,27,7673,14864
2023-08-07 11:55:47,26,27,7673,14864
2023-08-07 11:55:48,25,27,7673,14864
2023-08-07 11:55:52,26,27,7673,14864
2023-08-07 11:55:57,25,27,7673,14864
2023-08-07 11:55:58,26,27,7673,14864
2023-08-07 11:55:59,25,27,7673,14864
2023-08-07 11:56:00,23,27,7673,14864
2023-08-07 11:56:00,23,26,7673,14864
2023-08-07 11:56:01,23,27,7673,14864
2023-08-07 11:56:01,24,27,7673,14864
2023-08-07 11:56:02,25,27,7673,14864
2023-08-07 11:56:03,26,27,7673,14864
2023-08-07 11:56:05,25,27,7673,14864
2023-08-07 11:56:06,26,27,7673,14864
2023-08-07 11:56:08,25,27,7673,14864
2023-08-07 11:56:16,25,28,7673,14864
2023-08-07 11:56:16,25,27,7673,14864
2023-08-07 11:56:16,26,27,7673,14864
2023-08-07 11:56:17,25,27,7673,14864
2023-08-07 11:56:19,25,28,7673,14864
2023-08-07 11:56:19,26,28,7673,14864
2023-08-07 11:56:21,27,28,7673,14864
2023-08-07 11:56:23,26,28,7673,14864
2023-08-07 11:56:24,27,28,7673,14864
2023-08-07 11:56:30,26,28,7673,14864
2023-08-07 11:56:31,27,28,7673,14864
2023-08-07 11:56:36,26,27,7573,14964
2023-08-07 11:56:36,22,27,7573,14964
2023-08-07 11:56:36,25,27,7573,14964
2023-08-07 11:56:37,25,28,7573,14964
2023-08-07 11:56:37,25,27,7573,14964
2023-08-07 11:56:40,26,27,7573,14964
2023-08-07 11:56:40,25,26,7648,15039
2023-08-07 11:56:41,25,27,7648,15039
2023-08-07 11:56:44,25,28,7648,15039
2023-08-07 11:56:44,26,28,7648,15039
2023-08-07 11:56:45,25,28,7648,15039
2023-08-07 11:56:46,25,28,7648,15039
2023-08-07 11:56:46,26,28,7648,15039
2023-08-07 11:56:48,25,28,7648,15039
2023-08-07 11:56:48,25,27,7648,15039
2023-08-07 11:56:54,25,28,7648,15039
2023-08-07 11:56:54,26,28,7648,15039
2023-08-07 11:56:55,27,28,7648,15039
2023-08-07 11:56:57,26,28,7648,15039
2023-08-07 11:56:58,25,28,7648,15039
2023-08-07 11:56:58,25,27,7648,15039
2023-08-07 11:57:03,25,28,7648,15039
2023-08-07 11:57:03,26,28,7648,15039
2023-08-07 11:57:07,25,28,7648,15039
2023-08-07 11:57:07,25,27,7648,15039
2023-08-07 11:57:08,26,27,7648,15039
2023-08-07 11:57:11,25,27,7648,15039
2023-08-07 11:57:12,26,27,7648,15039
2023-08-07 11:57:16,25,27,7648,15039
2023-08-07 11:57:19,26,27,7648,15039
2023-08-07 11:57:20,23,27,7448,15239
2023-08-07 11:57:21,24,27,7448,15239
2023-08-07 11:57:22,25,27,7448,15239
2023-08-07 11:57:25,24,27,7448,15239
2023-08-07 11:57:25,24,26,7448,15239
2023-08-07 11:57:33,23,26,7448,15239
2023-08-07 11:57:33,23,25,7448,15239
2023-08-07 11:57:34,23,26,7448,15239
2023-08-07 11:57:34,24,26,7448,15239
2023-08-07 11:57:36,23,26,7448,15239
2023-08-07 11:57:37,24,26,7448,15239
2023-08-07 11:57:39,24,27,7448,15239
2023-08-07 11:57:39,25,27,7448,15239
2023-08-07 11:57:42,24,27,7448,15239
2023-08-07 11:57:42,24,26,7448,15239
2023-08-07 11:57:45,24,27,7448,15239
2023-08-07 11:57:45,25,27,7448,15239
2023-08-07 11:57:47,24,27,7448,15239
2023-08-07 11:57:47,24,26,7448,15239
2023-08-07 11:57:50,24,27,7448,15239
2023-08-07 11:57:50,25,27,7448,15239
2023-08-07 11:57:52,24,27,7448,15239
2023-08-07 11:57:52,24,26,7448,15239
2023-08-07 11:57:53,24,27,7448,15239
2023-08-07 11:57:53,24,25,7448,15239
2023-08-07 11:57:53,24,25,7348,15339
2023-08-07 11:57:56,23,25,7348,15339
2023-08-07 11:57:57,24,25,7348,15339
2023-08-07 11:58:02,23,25,7348,15339
2023-08-07 11:58:03,24,25,7348,15339
2023-08-07 11:58:04,23,25,7348,15339
2023-08-07 11:58:06,24,25,7348,15339
2023-08-07 11:58:19,24,26,7348,15339
2023-08-07 11:58:21,23,26,7348,15339
2023-08-07 11:58:21,23,25,7348,15339
2023-08-07 11:58:27,23,26,7348,15339
2023-08-07 11:58:27,24,26,7348,15339
2023-08-07 11:58:31,23,26,7348,15339
2023-08-07 11:58:31,23,25,7348,15339
2023-08-07 11:58:33,23,26,7348,15339
2023-08-07 11:58:33,24,26,7348,15339
2023-08-07 11:58:46,23,26,7348,15339
2023-08-07 11:58:46,23,25,7348,15339
2023-08-07 11:58:48,23,26,7348,15339
2023-08-07 11:58:48,24,26,7348,15339
2023-08-07 11:58:52,24,27,7348,15339
2023-08-07 11:58:52,25,27,7348,15339
2023-08-07 11:58:53,24,27,7348,15339
2023-08-07 11:58:53,24,26,7348,15339
2023-08-07 11:58:54,24,27,7348,15339
2023-08-07 11:58:54,25,27,7348,15339
2023-08-07 11:58:55,24,27,7348,15339
2023-08-07 11:58:55,24,26,7348,15339
2023-08-07 11:58:58,24,27,7348,15339
2023-08-07 11:58:58,25,27,7348,15339
2023-08-07 11:58:59,24,27,7348,15339
2023-08-07 11:58:59,24,26,7348,15339
2023-08-07 11:59:02,24,27,7348,15339
2023-08-07 11:59:02,25,27,7348,15339
2023-08-07 11:59:06,25,28,7348,15339
2023-08-07 11:59:06,26,28,7348,15339
2023-08-07 11:59:08,25,28,7348,15339
2023-08-07 11:59:08,25,27,7348,15339
2023-08-07 11:59:10,25,28,7348,15339
2023-08-07 11:59:10,26,28,7348,15339
2023-08-07 11:59:12,25,28,7348,15339
2023-08-07 11:59:12,25,27,7348,15339
2023-08-07 11:59:16,25,28,7348,15339
2023-08-07 11:59:16,24,28,7348,15339
2023-08-07 11:59:16,25,28,7348,15339
2023-08-07 11:59:17,25,29,7348,15339
2023-08-07 11:59:17,25,28,7348,15339
2023-08-07 11:59:17,26,28,7348,15339
2023-08-07 11:59:18,25,28,7348,15339
2023-08-07 11:59:18,25,27,7348,15339
2023-08-07 11:59:18,26,27,7348,15339
2023-08-07 11:59:19,26,28,7348,15339
2023-08-07 11:59:24,26,29,7348,15339
2023-08-07 11:59:24,27,29,7348,15339
2023-08-07 11:59:27,26,29,7348,15339
2023-08-07 11:59:27,26,28,7348,15339
2023-08-07 11:59:30,26,29,7348,15339
2023-08-07 11:59:30,27,29,7348,15339
2023-08-07 11:59:34,26,29,7348,15339
2023-08-07 11:59:34,26,28,7348,15339
2023-08-07 11:59:35,26,29,7348,15339
2023-08-07 11:59:35,27,29,7348,15339
2023-08-07 11:59:36,26,29,7348,15339
2023-08-07 11:59:36,26,28,7348,15339
2023-08-07 11:59:41,26,29,7348,15339
2023-08-07 11:59:41,27,29,7348,15339
2023-08-07 11:59:43,26,29,7348,15339
2023-08-07 11:59:43,26,28,7348,15339
2023-08-07 11:59:45,26,29,7348,15339
2023-08-07 11:59:45,27,29,7348,15339
2023-08-07 11:59:47,27,28,7348,15339
2023-08-07 11:59:47,26,28,7348,15339
2023-08-07 11:59:48,26,27,7348,15339
2023-08-07 11:59:49,26,28,7348,15339
2023-08-07 11:59:56,25,28,7348,15339
2023-08-07 11:59:56,25,27,7348,15339
2023-08-07 11:59:59,25,26,7348,15339
2023-08-07 11:59:59,24,26,7348,15339
2023-08-07 12:00:01,24,27,7348,15339
2023-08-07 12:00:01,25,27,7348,15339
2023-08-07 12:00:04,24,27,7348,15339
2023-08-07 12:00:04,24,26,7348,15339
2023-08-07 12:00:05,24,27,7348,15339
2023-08-07 12:00:05,24,27,7348,15345
2023-08-07 12:00:06,24,26,7348,15345
2023-08-07 12:00:09,24,27,7348,15345
2023-08-07 12:00:09,25,27,7348,15345
2023-08-07 12:00:14,24,27,7348,15345
2023-08-07 12:00:14,24,26,7348,15345
2023-08-07 12:00:15,24,27,7348,15345
2023-08-07 12:00:15,25,27,7348,15345
2023-08-07 12:00:18,25,28,7348,15345
2023-08-07 12:00:18,26,28,7348,15345
2023-08-07 12:00:19,25,28,7348,15345
2023-08-07 12:00:19,25,27,7348,15345
2023-08-07 12:00:21,25,28,7348,15345
2023-08-07 12:00:22,26,28,7348,15345
2023-08-07 12:00:23,25,28,7348,15345
2023-08-07 12:00:23,25,27,7348,15345
2023-08-07 12:00:29,24,27,7348,15345
2023-08-07 12:00:29,24,26,7348,15345
2023-08-07 12:00:30,24,27,7348,15345
2023-08-07 12:00:30,25,27,7348,15345
2023-08-07 12:00:37,25,28,7348,15345
2023-08-07 12:00:37,26,28,7348,15345
2023-08-07 12:00:44,25,28,7348,15345
2023-08-07 12:00:44,25,27,7348,15345
2023-08-07 12:00:45,25,28,7348,15345
2023-08-07 12:00:45,26,28,7348,15345
2023-08-07 12:00:50,26,29,7348,15345
2023-08-07 12:00:50,27,29,7348,15345
2023-08-07 12:01:05,27,29,7348,15351
2023-08-07 12:01:07,27,28,7348,15351
2023-08-07 12:01:08,26,28,7348,15351
2023-08-07 12:01:10,25,28,7348,15351
2023-08-07 12:01:10,25,27,7348,15351
2023-08-07 12:01:12,25,28,7348,15351
2023-08-07 12:01:13,26,28,7348,15351
2023-08-07 12:01:19,25,28,7348,15351
2023-08-07 12:01:19,25,27,7348,15351
2023-08-07 12:01:20,25,28,7348,15351
2023-08-07 12:01:20,26,28,7348,15351
2023-08-07 12:01:24,25,28,7348,15351
2023-08-07 12:01:24,25,27,7348,15351
2023-08-07 12:01:26,24,27,7348,15351
2023-08-07 12:01:26,24,26,7348,15351
2023-08-07 12:01:28,24,27,7348,15351
2023-08-07 12:01:28,25,27,7348,15351
2023-08-07 12:01:36,24,27,7348,15351
2023-08-07 12:01:36,24,26,7348,15351
2023-08-07 12:01:38,24,25,7348,15351
2023-08-07 12:01:42,22,25,7348,15351
2023-08-07 12:01:43,23,25,7348,15351
2023-08-07 12:01:44,24,25,7348,15351
2023-08-07 12:01:47,23,25,7348,15351
2023-08-07 12:01:50,24,25,7348,15351
2023-08-07 12:01:51,23,25,7348,15351
2023-08-07 12:01:52,24,25,7348,15351
2023-08-07 12:01:54,23,25,7348,15351
2023-08-07 12:02:02,24,25,7348,15351
2023-08-07 12:02:05,24,25,7348,15357
2023-08-07 12:02:07,23,25,7348,15357
2023-08-07 12:02:08,24,25,7348,15357
2023-08-07 12:02:09,23,25,7348,15357
2023-08-07 12:02:10,24,25,7348,15357
2023-08-07 12:02:19,23,25,7348,15357
2023-08-07 12:02:20,24,25,7348,15357
2023-08-07 12:02:21,23,25,7348,15357
2023-08-07 12:02:22,24,25,7348,15357
2023-08-07 12:02:23,23,25,7348,15357
2023-08-07 12:02:25,24,25,7348,15357
2023-08-07 12:02:28,23,25,7348,15357
2023-08-07 12:02:29,24,25,7348,15357
2023-08-07 12:02:35,23,25,7348,15357
2023-08-07 12:02:36,24,25,7348,15357
2023-08-07 12:02:39,24,27,7348,15357
2023-08-07 12:02:40,25,27,7348,15357
2023-08-07 12:02:41,24,27,7348,15357
2023-08-07 12:02:41,24,26,7348,15357
2023-08-07 12:02:42,24,27,7348,15357
2023-08-07 12:02:42,25,27,7348,15357
2023-08-07 12:02:45,25,28,7348,15357
2023-08-07 12:02:45,26,28,7348,15357
2023-08-07 12:02:46,25,28,7348,15357
2023-08-07 12:02:46,25,27,7348,15357
2023-08-07 12:02:50,25,28,7348,15357
2023-08-07 12:02:52,24,28,7348,15357
2023-08-07 12:02:52,24,27,7348,15357
2023-08-07 12:02:53,25,27,7348,15357
2023-08-07 12:02:57,25,26,7348,15357
2023-08-07 12:02:57,24,26,7348,15357
2023-08-07 12:02:59,24,27,7348,15357
2023-08-07 12:02:59,25,27,7348,15357
2023-08-07 12:03:00,24,27,7348,15357
2023-08-07 12:03:00,24,26,7348,15357
2023-08-07 12:03:01,24,27,7348,15357
2023-08-07 12:03:01,24,28,7348,15357
2023-08-07 12:03:01,25,28,7348,15357
2023-08-07 12:03:02,25,27,7348,15357
2023-08-07 12:03:03,24,27,7348,15357
2023-08-07 12:03:03,24,26,7348,15357
2023-08-07 12:03:05,24,27,7348,15357
2023-08-07 12:03:05,25,27,7348,15357
2023-08-07 12:03:07,24,27,7348,15357
2023-08-07 12:03:07,24,26,7348,15357
2023-08-07 12:03:09,24,27,7348,15357
2023-08-07 12:03:09,25,27,7348,15357
2023-08-07 12:03:11,25,28,7348,15357
2023-08-07 12:03:11,26,28,7348,15357
2023-08-07 12:03:20,25,28,7348,15357
2023-08-07 12:03:20,25,27,7348,15357
2023-08-07 12:03:23,25,28,7348,15357
2023-08-07 12:03:23,26,28,7348,15357
2023-08-07 12:03:25,25,28,7348,15357
2023-08-07 12:03:25,25,27,7348,15357
2023-08-07 12:03:26,25,28,7348,15357
2023-08-07 12:03:26,26,28,7348,15357
2023-08-07 12:03:32,26,27,7348,15357
2023-08-07 12:03:33,25,27,7348,15357
2023-08-07 12:03:33,24,25,7248,15457
2023-08-07 12:03:33,23,25,7248,15457
2023-08-07 12:03:33,22,25,7248,15457
2023-08-07 12:03:34,22,27,7248,15457
2023-08-07 12:03:34,23,27,7248,15457
2023-08-07 12:03:35,24,27,7248,15457
2023-08-07 12:03:35,24,26,7248,15457
2023-08-07 12:03:41,24,28,7248,15457
2023-08-07 12:03:41,25,28,7248,15457
2023-08-07 12:03:42,26,28,7248,15457
2023-08-07 12:03:43,26,27,7248,15457
2023-08-07 12:03:44,24,26,7248,15457
2023-08-07 12:03:48,24,27,7248,15457
2023-08-07 12:03:48,25,27,7248,15457
2023-08-07 12:03:51,24,27,7248,15457
2023-08-07 12:03:51,24,26,7248,15457
2023-08-07 12:04:03,24,25,7248,15457
2023-08-07 12:04:05,24,26,7248,15457
2023-08-07 12:04:08,24,27,7248,15457
2023-08-07 12:04:08,25,27,7248,15457
2023-08-07 12:04:09,24,27,7248,15457
2023-08-07 12:04:09,24,26,7248,15457
2023-08-07 12:04:13,24,27,7248,15457
2023-08-07 12:04:13,25,27,7248,15457
2023-08-07 12:04:18,24,27,7248,15457
2023-08-07 12:04:18,24,26,7248,15457
2023-08-07 12:04:22,23,26,7248,15457
2023-08-07 12:04:22,23,25,7248,15457
2023-08-07 12:04:23,23,26,7248,15457
2023-08-07 12:04:23,24,26,7248,15457
2023-08-07 12:04:27,23,26,7248,15457
2023-08-07 12:04:27,23,25,7248,15457
2023-08-07 12:04:28,23,26,7248,15457
2023-08-07 12:04:28,24,26,7248,15457
2023-08-07 12:04:34,24,27,7248,15457
2023-08-07 12:04:34,25,27,7248,15457
2023-08-07 12:04:38,24,27,7248,15457
2023-08-07 12:04:38,24,26,7248,15457
2023-08-07 12:04:41,24,25,7248,15457
2023-08-07 12:04:42,24,26,7248,15457
2023-08-07 12:04:43,24,27,7248,15457
2023-08-07 12:04:43,25,27,7248,15457
2023-08-07 12:04:44,24,27,7248,15457
2023-08-07 12:04:44,24,26,7248,15457
2023-08-07 12:04:47,24,27,7248,15457
2023-08-07 12:04:47,25,27,7248,15457
2023-08-07 12:04:50,24,27,7248,15457
2023-08-07 12:04:50,24,26,7248,15457
2023-08-07 12:04:53,24,27,7248,15457
2023-08-07 12:04:53,25,27,7248,15457
2023-08-07 12:05:01,24,27,7248,15457
2023-08-07 12:05:01,24,26,7248,15457
2023-08-07 12:05:03,23,26,7248,15457
2023-08-07 12:05:03,23,25,7248,15457
2023-08-07 12:05:04,23,26,7248,15457
2023-08-07 12:05:04,24,26,7248,15457
2023-08-07 12:05:06,23,26,7248,15457
2023-08-07 12:05:06,23,25,7248,15457
2023-08-07 12:05:09,23,27,7248,15457
2023-08-07 12:05:09,24,27,7248,15457
2023-08-07 12:05:10,25,27,7248,15457
2023-08-07 12:05:11,24,27,7248,15457
2023-08-07 12:05:11,24,26,7248,15457
2023-08-07 12:05:15,24,27,7248,15457
2023-08-07 12:05:15,25,27,7248,15457
2023-08-07 12:05:20,25,26,7248,15457
2023-08-07 12:05:21,25,27,7248,15457
2023-08-07 12:05:23,25,26,7248,15457
2023-08-07 12:05:25,25,27,7248,15457
2023-08-07 12:05:25,25,29,7248,15457
2023-08-07 12:05:26,26,28,7248,15457
2023-08-07 12:05:27,27,28,7248,15457
2023-08-07 12:05:28,25,28,7248,15457
2023-08-07 12:05:28,24,28,7248,15457
2023-08-07 12:05:29,25,28,7248,15457
2023-08-07 12:05:51,24,27,7248,15457
2023-08-07 12:05:51,24,26,7248,15457
2023-08-07 12:05:52,24,25,7248,15457
2023-08-07 12:05:54,24,26,7248,15457
2023-08-07 12:05:57,24,27,7248,15457
2023-08-07 12:05:57,25,27,7248,15457
2023-08-07 12:06:02,24,27,7248,15457
2023-08-07 12:06:02,24,26,7248,15457
2023-08-07 12:06:05,24,27,7248,15457
2023-08-07 12:06:05,25,27,7248,15457
