datetime,bid,ask,open_interest,volume
2023-10-25 09:31:00,11,99,70,70
2023-10-25 09:31:00,11,15,70,70
2023-10-25 09:31:00,11,14,70,70
2023-10-25 09:31:01,12,14,70,70
2023-10-25 09:31:02,11,14,70,70
2023-10-25 09:31:03,11,15,70,70
2023-10-25 09:31:03,12,15,70,70
2023-10-25 09:31:03,12,14,70,70
2023-10-25 09:31:08,12,15,70,70
2023-10-25 09:31:20,13,15,70,70
2023-10-25 09:31:23,12,15,70,70
2023-10-25 09:31:26,13,15,70,70
2023-10-25 09:31:42,13,16,70,70
2023-10-25 09:31:52,14,16,70,70
2023-10-25 09:31:53,14,15,70,70
2023-10-25 09:31:56,14,16,70,70
2023-10-25 09:32:06,15,16,70,70
2023-10-25 09:32:08,15,17,70,70
2023-10-25 09:32:16,16,17,70,70
2023-10-25 09:32:16,16,17,250,250
2023-10-25 09:32:30,15,17,250,250
2023-10-25 09:32:36,16,17,250,250
2023-10-25 09:32:54,15,17,250,250
2023-10-25 09:33:01,16,17,250,250
2023-10-25 09:33:02,15,17,250,250
2023-10-25 09:33:03,16,17,250,250
2023-10-25 09:33:04,15,17,250,250
2023-10-25 09:33:05,16,17,250,250
2023-10-25 09:33:06,15,17,250,250
2023-10-25 09:33:09,16,17,250,250
2023-10-25 09:33:18,15,17,250,250
2023-10-25 09:33:19,16,17,250,250
2023-10-25 09:33:20,15,17,250,250
2023-10-25 09:33:37,16,17,250,250
2023-10-25 09:33:40,16,18,250,250
2023-10-25 09:34:46,17,18,250,250
2023-10-25 09:34:51,17,19,250,250
2023-10-25 09:35:04,18,19,250,250
2023-10-25 09:35:06,18,20,250,250
2023-10-25 09:35:11,19,20,250,250
2023-10-25 09:35:21,19,20,350,350
2023-10-25 09:35:25,19,21,350,350
2023-10-25 09:35:25,20,21,350,350
2023-10-25 09:35:36,20,21,410,410
2023-10-25 09:35:57,20,22,410,410
2023-10-25 09:35:57,21,22,410,410
2023-10-25 09:35:57,21,22,556,556
2023-10-25 09:35:59,21,22,596,596
2023-10-25 09:35:59,20,22,596,596
2023-10-25 09:36:00,21,22,596,596
2023-10-25 09:36:03,21,22,664,664
2023-10-25 09:36:03,20,22,664,664
2023-10-25 09:36:03,21,22,664,664
2023-10-25 09:36:04,20,22,664,664
2023-10-25 09:36:04,21,22,664,664
2023-10-25 09:36:04,21,22,696,696
2023-10-25 09:36:05,20,22,696,696
2023-10-25 09:36:09,19,22,696,696
2023-10-25 09:36:10,20,22,696,696
2023-10-25 09:36:23,21,22,696,696
2023-10-25 09:36:23,21,22,775,775
2023-10-25 09:36:23,20,22,775,775
2023-10-25 09:36:26,21,22,775,775
2023-10-25 09:36:32,20,22,775,775
2023-10-25 09:36:45,19,22,775,775
2023-10-25 09:36:47,20,22,775,775
2023-10-25 09:36:48,20,21,775,775
2023-10-25 09:36:49,20,21,775,775
2023-10-25 09:36:49,20,22,775,775
2023-10-25 09:36:57,19,22,775,775
2023-10-25 09:36:57,20,22,775,775
2023-10-25 09:36:59,20,21,775,775
2023-10-25 09:37:00,19,21,775,775
2023-10-25 09:37:11,19,20,775,775
2023-10-25 09:37:16,19,21,775,775
2023-10-25 09:37:17,19,20,775,775
2023-10-25 09:37:20,19,21,775,775
2023-10-25 09:37:31,19,22,775,775
2023-10-25 09:37:37,20,22,775,775
2023-10-25 09:37:37,19,22,775,775
2023-10-25 09:37:38,20,22,775,775
2023-10-25 09:37:38,20,21,775,775
2023-10-25 09:37:38,19,21,775,775
2023-10-25 09:38:09,19,22,775,775
2023-10-25 09:38:10,20,22,775,775
2023-10-25 09:38:29,21,22,775,775
2023-10-25 09:38:33,20,22,775,775
2023-10-25 09:38:40,21,22,775,775
2023-10-25 09:38:41,20,22,775,775
2023-10-25 09:39:00,19,22,775,775
2023-10-25 09:39:00,19,21,775,775
2023-10-25 09:39:01,19,22,775,775
2023-10-25 09:39:02,19,21,775,775
2023-10-25 09:39:13,19,22,775,775
2023-10-25 09:39:13,19,21,775,775
2023-10-25 09:39:23,19,22,775,775
2023-10-25 09:39:26,19,21,775,775
2023-10-25 09:39:28,19,22,775,775
2023-10-25 09:39:29,19,21,775,775
2023-10-25 09:39:31,19,22,775,775
2023-10-25 09:39:35,19,21,775,775
2023-10-25 09:39:35,20,21,775,775
2023-10-25 09:39:37,20,22,775,775
2023-10-25 09:39:53,20,21,775,775
2023-10-25 09:39:53,19,21,775,775
2023-10-25 09:40:12,19,20,775,775
2023-10-25 09:40:12,19,21,775,775
2023-10-25 09:40:23,19,22,775,775
2023-10-25 09:40:25,20,22,775,775
2023-10-25 09:40:26,19,22,775,775
2023-10-25 09:40:27,20,22,775,775
2023-10-25 09:40:43,19,22,775,775
2023-10-25 09:40:44,20,22,775,775
2023-10-25 09:40:48,20,22,835,835
2023-10-25 09:41:08,19,22,835,835
2023-10-25 09:41:08,20,22,835,835
2023-10-25 09:41:37,21,22,835,835
2023-10-25 09:41:39,20,22,835,835
2023-10-25 09:41:44,21,22,835,835
2023-10-25 09:41:45,20,22,835,835
2023-10-25 09:41:46,21,22,835,835
2023-10-25 09:41:52,21,22,975,975
2023-10-25 09:42:05,21,23,975,975
2023-10-25 09:42:05,22,23,975,975
2023-10-25 09:42:34,21,23,975,975
2023-10-25 09:42:53,21,22,975,975
2023-10-25 09:43:00,21,23,975,975
2023-10-25 09:43:00,21,22,975,975
2023-10-25 09:43:03,21,23,975,975
2023-10-25 09:43:09,21,22,975,975
2023-10-25 09:43:13,21,23,975,975
2023-10-25 09:43:37,22,23,975,975
2023-10-25 09:43:38,21,23,975,975
2023-10-25 09:43:39,22,23,975,975
2023-10-25 09:43:41,21,23,975,975
2023-10-25 09:43:43,22,23,975,975
2023-10-25 09:44:13,21,23,975,975
2023-10-25 09:44:14,22,23,975,975
2023-10-25 09:44:15,21,23,975,975
2023-10-25 09:44:15,22,23,975,975
2023-10-25 09:44:16,21,23,975,975
2023-10-25 09:44:16,22,23,975,975
2023-10-25 09:44:19,21,23,975,975
2023-10-25 09:44:21,22,23,975,975
2023-10-25 09:44:24,21,23,975,975
2023-10-25 09:44:26,22,23,975,975
2023-10-25 09:44:28,21,23,975,975
2023-10-25 09:44:32,22,23,975,975
2023-10-25 09:44:34,21,23,975,975
2023-10-25 09:44:36,22,23,975,975
2023-10-25 09:44:39,21,23,975,975
2023-10-25 09:44:43,22,23,975,975
2023-10-25 09:45:04,22,24,975,975
2023-10-25 09:45:04,23,24,975,975
2023-10-25 09:46:51,23,25,975,975
2023-10-25 09:46:51,24,25,975,975
2023-10-25 09:47:03,23,25,975,975
2023-10-25 09:47:14,23,24,975,975
2023-10-25 09:47:14,22,24,975,975
2023-10-25 09:47:20,23,24,975,975
2023-10-25 09:47:21,23,25,975,975
2023-10-25 09:47:46,23,24,975,975
2023-10-25 09:47:49,23,25,975,975
2023-10-25 09:48:02,23,24,975,975
2023-10-25 09:48:06,23,25,975,975
2023-10-25 09:48:11,22,25,975,975
2023-10-25 09:48:12,23,25,975,975
2023-10-25 09:48:37,23,24,975,975
2023-10-25 09:48:45,23,25,975,975
2023-10-25 09:48:50,23,24,975,975
2023-10-25 09:48:52,23,25,975,975
2023-10-25 09:48:53,23,24,975,975
2023-10-25 09:48:55,23,25,975,975
2023-10-25 09:48:58,23,24,975,975
2023-10-25 09:49:00,23,25,975,975
2023-10-25 09:49:04,23,24,975,975
2023-10-25 09:49:05,23,25,975,975
2023-10-25 09:49:06,23,24,975,975
2023-10-25 09:49:10,23,25,975,975
2023-10-25 09:49:16,23,24,975,975
2023-10-25 09:49:19,23,25,975,975
2023-10-25 09:49:26,24,25,975,975
2023-10-25 09:49:26,24,25,1035,1035
2023-10-25 09:49:31,23,25,1035,1035
2023-10-25 09:49:31,24,25,1035,1035
2023-10-25 09:49:32,23,25,1035,1035
2023-10-25 09:49:43,24,25,1035,1035
2023-10-25 09:50:22,24,25,1329,1329
2023-10-25 09:50:57,23,25,1329,1329
2023-10-25 09:50:57,23,24,1329,1329
2023-10-25 09:55:41,22,24,1329,1329
2023-10-25 09:55:41,22,23,1329,1329
2023-10-25 09:56:28,21,23,1329,1329
2023-10-25 09:56:28,21,22,1329,1329
2023-10-25 09:58:12,22,23,1329,1384
2023-10-25 09:58:12,21,23,1474,1529
2023-10-25 09:59:10,21,23,1529,1584
2023-10-25 09:59:11,21,22,1529,1584
2023-10-25 10:00:10,21,23,1529,1584
2023-10-25 10:00:11,21,24,1529,1584
2023-10-25 10:00:15,21,23,1529,1584
2023-10-25 10:00:17,21,24,1529,1584
2023-10-25 10:00:31,22,24,1529,1584
2023-10-25 10:00:46,23,24,1529,1584
2023-10-25 10:01:03,24,25,1561,1616
2023-10-25 10:01:13,24,26,1561,1616
2023-10-25 10:01:26,23,26,1561,1616
2023-10-25 10:01:30,23,25,1561,1616
2023-10-25 10:01:40,23,26,1561,1616
2023-10-25 10:01:44,24,26,1561,1616
2023-10-25 10:01:49,23,26,1561,1616
2023-10-25 10:02:03,24,26,1561,1616
2023-10-25 10:02:04,23,26,1561,1616
2023-10-25 10:02:21,24,26,1561,1616
2023-10-25 10:02:42,23,26,1561,1616
2023-10-25 10:02:44,23,25,1561,1616
2023-10-25 10:03:09,23,24,1561,1616
2023-10-25 10:03:39,22,24,1561,1616
2023-10-25 10:04:45,22,25,1561,1616
2023-10-25 10:04:46,22,24,1561,1616
2023-10-25 10:04:55,22,25,1561,1616
2023-10-25 10:04:56,22,24,1561,1616
2023-10-25 10:05:01,22,25,1561,1616
2023-10-25 10:05:02,23,25,1561,1616
2023-10-25 10:05:04,22,25,1561,1616
2023-10-25 10:06:01,22,23,1561,1616
2023-10-25 10:06:39,22,25,1761,1816
2023-10-25 10:06:40,23,25,1761,1816
2023-10-25 10:07:08,23,26,1761,1816
2023-10-25 10:08:11,23,25,1761,1816
2023-10-25 10:08:38,23,24,1761,1816
2023-10-25 10:08:39,22,24,1761,1816
2023-10-25 10:08:59,22,25,1761,1816
2023-10-25 10:08:59,22,24,1761,1816
2023-10-25 10:11:54,22,25,1761,1816
2023-10-25 10:11:55,23,25,1761,1816
2023-10-25 10:12:18,24,25,1761,1816
2023-10-25 10:12:21,24,25,1941,2066
2023-10-25 10:12:30,24,25,2191,2316
2023-10-25 10:12:44,24,25,2441,2566
2023-10-25 10:12:46,24,25,2691,2816
2023-10-25 10:12:52,24,25,2941,3066
2023-10-25 10:12:56,24,25,3191,3316
2023-10-25 10:14:16,24,25,3391,3516
2023-10-25 10:15:33,23,25,3391,3516
2023-10-25 10:15:40,23,26,3391,3616
2023-10-25 10:15:55,23,25,3391,3616
2023-10-25 10:16:31,23,25,3391,3624
2023-10-25 10:16:36,24,25,3391,3624
2023-10-25 10:16:39,23,25,3391,3624
2023-10-25 10:16:54,23,25,3571,3804
2023-10-25 10:16:55,23,24,3571,3804
2023-10-25 10:16:56,22,24,3571,3804
2023-10-25 10:16:59,23,24,3571,3804
2023-10-25 10:16:59,23,24,3691,3924
2023-10-25 10:16:59,22,24,3691,3924
2023-10-25 10:17:03,23,24,3691,3924
2023-10-25 10:17:19,23,25,3691,3924
2023-10-25 10:17:23,24,25,3691,3924
2023-10-25 10:17:23,23,25,3831,4064
2023-10-25 10:17:25,24,25,3831,4064
2023-10-25 10:17:25,24,25,3871,4104
2023-10-25 10:17:25,23,25,3871,4104
2023-10-25 10:17:26,24,25,3871,4104
2023-10-25 10:18:00,24,25,3871,4106
2023-10-25 10:18:02,23,25,3871,4106
2023-10-25 10:18:05,24,25,3871,4106
2023-10-25 10:18:10,24,26,3871,4106
2023-10-25 10:18:14,25,26,3871,4106
2023-10-25 10:18:14,25,26,3991,4226
2023-10-25 10:18:14,24,26,3991,4226
2023-10-25 10:18:15,25,26,3991,4226
2023-10-25 10:18:19,24,26,3991,4226
2023-10-25 10:18:23,24,25,3991,4226
2023-10-25 10:18:30,23,25,3991,4226
2023-10-25 10:18:36,24,25,3991,4226
2023-10-25 10:18:36,23,25,3991,4226
2023-10-25 10:18:37,24,25,3991,4226
2023-10-25 10:18:38,23,25,3991,4226
2023-10-25 10:18:43,24,25,3991,4226
2023-10-25 10:18:44,23,25,3991,4226
2023-10-25 10:19:18,24,25,3991,4226
2023-10-25 10:19:21,23,25,3991,4226
2023-10-25 10:19:38,24,25,3991,4226
2023-10-25 10:20:24,23,25,3991,4226
2023-10-25 10:20:35,24,25,3991,4226
2023-10-25 10:20:40,23,25,3991,4226
2023-10-25 10:20:41,24,25,3991,4226
2023-10-25 10:20:52,23,25,3991,4226
2023-10-25 10:21:09,23,26,3991,4226
2023-10-25 10:21:10,23,25,3991,4226
2023-10-25 10:21:12,24,25,3991,4226
2023-10-25 10:21:34,23,25,3991,4226
2023-10-25 10:23:12,23,26,3991,4226
2023-10-25 10:23:18,23,25,3991,4226
2023-10-25 10:23:30,23,24,3991,4226
2023-10-25 10:23:33,23,24,4051,4286
2023-10-25 10:23:33,22,24,4051,4286
2023-10-25 10:23:38,22,23,4051,4286
2023-10-25 10:23:45,22,24,4051,4286
2023-10-25 10:23:55,22,25,4051,4286
2023-10-25 10:23:58,23,25,4051,4286
2023-10-25 10:24:02,23,24,4051,4286
2023-10-25 10:24:58,22,24,4051,4286
2023-10-25 10:25:04,22,25,4051,4286
2023-10-25 10:25:05,22,24,4051,4286
2023-10-25 10:25:13,22,25,4051,4286
2023-10-25 10:25:21,23,25,4051,4286
2023-10-25 10:25:59,23,26,4051,4286
2023-10-25 10:26:00,23,25,4051,4286
2023-10-25 10:26:13,23,26,4051,4286
2023-10-25 10:26:15,24,26,4051,4286
2023-10-25 10:26:16,23,26,4051,4286
2023-10-25 10:26:16,24,26,4051,4286
2023-10-25 10:26:24,25,26,4051,4286
2023-10-25 10:26:48,25,27,3451,4886
2023-10-25 10:26:59,26,27,3451,4886
2023-10-25 10:27:01,25,27,3451,4886
2023-10-25 10:27:01,27,28,3812,5686
2023-10-25 10:27:02,26,28,3812,5686
2023-10-25 10:27:02,27,28,3812,5686
2023-10-25 10:27:03,26,28,3812,5686
2023-10-25 10:27:31,27,28,3812,5686
2023-10-25 10:27:31,27,28,3992,5866
2023-10-25 10:27:32,26,28,3992,5866
2023-10-25 10:27:44,26,27,3992,5866
2023-10-25 10:27:45,26,28,3992,5866
2023-10-25 10:29:24,25,28,3992,5866
2023-10-25 10:29:28,25,27,3992,5866
2023-10-25 10:29:52,25,28,3992,5866
2023-10-25 10:29:53,25,27,3992,5866
2023-10-25 10:29:57,25,28,3992,5866
2023-10-25 10:29:58,25,27,3992,5866
2023-10-25 10:30:03,25,28,3992,5866
2023-10-25 10:30:09,25,27,3992,5866
2023-10-25 10:30:10,25,28,3992,5866
2023-10-25 10:30:12,25,27,3992,5866
2023-10-25 10:30:13,25,28,3992,5866
2023-10-25 10:30:20,25,27,3992,5866
2023-10-25 10:30:22,25,28,3992,5866
2023-10-25 10:30:28,25,27,3992,5866
2023-10-25 10:30:29,25,28,3992,5866
2023-10-25 10:30:29,25,27,3992,5866
2023-10-25 10:30:38,25,28,3992,5866
2023-10-25 10:30:39,25,27,3992,5866
2023-10-25 10:30:46,25,27,3992,5926
2023-10-25 10:30:47,24,27,3992,5926
2023-10-25 10:31:39,24,26,3992,5926
2023-10-25 10:31:54,24,25,3992,5926
2023-10-25 10:31:56,23,25,3992,5926
2023-10-25 10:32:14,23,24,3992,5926
2023-10-25 10:32:34,22,24,4091,6326
2023-10-25 10:32:38,22,25,4091,6326
2023-10-25 10:32:39,23,25,4091,6326
2023-10-25 10:33:18,22,25,4091,6326
2023-10-25 10:33:28,22,24,4091,6326
2023-10-25 10:35:11,22,25,4091,6326
2023-10-25 10:35:22,23,25,4091,6326
2023-10-25 10:36:31,22,25,4091,6326
2023-10-25 10:36:49,22,24,4091,6326
2023-10-25 10:37:01,22,25,4091,6326
2023-10-25 10:37:08,23,25,4091,6326
2023-10-25 10:37:19,22,25,4091,6326
2023-10-25 10:37:41,23,25,4091,6326
2023-10-25 10:38:17,22,25,4091,6326
2023-10-25 10:38:23,23,25,4091,6326
2023-10-25 10:38:25,22,25,4091,6326
2023-10-25 10:38:33,22,24,4091,6326
2023-10-25 10:39:12,22,23,4091,6326
2023-10-25 10:39:13,22,23,4151,6386
2023-10-25 10:39:14,21,23,4151,6386
2023-10-25 10:39:37,21,22,4151,6386
2023-10-25 10:39:37,21,22,4211,6446
2023-10-25 10:39:38,20,22,4351,6586
2023-10-25 10:39:42,20,21,4351,6586
2023-10-25 10:39:43,20,21,4471,6706
2023-10-25 10:39:45,19,21,4471,6706
2023-10-25 10:39:49,19,20,4471,6706
2023-10-25 10:39:54,19,21,4471,6706
2023-10-25 10:40:21,19,22,4471,6706
2023-10-25 10:40:21,20,22,4471,6706
2023-10-25 10:41:06,20,23,4471,6706
2023-10-25 10:41:11,20,22,4471,6706
2023-10-25 10:41:29,20,22,5571,7806
2023-10-25 10:41:29,20,21,5571,7806
2023-10-25 10:41:30,20,22,5571,7806
2023-10-25 10:41:31,21,22,5571,7806
2023-10-25 10:41:50,21,22,5574,7809
2023-10-25 10:41:53,21,22,5324,8059
2023-10-25 10:41:56,21,22,5074,8309
2023-10-25 10:41:59,21,23,4961,8422
2023-10-25 10:41:59,21,22,4961,8422
2023-10-25 10:42:01,21,23,4844,8649
2023-10-25 10:42:02,21,22,4844,8649
2023-10-25 10:42:03,21,23,4844,8755
2023-10-25 10:42:03,21,22,4844,8755
2023-10-25 10:42:04,21,23,4844,8876
2023-10-25 10:42:04,21,22,4844,8876
2023-10-25 10:42:06,21,23,4844,9084
2023-10-25 10:42:06,21,22,4844,9084
2023-10-25 10:42:08,21,22,4844,9334
2023-10-25 10:42:08,21,23,4844,9334
2023-10-25 10:42:29,22,23,4844,9334
2023-10-25 10:42:29,21,23,4844,9334
2023-10-25 10:43:33,22,23,4844,9334
2023-10-25 10:43:34,21,23,4844,9334
2023-10-25 10:43:39,22,23,4844,9334
2023-10-25 10:43:41,21,23,4844,9334
2023-10-25 10:43:47,21,22,4844,9334
2023-10-25 10:43:51,21,23,4844,9334
2023-10-25 10:43:51,21,22,4844,9334
2023-10-25 10:43:52,21,23,4844,9334
2023-10-25 10:43:59,21,22,4844,9334
2023-10-25 10:44:04,21,22,5094,9584
2023-10-25 10:44:11,21,23,5344,9834
2023-10-25 10:44:20,22,23,5344,9834
2023-10-25 10:44:34,22,24,5344,9834
2023-10-25 10:45:13,22,23,5344,9834
2023-10-25 10:45:14,22,24,5344,9834
2023-10-25 10:45:14,22,23,5344,9834
2023-10-25 10:45:26,22,24,5344,9834
2023-10-25 10:45:30,22,23,5344,9834
2023-10-25 10:45:34,22,23,5344,9836
2023-10-25 10:45:37,22,24,5344,9836
2023-10-25 10:45:39,22,23,5344,9836
2023-10-25 10:45:43,21,23,5344,9836
2023-10-25 10:45:50,21,22,5344,9836
2023-10-25 10:46:07,20,22,5344,9836
2023-10-25 10:46:08,20,21,5344,9836
2023-10-25 10:46:27,20,22,5344,9836
2023-10-25 10:46:31,20,21,5344,9836
2023-10-25 10:46:36,19,21,5344,9836
2023-10-25 10:46:36,19,20,5344,9836
2023-10-25 10:47:01,19,21,5344,10017
2023-10-25 10:47:01,19,20,5344,10017
2023-10-25 10:47:05,19,21,5344,10017
2023-10-25 10:47:11,19,20,5344,10017
2023-10-25 10:47:12,19,20,5354,10267
2023-10-25 10:47:12,19,21,5354,10267
2023-10-25 10:47:30,19,20,5354,10267
2023-10-25 10:47:30,19,21,5354,10267
2023-10-25 10:47:31,19,20,5354,10267
2023-10-25 10:47:46,18,20,5354,10267
2023-10-25 10:47:46,18,19,5354,10267
2023-10-25 10:47:49,17,19,5354,10267
2023-10-25 10:47:49,17,18,5354,10267
2023-10-25 10:47:53,17,18,5404,10517
2023-10-25 10:47:59,17,19,5585,10698
2023-10-25 10:47:59,17,20,5585,10698
2023-10-25 10:47:59,17,19,5585,10698
2023-10-25 10:48:21,17,18,5585,10698
2023-10-25 10:48:45,17,19,5585,10698
2023-10-25 10:48:46,17,18,5585,10698
2023-10-25 10:48:50,17,19,5585,10698
2023-10-25 10:48:53,17,18,5585,10698
2023-10-25 10:49:18,17,19,5737,10850
2023-10-25 10:49:28,17,20,5737,10850
2023-10-25 10:49:28,18,20,5737,10850
2023-10-25 10:49:30,18,19,5737,10850
2023-10-25 10:49:41,18,19,5737,10852
2023-10-25 10:49:42,18,20,5737,10852
2023-10-25 10:50:05,18,19,5737,10852
2023-10-25 10:50:12,18,20,5737,10852
2023-10-25 10:50:12,18,19,5737,10852
2023-10-25 10:50:12,18,20,5737,10852
2023-10-25 10:50:12,18,19,5737,10852
2023-10-25 10:50:13,18,20,5737,10852
2023-10-25 10:50:22,18,21,5737,10852
2023-10-25 10:50:22,19,21,5737,10852
2023-10-25 10:50:26,19,20,5737,10852
2023-10-25 10:50:30,19,21,5737,10852
2023-10-25 10:50:32,19,20,5737,10852
2023-10-25 10:50:32,19,21,5737,10852
2023-10-25 10:50:51,19,22,5737,10852
2023-10-25 10:50:53,20,22,5737,10852
2023-10-25 10:51:28,21,22,5737,10852
2023-10-25 10:51:46,21,23,5737,10854
2023-10-25 10:51:47,22,23,5737,10854
2023-10-25 10:51:50,22,24,5737,10854
2023-10-25 10:51:59,23,24,5737,10854
2023-10-25 10:52:00,22,24,5737,10854
2023-10-25 10:52:29,22,23,5737,10854
2023-10-25 10:52:29,21,23,5737,10854
2023-10-25 10:52:30,21,24,5737,10854
2023-10-25 10:52:31,22,24,5737,10854
2023-10-25 10:53:05,23,24,5737,10854
2023-10-25 10:53:08,22,24,5737,10854
2023-10-25 10:53:20,23,24,5737,10854
2023-10-25 10:53:32,22,24,5737,10854
2023-10-25 10:53:45,23,24,5737,10854
2023-10-25 10:53:48,22,24,5737,10854
2023-10-25 10:53:48,23,24,5737,10854
2023-10-25 10:54:15,23,25,5737,10854
2023-10-25 10:54:15,24,25,5737,10854
2023-10-25 10:54:36,24,26,5737,10854
2023-10-25 10:54:36,25,26,5737,10854
2023-10-25 10:54:43,24,26,5737,10854
2023-10-25 10:54:44,25,26,5737,10854
2023-10-25 10:54:50,24,26,5737,10854
2023-10-25 10:54:50,25,26,5737,10854
2023-10-25 10:54:55,24,26,5737,10854
2023-10-25 10:54:56,25,26,5737,10854
2023-10-25 10:55:16,25,27,5737,10854
2023-10-25 10:55:16,26,27,5737,10854
2023-10-25 10:55:39,25,27,5737,10854
2023-10-25 10:55:51,26,27,5737,10854
2023-10-25 10:56:04,25,27,5737,10854
2023-10-25 10:56:05,25,26,5737,10854
2023-10-25 10:56:05,26,27,5537,11054
2023-10-25 10:56:05,25,27,5537,11054
2023-10-25 10:56:15,25,26,5537,11054
2023-10-25 10:56:15,24,26,5537,11054
2023-10-25 10:56:17,25,26,5537,11054
2023-10-25 10:56:25,24,26,5537,11054
2023-10-25 10:56:25,25,26,5537,11054
2023-10-25 10:56:26,24,26,5537,11054
2023-10-25 10:56:26,25,26,5537,11054
2023-10-25 10:56:27,24,26,5537,11054
2023-10-25 10:56:28,25,26,5537,11054
2023-10-25 10:56:31,25,27,5537,11054
2023-10-25 10:57:28,26,27,5537,11054
2023-10-25 10:57:49,25,27,5537,11054
2023-10-25 10:57:57,26,27,5537,11054
2023-10-25 10:57:58,25,27,5537,11054
2023-10-25 10:57:58,26,27,5537,11054
2023-10-25 10:58:15,25,27,5537,11054
2023-10-25 10:58:18,26,27,5537,11054
2023-10-25 11:00:28,25,27,5537,11054
2023-10-25 11:00:28,26,27,5537,11054
2023-10-25 11:00:28,25,27,5537,11054
2023-10-25 11:00:30,24,27,5537,11054
2023-10-25 11:00:31,24,26,5537,11054
2023-10-25 11:00:41,24,25,5537,11054
2023-10-25 11:00:41,24,26,5537,11054
2023-10-25 11:00:41,24,25,5537,11054
2023-10-25 11:00:42,24,26,5537,11054
2023-10-25 11:00:47,24,25,5537,11054
2023-10-25 11:00:59,23,25,5537,11054
2023-10-25 11:01:04,23,24,5537,11054
2023-10-25 11:01:05,23,25,5537,11054
2023-10-25 11:01:25,23,24,5537,11054
2023-10-25 11:01:26,23,25,5537,11054
2023-10-25 11:01:27,23,24,5537,11054
2023-10-25 11:01:28,23,25,5537,11054
2023-10-25 11:01:51,24,25,5537,11054
2023-10-25 11:01:52,24,26,5537,11054
2023-10-25 11:01:52,24,25,5537,11054
2023-10-25 11:01:53,23,25,5537,11054
2023-10-25 11:02:20,23,24,5537,11054
2023-10-25 11:02:28,22,24,5537,11054
2023-10-25 11:02:32,22,23,5537,11054
2023-10-25 11:02:32,22,24,5537,11054
2023-10-25 11:02:32,22,23,5537,11054
2023-10-25 11:02:33,22,24,5537,11054
2023-10-25 11:02:33,22,23,5537,11054
2023-10-25 11:02:44,22,24,5537,11054
2023-10-25 11:03:34,22,24,5537,11254
2023-10-25 11:03:34,22,23,5537,11254
2023-10-25 11:03:34,22,23,5597,11314
2023-10-25 11:03:34,21,23,5597,11314
2023-10-25 11:03:35,21,22,5597,11314
2023-10-25 11:03:37,20,22,5597,11314
2023-10-25 11:03:37,20,21,5597,11314
2023-10-25 11:03:40,20,21,5597,11514
2023-10-25 11:03:40,20,22,5597,11514
2023-10-25 11:03:40,20,23,5597,11514
2023-10-25 11:03:40,20,22,5597,11514
2023-10-25 11:03:42,20,21,5597,11514
2023-10-25 11:03:56,19,20,5597,11614
2023-10-25 11:03:56,18,20,5597,11614
2023-10-25 11:03:56,18,19,5597,11614
2023-10-25 11:04:01,18,21,5597,11614
2023-10-25 11:04:01,18,20,5597,11614
2023-10-25 11:04:06,19,20,5597,11614
2023-10-25 11:04:07,18,20,5597,11614
2023-10-25 11:04:09,18,19,5597,11614
2023-10-25 11:04:22,18,19,5657,11674
2023-10-25 11:04:28,18,19,5837,11854
2023-10-25 11:04:28,17,19,5837,11854
2023-10-25 11:04:28,17,18,5837,11854
2023-10-25 11:04:48,17,19,5837,11854
2023-10-25 11:04:52,18,19,5837,11854
2023-10-25 11:05:01,18,20,5837,11914
2023-10-25 11:05:02,19,20,5837,11914
2023-10-25 11:05:02,19,21,5837,11914
2023-10-25 11:05:02,19,22,5837,11914
2023-10-25 11:05:03,20,22,5837,11914
2023-10-25 11:05:07,20,21,5837,11914
2023-10-25 11:05:08,19,21,5837,11914
2023-10-25 11:05:19,19,20,5837,11914
2023-10-25 11:05:19,18,20,5837,11914
2023-10-25 11:05:23,19,20,5837,11914
2023-10-25 11:05:23,19,21,5837,11914
2023-10-25 11:05:24,18,21,5837,11914
2023-10-25 11:05:24,18,20,5837,11914
2023-10-25 11:05:30,18,19,5837,11914
2023-10-25 11:05:32,18,20,5837,11914
2023-10-25 11:05:47,18,19,5837,11914
2023-10-25 11:05:48,18,20,5837,11914
2023-10-25 11:05:48,18,19,5837,11914
2023-10-25 11:05:58,17,19,5837,11914
2023-10-25 11:05:58,17,18,5837,11914
2023-10-25 11:06:09,16,18,5837,11914
2023-10-25 11:06:09,16,17,5837,11914
2023-10-25 11:06:15,16,18,5837,11914
2023-10-25 11:06:20,17,18,5837,11914
2023-10-25 11:06:34,17,19,5837,11914
2023-10-25 11:06:34,17,20,5837,11914
2023-10-25 11:06:34,17,19,5837,11914
2023-10-25 11:06:43,17,18,5837,11914
2023-10-25 11:06:43,17,19,5837,11914
2023-10-25 11:06:56,17,18,5837,11914
2023-10-25 11:07:11,17,20,5837,11914
2023-10-25 11:07:11,17,19,5837,11914
2023-10-25 11:07:12,18,19,5837,11914
2023-10-25 11:07:12,18,20,5837,11914
2023-10-25 11:07:15,18,19,5837,11914
2023-10-25 11:07:29,18,20,5945,12022
2023-10-25 11:07:30,18,19,5945,12022
2023-10-25 11:07:32,18,20,6154,12231
2023-10-25 11:07:34,18,20,6204,12481
2023-10-25 11:07:37,18,21,6411,12688
2023-10-25 11:07:37,18,20,6411,12688
2023-10-25 11:07:38,18,21,6541,12818
2023-10-25 11:07:38,18,20,6541,12818
2023-10-25 11:07:51,18,20,6791,13068
2023-10-25 11:07:51,18,21,6791,13068
2023-10-25 11:07:51,19,21,6791,13068
2023-10-25 11:08:06,18,21,6791,13068
2023-10-25 11:08:06,18,20,6791,13068
2023-10-25 11:08:29,18,19,6791,13068
2023-10-25 11:08:29,18,20,6791,13068
2023-10-25 11:08:30,18,19,6791,13068
2023-10-25 11:08:39,17,19,6791,13068
2023-10-25 11:08:44,17,20,6791,13068
2023-10-25 11:08:48,18,20,6791,13068
2023-10-25 11:08:59,18,21,6791,13068
2023-10-25 11:09:02,19,21,6791,13068
2023-10-25 11:09:03,18,21,6791,13068
2023-10-25 11:09:05,19,21,6791,13068
2023-10-25 11:09:25,20,21,6791,13068
2023-10-25 11:09:27,19,21,6791,13068
2023-10-25 11:09:38,20,21,6791,13068
2023-10-25 11:09:42,19,21,6791,13068
2023-10-25 11:10:41,18,21,6791,13068
2023-10-25 11:10:41,18,20,6791,13068
2023-10-25 11:11:15,18,21,6791,13068
2023-10-25 11:11:16,18,20,6791,13068
2023-10-25 11:11:19,19,20,6791,13068
2023-10-25 11:11:20,19,21,6791,13068
2023-10-25 11:11:22,19,20,6791,13068
2023-10-25 11:11:23,18,20,6791,13068
2023-10-25 11:11:25,19,20,6791,13068
2023-10-25 11:11:29,19,21,6791,13068
2023-10-25 11:11:43,20,21,6791,13068
2023-10-25 11:11:45,20,21,6791,13318
2023-10-25 11:11:51,20,22,6791,13318
2023-10-25 11:11:59,21,22,6791,13318
2023-10-25 11:12:01,20,22,6791,13318
2023-10-25 11:12:08,21,22,6791,13318
2023-10-25 11:12:10,20,22,6791,13318
2023-10-25 11:12:15,20,21,6791,13318
2023-10-25 11:12:17,19,21,6791,13318
2023-10-25 11:12:48,19,20,6791,13318
2023-10-25 11:13:06,18,20,6791,13318
2023-10-25 11:13:15,19,20,6791,13318
2023-10-25 11:13:15,19,21,6791,13318
2023-10-25 11:13:32,19,22,6791,13318
2023-10-25 11:13:36,19,21,6791,13318
2023-10-25 11:14:00,20,21,6791,13318
2023-10-25 11:14:00,20,22,6791,13318
2023-10-25 11:14:04,20,21,6791,13318
2023-10-25 11:14:04,20,22,6791,13318
2023-10-25 11:14:05,20,21,6791,13318
2023-10-25 11:14:07,19,21,6791,13318
2023-10-25 11:14:33,19,22,6791,13318
2023-10-25 11:14:35,19,21,6791,13318
2023-10-25 11:14:36,19,22,6791,13318
2023-10-25 11:14:36,19,21,6791,13318
2023-10-25 11:14:51,19,20,6791,13318
2023-10-25 11:14:51,18,20,6791,13318
2023-10-25 11:15:04,19,20,6791,13318
2023-10-25 11:15:04,19,21,6791,13318
2023-10-25 11:15:08,19,20,6791,13318
2023-10-25 11:15:09,19,21,6791,13318
2023-10-25 11:15:16,18,21,6791,13318
2023-10-25 11:15:16,18,20,6791,13318
2023-10-25 11:15:48,19,20,6791,13318
2023-10-25 11:15:48,19,21,6791,13318
2023-10-25 11:15:52,19,20,6791,13318
2023-10-25 11:15:54,19,21,6791,13318
2023-10-25 11:16:05,20,21,6791,13318
2023-10-25 11:16:05,20,22,6791,13318
2023-10-25 11:16:07,19,22,6791,13318
2023-10-25 11:16:09,20,22,6791,13318
2023-10-25 11:16:09,19,21,6791,13318
2023-10-25 11:16:25,20,21,6791,13318
2023-10-25 11:16:25,20,22,6791,13318
2023-10-25 11:16:29,19,22,6791,13318
2023-10-25 11:16:29,19,21,6791,13318
2023-10-25 11:16:31,20,21,6791,13318
2023-10-25 11:16:31,20,22,6791,13318
2023-10-25 11:16:33,20,21,6791,13318
2023-10-25 11:16:33,20,22,6791,13318
2023-10-25 11:16:49,21,22,6791,13318
2023-10-25 11:16:51,20,22,6791,13318
2023-10-25 11:16:52,21,22,6791,13318
2023-10-25 11:16:55,20,22,6791,13318
2023-10-25 11:17:36,21,22,6791,13318
2023-10-25 11:17:42,21,23,6791,13318
2023-10-25 11:17:42,22,23,6791,13318
2023-10-25 11:17:51,21,23,6791,13318
2023-10-25 11:18:15,22,23,6791,13318
2023-10-25 11:18:20,22,24,6791,13318
2023-10-25 11:18:26,23,24,6791,13318
2023-10-25 11:18:27,22,24,6791,13318
2023-10-25 11:18:28,23,24,6791,13318
2023-10-25 11:18:31,22,24,6791,13318
2023-10-25 11:18:35,23,24,6791,13318
2023-10-25 11:18:35,22,24,6791,13318
2023-10-25 11:18:36,23,24,6791,13318
2023-10-25 11:18:40,22,24,6791,13318
2023-10-25 11:18:40,23,24,6791,13318
2023-10-25 11:18:44,22,24,6791,13318
2023-10-25 11:19:23,21,24,6791,13318
2023-10-25 11:19:24,21,23,6791,13318
2023-10-25 11:19:46,21,22,6791,13318
2023-10-25 11:19:53,20,22,6791,13318
2023-10-25 11:20:27,20,21,6791,13318
2023-10-25 11:20:28,20,22,6791,13318
2023-10-25 11:20:31,20,21,6791,13318
2023-10-25 11:20:41,20,22,6791,13318
2023-10-25 11:20:47,21,22,6791,13318
2023-10-25 11:20:49,21,23,6791,13318
2023-10-25 11:21:06,22,23,6791,13318
2023-10-25 11:21:07,22,24,6791,13318
2023-10-25 11:21:08,22,24,6791,13399
2023-10-25 11:21:32,23,24,6791,13399
2023-10-25 11:21:55,22,24,6791,13399
2023-10-25 11:22:21,23,24,6791,13399
2023-10-25 11:22:23,22,24,6791,13399
2023-10-25 11:22:30,23,24,6791,13399
2023-10-25 11:22:33,22,24,6791,13399
2023-10-25 11:22:33,23,24,6791,13399
2023-10-25 11:22:34,22,24,6791,13399
2023-10-25 11:22:34,23,24,6791,13399
2023-10-25 11:22:44,23,25,6791,13399
2023-10-25 11:22:45,24,25,6791,13399
2023-10-25 11:22:46,24,26,6791,13399
2023-10-25 11:22:46,25,26,6791,13399
2023-10-25 11:22:57,25,27,6791,13399
2023-10-25 11:22:57,26,27,6791,13399
2023-10-25 11:23:31,25,27,6791,13399
2023-10-25 11:23:39,26,27,6791,13399
2023-10-25 11:24:14,25,27,6791,13399
2023-10-25 11:24:14,26,27,6791,13399
2023-10-25 11:24:21,26,28,6791,13399
2023-10-25 11:24:24,27,28,6791,13399
2023-10-25 11:24:31,27,29,6791,13399
2023-10-25 11:24:43,28,29,6791,13399
2023-10-25 11:24:44,27,29,6791,13399
2023-10-25 11:24:45,28,29,6791,13399
2023-10-25 11:24:50,28,29,6791,13591
2023-10-25 11:24:50,27,29,6791,13591
2023-10-25 11:24:51,28,29,6791,13591
2023-10-25 11:24:52,27,29,6791,13591
2023-10-25 11:24:54,28,29,6791,13591
2023-10-25 11:24:56,27,29,6791,13591
2023-10-25 11:25:02,28,29,6791,13591
2023-10-25 11:25:04,27,29,6791,13591
2023-10-25 11:25:08,28,29,6791,13591
2023-10-25 11:25:09,27,29,6791,13591
2023-10-25 11:25:10,28,29,6791,13591
2023-10-25 11:25:10,27,29,6791,13591
2023-10-25 11:25:12,28,29,6791,13591
2023-10-25 11:25:23,28,29,6791,13678
2023-10-25 11:25:38,28,30,6791,13678
2023-10-25 11:25:38,29,30,6791,13678
2023-10-25 11:25:38,29,30,6791,13798
2023-10-25 11:26:08,28,30,6791,13798
2023-10-25 11:26:13,29,30,6791,13798
2023-10-25 11:26:20,28,30,6791,13798
2023-10-25 11:26:26,29,30,6791,13798
2023-10-25 11:26:39,28,30,6791,13798
2023-10-25 11:26:46,29,30,6791,13798
2023-10-25 11:26:47,28,29,6640,13949
2023-10-25 11:26:47,27,29,6640,13949
2023-10-25 11:26:48,26,29,6640,13949
2023-10-25 11:26:49,27,29,6640,13949
2023-10-25 11:26:55,26,29,6640,13949
2023-10-25 11:26:58,27,29,6640,13949
2023-10-25 11:27:04,26,29,6640,13949
2023-10-25 11:27:04,26,28,6640,13949
2023-10-25 11:27:09,26,27,6640,13949
2023-10-25 11:27:20,25,27,6640,14149
2023-10-25 11:27:21,25,26,6640,14149
2023-10-25 11:27:21,25,27,6640,14149
2023-10-25 11:27:37,25,26,6640,14149
2023-10-25 11:27:47,25,27,6640,14149
2023-10-25 11:27:55,25,26,6640,14149
2023-10-25 11:27:57,25,27,6640,14149
2023-10-25 11:27:57,25,26,6640,14149
2023-10-25 11:27:59,25,27,6640,14149
2023-10-25 11:28:01,25,26,6640,14149
2023-10-25 11:28:08,25,27,6640,14149
2023-10-25 11:28:13,25,28,6640,14149
2023-10-25 11:28:17,25,27,6640,14149
2023-10-25 11:28:31,25,28,6640,14149
2023-10-25 11:28:34,25,27,6640,14149
2023-10-25 11:28:45,25,26,6640,14149
2023-10-25 11:28:52,24,26,6640,14149
2023-10-25 11:28:56,24,27,6640,14149
2023-10-25 11:28:56,24,26,6640,14149
2023-10-25 11:29:47,24,25,6640,14149
2023-10-25 11:29:54,23,25,6640,14149
2023-10-25 11:30:02,24,25,6640,14149
2023-10-25 11:30:07,23,25,6640,14149
2023-10-25 11:30:45,23,24,6640,14149
2023-10-25 11:30:52,22,24,6640,14149
2023-10-25 11:31:00,23,24,6640,14149
2023-10-25 11:31:01,23,25,6640,14149
2023-10-25 11:31:02,23,24,6640,14149
2023-10-25 11:31:02,23,25,6640,14149
2023-10-25 11:31:04,23,25,7240,14749
2023-10-25 11:31:04,24,25,7240,14749
2023-10-25 11:31:04,24,27,7240,14749
2023-10-25 11:31:04,24,26,7240,14749
2023-10-25 11:31:05,24,27,7240,14749
2023-10-25 11:31:05,25,27,7240,14749
2023-10-25 11:31:06,26,27,7240,14749
2023-10-25 11:31:11,26,27,7040,14949
2023-10-25 11:31:32,26,27,6840,15149
2023-10-25 11:31:37,25,26,6740,15249
2023-10-25 11:31:37,24,26,6740,15249
2023-10-25 11:31:53,24,27,6740,15249
2023-10-25 11:31:53,24,26,6740,15249
2023-10-25 11:31:54,24,27,6740,15249
2023-10-25 11:31:57,25,27,6740,15249
2023-10-25 11:32:22,24,27,6740,15249
2023-10-25 11:32:25,24,26,6740,15249
2023-10-25 11:32:26,25,26,6740,15249
2023-10-25 11:32:28,24,26,6740,15249
2023-10-25 11:32:33,24,27,6740,15249
2023-10-25 11:32:35,25,27,6740,15249
2023-10-25 11:32:43,24,27,6740,15249
2023-10-25 11:32:44,25,27,6740,15249
2023-10-25 11:33:08,26,27,6740,15249
2023-10-25 11:33:14,25,27,6740,15249
2023-10-25 11:33:18,26,27,6740,15249
2023-10-25 11:33:20,25,27,6740,15249
2023-10-25 11:33:29,26,27,6740,15249
2023-10-25 11:33:32,25,27,6740,15249
2023-10-25 11:33:32,26,27,6740,15249
2023-10-25 11:33:43,25,27,6740,15249
2023-10-25 11:33:44,26,27,6740,15249
2023-10-25 11:34:20,26,28,6740,15249
2023-10-25 11:34:20,27,28,6740,15249
2023-10-25 11:34:21,26,28,6740,15249
2023-10-25 11:34:21,27,28,6740,15249
2023-10-25 11:34:25,26,28,6740,15249
2023-10-25 11:34:25,27,28,6740,15249
2023-10-25 11:35:10,26,28,6740,15249
2023-10-25 11:35:30,27,28,6740,15249
2023-10-25 11:35:33,28,29,6740,15298
2023-10-25 11:35:54,27,29,7191,15749
2023-10-25 11:35:54,28,29,7191,15749
2023-10-25 11:36:07,28,29,7191,15773
2023-10-25 11:36:38,28,29,7015,15949
2023-10-25 11:36:41,28,29,6765,16199
2023-10-25 11:36:45,26,29,6740,16224
2023-10-25 11:36:45,26,28,6740,16224
2023-10-25 11:36:58,26,29,6740,16224
2023-10-25 11:36:59,26,28,6740,16224
2023-10-25 11:37:02,27,28,6740,16224
2023-10-25 11:37:03,27,29,6740,16224
2023-10-25 11:37:19,28,29,6740,16224
2023-10-25 11:37:19,28,30,6740,16224
2023-10-25 11:38:08,28,29,6740,16224
2023-10-25 11:38:24,27,29,6740,16224
2023-10-25 11:38:45,27,30,6740,16224
2023-10-25 11:38:49,28,30,6740,16224
2023-10-25 11:38:49,27,30,6740,16224
2023-10-25 11:38:49,28,30,6740,16224
2023-10-25 11:38:55,27,30,6740,16224
2023-10-25 11:38:55,28,30,6740,16224
2023-10-25 11:39:02,29,30,6740,16224
2023-10-25 11:39:08,28,30,6740,16224
2023-10-25 11:39:20,28,29,6740,16224
2023-10-25 11:39:21,28,30,6740,16224
2023-10-25 11:39:21,28,29,6740,16224
2023-10-25 11:39:22,28,30,6740,16224
2023-10-25 11:39:22,28,29,6740,16224
2023-10-25 11:39:24,28,30,6740,16224
2023-10-25 11:39:37,27,30,6740,16224
2023-10-25 11:39:38,27,29,6740,16224
2023-10-25 11:40:40,27,28,6740,16224
2023-10-25 11:40:43,26,28,6740,16224
2023-10-25 11:41:00,26,29,6740,16224
2023-10-25 11:41:04,27,29,6740,16224
2023-10-25 11:41:04,27,28,6740,16224
2023-10-25 11:41:06,27,29,6740,16224
2023-10-25 11:41:27,28,29,6740,16224
2023-10-25 11:41:39,28,30,6740,16224
2023-10-25 11:41:40,27,30,6740,16224
2023-10-25 11:41:41,27,29,6740,16224
2023-10-25 11:42:07,27,30,6740,16224
2023-10-25 11:42:10,28,30,6740,16224
2023-10-25 11:42:11,27,30,6740,16224
2023-10-25 11:42:11,28,30,6740,16224
2023-10-25 11:42:27,29,30,6740,16224
2023-10-25 11:42:27,29,30,6740,16268
2023-10-25 11:42:28,29,30,6740,16339
2023-10-25 11:42:32,28,30,6740,16407
2023-10-25 11:42:32,29,30,6740,16407
2023-10-25 11:42:56,30,31,6740,16507
2023-10-25 11:42:58,30,32,6740,16507
2023-10-25 11:42:58,31,32,6740,16507
2023-10-25 11:42:58,31,32,6800,16567
2023-10-25 11:42:59,31,33,6800,16567
2023-10-25 11:42:59,32,33,6800,16567
2023-10-25 11:42:59,31,33,6800,16767
2023-10-25 11:43:02,32,33,6800,16767
2023-10-25 11:43:06,31,33,6800,16767
2023-10-25 11:43:06,32,33,6800,16767
2023-10-25 11:43:08,31,33,6800,16767
2023-10-25 11:43:12,32,33,6800,16767
2023-10-25 11:43:30,31,32,6596,16971
2023-10-25 11:43:30,30,32,6596,16971
2023-10-25 11:43:31,30,33,6596,16971
2023-10-25 11:43:34,31,33,6596,16971
2023-10-25 11:43:55,31,32,6596,16971
2023-10-25 11:44:07,31,33,6596,16971
2023-10-25 11:44:48,31,32,6596,16971
2023-10-25 11:44:48,30,32,6596,16971
2023-10-25 11:45:10,30,31,6596,16971
2023-10-25 11:45:13,29,31,6596,16971
2023-10-25 11:45:14,30,31,6596,16971
2023-10-25 11:45:23,29,31,6596,16971
2023-10-25 11:45:27,30,31,6596,16971
2023-10-25 11:45:29,29,31,6596,16971
2023-10-25 11:45:30,30,31,6596,16971
2023-10-25 11:45:30,29,31,6596,16971
2023-10-25 11:45:31,30,31,6596,16971
2023-10-25 11:45:32,29,31,6596,16971
2023-10-25 11:45:48,29,30,6596,16971
2023-10-25 11:45:54,29,31,6596,16971
2023-10-25 11:45:56,29,30,6596,16971
2023-10-25 11:46:33,28,30,6596,16971
2023-10-25 11:46:38,28,29,6596,16971
2023-10-25 11:46:48,28,30,6596,16971
2023-10-25 11:47:00,29,30,6596,16971
2023-10-25 11:47:01,28,30,6596,16971
2023-10-25 11:47:02,28,31,6596,16971
2023-10-25 11:47:02,29,31,6596,16971
2023-10-25 11:47:08,30,31,6596,16971
2023-10-25 11:48:02,30,32,6596,16971
2023-10-25 11:48:09,31,32,6596,16971
2023-10-25 11:48:10,30,32,6596,16971
2023-10-25 11:48:18,31,32,6596,16971
2023-10-25 11:48:50,30,32,6596,16971
2023-10-25 11:48:51,31,32,6596,16971
2023-10-25 11:48:57,30,32,6596,16971
2023-10-25 11:48:58,31,32,6596,16971
2023-10-25 11:49:00,31,33,6596,16971
2023-10-25 11:49:00,32,33,6596,16971
2023-10-25 11:49:35,31,33,6596,16971
2023-10-25 11:49:49,32,33,6596,16971
2023-10-25 11:50:34,32,34,6596,16971
2023-10-25 11:50:34,33,34,6596,16971
2023-10-25 11:50:34,33,34,6596,17042
2023-10-25 11:51:22,33,35,6596,17042
2023-10-25 11:51:22,34,35,6596,17042
2023-10-25 11:51:49,33,35,6596,17042
2023-10-25 11:51:49,34,35,6596,17042
2023-10-25 11:52:27,34,36,6596,17042
2023-10-25 11:52:27,35,36,6596,17042
2023-10-25 11:53:17,35,36,6596,17131
2023-10-25 11:53:40,34,36,6596,17131
2023-10-25 11:53:40,34,35,6596,17131
2023-10-25 11:54:16,33,35,6596,17131
2023-10-25 11:54:20,34,35,6596,17131
2023-10-25 11:54:36,33,35,6596,17131
2023-10-25 11:54:37,34,35,6596,17131
2023-10-25 11:54:38,33,35,6596,17131
2023-10-25 11:54:39,34,35,6596,17131
2023-10-25 11:54:41,33,35,6596,17131
2023-10-25 11:54:46,34,35,6596,17131
2023-10-25 11:54:57,33,35,6596,17131
2023-10-25 11:54:57,34,35,6596,17131
2023-10-25 11:56:52,35,36,6669,17204
2023-10-25 11:58:36,35,37,6669,17204
2023-10-25 11:58:36,36,37,6669,17204
2023-10-25 11:59:43,35,37,6669,17204
2023-10-25 11:59:43,36,37,6669,17204
2023-10-25 12:00:17,36,38,6669,17204
2023-10-25 12:00:17,37,38,6669,17204
2023-10-25 12:00:43,36,38,6669,17204
2023-10-25 12:00:46,37,38,6669,17204
2023-10-25 12:00:52,37,38,6669,17264
2023-10-25 12:00:52,36,38,6669,17264
2023-10-25 12:00:54,37,38,6669,17264
2023-10-25 12:01:34,36,38,6669,17264
2023-10-25 12:01:35,37,38,6669,17264
2023-10-25 12:01:47,36,38,6669,17264
2023-10-25 12:01:48,37,38,6669,17264
2023-10-25 12:01:51,36,38,6669,17264
2023-10-25 12:01:57,36,37,6669,17264
2023-10-25 12:02:09,35,37,6669,17264
2023-10-25 12:02:11,36,37,6669,17264
2023-10-25 12:02:40,36,38,6669,17264
2023-10-25 12:02:40,37,38,6669,17264
2023-10-25 12:02:47,36,37,6831,17435
2023-10-25 12:04:35,35,37,6831,17435
2023-10-25 12:04:36,36,37,6831,17435
2023-10-25 12:04:42,35,37,6831,17435
2023-10-25 12:04:42,36,37,6831,17435
2023-10-25 12:05:23,35,37,7007,17611
2023-10-25 12:05:23,36,37,7007,17611
2023-10-25 12:13:02,36,37,7257,17861
2023-10-25 12:13:04,36,37,7307,17911
2023-10-25 12:13:04,36,38,7336,17940
2023-10-25 12:13:04,37,38,7336,17940
2023-10-25 12:14:15,36,38,7336,17940
2023-10-25 12:16:00,37,38,7336,17940
2023-10-25 12:16:14,36,38,7336,17940
2023-10-25 12:16:14,37,38,7336,17940
2023-10-25 12:16:18,37,38,7396,18000
2023-10-25 12:16:26,37,38,7456,18060
2023-10-25 12:16:26,36,38,7456,18060
2023-10-25 12:16:41,37,38,7456,18060
2023-10-25 12:17:46,37,39,7456,18060
2023-10-25 12:17:52,38,39,7456,18060
2023-10-25 12:19:56,38,40,7456,18060
2023-10-25 12:19:56,39,40,7456,18060
2023-10-25 12:20:27,38,40,7456,18060
2023-10-25 12:20:31,39,40,7456,18060
2023-10-25 12:21:02,39,40,7638,18560
2023-10-25 12:24:12,38,40,7656,18760
2023-10-25 12:24:20,38,39,7656,18760
2023-10-25 12:24:34,37,39,7656,18760
2023-10-25 12:24:39,37,38,7656,18760
2023-10-25 12:24:41,37,39,7656,18760
2023-10-25 12:24:41,37,38,7656,18760
2023-10-25 12:24:56,37,39,7656,18760
2023-10-25 12:25:03,38,39,7656,18760
2023-10-25 12:25:09,38,40,7656,18760
2023-10-25 12:25:31,38,39,7656,18760
2023-10-25 12:25:34,38,40,7656,18760
2023-10-25 12:25:45,38,39,7656,18760
2023-10-25 12:25:48,37,39,7656,18760
2023-10-25 12:26:07,37,38,7656,18760
2023-10-25 12:26:49,37,39,7656,18760
2023-10-25 12:26:49,37,38,7656,18760
2023-10-25 12:27:05,37,39,7656,18760
2023-10-25 12:27:28,38,39,7656,18760
2023-10-25 12:27:28,37,39,7656,19760
2023-10-25 12:27:47,38,39,7656,19760
2023-10-25 12:28:07,37,39,7656,19760
2023-10-25 12:28:08,38,39,7656,19760
2023-10-25 12:28:11,37,39,7656,19760
2023-10-25 12:28:17,38,39,7656,19760
2023-10-25 12:28:17,37,39,7656,19760
2023-10-25 12:28:27,38,39,7656,19760
2023-10-25 12:28:28,37,39,7656,19760
2023-10-25 12:28:29,38,39,7656,19760
2023-10-25 12:28:30,37,39,7656,19760
2023-10-25 12:28:40,37,38,7656,19760
2023-10-25 12:29:44,38,40,7656,19852
2023-10-25 12:29:45,39,40,7656,19852
2023-10-25 12:29:54,38,40,7656,19852
2023-10-25 12:29:54,39,40,7656,19852
2023-10-25 12:30:16,38,40,7656,19852
2023-10-25 12:30:16,39,40,7656,19852
2023-10-25 12:30:17,38,40,7656,19852
2023-10-25 12:30:17,39,40,7656,19852
2023-10-25 12:30:20,38,40,7656,19852
2023-10-25 12:30:20,39,40,7656,19852
2023-10-25 12:30:24,38,40,7656,19852
2023-10-25 12:30:45,39,40,7656,19852
2023-10-25 12:30:47,38,40,7656,19852
2023-10-25 12:30:59,38,39,7656,19852
2023-10-25 12:31:00,38,40,7656,19852
2023-10-25 12:31:03,38,39,7656,19852
2023-10-25 12:31:04,38,40,7656,19852
2023-10-25 12:31:14,38,39,7656,19852
2023-10-25 12:31:18,37,39,7656,19852
2023-10-25 12:31:18,37,38,7656,19852
2023-10-25 12:31:19,36,38,7656,19852
2023-10-25 12:32:01,37,38,7656,19852
2023-10-25 12:32:04,36,38,7656,20347
2023-10-25 12:32:34,36,37,7656,20347
2023-10-25 12:32:36,36,38,7656,20347
2023-10-25 12:32:38,36,37,7656,20347
2023-10-25 12:33:09,36,38,7656,20347
2023-10-25 12:33:16,37,38,7656,20347
2023-10-25 12:34:00,36,38,7656,20347
2023-10-25 12:34:09,37,38,7656,20347
2023-10-25 12:35:17,37,39,7856,20547
2023-10-25 12:35:17,38,39,7856,20547
2023-10-25 12:35:20,38,40,7856,20547
2023-10-25 12:35:50,39,40,7856,20547
2023-10-25 12:35:52,38,40,7856,20547
2023-10-25 12:35:57,39,40,7856,20547
2023-10-25 12:36:08,38,40,7856,20547
2023-10-25 12:38:02,39,40,7856,20547
2023-10-25 12:38:02,38,40,7856,20547
2023-10-25 12:38:34,39,40,7856,20547
2023-10-25 12:38:57,38,40,7856,20547
2023-10-25 12:38:57,39,40,7856,20547
2023-10-25 12:41:01,39,41,7856,20547
2023-10-25 12:41:01,40,41,7856,20547
2023-10-25 12:41:07,39,41,7856,20547
2023-10-25 12:41:20,40,41,7856,20547
2023-10-25 12:41:28,39,41,7856,20547
2023-10-25 12:41:29,40,41,7856,20547
2023-10-25 12:43:03,40,42,7856,20747
2023-10-25 12:43:04,41,42,7856,20747
2023-10-25 12:43:14,40,42,8112,21003
2023-10-25 12:43:26,40,42,8256,21147
2023-10-25 12:44:36,41,42,8256,21147
2023-10-25 12:44:45,40,42,8256,21147
2023-10-25 12:44:47,41,42,8256,21147
2023-10-25 12:44:53,40,42,8256,21147
2023-10-25 12:45:04,41,42,8256,21147
2023-10-25 12:45:13,40,42,8256,21147
2023-10-25 12:45:17,41,42,8256,21147
2023-10-25 12:45:18,40,42,8256,21147
2023-10-25 12:46:15,41,42,8256,21147
2023-10-25 12:46:15,41,42,8285,21176
2023-10-25 12:46:22,40,42,8285,21176
2023-10-25 12:46:22,41,42,8285,21176
2023-10-25 12:46:22,40,42,8285,21176
2023-10-25 12:46:22,41,42,8285,21176
2023-10-25 12:46:29,41,42,8485,21376
2023-10-25 12:46:29,40,42,8485,21376
2023-10-25 12:46:51,41,42,8485,21376
2023-10-25 12:46:57,40,42,8485,21376
2023-10-25 12:47:01,41,42,8485,21376
2023-10-25 12:47:28,40,42,8485,21376
2023-10-25 12:47:52,41,42,8485,21376
2023-10-25 12:48:02,40,42,8485,21376
2023-10-25 12:48:24,41,42,8485,21376
2023-10-25 12:48:24,40,42,8485,21376
2023-10-25 12:48:25,41,42,8485,21376
2023-10-25 12:48:27,40,42,8485,21376
2023-10-25 12:48:28,41,42,8485,21376
2023-10-25 12:48:29,40,42,8485,21376
2023-10-25 12:48:34,41,42,8485,21376
2023-10-25 12:49:07,40,42,8485,21376
2023-10-25 12:49:07,41,42,8485,21376
2023-10-25 12:49:38,40,42,8485,21376
2023-10-25 12:49:38,41,42,8485,21376
2023-10-25 12:49:46,40,41,8632,21523
2023-10-25 12:52:04,40,42,8785,21676
2023-10-25 12:52:04,41,42,8785,21676
2023-10-25 12:52:08,40,42,8785,21676
2023-10-25 12:52:09,41,42,8785,21676
2023-10-25 12:57:57,41,42,8785,21876
2023-10-25 12:58:55,42,43,8785,21900
2023-10-25 12:59:02,42,43,9035,22150
2023-10-25 12:59:32,42,43,9235,22350
2023-10-25 12:59:47,41,43,9235,22350
2023-10-25 12:59:47,42,43,9235,22350
2023-10-25 13:01:09,41,43,9235,22350
2023-10-25 13:01:13,42,43,9235,22350
2023-10-25 13:01:30,42,43,9263,22378
2023-10-25 13:01:39,42,43,9280,22395
2023-10-25 13:01:47,41,43,9280,22395
2023-10-25 13:01:49,42,43,9280,22395
2023-10-25 13:02:07,42,43,9480,22595
2023-10-25 13:02:09,42,43,9532,22647
2023-10-25 13:03:36,42,43,9556,22671
2023-10-25 13:04:10,42,43,9587,22702
2023-10-25 13:04:12,42,43,9615,22730
2023-10-25 13:04:15,41,43,9615,22730
2023-10-25 13:04:18,42,43,9615,22730
2023-10-25 13:04:19,41,43,9615,22730
2023-10-25 13:05:56,41,42,9615,22730
2023-10-25 13:06:04,41,43,9615,22730
2023-10-25 13:06:11,42,43,9615,22730
2023-10-25 13:06:39,41,43,9615,22730
2023-10-25 13:06:39,42,43,9615,22730
2023-10-25 13:06:40,41,43,9615,22730
2023-10-25 13:06:40,42,43,9615,22730
2023-10-25 13:07:30,41,43,9615,22730
2023-10-25 13:07:31,42,43,9615,22730
2023-10-25 13:09:53,42,44,9615,22730
2023-10-25 13:09:53,43,44,9615,22730
2023-10-25 13:10:03,42,44,9615,22730
2023-10-25 13:12:08,43,44,9615,22730
2023-10-25 13:13:32,43,44,9615,22830
2023-10-25 13:16:31,43,44,9865,23080
2023-10-25 13:16:33,42,44,9865,23080
2023-10-25 13:16:57,43,44,9865,23080
2023-10-25 13:17:09,42,44,9865,23080
2023-10-25 13:17:09,43,44,9865,23080
2023-10-25 13:17:31,42,44,9865,23080
2023-10-25 13:17:47,42,43,9865,23080
2023-10-25 13:17:51,42,44,9865,23080
2023-10-25 13:18:43,42,44,9895,23110
2023-10-25 13:18:45,43,44,9895,23110
2023-10-25 13:19:02,42,44,9895,23110
2023-10-25 13:19:02,42,44,9895,23360
2023-10-25 13:19:03,43,44,9895,23360
2023-10-25 13:19:04,43,44,9895,23610
2023-10-25 13:19:05,43,45,9895,23638
2023-10-25 13:19:05,43,44,9895,23638
2023-10-25 13:19:07,43,45,9895,23812
2023-10-25 13:19:08,43,44,9895,23812
2023-10-25 13:19:08,43,45,9895,24010
2023-10-25 13:20:12,43,44,9895,24010
2023-10-25 13:20:27,43,45,9895,24010
2023-10-25 13:20:28,43,44,9895,24010
2023-10-25 13:20:32,43,44,9895,24260
2023-10-25 13:20:32,43,45,9895,24260
2023-10-25 13:21:11,43,44,9895,24260
2023-10-25 13:21:27,43,44,9895,24360
2023-10-25 13:21:50,43,44,9985,24450
2023-10-25 13:22:26,42,44,9985,24450
2023-10-25 13:22:35,43,44,9985,24450
2023-10-25 13:22:39,42,44,9985,24450
2023-10-25 13:23:24,43,44,9985,24450
2023-10-25 13:23:26,42,44,9985,24450
2023-10-25 13:24:20,42,43,9985,24450
2023-10-25 13:24:23,42,44,9985,24650
2023-10-25 13:24:34,42,45,9985,24850
2023-10-25 13:24:38,43,45,9985,24850
2023-10-25 13:24:39,43,44,9985,24850
2023-10-25 13:24:40,43,45,9985,25030
2023-10-25 13:24:44,42,45,9985,25030
2023-10-25 13:24:46,42,44,9985,25030
2023-10-25 13:24:53,43,44,9985,25030
2023-10-25 13:24:55,43,45,9985,25030
2023-10-25 13:25:00,42,45,9985,25030
2023-10-25 13:25:00,43,45,9985,25030
2023-10-25 13:25:21,43,44,9985,25030
2023-10-25 13:25:32,42,44,9985,25030
2023-10-25 13:26:00,43,44,9985,25030
2023-10-25 13:26:01,42,44,9985,25030
2023-10-25 13:26:01,43,44,9985,25030
2023-10-25 13:26:05,42,44,9985,25030
2023-10-25 13:26:30,42,43,9985,25030
2023-10-25 13:26:31,42,43,9985,25280
2023-10-25 13:26:35,41,43,9985,25280
2023-10-25 13:26:37,41,42,9985,25280
2023-10-25 13:26:43,41,42,10006,25530
2023-10-25 13:26:44,41,42,10185,25780
2023-10-25 13:26:44,41,43,10185,25780
2023-10-25 13:26:45,41,42,10185,25780
2023-10-25 13:26:46,41,43,10185,25780
2023-10-25 13:27:07,42,43,10185,25780
2023-10-25 13:27:08,42,44,10185,25780
2023-10-25 13:27:33,42,43,10185,25780
2023-10-25 13:27:35,42,44,10185,25780
2023-10-25 13:27:36,42,43,10185,25780
2023-10-25 13:27:44,41,43,10185,25780
2023-10-25 13:27:54,41,42,10185,25780
2023-10-25 13:27:54,41,42,10185,26030
2023-10-25 13:27:55,41,43,10185,26030
2023-10-25 13:28:25,41,42,10185,26030
2023-10-25 13:28:25,41,42,10185,26218
2023-10-25 13:28:25,40,42,10185,26218
2023-10-25 13:28:26,40,41,10185,26218
2023-10-25 13:29:02,40,42,10185,26218
2023-10-25 13:29:05,40,41,10185,26218
2023-10-25 13:29:06,40,42,10185,26401
2023-10-25 13:29:06,40,41,10185,26401
2023-10-25 13:29:12,40,42,10185,26401
2023-10-25 13:29:23,40,43,10185,26401
2023-10-25 13:29:26,40,42,10185,26401
2023-10-25 13:29:39,41,42,10185,26401
2023-10-25 13:29:49,40,43,10185,26401
2023-10-25 13:29:49,41,43,10185,26401
2023-10-25 13:29:50,40,43,10185,26401
2023-10-25 13:29:52,40,42,10185,26401
2023-10-25 13:30:09,40,41,10185,26401
2023-10-25 13:30:15,40,41,10285,26501
2023-10-25 13:30:23,39,41,10285,26501
2023-10-25 13:30:52,40,41,10285,26501
2023-10-25 13:30:54,40,41,10285,26751
2023-10-25 13:30:55,40,42,10285,26751
2023-10-25 13:31:03,39,42,10285,26751
2023-10-25 13:31:04,40,42,10285,26751
2023-10-25 13:31:05,40,41,10287,26753
2023-10-25 13:31:05,40,42,10287,26753
2023-10-25 13:31:08,40,41,10287,26753
2023-10-25 13:31:11,40,41,10337,27003
2023-10-25 13:31:12,40,42,10487,27153
2023-10-25 13:31:19,41,42,10487,27153
2023-10-25 13:31:28,40,42,10487,27153
2023-10-25 13:31:29,41,42,10487,27153
2023-10-25 13:31:30,40,42,10487,27153
2023-10-25 13:31:31,40,41,10487,27153
2023-10-25 13:31:33,39,41,10487,27153
2023-10-25 13:31:33,40,41,10487,27153
2023-10-25 13:31:38,39,41,10487,27153
2023-10-25 13:31:42,40,41,10487,27153
2023-10-25 13:32:01,39,41,10487,27153
2023-10-25 13:32:02,40,41,10487,27153
2023-10-25 13:32:04,39,41,10487,27153
2023-10-25 13:32:28,39,40,10487,27153
2023-10-25 13:32:32,38,40,10487,27153
2023-10-25 13:33:06,38,39,10487,27153
2023-10-25 13:33:12,37,39,10487,27153
2023-10-25 13:33:15,37,38,10487,27153
2023-10-25 13:33:32,37,38,10487,27180
2023-10-25 13:33:41,37,39,10487,27180
2023-10-25 13:33:45,37,38,10487,27180
2023-10-25 13:33:50,37,39,10487,27180
2023-10-25 13:33:59,37,38,10487,27180
2023-10-25 13:34:04,37,39,10487,27180
2023-10-25 13:34:06,37,38,10487,27180
2023-10-25 13:34:27,36,37,10485,27182
2023-10-25 13:34:33,36,38,10485,27182
2023-10-25 13:34:37,36,39,10485,27182
2023-10-25 13:34:39,37,39,10485,27182
2023-10-25 13:34:53,38,39,10485,27182
2023-10-25 13:34:56,37,39,10485,27182
2023-10-25 13:35:08,38,39,10485,27182
2023-10-25 13:35:14,37,39,10485,27182
2023-10-25 13:35:54,36,39,10485,27182
2023-10-25 13:35:55,36,38,10485,27182
2023-10-25 13:36:22,37,38,10485,27182
2023-10-25 13:36:25,36,38,10485,27182
2023-10-25 13:36:31,36,37,10485,27182
2023-10-25 13:36:53,35,37,10485,27182
2023-10-25 13:36:58,35,36,10485,27182
2023-10-25 13:37:03,35,37,10485,27182
2023-10-25 13:37:24,36,37,10485,27182
2023-10-25 13:37:38,35,37,10485,27182
2023-10-25 13:37:42,36,37,10485,27182
2023-10-25 13:37:52,35,37,10485,27182
2023-10-25 13:38:54,36,37,10485,27182
2023-10-25 13:39:00,35,37,10485,27182
2023-10-25 13:39:04,35,36,10485,27182
2023-10-25 13:39:53,34,36,10485,27182
2023-10-25 13:39:53,34,35,10485,27182
2023-10-25 13:40:13,34,36,10485,27182
2023-10-25 13:40:15,34,35,10485,27182
2023-10-25 13:40:24,33,35,10485,27182
2023-10-25 13:40:25,33,34,10485,27182
2023-10-25 13:40:40,33,35,10485,27182
2023-10-25 13:40:46,33,36,10485,27182
2023-10-25 13:40:49,34,36,10485,27182
2023-10-25 13:41:01,34,35,10485,27182
2023-10-25 13:41:11,33,35,10485,27182
2023-10-25 13:41:14,33,34,10485,27182
2023-10-25 13:41:24,32,34,10485,27182
2023-10-25 13:41:24,32,33,10485,27182
2023-10-25 13:41:35,32,34,10485,27182
2023-10-25 13:41:35,32,33,10485,27182
2023-10-25 13:42:45,31,33,10485,27182
2023-10-25 13:42:45,31,32,10485,27182
2023-10-25 13:43:11,31,33,10485,27182
2023-10-25 13:43:14,31,34,10485,27182
2023-10-25 13:43:15,31,33,10485,27182
2023-10-25 13:43:22,31,32,10485,27182
2023-10-25 13:43:31,30,32,10485,27182
2023-10-25 13:43:31,30,31,10485,27182
2023-10-25 13:43:34,30,32,10485,27182
2023-10-25 13:43:34,30,31,10485,27182
2023-10-25 13:44:07,30,31,10485,27432
2023-10-25 13:44:07,30,32,10485,27432
2023-10-25 13:44:07,30,31,10485,27432
2023-10-25 13:44:42,29,31,10485,27432
2023-10-25 13:44:42,29,30,10485,27432
2023-10-25 13:44:46,28,30,10485,27632
2023-10-25 13:44:50,29,30,10485,27632
2023-10-25 13:44:50,29,31,10485,27632
2023-10-25 13:44:52,28,31,10485,27632
2023-10-25 13:44:53,29,31,10485,27632
2023-10-25 13:44:56,28,31,10485,27632
2023-10-25 13:44:58,28,30,10485,27632
2023-10-25 13:45:06,28,31,10485,27632
2023-10-25 13:45:09,29,31,10485,27632
2023-10-25 13:45:23,28,31,10485,27632
2023-10-25 13:45:36,29,31,10485,27632
2023-10-25 13:46:03,30,31,10485,27632
2023-10-25 13:46:04,30,31,10735,27882
2023-10-25 13:46:04,30,32,10735,27882
2023-10-25 13:46:09,30,33,10735,27882
2023-10-25 13:46:16,31,33,10735,27882
2023-10-25 13:46:33,31,33,10735,28132
2023-10-25 13:46:45,31,32,10735,28132
2023-10-25 13:46:46,31,33,10735,28132
2023-10-25 13:46:51,31,32,10735,28132
2023-10-25 13:46:54,31,33,10735,28132
2023-10-25 13:46:55,31,32,10735,28132
2023-10-25 13:46:59,31,33,10735,28132
2023-10-25 13:47:06,31,32,10735,28132
2023-10-25 13:47:08,31,33,10735,28132
2023-10-25 13:47:16,30,33,10735,28132
2023-10-25 13:47:20,30,32,10735,28132
2023-10-25 13:48:04,30,33,10735,28132
2023-10-25 13:48:23,31,33,10735,28132
2023-10-25 13:48:27,31,34,10735,28132
2023-10-25 13:48:28,32,34,10735,28132
2023-10-25 13:48:40,31,34,10735,28132
2023-10-25 13:48:43,31,33,10735,28132
2023-10-25 13:49:18,31,32,10735,28132
2023-10-25 13:49:19,29,32,10735,28132
2023-10-25 13:49:35,30,32,10735,28132
2023-10-25 13:49:44,29,32,10735,28132
2023-10-25 13:50:01,29,31,10735,28132
2023-10-25 13:50:04,29,32,10735,28132
2023-10-25 13:50:20,30,32,10735,28132
2023-10-25 13:50:21,30,33,10735,28132
2023-10-25 13:50:21,30,32,10735,28132
2023-10-25 13:50:25,29,32,10735,28132
2023-10-25 13:50:26,29,31,10735,28132
2023-10-25 13:50:30,29,30,10735,28132
2023-10-25 13:50:51,29,31,10735,28132
2023-10-25 13:51:14,29,32,10735,28132
2023-10-25 13:51:14,29,31,10735,28132
2023-10-25 13:51:18,30,31,10735,28132
2023-10-25 13:51:18,30,33,10735,28132
2023-10-25 13:51:18,30,32,10735,28132
2023-10-25 13:51:21,30,31,10735,28132
2023-10-25 13:51:22,30,32,10883,28355
2023-10-25 13:51:22,30,31,10883,28355
2023-10-25 13:51:32,29,31,10883,28355
2023-10-25 13:51:37,30,31,10883,28355
2023-10-25 13:51:39,30,32,10883,28355
2023-10-25 13:51:55,30,33,10883,28355
2023-10-25 13:51:56,30,32,10883,28355
2023-10-25 13:51:58,30,33,10883,28355
2023-10-25 13:51:58,31,33,10883,28355
2023-10-25 13:51:58,31,34,10883,28355
2023-10-25 13:51:58,31,33,10883,28355
2023-10-25 13:52:00,30,33,10883,28355
2023-10-25 13:52:04,30,32,10883,28355
2023-10-25 13:52:30,30,31,10883,28355
2023-10-25 13:52:32,30,32,10883,28355
2023-10-25 13:52:32,30,33,10883,28355
2023-10-25 13:52:32,30,32,10883,28355
2023-10-25 13:52:56,30,31,10883,28355
2023-10-25 13:53:01,29,31,10883,28355
2023-10-25 13:53:04,29,32,10883,28355
2023-10-25 13:53:04,29,31,10883,28355
2023-10-25 13:53:12,29,30,10883,28355
2023-10-25 13:53:17,28,30,10880,28558
2023-10-25 13:53:23,28,29,10880,28558
2023-10-25 13:53:35,27,29,10880,28558
2023-10-25 13:53:38,27,28,10880,28558
2023-10-25 13:53:39,27,29,10880,28558
2023-10-25 13:53:44,27,28,10880,28558
2023-10-25 13:54:21,27,29,10880,28558
2023-10-25 13:54:35,28,29,10880,28558
2023-10-25 13:54:38,28,30,10980,28658
2023-10-25 13:54:38,28,29,10980,28658
2023-10-25 13:54:42,28,30,10980,28658
2023-10-25 13:54:45,28,31,10980,28658
2023-10-25 13:54:48,28,30,10980,28658
2023-10-25 13:54:52,29,30,10980,28658
2023-10-25 13:54:52,29,31,10980,28658
2023-10-25 13:54:52,30,31,10980,28658
2023-10-25 13:55:07,30,32,10980,28658
2023-10-25 13:55:08,31,32,10980,28658
2023-10-25 13:55:09,31,33,10980,28658
2023-10-25 13:55:19,31,34,11201,28879
2023-10-25 13:55:21,32,34,11201,28879
2023-10-25 13:55:22,33,34,11201,28879
2023-10-25 13:55:30,32,34,11201,28879
2023-10-25 13:55:32,33,34,11201,28879
2023-10-25 13:55:34,33,34,11201,28881
2023-10-25 13:55:37,33,35,11201,29079
2023-10-25 13:55:47,33,34,11201,29079
2023-10-25 13:56:26,33,35,11201,29079
2023-10-25 13:56:28,34,35,11201,29079
2023-10-25 13:56:30,34,36,11201,29079
2023-10-25 13:56:34,34,35,11201,29079
2023-10-25 13:56:35,34,36,11201,29079
2023-10-25 13:56:36,34,35,11201,29079
2023-10-25 13:56:41,34,36,11201,29079
2023-10-25 13:57:03,35,36,11201,29079
2023-10-25 13:57:15,35,37,11201,29079
2023-10-25 13:57:17,35,36,11201,29079
2023-10-25 13:57:18,35,37,11201,29079
2023-10-25 13:57:22,35,36,11201,29079
2023-10-25 13:57:22,35,37,11201,29079
2023-10-25 13:57:25,36,37,11201,29079
2023-10-25 13:57:48,36,38,11201,29081
2023-10-25 13:57:50,37,38,11201,29081
2023-10-25 13:57:51,37,39,11201,29081
2023-10-25 13:57:54,37,38,11201,29081
2023-10-25 13:58:01,36,38,11201,29081
2023-10-25 13:58:02,36,37,11201,29081
2023-10-25 13:58:10,36,38,11201,29081
2023-10-25 13:58:14,36,37,11201,29081
2023-10-25 13:58:31,35,37,11201,29081
2023-10-25 13:58:31,35,36,11201,29081
2023-10-25 13:58:34,35,37,11201,29081
2023-10-25 13:58:35,35,36,11201,29081
2023-10-25 13:58:36,35,38,11201,29081
2023-10-25 13:58:36,35,37,11201,29081
2023-10-25 13:58:42,36,37,11201,29081
2023-10-25 13:58:43,36,39,11201,29081
2023-10-25 13:58:43,36,38,11201,29081
2023-10-25 13:58:45,36,37,11201,29081
2023-10-25 13:58:51,36,38,11201,29081
2023-10-25 13:58:51,36,39,11201,29081
2023-10-25 13:58:52,36,37,11201,29081
2023-10-25 13:58:53,36,38,11201,29081
2023-10-25 13:58:53,36,39,11201,29081
2023-10-25 13:58:53,36,38,11201,29081
2023-10-25 13:59:03,36,37,11201,29081
2023-10-25 13:59:09,36,39,11201,29081
2023-10-25 13:59:09,36,38,11201,29081
2023-10-25 13:59:41,37,38,11201,29081
2023-10-25 13:59:41,37,39,11201,29081
2023-10-25 13:59:45,37,38,11201,29081
2023-10-25 13:59:47,37,39,11201,29081
2023-10-25 13:59:49,37,38,11201,29081
2023-10-25 14:00:03,37,39,11201,29081
2023-10-25 14:00:07,37,38,11201,29081
2023-10-25 14:00:19,37,39,11201,29081
2023-10-25 14:00:23,38,39,11201,29081
2023-10-25 14:00:26,38,40,11201,29081
2023-10-25 14:00:34,39,40,11201,29081
2023-10-25 14:00:44,39,41,11201,29081
2023-10-25 14:00:44,39,40,11201,29081
2023-10-25 14:00:46,39,41,11201,29081
2023-10-25 14:00:57,39,40,11201,29081
2023-10-25 14:01:01,39,41,11201,29081
2023-10-25 14:01:03,39,40,11201,29081
2023-10-25 14:01:22,39,40,11451,29331
2023-10-25 14:01:23,38,40,11451,29331
2023-10-25 14:01:27,38,39,11451,29331
2023-10-25 14:01:28,38,40,11451,29331
2023-10-25 14:01:33,39,40,11451,29331
2023-10-25 14:01:36,39,41,11451,29331
2023-10-25 14:01:36,39,40,11451,29331
2023-10-25 14:01:52,39,41,11451,29331
2023-10-25 14:02:02,40,41,11451,29331
2023-10-25 14:02:11,39,41,11451,29331
2023-10-25 14:02:11,39,40,11451,29331
2023-10-25 14:02:23,39,41,11523,29403
2023-10-25 14:02:30,40,41,11523,29403
2023-10-25 14:02:57,40,42,11523,29403
2023-10-25 14:03:04,40,41,11523,29403
2023-10-25 14:03:23,39,41,11523,29403
2023-10-25 14:03:23,39,40,11523,29403
2023-10-25 14:03:28,38,40,11523,29403
2023-10-25 14:03:29,38,39,11523,29403
2023-10-25 14:03:40,38,40,11523,29403
2023-10-25 14:03:40,38,39,11523,29403
2023-10-25 14:03:53,37,39,11523,29403
2023-10-25 14:03:53,36,39,11523,29403
2023-10-25 14:03:53,36,38,11523,29403
2023-10-25 14:04:03,37,38,11523,29403
2023-10-25 14:04:07,37,39,11523,29403
2023-10-25 14:04:07,37,38,11523,29403
2023-10-25 14:04:18,37,40,11523,29403
2023-10-25 14:04:18,37,39,11523,29403
2023-10-25 14:04:42,37,40,11523,29403
2023-10-25 14:04:42,37,39,11523,29403
2023-10-25 14:04:57,37,38,11523,29403
2023-10-25 14:05:00,37,39,11523,29403
2023-10-25 14:05:01,37,38,11523,29403
2023-10-25 14:05:10,36,38,11523,29403
2023-10-25 14:05:11,37,38,11523,29403
2023-10-25 14:05:19,37,39,11523,29403
2023-10-25 14:05:30,37,40,11523,29403
2023-10-25 14:05:31,37,39,11523,29403
2023-10-25 14:05:32,37,38,11523,29403
2023-10-25 14:05:33,36,38,11523,29403
2023-10-25 14:05:51,36,39,11523,29403
2023-10-25 14:05:51,37,39,11523,29403
2023-10-25 14:05:52,37,38,11523,29403
2023-10-25 14:05:53,37,40,11523,29403
2023-10-25 14:05:53,37,39,11523,29403
2023-10-25 14:06:08,38,39,11523,29403
2023-10-25 14:06:08,38,41,11523,29403
2023-10-25 14:06:08,38,40,11523,29403
2023-10-25 14:06:27,38,39,11523,29403
2023-10-25 14:06:37,37,39,11523,29403
2023-10-25 14:06:37,37,40,11523,29403
2023-10-25 14:06:38,37,39,11523,29403
2023-10-25 14:06:43,38,39,11523,29403
2023-10-25 14:06:44,38,40,11642,29522
2023-10-25 14:06:53,38,41,11642,29522
2023-10-25 14:06:57,38,40,11642,29522
2023-10-25 14:07:23,38,39,11642,29522
2023-10-25 14:07:30,38,41,11642,29522
2023-10-25 14:07:30,38,40,11642,29522
2023-10-25 14:07:51,39,40,11642,29522
2023-10-25 14:07:52,39,41,11642,29522
2023-10-25 14:07:53,40,41,11642,29522
2023-10-25 14:07:53,40,42,11642,29522
2023-10-25 14:07:56,40,41,11642,29522
2023-10-25 14:08:25,40,42,11642,29522
2023-10-25 14:08:25,40,41,11642,29522
2023-10-25 14:08:36,39,41,11642,29522
2023-10-25 14:08:36,39,40,11642,29522
2023-10-25 14:08:46,38,40,11642,29522
2023-10-25 14:08:46,38,39,11642,29522
2023-10-25 14:08:58,38,41,11642,29522
2023-10-25 14:08:58,38,40,11642,29522
2023-10-25 14:09:12,39,40,11642,29522
2023-10-25 14:09:12,38,40,11842,29722
2023-10-25 14:10:06,38,41,11842,29722
2023-10-25 14:10:09,39,41,11842,29722
2023-10-25 14:10:10,39,41,12004,29884
2023-10-25 14:10:10,38,41,12004,29884
2023-10-25 14:10:10,38,40,12004,29884
2023-10-25 14:10:11,38,41,12004,29884
2023-10-25 14:10:14,38,40,12004,29884
2023-10-25 14:10:16,38,41,12004,29884
2023-10-25 14:10:31,38,40,12004,29884
2023-10-25 14:10:43,38,41,12004,29884
2023-10-25 14:10:47,38,40,12004,29884
2023-10-25 14:10:57,38,41,12004,29884
2023-10-25 14:11:09,39,41,12004,29884
2023-10-25 14:11:31,38,41,12004,29884
2023-10-25 14:11:31,39,41,12004,29884
2023-10-25 14:11:40,39,40,12004,29884
2023-10-25 14:11:45,39,40,12004,30084
2023-10-25 14:11:45,38,40,12004,30084
2023-10-25 14:11:51,38,39,12004,30084
2023-10-25 14:11:56,38,40,12004,30084
2023-10-25 14:12:08,38,39,12004,30084
2023-10-25 14:12:15,38,39,12064,30144
2023-10-25 14:12:15,37,39,12064,30144
2023-10-25 14:12:17,37,38,12064,30144
2023-10-25 14:12:18,37,38,12066,30146
2023-10-25 14:12:42,36,38,12066,30146
2023-10-25 14:12:47,36,37,12066,30146
2023-10-25 14:12:48,35,37,12066,30146
2023-10-25 14:12:57,35,36,12066,30146
2023-10-25 14:13:04,35,37,12066,30146
2023-10-25 14:13:12,35,38,12066,30146
2023-10-25 14:13:14,35,39,12066,30146
2023-10-25 14:13:14,36,39,12066,30146
2023-10-25 14:13:17,37,39,12066,30146
2023-10-25 14:13:20,37,40,12066,30146
2023-10-25 14:13:20,38,40,12066,30146
2023-10-25 14:13:21,38,41,12066,30146
2023-10-25 14:13:23,39,41,12066,30146
2023-10-25 14:13:27,39,42,12066,30146
2023-10-25 14:13:33,40,42,12066,30146
2023-10-25 14:13:36,41,42,12066,30146
2023-10-25 14:13:50,41,43,12066,30146
2023-10-25 14:14:04,42,43,12066,30146
2023-10-25 14:14:15,42,44,12066,30146
2023-10-25 14:14:23,43,44,12066,30146
2023-10-25 14:14:24,43,45,12066,30146
2023-10-25 14:14:24,44,45,12066,30146
2023-10-25 14:14:27,44,46,12066,30146
2023-10-25 14:14:45,45,46,12066,30146
2023-10-25 14:14:45,45,47,12066,30146
2023-10-25 14:14:45,46,47,12066,30146
2023-10-25 14:15:09,46,48,12066,30146
2023-10-25 14:15:32,46,47,12066,30146
2023-10-25 14:15:44,45,47,12066,30146
2023-10-25 14:16:04,45,46,12066,30146
2023-10-25 14:16:04,44,46,12066,30146
2023-10-25 14:16:13,44,47,12066,30146
2023-10-25 14:16:15,45,47,12066,30146
2023-10-25 14:16:36,45,48,12066,30146
2023-10-25 14:16:48,45,47,12066,30146
2023-10-25 14:17:05,45,48,12066,30146
2023-10-25 14:17:08,46,48,12066,30146
2023-10-25 14:18:05,46,47,12066,30146
2023-10-25 14:18:05,45,47,12066,30146
2023-10-25 14:18:09,45,48,12066,30146
2023-10-25 14:18:09,45,47,12066,30146
2023-10-25 14:18:10,45,48,12066,30146
2023-10-25 14:18:10,46,48,12066,30146
2023-10-25 14:19:27,45,48,12066,30146
2023-10-25 14:19:31,45,47,12066,30146
2023-10-25 14:19:34,44,47,12066,30146
2023-10-25 14:19:34,44,46,12066,30146
2023-10-25 14:19:41,44,45,12066,30146
2023-10-25 14:19:42,43,45,12066,30146
2023-10-25 14:19:46,43,45,12066,30167
2023-10-25 14:19:53,43,46,12066,30167
2023-10-25 14:19:53,44,46,12066,30167
2023-10-25 14:19:57,44,47,12066,30167
2023-10-25 14:20:16,44,48,12066,30167
2023-10-25 14:20:16,44,47,12066,30167
2023-10-25 14:20:20,44,46,12066,30167
2023-10-25 14:20:24,45,46,12066,30167
2023-10-25 14:20:26,44,46,12066,30167
2023-10-25 14:20:33,44,47,12066,30167
2023-10-25 14:20:33,44,46,12066,30167
2023-10-25 14:20:48,45,46,12066,30167
2023-10-25 14:20:48,46,48,12214,30315
2023-10-25 14:20:48,46,47,12214,30315
2023-10-25 14:21:26,47,49,12368,30469
2023-10-25 14:21:26,47,48,12368,30469
2023-10-25 14:21:28,47,50,12368,30469
2023-10-25 14:21:28,47,49,12368,30469
2023-10-25 14:21:29,47,49,12368,30471
2023-10-25 14:21:30,47,48,12368,30471
2023-10-25 14:21:33,47,49,12368,30471
2023-10-25 14:21:33,47,48,12368,30471
2023-10-25 14:21:37,47,50,12368,30471
2023-10-25 14:21:38,47,49,12368,30471
2023-10-25 14:21:39,47,48,12368,30471
2023-10-25 14:21:41,46,48,12368,30471
2023-10-25 14:21:41,46,47,12368,30471
2023-10-25 14:21:42,46,47,12370,30473
2023-10-25 14:22:00,47,49,12504,30607
2023-10-25 14:22:00,47,48,12504,30607
2023-10-25 14:22:01,46,48,12504,30607
2023-10-25 14:22:05,46,47,12504,30607
2023-10-25 14:22:26,45,47,12504,30607
2023-10-25 14:22:26,45,46,12504,30607
2023-10-25 14:22:31,45,46,12516,30619
2023-10-25 14:22:31,44,46,12516,30619
2023-10-25 14:22:34,44,45,12516,30619
2023-10-25 14:22:43,43,45,12516,30619
2023-10-25 14:22:46,43,44,12516,30619
2023-10-25 14:22:49,43,45,12516,30619
2023-10-25 14:22:51,43,44,12516,30619
2023-10-25 14:22:52,43,44,12546,30651
2023-10-25 14:23:14,42,44,12546,30651
2023-10-25 14:23:29,43,44,12546,30651
2023-10-25 14:23:29,43,45,12546,30651
2023-10-25 14:23:46,43,44,12546,30651
2023-10-25 14:23:47,43,44,12570,30675
2023-10-25 14:23:47,43,45,12570,30675
2023-10-25 14:23:47,43,44,12570,30675
2023-10-25 14:24:03,43,46,12570,30675
2023-10-25 14:24:03,43,45,12570,30675
2023-10-25 14:24:06,43,46,12570,30675
2023-10-25 14:24:07,44,46,12570,30675
2023-10-25 14:24:07,44,45,12570,30675
2023-10-25 14:24:07,44,46,12570,30675
2023-10-25 14:24:08,44,45,12570,30675
2023-10-25 14:24:16,44,46,12789,30894
2023-10-25 14:24:16,44,45,12789,30894
2023-10-25 14:24:44,44,46,12789,30894
2023-10-25 14:24:47,44,45,12789,30894
2023-10-25 14:24:54,44,46,12789,30894
2023-10-25 14:24:58,44,45,12789,30894
2023-10-25 14:24:59,44,46,12789,30894
2023-10-25 14:25:01,44,45,12789,30894
2023-10-25 14:25:21,44,46,12789,30894
2023-10-25 14:25:21,44,47,12789,30894
2023-10-25 14:25:24,45,47,12789,30894
2023-10-25 14:25:24,46,47,12789,30894
2023-10-25 14:26:00,46,48,12789,30894
2023-10-25 14:26:00,46,47,12789,30894
2023-10-25 14:26:01,46,48,12789,30894
2023-10-25 14:26:01,46,47,12789,30894
2023-10-25 14:26:03,46,48,12789,30894
2023-10-25 14:26:03,46,47,12789,30894
2023-10-25 14:26:18,45,47,12789,30894
2023-10-25 14:26:18,45,46,12789,30894
2023-10-25 14:26:41,45,46,12808,30913
2023-10-25 14:26:41,44,46,12808,30913
2023-10-25 14:26:41,44,45,12808,30913
2023-10-25 14:26:42,44,45,12810,30915
2023-10-25 14:26:53,44,46,12810,30915
2023-10-25 14:26:53,44,45,12810,30915
2023-10-25 14:26:58,44,45,12827,30932
2023-10-25 14:26:59,44,45,12842,30947
2023-10-25 14:27:13,44,45,12842,31147
2023-10-25 14:27:13,44,45,12853,31158
2023-10-25 14:27:13,42,45,12853,31158
2023-10-25 14:27:13,43,45,12853,31158
2023-10-25 14:27:13,43,44,12853,31158
2023-10-25 14:27:17,43,44,12853,31358
2023-10-25 14:27:17,43,44,12863,31368
2023-10-25 14:27:17,42,44,12863,31368
2023-10-25 14:27:20,42,44,12878,31383
2023-10-25 14:27:24,42,43,12878,31383
2023-10-25 14:27:30,42,44,12878,31383
2023-10-25 14:27:31,42,43,12878,31383
2023-10-25 14:27:32,42,45,12878,31383
2023-10-25 14:27:32,42,44,12878,31383
2023-10-25 14:27:32,43,44,12878,31383
2023-10-25 14:27:38,43,45,13109,31614
2023-10-25 14:27:38,43,44,13109,31614
2023-10-25 14:27:51,43,44,13125,31630
2023-10-25 14:27:54,43,44,13141,31646
2023-10-25 14:27:54,42,44,13141,31646
2023-10-25 14:27:54,42,43,13141,31646
2023-10-25 14:28:00,41,43,13141,31646
2023-10-25 14:28:06,41,44,13141,31646
2023-10-25 14:28:09,42,44,13141,31646
2023-10-25 14:28:10,42,43,13141,31646
2023-10-25 14:28:15,41,43,13141,31646
2023-10-25 14:28:30,41,44,13141,31646
2023-10-25 14:28:31,41,43,13141,31646
2023-10-25 14:28:40,41,42,13141,31646
2023-10-25 14:28:41,39,41,13139,31648
2023-10-25 14:28:45,39,42,13139,31648
2023-10-25 14:28:48,40,42,13139,31648
2023-10-25 14:28:49,40,43,13139,31648
2023-10-25 14:28:50,40,42,13139,31648
2023-10-25 14:29:06,40,43,13139,31648
2023-10-25 14:29:07,40,43,12914,32073
2023-10-25 14:29:10,40,42,12914,32073
2023-10-25 14:29:15,40,43,12914,32073
2023-10-25 14:29:18,41,42,12914,32073
2023-10-25 14:29:18,40,42,12914,32073
2023-10-25 14:29:28,41,42,12914,32073
2023-10-25 14:29:28,41,43,12914,32073
2023-10-25 14:29:50,40,43,12914,32073
2023-10-25 14:29:52,40,42,12914,32073
2023-10-25 14:29:58,39,42,12914,32073
2023-10-25 14:30:02,39,41,12914,32073
2023-10-25 14:30:04,39,42,12914,32073
2023-10-25 14:30:05,40,42,12914,32073
2023-10-25 14:30:12,40,42,13164,32323
2023-10-25 14:30:13,40,43,13164,32323
2023-10-25 14:30:13,40,42,13164,32323
2023-10-25 14:30:14,40,43,13287,32446
2023-10-25 14:30:14,40,42,13287,32446
2023-10-25 14:30:17,40,41,13287,32446
2023-10-25 14:30:17,41,42,13387,32546
2023-10-25 14:30:17,41,43,13387,32546
2023-10-25 14:30:22,42,43,13387,32546
2023-10-25 14:30:28,42,44,13487,32646
2023-10-25 14:30:31,43,44,13487,32646
2023-10-25 14:30:31,43,44,13687,32846
2023-10-25 14:30:31,43,45,13687,32846
2023-10-25 14:30:31,43,46,13687,32846
2023-10-25 14:30:32,44,46,13687,32846
2023-10-25 14:30:35,44,46,13689,32865
2023-10-25 14:30:37,43,46,13689,32865
2023-10-25 14:30:39,43,45,13689,32865
2023-10-25 14:30:59,42,45,13689,32865
2023-10-25 14:31:00,43,45,13689,32865
2023-10-25 14:31:03,43,46,13689,32865
2023-10-25 14:31:07,43,45,13689,32865
2023-10-25 14:31:11,42,45,13689,32865
2023-10-25 14:31:12,42,44,13689,32865
2023-10-25 14:31:19,42,43,13689,32865
2023-10-25 14:31:19,41,43,13689,32865
2023-10-25 14:31:23,42,43,13689,32865
2023-10-25 14:31:24,41,43,13689,32865
2023-10-25 14:31:25,41,42,13689,32865
2023-10-25 14:31:30,41,42,13489,33065
2023-10-25 14:31:30,40,42,13489,33065
2023-10-25 14:31:35,40,41,13489,33065
2023-10-25 14:31:38,40,42,13489,33065
2023-10-25 14:31:40,40,41,13489,33065
2023-10-25 14:31:43,40,41,13489,33083
2023-10-25 14:31:49,39,40,13489,33085
2023-10-25 14:31:49,38,40,13489,33085
2023-10-25 14:31:52,38,39,13489,33085
2023-10-25 14:31:54,38,40,13489,33085
2023-10-25 14:32:06,39,40,13489,33085
2023-10-25 14:32:08,39,41,13489,33085
2023-10-25 14:32:11,39,42,13489,33085
2023-10-25 14:32:11,40,42,13489,33085
2023-10-25 14:32:17,39,42,13489,33085
2023-10-25 14:32:17,40,42,13489,33085
2023-10-25 14:32:20,39,42,13489,33085
2023-10-25 14:32:23,39,41,13489,33085
2023-10-25 14:32:50,38,41,13489,33085
2023-10-25 14:32:51,39,41,13489,33085
2023-10-25 14:32:58,39,42,13489,33085
2023-10-25 14:32:59,40,42,13489,33085
2023-10-25 14:33:02,40,41,13489,33085
2023-10-25 14:33:03,40,42,13537,33335
2023-10-25 14:33:06,40,43,13649,33447
2023-10-25 14:33:06,40,42,13649,33447
2023-10-25 14:33:07,40,43,13649,33447
2023-10-25 14:33:07,41,43,13649,33447
2023-10-25 14:33:08,40,43,13649,33447
2023-10-25 14:33:08,40,42,13649,33447
2023-10-25 14:33:09,40,43,13649,33447
2023-10-25 14:33:09,41,43,13649,33447
2023-10-25 14:33:15,41,44,13772,33570
2023-10-25 14:33:15,41,43,13772,33570
2023-10-25 14:33:16,41,43,13940,33820
2023-10-25 14:33:21,42,43,13940,33820
2023-10-25 14:33:21,42,43,14140,34020
2023-10-25 14:33:21,42,44,14140,34020
2023-10-25 14:33:21,42,45,14140,34020
2023-10-25 14:33:25,43,45,14140,34020
2023-10-25 14:33:36,42,45,14140,34020
2023-10-25 14:33:38,43,45,14140,34020
2023-10-25 14:33:41,43,44,14140,34020
2023-10-25 14:33:48,41,44,14140,34020
2023-10-25 14:33:49,41,43,14140,34020
2023-10-25 14:34:36,41,42,14140,34020
2023-10-25 14:34:40,41,43,14140,34020
2023-10-25 14:34:41,41,42,14140,34020
2023-10-25 14:34:45,40,42,14140,34020
2023-10-25 14:34:53,40,41,14140,34020
2023-10-25 14:34:54,39,41,14140,34020
2023-10-25 14:34:57,40,41,14140,34020
2023-10-25 14:35:00,39,41,14140,34020
2023-10-25 14:35:00,40,41,14140,34020
2023-10-25 14:35:12,39,41,14140,34020
2023-10-25 14:35:15,40,41,14140,34020
2023-10-25 14:35:16,40,42,14140,34020
2023-10-25 14:35:27,40,41,14140,34020
2023-10-25 14:35:32,39,41,14140,34020
2023-10-25 14:35:33,39,40,14140,34020
2023-10-25 14:35:33,39,40,13931,34229
2023-10-25 14:35:33,39,40,13931,34429
2023-10-25 14:35:33,38,40,13931,34429
2023-10-25 14:35:33,38,39,13931,34429
2023-10-25 14:35:33,36,39,13931,34429
2023-10-25 14:35:34,37,39,13931,34429
2023-10-25 14:35:42,38,39,13931,34429
2023-10-25 14:35:42,38,39,13931,34440
2023-10-25 14:35:44,38,39,13931,34450
2023-10-25 14:35:45,38,39,13681,34700
2023-10-25 14:35:45,37,39,13681,34700
2023-10-25 14:35:47,37,39,13681,34717
2023-10-25 14:35:47,36,39,13681,34717
2023-10-25 14:35:47,36,38,13681,34717
2023-10-25 14:35:48,35,38,13681,34717
2023-10-25 14:35:48,35,37,13681,34717
2023-10-25 14:35:52,36,37,13681,34717
2023-10-25 14:35:52,36,37,13681,34794
2023-10-25 14:35:52,35,37,13681,34794
2023-10-25 14:36:00,35,36,13681,34794
2023-10-25 14:36:00,34,36,13681,34794
2023-10-25 14:36:00,35,36,13681,34794
2023-10-25 14:36:05,35,36,13679,34796
2023-10-25 14:36:05,35,36,13679,34810
2023-10-25 14:36:05,34,36,13679,34810
2023-10-25 14:36:18,34,36,13697,34828
2023-10-25 14:36:18,34,35,13697,34828
2023-10-25 14:36:19,33,35,13448,35077
2023-10-25 14:36:19,34,35,13448,35077
2023-10-25 14:36:19,34,35,13448,35095
2023-10-25 14:36:20,33,35,13448,35095
2023-10-25 14:36:21,33,35,13466,35113
2023-10-25 14:36:27,34,35,13466,35113
2023-10-25 14:36:27,34,35,13466,35128
2023-10-25 14:36:30,32,34,13342,35252
2023-10-25 14:36:30,33,34,13342,35252
2023-10-25 14:36:31,33,35,13342,35252
2023-10-25 14:36:31,33,34,13342,35252
2023-10-25 14:36:32,32,34,13342,35252
2023-10-25 14:36:33,33,34,13342,35252
2023-10-25 14:36:34,33,34,13342,35271
2023-10-25 14:36:36,33,34,13342,35290
2023-10-25 14:36:38,33,34,13342,35304
2023-10-25 14:36:40,31,34,13342,35304
2023-10-25 14:36:40,32,34,13342,35304
2023-10-25 14:36:48,32,34,13342,35322
2023-10-25 14:36:52,33,34,13342,35322
2023-10-25 14:36:52,33,34,13342,35336
2023-10-25 14:36:54,33,34,13342,35354
2023-10-25 14:36:56,33,35,13342,35354
2023-10-25 14:36:56,33,35,13342,35370
2023-10-25 14:37:05,33,35,13342,35380
2023-10-25 14:37:07,33,35,13342,35399
2023-10-25 14:37:09,32,33,13204,35537
2023-10-25 14:37:11,32,35,13204,35678
2023-10-25 14:37:11,33,35,13204,35678
2023-10-25 14:37:11,33,35,13204,35693
2023-10-25 14:37:13,33,35,13204,35709
2023-10-25 14:37:22,33,34,13204,35709
2023-10-25 14:37:24,31,34,13204,35709
2023-10-25 14:37:24,32,34,13204,35709
2023-10-25 14:37:42,32,35,13204,35709
2023-10-25 14:37:42,33,35,13204,35709
2023-10-25 14:37:44,33,34,13204,35709
2023-10-25 14:37:44,31,34,13204,35709
2023-10-25 14:37:44,32,34,13204,35709
2023-10-25 14:38:02,32,35,13204,35709
2023-10-25 14:38:02,33,35,13204,35709
2023-10-25 14:38:04,33,34,13204,35709
2023-10-25 14:38:06,33,35,13204,35709
2023-10-25 14:38:14,33,35,13204,35725
2023-10-25 14:38:20,33,36,13204,35725
2023-10-25 14:38:21,33,35,13204,35725
2023-10-25 14:38:27,34,35,13204,35725
2023-10-25 14:38:27,34,37,13204,35725
2023-10-25 14:38:27,34,36,13204,35725
2023-10-25 14:38:32,34,36,13222,35743
2023-10-25 14:38:38,34,36,13237,35758
2023-10-25 14:38:43,34,37,13237,35758
2023-10-25 14:38:43,35,37,13237,35758
2023-10-25 14:38:46,35,37,13252,35773
2023-10-25 14:38:56,35,37,13265,35786
2023-10-25 14:39:01,34,37,13265,35786
2023-10-25 14:39:02,34,36,13265,35786
2023-10-25 14:39:06,35,36,13265,35786
2023-10-25 14:39:07,34,36,13265,35786
2023-10-25 14:39:12,34,35,13265,35786
2023-10-25 14:39:13,34,36,13265,35786
2023-10-25 14:39:14,34,35,13265,35786
2023-10-25 14:39:22,32,35,13265,35786
2023-10-25 14:39:22,33,35,13265,35786
2023-10-25 14:39:25,33,34,13265,35786
2023-10-25 14:39:35,33,34,13265,36036
2023-10-25 14:39:36,33,35,13265,36036
2023-10-25 14:39:38,33,34,13265,36036
2023-10-25 14:39:47,33,35,13265,36036
2023-10-25 14:39:57,33,34,13265,36036
2023-10-25 14:39:57,31,34,13265,36036
2023-10-25 14:39:57,32,34,13265,36036
2023-10-25 14:39:58,32,35,13265,36236
2023-10-25 14:39:59,34,35,13265,36236
2023-10-25 14:40:03,32,35,13265,36241
2023-10-25 14:40:03,32,34,13265,36241
2023-10-25 14:40:05,33,34,13265,36241
2023-10-25 14:40:07,33,35,13265,36241
2023-10-25 14:40:36,33,37,13265,36441
2023-10-25 14:40:37,34,37,13265,36441
2023-10-25 14:40:37,34,36,13265,36441
2023-10-25 14:40:38,34,37,13265,36441
2023-10-25 14:40:40,34,36,13265,36441
2023-10-25 14:40:41,34,37,13265,36441
2023-10-25 14:40:42,34,36,13265,36441
2023-10-25 14:40:49,34,37,13265,36441
2023-10-25 14:40:49,35,37,13265,36441
2023-10-25 14:40:50,34,37,13265,36441
2023-10-25 14:40:52,34,37,13265,36441
2023-10-25 14:40:53,34,36,13265,36441
2023-10-25 14:40:58,33,36,13265,36441
2023-10-25 14:41:02,34,36,13265,36441
2023-10-25 14:41:26,33,36,13265,36441
2023-10-25 14:41:27,34,36,13265,36441
2023-10-25 14:41:28,33,36,13265,36441
2023-10-25 14:41:29,33,35,13265,36441
2023-10-25 14:41:41,32,35,13265,36441
2023-10-25 14:41:41,32,34,13265,36441
2023-10-25 14:41:43,31,34,13265,36441
2023-10-25 14:41:45,32,34,13265,36441
2023-10-25 14:42:00,32,33,13265,36441
2023-10-25 14:42:00,31,33,13265,36441
2023-10-25 14:42:04,32,33,13265,36441
2023-10-25 14:42:06,31,33,13265,36441
2023-10-25 14:42:06,30,31,13265,36841
2023-10-25 14:42:06,30,31,13006,37100
2023-10-25 14:42:10,30,32,13006,37114
2023-10-25 14:42:10,31,32,13006,37114
2023-10-25 14:42:18,31,32,12997,37123
2023-10-25 14:42:19,31,32,12988,37132
2023-10-25 14:42:21,29,32,12788,37332
2023-10-25 14:42:21,30,32,12788,37332
2023-10-25 14:42:22,30,31,12788,37332
2023-10-25 14:42:26,29,31,12788,37332
2023-10-25 14:42:27,30,31,12788,37332
2023-10-25 14:42:28,30,31,12788,37334
2023-10-25 14:42:28,29,31,12788,37334
2023-10-25 14:42:30,29,31,12588,37534
2023-10-25 14:42:30,28,31,12588,37534
2023-10-25 14:42:30,27,31,12588,37534
2023-10-25 14:42:30,28,31,12588,37534
2023-10-25 14:42:31,28,30,12588,37534
2023-10-25 14:42:38,28,29,12588,37534
2023-10-25 14:42:41,28,30,12588,37534
2023-10-25 14:42:46,28,31,12588,37534
2023-10-25 14:42:46,29,31,12588,37534
2023-10-25 14:42:49,29,32,12588,37534
2023-10-25 14:42:51,30,32,12588,37534
2023-10-25 14:42:57,30,31,12588,37534
2023-10-25 14:43:03,30,32,12588,37534
2023-10-25 14:43:10,30,31,12588,37534
2023-10-25 14:43:10,28,31,12588,37534
2023-10-25 14:43:10,29,31,12588,37534
2023-10-25 14:43:22,28,31,12588,37534
2023-10-25 14:43:23,29,31,12588,37534
2023-10-25 14:43:23,29,32,12588,37534
2023-10-25 14:43:24,29,31,12588,37534
2023-10-25 14:43:48,29,32,12588,37534
2023-10-25 14:43:54,30,32,12588,37534
2023-10-25 14:43:57,30,31,12588,37534
2023-10-25 14:44:00,28,31,12588,37534
2023-10-25 14:44:00,29,31,12588,37534
2023-10-25 14:44:01,29,30,12588,37534
2023-10-25 14:44:01,27,30,12588,37534
2023-10-25 14:44:01,28,30,12588,37534
2023-10-25 14:44:03,28,29,12588,37534
2023-10-25 14:44:03,27,29,12588,37534
2023-10-25 14:44:06,27,28,12588,37534
2023-10-25 14:44:13,26,28,12456,37772
2023-10-25 14:44:13,27,28,12456,37772
2023-10-25 14:44:22,26,28,12456,37772
2023-10-25 14:44:23,27,28,12456,37772
2023-10-25 14:44:23,26,28,12456,37772
2023-10-25 14:44:23,27,28,12456,37772
2023-10-25 14:44:28,27,29,12456,37772
2023-10-25 14:44:37,27,30,12456,37772
2023-10-25 14:44:40,27,29,12456,37772
2023-10-25 14:44:41,27,30,12456,37772
2023-10-25 14:44:42,28,30,12456,37772
2023-10-25 14:44:56,28,29,12456,37772
2023-10-25 14:44:58,28,30,12456,37772
2023-10-25 14:45:00,26,30,12456,37772
2023-10-25 14:45:00,27,30,12456,37772
2023-10-25 14:45:02,27,29,12456,37772
2023-10-25 14:45:09,26,29,12456,37772
2023-10-25 14:45:09,27,29,12456,37772
2023-10-25 14:45:13,27,28,12456,37772
2023-10-25 14:45:14,26,28,12456,37772
2023-10-25 14:45:15,26,29,12456,37772
2023-10-25 14:45:15,27,29,12456,37772
2023-10-25 14:45:22,27,30,12456,37772
2023-10-25 14:45:23,27,29,12456,37772
2023-10-25 14:45:24,27,30,12456,37772
2023-10-25 14:45:25,27,29,12456,37772
2023-10-25 14:45:31,27,30,12456,37772
2023-10-25 14:45:34,28,30,12456,37772
2023-10-25 14:45:35,28,31,12456,37772
2023-10-25 14:45:35,29,31,12456,37772
2023-10-25 14:45:36,29,32,12456,37772
2023-10-25 14:45:39,29,33,12456,37772
2023-10-25 14:45:39,30,33,12456,37772
2023-10-25 14:45:40,30,33,12456,38022
2023-10-25 14:45:41,31,33,12456,38022
2023-10-25 14:45:45,29,33,12456,38022
2023-10-25 14:45:45,30,33,12456,38022
2023-10-25 14:45:57,31,33,12456,38022
2023-10-25 14:45:58,31,34,12456,38222
2023-10-25 14:45:59,31,33,12456,38222
2023-10-25 14:46:05,30,33,12456,38222
2023-10-25 14:46:09,30,32,12456,38222
2023-10-25 14:46:11,29,32,12456,38222
2023-10-25 14:46:12,29,31,12456,38222
2023-10-25 14:46:46,29,30,12456,38222
2023-10-25 14:46:46,27,30,12456,38222
2023-10-25 14:46:46,28,30,12456,38222
2023-10-25 14:47:25,28,30,12456,38422
2023-10-25 14:47:25,26,29,12456,38422
2023-10-25 14:47:29,27,29,12456,38422
2023-10-25 14:47:31,27,28,12456,38422
2023-10-25 14:47:32,26,28,12456,38422
2023-10-25 14:47:34,26,27,12456,38422
2023-10-25 14:47:34,25,27,12456,38422
2023-10-25 14:47:38,25,26,12456,38422
2023-10-25 14:47:39,25,27,12456,38422
2023-10-25 14:47:47,25,26,12456,38422
2023-10-25 14:47:48,25,27,12456,38422
2023-10-25 14:47:49,25,26,12456,38422
2023-10-25 14:47:54,24,26,12456,38422
2023-10-25 14:47:55,25,26,12456,38422
2023-10-25 14:47:55,24,26,12456,38422
2023-10-25 14:47:57,24,25,12456,38422
2023-10-25 14:47:57,23,25,12456,38422
2023-10-25 14:47:58,24,25,12456,38422
2023-10-25 14:48:00,23,25,12456,38422
2023-10-25 14:48:01,24,25,12456,38422
2023-10-25 14:48:07,24,26,12456,38422
2023-10-25 14:48:13,25,26,12456,38422
2023-10-25 14:48:22,25,27,12456,38422
2023-10-25 14:48:23,25,26,12456,38422
2023-10-25 14:48:24,24,26,12456,38422
2023-10-25 14:48:31,24,27,12456,38422
2023-10-25 14:48:32,24,26,12456,38422
2023-10-25 14:48:34,24,27,12456,38422
2023-10-25 14:48:38,24,26,12456,38422
2023-10-25 14:48:40,24,27,12456,38422
2023-10-25 14:48:41,24,26,12456,38422
2023-10-25 14:48:52,24,27,12456,38422
2023-10-25 14:48:53,25,27,12456,38422
2023-10-25 14:49:00,25,28,12456,38422
2023-10-25 14:49:00,25,27,12456,38422
2023-10-25 14:49:06,26,27,12456,38422
2023-10-25 14:49:08,24,27,12456,38422
2023-10-25 14:49:08,25,27,12456,38422
2023-10-25 14:49:18,25,26,12456,38422
2023-10-25 14:49:18,23,26,12456,38422
2023-10-25 14:49:18,24,26,12456,38422
2023-10-25 14:50:08,23,26,12456,38422
2023-10-25 14:50:09,24,26,12456,38422
2023-10-25 14:50:15,24,25,12456,38422
2023-10-25 14:50:15,23,25,12456,38422
2023-10-25 14:50:22,23,24,12456,38422
2023-10-25 14:50:26,23,25,12456,38422
2023-10-25 14:50:41,23,26,12456,38422
2023-10-25 14:50:44,23,25,12456,38422
2023-10-25 14:50:46,23,26,12456,38422
2023-10-25 14:50:51,23,25,12456,38422
2023-10-25 14:51:22,22,25,12456,38422
2023-10-25 14:51:22,23,25,12456,38422
2023-10-25 14:51:36,23,26,12456,38422
2023-10-25 14:51:36,24,26,12456,38422
2023-10-25 14:51:41,24,25,12456,38422
2023-10-25 14:51:42,22,25,12456,38422
2023-10-25 14:51:42,23,25,12456,38422
2023-10-25 14:51:46,23,24,12456,38422
2023-10-25 14:51:48,22,24,12456,38422
2023-10-25 14:51:50,23,24,12456,38422
2023-10-25 14:51:53,23,25,12456,38422
2023-10-25 14:51:53,23,25,12516,38482
2023-10-25 14:52:01,23,24,12516,38482
2023-10-25 14:52:01,23,24,12566,38532
2023-10-25 14:52:02,22,24,12566,38532
2023-10-25 14:52:04,23,24,12566,38532
2023-10-25 14:52:13,23,25,12566,38532
2023-10-25 14:52:15,23,26,12566,38532
2023-10-25 14:52:17,24,26,12566,38532
2023-10-25 14:52:25,24,25,12566,38532
2023-10-25 14:52:26,24,26,12566,38532
2023-10-25 14:52:33,24,27,12566,38532
2023-10-25 14:52:35,24,26,12566,38532
2023-10-25 14:52:37,24,27,12566,38532
2023-10-25 14:52:39,25,27,12566,38532
2023-10-25 14:52:50,25,28,12566,38532
2023-10-25 14:52:51,26,28,12566,38532
2023-10-25 14:52:57,26,29,12566,38532
2023-10-25 14:52:58,27,29,12566,38532
2023-10-25 14:53:01,26,29,12566,38532
2023-10-25 14:53:03,27,29,12566,38532
2023-10-25 14:53:09,27,30,12566,38532
2023-10-25 14:53:13,27,31,12566,38532
2023-10-25 14:53:13,28,31,12566,38532
2023-10-25 14:53:20,29,31,12566,38532
2023-10-25 14:53:20,28,31,12566,38532
2023-10-25 14:53:21,28,30,12566,38532
2023-10-25 14:53:22,27,30,12566,38532
2023-10-25 14:53:26,27,29,12566,38532
2023-10-25 14:53:27,27,30,12566,38532
2023-10-25 14:53:27,28,30,12566,38532
2023-10-25 14:53:29,28,31,12566,38532
2023-10-25 14:53:32,29,31,12566,38532
2023-10-25 14:53:32,29,32,12566,38532
2023-10-25 14:53:35,29,31,12566,38532
2023-10-25 14:53:47,29,32,12566,38532
2023-10-25 14:53:48,30,32,12566,38532
2023-10-25 14:53:51,30,33,12566,38532
2023-10-25 14:53:52,30,32,12566,38532
2023-10-25 14:53:53,30,33,12566,38532
2023-10-25 14:53:54,30,32,12566,38532
2023-10-25 14:53:56,31,32,12566,38532
2023-10-25 14:53:56,31,33,12566,38532
2023-10-25 14:53:57,31,34,12566,38532
2023-10-25 14:54:00,31,33,12566,38532
2023-10-25 14:54:10,30,33,12566,38532
2023-10-25 14:54:10,30,32,12566,38532
2023-10-25 14:54:16,30,34,12566,38532
2023-10-25 14:54:16,30,33,12566,38532
2023-10-25 14:54:20,31,33,12566,38532
2023-10-25 14:54:23,32,33,12566,38532
2023-10-25 14:54:23,32,34,12566,38532
2023-10-25 14:54:28,33,34,12566,38532
2023-10-25 14:54:30,33,35,12566,38532
2023-10-25 14:54:31,33,34,12566,38532
2023-10-25 14:54:34,33,35,12566,38679
2023-10-25 14:54:44,32,35,12566,38679
2023-10-25 14:54:45,32,34,12566,38679
2023-10-25 14:54:59,32,36,12566,38679
2023-10-25 14:54:59,32,35,12566,38679
2023-10-25 14:55:03,33,35,12566,38679
2023-10-25 14:55:08,34,35,12566,38679
2023-10-25 14:55:08,34,36,12566,38679
2023-10-25 14:55:12,34,35,12566,38679
2023-10-25 14:55:15,34,36,12566,38679
2023-10-25 14:55:18,34,37,12566,38679
2023-10-25 14:55:20,34,36,12566,38679
2023-10-25 14:55:25,35,36,12566,38679
2023-10-25 14:55:25,35,37,12566,38679
2023-10-25 14:55:35,36,37,12566,38679
2023-10-25 14:55:36,36,37,12566,38879
2023-10-25 14:55:40,38,40,12566,38964
2023-10-25 14:55:41,39,40,12566,38964
2023-10-25 14:55:41,39,41,12566,38964
2023-10-25 14:55:43,40,41,12566,38964
2023-10-25 14:55:43,40,41,12506,39024
2023-10-25 14:55:43,40,42,12506,39024
2023-10-25 14:55:45,39,42,12506,39024
2023-10-25 14:55:45,39,41,12506,39024
2023-10-25 14:55:50,38,41,12506,39024
2023-10-25 14:55:51,38,40,12506,39024
2023-10-25 14:55:57,38,42,12506,39024
2023-10-25 14:55:57,38,41,12506,39024
2023-10-25 14:55:59,39,41,12506,39024
2023-10-25 14:56:03,40,41,12506,39024
2023-10-25 14:56:03,40,41,12479,39051
2023-10-25 14:56:03,40,43,12479,39051
2023-10-25 14:56:03,40,42,12479,39051
2023-10-25 14:56:06,41,42,12479,39051
2023-10-25 14:56:06,41,43,12479,39051
2023-10-25 14:56:07,41,42,12479,39051
2023-10-25 14:56:09,41,43,12527,39204
2023-10-25 14:56:10,41,42,12527,39204
2023-10-25 14:56:13,41,43,12675,39352
2023-10-25 14:56:14,41,42,12675,39352
2023-10-25 14:56:17,41,44,12675,39352
2023-10-25 14:56:17,41,43,12675,39352
2023-10-25 14:56:21,41,44,12675,39352
2023-10-25 14:56:21,41,43,12675,39352
2023-10-25 14:56:28,40,43,12675,39352
2023-10-25 14:56:28,40,42,12675,39352
2023-10-25 14:56:33,41,42,12675,39352
2023-10-25 14:56:45,41,44,12872,39549
2023-10-25 14:56:45,41,43,12872,39549
2023-10-25 14:57:06,42,43,12872,39549
2023-10-25 14:57:17,41,43,12872,39549
2023-10-25 14:57:21,40,43,12872,39549
2023-10-25 14:57:21,40,42,12872,39549
2023-10-25 14:57:27,39,42,12872,39549
2023-10-25 14:57:28,40,42,12872,39549
2023-10-25 14:57:30,41,42,12872,39549
2023-10-25 14:57:30,42,45,12991,39668
2023-10-25 14:57:30,42,44,12991,39668
2023-10-25 14:57:31,42,45,12991,39668
2023-10-25 14:57:34,42,44,12991,39668
2023-10-25 14:57:38,41,44,12991,39668
2023-10-25 14:57:38,41,43,12991,39668
2023-10-25 14:57:39,40,43,12991,39668
2023-10-25 14:57:39,40,44,12991,39668
2023-10-25 14:57:39,40,43,12991,39668
2023-10-25 14:57:42,40,42,12991,39668
2023-10-25 14:57:53,39,42,12991,39668
2023-10-25 14:57:56,40,42,12991,39668
2023-10-25 14:58:03,40,43,12991,39668
2023-10-25 14:58:03,40,42,12991,39668
2023-10-25 14:58:09,41,42,12991,39668
2023-10-25 14:58:09,41,44,12991,39668
2023-10-25 14:58:09,41,43,12991,39668
2023-10-25 14:58:13,40,43,12991,39668
2023-10-25 14:58:13,40,42,12991,39668
2023-10-25 14:58:14,39,42,12991,39668
2023-10-25 14:58:17,40,42,12991,39668
2023-10-25 14:58:18,39,42,12991,39668
2023-10-25 14:58:20,39,41,12991,39668
2023-10-25 14:58:23,38,41,12991,39668
2023-10-25 14:58:27,38,40,12991,39668
2023-10-25 14:58:33,38,41,12991,39668
2023-10-25 14:58:33,39,41,12991,39668
2023-10-25 14:58:34,38,41,12991,39668
2023-10-25 14:58:36,38,40,12991,39668
2023-10-25 14:58:42,38,39,12991,39668
2023-10-25 14:58:42,36,39,12991,39668
2023-10-25 14:58:43,36,38,12991,39668
2023-10-25 14:58:44,35,38,12991,39668
2023-10-25 14:58:46,36,38,12991,39668
2023-10-25 14:58:53,36,37,12991,39668
2023-10-25 14:58:53,34,37,12991,39668
2023-10-25 14:58:53,35,37,12991,39668
2023-10-25 14:58:57,35,38,12991,39668
2023-10-25 14:59:05,35,37,12991,39668
2023-10-25 14:59:05,35,36,12991,39668
2023-10-25 14:59:05,33,36,12991,39668
2023-10-25 14:59:05,34,36,12991,39668
2023-10-25 14:59:11,34,37,12991,39668
2023-10-25 14:59:20,34,38,12991,39668
2023-10-25 14:59:22,35,38,12991,39668
2023-10-25 14:59:26,35,37,12991,39668
2023-10-25 14:59:35,35,36,12991,39668
2023-10-25 14:59:35,33,36,12991,39668
2023-10-25 14:59:35,34,36,12991,39668
2023-10-25 14:59:42,34,35,12991,39668
2023-10-25 14:59:51,34,36,12991,39668
2023-10-25 14:59:58,34,37,12991,39668
2023-10-25 15:00:01,34,38,12991,39668
2023-10-25 15:00:01,35,38,12991,39668
2023-10-25 15:00:01,34,38,12991,39668
2023-10-25 15:00:01,35,38,12991,39668
2023-10-25 15:00:10,36,38,12991,39668
2023-10-25 15:00:11,36,39,12991,39668
2023-10-25 15:00:11,36,40,12991,39668
2023-10-25 15:00:11,37,40,12991,39668
2023-10-25 15:00:13,36,40,12991,39668
2023-10-25 15:00:13,37,40,12991,39668
2023-10-25 15:00:20,38,40,12991,39668
2023-10-25 15:00:21,38,41,12991,39668
2023-10-25 15:00:25,38,40,12991,39668
2023-10-25 15:00:26,38,42,12991,39668
2023-10-25 15:00:26,39,42,12991,39668
2023-10-25 15:00:26,39,41,12991,39668
2023-10-25 15:00:31,38,41,12991,39668
2023-10-25 15:00:34,39,41,12991,39668
2023-10-25 15:00:36,38,41,12991,39668
2023-10-25 15:00:40,38,40,12991,39668
2023-10-25 15:00:42,36,40,12991,39668
2023-10-25 15:00:42,37,40,12991,39668
2023-10-25 15:00:44,38,40,12991,39668
2023-10-25 15:00:45,38,41,12991,39668
2023-10-25 15:00:47,38,40,12991,39668
2023-10-25 15:00:47,37,40,12991,39668
2023-10-25 15:00:52,37,39,12991,39668
2023-10-25 15:00:53,35,39,12991,39668
2023-10-25 15:00:53,36,39,12991,39668
2023-10-25 15:00:54,36,38,12991,39668
2023-10-25 15:00:54,33,37,12991,39668
2023-10-25 15:00:54,34,37,12991,39668
2023-10-25 15:00:55,33,37,12991,39668
2023-10-25 15:00:56,34,37,12991,39668
2023-10-25 15:00:57,34,36,12991,39668
2023-10-25 15:01:01,34,35,12991,39668
2023-10-25 15:01:02,32,35,12991,39668
2023-10-25 15:01:02,33,35,12991,39668
2023-10-25 15:01:08,32,35,12991,39668
2023-10-25 15:01:09,33,35,12991,39668
2023-10-25 15:01:11,33,36,12991,39668
2023-10-25 15:01:14,33,37,12991,39668
2023-10-25 15:01:14,34,37,12991,39668
2023-10-25 15:01:15,34,36,12991,39668
2023-10-25 15:01:19,34,35,12991,39668
2023-10-25 15:01:20,32,35,12991,39668
2023-10-25 15:01:20,33,35,12991,39668
2023-10-25 15:01:22,33,34,12991,39668
2023-10-25 15:01:23,33,34,12791,39868
2023-10-25 15:01:23,30,34,12791,39868
2023-10-25 15:01:23,31,34,12791,39868
2023-10-25 15:01:24,31,33,12791,39868
2023-10-25 15:01:25,31,34,12791,39868
2023-10-25 15:01:28,32,34,12791,39868
2023-10-25 15:01:29,32,35,12791,39868
2023-10-25 15:01:43,32,34,12791,39868
2023-10-25 15:01:48,32,33,12791,39868
2023-10-25 15:01:48,30,33,12791,39868
2023-10-25 15:01:48,31,33,12791,39868
2023-10-25 15:02:01,31,34,12791,39868
2023-10-25 15:02:02,32,34,12791,39868
2023-10-25 15:02:04,32,33,12791,39868
2023-10-25 15:02:06,32,34,12791,39868
2023-10-25 15:02:15,32,35,12791,39868
2023-10-25 15:02:20,33,35,12791,39868
2023-10-25 15:02:21,33,36,12791,39868
2023-10-25 15:02:38,33,35,12791,39868
2023-10-25 15:02:39,33,36,12791,39868
2023-10-25 15:02:41,33,35,12791,39868
2023-10-25 15:02:43,33,34,12791,39868
2023-10-25 15:02:43,30,34,12791,39868
2023-10-25 15:02:43,31,34,12791,39868
2023-10-25 15:03:00,31,33,12791,39868
2023-10-25 15:03:19,30,33,12663,39996
2023-10-25 15:03:19,31,33,12663,39996
2023-10-25 15:03:26,31,34,12663,39996
2023-10-25 15:03:37,31,33,12663,39996
2023-10-25 15:03:38,31,34,12663,39996
2023-10-25 15:03:46,31,33,12663,39996
2023-10-25 15:03:58,31,32,12663,39996
2023-10-25 15:03:58,28,31,12505,40154
2023-10-25 15:03:58,29,31,12505,40154
2023-10-25 15:04:02,29,33,12505,40154
2023-10-25 15:04:02,30,33,12505,40154
2023-10-25 15:04:03,30,34,12505,40154
2023-10-25 15:04:03,31,34,12505,40154
2023-10-25 15:04:22,31,33,12505,40154
2023-10-25 15:04:24,31,32,12505,40154
2023-10-25 15:04:24,28,32,12505,40154
2023-10-25 15:04:24,29,32,12505,40154
2023-10-25 15:04:28,29,30,12505,40154
2023-10-25 15:04:30,29,30,12479,40354
2023-10-25 15:04:30,27,30,12479,40354
2023-10-25 15:04:30,28,30,12479,40354
2023-10-25 15:04:31,27,30,12479,40354
2023-10-25 15:04:32,28,30,12479,40354
2023-10-25 15:05:04,28,29,12479,40354
2023-10-25 15:05:04,27,29,12479,40354
2023-10-25 15:05:08,27,28,12479,40354
2023-10-25 15:05:08,26,28,12653,40528
2023-10-25 15:05:11,26,28,12713,40588
2023-10-25 15:05:11,25,28,12713,40588
2023-10-25 15:05:12,25,27,12713,40588
2023-10-25 15:05:19,25,28,12713,40588
2023-10-25 15:05:22,25,27,12713,40588
2023-10-25 15:05:28,25,28,12713,40588
2023-10-25 15:05:31,26,28,12713,40588
2023-10-25 15:05:41,26,27,12713,40588
2023-10-25 15:05:42,24,27,12713,40588
2023-10-25 15:05:42,25,27,12713,40588
2023-10-25 15:05:43,25,26,12713,40588
2023-10-25 15:05:43,23,26,12713,40588
2023-10-25 15:05:43,24,26,12713,40588
2023-10-25 15:05:44,24,25,12713,40588
2023-10-25 15:05:44,23,25,12713,40588
2023-10-25 15:05:46,23,24,12713,40588
2023-10-25 15:05:49,23,25,12713,40588
2023-10-25 15:05:57,23,24,12713,40588
2023-10-25 15:06:00,23,25,12713,40588
2023-10-25 15:06:02,23,24,12713,40588
2023-10-25 15:06:09,21,24,12713,40588
2023-10-25 15:06:09,22,24,12713,40588
2023-10-25 15:06:17,22,25,12713,40588
2023-10-25 15:06:17,23,25,12713,40588
2023-10-25 15:06:17,23,26,12713,40588
2023-10-25 15:06:17,24,26,12713,40588
2023-10-25 15:06:28,24,27,12713,40588
2023-10-25 15:06:28,25,27,12713,40588
2023-10-25 15:06:34,25,28,12713,40588
2023-10-25 15:06:34,26,28,12713,40588
2023-10-25 15:06:35,26,29,12713,40588
2023-10-25 15:06:35,27,29,12713,40588
2023-10-25 15:06:39,27,30,12713,40588
2023-10-25 15:06:41,28,30,12713,40588
2023-10-25 15:06:55,28,29,12713,40588
2023-10-25 15:06:56,28,29,12713,40788
2023-10-25 15:06:56,25,29,12713,40788
2023-10-25 15:06:56,26,29,12713,40788
2023-10-25 15:06:57,27,29,12713,40788
2023-10-25 15:07:01,27,28,12713,40788
2023-10-25 15:07:01,24,28,12713,40788
2023-10-25 15:07:01,25,28,12713,40788
2023-10-25 15:07:02,25,27,12713,40788
2023-10-25 15:07:02,23,27,12713,40788
2023-10-25 15:07:02,24,27,12713,40788
2023-10-25 15:07:03,24,26,12713,40788
2023-10-25 15:07:04,24,27,12713,40788
2023-10-25 15:07:05,24,26,12713,40788
2023-10-25 15:07:22,24,25,12713,40788
2023-10-25 15:07:32,24,25,12773,40848
2023-10-25 15:07:32,21,25,12773,40848
2023-10-25 15:07:32,22,25,12773,40848
2023-10-25 15:07:35,22,24,12773,40848
2023-10-25 15:07:40,22,25,12773,40848
2023-10-25 15:07:40,23,25,12773,40848
2023-10-25 15:08:19,22,25,12773,40848
2023-10-25 15:08:19,22,26,12773,40848
2023-10-25 15:08:20,23,26,12773,40848
2023-10-25 15:08:32,23,25,12773,40848
2023-10-25 15:08:33,23,24,12773,40848
2023-10-25 15:08:53,23,24,12889,41048
2023-10-25 15:08:53,21,24,12913,41072
2023-10-25 15:08:53,22,24,12913,41072
2023-10-25 15:08:55,22,23,12913,41072
2023-10-25 15:08:56,20,22,13103,41262
2023-10-25 15:08:56,21,22,13103,41262
2023-10-25 15:08:57,21,23,13103,41262
2023-10-25 15:08:58,21,22,13103,41262
2023-10-25 15:08:58,20,22,13103,41262
2023-10-25 15:08:59,21,22,13103,41262
2023-10-25 15:09:02,21,22,13163,41322
2023-10-25 15:09:03,21,23,13163,41322
2023-10-25 15:09:19,21,24,13163,41322
2023-10-25 15:09:19,22,24,13163,41322
2023-10-25 15:09:20,23,24,13163,41322
2023-10-25 15:09:20,23,24,13163,41382
2023-10-25 15:09:20,23,26,13163,41382
2023-10-25 15:09:20,23,26,13163,41382
2023-10-25 15:09:24,24,26,13163,41382
2023-10-25 15:09:30,24,27,13163,41382
2023-10-25 15:09:31,24,26,13163,41382
2023-10-25 15:09:31,24,27,13163,41382
2023-10-25 15:09:32,24,26,13163,41382
2023-10-25 15:09:47,24,27,13163,41382
2023-10-25 15:09:51,25,27,13163,41382
2023-10-25 15:09:58,25,28,13163,41382
2023-10-25 15:09:58,24,25,13288,41507
2023-10-25 15:09:59,25,28,13288,41632
2023-10-25 15:10:05,26,28,13288,41632
2023-10-25 15:10:06,26,29,13288,41632
2023-10-25 15:10:07,27,29,13288,41632
2023-10-25 15:10:19,27,29,13167,41832
2023-10-25 15:10:19,28,29,13167,41832
2023-10-25 15:10:19,28,30,13167,41832
2023-10-25 15:10:19,28,32,13167,41832
2023-10-25 15:10:19,28,31,13167,41832
2023-10-25 15:10:21,28,32,13167,41832
2023-10-25 15:10:23,29,32,13167,41832
2023-10-25 15:10:23,29,31,13167,41832
2023-10-25 15:10:32,27,31,13167,41832
2023-10-25 15:10:32,28,31,13167,41832
2023-10-25 15:10:36,28,30,13167,41832
2023-10-25 15:10:37,28,31,13167,41832
2023-10-25 15:10:38,29,31,13167,41832
2023-10-25 15:10:38,29,32,13167,41832
2023-10-25 15:10:39,28,32,13167,41832
2023-10-25 15:10:40,30,32,13167,41832
2023-10-25 15:10:40,30,33,13167,41832
2023-10-25 15:10:44,30,32,13167,41832
2023-10-25 15:10:53,30,33,13167,41832
2023-10-25 15:10:54,30,32,13167,41832
2023-10-25 15:11:08,28,32,13167,41832
2023-10-25 15:11:09,29,32,13167,41832
2023-10-25 15:11:12,29,33,13167,41832
2023-10-25 15:11:12,29,31,13167,41832
2023-10-25 15:11:12,29,33,13167,41832
2023-10-25 15:11:12,29,32,13167,41832
2023-10-25 15:11:16,30,32,13167,41832
2023-10-25 15:11:25,29,32,13167,41832
2023-10-25 15:11:27,29,31,13167,41832
2023-10-25 15:11:27,27,31,13167,41832
2023-10-25 15:11:27,28,31,13167,41832
2023-10-25 15:11:29,27,31,13167,41832
2023-10-25 15:11:30,28,31,13167,41832
2023-10-25 15:11:31,28,30,13167,41832
2023-10-25 15:11:32,26,30,13167,41832
2023-10-25 15:11:32,27,30,13167,41832
2023-10-25 15:11:34,27,29,13167,41832
2023-10-25 15:11:34,25,29,13167,41832
2023-10-25 15:11:34,24,29,13167,41832
2023-10-25 15:11:34,25,29,13167,41832
2023-10-25 15:11:35,26,29,13167,41832
2023-10-25 15:11:39,27,29,13167,41832
2023-10-25 15:11:39,27,30,13167,41832
2023-10-25 15:11:39,27,31,13167,41832
2023-10-25 15:11:42,28,31,13167,41832
2023-10-25 15:11:42,28,32,13167,41832
2023-10-25 15:11:45,28,31,13167,41832
2023-10-25 15:11:49,28,30,13167,41832
2023-10-25 15:11:52,26,30,13167,41832
2023-10-25 15:11:52,27,30,13167,41832
2023-10-25 15:12:05,28,30,13167,41832
2023-10-25 15:12:14,28,31,13167,41832
2023-10-25 15:12:16,28,30,13167,41832
2023-10-25 15:12:23,26,30,13167,41832
2023-10-25 15:12:23,27,30,13167,41832
2023-10-25 15:12:26,27,28,13167,41832
2023-10-25 15:12:26,24,28,13167,41832
2023-10-25 15:12:26,25,28,13167,41832
2023-10-25 15:12:33,25,27,13167,41832
2023-10-25 15:12:34,25,26,13167,41832
2023-10-25 15:12:34,23,26,13167,41832
2023-10-25 15:12:34,24,26,13167,41832
2023-10-25 15:13:00,24,25,13167,41832
2023-10-25 15:13:15,24,25,13288,42032
2023-10-25 15:13:16,21,23,13377,42121
2023-10-25 15:13:16,20,23,13377,42121
2023-10-25 15:13:16,22,23,13377,42121
2023-10-25 15:13:17,20,23,13377,42121
2023-10-25 15:13:17,21,23,13377,42121
2023-10-25 15:13:30,21,22,13377,42121
2023-10-25 15:13:40,21,22,13547,42291
2023-10-25 15:13:41,21,23,13547,42291
2023-10-25 15:13:46,22,23,13547,42291
2023-10-25 15:13:51,22,25,13547,42291
2023-10-25 15:13:53,23,25,13547,42291
2023-10-25 15:13:53,23,25,13607,42351
2023-10-25 15:13:56,23,26,13607,42351
2023-10-25 15:13:57,24,26,13607,42351
2023-10-25 15:13:57,24,26,13667,42411
2023-10-25 15:14:05,24,25,13667,42411
2023-10-25 15:14:05,22,25,13667,42411
2023-10-25 15:14:05,23,25,13667,42411
2023-10-25 15:14:12,23,26,13667,42411
2023-10-25 15:14:12,24,26,13667,42411
