datetime,bid,ask,open_interest,volume
2023-10-25 09:30:18,0,98,368,368
2023-10-25 09:30:18,0,97,368,368
2023-10-25 09:30:34,0,98,368,368
2023-10-25 09:30:34,0,97,368,368
2023-10-25 09:30:47,0,30,368,368
2023-10-25 09:31:00,0,6,368,368
2023-10-25 09:31:00,2,5,368,368
2023-10-25 09:31:00,3,5,368,368
2023-10-25 09:31:52,3,7,368,368
2023-10-25 09:31:52,3,6,368,368
2023-10-25 09:31:53,4,6,368,368
2023-10-25 09:31:58,4,6,369,369
2023-10-25 09:31:59,4,6,370,370
2023-10-25 09:32:06,4,6,371,371
2023-10-25 09:32:07,5,6,371,371
2023-10-25 09:32:07,5,7,371,371
2023-10-25 09:33:40,6,7,371,371
2023-10-25 09:34:50,6,8,371,371
2023-10-25 09:34:54,6,7,371,371
2023-10-25 09:34:55,6,8,371,371
2023-10-25 09:35:05,7,8,371,371
2023-10-25 09:35:06,7,9,371,371
2023-10-25 09:35:09,7,8,371,371
2023-10-25 09:35:15,7,9,368,525
2023-10-25 09:35:16,7,8,368,525
2023-10-25 09:35:18,7,9,368,525
2023-10-25 09:35:24,8,9,368,525
2023-10-25 09:35:37,8,10,368,525
2023-10-25 09:35:41,8,9,368,525
2023-10-25 09:35:43,8,10,368,525
2023-10-25 09:35:46,8,9,368,525
2023-10-25 09:35:48,8,10,368,525
2023-10-25 09:36:24,9,10,368,525
2023-10-25 09:36:27,9,11,368,525
2023-10-25 09:36:30,9,10,368,525
2023-10-25 09:36:45,8,10,368,525
2023-10-25 09:36:45,8,9,368,525
2023-10-25 09:36:49,8,10,368,525
2023-10-25 09:36:57,8,9,368,525
2023-10-25 09:37:13,7,9,368,525
2023-10-25 09:37:21,8,9,368,525
2023-10-25 09:37:23,7,9,368,525
2023-10-25 09:37:24,8,9,368,525
2023-10-25 09:37:27,7,9,368,525
2023-10-25 09:37:28,8,9,368,525
2023-10-25 09:37:30,8,10,368,525
2023-10-25 09:37:35,8,9,368,525
2023-10-25 09:37:36,8,10,388,641
2023-10-25 09:37:38,8,9,388,641
2023-10-25 09:37:42,7,9,388,641
2023-10-25 09:37:43,8,9,388,641
2023-10-25 09:37:45,7,9,388,641
2023-10-25 09:37:47,8,9,388,641
2023-10-25 09:37:50,7,9,388,641
2023-10-25 09:37:51,8,9,388,641
2023-10-25 09:37:52,7,9,388,641
2023-10-25 09:37:57,8,9,388,641
2023-10-25 09:38:08,8,10,388,641
2023-10-25 09:38:11,8,11,388,641
2023-10-25 09:38:12,8,10,388,641
2023-10-25 09:38:31,8,11,388,641
2023-10-25 09:38:32,8,10,388,641
2023-10-25 09:38:32,8,11,388,641
2023-10-25 09:38:33,8,10,388,641
2023-10-25 09:38:36,8,11,388,641
2023-10-25 09:38:40,8,10,388,641
2023-10-25 09:39:03,8,9,388,641
2023-10-25 09:39:06,8,10,388,641
2023-10-25 09:39:07,8,9,388,641
2023-10-25 09:39:08,8,10,388,641
2023-10-25 09:40:08,8,9,388,641
2023-10-25 09:40:14,8,10,388,641
2023-10-25 09:40:25,8,11,388,641
2023-10-25 09:40:26,8,10,388,641
2023-10-25 09:40:56,8,11,388,641
2023-10-25 09:40:57,8,10,388,641
2023-10-25 09:41:05,8,11,388,641
2023-10-25 09:41:08,8,10,388,641
2023-10-25 09:41:08,8,11,388,641
2023-10-25 09:41:08,8,10,388,641
2023-10-25 09:41:22,8,11,388,641
2023-10-25 09:41:23,8,10,388,641
2023-10-25 09:41:29,8,11,388,641
2023-10-25 09:41:31,9,11,388,641
2023-10-25 09:41:38,9,10,388,641
2023-10-25 09:41:41,8,10,388,641
2023-10-25 09:41:43,9,10,388,641
2023-10-25 09:41:44,9,11,388,641
2023-10-25 09:41:52,10,11,388,641
2023-10-25 09:41:52,10,11,528,781
2023-10-25 09:42:06,10,12,528,781
2023-10-25 09:42:34,10,11,528,781
2023-10-25 09:42:36,10,12,528,781
2023-10-25 09:42:36,10,12,540,793
2023-10-25 09:42:36,10,11,540,793
2023-10-25 09:42:38,10,11,556,809
2023-10-25 09:43:26,10,12,556,809
2023-10-25 09:43:28,10,11,556,809
2023-10-25 09:43:32,10,12,556,809
2023-10-25 09:43:42,10,11,556,809
2023-10-25 09:43:43,10,12,556,809
2023-10-25 09:45:01,11,12,556,809
2023-10-25 09:45:02,11,13,556,809
2023-10-25 09:45:47,12,13,556,809
2023-10-25 09:46:43,12,14,556,809
2023-10-25 09:46:48,13,14,556,809
2023-10-25 09:47:03,12,14,556,809
2023-10-25 09:47:14,12,13,556,809
2023-10-25 09:47:22,12,14,556,809
2023-10-25 09:47:47,12,13,556,809
2023-10-25 09:47:48,12,14,556,809
2023-10-25 09:48:40,12,13,556,809
2023-10-25 09:48:43,12,14,556,809
2023-10-25 09:49:08,12,13,556,809
2023-10-25 09:49:10,12,14,556,809
2023-10-25 09:49:49,13,14,556,809
2023-10-25 09:50:05,12,14,556,809
2023-10-25 09:50:10,13,14,556,809
2023-10-25 09:50:18,13,15,556,809
2023-10-25 09:50:22,14,15,556,809
2023-10-25 09:50:22,13,15,583,1103
2023-10-25 09:50:29,14,15,583,1103
2023-10-25 09:50:30,13,15,583,1103
2023-10-25 09:50:31,14,15,583,1103
2023-10-25 09:50:35,13,15,583,1103
2023-10-25 09:50:57,13,14,583,1103
2023-10-25 09:50:57,12,14,615,1135
2023-10-25 09:51:03,12,13,615,1135
2023-10-25 09:51:04,12,14,615,1135
2023-10-25 09:51:10,12,13,615,1135
2023-10-25 09:51:13,12,14,615,1135
2023-10-25 09:51:13,12,13,615,1135
2023-10-25 09:51:15,12,14,615,1135
2023-10-25 09:51:17,12,13,615,1135
2023-10-25 09:51:36,12,14,615,1135
2023-10-25 09:52:03,12,15,615,1135
2023-10-25 09:52:04,12,14,615,1135
2023-10-25 09:52:05,12,15,615,1135
2023-10-25 09:52:05,12,14,615,1135
2023-10-25 09:52:06,12,15,615,1135
2023-10-25 09:52:10,13,15,615,1135
2023-10-25 09:52:13,12,15,615,1135
2023-10-25 09:52:15,13,15,615,1135
2023-10-25 09:52:17,13,14,615,1135
2023-10-25 09:52:18,12,14,615,1135
2023-10-25 09:52:59,12,13,615,1135
2023-10-25 09:53:07,12,14,615,1135
2023-10-25 09:53:10,12,15,615,1135
2023-10-25 09:53:11,12,14,615,1135
2023-10-25 09:53:20,12,15,615,1135
2023-10-25 09:53:21,12,14,615,1135
2023-10-25 09:54:31,12,13,615,1135
2023-10-25 09:54:32,12,14,615,1135
2023-10-25 09:54:35,12,13,615,1135
2023-10-25 09:54:37,12,14,615,1135
2023-10-25 09:54:38,12,13,615,1135
2023-10-25 09:55:27,11,13,615,1135
2023-10-25 09:56:13,11,12,615,1135
2023-10-25 09:56:13,11,12,675,1195
2023-10-25 09:56:15,10,12,675,1195
2023-10-25 09:56:15,10,11,675,1195
2023-10-25 09:58:12,10,11,820,1340
2023-10-25 09:58:22,9,11,820,1340
2023-10-25 09:58:52,9,10,820,1340
2023-10-25 09:59:10,9,10,875,1395
2023-10-25 09:59:11,9,10,935,1455
2023-10-25 09:59:17,8,10,935,1455
2023-10-25 10:00:11,9,10,935,1455
2023-10-25 10:00:12,9,11,935,1455
2023-10-25 10:00:36,10,11,935,1455
2023-10-25 10:00:46,10,12,995,1515
2023-10-25 10:00:48,11,12,995,1515
2023-10-25 10:00:49,10,12,995,1515
2023-10-25 10:00:49,11,12,995,1515
2023-10-25 10:00:50,10,12,995,1515
2023-10-25 10:00:50,11,12,995,1515
2023-10-25 10:00:53,11,12,995,1765
2023-10-25 10:00:54,11,13,995,1765
2023-10-25 10:01:06,12,13,995,1765
2023-10-25 10:01:12,12,13,1018,2015
2023-10-25 10:01:13,12,14,1018,2015
2023-10-25 10:01:14,12,13,1018,2015
2023-10-25 10:01:16,12,14,1133,2130
2023-10-25 10:01:26,12,13,1133,2130
2023-10-25 10:01:30,11,13,1133,2130
2023-10-25 10:01:42,12,13,1133,2130
2023-10-25 10:01:42,12,14,1133,2130
2023-10-25 10:01:55,11,14,1133,2130
2023-10-25 10:01:56,11,13,1133,2130
2023-10-25 10:01:59,11,14,1133,2130
2023-10-25 10:02:01,12,14,1133,2130
2023-10-25 10:02:12,11,14,1133,2130
2023-10-25 10:02:15,12,14,1133,2130
2023-10-25 10:02:18,11,14,1133,2130
2023-10-25 10:02:18,12,14,1133,2130
2023-10-25 10:02:50,12,13,1133,2130
2023-10-25 10:02:50,11,13,1133,2130
2023-10-25 10:03:39,11,12,1133,2130
2023-10-25 10:03:40,10,12,1133,2130
2023-10-25 10:04:45,11,12,1133,2130
2023-10-25 10:04:45,11,12,1193,2190
2023-10-25 10:04:46,10,12,1193,2190
2023-10-25 10:04:54,11,12,1193,2190
2023-10-25 10:04:58,10,12,1193,2190
2023-10-25 10:05:01,11,12,1193,2190
2023-10-25 10:05:01,11,13,1193,2190
2023-10-25 10:05:03,10,13,1193,2190
2023-10-25 10:05:03,11,13,1193,2190
2023-10-25 10:05:04,10,13,1193,2190
2023-10-25 10:05:05,10,12,1193,2190
2023-10-25 10:06:19,11,12,1193,2190
2023-10-25 10:06:19,11,13,1193,2190
2023-10-25 10:07:08,11,14,1193,2190
2023-10-25 10:07:08,12,14,1193,2190
2023-10-25 10:08:12,11,14,1193,2190
2023-10-25 10:08:19,12,14,1193,2190
2023-10-25 10:08:22,12,13,1193,2190
2023-10-25 10:08:44,11,13,1193,2190
2023-10-25 10:08:48,10,13,1193,2190
2023-10-25 10:09:01,11,13,1193,2190
2023-10-25 10:09:04,10,13,1193,2190
2023-10-25 10:09:09,10,12,1193,2190
2023-10-25 10:11:55,10,13,1193,2190
2023-10-25 10:12:05,11,14,1193,2190
2023-10-25 10:12:25,12,14,1193,2190
2023-10-25 10:12:37,11,14,1193,2190
2023-10-25 10:12:39,12,14,1193,2190
2023-10-25 10:12:44,11,14,1193,2190
2023-10-25 10:13:20,12,14,1193,2190
2023-10-25 10:14:15,13,14,1193,2190
2023-10-25 10:15:29,12,14,1193,2190
2023-10-25 10:15:30,12,13,1193,2190
2023-10-25 10:15:33,11,13,1193,2190
2023-10-25 10:15:37,11,14,1193,2190
2023-10-25 10:15:38,12,14,1193,2190
2023-10-25 10:15:55,11,14,1193,2190
2023-10-25 10:15:56,11,13,1193,2190
2023-10-25 10:16:41,11,12,1193,2190
2023-10-25 10:16:54,11,12,1373,2370
2023-10-25 10:16:55,10,12,1373,2370
2023-10-25 10:16:57,10,11,1373,2370
2023-10-25 10:16:59,10,11,1493,2490
2023-10-25 10:17:19,10,12,1493,2490
2023-10-25 10:17:21,11,12,1493,2490
2023-10-25 10:17:23,11,12,1633,2630
2023-10-25 10:17:25,11,12,1673,2670
2023-10-25 10:17:38,11,13,1673,2670
2023-10-25 10:17:38,11,12,1673,2670
2023-10-25 10:18:10,11,13,1673,2670
2023-10-25 10:18:15,12,13,1673,2670
2023-10-25 10:18:27,12,13,1688,2685
2023-10-25 10:18:29,12,13,1702,2699
2023-10-25 10:18:30,11,13,1702,2699
2023-10-25 10:18:30,11,12,1702,2699
2023-10-25 10:18:39,11,13,1702,2699
2023-10-25 10:18:39,11,12,1702,2699
2023-10-25 10:19:30,10,12,1702,2699
2023-10-25 10:19:30,10,11,1702,2699
2023-10-25 10:19:31,11,12,1960,2957
2023-10-25 10:19:34,11,13,1960,2957
2023-10-25 10:19:35,11,12,1960,2957
2023-10-25 10:20:31,10,12,1960,2957
2023-10-25 10:20:32,11,12,1960,2957
2023-10-25 10:21:08,11,13,1960,2957
2023-10-25 10:21:09,11,12,1960,2957
2023-10-25 10:21:09,11,13,1960,2957
2023-10-25 10:21:11,11,12,1960,2957
2023-10-25 10:22:28,11,13,1960,2957
2023-10-25 10:22:29,11,12,1960,2957
2023-10-25 10:22:33,10,12,1960,2957
2023-10-25 10:22:34,11,12,1960,2957
2023-10-25 10:22:44,11,13,1960,2957
2023-10-25 10:22:45,11,12,1960,2957
2023-10-25 10:22:47,11,13,1960,2957
2023-10-25 10:22:52,11,12,1960,2957
2023-10-25 10:22:53,11,13,1960,2957
2023-10-25 10:22:55,11,12,1960,2957
2023-10-25 10:22:56,11,13,1960,2957
2023-10-25 10:23:30,11,12,1960,2957
2023-10-25 10:23:33,11,12,1960,3157
2023-10-25 10:23:33,10,12,1960,3157
2023-10-25 10:23:38,10,11,1960,3157
2023-10-25 10:25:23,11,12,2020,3217
2023-10-25 10:25:23,11,13,2020,3217
2023-10-25 10:26:17,11,14,2020,3217
2023-10-25 10:26:19,12,14,2020,3217
2023-10-25 10:26:24,13,14,2020,3217
2023-10-25 10:27:01,13,15,2020,3217
2023-10-25 10:27:03,14,15,2020,3217
2023-10-25 10:27:31,13,15,2020,3217
2023-10-25 10:27:32,14,15,2020,3217
2023-10-25 10:27:43,13,15,2020,3217
2023-10-25 10:27:50,14,15,2020,3217
2023-10-25 10:28:10,13,15,2020,3217
2023-10-25 10:28:30,13,14,2020,3217
2023-10-25 10:29:38,12,14,2020,3217
2023-10-25 10:30:46,12,13,2020,3217
2023-10-25 10:30:46,12,13,2080,3277
2023-10-25 10:30:46,11,13,2080,3277
2023-10-25 10:31:39,11,12,2080,3277
2023-10-25 10:31:54,11,12,2200,3397
2023-10-25 10:31:55,10,12,2200,3397
2023-10-25 10:31:56,10,11,2200,3397
2023-10-25 10:32:14,9,11,2200,3397
2023-10-25 10:32:55,9,12,2200,3397
2023-10-25 10:32:55,10,12,2200,3397
2023-10-25 10:33:09,9,12,2200,3397
2023-10-25 10:33:28,9,11,2200,3397
2023-10-25 10:33:49,9,10,2200,3397
2023-10-25 10:35:07,9,11,2200,3397
2023-10-25 10:35:22,9,12,2200,3397
2023-10-25 10:36:42,9,11,2200,3397
2023-10-25 10:36:43,9,12,2200,3397
2023-10-25 10:36:47,9,11,2200,3397
2023-10-25 10:37:03,9,12,2200,3397
2023-10-25 10:37:29,9,11,2200,3397
2023-10-25 10:37:37,9,12,2200,3397
2023-10-25 10:38:26,9,11,2200,3397
2023-10-25 10:39:12,9,10,2200,3397
2023-10-25 10:39:13,9,10,2260,3457
2023-10-25 10:39:14,8,10,2260,3457
2023-10-25 10:39:37,8,9,2260,3457
2023-10-25 10:39:37,8,9,2320,3517
2023-10-25 10:39:43,8,9,2440,3637
2023-10-25 10:39:45,7,8,2440,3662
2023-10-25 10:39:54,7,9,2440,3662
2023-10-25 10:40:53,7,10,2440,3662
2023-10-25 10:41:01,7,9,2440,3662
2023-10-25 10:41:28,7,8,2440,3662
2023-10-25 10:41:28,7,9,2440,3662
2023-10-25 10:41:28,7,8,2440,3662
2023-10-25 10:41:30,7,9,2440,3662
2023-10-25 10:41:36,7,8,2440,3662
2023-10-25 10:41:49,7,9,2440,3662
2023-10-25 10:41:50,7,8,2440,3662
2023-10-25 10:41:50,7,9,2440,3662
2023-10-25 10:41:52,7,8,2440,3662
2023-10-25 10:41:52,7,9,2440,3662
2023-10-25 10:43:41,7,8,2440,3662
2023-10-25 10:44:09,7,9,2440,3662
2023-10-25 10:44:49,8,9,2440,3662
2023-10-25 10:44:50,7,9,2440,3662
2023-10-25 10:44:50,8,9,2440,3662
2023-10-25 10:45:43,7,9,2440,3662
2023-10-25 10:45:47,7,8,2440,3662
2023-10-25 10:46:05,6,8,2440,3662
2023-10-25 10:46:14,6,7,2440,3662
2023-10-25 10:46:36,5,7,2440,3662
2023-10-25 10:47:09,6,7,2440,3662
2023-10-25 10:47:11,5,7,2440,3662
2023-10-25 10:47:16,6,7,2440,3662
2023-10-25 10:47:17,5,7,2440,3662
2023-10-25 10:47:18,6,7,2440,3662
2023-10-25 10:47:20,5,7,2440,3662
2023-10-25 10:47:21,6,7,2440,3662
2023-10-25 10:47:22,5,7,2440,3662
2023-10-25 10:47:23,6,7,2440,3662
2023-10-25 10:47:26,5,7,2440,3662
2023-10-25 10:47:46,5,6,2440,3662
2023-10-25 10:47:49,4,6,2440,3662
2023-10-25 10:48:02,5,6,2440,3662
2023-10-25 10:48:08,5,6,2440,3912
2023-10-25 10:48:15,4,6,2440,3912
2023-10-25 10:49:43,4,6,2440,4162
2023-10-25 10:49:45,5,6,2440,4162
2023-10-25 10:49:50,5,7,2440,4312
2023-10-25 10:49:50,4,7,2440,4312
2023-10-25 10:49:51,4,6,2440,4312
2023-10-25 10:49:53,5,6,2440,4312
2023-10-25 10:49:54,5,7,2566,4438
2023-10-25 10:49:57,5,6,2566,4438
2023-10-25 10:50:00,5,6,2666,4688
2023-10-25 10:50:00,5,7,2666,4688
2023-10-25 10:50:12,4,7,2666,4688
2023-10-25 10:50:12,5,7,2666,4688
2023-10-25 10:50:12,4,7,2666,4688
2023-10-25 10:50:12,5,7,2666,4688
2023-10-25 10:50:42,6,7,2666,4688
2023-10-25 10:51:22,6,8,2666,4688
2023-10-25 10:51:41,7,8,2666,4688
2023-10-25 10:51:48,7,9,2666,4688
2023-10-25 10:53:05,8,9,2666,4688
2023-10-25 10:53:09,7,9,2666,4688
2023-10-25 10:53:20,8,9,2666,4688
2023-10-25 10:53:32,7,9,2666,4688
2023-10-25 10:53:32,8,9,2666,4688
2023-10-25 10:53:33,7,9,2666,4688
2023-10-25 10:53:44,8,9,2666,4688
2023-10-25 10:53:44,7,9,2666,4688
2023-10-25 10:53:45,8,9,2666,4688
2023-10-25 10:54:16,8,10,2666,4688
2023-10-25 10:54:41,9,10,2666,4688
2023-10-25 10:54:43,8,10,2666,4688
2023-10-25 10:54:44,9,10,2666,4688
2023-10-25 10:54:44,8,10,2666,4688
2023-10-25 10:54:44,9,10,2666,4688
2023-10-25 10:54:46,8,10,2666,4688
2023-10-25 10:55:05,9,10,2666,4688
2023-10-25 10:55:06,8,10,2666,4688
2023-10-25 10:55:07,9,10,2666,4688
2023-10-25 10:55:09,9,11,2666,4688
2023-10-25 10:55:23,9,10,2666,4688
2023-10-25 10:55:28,9,11,2768,4790
2023-10-25 10:55:42,9,10,2768,4790
2023-10-25 10:56:05,8,10,2768,4790
2023-10-25 10:57:26,8,11,2768,4790
2023-10-25 10:57:27,9,11,2768,4790
2023-10-25 10:57:48,9,10,2768,4790
2023-10-25 10:58:08,9,11,2768,4790
2023-10-25 10:58:18,9,10,2768,4790
2023-10-25 10:58:19,9,11,2768,4790
2023-10-25 10:58:19,9,10,2768,4790
2023-10-25 10:58:20,9,11,2768,4790
2023-10-25 10:58:20,9,10,2768,4790
2023-10-25 10:58:22,9,11,2768,4790
2023-10-25 10:59:19,9,10,2768,4790
2023-10-25 10:59:22,9,11,2768,4790
2023-10-25 10:59:29,9,10,2768,4790
2023-10-25 10:59:42,9,11,2768,4790
2023-10-25 10:59:42,9,10,2768,4790
2023-10-25 10:59:50,9,11,2768,4790
2023-10-25 11:00:19,9,10,2768,4790
2023-10-25 11:00:20,9,11,2768,4790
2023-10-25 11:00:24,9,10,2768,4790
2023-10-25 11:00:28,9,11,2768,4790
2023-10-25 11:00:28,9,10,2768,4790
2023-10-25 11:00:28,8,10,2768,4790
2023-10-25 11:00:34,8,9,2768,4790
2023-10-25 11:00:34,7,9,2768,4790
2023-10-25 11:02:23,7,8,2768,4790
2023-10-25 11:02:28,6,8,2768,4790
2023-10-25 11:02:49,7,8,2768,4790
2023-10-25 11:02:52,6,8,2768,4790
2023-10-25 11:02:53,7,8,2768,4790
2023-10-25 11:02:55,6,8,2768,4790
2023-10-25 11:02:56,7,8,2768,4790
2023-10-25 11:03:00,6,8,2768,4790
2023-10-25 11:03:34,6,7,2768,4790
2023-10-25 11:03:47,5,7,2768,4790
2023-10-25 11:04:10,5,6,2768,4790
2023-10-25 11:04:22,5,6,2768,4850
2023-10-25 11:04:22,4,6,2768,4850
2023-10-25 11:04:28,4,5,2768,4850
2023-10-25 11:04:28,4,5,2948,5030
2023-10-25 11:04:53,4,6,3163,5430
2023-10-25 11:04:55,5,6,3163,5430
2023-10-25 11:04:55,5,6,3163,5439
2023-10-25 11:04:55,4,6,3163,5439
2023-10-25 11:04:56,5,6,3163,5439
2023-10-25 11:05:02,5,7,3163,5439
2023-10-25 11:05:52,5,6,3163,5439
2023-10-25 11:05:52,4,6,3163,5439
2023-10-25 11:05:54,5,6,3163,5439
2023-10-25 11:05:55,4,6,3163,5439
2023-10-25 11:06:09,4,5,3163,5439
2023-10-25 11:06:10,4,5,3163,5499
2023-10-25 11:06:11,4,5,3163,5850
2023-10-25 11:06:23,4,6,3363,6050
2023-10-25 11:07:30,5,6,3363,6050
2023-10-25 11:07:30,4,6,3363,6225
2023-10-25 11:07:53,5,6,3363,6225
2023-10-25 11:07:54,5,7,3363,6225
2023-10-25 11:08:04,4,7,3363,6225
2023-10-25 11:08:06,4,6,3363,6225
2023-10-25 11:08:59,4,7,3363,6225
2023-10-25 11:09:00,4,6,3363,6225
2023-10-25 11:09:09,4,7,3363,6225
2023-10-25 11:09:11,5,7,3363,6225
2023-10-25 11:09:11,5,6,3363,6225
2023-10-25 11:09:12,5,7,3363,6225
2023-10-25 11:09:13,5,6,3363,6225
2023-10-25 11:09:20,5,7,3363,6225
2023-10-25 11:10:02,4,7,3363,6225
2023-10-25 11:10:05,5,7,3363,6225
2023-10-25 11:10:07,5,6,3363,6225
2023-10-25 11:10:09,4,6,3363,6225
2023-10-25 11:10:10,5,6,3363,6225
2023-10-25 11:10:10,5,7,3363,6225
2023-10-25 11:10:35,5,6,3363,6225
2023-10-25 11:10:38,4,6,3363,6225
2023-10-25 11:11:31,4,7,3363,6225
2023-10-25 11:11:35,4,6,3363,6225
2023-10-25 11:11:37,5,7,3363,6225
2023-10-25 11:12:15,4,7,3363,6225
2023-10-25 11:12:15,5,7,3363,6225
2023-10-25 11:12:16,4,7,3363,6225
2023-10-25 11:12:17,4,6,3363,6225
2023-10-25 11:12:23,4,7,3363,6225
2023-10-25 11:12:25,4,6,3363,6225
2023-10-25 11:12:27,5,6,3363,6225
2023-10-25 11:12:28,5,7,3363,6225
2023-10-25 11:12:31,5,6,3363,6225
2023-10-25 11:12:32,4,6,3363,6225
2023-10-25 11:12:33,5,6,3363,6225
2023-10-25 11:12:36,4,6,3363,6225
2023-10-25 11:13:31,4,7,3363,6225
2023-10-25 11:13:31,5,7,3363,6225
2023-10-25 11:13:42,5,6,3363,6225
2023-10-25 11:13:47,4,6,3363,6225
2023-10-25 11:13:47,5,7,3363,6225
2023-10-25 11:13:47,5,6,3363,6225
2023-10-25 11:13:50,4,6,3363,6225
2023-10-25 11:13:52,5,6,3363,6225
2023-10-25 11:13:58,5,7,3363,6225
2023-10-25 11:14:07,4,7,3363,6225
2023-10-25 11:14:10,5,7,3363,6225
2023-10-25 11:14:14,4,6,3363,6225
2023-10-25 11:14:14,4,7,3363,6225
2023-10-25 11:14:14,4,6,3363,6225
2023-10-25 11:14:28,5,6,3363,6225
2023-10-25 11:14:33,5,7,3363,6225
2023-10-25 11:14:36,4,7,3363,6225
2023-10-25 11:14:36,5,7,3363,6225
2023-10-25 11:14:37,5,6,3363,6225
2023-10-25 11:14:46,4,6,3363,6225
2023-10-25 11:16:05,4,7,3363,6225
2023-10-25 11:16:07,5,7,3363,6225
2023-10-25 11:16:08,4,7,3363,6225
2023-10-25 11:16:08,5,7,3363,6225
2023-10-25 11:16:09,5,6,3363,6225
2023-10-25 11:16:11,4,6,3363,6225
2023-10-25 11:16:13,4,7,3363,6225
2023-10-25 11:16:13,4,6,3363,6225
2023-10-25 11:16:19,5,6,3363,6225
2023-10-25 11:16:19,4,6,3363,6225
2023-10-25 11:16:21,5,6,3363,6225
2023-10-25 11:16:25,5,7,3363,6225
2023-10-25 11:16:28,5,6,3363,6225
2023-10-25 11:16:35,4,6,3363,6225
2023-10-25 11:16:35,4,7,3363,6225
2023-10-25 11:16:35,5,7,3363,6225
2023-10-25 11:17:46,6,7,3363,6225
2023-10-25 11:17:47,5,7,3363,6225
2023-10-25 11:18:19,6,7,3363,6225
2023-10-25 11:19:29,5,7,3363,6225
2023-10-25 11:19:56,4,7,3363,6225
2023-10-25 11:19:57,4,6,3363,6225
2023-10-25 11:20:02,5,7,3363,6225
2023-10-25 11:20:20,4,7,3363,6225
2023-10-25 11:20:21,4,6,3363,6225
2023-10-25 11:20:24,4,6,3363,6225
2023-10-25 11:20:43,4,7,3363,6225
2023-10-25 11:20:44,5,7,3363,6225
2023-10-25 11:21:23,6,7,3363,6225
2023-10-25 11:21:27,5,7,3363,6225
2023-10-25 11:21:28,6,7,3363,6225
2023-10-25 11:21:40,6,7,3363,6238
2023-10-25 11:21:42,6,7,3363,6252
2023-10-25 11:21:43,6,7,3363,6262
2023-10-25 11:21:45,6,7,3363,6272
2023-10-25 11:22:44,6,8,3363,6272
2023-10-25 11:22:44,7,8,3363,6272
2023-10-25 11:22:49,7,9,3363,6272
2023-10-25 11:22:57,8,9,3363,6272
2023-10-25 11:23:07,8,10,3563,6472
2023-10-25 11:23:09,8,9,3563,6472
2023-10-25 11:23:35,8,10,3563,6472
2023-10-25 11:23:36,8,9,3563,6472
2023-10-25 11:23:50,8,9,3563,6532
2023-10-25 11:23:55,8,9,3563,6549
2023-10-25 11:24:14,8,10,3563,6549
2023-10-25 11:24:14,8,9,3563,6549
2023-10-25 11:24:15,8,10,3563,6549
2023-10-25 11:24:16,8,9,3563,6549
2023-10-25 11:24:19,8,10,3563,6549
2023-10-25 11:24:26,9,10,3563,6549
2023-10-25 11:24:43,9,11,3563,6549
2023-10-25 11:24:46,9,10,3563,6549
2023-10-25 11:24:48,9,10,3563,6636
2023-10-25 11:25:00,9,11,3563,6636
2023-10-25 11:25:01,9,10,3563,6636
2023-10-25 11:25:12,9,11,3563,6636
2023-10-25 11:25:15,9,10,3563,6636
2023-10-25 11:25:17,9,11,3563,6636
2023-10-25 11:25:18,9,10,3563,6636
2023-10-25 11:25:20,9,11,3563,6636
2023-10-25 11:25:21,9,10,3563,6636
2023-10-25 11:25:23,9,11,3563,6636
2023-10-25 11:25:24,10,11,3563,6636
2023-10-25 11:25:39,11,12,3563,6796
2023-10-25 11:25:40,10,12,3563,6796
2023-10-25 11:25:45,10,11,3563,6796
2023-10-25 11:25:48,10,12,3563,6796
2023-10-25 11:25:52,10,11,3563,6796
2023-10-25 11:25:53,10,12,3563,6796
2023-10-25 11:25:55,11,12,3563,6796
2023-10-25 11:26:00,10,12,3563,6796
2023-10-25 11:26:05,10,11,3563,6796
2023-10-25 11:26:16,10,12,3563,6796
2023-10-25 11:26:19,10,11,3563,6796
2023-10-25 11:26:23,10,12,3563,6796
2023-10-25 11:26:24,10,11,3563,6796
2023-10-25 11:26:47,9,11,3563,6796
2023-10-25 11:26:51,9,10,3563,6796
2023-10-25 11:27:09,8,10,3563,6796
2023-10-25 11:27:09,8,9,3563,6796
2023-10-25 11:29:26,7,9,3563,6796
2023-10-25 11:29:38,7,8,3563,6796
2023-10-25 11:29:50,6,8,3563,6796
2023-10-25 11:30:00,6,9,3563,6796
2023-10-25 11:30:03,6,8,3563,6796
2023-10-25 11:30:21,6,9,3563,6796
2023-10-25 11:30:23,6,8,3563,6796
2023-10-25 11:31:04,7,8,3563,6796
2023-10-25 11:31:04,7,9,3563,6796
2023-10-25 11:31:05,8,9,3563,6796
2023-10-25 11:31:06,7,9,3563,6796
2023-10-25 11:31:40,6,9,3563,6796
2023-10-25 11:31:41,7,9,3563,6796
2023-10-25 11:31:44,7,8,3563,6796
2023-10-25 11:31:46,7,9,3563,6796
2023-10-25 11:31:47,6,9,3563,6990
2023-10-25 11:31:47,7,9,3563,6990
2023-10-25 11:31:47,7,8,3563,6990
2023-10-25 11:31:53,7,9,3563,6990
2023-10-25 11:32:03,7,9,3621,7390
2023-10-25 11:32:22,6,9,3621,7390
2023-10-25 11:32:24,7,9,3621,7390
2023-10-25 11:32:25,7,8,3621,7390
2023-10-25 11:32:31,6,8,3621,7390
2023-10-25 11:32:32,7,8,3621,7390
2023-10-25 11:32:33,7,9,3621,7390
2023-10-25 11:33:59,8,9,3621,7390
2023-10-25 11:34:20,8,10,3621,7390
2023-10-25 11:35:08,8,9,3621,7390
2023-10-25 11:35:15,8,10,3621,7390
2023-10-25 11:35:16,8,9,3621,7390
2023-10-25 11:35:30,8,10,3621,7390
2023-10-25 11:36:25,8,9,3621,7390
2023-10-25 11:36:30,8,10,3621,7390
2023-10-25 11:36:36,8,9,3621,7390
2023-10-25 11:36:41,8,9,3621,7731
2023-10-25 11:36:44,7,9,3621,7731
2023-10-25 11:37:05,7,10,3621,7731
2023-10-25 11:37:08,7,9,3621,7731
2023-10-25 11:37:08,8,9,3621,7731
2023-10-25 11:37:11,8,10,3621,7731
2023-10-25 11:38:21,8,9,3621,7731
2023-10-25 11:38:37,8,10,3621,7731
2023-10-25 11:38:37,8,9,3621,7731
2023-10-25 11:38:44,8,10,3621,7731
2023-10-25 11:39:39,7,10,3621,7731
2023-10-25 11:39:42,7,9,3621,7731
2023-10-25 11:40:02,8,9,3621,7731
2023-10-25 11:40:03,8,10,3621,7731
2023-10-25 11:40:04,8,9,3621,7731
2023-10-25 11:40:04,8,10,3621,7731
2023-10-25 11:40:06,8,9,3621,7731
2023-10-25 11:40:23,8,10,3621,7731
2023-10-25 11:40:24,8,9,3621,7731
2023-10-25 11:40:29,8,10,3621,7731
2023-10-25 11:40:32,8,9,3621,7731
2023-10-25 11:40:34,7,9,3621,7731
2023-10-25 11:41:09,8,9,3621,7731
2023-10-25 11:41:09,8,10,3621,7731
2023-10-25 11:41:12,8,9,3621,7731
2023-10-25 11:41:18,8,10,3621,7731
2023-10-25 11:41:18,8,9,3621,7731
2023-10-25 11:41:21,8,10,3621,7731
2023-10-25 11:41:22,8,9,3621,7731
2023-10-25 11:41:23,8,10,3621,7731
2023-10-25 11:41:51,8,9,3621,7731
2023-10-25 11:41:57,8,10,3621,7731
2023-10-25 11:42:03,8,9,3621,7731
2023-10-25 11:42:05,8,10,3621,7731
2023-10-25 11:42:32,9,10,3621,7731
2023-10-25 11:42:32,9,10,3621,7799
2023-10-25 11:42:32,8,10,3621,7799
2023-10-25 11:42:33,9,10,3621,7799
2023-10-25 11:42:39,9,10,3621,8049
2023-10-25 11:42:46,9,11,3621,8049
2023-10-25 11:42:52,10,11,3621,8049
2023-10-25 11:42:57,10,12,3621,8049
2023-10-25 11:42:58,11,12,3621,8049
2023-10-25 11:42:58,11,13,3621,8049
2023-10-25 11:42:59,12,13,3621,8049
2023-10-25 11:43:08,11,13,3621,8049
2023-10-25 11:43:12,11,12,3621,8049
2023-10-25 11:43:13,11,13,3621,8049
2023-10-25 11:43:30,11,12,3621,8049
2023-10-25 11:43:31,11,13,3621,8049
2023-10-25 11:43:34,11,12,3621,8049
2023-10-25 11:44:53,10,12,3621,8049
2023-10-25 11:44:53,10,11,3621,8049
2023-10-25 11:45:43,9,11,3621,8049
2023-10-25 11:45:43,9,10,3621,8049
2023-10-25 11:47:03,9,11,3621,8049
2023-10-25 11:47:08,10,11,3621,8049
2023-10-25 11:47:08,10,12,3621,8049
2023-10-25 11:47:12,10,11,3621,8049
2023-10-25 11:47:18,10,12,3621,8049
2023-10-25 11:47:18,10,11,3621,8049
2023-10-25 11:48:03,10,12,3621,8049
2023-10-25 11:48:05,10,11,3621,8049
2023-10-25 11:48:18,10,12,3621,8049
2023-10-25 11:48:23,11,12,3621,8049
2023-10-25 11:48:50,11,13,3621,8049
2023-10-25 11:48:51,11,12,3621,8049
2023-10-25 11:49:00,11,12,3821,8249
2023-10-25 11:49:00,11,13,3821,8249
2023-10-25 11:49:15,11,12,3821,8249
2023-10-25 11:49:35,10,12,3821,8249
2023-10-25 11:49:47,11,12,3821,8249
2023-10-25 11:49:54,11,13,3821,8249
2023-10-25 11:49:58,11,12,3821,8249
2023-10-25 11:50:03,11,13,3821,8249
2023-10-25 11:50:20,12,13,3821,8249
2023-10-25 11:50:25,12,14,3821,8249
2023-10-25 11:50:36,13,14,3821,8249
2023-10-25 11:50:39,13,15,3821,8249
2023-10-25 11:50:54,13,14,3821,8249
2023-10-25 11:50:54,13,15,3821,8249
2023-10-25 11:50:54,13,14,3821,8249
2023-10-25 11:51:03,13,15,3821,8249
2023-10-25 11:51:05,13,14,3821,8249
2023-10-25 11:51:19,13,15,3821,8249
2023-10-25 11:51:22,14,15,3821,8249
2023-10-25 11:51:36,14,16,3821,8249
2023-10-25 11:51:38,14,15,3821,8249
2023-10-25 11:51:45,14,16,3821,8249
2023-10-25 11:51:50,14,15,3821,8249
2023-10-25 11:51:51,14,16,3821,8249
2023-10-25 11:51:59,15,16,3821,8249
2023-10-25 11:51:59,15,17,3821,8249
2023-10-25 11:52:03,15,16,3821,8249
2023-10-25 11:52:08,15,17,3821,8249
2023-10-25 11:52:11,15,16,3821,8249
2023-10-25 11:52:53,15,16,3839,8267
2023-10-25 11:52:55,15,16,3856,8284
2023-10-25 11:53:01,14,16,3856,8284
2023-10-25 11:53:05,14,15,3856,8284
2023-10-25 11:53:14,14,16,3856,8284
2023-10-25 11:53:17,14,16,3945,8373
2023-10-25 11:53:18,14,15,3945,8373
2023-10-25 11:53:18,14,16,3945,8373
2023-10-25 11:53:35,14,15,3945,8373
2023-10-25 11:53:37,14,16,3945,8373
2023-10-25 11:53:37,14,15,3945,8373
2023-10-25 11:53:40,13,15,3945,8373
2023-10-25 11:53:40,13,15,4018,8446
2023-10-25 11:54:03,15,16,3818,8833
2023-10-25 11:54:03,13,16,3818,9040
2023-10-25 11:54:03,13,15,3818,9040
2023-10-25 11:54:06,14,15,3818,9040
2023-10-25 11:54:07,13,15,3818,9040
2023-10-25 11:54:16,13,14,3818,9040
2023-10-25 11:54:57,13,15,3818,9040
2023-10-25 11:54:57,13,14,3818,9040
2023-10-25 11:55:38,13,15,3818,9040
2023-10-25 11:55:40,13,14,3818,9040
2023-10-25 11:55:43,13,15,3818,9040
2023-10-25 11:55:46,13,14,3818,9040
2023-10-25 11:55:48,13,15,3818,9040
2023-10-25 11:55:49,13,14,3818,9040
2023-10-25 11:56:03,13,15,3818,9040
2023-10-25 11:56:08,13,14,3818,9040
2023-10-25 11:56:13,13,15,3818,9040
2023-10-25 11:56:29,14,15,3818,9040
2023-10-25 11:56:29,13,15,3940,9162
2023-10-25 11:56:48,13,16,3940,9162
2023-10-25 11:56:49,14,16,3940,9162
2023-10-25 11:56:49,14,16,3940,9220
2023-10-25 11:56:49,13,16,3940,9220
2023-10-25 11:56:51,15,16,3940,9220
2023-10-25 11:56:51,13,16,4060,9340
2023-10-25 11:56:52,14,16,4060,9340
2023-10-25 11:57:22,14,17,4060,9340
2023-10-25 11:57:22,14,16,4060,9340
2023-10-25 11:57:23,14,17,4060,9340
2023-10-25 11:57:23,14,16,4060,9340
2023-10-25 11:57:35,14,15,4060,9340
2023-10-25 11:57:37,14,16,4060,9340
2023-10-25 11:58:01,15,16,4060,9340
2023-10-25 11:58:01,14,16,4182,9462
2023-10-25 11:58:12,14,15,4182,9462
2023-10-25 11:58:33,14,16,4182,9462
2023-10-25 11:58:33,14,15,4182,9462
2023-10-25 11:58:34,14,16,4182,9462
2023-10-25 11:58:34,14,17,4182,9462
2023-10-25 11:58:34,14,16,4182,9462
2023-10-25 11:58:36,14,17,4182,9462
2023-10-25 11:58:37,15,17,4182,9462
2023-10-25 11:58:41,15,16,4182,9462
2023-10-25 11:59:08,15,17,4182,9462
2023-10-25 11:59:12,15,16,4182,9462
2023-10-25 11:59:30,15,17,4182,9462
2023-10-25 11:59:36,15,16,4182,9462
2023-10-25 11:59:41,15,17,4182,9462
2023-10-25 11:59:42,15,16,4182,9462
2023-10-25 11:59:43,15,17,4182,9462
2023-10-25 11:59:43,15,16,4182,9462
2023-10-25 11:59:55,15,17,4182,9462
2023-10-25 12:00:12,16,17,4182,9462
2023-10-25 12:00:19,16,18,4182,9462
2023-10-25 12:00:26,16,17,4182,9462
2023-10-25 12:00:43,15,17,4182,9462
2023-10-25 12:00:47,15,16,4182,9462
2023-10-25 12:00:52,15,16,4242,9522
2023-10-25 12:00:56,15,17,4242,9522
2023-10-25 12:01:13,15,18,4242,9522
2023-10-25 12:01:14,16,18,4242,9522
2023-10-25 12:01:14,16,17,4242,9522
2023-10-25 12:01:19,15,17,4242,9522
2023-10-25 12:01:27,16,17,4242,9522
2023-10-25 12:01:29,15,17,4242,9522
2023-10-25 12:01:54,15,16,4242,9522
2023-10-25 12:02:08,14,16,4242,9522
2023-10-25 12:02:33,15,16,4242,9522
2023-10-25 12:02:33,15,17,4242,9522
2023-10-25 12:02:40,15,18,4242,9522
2023-10-25 12:02:43,15,17,4242,9522
2023-10-25 12:02:49,15,18,4242,9522
2023-10-25 12:02:49,16,18,4242,9522
2023-10-25 12:03:11,16,17,4242,9522
2023-10-25 12:03:29,15,17,4242,9522
2023-10-25 12:03:35,15,16,4242,9522
2023-10-25 12:03:50,14,16,4242,9522
2023-10-25 12:04:05,15,16,4242,9522
2023-10-25 12:04:05,15,17,4242,9522
2023-10-25 12:04:35,15,16,4242,9522
2023-10-25 12:04:35,15,17,4242,9522
2023-10-25 12:04:36,15,16,4242,9522
2023-10-25 12:04:42,15,17,4242,9522
2023-10-25 12:05:11,15,16,4242,9522
2023-10-25 12:05:23,15,16,4418,9698
2023-10-25 12:05:27,15,16,4436,9716
2023-10-25 12:05:36,15,16,4454,9734
2023-10-25 12:05:40,15,16,4469,9749
2023-10-25 12:05:42,15,16,4479,9759
2023-10-25 12:05:58,15,17,4479,9759
2023-10-25 12:06:02,15,16,4479,9759
2023-10-25 12:06:07,15,17,4479,9759
2023-10-25 12:06:24,15,16,4479,9759
2023-10-25 12:06:24,15,17,4479,9759
2023-10-25 12:06:41,15,18,4479,9759
2023-10-25 12:06:41,15,17,4479,9759
2023-10-25 12:06:46,15,18,4479,9759
2023-10-25 12:06:47,15,17,4479,9759
2023-10-25 12:07:08,15,16,4479,9759
2023-10-25 12:07:11,14,16,4479,9759
2023-10-25 12:07:13,15,16,4479,9759
2023-10-25 12:07:13,15,17,4479,9759
2023-10-25 12:07:25,15,18,4479,9759
2023-10-25 12:07:25,16,18,4479,9759
2023-10-25 12:07:27,17,18,4479,9759
2023-10-25 12:07:27,17,18,4537,9817
2023-10-25 12:07:31,17,19,4537,10017
2023-10-25 12:07:33,17,18,4537,10017
2023-10-25 12:08:25,17,19,4537,10017
2023-10-25 12:08:26,17,18,4537,10017
2023-10-25 12:08:28,17,19,4537,10017
2023-10-25 12:08:31,17,18,4537,10017
2023-10-25 12:08:58,17,19,4537,10017
2023-10-25 12:09:37,17,18,4537,10017
2023-10-25 12:11:10,17,19,4537,10017
2023-10-25 12:11:16,17,18,4537,10017
2023-10-25 12:11:20,16,18,4537,10017
2023-10-25 12:11:47,16,17,4537,10017
2023-10-25 12:11:54,16,18,4537,10017
2023-10-25 12:11:55,16,17,4537,10017
2023-10-25 12:11:56,16,18,4537,10017
2023-10-25 12:12:37,16,19,4537,10017
2023-10-25 12:12:37,17,19,4537,10017
2023-10-25 12:12:37,16,19,4537,10017
2023-10-25 12:12:38,17,19,4537,10017
2023-10-25 12:13:02,18,19,4537,10017
2023-10-25 12:13:55,17,19,4537,10017
2023-10-25 12:14:06,17,18,4537,10017
2023-10-25 12:14:13,16,18,4537,10017
2023-10-25 12:14:21,16,18,4537,10137
2023-10-25 12:14:31,15,18,6117,11717
2023-10-25 12:14:39,15,17,6117,11717
2023-10-25 12:16:00,16,17,6117,11717
2023-10-25 12:16:03,15,17,6117,11717
2023-10-25 12:16:18,15,17,6177,11777
2023-10-25 12:16:18,15,16,6177,11777
2023-10-25 12:16:20,14,16,6177,11777
2023-10-25 12:16:26,14,16,6237,11837
2023-10-25 12:16:30,14,15,6237,11837
2023-10-25 12:16:38,14,16,6237,11837
2023-10-25 12:16:50,15,16,6237,11837
2023-10-25 12:17:19,14,16,6237,11837
2023-10-25 12:17:26,15,16,6237,11837
2023-10-25 12:17:28,14,16,6237,11837
2023-10-25 12:17:29,15,16,6237,11837
2023-10-25 12:17:46,15,17,6237,11837
2023-10-25 12:18:10,15,18,6237,11837
2023-10-25 12:18:12,16,18,6237,11837
2023-10-25 12:18:13,15,18,6237,11837
2023-10-25 12:18:13,16,18,6237,11837
2023-10-25 12:18:17,16,18,6237,11897
2023-10-25 12:19:22,16,17,6237,11897
2023-10-25 12:19:24,16,18,6237,11897
2023-10-25 12:19:45,16,17,6237,11897
2023-10-25 12:19:51,16,18,6237,11897
2023-10-25 12:20:28,16,17,6237,11897
2023-10-25 12:20:35,16,18,6237,11897
2023-10-25 12:21:25,16,17,6237,11897
2023-10-25 12:21:25,15,17,6237,11897
2023-10-25 12:21:27,15,17,6237,12147
2023-10-25 12:21:28,15,18,6237,12147
2023-10-25 12:21:29,15,17,6237,12147
2023-10-25 12:21:32,16,17,6237,12147
2023-10-25 12:21:32,16,18,6237,12147
2023-10-25 12:21:37,16,17,6237,12147
2023-10-25 12:21:49,16,18,6237,12147
2023-10-25 12:21:53,16,17,6237,12147
2023-10-25 12:21:58,16,18,6372,12282
2023-10-25 12:21:58,16,17,6372,12282
2023-10-25 12:21:59,16,18,6510,12420
2023-10-25 12:22:00,16,17,6510,12420
2023-10-25 12:22:04,16,18,6634,12544
2023-10-25 12:22:06,16,17,6634,12544
2023-10-25 12:22:07,16,18,6745,12655
2023-10-25 12:22:16,16,17,6745,12655
2023-10-25 12:22:24,16,18,6745,12655
2023-10-25 12:22:25,16,17,6745,12655
2023-10-25 12:22:49,15,17,6745,12655
2023-10-25 12:23:04,15,18,6745,12655
2023-10-25 12:23:05,16,18,6745,12655
2023-10-25 12:23:29,15,18,6745,12655
2023-10-25 12:23:33,16,18,6745,12655
2023-10-25 12:23:35,15,17,6745,12655
2023-10-25 12:24:04,14,17,6745,12655
2023-10-25 12:24:05,14,16,6745,12655
2023-10-25 12:24:26,14,15,6745,12655
2023-10-25 12:24:33,13,15,6745,12655
2023-10-25 12:24:34,13,14,6745,12655
2023-10-25 12:25:01,13,15,6745,12655
2023-10-25 12:25:09,14,15,6745,12655
2023-10-25 12:25:25,13,15,6745,12655
2023-10-25 12:25:52,13,14,6745,12655
2023-10-25 12:25:54,13,15,6745,12655
2023-10-25 12:25:57,13,14,6745,12655
2023-10-25 12:26:06,12,14,6745,12655
2023-10-25 12:26:15,12,13,6745,12655
2023-10-25 12:27:28,12,14,6745,12655
2023-10-25 12:27:29,13,14,6745,12655
2023-10-25 12:27:31,12,14,6449,13617
2023-10-25 12:27:33,13,14,6449,13617
2023-10-25 12:27:37,12,14,6449,13617
2023-10-25 12:27:38,13,14,6449,13617
2023-10-25 12:27:39,12,14,6449,13617
2023-10-25 12:27:40,13,14,6449,13617
2023-10-25 12:28:17,12,14,6449,13617
2023-10-25 12:28:21,13,14,6449,13617
2023-10-25 12:28:31,12,14,6449,13617
2023-10-25 12:28:33,13,14,6449,13617
2023-10-25 12:28:40,11,14,6449,13617
2023-10-25 12:28:40,12,14,6449,13617
2023-10-25 12:28:40,12,13,6449,13617
2023-10-25 12:28:50,12,14,6449,13617
2023-10-25 12:28:50,13,14,6449,13617
2023-10-25 12:29:40,12,14,6449,13617
2023-10-25 12:29:40,13,14,6449,13617
2023-10-25 12:29:45,13,14,6449,13867
2023-10-25 12:29:55,13,15,6449,13867
2023-10-25 12:29:55,14,15,6449,13867
2023-10-25 12:29:58,13,15,6449,13867
2023-10-25 12:29:58,14,15,6449,13867
2023-10-25 12:30:00,13,15,6449,13867
2023-10-25 12:30:00,14,15,6449,13867
2023-10-25 12:30:14,13,15,6449,13867
2023-10-25 12:30:14,14,15,6449,13867
2023-10-25 12:30:16,13,15,6449,13867
2023-10-25 12:30:16,14,15,6449,13867
2023-10-25 12:30:18,13,15,6449,13867
2023-10-25 12:30:24,13,14,6449,13867
2023-10-25 12:30:41,13,15,6449,14083
2023-10-25 12:30:56,13,14,6449,14083
2023-10-25 12:30:57,12,14,6449,14083
2023-10-25 12:31:00,13,14,6449,14083
2023-10-25 12:31:18,13,14,6449,14283
2023-10-25 12:31:18,13,14,6752,15083
2023-10-25 12:32:16,13,14,6752,15483
2023-10-25 12:32:38,13,14,6952,15683
2023-10-25 12:32:42,13,14,7152,15883
2023-10-25 12:33:29,13,15,7152,15883
2023-10-25 12:33:30,13,14,7152,15883
2023-10-25 12:34:25,13,15,7152,15883
2023-10-25 12:34:29,13,14,7152,15883
2023-10-25 12:34:33,13,15,7152,15883
2023-10-25 12:35:00,13,14,7152,15883
2023-10-25 12:35:06,13,15,7152,15883
2023-10-25 12:35:09,13,14,7152,15883
2023-10-25 12:35:13,13,15,7152,15883
2023-10-25 12:35:17,14,15,7152,15883
2023-10-25 12:35:17,14,15,7152,15903
2023-10-25 12:35:36,14,16,7152,15903
2023-10-25 12:35:37,14,15,7152,15903
2023-10-25 12:35:38,14,16,7152,15903
2023-10-25 12:36:29,14,15,7152,15903
2023-10-25 12:36:33,14,16,7152,15903
2023-10-25 12:36:43,15,16,7152,15903
2023-10-25 12:37:56,15,17,7152,15903
2023-10-25 12:37:57,16,17,7152,15903
2023-10-25 12:38:11,15,17,7152,15903
2023-10-25 12:38:11,15,16,7152,15903
2023-10-25 12:38:26,15,17,7152,15903
2023-10-25 12:38:26,15,16,7152,15903
2023-10-25 12:38:28,15,17,7152,15903
2023-10-25 12:38:29,16,17,7152,15903
2023-10-25 12:38:56,16,18,7152,15903
2023-10-25 12:38:57,17,18,7152,15903
2023-10-25 12:39:14,16,18,7152,15903
2023-10-25 12:39:14,16,17,7152,15903
2023-10-25 12:39:16,16,17,7152,16103
2023-10-25 12:39:16,16,18,7152,16103
2023-10-25 12:39:31,17,18,7152,16103
2023-10-25 12:40:49,17,19,7152,16103
2023-10-25 12:40:50,17,18,7152,16103
2023-10-25 12:40:58,17,19,7152,16103
2023-10-25 12:40:59,18,19,7152,16103
2023-10-25 12:41:12,17,19,7152,16103
2023-10-25 12:41:26,18,19,7152,16103
2023-10-25 12:41:29,18,19,7152,16208
2023-10-25 12:41:29,18,20,7152,16208
2023-10-25 12:41:30,18,21,7152,16208
2023-10-25 12:41:30,19,21,7152,16208
2023-10-25 12:41:31,20,21,7152,16208
2023-10-25 12:41:31,20,22,7152,16208
2023-10-25 12:41:36,19,22,7152,16208
2023-10-25 12:41:36,20,21,7152,16208
2023-10-25 12:41:38,19,21,7152,16208
2023-10-25 12:41:44,20,21,7152,16208
2023-10-25 12:41:55,20,22,7152,16208
2023-10-25 12:41:57,21,22,7152,16208
2023-10-25 12:42:10,21,23,7152,16208
2023-10-25 12:42:17,21,24,7152,16208
2023-10-25 12:42:21,21,23,7152,16208
2023-10-25 12:42:31,21,24,7152,16208
2023-10-25 12:42:33,21,23,7152,16208
2023-10-25 12:42:34,21,24,7152,16208
2023-10-25 12:42:34,22,24,7152,16208
2023-10-25 12:42:34,22,24,7152,16268
2023-10-25 12:42:34,21,24,7152,16268
2023-10-25 12:42:34,21,23,7152,16268
2023-10-25 12:42:35,22,23,7152,16268
2023-10-25 12:42:36,22,24,7152,16268
2023-10-25 12:42:38,23,24,7152,16268
2023-10-25 12:42:45,23,25,7152,16268
2023-10-25 12:42:49,23,25,7150,16270
2023-10-25 12:43:14,23,25,7150,16526
2023-10-25 12:43:20,23,24,7150,16526
2023-10-25 12:43:26,22,24,7174,16670
2023-10-25 12:43:32,21,24,7174,16670
2023-10-25 12:43:36,21,23,7174,16670
2023-10-25 12:43:37,21,24,7174,16670
2023-10-25 12:43:37,22,24,7174,16670
2023-10-25 12:43:44,21,24,7174,16670
2023-10-25 12:43:45,22,24,7174,16670
2023-10-25 12:43:49,22,23,7174,16670
2023-10-25 12:43:49,22,23,7174,16685
2023-10-25 12:43:51,22,23,7174,16703
2023-10-25 12:43:51,21,23,7174,16703
2023-10-25 12:44:19,21,24,7174,16703
2023-10-25 12:44:20,21,23,7174,16703
2023-10-25 12:44:24,22,23,7174,16703
2023-10-25 12:44:24,22,24,7174,16703
2023-10-25 12:44:25,22,23,7174,16703
2023-10-25 12:44:25,21,23,7174,16703
2023-10-25 12:44:38,21,24,7174,16703
2023-10-25 12:44:41,21,23,7174,16703
2023-10-25 12:45:18,21,22,7174,16703
2023-10-25 12:45:21,20,22,7174,16703
2023-10-25 12:45:36,20,21,7174,16703
2023-10-25 12:45:44,20,22,7174,16703
2023-10-25 12:46:15,20,22,7203,16732
2023-10-25 12:46:29,21,22,7203,16732
2023-10-25 12:46:29,20,22,7403,16932
2023-10-25 12:46:33,21,22,7403,16932
2023-10-25 12:46:36,20,22,7403,16932
2023-10-25 12:46:46,21,22,7403,16932
2023-10-25 12:46:47,21,23,7403,16932
2023-10-25 12:46:48,21,24,7403,16932
2023-10-25 12:46:52,21,23,7403,16932
2023-10-25 12:47:07,21,24,7403,16932
2023-10-25 12:47:11,22,24,7403,16932
2023-10-25 12:47:28,21,24,7403,16932
2023-10-25 12:47:31,21,23,7403,16932
2023-10-25 12:47:41,21,24,7403,16932
2023-10-25 12:47:42,22,24,7403,16932
2023-10-25 12:48:02,21,24,7403,16932
2023-10-25 12:48:04,21,23,7403,16932
2023-10-25 12:48:14,21,24,7403,16932
2023-10-25 12:48:14,21,23,7403,16932
2023-10-25 12:48:27,21,24,7403,16932
2023-10-25 12:48:28,21,23,7403,16932
2023-10-25 12:48:43,22,23,7403,16932
2023-10-25 12:48:47,22,24,7403,16932
2023-10-25 12:48:48,22,23,7403,16932
2023-10-25 12:48:51,21,23,7403,16932
2023-10-25 12:48:53,22,23,7403,16932
2023-10-25 12:48:54,21,23,7403,16932
2023-10-25 12:48:55,22,23,7403,16932
2023-10-25 12:48:56,22,24,7403,16932
2023-10-25 12:49:19,23,24,7403,16932
2023-10-25 12:49:21,22,24,7403,16932
2023-10-25 12:49:30,23,24,7403,16932
2023-10-25 12:49:32,22,25,7403,16932
2023-10-25 12:49:33,23,25,7403,16932
2023-10-25 12:49:33,22,25,7403,16932
2023-10-25 12:49:34,23,25,7403,16932
2023-10-25 12:49:34,22,25,7403,16932
2023-10-25 12:49:36,22,24,7403,16932
2023-10-25 12:49:38,22,25,7403,16932
2023-10-25 12:49:38,22,24,7403,16932
2023-10-25 12:49:38,22,25,7403,16932
2023-10-25 12:49:38,22,24,7403,16932
2023-10-25 12:49:40,22,25,7403,16932
2023-10-25 12:49:44,22,24,7403,16932
2023-10-25 12:49:44,23,24,7403,16932
2023-10-25 12:49:46,22,24,7403,16932
2023-10-25 12:49:50,21,24,7403,16932
2023-10-25 12:49:52,22,24,7403,16932
2023-10-25 12:50:27,21,24,7403,16932
2023-10-25 12:50:28,21,23,7403,16932
2023-10-25 12:50:33,22,23,7403,16932
2023-10-25 12:50:33,22,24,7403,16932
2023-10-25 12:50:38,21,24,7403,16932
2023-10-25 12:50:41,22,24,7403,16932
2023-10-25 12:51:11,22,23,7403,16932
2023-10-25 12:51:27,21,24,7403,16932
2023-10-25 12:51:29,22,24,7403,16932
2023-10-25 12:52:06,22,25,7403,16932
2023-10-25 12:52:08,22,24,7403,16932
2023-10-25 12:52:08,22,25,7403,16932
2023-10-25 12:52:09,22,24,7403,16932
2023-10-25 12:52:15,22,25,7403,16932
2023-10-25 12:52:18,23,25,7403,16932
2023-10-25 12:52:19,23,24,7403,16932
2023-10-25 12:52:22,23,25,7403,16932
2023-10-25 12:52:57,23,24,7403,16932
2023-10-25 12:53:16,23,25,7403,16932
2023-10-25 12:53:49,23,24,7403,16932
2023-10-25 12:53:59,22,24,7403,16932
2023-10-25 12:53:59,21,24,7403,16932
2023-10-25 12:54:03,21,23,7403,16932
2023-10-25 12:54:05,22,23,7403,16932
2023-10-25 12:54:05,22,24,7403,16932
2023-10-25 12:54:05,22,23,7403,16932
2023-10-25 12:54:06,21,23,7403,16932
2023-10-25 12:54:33,21,22,7403,16932
2023-10-25 12:54:44,21,23,7403,16932
2023-10-25 12:54:46,21,22,7403,16932
2023-10-25 12:54:50,21,23,7403,16932
2023-10-25 12:55:06,21,22,7403,16932
2023-10-25 12:55:19,20,22,7403,16932
2023-10-25 12:55:24,20,23,7403,16932
2023-10-25 12:55:25,21,23,7403,16932
2023-10-25 12:55:29,20,23,7403,16932
2023-10-25 12:55:30,21,23,7403,16932
2023-10-25 12:56:01,20,23,7403,16932
2023-10-25 12:56:03,20,22,7403,16932
2023-10-25 12:56:07,21,22,7403,16932
2023-10-25 12:56:08,20,22,7403,16932
2023-10-25 12:56:11,21,22,7403,16932
2023-10-25 12:56:12,20,22,7403,16932
2023-10-25 12:56:13,21,22,7403,16932
2023-10-25 12:56:13,21,23,7403,16932
2023-10-25 12:57:01,20,23,7403,16932
2023-10-25 12:57:01,20,22,7403,16932
2023-10-25 12:57:05,21,22,7403,16932
2023-10-25 12:57:07,21,23,7403,16932
2023-10-25 12:57:23,20,23,7403,16932
2023-10-25 12:57:27,20,22,7403,16932
2023-10-25 12:57:49,20,23,7403,16932
2023-10-25 12:57:50,21,23,7403,16932
2023-10-25 12:57:51,21,22,7403,16932
2023-10-25 12:57:51,20,22,7403,16932
2023-10-25 12:57:55,21,22,7403,16932
2023-10-25 12:57:59,21,23,7403,16932
2023-10-25 12:58:01,20,23,7403,16932
2023-10-25 12:58:01,20,22,7403,16932
2023-10-25 12:58:05,21,22,7403,16932
2023-10-25 12:58:06,21,23,7403,16932
2023-10-25 12:58:07,20,23,7403,16932
2023-10-25 12:58:07,20,22,7403,16932
2023-10-25 12:58:38,20,21,7403,16932
2023-10-25 12:58:41,20,22,7403,16932
2023-10-25 12:59:06,20,21,7403,16932
2023-10-25 12:59:07,20,22,7403,16932
2023-10-25 12:59:27,20,21,7403,16932
2023-10-25 12:59:27,20,22,7403,16932
2023-10-25 12:59:28,20,21,7403,16932
2023-10-25 12:59:32,19,21,7603,17132
2023-10-25 12:59:49,19,22,7603,17132
2023-10-25 12:59:51,20,22,7603,17132
2023-10-25 13:00:00,19,22,7603,17132
2023-10-25 13:00:01,20,22,7603,17132
2023-10-25 13:00:01,20,21,7603,17132
2023-10-25 13:00:04,20,22,7603,17132
2023-10-25 13:00:50,19,22,7603,17132
2023-10-25 13:00:51,20,22,7603,17132
2023-10-25 13:00:54,19,22,7603,17132
2023-10-25 13:00:58,19,21,7603,17132
2023-10-25 13:01:01,19,20,7603,17132
2023-10-25 13:01:09,18,20,7603,17132
2023-10-25 13:01:20,19,20,7603,17132
2023-10-25 13:01:23,19,21,7603,17132
2023-10-25 13:01:25,19,22,7603,17132
2023-10-25 13:01:28,19,21,7603,17132
2023-10-25 13:01:30,20,21,7603,17132
2023-10-25 13:01:30,20,21,7603,17160
2023-10-25 13:01:30,19,21,7603,17160
2023-10-25 13:01:33,19,22,7603,17160
2023-10-25 13:01:33,20,22,7603,17160
2023-10-25 13:01:34,20,22,7603,17177
2023-10-25 13:01:38,20,21,7603,17177
2023-10-25 13:01:39,20,22,7603,17177
2023-10-25 13:01:39,20,21,7603,17177
2023-10-25 13:01:40,20,22,7603,17177
2023-10-25 13:01:48,19,22,7603,17177
2023-10-25 13:01:49,21,22,7603,17177
2023-10-25 13:01:49,21,22,7803,17377
2023-10-25 13:01:49,21,23,7803,17377
2023-10-25 13:01:50,21,24,7803,17377
2023-10-25 13:01:50,22,24,7803,17377
2023-10-25 13:01:50,23,24,7803,17377
2023-10-25 13:02:06,23,24,7803,17627
2023-10-25 13:02:07,22,24,7803,17827
2023-10-25 13:02:08,23,24,7803,17827
2023-10-25 13:02:09,23,24,7803,18077
2023-10-25 13:02:09,23,24,7855,18129
2023-10-25 13:02:14,23,25,7984,18258
2023-10-25 13:02:14,23,24,7984,18258
2023-10-25 13:02:14,23,25,7984,18258
2023-10-25 13:02:18,23,24,7984,18258
2023-10-25 13:02:27,23,25,7984,18258
2023-10-25 13:02:39,24,25,7984,18258
2023-10-25 13:02:47,24,25,8184,18458
2023-10-25 13:02:49,24,27,8404,18678
2023-10-25 13:02:55,25,27,8404,18678
2023-10-25 13:02:59,25,28,8404,18678
2023-10-25 13:03:00,26,28,8404,18678
2023-10-25 13:03:36,27,28,8404,18678
2023-10-25 13:03:36,27,28,8404,18702
2023-10-25 13:03:36,26,28,8404,18702
2023-10-25 13:04:10,27,28,8404,18702
2023-10-25 13:04:10,27,28,8404,18733
2023-10-25 13:04:12,27,28,8404,18761
2023-10-25 13:04:14,27,29,8404,18761
2023-10-25 13:04:16,28,29,8404,18761
2023-10-25 13:04:20,28,30,8404,18761
2023-10-25 13:04:23,29,30,8404,18761
2023-10-25 13:04:29,29,31,8404,18761
2023-10-25 13:05:18,28,31,8404,18761
2023-10-25 13:05:21,29,31,8404,18761
2023-10-25 13:05:55,29,32,8404,18761
2023-10-25 13:05:57,30,32,8404,18761
2023-10-25 13:06:03,30,31,8404,18761
2023-10-25 13:06:03,29,31,8404,18761
2023-10-25 13:06:05,28,31,8404,18761
2023-10-25 13:06:08,28,30,8404,18761
2023-10-25 13:06:18,27,30,8404,18761
2023-10-25 13:06:22,28,30,8404,18761
2023-10-25 13:06:22,28,29,8404,18761
2023-10-25 13:06:23,27,29,8404,18761
2023-10-25 13:06:31,27,30,8404,18761
2023-10-25 13:06:34,27,29,8404,18761
2023-10-25 13:06:40,27,30,8404,18761
2023-10-25 13:06:40,27,29,8404,18761
2023-10-25 13:06:41,28,29,8404,18761
2023-10-25 13:06:45,28,30,8404,18761
2023-10-25 13:06:46,28,29,8404,18761
2023-10-25 13:06:47,28,30,8404,18761
2023-10-25 13:07:21,28,29,8404,18761
2023-10-25 13:07:21,27,29,8404,18761
2023-10-25 13:07:58,27,30,8404,18761
2023-10-25 13:07:58,28,30,8404,18761
2023-10-25 13:07:58,28,31,8404,18761
2023-10-25 13:08:03,28,30,8404,18761
2023-10-25 13:08:04,28,31,8404,18761
2023-10-25 13:08:05,28,30,8404,18761
2023-10-25 13:08:35,27,30,8404,18761
2023-10-25 13:08:35,28,30,8404,18761
2023-10-25 13:08:36,27,30,8404,18761
2023-10-25 13:08:38,27,29,8404,18761
2023-10-25 13:08:56,27,28,8404,18761
2023-10-25 13:09:01,26,28,8404,18761
2023-10-25 13:09:16,27,28,8404,18761
2023-10-25 13:09:22,26,28,8404,18761
2023-10-25 13:09:23,27,28,8404,18761
2023-10-25 13:09:33,26,28,8404,18761
2023-10-25 13:09:43,27,28,8404,18761
2023-10-25 13:09:44,26,28,8404,18761
2023-10-25 13:09:54,26,27,8404,18761
2023-10-25 13:10:02,26,28,8404,18761
2023-10-25 13:10:10,27,28,8404,18761
2023-10-25 13:10:18,26,28,8404,18761
2023-10-25 13:10:18,27,28,8404,18761
2023-10-25 13:10:33,27,29,8404,18761
2023-10-25 13:10:37,28,29,8404,18761
2023-10-25 13:10:44,27,29,8404,18761
2023-10-25 13:10:47,26,29,8404,18761
2023-10-25 13:10:51,27,29,8404,18761
2023-10-25 13:10:56,27,28,8404,18761
2023-10-25 13:11:01,26,28,8404,18761
2023-10-25 13:11:09,27,28,8404,18761
2023-10-25 13:11:09,27,29,8404,18761
2023-10-25 13:11:19,26,29,8404,18761
2023-10-25 13:11:20,27,29,8404,18761
2023-10-25 13:11:28,26,29,8404,18761
2023-10-25 13:11:28,26,28,8404,18761
2023-10-25 13:11:32,27,28,8404,18761
2023-10-25 13:11:32,27,29,8404,18761
2023-10-25 13:11:36,27,28,8404,18761
2023-10-25 13:11:37,27,29,8404,18761
2023-10-25 13:11:47,27,30,8404,18761
2023-10-25 13:11:47,28,30,8404,18761
2023-10-25 13:11:51,27,30,8404,18761
2023-10-25 13:11:53,27,29,8404,18761
2023-10-25 13:12:02,27,30,8404,18761
2023-10-25 13:12:02,28,30,8404,18761
2023-10-25 13:12:02,27,30,8404,18761
2023-10-25 13:12:03,28,30,8404,18761
2023-10-25 13:12:04,28,29,8404,18761
2023-10-25 13:12:05,27,29,8404,18761
2023-10-25 13:12:08,26,29,8404,18761
2023-10-25 13:12:12,26,28,8404,18761
2023-10-25 13:12:37,27,28,8404,18761
2023-10-25 13:12:37,27,29,8404,18761
2023-10-25 13:12:38,27,30,8404,18761
2023-10-25 13:12:41,27,29,8404,18761
2023-10-25 13:12:48,27,30,8404,18761
2023-10-25 13:12:51,28,30,8404,18761
2023-10-25 13:12:53,27,30,8404,18761
2023-10-25 13:12:53,27,29,8404,18761
2023-10-25 13:12:59,26,29,8404,18761
2023-10-25 13:13:01,27,29,8404,18761
2023-10-25 13:13:02,26,29,8404,18761
2023-10-25 13:13:05,26,28,8404,18761
2023-10-25 13:13:30,26,27,8404,18761
2023-10-25 13:13:33,25,27,8404,18761
2023-10-25 13:13:52,25,26,8404,18761
2023-10-25 13:13:52,25,27,8404,18761
2023-10-25 13:13:53,25,26,8404,18761
2023-10-25 13:14:01,25,27,8404,18761
2023-10-25 13:14:02,25,26,8404,18761
2023-10-25 13:14:02,25,27,8404,18761
2023-10-25 13:14:13,25,26,8404,18761
2023-10-25 13:14:15,24,26,8404,18761
2023-10-25 13:14:16,24,25,8404,18761
2023-10-25 13:15:42,23,25,8404,18761
2023-10-25 13:15:58,23,24,8404,18761
2023-10-25 13:15:58,22,24,8404,18761
2023-10-25 13:17:06,23,24,8404,18761
2023-10-25 13:17:08,22,24,8404,18761
2023-10-25 13:17:11,23,24,8404,18761
2023-10-25 13:17:13,22,24,8404,18761
2023-10-25 13:17:17,22,24,8380,18785
2023-10-25 13:17:20,22,25,8380,18785
2023-10-25 13:17:22,23,25,8380,18785
2023-10-25 13:17:31,23,25,8580,18985
2023-10-25 13:17:31,24,26,8580,18985
2023-10-25 13:17:31,24,27,8580,18985
2023-10-25 13:17:31,24,28,8580,18985
2023-10-25 13:17:32,26,28,8580,18985
2023-10-25 13:17:35,27,28,8580,18985
2023-10-25 13:17:37,27,29,8580,18985
2023-10-25 13:17:37,28,29,8580,18985
2023-10-25 13:17:52,27,29,8580,18985
2023-10-25 13:17:56,27,28,8580,18985
2023-10-25 13:18:10,25,28,8580,18985
2023-10-25 13:18:10,26,28,8580,18985
2023-10-25 13:18:22,27,28,8580,18985
2023-10-25 13:18:43,25,26,8380,19185
2023-10-25 13:18:43,24,25,8499,19685
2023-10-25 13:18:43,24,25,8699,19885
2023-10-25 13:18:43,23,25,8699,19885
2023-10-25 13:18:44,23,26,8699,19885
2023-10-25 13:18:44,23,25,8699,19885
2023-10-25 13:18:44,23,25,8699,20135
2023-10-25 13:18:44,23,26,8699,20135
2023-10-25 13:18:45,24,26,8699,20135
2023-10-25 13:18:45,24,25,8699,20135
2023-10-25 13:18:45,23,24,8499,20335
2023-10-25 13:18:59,23,25,8499,20335
2023-10-25 13:18:59,23,26,8499,20335
2023-10-25 13:18:59,23,25,8499,20335
2023-10-25 13:19:04,24,25,8499,20335
2023-10-25 13:19:21,23,25,8499,20335
2023-10-25 13:19:29,23,24,8499,20335
2023-10-25 13:19:37,23,26,8499,20335
2023-10-25 13:19:37,23,25,8499,20335
2023-10-25 13:19:39,24,25,8499,20335
2023-10-25 13:19:41,24,27,8499,20585
2023-10-25 13:19:46,24,26,8499,20585
2023-10-25 13:19:47,25,26,8499,20585
2023-10-25 13:19:51,25,27,8499,20585
2023-10-25 13:19:55,25,26,8499,20585
2023-10-25 13:19:56,24,26,8499,20585
2023-10-25 13:20:03,24,27,8499,20585
2023-10-25 13:20:04,24,26,8499,20585
2023-10-25 13:20:04,24,27,8499,20585
2023-10-25 13:20:05,25,27,8499,20585
2023-10-25 13:20:07,26,27,8499,20585
2023-10-25 13:20:40,24,27,8499,20585
2023-10-25 13:20:40,25,27,8499,20585
2023-10-25 13:20:40,25,26,8499,20585
2023-10-25 13:20:48,25,27,8499,20585
2023-10-25 13:20:48,25,26,8499,20585
2023-10-25 13:20:51,25,27,8499,20585
2023-10-25 13:20:55,25,26,8499,20585
2023-10-25 13:20:56,25,27,8499,20585
2023-10-25 13:21:11,26,27,8499,20585
2023-10-25 13:21:11,27,28,8499,20615
2023-10-25 13:21:11,27,29,8499,20615
2023-10-25 13:21:15,27,28,8499,20615
2023-10-25 13:21:16,27,29,8690,20806
2023-10-25 13:21:41,28,29,8690,20806
2023-10-25 13:21:43,27,29,8690,20806
2023-10-25 13:21:47,28,29,8690,20806
2023-10-25 13:21:50,28,29,8691,20896
2023-10-25 13:21:51,27,29,8691,20896
2023-10-25 13:22:19,27,30,8691,20896
2023-10-25 13:22:19,28,30,8691,20896
2023-10-25 13:22:30,27,30,8691,20896
2023-10-25 13:22:32,27,29,8691,20896
2023-10-25 13:22:48,27,30,8691,20896
2023-10-25 13:22:52,28,30,8691,20896
2023-10-25 13:22:54,27,30,8691,20896
2023-10-25 13:22:54,28,30,8691,20896
2023-10-25 13:23:18,27,30,8691,20896
2023-10-25 13:23:22,27,29,8691,20896
2023-10-25 13:23:29,27,30,8691,20896
2023-10-25 13:23:31,28,30,8691,20896
2023-10-25 13:23:32,27,30,8691,20896
2023-10-25 13:23:32,27,29,8691,20896
2023-10-25 13:23:34,27,30,8691,20896
2023-10-25 13:23:35,27,29,8691,20896
2023-10-25 13:23:37,27,30,8691,20896
2023-10-25 13:23:37,28,30,8691,20896
2023-10-25 13:23:38,28,29,8691,20896
2023-10-25 13:23:39,27,29,8691,20896
2023-10-25 13:23:43,27,30,8691,20896
2023-10-25 13:23:43,27,29,8691,20896
2023-10-25 13:23:44,27,30,8691,20896
2023-10-25 13:23:44,28,30,8691,20896
2023-10-25 13:23:45,29,30,8691,20896
2023-10-25 13:23:49,29,31,8691,20896
2023-10-25 13:23:57,29,30,8691,20896
2023-10-25 13:24:00,29,31,8691,20896
2023-10-25 13:24:01,29,30,8691,20896
2023-10-25 13:24:16,29,31,8691,20896
2023-10-25 13:24:20,29,32,8691,20896
2023-10-25 13:24:20,30,32,8691,20896
2023-10-25 13:24:26,30,31,8691,20896
2023-10-25 13:24:27,29,31,8691,20896
2023-10-25 13:24:34,29,30,8691,20896
2023-10-25 13:24:35,28,30,8691,20896
2023-10-25 13:24:35,27,30,8691,20896
2023-10-25 13:24:35,27,29,8691,20896
2023-10-25 13:24:45,28,29,8691,20896
2023-10-25 13:24:45,28,30,8691,20896
2023-10-25 13:24:46,28,31,8691,20896
2023-10-25 13:24:47,28,30,8691,20896
2023-10-25 13:24:57,27,30,8691,20896
2023-10-25 13:24:57,27,29,8691,20896
2023-10-25 13:25:17,28,29,8691,20896
2023-10-25 13:25:17,28,30,8691,20896
2023-10-25 13:25:21,28,29,8691,20896
2023-10-25 13:25:23,27,29,8691,20896
2023-10-25 13:25:24,28,29,8691,20896
2023-10-25 13:25:26,28,30,8691,20896
2023-10-25 13:25:32,29,30,8691,20896
2023-10-25 13:25:32,29,31,8691,20896
2023-10-25 13:25:46,29,30,8691,20896
2023-10-25 13:25:46,29,31,8691,20896
2023-10-25 13:25:47,29,30,8691,20896
2023-10-25 13:26:01,29,31,8691,20896
2023-10-25 13:26:01,29,30,8691,20896
2023-10-25 13:26:12,29,31,8691,20896
2023-10-25 13:26:15,29,30,8691,20896
2023-10-25 13:26:18,29,31,8691,20896
2023-10-25 13:26:25,30,31,8691,20896
2023-10-25 13:26:25,30,32,8691,20896
2023-10-25 13:26:30,31,32,8691,20896
2023-10-25 13:26:30,31,32,8891,21096
2023-10-25 13:26:30,31,33,8891,21096
2023-10-25 13:26:30,32,33,8891,21096
2023-10-25 13:26:35,32,34,8891,21096
2023-10-25 13:26:35,33,34,8891,21096
2023-10-25 13:26:43,33,34,8891,21117
2023-10-25 13:26:44,32,34,8891,21296
2023-10-25 13:27:03,31,34,8891,21296
2023-10-25 13:27:07,31,33,8891,21296
2023-10-25 13:27:09,30,33,8891,21296
2023-10-25 13:27:13,30,32,8891,21296
2023-10-25 13:27:15,31,32,8891,21296
2023-10-25 13:27:16,30,32,8891,21296
2023-10-25 13:27:17,31,32,8891,21296
2023-10-25 13:27:19,31,33,8891,21296
2023-10-25 13:27:21,31,32,8891,21296
2023-10-25 13:27:21,30,32,8891,21296
2023-10-25 13:27:30,31,32,8891,21296
2023-10-25 13:27:30,31,33,8891,21296
2023-10-25 13:27:33,31,34,8891,21296
2023-10-25 13:27:34,31,33,8891,21296
2023-10-25 13:27:42,31,34,8891,21296
2023-10-25 13:27:44,32,34,8891,21296
2023-10-25 13:27:48,31,34,8891,21296
2023-10-25 13:27:50,32,34,8891,21296
2023-10-25 13:27:55,33,34,8891,21296
2023-10-25 13:28:07,33,34,8940,21546
2023-10-25 13:28:24,33,35,8940,21546
2023-10-25 13:28:25,33,35,9091,21746
2023-10-25 13:28:25,34,35,9091,21746
2023-10-25 13:28:25,34,35,9681,22336
2023-10-25 13:28:25,34,36,9681,22336
2023-10-25 13:28:25,34,37,9681,22336
2023-10-25 13:28:25,35,37,9681,22336
2023-10-25 13:28:26,34,37,9681,22336
2023-10-25 13:28:26,36,37,9681,22336
2023-10-25 13:28:29,36,37,9681,22586
2023-10-25 13:29:12,36,37,9481,22786
2023-10-25 13:29:12,34,37,9481,22786
2023-10-25 13:29:12,35,37,9481,22786
2023-10-25 13:29:19,35,36,9481,22786
2023-10-25 13:29:23,34,36,9481,22786
2023-10-25 13:29:23,33,36,9481,22786
2023-10-25 13:29:23,34,36,9481,22786
2023-10-25 13:29:39,34,35,9481,22786
2023-10-25 13:29:49,34,36,9481,22786
2023-10-25 13:29:53,35,36,9481,22786
2023-10-25 13:30:01,35,37,9481,22786
2023-10-25 13:30:03,34,37,9481,22786
2023-10-25 13:30:03,36,37,9481,22786
2023-10-25 13:30:15,36,37,9581,23086
2023-10-25 13:30:15,36,38,9581,23086
2023-10-25 13:30:23,37,38,9581,23086
2023-10-25 13:30:42,37,38,9640,23236
2023-10-25 13:30:50,37,38,9765,23361
2023-10-25 13:30:53,36,38,9765,23361
2023-10-25 13:30:53,36,37,9765,23361
2023-10-25 13:31:07,36,38,9765,23361
2023-10-25 13:31:07,37,38,9765,23361
2023-10-25 13:31:11,37,38,9765,23411
2023-10-25 13:31:12,37,38,9765,23561
2023-10-25 13:31:18,36,38,9765,23561
2023-10-25 13:31:18,36,37,9765,23561
2023-10-25 13:31:30,36,38,9765,23561
2023-10-25 13:31:31,35,38,9765,23561
2023-10-25 13:31:31,37,38,9765,23561
2023-10-25 13:31:46,35,37,9765,23661
2023-10-25 13:32:01,36,37,9765,23661
2023-10-25 13:32:04,36,38,9765,23661
2023-10-25 13:32:28,37,38,9765,23661
2023-10-25 13:32:37,38,39,9765,23661
2023-10-25 13:32:38,37,39,9765,23661
2023-10-25 13:32:45,38,39,9765,23661
2023-10-25 13:32:48,37,39,9765,23661
2023-10-25 13:32:50,38,39,9765,23661
2023-10-25 13:32:53,37,39,9765,23661
2023-10-25 13:32:54,38,39,9765,23661
2023-10-25 13:33:06,38,40,9765,23661
2023-10-25 13:33:11,39,40,9765,23661
2023-10-25 13:33:15,39,41,9765,23661
2023-10-25 13:33:19,40,41,9765,23661
2023-10-25 13:33:26,39,41,9765,23661
2023-10-25 13:33:28,40,41,9765,23661
2023-10-25 13:33:28,39,41,9765,23661
2023-10-25 13:33:30,40,41,9765,23661
2023-10-25 13:33:40,39,41,9765,23661
2023-10-25 13:33:45,40,41,9765,23661
2023-10-25 13:33:46,39,41,9765,23661
2023-10-25 13:33:47,40,41,9765,23661
2023-10-25 13:33:50,39,41,9765,23661
2023-10-25 13:33:58,40,41,9765,23661
2023-10-25 13:33:58,39,41,9765,23661
2023-10-25 13:33:59,40,41,9765,23661
2023-10-25 13:34:02,39,41,9765,23661
2023-10-25 13:34:06,40,41,9765,23661
2023-10-25 13:34:13,40,41,9590,23836
2023-10-25 13:34:22,40,42,9590,23836
2023-10-25 13:34:28,41,42,9590,23836
2023-10-25 13:34:33,40,42,9590,23836
2023-10-25 13:34:37,39,42,9590,23836
2023-10-25 13:34:40,39,41,9590,23836
2023-10-25 13:34:55,38,41,9590,23836
2023-10-25 13:34:57,39,41,9590,23836
2023-10-25 13:35:04,38,41,9590,23836
2023-10-25 13:35:08,38,40,9590,23836
2023-10-25 13:35:09,38,39,9590,23836
2023-10-25 13:35:10,38,39,9590,23838
2023-10-25 13:35:13,39,40,9590,23840
2023-10-25 13:35:13,38,40,9590,23840
2023-10-25 13:35:14,38,41,9590,23840
2023-10-25 13:35:14,39,41,9590,23840
2023-10-25 13:35:30,38,41,9590,23840
2023-10-25 13:35:33,39,41,9590,23840
2023-10-25 13:35:54,39,42,9590,23840
2023-10-25 13:35:55,40,42,9590,23840
2023-10-25 13:36:31,41,42,9590,23840
2023-10-25 13:36:57,41,43,9590,23840
2023-10-25 13:37:18,41,42,9590,23840
2023-10-25 13:37:52,41,43,9590,23840
2023-10-25 13:37:53,41,42,9590,23840
2023-10-25 13:37:53,41,43,9590,23840
2023-10-25 13:38:24,42,43,9590,23840
2023-10-25 13:38:25,41,43,9590,23840
2023-10-25 13:38:25,42,43,9590,23840
2023-10-25 13:38:26,41,43,9590,23840
2023-10-25 13:38:30,42,43,9590,23840
2023-10-25 13:38:33,41,43,9590,23840
2023-10-25 13:38:45,42,43,9590,23840
2023-10-25 13:38:50,41,43,9590,23840
2023-10-25 13:39:02,42,43,9590,23840
2023-10-25 13:39:25,42,44,9590,23840
2023-10-25 13:39:29,43,44,9590,23840
2023-10-25 13:39:33,42,44,9590,23840
2023-10-25 13:39:39,43,44,9590,23840
2023-10-25 13:40:01,43,45,9590,23840
2023-10-25 13:40:07,44,45,9590,23840
2023-10-25 13:40:09,43,45,9590,23840
2023-10-25 13:40:23,44,45,9590,23840
2023-10-25 13:40:43,43,45,9590,23840
2023-10-25 13:41:11,44,45,9590,23840
2023-10-25 13:41:23,44,46,9590,23840
2023-10-25 13:41:28,45,46,9590,23840
2023-10-25 13:41:28,44,46,9590,23840
2023-10-25 13:41:40,45,46,9590,23840
2023-10-25 13:42:15,45,46,9490,23940
2023-10-25 13:43:14,44,46,9490,23940
2023-10-25 13:43:18,45,46,9490,23940
2023-10-25 13:43:29,45,47,9490,23940
2023-10-25 13:43:56,46,47,9490,23940
2023-10-25 13:43:57,45,47,9490,23940
2023-10-25 13:44:29,46,47,9490,23940
2023-10-25 13:44:46,46,48,9490,23940
2023-10-25 13:46:04,45,48,9558,24190
2023-10-25 13:46:13,45,47,9558,24190
2023-10-25 13:46:14,45,48,9558,24190
2023-10-25 13:46:15,45,47,9558,24190
2023-10-25 13:46:17,45,48,9558,24190
2023-10-25 13:46:18,45,47,9558,24190
2023-10-25 13:46:20,45,48,9558,24190
2023-10-25 13:46:25,45,47,9558,24190
2023-10-25 13:46:27,45,48,9558,24190
2023-10-25 13:46:28,45,47,9558,24190
2023-10-25 13:46:29,45,48,9558,24190
2023-10-25 13:46:31,45,47,9558,24190
2023-10-25 13:46:32,45,48,9558,24190
2023-10-25 13:47:23,46,48,9558,24190
2023-10-25 13:48:24,45,48,9558,24190
2023-10-25 13:48:27,45,47,9558,24190
2023-10-25 13:48:31,45,48,9558,24190
2023-10-25 13:48:32,45,47,9558,24190
2023-10-25 13:48:38,45,48,9558,24190
2023-10-25 13:49:08,46,48,9558,24190
2023-10-25 13:49:45,47,48,9558,24190
2023-10-25 13:50:42,47,49,9558,24190
2023-10-25 13:50:48,48,49,9558,24190
2023-10-25 13:50:48,47,49,9558,24190
2023-10-25 13:51:19,47,48,9558,24190
2023-10-25 13:51:20,47,49,9558,24190
2023-10-25 13:51:21,47,48,9558,24190
2023-10-25 13:51:23,47,49,9558,24190
2023-10-25 13:51:23,47,48,9558,24190
2023-10-25 13:51:29,47,49,9558,24190
2023-10-25 13:51:29,47,48,9558,24190
2023-10-25 13:51:32,47,49,9558,24190
2023-10-25 13:51:36,47,48,9558,24190
2023-10-25 13:51:58,46,48,9558,24190
2023-10-25 13:51:59,46,47,9558,24190
2023-10-25 13:52:00,46,48,9558,24190
2023-10-25 13:52:30,46,49,9558,24190
2023-10-25 13:52:31,47,49,9558,24190
2023-10-25 13:52:32,47,48,9558,24190
2023-10-25 13:52:32,46,48,9558,24190
2023-10-25 13:52:37,47,48,9558,24190
2023-10-25 13:52:40,46,48,9558,24190
2023-10-25 13:52:40,47,48,9558,24190
2023-10-25 13:52:41,46,48,9558,24190
2023-10-25 13:52:53,47,48,9558,24190
2023-10-25 13:52:58,47,49,9558,24190
2023-10-25 13:52:59,47,48,9558,24190
2023-10-25 13:53:00,47,49,9558,24190
2023-10-25 13:53:03,46,49,9558,24190
2023-10-25 13:53:04,47,49,9558,24190
2023-10-25 13:53:15,48,49,9558,24190
2023-10-25 13:53:42,49,50,9390,24490
2023-10-25 13:53:43,49,50,9390,24494
2023-10-25 13:53:50,49,50,9390,24495
2023-10-25 13:54:00,49,50,9390,24496
2023-10-25 13:54:09,49,50,9390,24497
2023-10-25 13:54:38,49,50,9390,24597
2023-10-25 13:55:07,48,49,9390,24602
2023-10-25 13:55:08,47,49,9390,24602
2023-10-25 13:55:08,47,48,9390,24602
2023-10-25 13:55:09,47,48,9390,24604
2023-10-25 13:55:09,46,48,9390,24604
2023-10-25 13:55:20,46,47,9390,24604
2023-10-25 13:56:30,45,47,9390,24604
2023-10-25 13:56:30,45,46,9390,24604
2023-10-25 13:57:22,44,46,9390,24604
2023-10-25 13:57:22,44,45,9390,24604
2023-10-25 13:57:50,43,44,9390,24606
2023-10-25 13:57:58,43,45,9390,24606
2023-10-25 13:58:02,44,45,9390,24606
2023-10-25 13:58:03,44,46,9390,24606
2023-10-25 13:58:07,44,45,9390,24606
2023-10-25 13:58:09,43,45,9390,24606
2023-10-25 13:58:21,44,45,9390,24606
2023-10-25 13:58:23,44,46,9390,24606
2023-10-25 13:58:40,44,45,9390,24606
2023-10-25 13:58:41,43,45,9390,24606
2023-10-25 13:59:31,43,44,9390,24606
2023-10-25 13:59:32,43,44,9390,24608
2023-10-25 13:59:33,43,45,9390,24608
2023-10-25 13:59:33,43,44,9390,24608
2023-10-25 14:00:08,43,45,9390,24608
2023-10-25 14:00:21,43,44,9390,24608
2023-10-25 14:00:30,42,44,9390,24608
2023-10-25 14:00:30,42,43,9390,24608
2023-10-25 14:01:21,42,44,9640,24858
2023-10-25 14:01:33,42,43,9640,24858
2023-10-25 14:01:45,42,44,9640,24858
2023-10-25 14:01:49,42,43,9640,24858
2023-10-25 14:02:24,42,43,9640,24930
2023-10-25 14:02:32,42,44,9640,24930
2023-10-25 14:02:32,42,43,9640,24930
2023-10-25 14:02:53,41,43,9640,24930
2023-10-25 14:02:53,41,42,9640,24930
2023-10-25 14:03:04,41,43,9640,24930
2023-10-25 14:03:08,41,42,9640,24930
2023-10-25 14:03:08,41,43,9640,24930
2023-10-25 14:03:09,41,42,9640,24930
2023-10-25 14:03:12,41,43,9640,24930
2023-10-25 14:03:23,42,43,9640,24930
2023-10-25 14:03:23,42,44,9640,24930
2023-10-25 14:03:28,43,44,9640,24930
2023-10-25 14:03:28,43,46,9640,24930
2023-10-25 14:03:31,43,45,9640,24930
2023-10-25 14:03:40,43,46,9640,24930
2023-10-25 14:03:40,43,45,9640,24930
2023-10-25 14:03:50,44,45,9640,24930
2023-10-25 14:03:50,44,46,9640,24930
2023-10-25 14:04:06,44,45,9640,24930
2023-10-25 14:04:07,44,46,9640,24930
2023-10-25 14:04:07,44,45,9640,24930
2023-10-25 14:04:23,43,45,9640,24930
2023-10-25 14:04:39,44,45,9640,24930
2023-10-25 14:04:40,43,45,9640,24930
2023-10-25 14:04:52,44,45,9640,24930
2023-10-25 14:04:57,44,46,9640,24930
2023-10-25 14:04:59,44,45,9640,24930
2023-10-25 14:05:01,45,46,9790,25080
2023-10-25 14:05:27,44,46,9790,25080
2023-10-25 14:05:27,44,45,9790,25080
2023-10-25 14:05:30,44,46,9790,25080
2023-10-25 14:05:31,44,45,9790,25080
2023-10-25 14:05:32,44,46,9790,25080
2023-10-25 14:05:33,45,46,9790,25080
2023-10-25 14:05:37,44,46,9790,25080
2023-10-25 14:05:47,45,46,9790,25080
2023-10-25 14:06:08,43,46,9990,25280
2023-10-25 14:06:08,43,45,9990,25280
2023-10-25 14:06:15,43,44,9990,25280
2023-10-25 14:06:18,43,45,9990,25280
2023-10-25 14:06:19,43,44,9990,25280
2023-10-25 14:06:25,43,45,9990,25280
2023-10-25 14:06:29,44,45,9990,25280
2023-10-25 14:06:37,44,46,9990,25280
2023-10-25 14:06:39,44,45,9990,25280
2023-10-25 14:06:45,43,45,9990,25280
2023-10-25 14:06:49,43,44,9990,25280
2023-10-25 14:06:51,42,44,9990,25280
2023-10-25 14:06:57,43,44,9990,25280
2023-10-25 14:06:58,43,45,9990,25280
2023-10-25 14:07:02,43,44,9990,25280
2023-10-25 14:07:04,43,45,9990,25280
2023-10-25 14:07:08,43,44,9990,25280
2023-10-25 14:07:19,43,45,9990,25280
2023-10-25 14:07:22,44,45,9990,25280
2023-10-25 14:07:23,43,45,9990,25280
2023-10-25 14:07:41,43,44,9990,25280
2023-10-25 14:07:46,43,45,9990,25280
2023-10-25 14:07:50,43,44,9990,25280
2023-10-25 14:07:53,42,44,9990,25280
2023-10-25 14:07:56,42,44,10000,25290
2023-10-25 14:07:59,42,43,10000,25290
2023-10-25 14:08:04,42,44,10000,25290
2023-10-25 14:08:08,42,43,10000,25290
2023-10-25 14:08:08,42,44,10000,25290
2023-10-25 14:08:10,42,43,10000,25290
2023-10-25 14:08:12,42,44,10000,25290
2023-10-25 14:08:14,42,43,10000,25290
2023-10-25 14:08:22,42,44,10000,25290
2023-10-25 14:08:32,43,44,10000,25290
2023-10-25 14:08:36,43,45,10000,25290
2023-10-25 14:08:41,44,45,10000,25290
2023-10-25 14:08:44,45,46,10000,25463
2023-10-25 14:09:17,44,46,10000,25463
2023-10-25 14:09:22,44,46,9997,25466
2023-10-25 14:09:23,45,46,9997,25466
2023-10-25 14:10:07,44,46,9997,25466
2023-10-25 14:10:09,44,45,9997,25466
2023-10-25 14:11:30,44,46,9997,25666
2023-10-25 14:11:44,44,47,9997,25666
2023-10-25 14:11:45,45,47,9997,25666
2023-10-25 14:11:51,46,47,9997,25666
2023-10-25 14:12:11,46,48,9997,25666
2023-10-25 14:12:15,47,48,9997,25666
2023-10-25 14:12:17,47,49,9997,25666
2023-10-25 14:12:26,47,49,9994,25669
2023-10-25 14:12:43,48,49,9994,25669
2023-10-25 14:12:47,48,50,9994,25669
2023-10-25 14:12:50,49,50,9994,25669
2023-10-25 14:13:12,48,50,9994,25669
2023-10-25 14:13:15,47,50,9994,25669
2023-10-25 14:13:15,47,49,9994,25669
2023-10-25 14:13:20,47,48,9994,25669
2023-10-25 14:13:21,46,48,9994,25669
2023-10-25 14:13:23,45,48,9994,25669
2023-10-25 14:13:24,45,46,9994,25669
2023-10-25 14:13:50,45,46,9994,25689
2023-10-25 14:13:55,44,45,9994,25840
2023-10-25 14:13:59,44,46,9994,25840
2023-10-25 14:14:04,42,46,9994,25840
2023-10-25 14:14:04,42,45,9994,25840
2023-10-25 14:14:07,43,45,9994,25840
2023-10-25 14:14:08,42,45,9994,25840
2023-10-25 14:14:08,43,45,9994,25840
2023-10-25 14:14:14,42,45,9994,25840
2023-10-25 14:14:23,42,44,9994,25840
2023-10-25 14:14:26,42,43,9994,25840
2023-10-25 14:14:26,41,43,9994,25840
2023-10-25 14:14:45,40,43,9994,25840
2023-10-25 14:14:45,40,42,9994,25840
2023-10-25 14:14:45,40,41,9994,25840
2023-10-25 14:15:01,40,41,9992,25842
2023-10-25 14:15:02,39,41,9992,25842
2023-10-25 14:15:10,39,40,9992,25842
2023-10-25 14:15:10,39,40,9992,25844
2023-10-25 14:15:11,39,40,9992,25846
2023-10-25 14:15:17,39,41,9992,25846
2023-10-25 14:15:36,40,41,9992,25846
2023-10-25 14:15:37,39,41,9992,25846
2023-10-25 14:15:44,40,41,9992,25846
2023-10-25 14:15:44,40,43,9992,25846
2023-10-25 14:15:49,40,44,9992,25846
2023-10-25 14:15:49,40,43,9992,25846
2023-10-25 14:15:49,41,43,9992,25846
2023-10-25 14:15:56,40,43,9992,25846
2023-10-25 14:16:04,41,43,9992,25846
2023-10-25 14:16:04,41,44,9992,25846
2023-10-25 14:16:13,41,43,9992,25846
2023-10-25 14:16:37,41,42,9992,25846
2023-10-25 14:16:38,39,42,9992,25846
2023-10-25 14:16:46,40,42,9992,25846
2023-10-25 14:16:48,40,43,9992,25846
2023-10-25 14:17:06,39,43,9992,25846
2023-10-25 14:17:06,39,42,9992,25846
2023-10-25 14:17:08,39,41,9992,25846
2023-10-25 14:18:05,40,41,9992,25846
2023-10-25 14:18:05,40,43,9992,25846
2023-10-25 14:18:10,40,42,9992,25846
2023-10-25 14:18:10,39,42,9992,25846
2023-10-25 14:18:13,39,41,9992,25846
2023-10-25 14:18:27,39,41,9992,25850
2023-10-25 14:18:32,39,40,9992,25850
2023-10-25 14:19:02,39,42,9992,25850
2023-10-25 14:19:12,39,41,9992,25850
2023-10-25 14:19:21,39,42,9992,25850
2023-10-25 14:19:28,39,43,9992,25850
2023-10-25 14:19:28,39,42,9992,25850
2023-10-25 14:19:28,40,42,9992,25850
2023-10-25 14:19:30,40,43,9992,25850
2023-10-25 14:19:31,41,43,9992,25850
2023-10-25 14:19:34,41,44,9992,25850
2023-10-25 14:19:41,42,44,9992,25850
2023-10-25 14:19:42,43,44,9992,25850
2023-10-25 14:19:42,43,45,9992,25850
2023-10-25 14:19:47,42,45,9992,25850
2023-10-25 14:19:53,42,44,9992,25850
2023-10-25 14:19:54,41,44,9992,25850
2023-10-25 14:19:58,41,43,9992,25850
2023-10-25 14:20:00,41,44,9992,25850
2023-10-25 14:20:06,41,43,9992,25850
2023-10-25 14:20:09,41,44,9992,25850
2023-10-25 14:20:15,41,43,9992,25850
2023-10-25 14:20:16,40,43,9992,25850
2023-10-25 14:20:20,40,42,9992,25850
2023-10-25 14:20:33,40,43,9992,25850
2023-10-25 14:20:33,40,42,9992,25850
2023-10-25 14:20:36,41,42,9992,25850
2023-10-25 14:20:38,40,42,9992,25850
2023-10-25 14:20:49,40,41,9992,25850
2023-10-25 14:21:03,39,41,9992,25850
2023-10-25 14:21:12,39,40,9992,25850
2023-10-25 14:21:22,38,40,9992,25850
2023-10-25 14:21:22,38,39,9992,25850
2023-10-25 14:21:28,37,39,9992,25850
2023-10-25 14:21:28,37,38,9992,25850
2023-10-25 14:21:29,37,39,9992,25850
2023-10-25 14:21:30,38,39,9992,25850
2023-10-25 14:21:33,38,39,9992,26100
2023-10-25 14:21:36,38,39,9992,26350
2023-10-25 14:21:36,37,39,9992,26350
2023-10-25 14:21:36,37,39,10242,26600
2023-10-25 14:21:37,37,40,10242,26600
2023-10-25 14:21:38,37,39,10242,26600
2023-10-25 14:21:39,38,39,10242,26600
2023-10-25 14:21:39,38,40,10351,26709
2023-10-25 14:21:39,38,39,10351,26709
2023-10-25 14:21:40,38,40,10552,26910
2023-10-25 14:21:41,39,40,10552,26910
2023-10-25 14:21:41,39,41,10552,26910
2023-10-25 14:21:45,39,40,10552,26910
2023-10-25 14:21:47,39,40,10802,27160
2023-10-25 14:21:59,38,40,10802,27160
2023-10-25 14:22:04,38,41,10802,27160
2023-10-25 14:22:05,39,41,10802,27160
2023-10-25 14:22:06,40,41,10802,27160
2023-10-25 14:22:09,39,41,10802,27160
2023-10-25 14:22:21,40,41,10802,27160
2023-10-25 14:22:22,39,41,10802,27160
2023-10-25 14:22:25,40,41,10802,27160
2023-10-25 14:22:26,40,42,10802,27160
2023-10-25 14:22:26,40,43,10802,27160
2023-10-25 14:22:26,40,42,10802,27160
2023-10-25 14:22:27,41,42,10802,27160
2023-10-25 14:22:27,41,43,10802,27160
2023-10-25 14:22:28,40,43,10802,27160
2023-10-25 14:22:28,40,42,10802,27160
2023-10-25 14:22:30,41,42,10802,27160
2023-10-25 14:22:31,41,42,10802,27360
2023-10-25 14:22:31,41,43,10802,27360
2023-10-25 14:22:31,41,44,10802,27360
2023-10-25 14:22:35,41,43,10802,27360
2023-10-25 14:22:37,42,43,10802,27360
2023-10-25 14:22:37,42,44,10802,27360
2023-10-25 14:22:41,42,43,10802,27360
2023-10-25 14:22:42,42,44,10802,27360
2023-10-25 14:22:52,43,44,10802,27360
2023-10-25 14:22:52,43,44,10826,27392
2023-10-25 14:22:55,43,45,10826,27392
2023-10-25 14:22:59,43,44,10826,27392
2023-10-25 14:23:00,43,45,10826,27392
2023-10-25 14:23:04,43,44,10826,27392
2023-10-25 14:23:04,43,45,10826,27392
2023-10-25 14:23:18,43,44,10826,27392
2023-10-25 14:23:18,43,45,10826,27392
2023-10-25 14:23:28,42,45,10826,27392
2023-10-25 14:23:28,42,44,10826,27392
2023-10-25 14:23:38,42,45,10826,27392
2023-10-25 14:23:38,42,44,10826,27392
2023-10-25 14:23:47,43,44,10826,27392
2023-10-25 14:23:47,43,44,10850,27416
2023-10-25 14:23:51,43,45,10850,27416
2023-10-25 14:23:52,43,44,10850,27416
2023-10-25 14:24:02,42,44,10850,27416
2023-10-25 14:24:07,42,43,10850,27416
2023-10-25 14:25:02,42,44,10850,27416
2023-10-25 14:25:06,42,43,10850,27416
2023-10-25 14:25:21,41,43,10850,27416
2023-10-25 14:25:24,41,42,10850,27416
2023-10-25 14:25:35,40,42,10850,27416
2023-10-25 14:25:37,39,42,10850,27416
2023-10-25 14:25:39,39,41,10850,27416
2023-10-25 14:25:48,39,42,10850,27416
2023-10-25 14:25:50,39,41,10850,27416
2023-10-25 14:26:00,39,42,10850,27416
2023-10-25 14:26:00,39,41,10850,27416
2023-10-25 14:26:01,39,42,10850,27416
2023-10-25 14:26:02,40,42,10850,27416
2023-10-25 14:26:10,40,43,10850,27416
2023-10-25 14:26:14,41,43,10850,27416
2023-10-25 14:26:27,41,43,10850,27443
2023-10-25 14:26:30,42,43,10850,27443
2023-10-25 14:26:40,42,44,10850,27443
2023-10-25 14:26:41,42,43,10850,27443
2023-10-25 14:26:41,42,45,10850,27443
2023-10-25 14:26:45,42,44,10850,27443
2023-10-25 14:26:53,42,45,10850,27443
2023-10-25 14:26:53,42,44,10850,27443
2023-10-25 14:26:58,42,45,10850,27443
2023-10-25 14:27:02,43,45,10850,27443
2023-10-25 14:27:03,42,45,10850,27443
2023-10-25 14:27:04,43,45,10850,27443
2023-10-25 14:27:13,44,45,10850,27443
2023-10-25 14:27:13,44,45,10861,27454
2023-10-25 14:27:14,44,46,10861,27454
2023-10-25 14:27:17,45,46,10861,27454
2023-10-25 14:27:17,45,46,10871,27464
2023-10-25 14:27:17,45,47,10871,27464
2023-10-25 14:27:18,44,47,10871,27464
2023-10-25 14:27:18,45,47,10871,27464
2023-10-25 14:27:20,45,47,10886,27479
2023-10-25 14:27:21,44,47,10886,27479
2023-10-25 14:27:21,44,46,10886,27479
2023-10-25 14:27:28,44,46,10886,27482
2023-10-25 14:27:30,44,47,10886,27482
2023-10-25 14:27:31,44,46,10886,27482
2023-10-25 14:27:36,44,45,10886,27482
2023-10-25 14:27:42,44,46,10886,27482
2023-10-25 14:27:43,44,45,10886,27482
2023-10-25 14:27:51,45,46,10986,27582
2023-10-25 14:27:51,45,46,11002,27598
2023-10-25 14:27:52,44,46,11002,27598
2023-10-25 14:27:54,45,46,11002,27598
2023-10-25 14:27:54,45,46,11018,27614
2023-10-25 14:27:56,45,47,11018,27614
2023-10-25 14:28:09,45,46,11018,27614
2023-10-25 14:28:12,45,47,11018,27614
2023-10-25 14:28:33,45,46,11018,27614
2023-10-25 14:28:35,45,47,11018,27614
2023-10-25 14:28:35,46,47,11018,27614
2023-10-25 14:28:38,46,48,11018,27614
2023-10-25 14:28:38,46,48,11015,27617
2023-10-25 14:28:40,47,48,11015,27617
2023-10-25 14:28:40,47,49,11015,27617
2023-10-25 14:28:44,47,48,11015,27617
2023-10-25 14:28:49,46,48,11015,27617
2023-10-25 14:28:53,47,48,11015,27617
2023-10-25 14:29:04,46,48,11015,27617
2023-10-25 14:29:15,46,47,11015,27617
2023-10-25 14:29:16,46,47,11015,27619
2023-10-25 14:29:18,46,47,11215,27819
2023-10-25 14:29:18,46,49,11215,27819
2023-10-25 14:29:18,46,48,11215,27819
2023-10-25 14:29:28,46,47,11215,27819
2023-10-25 14:29:45,46,48,11215,27819
2023-10-25 14:29:45,46,47,11215,27819
2023-10-25 14:29:51,46,49,11215,27819
2023-10-25 14:29:51,46,48,11215,27819
2023-10-25 14:29:55,47,48,11215,27819
2023-10-25 14:29:58,47,49,11215,27819
2023-10-25 14:30:04,47,48,11215,27819
2023-10-25 14:30:10,46,48,11215,27819
2023-10-25 14:30:21,46,47,11215,27819
2023-10-25 14:30:31,44,45,11120,28011
2023-10-25 14:30:31,44,45,11237,28128
2023-10-25 14:30:35,44,45,11256,28147
2023-10-25 14:30:45,44,46,11256,28147
2023-10-25 14:30:45,44,45,11256,28147
2023-10-25 14:30:45,44,46,11256,28147
2023-10-25 14:30:48,44,46,11256,28150
2023-10-25 14:31:03,44,45,11256,28150
2023-10-25 14:31:08,44,46,11256,28150
2023-10-25 14:31:10,44,47,11256,28150
2023-10-25 14:31:10,44,46,11256,28150
2023-10-25 14:31:12,45,46,11256,28150
2023-10-25 14:31:12,45,48,11256,28150
2023-10-25 14:31:12,45,47,11256,28150
2023-10-25 14:31:19,46,47,11256,28150
2023-10-25 14:31:19,46,48,11256,28150
2023-10-25 14:31:23,46,47,11256,28150
2023-10-25 14:31:25,46,49,11256,28150
2023-10-25 14:31:25,46,48,11256,28150
2023-10-25 14:31:29,47,48,11256,28150
2023-10-25 14:31:30,47,48,11256,28247
2023-10-25 14:31:30,47,49,11256,28247
2023-10-25 14:31:43,48,49,11256,28247
2023-10-25 14:31:43,48,49,11274,28265
2023-10-25 14:31:47,48,50,11274,28265
2023-10-25 14:31:49,49,50,11274,28265
2023-10-25 14:31:50,49,51,11274,28265
2023-10-25 14:31:53,49,50,11274,28265
2023-10-25 14:32:06,48,50,11274,28265
2023-10-25 14:32:08,48,49,11274,28265
2023-10-25 14:32:08,48,49,11274,28268
2023-10-25 14:32:11,47,49,11274,28268
2023-10-25 14:32:17,47,50,11274,28268
2023-10-25 14:32:17,47,49,11274,28268
2023-10-25 14:32:23,48,49,11274,28268
2023-10-25 14:32:50,48,50,11274,28268
2023-10-25 14:32:51,48,49,11274,28268
2023-10-25 14:32:58,47,49,11274,28268
2023-10-25 14:33:03,47,49,11322,28316
2023-10-25 14:33:04,46,49,11322,28316
2023-10-25 14:33:04,46,48,11322,28316
2023-10-25 14:33:21,46,47,11322,28316
2023-10-25 14:33:21,45,47,11322,28316
2023-10-25 14:33:25,45,46,11322,28316
2023-10-25 14:33:34,45,47,11322,28316
2023-10-25 14:33:39,45,46,11322,28316
2023-10-25 14:33:41,45,47,11322,28316
2023-10-25 14:33:46,45,48,11322,28316
2023-10-25 14:33:49,46,48,11322,28316
2023-10-25 14:34:10,47,48,11322,28316
2023-10-25 14:34:35,47,49,11322,28316
2023-10-25 14:34:45,48,49,11322,28316
2023-10-25 14:34:54,48,50,11322,28316
2023-10-25 14:34:54,48,51,11322,28316
2023-10-25 14:34:54,48,50,11322,28316
2023-10-25 14:35:00,48,51,11322,28316
2023-10-25 14:35:00,48,50,11322,28316
2023-10-25 14:35:06,48,49,11322,28316
2023-10-25 14:35:11,48,50,11322,28316
2023-10-25 14:35:19,48,49,11322,28316
2023-10-25 14:35:27,48,50,11322,28316
2023-10-25 14:35:33,49,50,11322,28316
2023-10-25 14:35:33,50,51,11536,28530
2023-10-25 14:35:33,50,51,11736,28730
2023-10-25 14:35:33,50,51,11748,28742
2023-10-25 14:35:33,50,52,11748,28742
2023-10-25 14:35:34,51,52,11748,28742
2023-10-25 14:35:39,49,52,11748,28742
2023-10-25 14:35:39,50,52,11748,28742
2023-10-25 14:35:47,51,52,11748,28742
2023-10-25 14:35:48,51,53,11748,28742
2023-10-25 14:35:48,52,53,11748,28742
2023-10-25 14:36:03,52,54,11748,28742
2023-10-25 14:36:04,52,53,11748,28742
2023-10-25 14:36:05,52,54,11748,28742
2023-10-25 14:36:05,53,54,11748,28742
2023-10-25 14:36:12,53,54,11746,28744
2023-10-25 14:36:18,54,55,11548,29178
2023-10-25 14:36:18,54,55,11548,29196
2023-10-25 14:36:19,54,55,11548,29214
2023-10-25 14:36:27,54,55,11548,29229
2023-10-25 14:36:52,54,55,11548,29243
2023-10-25 14:36:54,54,55,11548,29261
2023-10-25 14:36:56,54,55,11548,29277
2023-10-25 14:37:07,54,55,11548,29296
2023-10-25 14:37:11,54,55,11548,29311
2023-10-25 14:37:13,54,55,11548,29327
2023-10-25 14:37:27,54,56,11816,29595
2023-10-25 14:37:27,54,55,11816,29595
2023-10-25 14:37:34,54,56,11816,29595
2023-10-25 14:37:34,55,56,11816,29595
2023-10-25 14:38:07,54,56,11816,29595
2023-10-25 14:38:07,54,55,11816,29595
2023-10-25 14:38:07,54,55,11813,29598
2023-10-25 14:38:14,54,55,11813,29614
2023-10-25 14:38:32,54,55,11813,29632
2023-10-25 14:38:38,54,55,11828,29647
2023-10-25 14:38:43,52,55,11828,29647
2023-10-25 14:38:43,53,55,11828,29647
2023-10-25 14:38:43,53,54,11828,29647
2023-10-25 14:38:44,53,54,11828,29649
2023-10-25 14:38:46,53,54,11828,29664
2023-10-25 14:38:56,54,55,11828,29838
2023-10-25 14:38:56,54,55,11828,29851
2023-10-25 14:38:59,54,55,11828,29862
2023-10-25 14:39:05,54,56,12500,30862
2023-10-25 14:39:06,54,55,12500,30862
2023-10-25 14:39:20,54,57,12500,30862
2023-10-25 14:39:20,55,57,12500,30862
2023-10-25 14:39:20,55,56,12500,30862
2023-10-25 14:39:32,55,56,12498,30865
2023-10-25 14:39:35,56,58,12617,30984
2023-10-25 14:39:38,56,57,12617,30984
2023-10-25 14:40:05,56,58,12617,30984
2023-10-25 14:40:05,56,57,12617,30984
2023-10-25 14:40:12,56,57,12621,30988
2023-10-25 14:40:32,56,57,12625,30992
2023-10-25 14:40:36,55,57,12625,30992
2023-10-25 14:40:37,55,56,12625,30992
2023-10-25 14:41:11,55,57,12625,30992
2023-10-25 14:41:11,56,57,12625,30992
2023-10-25 14:41:11,56,57,12625,31010
2023-10-25 14:41:13,56,57,12625,31025
2023-10-25 14:41:15,56,57,12625,31042
2023-10-25 14:41:16,56,57,12625,31056
2023-10-25 14:41:17,55,57,12625,31056
2023-10-25 14:41:17,55,56,12625,31056
2023-10-25 14:41:30,56,58,12625,31175
2023-10-25 14:41:36,56,58,12625,31179
2023-10-25 14:41:41,55,58,12625,31179
2023-10-25 14:41:41,57,58,12625,31179
2023-10-25 14:42:07,57,59,12625,31179
2023-10-25 14:42:07,58,59,12625,31179
2023-10-25 14:42:07,58,59,12625,31189
2023-10-25 14:42:09,58,59,12625,31207
2023-10-25 14:42:11,58,59,12625,31220
2023-10-25 14:42:12,58,59,12625,31237
2023-10-25 14:42:18,58,59,12625,31241
2023-10-25 14:42:27,59,60,12425,31441
2023-10-25 14:42:36,59,61,12225,31641
2023-10-25 14:42:36,60,61,12225,31641
2023-10-25 14:42:38,60,61,12225,31646
2023-10-25 14:42:46,59,61,12225,31646
2023-10-25 14:42:46,59,60,12225,31646
2023-10-25 14:42:51,60,61,12225,31663
2023-10-25 14:42:52,59,60,12053,31855
2023-10-25 14:42:53,59,61,12053,31855
2023-10-25 14:43:05,59,61,12053,31869
2023-10-25 14:43:26,60,61,12053,31869
2023-10-25 14:43:26,60,61,12053,31887
2023-10-25 14:43:28,60,61,12053,31903
2023-10-25 14:43:30,60,61,12053,31916
2023-10-25 14:43:32,60,61,12053,31933
2023-10-25 14:43:33,60,61,12053,31944
2023-10-25 14:43:35,60,61,12053,31955
2023-10-25 14:43:46,60,61,12053,31972
2023-10-25 14:43:48,60,61,12053,31987
2023-10-25 14:43:50,60,61,12053,31997
2023-10-25 14:43:52,60,61,12053,32014
2023-10-25 14:43:53,60,61,12053,32032
2023-10-25 14:43:55,60,61,12053,32047
2023-10-25 14:43:57,60,61,12053,32065
2023-10-25 14:44:03,60,62,12053,32065
2023-10-25 14:44:03,61,62,12053,32065
2023-10-25 14:44:29,61,62,12053,32075
2023-10-25 14:44:31,61,62,12053,32090
2023-10-25 14:44:33,61,62,12053,32102
2023-10-25 14:44:35,61,62,12053,32114
2023-10-25 14:44:37,61,62,12053,32128
2023-10-25 14:44:39,61,62,12053,32147
2023-10-25 14:44:41,61,62,12053,32164
2023-10-25 14:45:06,61,63,12053,32164
2023-10-25 14:45:06,62,63,12053,32164
2023-10-25 14:45:11,62,63,12053,32180
2023-10-25 14:45:13,62,63,12053,32194
2023-10-25 14:45:20,62,63,12053,32208
2023-10-25 14:45:22,62,63,12053,32222
2023-10-25 14:45:23,62,63,12053,32238
2023-10-25 14:45:25,62,63,12053,32253
2023-10-25 14:45:27,62,63,12053,32268
2023-10-25 14:45:34,60,63,12053,32268
2023-10-25 14:45:34,61,63,12053,32268
2023-10-25 14:45:35,61,62,12053,32268
2023-10-25 14:45:35,60,62,12053,32281
2023-10-25 14:45:35,59,62,12053,32281
2023-10-25 14:45:36,59,61,12053,32281
2023-10-25 14:45:38,58,61,12053,32281
2023-10-25 14:45:46,59,61,12053,32281
2023-10-25 14:45:47,58,61,12053,32281
2023-10-25 14:45:51,59,61,12053,32281
2023-10-25 14:45:53,58,61,12053,32281
2023-10-25 14:45:57,58,60,12053,32281
2023-10-25 14:46:05,58,61,12053,32281
2023-10-25 14:46:07,59,61,12053,32281
2023-10-25 14:46:11,59,62,12053,32281
2023-10-25 14:46:12,59,63,12053,32281
2023-10-25 14:46:12,59,62,12053,32281
2023-10-25 14:46:19,60,63,12053,32281
2023-10-25 14:46:46,61,63,12053,32281
2023-10-25 14:47:25,61,64,12053,32281
2023-10-25 14:47:25,62,64,12053,32281
2023-10-25 14:47:34,62,65,12053,32281
2023-10-25 14:47:34,63,65,12053,32281
2023-10-25 14:47:53,63,65,12053,32286
2023-10-25 14:47:57,64,65,12053,32286
2023-10-25 14:48:07,63,65,12053,32286
2023-10-25 14:48:10,63,64,12053,32286
2023-10-25 14:48:30,63,65,12053,32286
2023-10-25 14:48:59,62,65,12053,32286
2023-10-25 14:49:08,63,65,12053,32286
2023-10-25 14:49:10,62,65,12053,32286
2023-10-25 14:49:15,63,65,12053,32286
2023-10-25 14:50:16,64,65,12053,32286
2023-10-25 14:50:22,64,66,12053,32286
2023-10-25 14:51:47,65,66,12053,32286
2023-10-25 14:51:48,65,67,12053,32286
2023-10-25 14:52:01,65,66,12053,32286
2023-10-25 14:52:01,65,67,12053,32286
2023-10-25 14:52:17,65,66,12053,32286
2023-10-25 14:52:22,65,67,12053,32286
2023-10-25 14:52:29,64,67,12053,32286
2023-10-25 14:52:31,64,66,12053,32286
2023-10-25 14:52:48,63,66,12053,32286
2023-10-25 14:52:57,63,65,12053,32286
2023-10-25 14:52:58,62,65,12053,32286
2023-10-25 14:53:00,63,65,12053,32286
2023-10-25 14:53:03,62,65,12053,32286
2023-10-25 14:53:12,62,64,12053,32286
2023-10-25 14:53:13,62,64,12158,32406
2023-10-25 14:53:15,61,64,12158,32406
2023-10-25 14:53:21,62,64,12158,32406
2023-10-25 14:53:22,62,65,12158,32406
2023-10-25 14:53:28,62,64,12158,32406
2023-10-25 14:53:29,61,64,12158,32406
2023-10-25 14:53:50,61,64,12278,32526
2023-10-25 14:53:51,61,63,12278,32526
2023-10-25 14:53:56,60,63,12278,32526
2023-10-25 14:53:57,59,63,12278,32526
2023-10-25 14:53:57,59,62,12278,32526
2023-10-25 14:54:02,59,63,12278,32526
2023-10-25 14:54:02,59,62,12278,32526
2023-10-25 14:54:09,60,62,12278,32526
2023-10-25 14:54:09,60,63,12278,32526
2023-10-25 14:54:22,59,63,12278,32526
2023-10-25 14:55:08,59,61,12278,32526
2023-10-25 14:55:16,58,61,12278,32526
2023-10-25 14:55:18,58,60,12278,32526
2023-10-25 14:55:27,57,60,12278,32526
2023-10-25 14:55:28,57,59,12278,32526
2023-10-25 14:55:34,56,59,12278,32526
2023-10-25 14:55:36,56,58,12278,32526
2023-10-25 14:55:36,55,58,12278,32526
2023-10-25 14:55:40,55,57,12278,32526
2023-10-25 14:55:41,54,57,12278,32526
2023-10-25 14:55:42,54,56,12278,32526
2023-10-25 14:55:43,53,56,12278,32526
2023-10-25 14:55:46,53,57,12278,32526
2023-10-25 14:55:50,54,57,12278,32526
2023-10-25 14:55:56,53,57,12278,32526
2023-10-25 14:56:01,53,56,12278,32526
2023-10-25 14:56:03,53,55,12278,32526
2023-10-25 14:56:04,52,55,12278,32526
2023-10-25 14:56:06,52,54,12278,32526
2023-10-25 14:56:11,52,55,12278,32526
2023-10-25 14:56:13,52,54,12278,32526
2023-10-25 14:56:14,52,55,12278,32526
2023-10-25 14:56:17,52,54,12278,32526
2023-10-25 14:56:18,52,55,12278,32526
2023-10-25 14:56:23,52,54,12278,32526
2023-10-25 14:56:24,52,55,12278,32526
2023-10-25 14:56:29,52,56,12278,32526
2023-10-25 14:56:30,52,55,12278,32526
2023-10-25 14:56:49,52,54,12278,32526
2023-10-25 14:56:52,52,55,12278,32526
2023-10-25 14:57:03,52,54,12278,32526
2023-10-25 14:57:06,51,54,12278,32526
2023-10-25 14:57:12,51,53,12278,32526
2023-10-25 14:57:17,51,54,12278,32526
2023-10-25 14:57:21,52,55,12278,32526
2023-10-25 14:57:25,52,56,12278,32526
2023-10-25 14:57:25,53,56,12278,32526
2023-10-25 14:57:28,52,56,12278,32526
2023-10-25 14:57:30,51,56,12278,32526
2023-10-25 14:57:30,51,54,12278,32526
2023-10-25 14:57:31,51,53,12278,32526
2023-10-25 14:57:36,51,54,12278,32526
2023-10-25 14:57:38,52,54,12278,32526
2023-10-25 14:57:41,52,56,12278,32526
2023-10-25 14:57:53,53,56,12278,32526
2023-10-25 14:58:00,52,56,12278,32526
2023-10-25 14:58:09,52,55,12278,32526
2023-10-25 14:58:13,52,56,12278,32526
2023-10-25 14:58:18,53,57,12278,32526
2023-10-25 14:58:18,54,57,12278,32526
2023-10-25 14:58:23,55,57,12278,32526
2023-10-25 14:58:24,55,58,12278,32526
2023-10-25 14:58:33,54,58,12278,32526
2023-10-25 14:58:34,55,58,12278,32526
2023-10-25 14:58:41,55,59,12278,32526
2023-10-25 14:58:42,56,59,12278,32526
2023-10-25 14:58:42,57,59,12278,32526
2023-10-25 14:58:43,57,60,12278,32526
2023-10-25 14:58:48,58,60,12278,32526
2023-10-25 14:58:49,58,61,12278,32526
2023-10-25 14:59:00,57,61,12278,32526
2023-10-25 14:59:02,58,61,12278,32526
2023-10-25 14:59:05,59,61,12278,32526
2023-10-25 14:59:18,59,61,12278,32526
2023-10-25 14:59:20,58,61,12278,32526
2023-10-25 14:59:27,58,62,12278,32526
2023-10-25 14:59:31,58,61,12278,32526
2023-10-25 14:59:34,58,62,12278,32526
2023-10-25 14:59:35,59,62,12278,32526
2023-10-25 14:59:43,60,62,12278,32526
2023-10-25 14:59:51,59,62,12278,32526
2023-10-25 14:59:58,58,62,12278,32526
2023-10-25 14:59:59,58,61,12278,32526
2023-10-25 15:00:09,57,61,12278,32526
2023-10-25 15:00:11,57,60,12278,32526
2023-10-25 15:00:11,57,59,12278,32526
2023-10-25 15:00:12,56,59,12278,32526
2023-10-25 15:00:19,55,59,12278,32526
2023-10-25 15:00:20,55,58,12278,32526
2023-10-25 15:00:26,55,57,12278,32526
2023-10-25 15:00:31,55,58,12278,32526
2023-10-25 15:00:35,55,57,12278,32526
2023-10-25 15:00:36,55,58,12278,32526
2023-10-25 15:00:47,56,58,12278,32526
2023-10-25 15:00:48,56,59,12278,32526
2023-10-25 15:00:52,56,60,12278,32526
2023-10-25 15:00:52,57,60,12278,32526
2023-10-25 15:00:52,57,60,12458,32706
2023-10-25 15:00:54,57,61,12458,32706
2023-10-25 15:00:54,58,61,12458,32706
2023-10-25 15:00:54,58,62,12458,32706
2023-10-25 15:00:55,59,62,12458,32706
2023-10-25 15:01:02,60,62,12458,32706
2023-10-25 15:01:05,59,62,12458,32706
2023-10-25 15:01:20,60,62,12458,32706
2023-10-25 15:01:22,60,63,12458,32706
2023-10-25 15:01:23,61,63,12458,32706
2023-10-25 15:01:26,61,63,12458,32706
2023-10-25 15:01:32,60,63,12458,32706
2023-10-25 15:01:43,61,63,12458,32706
2023-10-25 15:01:48,61,64,12458,32706
2023-10-25 15:02:14,60,64,12458,32706
2023-10-25 15:02:15,60,63,12458,32706
2023-10-25 15:02:21,59,63,12458,32706
2023-10-25 15:02:31,60,63,12458,32706
2023-10-25 15:02:43,60,64,12458,32706
2023-10-25 15:02:43,61,64,12458,32706
2023-10-25 15:03:02,62,64,12458,32706
2023-10-25 15:03:47,62,65,12458,32706
2023-10-25 15:03:55,63,65,12458,32706
2023-10-25 15:03:58,63,66,12458,32706
2023-10-25 15:03:58,64,66,12458,32706
2023-10-25 15:04:01,63,66,12458,32706
2023-10-25 15:04:03,63,65,12458,32706
2023-10-25 15:04:05,62,65,12458,32706
2023-10-25 15:04:07,62,64,12458,32706
2023-10-25 15:04:10,62,65,12458,32706
2023-10-25 15:04:21,62,66,12458,32706
2023-10-25 15:04:21,63,66,12458,32706
2023-10-25 15:04:27,64,66,12458,32706
2023-10-25 15:04:28,64,67,12458,32706
2023-10-25 15:04:30,66,67,12458,32706
2023-10-25 15:04:30,66,68,12458,32706
2023-10-25 15:05:05,66,69,12458,32706
2023-10-25 15:05:08,67,69,12458,32706
2023-10-25 15:05:11,68,69,12458,32706
2023-10-25 15:05:12,68,70,12458,32706
2023-10-25 15:05:19,67,70,12458,32706
2023-10-25 15:05:23,68,70,12458,32706
2023-10-25 15:05:28,67,70,12458,32706
2023-10-25 15:05:36,66,70,12458,32706
2023-10-25 15:05:36,67,70,12458,32706
2023-10-25 15:05:41,68,70,12458,32706
2023-10-25 15:05:43,69,70,12458,32706
2023-10-25 15:05:46,70,71,12458,32866
2023-10-25 15:05:49,69,71,12458,32866
2023-10-25 15:05:53,70,71,12458,32866
2023-10-25 15:06:00,69,71,12458,32866
2023-10-25 15:06:02,70,71,12458,32866
2023-10-25 15:06:03,70,72,12458,32866
2023-10-25 15:06:17,69,72,12458,32866
2023-10-25 15:06:17,69,71,12458,32866
2023-10-25 15:06:28,68,71,12458,32866
2023-10-25 15:06:30,68,71,12458,32891
2023-10-25 15:06:34,67,71,12458,32891
2023-10-25 15:06:34,67,70,12458,32891
2023-10-25 15:06:35,67,69,12458,32891
2023-10-25 15:06:39,66,69,12458,32891
2023-10-25 15:06:41,66,68,12458,32891
2023-10-25 15:06:47,66,69,12458,32891
2023-10-25 15:06:55,67,69,12458,32891
2023-10-25 15:06:56,67,70,12458,32891
2023-10-25 15:07:01,68,70,12458,32891
2023-10-25 15:07:01,68,71,12458,32891
2023-10-25 15:07:03,69,71,12458,32891
2023-10-25 15:07:16,69,72,12458,32891
2023-10-25 15:07:24,70,72,12458,32891
2023-10-25 15:08:33,70,73,12458,32891
2023-10-25 15:08:33,71,73,12458,32891
2023-10-25 15:08:55,72,73,12458,32891
2023-10-25 15:08:56,72,74,12458,32891
2023-10-25 15:09:00,73,74,12458,32891
2023-10-25 15:09:03,72,74,12458,32891
2023-10-25 15:09:19,71,74,12458,32891
2023-10-25 15:09:20,70,74,12458,32891
2023-10-25 15:09:26,70,72,12458,32891
2023-10-25 15:09:28,70,73,12458,32891
2023-10-25 15:09:30,70,72,12458,32891
2023-10-25 15:09:33,70,73,12458,32891
2023-10-25 15:09:39,70,72,12458,32891
2023-10-25 15:09:40,70,73,12458,32891
2023-10-25 15:09:47,70,72,12458,32891
2023-10-25 15:09:56,69,72,12458,32891
2023-10-25 15:09:58,69,71,12458,32891
2023-10-25 15:10:00,69,72,12458,32891
2023-10-25 15:10:04,69,71,12458,32891
2023-10-25 15:10:06,69,70,12458,32891
2023-10-25 15:10:07,68,70,12458,32891
2023-10-25 15:10:19,67,70,12458,32891
2023-10-25 15:10:19,67,68,12458,32891
2023-10-25 15:10:19,65,68,12458,32891
2023-10-25 15:10:20,66,68,12458,32891
2023-10-25 15:10:21,65,68,12458,32891
2023-10-25 15:10:32,66,68,12458,32891
2023-10-25 15:10:33,66,70,12458,32891
2023-10-25 15:10:34,66,69,12458,32891
2023-10-25 15:10:38,65,69,12458,32891
2023-10-25 15:10:38,65,68,12458,32891
2023-10-25 15:10:40,65,67,12458,32891
2023-10-25 15:11:07,65,68,12458,32891
2023-10-25 15:11:08,66,68,12458,32891
2023-10-25 15:11:08,66,69,12458,32891
2023-10-25 15:11:10,65,69,12458,32891
2023-10-25 15:11:10,65,68,12458,32891
2023-10-25 15:11:26,65,69,12458,32891
2023-10-25 15:11:26,66,69,12458,32891
2023-10-25 15:11:28,66,70,12458,32891
2023-10-25 15:11:29,67,70,12458,32891
2023-10-25 15:11:34,67,71,12458,32891
2023-10-25 15:11:34,68,71,12458,32891
2023-10-25 15:11:35,68,72,12458,32891
2023-10-25 15:11:36,68,71,12458,32891
2023-10-25 15:11:38,68,72,12458,32891
2023-10-25 15:11:39,67,72,12458,32891
2023-10-25 15:11:39,67,70,12458,32891
2023-10-25 15:11:42,66,70,12458,32891
2023-10-25 15:11:49,66,70,12458,32891
2023-10-25 15:11:49,67,70,12458,32891
2023-10-25 15:12:14,66,70,12458,32891
2023-10-25 15:12:16,67,70,12458,32891
2023-10-25 15:12:23,68,70,12458,32891
2023-10-25 15:12:23,68,71,12458,32891
2023-10-25 15:12:26,69,71,12458,32891
2023-10-25 15:12:26,69,72,12458,32891
2023-10-25 15:12:33,69,73,12458,32891
2023-10-25 15:12:33,70,73,12458,32891
2023-10-25 15:12:34,71,73,12458,32891
2023-10-25 15:12:35,71,74,12458,32891
2023-10-25 15:13:03,72,74,12458,32891
2023-10-25 15:13:16,73,74,12458,32891
2023-10-25 15:13:16,73,75,12458,32891
2023-10-25 15:13:21,74,75,12458,32891
2023-10-25 15:13:28,74,76,12458,32891
2023-10-25 15:13:44,73,76,12458,32891
2023-10-25 15:13:49,72,76,12458,32891
2023-10-25 15:13:49,73,76,12458,32891
2023-10-25 15:13:51,73,75,12458,32891
2023-10-25 15:13:53,73,74,12458,32891
2023-10-25 15:13:53,72,74,12458,32891
2023-10-25 15:13:56,71,74,12458,32891
2023-10-25 15:14:00,72,74,12458,32891
2023-10-25 15:14:02,71,74,12458,32891
2023-10-25 15:14:04,72,74,12458,32891
2023-10-25 15:14:12,71,74,12458,32891
2023-10-25 15:14:40,72,74,12458,32891
2023-10-25 15:14:42,72,76,12458,32891
2023-10-25 15:14:42,72,75,12458,32891
2023-10-25 15:14:45,73,75,12458,32891
2023-10-25 15:14:45,73,76,12458,32891
2023-10-25 15:14:45,73,75,12458,32891
2023-10-25 15:14:53,74,75,12458,32891
2023-10-25 15:14:55,75,76,12722,33155
2023-10-25 15:14:55,75,77,12722,33155
2023-10-25 15:14:56,76,77,12722,33155
2023-10-25 15:14:57,76,78,12722,33155
2023-10-25 15:15:09,75,78,12722,33155
2023-10-25 15:15:09,75,77,12722,33155
2023-10-25 15:15:09,75,76,12722,33155
2023-10-25 15:15:34,74,76,12722,33155
2023-10-25 15:15:35,74,75,12722,33155
2023-10-25 15:15:36,74,76,12722,33155
2023-10-25 15:15:56,74,75,12722,33155
2023-10-25 15:16:02,75,76,12822,33255
2023-10-25 15:16:03,75,77,12822,33255
2023-10-25 15:16:10,74,77,12822,33255
2023-10-25 15:16:14,75,77,12822,33255
2023-10-25 15:16:24,74,77,12822,33255
2023-10-25 15:16:26,74,76,12822,33255
2023-10-25 15:16:26,74,75,12822,33255
2023-10-25 15:16:26,74,76,12822,33255
2023-10-25 15:16:26,74,75,12822,33255
2023-10-25 15:16:28,73,75,12822,33255
2023-10-25 15:16:29,73,74,12822,33255
2023-10-25 15:16:29,72,74,12822,33255
2023-10-25 15:16:29,71,74,13022,33455
2023-10-25 15:16:33,71,73,13022,33455
2023-10-25 15:16:50,70,73,13022,33455
2023-10-25 15:16:50,69,72,13022,33455
2023-10-25 15:16:51,69,71,13022,33455
2023-10-25 15:16:53,68,71,13022,33455
2023-10-25 15:16:57,67,71,13022,33455
2023-10-25 15:17:00,67,68,13022,33455
2023-10-25 15:17:00,67,68,13036,33469
2023-10-25 15:17:01,67,71,13036,33669
2023-10-25 15:17:01,68,71,13036,33669
2023-10-25 15:17:04,68,70,13036,33669
2023-10-25 15:17:05,68,71,13036,33669
2023-10-25 15:17:16,68,70,13036,33669
2023-10-25 15:17:16,67,70,13036,33669
2023-10-25 15:17:18,67,69,13036,33669
2023-10-25 15:17:19,66,69,13036,33669
2023-10-25 15:17:20,66,68,13036,33669
2023-10-25 15:17:22,66,69,13036,33669
2023-10-25 15:17:23,67,69,13036,33669
2023-10-25 15:17:24,66,69,13036,33669
2023-10-25 15:17:28,66,70,13036,33669
2023-10-25 15:17:31,67,70,13036,33669
2023-10-25 15:17:41,67,71,13036,33669
2023-10-25 15:17:55,67,70,13036,33669
2023-10-25 15:17:57,67,71,13036,33669
2023-10-25 15:17:58,67,70,13036,33669
2023-10-25 15:18:00,67,71,13036,33669
2023-10-25 15:18:06,68,71,13036,33669
2023-10-25 15:18:14,67,71,13036,33669
2023-10-25 15:18:18,68,71,13036,33669
2023-10-25 15:18:24,68,72,13036,33669
2023-10-25 15:18:26,69,73,13036,33669
2023-10-25 15:18:26,70,73,13036,33669
2023-10-25 15:18:29,71,73,13036,33669
2023-10-25 15:18:29,71,74,13036,33669
2023-10-25 15:18:37,72,74,13036,33669
2023-10-25 15:18:42,71,74,13036,33669
2023-10-25 15:18:48,71,75,13036,33669
2023-10-25 15:18:52,72,75,13036,33669
2023-10-25 15:18:52,73,75,13036,33669
2023-10-25 15:18:59,73,76,13036,33669
2023-10-25 15:19:06,73,75,13036,33669
2023-10-25 15:19:07,73,76,13036,33669
2023-10-25 15:19:14,73,75,13036,33669
2023-10-25 15:19:27,73,76,13036,33669
2023-10-25 15:19:33,73,75,13036,33669
2023-10-25 15:19:35,72,75,13036,33669
2023-10-25 15:19:36,71,75,13036,33669
2023-10-25 15:19:36,71,74,13036,33669
2023-10-25 15:19:47,72,74,13036,33669
2023-10-25 15:19:50,72,74,13036,33769
2023-10-25 15:20:03,72,75,13036,33769
2023-10-25 15:20:04,72,76,13036,33769
2023-10-25 15:20:06,72,75,13036,33769
2023-10-25 15:20:10,71,75,13036,33769
2023-10-25 15:20:11,71,74,13036,33769
2023-10-25 15:20:21,71,73,13036,33769
2023-10-25 15:20:29,70,73,13036,33769
2023-10-25 15:20:31,70,71,13036,33769
2023-10-25 15:20:31,69,71,13036,33769
2023-10-25 15:20:31,68,71,13036,33769
2023-10-25 15:20:32,68,70,13036,33769
2023-10-25 15:20:35,67,70,13036,33769
2023-10-25 15:20:36,67,69,13036,33769
2023-10-25 15:20:37,66,69,13036,33769
2023-10-25 15:20:37,66,68,13036,33769
2023-10-25 15:20:37,65,68,13036,33769
2023-10-25 15:20:38,65,67,13036,33769
2023-10-25 15:20:38,64,67,13036,33769
2023-10-25 15:20:39,64,66,13036,33769
2023-10-25 15:20:45,64,67,13036,33769
2023-10-25 15:20:48,64,66,13036,33769
2023-10-25 15:20:52,64,67,13036,33769
2023-10-25 15:20:58,64,68,13036,33769
2023-10-25 15:21:02,65,68,13036,33769
2023-10-25 15:21:04,65,69,13036,33769
2023-10-25 15:21:07,66,69,13036,33769
2023-10-25 15:21:07,66,70,13036,33769
2023-10-25 15:21:13,68,70,13036,33769
2023-10-25 15:21:37,68,71,13036,33769
2023-10-25 15:21:39,69,71,13036,33769
2023-10-25 15:21:42,68,71,13036,33769
2023-10-25 15:21:45,69,71,13036,33769
2023-10-25 15:21:51,68,71,13036,33769
2023-10-25 15:22:12,68,70,13036,33769
2023-10-25 15:22:19,68,69,13036,33769
2023-10-25 15:22:24,68,69,13036,33969
2023-10-25 15:22:27,65,68,13036,34019
2023-10-25 15:22:33,66,68,13036,34019
2023-10-25 15:22:33,66,69,13036,34019
2023-10-25 15:22:39,65,69,13036,34019
2023-10-25 15:22:42,66,69,13036,34019
2023-10-25 15:22:50,65,69,13036,34019
2023-10-25 15:22:56,66,69,13036,34019
2023-10-25 15:23:14,67,69,13036,34019
2023-10-25 15:23:15,66,69,13036,34019
2023-10-25 15:23:19,66,68,13036,34019
2023-10-25 15:23:36,67,68,13036,34019
2023-10-25 15:23:44,66,68,13036,34019
2023-10-25 15:23:46,65,68,13036,34019
2023-10-25 15:24:02,64,68,13036,34019
2023-10-25 15:24:02,64,66,13036,34019
2023-10-25 15:24:03,63,66,13036,34019
2023-10-25 15:24:34,63,65,13036,34019
2023-10-25 15:24:36,62,65,13036,34019
2023-10-25 15:24:45,60,65,13036,34019
2023-10-25 15:24:45,60,64,13036,34019
2023-10-25 15:24:45,59,63,13036,34019
2023-10-25 15:24:47,59,62,13036,34019
2023-10-25 15:24:47,58,62,13036,34019
2023-10-25 15:24:48,58,61,13036,34019
2023-10-25 15:24:53,57,61,13036,34019
2023-10-25 15:24:54,57,60,13036,34019
2023-10-25 15:24:55,57,59,13036,34019
2023-10-25 15:24:55,56,59,13036,34019
2023-10-25 15:24:56,56,60,13036,34019
2023-10-25 15:24:57,57,60,13036,34019
2023-10-25 15:25:01,57,61,13036,34019
2023-10-25 15:25:08,57,60,13036,34019
