datetime,bid,ask,open_interest,volume
2023-08-10 09:30:36,15,32,5624,5639
2023-08-10 09:31:00,24,32,5624,5639
2023-08-10 09:31:00,24,26,5624,5639
2023-08-10 09:31:05,24,26,5624,5889
2023-08-10 09:31:07,24,26,5624,6139
2023-08-10 09:31:09,24,26,5624,6389
2023-08-10 09:31:09,24,27,5624,6439
2023-08-10 09:31:10,25,27,5624,6439
2023-08-10 09:31:12,25,27,5624,6689
2023-08-10 09:31:17,25,27,5624,6939
2023-08-10 09:31:20,25,27,5624,7189
2023-08-10 09:31:20,26,27,5624,7189
2023-08-10 09:31:21,26,27,5624,7439
2023-08-10 09:31:22,26,28,5624,7639
2023-08-10 09:31:27,26,32,5624,8039
2023-08-10 09:31:27,26,31,5624,8039
2023-08-10 09:31:38,26,32,5624,8039
2023-08-10 09:31:38,26,31,5624,8039
2023-08-10 09:31:43,26,32,5624,8039
2023-08-10 09:31:43,26,31,5624,8039
2023-08-10 09:31:56,26,32,5624,8039
2023-08-10 09:31:56,26,31,5624,8039
2023-08-10 09:31:56,26,32,5624,8039
2023-08-10 09:31:56,26,31,5624,8039
2023-08-10 09:31:59,26,32,5624,8039
2023-08-10 09:31:59,26,31,5624,8039
2023-08-10 09:32:01,27,31,5624,8039
2023-08-10 09:33:02,27,31,5774,8189
2023-08-10 09:33:03,27,32,5774,8189
2023-08-10 09:33:20,27,31,5774,8189
2023-08-10 09:33:53,27,32,5774,8189
2023-08-10 09:33:53,27,31,5774,8189
2023-08-10 09:33:58,27,32,5774,8189
2023-08-10 09:33:58,27,31,5774,8189
2023-08-10 09:34:03,27,30,5774,8189
2023-08-10 09:34:05,27,32,5774,8189
2023-08-10 09:34:05,27,31,5774,8189
2023-08-10 09:35:09,27,31,5784,8199
2023-08-10 09:35:09,29,31,5784,8199
2023-08-10 09:35:33,27,31,5784,8209
2023-08-10 09:36:19,27,30,5784,8209
2023-08-10 09:36:26,27,31,5784,8209
2023-08-10 09:36:26,27,30,5784,8209
2023-08-10 09:36:37,27,31,5784,8209
2023-08-10 09:36:37,27,30,5784,8209
2023-08-10 09:36:38,27,31,5784,8209
2023-08-10 09:36:38,27,30,5784,8209
2023-08-10 09:36:39,27,31,5784,8209
2023-08-10 09:36:40,27,30,5784,8209
2023-08-10 09:36:43,27,31,5784,8209
2023-08-10 09:36:50,27,30,5784,8209
2023-08-10 09:36:55,27,31,5784,8209
2023-08-10 09:36:55,27,30,5784,8209
2023-08-10 09:37:26,27,30,5784,8399
2023-08-10 09:38:45,27,29,5784,8399
2023-08-10 09:39:14,27,30,5784,8399
2023-08-10 09:39:14,27,29,5784,8399
2023-08-10 09:39:27,27,30,5784,8399
2023-08-10 09:39:27,27,30,5784,8409
2023-08-10 09:39:28,28,30,5784,8409
2023-08-10 09:39:28,28,29,5784,8409
2023-08-10 09:39:28,27,29,5964,8599
2023-08-10 09:39:43,27,30,5784,8779
2023-08-10 09:39:52,27,29,5784,8779
2023-08-10 09:39:52,27,30,5784,8779
2023-08-10 09:39:57,27,29,5784,8779
2023-08-10 09:39:57,27,30,5784,8779
2023-08-10 09:40:03,27,29,5784,8779
2023-08-10 09:40:03,27,30,5784,8779
2023-08-10 09:40:09,27,29,5784,8779
2023-08-10 09:40:09,27,30,5784,8779
2023-08-10 09:40:09,27,30,5784,8787
2023-08-10 09:40:09,27,29,5784,8787
2023-08-10 09:40:18,27,30,5784,8787
2023-08-10 09:40:18,27,28,5784,8787
2023-08-10 09:41:04,27,30,5784,8795
2023-08-10 09:41:05,27,29,5784,8795
2023-08-10 09:41:28,27,30,5784,8795
2023-08-10 09:41:28,27,29,5784,8795
2023-08-10 09:41:31,27,30,5784,8795
2023-08-10 09:41:37,27,30,5784,8795
2023-08-10 09:41:43,27,30,5784,8795
2023-08-10 09:41:48,28,29,5784,8795
2023-08-10 09:41:51,28,30,5784,8795
2023-08-10 09:41:54,28,29,5784,8795
2023-08-10 09:41:54,28,30,5784,8795
2023-08-10 09:42:47,28,29,5784,8795
2023-08-10 09:42:47,28,30,5784,8795
2023-08-10 09:42:52,28,29,5784,8795
2023-08-10 09:42:52,28,30,5784,8795
2023-08-10 09:42:59,28,29,5784,8795
2023-08-10 09:42:59,28,30,5784,8795
2023-08-10 09:43:04,28,29,5784,8795
2023-08-10 09:43:04,28,30,5784,8795
2023-08-10 09:43:10,28,29,5784,8795
2023-08-10 09:43:10,28,30,5784,8795
2023-08-10 09:43:15,29,30,5784,8795
2023-08-10 09:43:15,28,30,5784,8995
2023-08-10 09:43:31,28,31,5975,9195
2023-08-10 09:43:31,28,30,5975,9195
2023-08-10 09:43:32,28,31,5975,9195
2023-08-10 09:43:32,29,31,5975,9195
2023-08-10 09:46:11,29,30,5975,9195
2023-08-10 09:46:14,29,31,5975,9195
2023-08-10 09:46:14,29,30,5975,9195
2023-08-10 09:46:17,29,30,5975,9205
2023-08-10 09:46:18,29,30,5975,9225
2023-08-10 09:46:18,29,30,5975,9245
2023-08-10 09:46:18,29,30,5975,9265
2023-08-10 09:46:19,29,31,5975,9265
2023-08-10 09:46:19,29,30,5975,9265
2023-08-10 09:46:24,29,30,5975,9405
2023-08-10 09:46:24,29,31,5975,9405
2023-08-10 09:46:24,29,30,5975,9405
2023-08-10 09:46:31,28,30,5975,9405
2023-08-10 09:47:02,28,29,5975,9405
2023-08-10 09:47:02,28,30,5975,9405
2023-08-10 09:47:08,28,29,5975,9405
2023-08-10 09:47:08,28,30,5975,9405
2023-08-10 09:47:17,28,29,5975,9405
2023-08-10 09:47:17,28,30,5975,9405
2023-08-10 09:47:22,29,30,5975,9405
2023-08-10 09:47:30,29,30,5975,9595
2023-08-10 09:47:31,28,30,5975,9595
2023-08-10 09:47:41,28,30,5975,9615
2023-08-10 09:48:00,28,29,5975,9615
2023-08-10 09:48:00,28,30,5975,9615
2023-08-10 09:48:06,28,29,5975,9615
2023-08-10 09:48:06,28,30,5975,9615
2023-08-10 09:48:20,28,29,5975,9615
2023-08-10 09:48:20,28,30,5975,9615
2023-08-10 09:48:25,28,29,5975,9615
2023-08-10 09:48:25,28,30,5975,9615
2023-08-10 09:48:30,28,29,5975,9615
2023-08-10 09:48:30,28,30,5975,9615
2023-08-10 09:48:39,28,29,5975,9615
2023-08-10 09:48:39,28,30,5975,9615
2023-08-10 09:48:45,28,29,5975,9615
2023-08-10 09:48:45,28,30,5975,9615
2023-08-10 09:48:51,28,29,5975,9615
2023-08-10 09:48:51,28,30,5975,9615
2023-08-10 09:48:52,28,30,5975,9628
2023-08-10 09:48:57,28,29,5975,9628
2023-08-10 09:48:57,28,30,5975,9628
2023-08-10 09:49:04,28,29,5975,9628
2023-08-10 09:49:04,28,30,5975,9628
2023-08-10 09:49:09,28,29,5975,9628
2023-08-10 09:49:09,28,30,5975,9628
2023-08-10 09:49:15,28,29,5975,9628
2023-08-10 09:49:15,28,30,5975,9628
2023-08-10 09:49:21,28,29,5975,9628
2023-08-10 09:49:21,28,30,5975,9628
2023-08-10 09:49:26,28,29,5975,9628
2023-08-10 09:49:26,28,30,5975,9628
2023-08-10 09:49:32,28,29,5975,9628
2023-08-10 09:49:32,28,30,5975,9628
2023-08-10 09:49:39,28,29,5975,9628
2023-08-10 09:49:39,28,30,5975,9628
2023-08-10 09:49:46,28,29,5975,9628
2023-08-10 09:49:46,28,30,5975,9628
2023-08-10 09:49:51,28,29,5975,9628
2023-08-10 09:49:51,28,30,5975,9628
2023-08-10 09:49:57,28,29,5975,9628
2023-08-10 09:49:57,28,30,5975,9628
2023-08-10 09:50:02,28,29,5975,9628
2023-08-10 09:50:02,28,30,5975,9628
2023-08-10 09:50:07,28,29,5975,9628
2023-08-10 09:50:07,28,30,5975,9628
2023-08-10 09:50:12,28,29,5975,9628
2023-08-10 09:50:12,28,30,5975,9628
2023-08-10 09:50:18,28,29,5975,9628
2023-08-10 09:50:18,28,30,5975,9628
2023-08-10 09:50:23,28,29,5975,9628
2023-08-10 09:50:23,28,30,5975,9628
2023-08-10 09:50:28,28,29,5975,9628
2023-08-10 09:50:28,28,30,5975,9628
2023-08-10 09:50:34,28,29,5975,9628
2023-08-10 09:50:34,28,30,5975,9628
2023-08-10 09:50:39,28,29,5975,9628
2023-08-10 09:50:39,28,30,5975,9628
2023-08-10 09:50:44,28,29,5975,9628
2023-08-10 09:50:44,28,30,5975,9628
2023-08-10 09:50:51,28,29,5975,9628
2023-08-10 09:50:51,28,30,5975,9628
2023-08-10 09:50:59,28,29,5975,9628
2023-08-10 09:50:59,28,30,5975,9628
2023-08-10 09:51:04,28,29,5975,9628
2023-08-10 09:51:04,28,30,5975,9628
2023-08-10 09:51:09,28,29,5975,9628
2023-08-10 09:51:09,28,30,5975,9628
2023-08-10 09:51:15,28,29,5975,9628
2023-08-10 09:51:15,28,30,5975,9628
2023-08-10 09:51:17,27,30,5975,9628
2023-08-10 09:51:17,27,29,5975,9628
2023-08-10 09:51:18,27,30,5975,9628
2023-08-10 09:51:20,28,30,5975,9628
2023-08-10 09:51:21,27,30,5975,9628
2023-08-10 09:51:22,28,30,5975,9628
2023-08-10 09:51:22,28,29,5975,9628
2023-08-10 09:51:22,28,30,5975,9628
2023-08-10 09:51:23,27,30,5975,9628
2023-08-10 09:51:25,28,30,5975,9628
2023-08-10 09:51:27,28,29,5975,9628
2023-08-10 09:51:27,28,30,5975,9628
2023-08-10 09:51:36,28,29,5975,9628
2023-08-10 09:51:36,28,30,5975,9628
2023-08-10 09:51:41,28,29,5975,9628
2023-08-10 09:51:41,28,30,5975,9628
2023-08-10 09:51:47,28,29,5975,9628
2023-08-10 09:51:47,28,30,5975,9628
2023-08-10 09:51:54,28,29,5975,9628
2023-08-10 09:51:54,28,30,5975,9628
2023-08-10 09:52:00,28,29,5975,9628
2023-08-10 09:52:00,28,30,5975,9628
2023-08-10 09:52:06,28,29,5975,9628
2023-08-10 09:52:06,28,30,5975,9628
2023-08-10 09:52:12,28,29,5975,9628
2023-08-10 09:52:12,28,30,5975,9628
2023-08-10 09:52:17,28,29,5975,9628
2023-08-10 09:52:17,28,30,5975,9628
2023-08-10 09:52:24,28,29,5975,9628
2023-08-10 09:52:24,28,30,5975,9628
2023-08-10 09:52:31,28,29,5975,9628
2023-08-10 09:52:31,28,30,5975,9628
2023-08-10 09:52:39,28,29,5975,9628
2023-08-10 09:52:39,28,30,5975,9628
2023-08-10 09:53:07,28,29,5975,9628
2023-08-10 09:53:07,28,30,5975,9628
2023-08-10 09:53:09,29,30,5975,9628
2023-08-10 09:54:21,28,30,5975,9628
2023-08-10 09:54:21,28,29,5975,9628
2023-08-10 09:54:21,28,30,5975,9628
2023-08-10 09:54:26,28,29,5975,9628
2023-08-10 09:54:26,28,30,5975,9628
2023-08-10 09:54:31,28,29,5975,9628
2023-08-10 09:54:31,28,30,5975,9628
2023-08-10 09:54:35,28,29,5975,9628
2023-08-10 09:54:36,28,30,5975,9628
2023-08-10 09:54:38,28,29,5975,9628
2023-08-10 09:54:43,27,29,5975,9628
2023-08-10 09:54:44,28,29,5975,9628
2023-08-10 09:54:48,27,29,5975,9628
2023-08-10 09:54:49,27,29,5975,9827
2023-08-10 09:54:49,27,29,5975,9828
2023-08-10 09:54:49,27,30,5975,9828
2023-08-10 09:54:55,27,29,5975,9828
2023-08-10 09:54:55,27,30,5975,9828
2023-08-10 09:55:00,27,29,5975,9828
2023-08-10 09:55:00,27,30,5975,9828
2023-08-10 09:55:04,26,30,5975,9828
2023-08-10 09:55:04,27,30,5975,9828
2023-08-10 09:55:05,27,30,5975,9878
2023-08-10 09:55:05,27,29,5975,9878
2023-08-10 09:55:06,26,29,5975,9878
2023-08-10 09:55:10,27,29,5975,9878
2023-08-10 09:55:10,27,28,5975,9878
2023-08-10 09:55:10,27,29,5975,9878
2023-08-10 09:55:15,27,28,5975,9878
2023-08-10 09:55:15,27,29,5975,9878
2023-08-10 09:55:16,27,30,5975,9878
2023-08-10 09:55:16,28,30,5975,9878
2023-08-10 09:55:21,28,30,5975,9961
2023-08-10 09:55:41,27,30,5975,9961
2023-08-10 09:55:56,28,30,5975,9961
2023-08-10 09:56:08,27,30,5975,9961
2023-08-10 09:56:10,28,30,5975,9961
2023-08-10 09:56:26,27,30,5975,9961
2023-08-10 09:56:31,27,29,5975,9961
2023-08-10 09:56:31,27,30,5975,9961
2023-08-10 09:56:31,27,29,5975,9961
2023-08-10 09:56:51,28,29,5975,9961
2023-08-10 09:56:52,27,29,5975,9961
2023-08-10 09:57:04,27,28,5975,9961
2023-08-10 09:57:04,27,29,5975,9961
2023-08-10 09:57:09,27,28,5975,9961
2023-08-10 09:57:09,27,29,5975,9961
2023-08-10 09:57:16,27,28,5975,9961
2023-08-10 09:57:16,27,29,5975,9961
2023-08-10 09:57:22,27,28,5975,9961
2023-08-10 09:57:22,27,29,5975,9961
2023-08-10 09:58:01,26,29,5975,9961
2023-08-10 09:58:03,26,28,5975,9961
2023-08-10 09:58:03,26,29,5975,9961
2023-08-10 09:58:04,27,29,5975,9961
2023-08-10 09:58:08,26,29,5975,9961
2023-08-10 09:58:08,26,28,5975,9961
2023-08-10 09:58:08,26,29,5975,9961
2023-08-10 09:58:15,26,28,5975,9961
2023-08-10 09:58:15,26,29,5975,9961
2023-08-10 09:58:19,26,28,5975,9961
2023-08-10 09:58:21,26,27,5975,9961
2023-08-10 09:58:21,26,28,5975,9961
2023-08-10 09:58:26,26,27,5975,9961
2023-08-10 09:58:26,26,28,5975,9961
2023-08-10 09:58:32,26,27,5975,9961
2023-08-10 09:58:32,26,28,5975,9961
2023-08-10 09:58:37,26,27,5975,9961
2023-08-10 09:58:37,26,28,5975,9961
2023-08-10 09:58:42,26,27,5975,9961
2023-08-10 09:58:42,26,28,5975,9961
2023-08-10 09:58:47,26,27,5975,9961
2023-08-10 09:58:48,26,28,5975,9961
2023-08-10 09:58:50,25,28,5975,9961
2023-08-10 09:58:54,25,27,5975,9961
2023-08-10 09:58:54,25,28,5975,9961
2023-08-10 09:58:56,26,28,5975,9961
2023-08-10 09:58:58,25,28,5975,9961
2023-08-10 09:58:59,26,28,5975,9961
2023-08-10 09:59:01,26,27,5975,9961
2023-08-10 09:59:01,26,28,5975,9961
2023-08-10 09:59:10,26,27,5975,9961
2023-08-10 09:59:10,26,28,5975,9961
2023-08-10 09:59:14,25,28,5975,9961
2023-08-10 09:59:15,25,27,5975,9961
2023-08-10 09:59:15,25,28,5975,9961
2023-08-10 09:59:15,25,27,5975,9961
2023-08-10 09:59:20,25,26,5975,9961
2023-08-10 09:59:20,25,27,5975,9961
2023-08-10 09:59:21,25,27,5975,10018
2023-08-10 09:59:22,25,26,5975,10018
2023-08-10 10:00:01,24,26,5975,10018
2023-08-10 10:00:01,24,25,5975,10018
2023-08-10 10:00:14,24,25,5975,10075
2023-08-10 10:00:16,23,25,5975,10075
2023-08-10 10:00:19,23,25,5965,10085
2023-08-10 10:00:19,23,24,5965,10085
2023-08-10 10:00:20,23,25,5965,10085
2023-08-10 10:00:21,23,24,5965,10085
2023-08-10 10:00:45,23,25,5965,10085
2023-08-10 10:00:45,23,24,5965,10085
2023-08-10 10:00:49,23,25,5965,10085
2023-08-10 10:01:46,23,24,5965,10085
2023-08-10 10:02:14,23,25,5965,10085
2023-08-10 10:02:55,23,24,5965,10085
2023-08-10 10:02:55,23,25,5965,10085
2023-08-10 10:02:55,23,24,5965,10085
2023-08-10 10:02:55,23,25,5965,10085
2023-08-10 10:02:55,23,24,5965,10085
2023-08-10 10:02:55,23,25,5965,10085
2023-08-10 10:02:55,23,24,5965,10085
2023-08-10 10:02:56,22,24,5965,10085
2023-08-10 10:03:05,23,24,5965,10085
2023-08-10 10:03:18,23,25,5965,10085
2023-08-10 10:03:21,23,24,5965,10085
2023-08-10 10:03:25,23,25,5965,10085
2023-08-10 10:03:50,23,24,5965,10085
2023-08-10 10:03:50,23,25,5965,10085
2023-08-10 10:03:55,23,24,5965,10085
2023-08-10 10:03:55,23,25,5965,10085
2023-08-10 10:04:01,23,24,5965,10085
2023-08-10 10:04:01,23,25,5965,10085
2023-08-10 10:04:07,23,24,5965,10085
2023-08-10 10:04:07,23,25,5965,10085
2023-08-10 10:04:12,23,24,5965,10085
2023-08-10 10:04:12,23,25,5965,10085
2023-08-10 10:04:19,23,24,5965,10085
2023-08-10 10:04:19,23,25,5965,10085
2023-08-10 10:04:25,23,24,5965,10085
2023-08-10 10:04:25,23,25,5965,10085
2023-08-10 10:04:31,23,24,5965,10085
2023-08-10 10:04:31,23,25,5965,10085
2023-08-10 10:04:43,23,24,5965,10085
2023-08-10 10:04:43,23,25,5965,10085
2023-08-10 10:04:49,23,24,5965,10085
2023-08-10 10:04:49,23,25,5965,10085
2023-08-10 10:04:57,23,24,5965,10085
2023-08-10 10:04:57,23,25,5965,10085
2023-08-10 10:05:03,23,24,5965,10085
2023-08-10 10:05:03,23,25,5965,10085
2023-08-10 10:05:12,23,24,5965,10085
2023-08-10 10:05:12,23,25,5965,10085
2023-08-10 10:05:12,24,25,5965,10085
2023-08-10 10:05:26,24,25,5965,10285
2023-08-10 10:05:47,24,25,5774,10535
2023-08-10 10:05:58,23,25,5774,10585
2023-08-10 10:06:07,23,24,5774,10585
2023-08-10 10:06:12,23,25,5774,10585
2023-08-10 10:06:15,23,24,5774,10585
2023-08-10 10:06:15,23,25,5774,10585
2023-08-10 10:06:26,23,24,5774,10585
2023-08-10 10:06:26,23,25,5774,10585
2023-08-10 10:06:32,23,24,5774,10585
2023-08-10 10:06:32,23,25,5774,10585
2023-08-10 10:06:38,23,24,5774,10585
2023-08-10 10:06:38,23,25,5774,10585
2023-08-10 10:06:44,23,24,5774,10585
2023-08-10 10:06:44,23,25,5774,10585
2023-08-10 10:06:51,23,24,5774,10585
2023-08-10 10:06:51,23,25,5774,10585
2023-08-10 10:06:58,23,24,5774,10585
2023-08-10 10:06:58,23,25,5774,10585
2023-08-10 10:07:09,24,25,5774,10585
2023-08-10 10:07:25,25,26,5774,10642
2023-08-10 10:07:25,25,26,5774,10699
2023-08-10 10:07:26,24,26,5774,10699
2023-08-10 10:08:18,25,26,5774,10699
2023-08-10 10:08:24,24,26,5774,10699
2023-08-10 10:08:38,25,26,5774,10699
2023-08-10 10:09:10,25,26,5774,10949
2023-08-10 10:09:12,25,26,5774,11149
2023-08-10 10:09:15,23,26,5774,11199
2023-08-10 10:09:16,23,25,5774,11199
2023-08-10 10:09:18,23,26,5774,11199
2023-08-10 10:09:22,24,26,5774,11199
2023-08-10 10:09:26,23,26,5774,11199
2023-08-10 10:09:27,23,25,5774,11199
2023-08-10 10:09:27,23,26,5774,11199
2023-08-10 10:09:32,23,25,5774,11199
2023-08-10 10:09:32,23,26,5774,11199
2023-08-10 10:09:40,23,25,5774,11199
2023-08-10 10:09:40,23,26,5774,11199
2023-08-10 10:09:40,24,26,5774,11199
2023-08-10 10:09:50,24,25,5774,11199
2023-08-10 10:09:50,24,26,5774,11199
2023-08-10 10:09:55,24,25,5774,11199
2023-08-10 10:09:55,24,26,5774,11199
2023-08-10 10:10:07,25,26,5774,11199
2023-08-10 10:10:12,24,26,5774,11199
2023-08-10 10:10:13,25,26,5774,11199
2023-08-10 10:10:15,25,27,5774,11199
2023-08-10 10:10:22,25,26,5774,11199
2023-08-10 10:10:22,25,27,5774,11199
2023-08-10 10:10:23,24,27,5774,11199
2023-08-10 10:10:23,24,26,5774,11199
2023-08-10 10:10:23,24,27,5774,11199
2023-08-10 10:10:23,24,26,5774,11199
2023-08-10 10:10:30,24,27,5774,11199
2023-08-10 10:10:30,24,26,5774,11199
2023-08-10 10:10:31,25,26,5774,11199
2023-08-10 10:10:38,25,27,5774,11199
2023-08-10 10:10:38,25,26,5774,11199
2023-08-10 10:10:38,25,27,5774,11199
2023-08-10 10:10:44,25,26,5774,11199
2023-08-10 10:10:44,25,27,5774,11199
2023-08-10 10:10:50,25,26,5774,11199
2023-08-10 10:10:50,25,27,5774,11199
2023-08-10 10:11:09,26,27,5774,11199
2023-08-10 10:11:46,26,28,5774,11199
2023-08-10 10:11:52,27,28,5774,11199
2023-08-10 10:11:59,26,28,5774,11199
2023-08-10 10:12:03,27,28,5774,11199
2023-08-10 10:12:08,26,28,5774,11199
2023-08-10 10:12:09,27,28,5774,11199
2023-08-10 10:12:19,27,29,5774,11199
2023-08-10 10:12:19,27,28,5774,11199
2023-08-10 10:12:19,27,29,5774,11199
2023-08-10 10:12:24,27,28,5774,11199
2023-08-10 10:12:24,27,29,5774,11199
2023-08-10 10:12:44,26,29,5774,11199
2023-08-10 10:12:48,26,28,5774,11199
2023-08-10 10:13:01,26,27,5774,11199
2023-08-10 10:13:01,26,28,5774,11199
2023-08-10 10:13:01,26,27,5774,11199
2023-08-10 10:13:08,26,28,5774,11199
2023-08-10 10:13:16,26,27,5774,11199
2023-08-10 10:13:16,26,28,5774,11199
2023-08-10 10:13:31,26,29,5774,11199
2023-08-10 10:13:34,26,28,5774,11199
2023-08-10 10:13:52,26,27,5774,11199
2023-08-10 10:13:52,26,28,5774,11199
2023-08-10 10:13:59,26,27,5774,11199
2023-08-10 10:13:59,26,28,5774,11199
2023-08-10 10:14:04,26,27,5774,11199
2023-08-10 10:14:04,26,28,5774,11199
2023-08-10 10:14:07,26,29,5774,11199
2023-08-10 10:14:11,26,28,5774,11199
2023-08-10 10:14:11,26,29,5774,11199
2023-08-10 10:14:16,26,28,5774,11199
2023-08-10 10:14:16,26,29,5774,11199
2023-08-10 10:14:18,27,29,5774,11199
2023-08-10 10:14:35,26,29,5774,11199
2023-08-10 10:14:38,26,28,5774,11199
2023-08-10 10:14:38,26,29,5774,11199
2023-08-10 10:14:43,26,28,5774,11199
2023-08-10 10:14:43,26,29,5774,11199
2023-08-10 10:14:49,26,28,5774,11199
2023-08-10 10:14:49,26,29,5774,11199
2023-08-10 10:14:54,26,28,5774,11199
2023-08-10 10:14:54,26,29,5774,11199
2023-08-10 10:14:59,26,28,5774,11199
2023-08-10 10:14:59,26,29,5774,11199
2023-08-10 10:15:05,26,28,5774,11199
2023-08-10 10:15:05,26,29,5774,11199
2023-08-10 10:15:11,26,28,5774,11199
2023-08-10 10:15:11,26,29,5774,11199
2023-08-10 10:15:16,26,28,5774,11199
2023-08-10 10:15:24,26,27,5774,11199
2023-08-10 10:15:24,26,28,5774,11199
2023-08-10 10:15:31,26,27,5774,11199
2023-08-10 10:15:31,26,28,5774,11199
2023-08-10 10:15:36,26,27,5774,11199
2023-08-10 10:15:36,26,28,5774,11199
2023-08-10 10:15:41,26,27,5774,11199
2023-08-10 10:15:42,26,28,5774,11199
2023-08-10 10:15:49,26,27,5774,11199
2023-08-10 10:15:49,26,28,5774,11199
2023-08-10 10:15:55,26,27,5774,11199
2023-08-10 10:15:55,26,28,5774,11199
2023-08-10 10:16:03,26,27,5774,11199
2023-08-10 10:16:03,26,28,5774,11199
2023-08-10 10:16:08,26,29,5774,11199
2023-08-10 10:16:08,26,28,5774,11199
2023-08-10 10:16:09,26,29,5774,11199
2023-08-10 10:16:09,26,28,5774,11199
2023-08-10 10:16:19,27,28,5774,11199
2023-08-10 10:16:27,26,28,5774,11199
2023-08-10 10:17:01,26,27,5774,11199
2023-08-10 10:17:01,26,28,5774,11199
2023-08-10 10:17:09,26,27,5774,11199
2023-08-10 10:17:09,26,28,5774,11199
2023-08-10 10:17:11,26,28,5774,11399
2023-08-10 10:17:11,26,27,5774,11399
2023-08-10 10:17:25,26,27,5774,11599
2023-08-10 10:17:29,24,27,5774,11699
2023-08-10 10:17:30,24,26,5774,11699
2023-08-10 10:17:30,24,25,5774,11699
2023-08-10 10:17:30,24,26,5774,11699
2023-08-10 10:17:36,24,25,5774,11699
2023-08-10 10:17:36,24,26,5774,11699
2023-08-10 10:17:42,24,25,5774,11699
2023-08-10 10:17:42,24,26,5774,11699
2023-08-10 10:17:49,24,25,5774,11699
2023-08-10 10:17:49,24,26,5774,11699
2023-08-10 10:17:54,24,25,5774,11699
2023-08-10 10:17:54,24,26,5774,11699
2023-08-10 10:17:54,24,26,5774,11718
2023-08-10 10:18:00,24,25,5774,11718
2023-08-10 10:18:00,24,26,5774,11718
2023-08-10 10:18:23,24,27,5774,11718
2023-08-10 10:18:25,25,27,5774,11718
2023-08-10 10:18:27,25,28,5774,11718
2023-08-10 10:18:30,26,28,5774,11718
2023-08-10 10:18:36,27,28,5774,11718
2023-08-10 10:18:38,26,28,5774,11718
2023-08-10 10:18:42,27,28,5774,11718
2023-08-10 10:18:46,26,28,5774,11718
2023-08-10 10:18:48,27,28,5774,11718
2023-08-10 10:18:49,26,28,5774,11718
2023-08-10 10:18:53,27,28,5774,11718
2023-08-10 10:18:58,26,28,5774,11718
2023-08-10 10:19:06,27,28,5774,11718
2023-08-10 10:19:08,26,28,5774,11718
2023-08-10 10:19:13,27,28,5774,11718
2023-08-10 10:19:20,27,29,5774,11718
2023-08-10 10:20:11,28,29,5774,11718
2023-08-10 10:20:12,28,30,5774,11718
2023-08-10 10:20:15,28,29,5774,11718
2023-08-10 10:20:15,28,30,5774,11718
2023-08-10 10:20:22,28,29,5774,11718
2023-08-10 10:20:22,28,30,5774,11718
2023-08-10 10:20:31,28,29,5774,11718
2023-08-10 10:20:31,28,30,5774,11718
2023-08-10 10:20:37,28,29,5774,11718
2023-08-10 10:20:37,28,30,5774,11718
2023-08-10 10:20:38,29,30,5774,11718
2023-08-10 10:20:47,28,30,5774,11718
2023-08-10 10:20:51,28,29,5774,11718
2023-08-10 10:20:52,28,30,5774,11718
2023-08-10 10:21:03,28,29,5774,11718
2023-08-10 10:21:03,28,30,5774,11718
2023-08-10 10:21:05,29,30,5774,11718
2023-08-10 10:21:09,29,31,5774,11718
2023-08-10 10:21:09,29,31,5774,11918
2023-08-10 10:21:31,28,31,5774,11918
2023-08-10 10:21:50,28,30,5774,11918
2023-08-10 10:22:02,28,31,5774,11918
2023-08-10 10:22:14,28,30,5774,11918
2023-08-10 10:22:14,28,31,5774,11918
2023-08-10 10:22:21,29,31,5774,11918
2023-08-10 10:24:13,28,31,5774,11918
2023-08-10 10:24:38,28,30,5774,11918
2023-08-10 10:24:57,28,29,5774,11918
2023-08-10 10:25:11,27,29,5774,11918
2023-08-10 10:25:13,27,30,5774,11918
2023-08-10 10:25:15,28,30,5774,11918
2023-08-10 10:25:19,28,31,5774,11918
2023-08-10 10:26:12,28,30,5774,11918
2023-08-10 10:26:44,28,30,5834,11978
2023-08-10 10:26:49,28,31,5834,11978
2023-08-10 10:26:49,29,31,5834,11978
2023-08-10 10:26:53,30,31,5834,11978
2023-08-10 10:27:47,30,32,5834,11978
2023-08-10 10:27:47,30,31,5834,11978
2023-08-10 10:27:47,30,32,5834,11978
2023-08-10 10:27:47,30,31,5834,11978
2023-08-10 10:27:47,30,31,5834,12038
2023-08-10 10:27:55,30,32,5834,12038
2023-08-10 10:27:58,30,31,5834,12038
2023-08-10 10:27:58,30,32,5834,12038
2023-08-10 10:28:04,30,31,5834,12038
2023-08-10 10:28:04,30,32,5834,12038
2023-08-10 10:28:05,30,31,5834,12038
2023-08-10 10:28:06,31,32,5834,12121
2023-08-10 10:28:16,30,32,5834,12121
2023-08-10 10:28:18,30,32,5834,12454
2023-08-10 10:28:18,30,31,5834,12454
2023-08-10 10:28:18,30,32,5834,12454
2023-08-10 10:28:19,31,32,5834,12454
2023-08-10 10:28:26,30,32,5834,12454
2023-08-10 10:28:33,30,33,5902,12522
2023-08-10 10:28:33,30,31,5902,12522
2023-08-10 10:28:33,30,33,5902,12522
2023-08-10 10:28:38,30,32,5902,12522
2023-08-10 10:28:43,30,31,5902,12522
2023-08-10 10:28:43,30,32,5902,12522
2023-08-10 10:28:50,30,31,5902,12522
2023-08-10 10:28:50,30,32,5902,12522
2023-08-10 10:28:55,30,31,5902,12522
2023-08-10 10:28:55,30,32,5902,12522
2023-08-10 10:29:02,30,31,5902,12522
2023-08-10 10:29:02,30,32,5902,12522
2023-08-10 10:29:08,30,31,5902,12522
2023-08-10 10:29:08,30,32,5902,12522
2023-08-10 10:29:13,30,31,5902,12522
2023-08-10 10:29:13,30,32,5902,12522
2023-08-10 10:29:18,30,31,5902,12522
2023-08-10 10:29:18,30,32,5902,12522
2023-08-10 10:29:24,30,31,5902,12522
2023-08-10 10:29:24,30,32,5902,12522
2023-08-10 10:29:29,30,31,5902,12522
2023-08-10 10:29:29,30,32,5902,12522
2023-08-10 10:29:34,30,31,5902,12522
2023-08-10 10:29:35,30,32,5902,12522
2023-08-10 10:29:40,30,31,5902,12522
2023-08-10 10:29:40,30,32,5902,12522
2023-08-10 10:29:45,30,31,5902,12522
2023-08-10 10:29:45,30,32,5902,12522
2023-08-10 10:29:51,30,31,5902,12522
2023-08-10 10:29:51,30,32,5902,12522
2023-08-10 10:29:57,30,31,5902,12522
2023-08-10 10:29:57,30,32,5902,12522
2023-08-10 10:30:03,30,31,5902,12522
2023-08-10 10:30:03,30,32,5902,12522
2023-08-10 10:30:09,30,31,5902,12522
2023-08-10 10:30:09,30,32,5902,12522
2023-08-10 10:30:10,29,32,5902,12522
2023-08-10 10:30:25,29,31,5902,12522
2023-08-10 10:30:25,29,32,5902,12522
2023-08-10 10:30:40,29,31,5902,12522
2023-08-10 10:30:40,29,32,5902,12522
2023-08-10 10:30:41,29,31,5902,12522
2023-08-10 10:30:48,28,31,5902,12522
2023-08-10 10:30:48,28,30,5902,12522
2023-08-10 10:31:11,28,30,5902,12772
2023-08-10 10:31:11,28,29,5902,12772
2023-08-10 10:31:24,28,30,5902,12772
2023-08-10 10:31:31,28,29,5902,12772
2023-08-10 10:31:31,28,30,5902,12772
2023-08-10 10:31:52,28,31,5902,12772
2023-08-10 10:31:52,29,31,5902,12772
2023-08-10 10:31:53,29,30,5902,12772
2023-08-10 10:31:53,29,31,5902,12772
2023-08-10 10:32:23,28,31,5902,12772
2023-08-10 10:32:28,28,30,5902,12772
2023-08-10 10:36:50,29,30,5902,12772
2023-08-10 10:36:51,29,31,5902,12772
2023-08-10 10:36:55,29,30,5902,12772
2023-08-10 10:36:55,29,31,5902,12772
2023-08-10 10:37:11,30,31,5902,12772
2023-08-10 10:37:15,30,32,5902,12772
2023-08-10 10:37:19,30,31,5902,12772
2023-08-10 10:37:19,30,32,5902,12772
2023-08-10 10:37:22,30,33,5902,12772
2023-08-10 10:37:22,31,33,5902,12772
2023-08-10 10:37:22,31,34,5902,12772
2023-08-10 10:37:23,31,33,5902,12772
2023-08-10 10:37:24,31,33,5902,12929
2023-08-10 10:37:29,31,32,5902,12929
2023-08-10 10:37:29,31,33,5902,12929
2023-08-10 10:37:30,31,34,5902,12929
2023-08-10 10:37:31,32,34,5902,12929
2023-08-10 10:38:12,33,34,5902,12929
2023-08-10 10:38:13,33,35,5902,12929
2023-08-10 10:38:40,32,35,5902,12929
2023-08-10 10:39:00,33,35,5902,12929
2023-08-10 10:39:00,33,34,5902,12929
2023-08-10 10:39:00,33,35,5902,12929
2023-08-10 10:39:06,33,34,5902,12929
2023-08-10 10:39:06,33,35,5902,12929
2023-08-10 10:39:11,33,34,5902,12929
2023-08-10 10:39:11,33,35,5902,12929
2023-08-10 10:39:12,32,35,5902,12929
2023-08-10 10:39:17,32,34,5902,12929
2023-08-10 10:39:17,32,35,5902,12929
2023-08-10 10:39:27,32,34,5902,12929
2023-08-10 10:40:10,32,35,5902,12929
2023-08-10 10:40:10,33,35,5902,12929
2023-08-10 10:40:12,33,34,5902,12929
2023-08-10 10:40:12,33,35,5902,12929
2023-08-10 10:40:26,33,34,5902,12929
2023-08-10 10:40:26,33,35,5902,12929
2023-08-10 10:40:31,33,34,5902,12929
2023-08-10 10:40:31,33,35,5902,12929
2023-08-10 10:41:47,34,35,5902,12929
2023-08-10 10:42:08,34,36,5902,12929
2023-08-10 10:42:52,33,36,5902,12929
2023-08-10 10:43:05,33,35,5902,12929
2023-08-10 10:43:38,33,36,5902,12929
2023-08-10 10:43:38,34,36,5902,12929
2023-08-10 10:43:39,33,36,5902,12929
2023-08-10 10:44:07,34,36,5902,12929
2023-08-10 10:44:17,33,36,5902,12929
2023-08-10 10:44:17,34,36,5902,12929
2023-08-10 10:44:19,33,36,5902,12929
2023-08-10 10:44:26,33,36,5902,13262
2023-08-10 10:44:27,34,36,5902,13262
2023-08-10 10:44:33,33,36,5902,13262
2023-08-10 10:44:33,34,36,5902,13262
2023-08-10 10:45:12,34,35,5902,13262
2023-08-10 10:45:12,34,36,5902,13262
2023-08-10 10:45:13,35,36,5902,13262
2023-08-10 10:45:30,35,36,5902,13295
2023-08-10 10:45:52,34,36,5902,13295
2023-08-10 10:46:27,34,36,6225,13628
2023-08-10 10:46:38,34,37,6225,13628
2023-08-10 10:46:39,34,36,6225,13628
2023-08-10 10:47:06,34,37,6225,13628
2023-08-10 10:48:35,35,37,6225,13628
2023-08-10 10:48:35,34,37,6225,13628
2023-08-10 10:48:37,35,37,6225,13628
2023-08-10 10:50:12,34,37,6225,14028
2023-08-10 10:50:47,34,37,6235,14038
2023-08-10 10:51:57,34,36,6235,14038
2023-08-10 10:51:57,34,37,6235,14038
2023-08-10 10:55:09,34,36,6235,14038
2023-08-10 10:55:09,34,37,6235,14038
2023-08-10 10:55:10,34,36,6235,14038
2023-08-10 10:55:21,33,36,6235,14038
2023-08-10 10:56:14,34,36,6235,14038
2023-08-10 10:57:06,34,37,6235,14038
2023-08-10 10:59:13,35,37,6235,14038
2023-08-10 11:02:05,35,36,6235,14038
2023-08-10 11:02:05,35,37,6235,14038
2023-08-10 11:02:10,34,37,6235,14038
2023-08-10 11:02:10,34,36,6235,14038
2023-08-10 11:02:10,34,37,6235,14038
2023-08-10 11:02:13,34,36,6235,14038
2023-08-10 11:02:22,34,37,6235,14038
2023-08-10 11:02:45,34,36,6235,14038
2023-08-10 11:02:56,34,37,6235,14038
2023-08-10 11:02:56,34,36,6235,14038
2023-08-10 11:02:57,34,37,6235,14038
2023-08-10 11:02:57,34,36,6235,14038
2023-08-10 11:03:08,34,37,6235,14038
2023-08-10 11:03:08,34,36,6235,14038
2023-08-10 11:03:09,34,37,6235,14038
2023-08-10 11:03:09,34,36,6235,14038
2023-08-10 11:04:10,34,37,6235,14038
2023-08-10 11:05:06,34,36,6235,14038
2023-08-10 11:05:09,34,36,6235,14098
2023-08-10 11:05:09,34,36,6235,14138
2023-08-10 11:05:10,33,36,6235,14138
2023-08-10 11:05:12,33,35,6235,14138
2023-08-10 11:05:12,33,36,6235,14138
2023-08-10 11:05:17,33,35,6235,14138
2023-08-10 11:05:17,33,36,6235,14138
2023-08-10 11:05:19,33,35,6235,14138
2023-08-10 11:05:45,33,34,6235,14138
2023-08-10 11:05:53,33,35,6235,14138
2023-08-10 11:06:06,33,35,6568,14471
2023-08-10 11:06:49,34,35,6568,14471
2023-08-10 11:08:50,34,36,6568,14471
2023-08-10 11:11:18,34,37,6901,14804
2023-08-10 11:11:19,35,37,6901,14804
2023-08-10 11:11:27,34,37,6901,14804
2023-08-10 11:11:27,35,37,6901,14804
2023-08-10 11:12:43,35,36,6901,14804
2023-08-10 11:12:43,35,37,6901,14804
2023-08-10 11:12:49,35,36,6901,14804
2023-08-10 11:12:49,35,37,6901,14804
2023-08-10 11:13:29,35,38,6901,14804
2023-08-10 11:13:34,35,37,6901,14804
2023-08-10 11:13:34,35,38,6901,14804
2023-08-10 11:13:40,35,37,6901,14804
2023-08-10 11:13:40,35,38,6901,14804
2023-08-10 11:13:45,35,37,6901,14804
2023-08-10 11:13:45,35,38,6901,14804
2023-08-10 11:13:51,35,37,6901,14804
2023-08-10 11:13:51,35,38,6901,14804
2023-08-10 11:13:57,35,37,6901,14804
2023-08-10 11:13:57,35,38,6901,14804
2023-08-10 11:14:02,35,37,6901,14804
2023-08-10 11:14:02,35,38,6901,14804
2023-08-10 11:14:12,35,37,6901,14804
2023-08-10 11:14:12,35,38,6901,14804
2023-08-10 11:14:20,35,37,6901,14804
2023-08-10 11:14:20,35,38,6901,14804
2023-08-10 11:14:28,35,37,6901,14804
2023-08-10 11:14:28,35,38,6901,14804
2023-08-10 11:14:38,35,37,6901,14804
2023-08-10 11:14:38,35,38,6901,14804
2023-08-10 11:14:52,35,37,6901,14804
2023-08-10 11:14:52,35,38,6901,14804
2023-08-10 11:14:57,35,37,6901,14804
2023-08-10 11:14:57,35,38,6901,14804
2023-08-10 11:15:02,35,37,6901,14804
2023-08-10 11:15:02,35,38,6901,14804
2023-08-10 11:15:08,35,37,6901,14804
2023-08-10 11:15:08,35,38,6901,14804
2023-08-10 11:15:09,35,37,6901,14804
2023-08-10 11:15:10,34,37,6901,14804
2023-08-10 11:15:23,34,36,6901,14804
2023-08-10 11:15:23,34,37,6901,14804
2023-08-10 11:15:30,34,36,6901,14804
2023-08-10 11:15:30,34,37,6901,14804
2023-08-10 11:15:35,34,36,6901,14804
2023-08-10 11:15:35,34,37,6901,14804
2023-08-10 11:15:37,34,37,6751,14954
2023-08-10 11:15:38,34,36,6751,14954
2023-08-10 11:15:59,34,36,6751,14968
2023-08-10 11:16:02,33,36,6751,15368
2023-08-10 11:16:07,34,36,6751,15368
2023-08-10 11:17:36,34,36,6851,15468
2023-08-10 11:17:44,33,36,6851,15468
2023-08-10 11:17:55,34,36,6851,15468
2023-08-10 11:18:56,33,36,6851,15468
2023-08-10 11:20:14,32,36,6851,15468
2023-08-10 11:20:15,32,35,6851,15468
2023-08-10 11:20:19,32,34,6851,15468
2023-08-10 11:20:32,32,34,6851,15528
2023-08-10 11:20:34,32,34,6851,15648
2023-08-10 11:20:35,32,34,6851,15678
2023-08-10 11:20:42,32,34,6601,15928
2023-08-10 11:20:43,32,33,6601,15928
2023-08-10 11:20:44,31,33,6461,16068
2023-08-10 11:23:17,31,33,6561,16168
2023-08-10 11:23:30,31,32,6561,16168
2023-08-10 11:25:01,31,32,6561,16182
2023-08-10 11:25:07,32,33,6561,16282
2023-08-10 11:25:08,31,33,6561,16282
2023-08-10 11:25:20,31,34,6561,16282
2023-08-10 11:25:20,32,34,6561,16282
2023-08-10 11:26:26,33,34,6561,16282
2023-08-10 11:26:48,33,35,6561,16282
2023-08-10 11:27:46,34,35,6561,16282
2023-08-10 11:28:35,34,36,7664,17385
2023-08-10 11:29:00,35,36,7664,17385
2023-08-10 11:33:20,35,37,7664,17385
2023-08-10 11:33:20,36,37,7664,17385
2023-08-10 11:34:38,36,38,7664,17385
2023-08-10 11:34:52,37,38,7664,17385
2023-08-10 11:36:08,37,39,7664,17385
2023-08-10 11:36:47,38,39,7664,17385
2023-08-10 11:37:43,38,39,7664,17685
2023-08-10 11:41:21,38,40,7712,17746
2023-08-10 11:42:06,38,39,7712,17746
2023-08-10 11:42:06,38,40,7712,17746
2023-08-10 11:42:07,38,39,7712,17746
2023-08-10 11:42:07,38,39,7712,17806
2023-08-10 11:42:11,37,39,7712,17806
2023-08-10 11:42:12,37,38,7712,17806
2023-08-10 11:42:21,37,39,7712,17806
2023-08-10 11:42:23,38,39,7712,17806
2023-08-10 11:43:59,37,38,7712,17892
2023-08-10 11:43:59,36,38,7712,17892
2023-08-10 11:44:03,36,39,7712,17892
2023-08-10 11:44:04,36,38,7712,17892
2023-08-10 11:44:18,36,37,7712,17892
2023-08-10 11:44:19,36,38,7712,17892
2023-08-10 11:44:42,35,38,7712,17892
2023-08-10 11:45:12,35,37,7712,17892
2023-08-10 11:45:16,35,36,7712,17892
2023-08-10 11:45:16,35,36,7712,17952
2023-08-10 11:45:22,34,36,7712,17952
2023-08-10 11:45:25,34,36,7612,18202
2023-08-10 11:45:26,34,36,7362,18452
2023-08-10 11:45:28,34,36,7263,18702
2023-08-10 11:45:29,34,35,7263,18702
2023-08-10 11:45:32,33,35,7263,18902
2023-08-10 11:45:59,33,34,7263,18902
2023-08-10 11:46:00,32,34,7263,18902
2023-08-10 11:46:04,32,33,7263,18902
2023-08-10 11:46:04,31,33,7263,18902
2023-08-10 11:46:18,31,33,7263,19152
2023-08-10 11:46:19,31,32,7263,19152
2023-08-10 11:46:21,30,32,7263,19302
2023-08-10 11:46:52,30,31,7263,19302
2023-08-10 11:46:54,29,31,7263,19502
2023-08-10 11:47:49,29,31,7263,19515
2023-08-10 11:48:02,29,30,7263,19515
2023-08-10 11:48:11,29,31,7263,19515
2023-08-10 11:49:24,29,32,7263,19515
2023-08-10 11:49:59,29,31,7263,19515
2023-08-10 11:50:18,29,30,7263,19515
2023-08-10 11:50:22,29,31,7263,19515
2023-08-10 11:50:25,29,30,7263,19515
2023-08-10 11:50:34,28,30,7263,19515
2023-08-10 11:50:35,27,29,7263,19515
2023-08-10 11:50:38,27,28,7263,19515
2023-08-10 11:50:39,26,28,7263,19515
2023-08-10 11:51:02,26,27,7263,19515
2023-08-10 11:51:07,26,28,7263,19515
2023-08-10 11:51:14,26,27,7263,19515
2023-08-10 11:51:16,25,27,7263,19515
2023-08-10 11:51:16,25,26,7263,19515
2023-08-10 11:51:21,24,26,7263,19515
2023-08-10 11:51:28,24,27,7263,19515
2023-08-10 11:51:53,24,26,7263,19515
2023-08-10 11:52:34,24,25,7263,19515
2023-08-10 11:52:37,23,25,7363,19628
2023-08-10 11:53:03,23,24,7363,19628
2023-08-10 11:53:07,22,24,7463,19728
2023-08-10 11:53:11,22,25,7463,19728
2023-08-10 11:53:16,22,24,7463,19728
2023-08-10 11:53:29,22,25,7463,19728
2023-08-10 11:53:43,23,25,7463,19728
2023-08-10 11:53:57,23,26,7463,19728
2023-08-10 11:54:02,24,26,7463,19728
2023-08-10 11:54:11,23,26,7463,19728
2023-08-10 11:54:34,23,25,7463,19728
2023-08-10 11:54:35,23,26,7463,19728
2023-08-10 11:55:03,24,26,7463,19728
2023-08-10 11:55:04,23,26,7463,19728
2023-08-10 11:55:05,24,26,7463,19728
2023-08-10 11:55:07,23,26,7463,19728
2023-08-10 11:55:20,23,25,7463,19728
2023-08-10 11:55:31,22,25,7463,19728
2023-08-10 11:55:33,23,25,7463,19728
2023-08-10 11:55:40,22,25,7463,19728
2023-08-10 11:55:47,23,25,7463,19728
2023-08-10 11:56:05,23,26,7463,19728
2023-08-10 11:56:08,23,25,7463,19728
2023-08-10 11:56:09,23,26,7463,19728
2023-08-10 11:56:19,23,25,7463,19728
2023-08-10 11:56:22,22,25,7463,19728
2023-08-10 11:56:24,23,25,7463,19728
2023-08-10 11:56:43,23,26,7463,19728
2023-08-10 11:57:05,24,26,7463,19728
2023-08-10 11:57:12,24,27,7463,19728
2023-08-10 11:57:19,25,27,7463,19728
2023-08-10 11:57:37,26,27,7463,19728
2023-08-10 11:57:46,26,28,7463,19728
2023-08-10 11:58:38,26,28,7563,19828
2023-08-10 11:58:54,26,28,7563,20128
2023-08-10 11:58:55,27,28,7563,20128
2023-08-10 11:58:55,27,29,7563,20128
2023-08-10 11:59:19,26,29,7563,20128
2023-08-10 11:59:19,27,29,7563,20128
2023-08-10 11:59:57,27,29,8235,20800
2023-08-10 11:59:58,28,29,8235,20800
2023-08-10 12:00:01,27,29,8235,20800
2023-08-10 12:00:15,27,29,8235,20802
2023-08-10 12:00:32,27,29,8235,20804
2023-08-10 12:00:48,27,29,8235,20806
2023-08-10 12:00:57,27,28,8235,20806
2023-08-10 12:00:57,26,28,8235,20806
2023-08-10 12:01:17,26,29,8235,20806
2023-08-10 12:01:18,26,28,8235,20806
2023-08-10 12:01:22,26,28,8235,21056
2023-08-10 12:01:23,25,28,8235,21056
2023-08-10 12:01:23,25,27,8235,21056
2023-08-10 12:01:37,25,27,8235,21069
2023-08-10 12:02:06,25,27,8235,21319
2023-08-10 12:02:07,24,27,8235,21469
2023-08-10 12:02:27,25,27,8235,21469
2023-08-10 12:02:32,24,27,8235,21469
2023-08-10 12:02:55,25,27,8235,21469
2023-08-10 12:03:05,25,28,8235,21469
2023-08-10 12:03:20,26,28,8235,21469
2023-08-10 12:03:23,25,28,8235,21469
2023-08-10 12:03:41,26,28,8235,21469
2023-08-10 12:04:24,27,28,8235,21469
2023-08-10 12:04:24,27,29,8235,21469
2023-08-10 12:05:10,27,29,8235,21869
2023-08-10 12:05:11,28,29,8235,21869
2023-08-10 12:05:13,28,29,8235,22119
2023-08-10 12:05:50,28,30,8235,22119
2023-08-10 12:05:53,29,30,8235,22119
2023-08-10 12:06:19,29,31,8235,22119
2023-08-10 12:06:39,29,31,8235,22189
2023-08-10 12:06:52,28,31,8235,22189
2023-08-10 12:06:52,28,30,8235,22189
2023-08-10 12:07:13,29,30,8235,22189
2023-08-10 12:07:16,29,31,8235,22189
2023-08-10 12:07:24,28,31,8235,22189
2023-08-10 12:07:40,28,30,8235,22189
2023-08-10 12:09:02,27,30,8235,22189
2023-08-10 12:09:02,27,29,8235,22189
2023-08-10 12:10:05,28,29,8235,22189
2023-08-10 12:10:11,28,30,8235,22189
2023-08-10 12:10:22,27,30,8235,22189
2023-08-10 12:10:23,27,29,8235,22189
2023-08-10 12:10:29,27,29,8225,22199
2023-08-10 12:10:44,28,29,8225,22199
2023-08-10 12:10:46,28,30,8225,22199
2023-08-10 12:10:51,27,30,8225,22199
2023-08-10 12:10:55,28,30,8225,22199
2023-08-10 12:10:56,27,30,8225,22199
2023-08-10 12:10:57,28,30,8225,22199
2023-08-10 12:11:00,27,30,8225,22199
2023-08-10 12:11:02,28,30,8225,22199
2023-08-10 12:11:03,27,30,8225,22199
2023-08-10 12:11:04,28,30,8225,22199
2023-08-10 12:11:05,27,30,8225,22199
2023-08-10 12:11:13,27,29,8225,22199
2023-08-10 12:11:28,26,29,8225,22199
2023-08-10 12:11:29,26,28,8225,22199
2023-08-10 12:11:57,25,28,8225,22199
2023-08-10 12:12:05,26,28,8225,22199
2023-08-10 12:12:24,25,28,8225,22199
2023-08-10 12:12:25,25,27,8225,22199
2023-08-10 12:12:47,26,27,8225,22199
2023-08-10 12:12:47,26,28,8225,22199
2023-08-10 12:13:00,26,29,8225,22199
2023-08-10 12:13:00,27,29,8225,22199
2023-08-10 12:13:07,28,29,8225,22199
2023-08-10 12:13:11,28,30,8225,22199
2023-08-10 12:15:00,27,30,8225,22199
2023-08-10 12:15:08,27,29,8225,22199
2023-08-10 12:15:17,26,29,8225,22199
2023-08-10 12:15:31,26,28,8225,22199
2023-08-10 12:15:34,25,28,8225,22199
2023-08-10 12:15:39,26,28,8225,22199
2023-08-10 12:15:47,25,28,8225,22199
2023-08-10 12:15:58,25,27,8225,22199
2023-08-10 12:16:05,26,27,8225,22199
2023-08-10 12:16:21,25,27,8225,22199
2023-08-10 12:16:26,26,27,8225,22199
2023-08-10 12:16:33,26,28,8225,22199
2023-08-10 12:17:09,26,29,8225,22199
2023-08-10 12:17:09,27,29,8225,22199
2023-08-10 12:17:28,26,29,8225,22199
2023-08-10 12:17:43,26,28,8225,22199
2023-08-10 12:18:11,26,29,8225,22199
2023-08-10 12:18:16,27,29,8225,22199
2023-08-10 12:18:19,27,30,8225,22199
2023-08-10 12:18:20,27,29,8225,22199
2023-08-10 12:19:41,26,29,8225,22199
2023-08-10 12:19:51,27,29,8225,22199
2023-08-10 12:19:51,27,28,8225,22199
2023-08-10 12:20:02,26,28,8225,22199
2023-08-10 12:20:10,25,28,8225,22199
2023-08-10 12:20:11,25,27,8225,22199
2023-08-10 12:20:28,26,27,8225,22199
2023-08-10 12:20:29,26,28,8225,22199
2023-08-10 12:20:32,26,29,8225,22199
2023-08-10 12:20:34,27,29,8225,22199
2023-08-10 12:20:37,28,29,8225,22199
2023-08-10 12:20:37,28,30,8225,22199
2023-08-10 12:21:36,27,30,8225,22199
2023-08-10 12:21:40,26,30,8225,22199
2023-08-10 12:21:40,27,30,8225,22199
2023-08-10 12:21:40,27,29,8225,22199
2023-08-10 12:21:57,27,30,8225,22199
2023-08-10 12:22:36,27,29,8225,22199
2023-08-10 12:23:31,28,29,8225,22199
2023-08-10 12:23:37,28,30,8225,22199
2023-08-10 12:23:56,29,30,8225,22199
2023-08-10 12:24:03,28,30,8225,22199
2023-08-10 12:24:16,27,30,8225,22199
2023-08-10 12:24:21,27,29,8225,22199
2023-08-10 12:25:28,26,29,8225,22199
2023-08-10 12:25:29,26,28,8225,22199
2023-08-10 12:25:31,26,27,8225,22199
2023-08-10 12:25:38,25,27,8225,22199
2023-08-10 12:25:39,25,26,8225,22199
2023-08-10 12:25:43,24,26,8225,22199
2023-08-10 12:26:11,24,25,8225,22199
2023-08-10 12:26:17,23,25,8225,22399
2023-08-10 12:26:55,23,24,8225,22399
2023-08-10 12:26:55,22,24,8225,22399
2023-08-10 12:27:00,22,23,8225,22399
2023-08-10 12:27:32,21,23,8325,22499
2023-08-10 12:28:01,21,24,8325,22499
2023-08-10 12:28:01,22,24,8325,22499
2023-08-10 12:28:31,22,25,8525,22699
2023-08-10 12:29:04,23,25,8525,22699
2023-08-10 12:29:07,23,26,8525,22699
2023-08-10 12:29:07,24,26,8525,22699
2023-08-10 12:29:17,25,26,8525,22699
2023-08-10 12:29:17,25,27,8525,22699
2023-08-10 12:29:48,25,28,8525,22699
2023-08-10 12:30:55,26,28,8525,22699
2023-08-10 12:30:56,27,28,8525,22699
2023-08-10 12:30:58,27,29,8525,22699
2023-08-10 12:31:03,27,30,8525,22699
2023-08-10 12:31:03,28,30,8525,22699
2023-08-10 12:32:18,28,29,8525,22699
2023-08-10 12:32:21,27,29,8525,22699
2023-08-10 12:32:33,27,30,8525,22699
2023-08-10 12:32:37,28,30,8525,22699
2023-08-10 12:33:41,27,30,8525,22699
2023-08-10 12:33:46,28,30,8525,22699
2023-08-10 12:33:57,27,30,8525,22699
2023-08-10 12:34:00,28,30,8525,22699
2023-08-10 12:34:23,27,30,8525,22699
2023-08-10 12:34:27,28,30,8525,22699
2023-08-10 12:35:44,27,30,8525,22699
2023-08-10 12:35:45,27,29,8525,22699
2023-08-10 12:36:07,28,29,8525,22699
2023-08-10 12:36:12,27,29,8525,22699
2023-08-10 12:36:25,28,29,8525,22699
2023-08-10 12:36:31,27,29,8525,22699
2023-08-10 12:37:14,27,30,8525,22699
2023-08-10 12:37:19,28,30,8525,22699
2023-08-10 12:37:32,29,30,8525,22699
2023-08-10 12:37:35,28,30,8525,22699
2023-08-10 12:37:39,29,30,8525,22699
2023-08-10 12:37:47,29,31,8525,22699
2023-08-10 12:37:49,30,31,8525,22699
2023-08-10 12:37:52,30,32,8525,22699
2023-08-10 12:37:55,31,32,8525,22699
2023-08-10 12:38:02,30,32,8525,22699
2023-08-10 12:38:19,31,32,8525,22699
2023-08-10 12:38:23,31,33,8525,22699
2023-08-10 12:39:33,32,33,8525,22699
2023-08-10 12:39:52,32,34,8525,22699
2023-08-10 12:40:48,31,34,8525,22699
2023-08-10 12:40:49,31,33,8525,22699
2023-08-10 12:42:15,31,34,8525,22699
2023-08-10 12:42:25,31,33,8525,22699
2023-08-10 12:43:26,31,34,8525,22699
2023-08-10 12:44:22,32,34,8525,22699
2023-08-10 12:44:56,33,34,8525,22699
2023-08-10 12:45:16,34,35,8725,22899
2023-08-10 12:45:47,34,36,8725,22899
2023-08-10 12:46:21,35,36,8725,22899
2023-08-10 12:46:26,35,37,8725,22899
2023-08-10 12:46:34,36,37,8725,22899
2023-08-10 12:47:37,36,37,8725,22939
2023-08-10 12:47:38,35,37,8725,22939
2023-08-10 12:47:51,36,37,8725,22939
2023-08-10 12:48:15,36,38,8725,22939
2023-08-10 12:48:31,36,38,9497,23711
2023-08-10 12:48:32,37,38,9497,23711
2023-08-10 12:48:51,36,38,9497,23711
2023-08-10 12:49:06,36,37,9497,23711
2023-08-10 12:49:19,36,38,9497,23711
2023-08-10 12:49:19,37,38,9497,23711
2023-08-10 12:50:28,35,38,9497,23711
2023-08-10 12:50:28,36,38,9497,23711
2023-08-10 12:51:04,37,38,9497,23711
2023-08-10 12:51:15,35,38,9497,23711
2023-08-10 12:51:15,36,38,9497,23711
2023-08-10 12:51:43,36,38,9497,23961
2023-08-10 12:52:07,36,37,9497,23961
2023-08-10 12:52:07,34,37,9497,23961
2023-08-10 12:52:07,35,37,9497,23961
2023-08-10 12:52:17,34,37,9497,23961
2023-08-10 12:52:29,35,37,9497,23961
2023-08-10 12:52:46,35,36,9497,23961
2023-08-10 12:53:11,35,37,9497,23961
2023-08-10 12:53:11,35,36,9497,23961
2023-08-10 12:53:12,34,36,9497,23961
2023-08-10 12:53:20,34,35,9497,23961
2023-08-10 12:53:23,33,35,9497,23961
2023-08-10 12:53:23,33,36,9497,23961
2023-08-10 12:53:24,33,34,9497,23961
2023-08-10 12:53:26,33,35,9497,23961
2023-08-10 12:53:26,33,34,9497,23961
2023-08-10 12:54:07,32,34,9497,23961
2023-08-10 12:54:10,32,33,9497,23961
2023-08-10 12:54:11,31,32,9497,24161
2023-08-10 12:54:19,31,33,9497,24161
2023-08-10 12:54:19,30,31,9497,24361
2023-08-10 12:54:34,30,32,9497,24361
2023-08-10 12:54:35,30,31,9497,24361
2023-08-10 12:54:38,29,31,9497,24561
2023-08-10 12:54:56,30,31,9497,24561
2023-08-10 12:55:07,29,31,9497,24561
2023-08-10 12:55:25,30,31,9497,24561
2023-08-10 12:55:29,29,31,9497,24761
2023-08-10 12:55:51,30,31,9497,24761
2023-08-10 12:55:58,29,31,9497,24761
2023-08-10 12:56:11,30,31,9497,24761
2023-08-10 12:56:22,29,31,9497,24761
2023-08-10 12:56:46,29,30,9497,24761
2023-08-10 12:56:46,28,30,9497,24761
2023-08-10 12:56:50,28,29,9497,24761
2023-08-10 12:56:51,27,29,9497,24761
2023-08-10 12:57:22,26,29,9497,24761
2023-08-10 12:57:27,26,28,9497,24761
2023-08-10 12:57:30,25,28,9497,24761
2023-08-10 12:57:30,25,27,9497,24761
2023-08-10 12:58:03,24,27,9497,24761
2023-08-10 12:58:03,24,26,9497,24761
2023-08-10 12:58:20,23,26,9497,24761
2023-08-10 12:58:20,23,25,9497,24761
2023-08-10 12:58:44,22,25,9497,24761
2023-08-10 12:58:44,22,24,9497,24761
2023-08-10 12:58:48,22,25,9497,24761
2023-08-10 12:59:09,22,24,9497,24761
2023-08-10 12:59:15,21,24,9497,24761
2023-08-10 12:59:28,22,24,9497,24761
2023-08-10 12:59:51,22,25,9497,24761
2023-08-10 12:59:51,23,25,9497,24761
2023-08-10 13:00:09,23,24,9497,24761
2023-08-10 13:00:09,22,24,9497,24761
2023-08-10 13:00:17,22,25,9497,24761
2023-08-10 13:00:34,23,25,9497,24761
2023-08-10 13:00:36,23,26,9497,24761
2023-08-10 13:00:36,24,26,9497,24761
2023-08-10 13:00:50,25,26,9497,24761
2023-08-10 13:00:50,25,27,9497,24761
2023-08-10 13:00:51,26,27,9497,24761
2023-08-10 13:00:54,25,27,9497,24911
2023-08-10 13:01:20,24,27,9497,24911
2023-08-10 13:01:21,23,27,9497,24911
2023-08-10 13:01:21,23,26,9497,24911
2023-08-10 13:02:00,23,25,9497,24911
2023-08-10 13:02:03,22,25,9497,24911
2023-08-10 13:02:09,23,25,9497,24911
2023-08-10 13:02:12,22,25,9497,24911
2023-08-10 13:02:18,23,25,9497,24911
2023-08-10 13:02:22,22,25,9497,24911
2023-08-10 13:02:46,23,25,9497,24911
2023-08-10 13:03:01,22,25,9497,24911
2023-08-10 13:03:10,23,25,9497,24911
2023-08-10 13:03:12,22,25,9497,24911
2023-08-10 13:03:28,22,24,9497,24911
2023-08-10 13:03:41,22,25,9497,24911
2023-08-10 13:03:52,23,25,9497,24911
2023-08-10 13:03:55,23,26,9497,24911
2023-08-10 13:04:34,24,26,9497,24911
2023-08-10 13:04:35,24,27,9497,24911
2023-08-10 13:05:13,25,27,9497,24911
2023-08-10 13:05:53,25,28,9497,24911
2023-08-10 13:05:53,27,28,9497,24911
2023-08-10 13:05:53,27,29,9497,24911
2023-08-10 13:06:41,27,28,9497,24911
2023-08-10 13:06:45,26,28,9497,24911
2023-08-10 13:06:46,25,28,9497,24911
2023-08-10 13:06:46,25,27,9497,24911
2023-08-10 13:06:52,25,28,9497,24911
2023-08-10 13:06:53,25,27,9497,24911
2023-08-10 13:07:01,24,27,9497,24911
2023-08-10 13:07:18,25,27,9497,24911
2023-08-10 13:07:22,26,27,9497,24911
2023-08-10 13:07:22,26,28,9497,24911
2023-08-10 13:07:29,25,28,9497,24911
2023-08-10 13:07:51,26,28,9497,24911
2023-08-10 13:08:04,26,29,9497,24911
2023-08-10 13:08:05,26,28,9497,24911
2023-08-10 13:08:39,26,29,9497,24911
2023-08-10 13:08:50,27,29,9497,24911
2023-08-10 13:09:27,26,29,9497,24911
2023-08-10 13:09:31,26,28,9497,24911
2023-08-10 13:09:31,26,29,9497,24911
2023-08-10 13:09:50,27,29,9497,24911
2023-08-10 13:10:20,26,29,9497,24911
2023-08-10 13:10:33,26,28,9497,24911
2023-08-10 13:11:04,26,27,9497,24911
2023-08-10 13:11:09,26,29,9497,24911
2023-08-10 13:11:10,26,28,9497,24911
2023-08-10 13:11:42,26,29,9497,24911
2023-08-10 13:11:43,26,28,9497,24911
2023-08-10 13:12:31,25,28,9497,24911
2023-08-10 13:12:31,25,27,9497,24911
2023-08-10 13:12:57,25,28,9497,24911
2023-08-10 13:12:59,26,28,9497,24911
2023-08-10 13:13:46,27,28,9497,24911
2023-08-10 13:13:50,27,29,9497,24911
2023-08-10 13:15:28,26,29,9497,24911
2023-08-10 13:15:29,26,28,9497,24911
2023-08-10 13:15:41,26,27,9497,24911
2023-08-10 13:15:41,25,27,9497,24911
2023-08-10 13:16:01,24,27,9497,24911
2023-08-10 13:16:03,24,26,9497,24911
2023-08-10 13:16:24,25,26,9497,24911
2023-08-10 13:16:25,25,27,9497,24911
2023-08-10 13:16:56,26,27,9497,24911
2023-08-10 13:16:57,26,28,9497,24911
2023-08-10 13:17:31,25,28,9497,24911
2023-08-10 13:17:58,25,27,9497,24911
2023-08-10 13:18:22,24,27,9497,24911
2023-08-10 13:18:23,24,26,9497,24911
2023-08-10 13:19:01,23,26,9497,24911
2023-08-10 13:19:02,23,25,9497,24911
2023-08-10 13:19:06,24,25,9497,24911
2023-08-10 13:19:19,23,25,9497,24911
2023-08-10 13:19:45,24,25,9497,24911
2023-08-10 13:19:45,24,26,9497,24911
2023-08-10 13:19:51,25,26,9497,24911
2023-08-10 13:19:51,25,27,9497,24911
2023-08-10 13:19:57,24,27,9497,24911
2023-08-10 13:20:06,24,26,9497,24911
2023-08-10 13:20:07,23,26,9497,24911
2023-08-10 13:20:07,24,26,9497,24911
2023-08-10 13:20:25,23,26,9497,24911
2023-08-10 13:20:26,23,25,9497,24911
2023-08-10 13:20:26,24,25,9497,24911
2023-08-10 13:20:40,23,25,9497,24911
2023-08-10 13:21:10,22,25,9497,24911
2023-08-10 13:21:10,22,24,9497,24911
2023-08-10 13:21:15,21,24,9497,24911
2023-08-10 13:21:17,21,23,9497,24911
2023-08-10 13:22:29,21,22,9497,24911
2023-08-10 13:22:35,20,21,9597,25011
2023-08-10 13:22:49,20,21,9599,25013
2023-08-10 13:22:50,19,20,9747,25161
2023-08-10 13:23:02,18,19,9847,25261
2023-08-10 13:23:06,18,19,9849,25263
2023-08-10 13:23:08,18,20,9849,25263
2023-08-10 13:23:22,18,20,9851,25265
2023-08-10 13:23:30,19,20,9851,25265
2023-08-10 13:23:32,19,21,9851,25265
2023-08-10 13:23:49,19,22,9851,25265
2023-08-10 13:23:49,20,22,9851,25265
2023-08-10 13:23:54,19,22,9851,25265
2023-08-10 13:24:12,19,21,9851,25265
2023-08-10 13:24:22,19,22,9851,25265
2023-08-10 13:24:30,20,22,9851,25265
2023-08-10 13:25:33,19,22,9851,25265
2023-08-10 13:25:46,19,22,9851,25325
2023-08-10 13:26:13,20,22,9851,25325
2023-08-10 13:26:19,19,22,9851,25325
2023-08-10 13:27:11,20,22,9851,25325
2023-08-10 13:27:17,20,23,9851,25325
2023-08-10 13:27:19,21,23,9851,25325
2023-08-10 13:27:20,20,23,9851,25325
2023-08-10 13:27:34,20,22,9851,25325
2023-08-10 13:27:55,19,22,9851,25325
2023-08-10 13:28:04,19,21,9851,25325
2023-08-10 13:28:06,18,21,9851,25465
2023-08-10 13:28:22,19,21,9851,25465
2023-08-10 13:28:24,18,21,9851,25465
2023-08-10 13:28:29,19,21,9851,25465
2023-08-10 13:28:31,19,21,9851,25525
2023-08-10 13:28:46,19,22,9851,25525
2023-08-10 13:28:54,20,22,9851,25525
2023-08-10 13:28:58,19,22,9851,25525
2023-08-10 13:29:05,20,22,9851,25525
2023-08-10 13:29:05,20,23,9851,25525
2023-08-10 13:29:21,19,23,9851,25525
2023-08-10 13:29:21,19,22,9851,25525
2023-08-10 13:29:47,20,22,9851,25525
2023-08-10 13:30:00,19,22,9851,25525
2023-08-10 13:30:05,19,21,9851,25525
2023-08-10 13:30:18,18,21,9851,25525
2023-08-10 13:30:32,18,20,9851,25525
2023-08-10 13:30:45,18,21,9851,25525
2023-08-10 13:30:57,19,21,9851,25525
2023-08-10 13:31:20,19,22,9851,25525
2023-08-10 13:31:47,19,21,9851,25525
2023-08-10 13:31:47,18,21,9851,25525
2023-08-10 13:32:10,18,20,9851,25525
2023-08-10 13:32:12,18,20,9911,25585
2023-08-10 13:32:27,18,19,9911,25585
2023-08-10 13:32:29,18,19,9971,25645
2023-08-10 13:32:44,18,20,9971,25645
2023-08-10 13:33:16,18,21,9971,25645
2023-08-10 13:33:16,19,21,9971,25645
2023-08-10 13:33:27,18,21,9971,25645
2023-08-10 13:33:41,19,21,9971,25645
2023-08-10 13:33:53,18,21,9971,25645
2023-08-10 13:34:02,19,21,9971,25645
2023-08-10 13:34:03,18,21,9971,25645
2023-08-10 13:34:23,19,21,9971,25645
2023-08-10 13:34:25,19,22,9971,25645
2023-08-10 13:34:53,20,22,9971,25645
2023-08-10 13:35:04,19,22,9971,25645
2023-08-10 13:35:09,20,22,9971,25645
2023-08-10 13:35:10,19,22,9971,25645
2023-08-10 13:36:29,19,21,9971,25645
2023-08-10 13:36:31,18,21,9971,25645
2023-08-10 13:36:46,18,20,9971,25645
2023-08-10 13:37:44,18,19,9971,25645
2023-08-10 13:39:12,18,20,9971,25645
2023-08-10 13:41:02,18,19,9971,25645
2023-08-10 13:41:19,17,18,9997,25671
2023-08-10 13:41:55,16,17,10097,25771
2023-08-10 13:41:57,15,16,10247,25921
2023-08-10 13:42:01,15,16,10447,26121
2023-08-10 13:42:01,14,16,10497,26171
2023-08-10 13:42:02,14,15,10497,26171
2023-08-10 13:42:26,13,15,10497,26171
2023-08-10 13:42:26,13,15,10497,26291
2023-08-10 13:42:27,13,14,10497,26291
2023-08-10 13:42:32,13,14,10497,26351
2023-08-10 13:42:34,12,14,10497,26351
2023-08-10 13:44:12,13,14,10497,26351
2023-08-10 13:44:13,13,15,10497,26351
2023-08-10 13:44:37,12,15,10497,26351
2023-08-10 13:44:40,13,15,10497,26351
2023-08-10 13:45:55,14,15,10497,26351
2023-08-10 13:45:55,14,16,10497,26351
2023-08-10 13:45:58,15,16,10497,26351
2023-08-10 13:46:01,15,17,10497,26351
2023-08-10 13:46:12,16,17,10497,26351
2023-08-10 13:46:24,16,18,10497,26351
2023-08-10 13:46:32,17,18,10497,26351
2023-08-10 13:46:34,17,19,10497,26351
2023-08-10 13:46:53,18,19,10497,26351
2023-08-10 13:47:01,18,20,10497,26351
2023-08-10 13:47:07,19,20,10497,26351
2023-08-10 13:47:19,18,21,10497,26351
2023-08-10 13:47:22,18,20,10497,26351
2023-08-10 13:47:39,18,19,10497,26351
2023-08-10 13:47:50,18,20,10497,26351
2023-08-10 13:48:11,18,19,10497,26351
2023-08-10 13:48:11,17,19,10497,26351
2023-08-10 13:48:22,18,19,10497,26351
2023-08-10 13:48:24,18,20,10497,26351
2023-08-10 13:48:41,18,19,10497,26351
2023-08-10 13:48:43,17,19,10497,26351
2023-08-10 13:49:06,18,19,10497,26351
2023-08-10 13:49:20,17,19,10497,26351
2023-08-10 13:49:41,17,20,10497,26351
2023-08-10 13:49:59,17,19,10497,26351
2023-08-10 13:50:12,18,19,10497,26351
2023-08-10 13:50:13,18,20,10497,26351
2023-08-10 13:50:13,18,19,10497,26351
2023-08-10 13:50:20,18,20,10497,26351
2023-08-10 13:51:08,18,19,10497,26351
2023-08-10 13:51:20,18,20,10297,26551
2023-08-10 13:51:20,18,21,10297,26551
2023-08-10 13:51:40,19,21,10297,26551
2023-08-10 13:52:22,18,21,10297,26551
2023-08-10 13:52:31,18,20,10297,26551
2023-08-10 13:52:40,17,20,10297,26551
2023-08-10 13:52:46,18,20,10297,26551
2023-08-10 13:53:05,18,21,10297,26551
2023-08-10 13:53:05,18,20,10297,26551
2023-08-10 13:53:11,18,21,10297,26551
2023-08-10 13:53:11,18,20,10297,26551
2023-08-10 13:53:53,17,20,10297,26551
2023-08-10 13:53:53,17,19,10297,26551
2023-08-10 13:54:00,16,19,10297,26551
2023-08-10 13:54:03,16,18,10297,26551
2023-08-10 13:54:04,15,18,10297,26551
2023-08-10 13:54:08,15,17,10297,26551
2023-08-10 13:55:04,14,17,10297,26551
2023-08-10 13:55:08,13,17,10297,26551
2023-08-10 13:55:08,13,16,10297,26551
2023-08-10 13:55:16,13,15,10297,26551
2023-08-10 13:55:17,12,15,10297,26551
2023-08-10 13:55:27,13,15,10297,26551
2023-08-10 13:55:28,12,15,10297,26551
2023-08-10 13:55:32,12,14,10297,26551
2023-08-10 13:56:00,12,13,10297,26551
2023-08-10 13:56:42,12,13,10356,26611
2023-08-10 13:57:15,10,12,10547,26802
2023-08-10 13:57:16,10,11,10547,26802
2023-08-10 13:57:17,9,11,10547,26802
2023-08-10 13:57:23,9,11,10549,26804
2023-08-10 13:57:23,9,11,10551,26806
2023-08-10 13:57:27,9,10,10551,26806
2023-08-10 13:57:40,9,10,10553,26808
2023-08-10 13:58:39,9,10,10613,26868
2023-08-10 13:59:09,9,11,10613,26868
2023-08-10 14:00:07,9,11,10615,26870
2023-08-10 14:00:24,9,11,10617,26872
2023-08-10 14:00:52,10,11,10617,26872
2023-08-10 14:00:54,10,12,10617,26872
2023-08-10 14:00:58,9,12,10617,26872
2023-08-10 14:01:05,9,11,10617,26872
2023-08-10 14:01:29,9,12,10617,26872
2023-08-10 14:01:45,10,12,10617,26872
2023-08-10 14:01:52,11,12,10617,26872
2023-08-10 14:02:00,11,13,10617,26872
2023-08-10 14:02:02,12,13,10617,26872
2023-08-10 14:02:08,12,14,10617,26872
2023-08-10 14:02:12,11,14,10617,26872
2023-08-10 14:02:23,11,13,10617,26872
2023-08-10 14:03:05,12,13,10617,26872
2023-08-10 14:03:05,12,14,10617,26872
2023-08-10 14:03:09,11,14,10617,26872
2023-08-10 14:03:35,11,13,10617,26872
2023-08-10 14:03:37,11,14,10617,26872
2023-08-10 14:03:53,12,14,10617,26872
2023-08-10 14:04:18,11,14,10617,26872
2023-08-10 14:04:52,12,14,10617,26872
2023-08-10 14:05:03,13,14,10617,26872
2023-08-10 14:05:04,13,15,10617,26872
2023-08-10 14:05:17,13,15,10617,27072
2023-08-10 14:05:24,14,15,10617,27072
2023-08-10 14:05:24,14,15,10617,27147
2023-08-10 14:05:28,13,15,10617,27147
2023-08-10 14:05:31,14,15,10617,27147
2023-08-10 14:05:33,14,16,10617,27147
2023-08-10 14:06:08,15,16,10617,27147
2023-08-10 14:06:09,15,17,10617,27147
2023-08-10 14:06:12,16,17,10617,27147
2023-08-10 14:06:16,15,17,10617,27147
2023-08-10 14:06:23,15,17,10617,27149
2023-08-10 14:06:40,15,17,10617,27151
2023-08-10 14:07:10,15,18,10617,27151
2023-08-10 14:07:13,16,18,10617,27151
2023-08-10 14:07:15,16,19,10617,27151
2023-08-10 14:07:15,17,19,10617,27151
2023-08-10 14:07:15,17,18,10617,27151
2023-08-10 14:07:15,17,19,10617,27151
2023-08-10 14:07:28,16,19,10617,27151
2023-08-10 14:07:43,17,19,10617,27151
2023-08-10 14:07:50,16,19,10617,27151
2023-08-10 14:07:55,16,18,10617,27151
2023-08-10 14:07:59,15,18,10617,27151
2023-08-10 14:08:01,16,18,10617,27151
2023-08-10 14:08:05,16,19,10617,27151
2023-08-10 14:08:27,15,19,10617,27151
2023-08-10 14:08:27,15,18,10617,27151
2023-08-10 14:09:09,16,18,10617,27151
2023-08-10 14:09:18,15,18,10617,27151
2023-08-10 14:09:21,16,18,10617,27151
2023-08-10 14:09:37,15,18,10617,27151
2023-08-10 14:10:12,16,18,10617,27151
2023-08-10 14:10:13,16,19,10617,27151
2023-08-10 14:10:13,16,18,10617,27151
2023-08-10 14:10:13,16,19,10617,27151
2023-08-10 14:10:20,16,18,10617,27151
2023-08-10 14:10:20,16,19,10617,27151
2023-08-10 14:10:21,17,19,10617,27151
2023-08-10 14:10:37,17,20,10617,27151
2023-08-10 14:10:37,18,20,10617,27151
2023-08-10 14:10:39,18,21,10617,27151
2023-08-10 14:10:39,19,21,10617,27151
2023-08-10 14:11:02,18,21,10617,27151
2023-08-10 14:11:08,18,20,10617,27151
2023-08-10 14:11:19,17,20,10617,27151
2023-08-10 14:11:35,17,19,10617,27151
2023-08-10 14:11:36,16,19,10617,27151
2023-08-10 14:11:41,16,18,10617,27151
2023-08-10 14:11:41,15,18,10617,27151
2023-08-10 14:12:16,16,18,10617,27151
2023-08-10 14:12:23,16,19,10617,27151
2023-08-10 14:12:30,16,18,10617,27151
2023-08-10 14:12:31,15,18,10617,27151
2023-08-10 14:12:40,16,18,10617,27151
2023-08-10 14:12:43,16,19,10617,27151
2023-08-10 14:12:55,16,18,10617,27151
2023-08-10 14:12:56,15,18,10617,27151
2023-08-10 14:12:57,16,18,10617,27151
2023-08-10 14:12:57,16,19,10617,27151
2023-08-10 14:13:05,17,19,10617,27151
2023-08-10 14:13:07,16,19,10617,27151
2023-08-10 14:13:09,17,19,10617,27151
2023-08-10 14:13:11,16,19,10617,27151
2023-08-10 14:13:30,15,19,10617,27151
2023-08-10 14:13:30,15,18,10617,27151
2023-08-10 14:13:45,16,18,10617,27151
2023-08-10 14:13:51,16,19,10617,27151
2023-08-10 14:14:10,16,19,10617,27551
2023-08-10 14:14:10,16,20,10617,27551
2023-08-10 14:14:10,17,20,10617,27551
2023-08-10 14:14:10,19,20,10617,27551
2023-08-10 14:14:10,19,20,10617,27751
2023-08-10 14:14:10,19,20,10617,27764
2023-08-10 14:14:12,20,21,10617,27839
2023-08-10 14:14:18,20,22,10617,27839
2023-08-10 14:14:18,19,22,10617,27839
2023-08-10 14:14:18,21,22,10617,27839
2023-08-10 14:14:20,21,24,10617,27839
2023-08-10 14:14:20,20,24,10617,27839
2023-08-10 14:14:20,22,24,10617,27839
2023-08-10 14:14:21,22,23,10617,27839
2023-08-10 14:14:30,22,24,10617,27839
2023-08-10 14:14:30,21,24,10617,27839
2023-08-10 14:14:30,23,24,10617,27839
2023-08-10 14:15:24,23,25,10617,27839
2023-08-10 14:15:24,22,25,10617,27839
2023-08-10 14:15:24,24,25,10617,27839
2023-08-10 14:15:32,24,27,10617,27839
2023-08-10 14:15:32,25,27,10617,27839
2023-08-10 14:15:33,24,27,10617,27839
2023-08-10 14:15:33,26,27,10617,27839
2023-08-10 14:15:39,26,27,10617,27841
2023-08-10 14:15:44,24,27,10617,27841
2023-08-10 14:15:44,25,27,10617,27841
2023-08-10 14:15:48,24,27,10617,27841
2023-08-10 14:15:48,26,27,10617,27841
2023-08-10 14:15:55,26,27,10617,27843
2023-08-10 14:15:57,26,27,10617,28043
2023-08-10 14:15:57,23,27,10617,28043
2023-08-10 14:15:57,25,27,10617,28043
2023-08-10 14:16:01,25,26,10617,28043
2023-08-10 14:16:24,25,27,10617,28043
2023-08-10 14:16:33,24,27,10617,28043
2023-08-10 14:16:33,26,27,10617,28043
2023-08-10 14:16:36,24,27,10617,28043
2023-08-10 14:16:36,25,27,10617,28043
2023-08-10 14:16:40,25,26,10617,28043
2023-08-10 14:16:42,23,26,10617,28043
2023-08-10 14:16:42,24,26,10617,28043
2023-08-10 14:16:43,24,25,10617,28043
2023-08-10 14:16:46,22,25,10617,28043
2023-08-10 14:16:46,23,25,10617,28043
2023-08-10 14:16:47,23,24,10617,28043
2023-08-10 14:16:50,21,24,10617,28043
2023-08-10 14:16:50,22,24,10617,28043
2023-08-10 14:16:56,22,23,10617,28043
2023-08-10 14:17:03,22,24,10617,28043
2023-08-10 14:17:31,21,24,10617,28043
2023-08-10 14:17:31,23,24,10617,28043
2023-08-10 14:17:44,20,24,10617,28043
2023-08-10 14:17:44,22,24,10617,28043
2023-08-10 14:17:53,21,24,10617,28043
2023-08-10 14:17:53,23,24,10617,28043
2023-08-10 14:18:00,20,24,10617,28043
2023-08-10 14:18:00,22,24,10617,28043
2023-08-10 14:18:03,22,23,10617,28043
2023-08-10 14:18:10,19,23,10617,28043
2023-08-10 14:18:10,21,23,10617,28043
2023-08-10 14:18:14,21,22,10617,28043
2023-08-10 14:18:16,19,22,10617,28043
2023-08-10 14:18:16,20,22,10617,28043
2023-08-10 14:18:20,20,21,10617,28043
2023-08-10 14:18:31,17,21,10617,28043
2023-08-10 14:18:31,19,21,10617,28043
2023-08-10 14:18:32,19,20,10617,28043
2023-08-10 14:18:38,19,21,10617,28043
2023-08-10 14:18:38,18,21,10617,28043
2023-08-10 14:18:38,20,21,10617,28043
2023-08-10 14:18:53,20,22,10617,28043
2023-08-10 14:19:04,19,22,10617,28043
2023-08-10 14:19:04,21,22,10617,28043
2023-08-10 14:19:08,21,23,10617,28043
2023-08-10 14:19:15,21,22,10617,28043
2023-08-10 14:19:21,21,23,10617,28043
2023-08-10 14:19:24,21,22,10617,28043
2023-08-10 14:19:26,18,22,10617,28043
2023-08-10 14:19:26,20,22,10617,28043
2023-08-10 14:19:28,20,21,10617,28043
2023-08-10 14:19:35,18,21,10617,28043
2023-08-10 14:19:35,19,21,10617,28043
2023-08-10 14:19:53,18,21,10617,28043
2023-08-10 14:19:53,20,21,10617,28043
2023-08-10 14:20:11,20,22,10617,28043
2023-08-10 14:20:30,20,23,10617,28043
2023-08-10 14:20:30,19,23,10617,28043
2023-08-10 14:20:30,21,23,10617,28043
2023-08-10 14:20:36,21,22,10617,28043
2023-08-10 14:20:36,19,22,10617,28043
2023-08-10 14:20:36,18,22,10617,28043
2023-08-10 14:20:36,20,22,10617,28043
2023-08-10 14:20:40,20,21,10617,28043
2023-08-10 14:20:43,18,21,10617,28043
2023-08-10 14:20:43,19,21,10617,28043
2023-08-10 14:21:11,19,22,10617,28043
2023-08-10 14:21:11,18,22,10617,28043
2023-08-10 14:21:11,20,22,10617,28043
2023-08-10 14:21:16,19,22,10617,28043
2023-08-10 14:21:16,21,22,10617,28043
2023-08-10 14:21:17,21,23,10617,28043
2023-08-10 14:21:30,19,23,10617,28043
2023-08-10 14:21:30,22,23,10617,28043
2023-08-10 14:21:32,19,23,10617,28043
2023-08-10 14:21:32,21,23,10617,28043
2023-08-10 14:22:11,21,22,10617,28043
2023-08-10 14:22:14,18,22,10617,28043
2023-08-10 14:22:15,20,22,10617,28043
2023-08-10 14:22:35,20,23,10617,28043
2023-08-10 14:22:35,19,23,10617,28043
2023-08-10 14:22:35,21,23,10617,28043
2023-08-10 14:22:36,20,23,10617,28043
2023-08-10 14:22:36,22,23,10617,28043
2023-08-10 14:22:49,22,24,10617,28043
2023-08-10 14:23:03,21,24,10617,28043
2023-08-10 14:23:03,23,24,10617,28043
2023-08-10 14:23:13,21,24,10617,28043
2023-08-10 14:23:13,22,24,10617,28043
2023-08-10 14:23:15,21,24,10617,28043
2023-08-10 14:23:15,23,24,10617,28043
2023-08-10 14:23:17,23,25,10617,28043
2023-08-10 14:23:32,22,25,10617,28043
2023-08-10 14:23:32,24,25,10617,28043
2023-08-10 14:23:44,21,25,10617,28043
2023-08-10 14:23:44,23,25,10617,28043
2023-08-10 14:23:53,23,26,10617,28043
2023-08-10 14:23:53,23,25,10617,28043
2023-08-10 14:23:53,23,26,10617,28043
2023-08-10 14:23:53,24,26,10617,28043
2023-08-10 14:23:56,23,26,10617,28043
2023-08-10 14:23:56,25,26,10617,28043
2023-08-10 14:24:07,22,26,10617,28043
2023-08-10 14:24:07,24,26,10617,28043
2023-08-10 14:24:45,24,25,10617,28043
2023-08-10 14:24:48,21,25,10617,28043
2023-08-10 14:24:48,23,25,10617,28043
2023-08-10 14:24:51,23,24,10617,28043
2023-08-10 14:24:55,23,25,10617,28043
2023-08-10 14:25:00,22,25,10617,28043
2023-08-10 14:25:00,24,25,10617,28043
2023-08-10 14:25:00,24,26,10617,28043
2023-08-10 14:25:06,24,25,10617,28043
2023-08-10 14:25:08,24,26,10617,28043
2023-08-10 14:25:24,24,25,10617,28043
2023-08-10 14:25:25,22,25,10617,28043
2023-08-10 14:25:25,23,25,10617,28043
2023-08-10 14:25:31,23,24,10617,28043
2023-08-10 14:25:41,23,25,10617,28043
2023-08-10 14:25:45,23,24,10617,28043
2023-08-10 14:26:07,23,25,10617,28043
2023-08-10 14:26:08,22,25,10617,28043
2023-08-10 14:26:08,24,25,10617,28043
2023-08-10 14:26:11,24,26,10617,28043
2023-08-10 14:26:11,23,26,10617,28043
2023-08-10 14:26:11,25,26,10617,28043
2023-08-10 14:26:21,23,26,10617,28043
2023-08-10 14:26:21,24,26,10617,28043
2023-08-10 14:26:25,24,25,10617,28043
2023-08-10 14:26:28,22,25,10617,28043
2023-08-10 14:26:28,23,25,10617,28043
2023-08-10 14:26:32,23,24,10617,28043
2023-08-10 14:26:35,20,23,10617,28164
2023-08-10 14:26:36,20,24,10617,28164
2023-08-10 14:26:38,20,23,10617,28164
2023-08-10 14:26:42,19,23,10617,28164
2023-08-10 14:26:50,19,22,10617,28164
2023-08-10 14:26:51,19,23,10617,28164
2023-08-10 14:26:59,18,23,10617,28164
2023-08-10 14:26:59,18,22,10617,28164
2023-08-10 14:27:01,19,22,10617,28164
2023-08-10 14:27:02,18,22,10617,28164
2023-08-10 14:27:03,19,22,10617,28164
2023-08-10 14:27:10,18,22,10617,28164
2023-08-10 14:27:15,18,21,10617,28164
2023-08-10 14:27:17,17,21,10617,28164
2023-08-10 14:27:19,17,20,10617,28164
2023-08-10 14:27:20,17,21,10617,28164
2023-08-10 14:27:21,17,20,10617,28164
2023-08-10 14:27:43,17,21,10617,28164
2023-08-10 14:27:46,18,21,10617,28164
2023-08-10 14:27:55,19,21,10617,28164
2023-08-10 14:27:55,19,22,10617,28164
2023-08-10 14:28:06,20,22,10617,28164
2023-08-10 14:28:06,20,23,10617,28164
2023-08-10 14:28:19,21,23,10617,28164
2023-08-10 14:28:19,21,24,10617,28164
2023-08-10 14:28:23,22,24,10617,28164
2023-08-10 14:28:24,22,25,10617,28164
2023-08-10 14:28:33,21,25,10617,28164
2023-08-10 14:28:33,21,24,10617,28164
2023-08-10 14:28:38,20,24,10617,28164
2023-08-10 14:28:38,21,24,10617,28164
2023-08-10 14:28:41,20,24,10617,28164
2023-08-10 14:28:41,20,23,10617,28164
2023-08-10 14:28:43,19,23,10617,28164
2023-08-10 14:28:43,20,23,10617,28164
2023-08-10 14:28:56,21,23,10617,28164
2023-08-10 14:28:57,21,24,10617,28164
2023-08-10 14:29:13,21,23,10617,28164
2023-08-10 14:29:15,20,23,10617,28164
2023-08-10 14:29:25,19,23,10617,28164
2023-08-10 14:29:25,19,22,10617,28164
2023-08-10 14:29:44,20,22,10617,28164
2023-08-10 14:29:44,20,23,10617,28164
2023-08-10 14:29:48,19,23,10617,28164
2023-08-10 14:29:48,19,22,10617,28164
2023-08-10 14:30:12,20,22,10617,28164
2023-08-10 14:30:12,20,23,10617,28164
2023-08-10 14:30:13,19,23,10617,28164
2023-08-10 14:30:13,20,23,10617,28164
2023-08-10 14:30:16,20,24,10617,28164
2023-08-10 14:30:23,21,24,10617,28164
2023-08-10 14:30:38,21,23,10617,28164
2023-08-10 14:30:40,21,24,10617,28164
2023-08-10 14:31:04,22,24,10617,28164
2023-08-10 14:31:27,22,25,10617,28164
2023-08-10 14:31:33,22,24,10617,28164
2023-08-10 14:31:33,22,25,10617,28164
2023-08-10 14:31:38,22,24,10617,28164
2023-08-10 14:31:38,22,25,10617,28164
2023-08-10 14:31:39,22,24,10617,28164
2023-08-10 14:31:43,22,23,10617,28164
2023-08-10 14:31:46,20,23,10728,28275
2023-08-10 14:31:54,19,23,10728,28275
2023-08-10 14:31:55,19,22,10728,28275
2023-08-10 14:31:58,19,21,10728,28275
2023-08-10 14:31:58,20,21,10728,28275
2023-08-10 14:31:58,20,22,10728,28275
2023-08-10 14:31:58,20,22,10728,28350
2023-08-10 14:31:58,20,23,10728,28350
2023-08-10 14:32:03,20,22,10728,28350
2023-08-10 14:32:03,20,23,10728,28350
2023-08-10 14:32:07,19,23,10728,28350
2023-08-10 14:32:08,19,22,10728,28350
2023-08-10 14:32:08,19,23,10728,28350
2023-08-10 14:32:09,19,22,10728,28350
2023-08-10 14:32:15,19,21,10728,28350
2023-08-10 14:32:15,19,22,10728,28350
2023-08-10 14:32:21,19,21,10728,28350
2023-08-10 14:32:21,19,22,10728,28350
2023-08-10 14:32:26,19,21,10728,28350
2023-08-10 14:32:26,19,22,10728,28350
2023-08-10 14:32:27,19,21,10728,28350
2023-08-10 14:32:32,18,21,10728,28350
2023-08-10 14:32:38,18,22,10728,28350
2023-08-10 14:32:41,18,21,10728,28350
2023-08-10 14:32:41,18,22,10728,28350
2023-08-10 14:32:46,18,21,10728,28350
2023-08-10 14:32:46,19,21,10728,28350
2023-08-10 14:32:46,19,22,10728,28350
2023-08-10 14:32:52,19,21,10728,28350
2023-08-10 14:32:52,19,22,10728,28350
2023-08-10 14:32:57,19,21,10728,28350
2023-08-10 14:32:57,19,22,10728,28350
2023-08-10 14:33:02,19,21,10728,28350
2023-08-10 14:33:02,19,22,10728,28350
2023-08-10 14:33:07,19,21,10728,28350
2023-08-10 14:33:07,19,22,10728,28350
2023-08-10 14:33:09,19,21,10728,28350
2023-08-10 14:33:14,19,22,10728,28350
2023-08-10 14:33:14,19,20,10728,28350
2023-08-10 14:33:14,19,22,10728,28350
2023-08-10 14:33:19,19,21,10728,28350
2023-08-10 14:33:19,19,22,10728,28350
2023-08-10 14:33:27,19,21,10728,28350
2023-08-10 14:33:27,19,22,10728,28350
2023-08-10 14:33:32,19,21,10728,28350
2023-08-10 14:33:32,19,22,10728,28350
2023-08-10 14:33:37,19,21,10728,28350
2023-08-10 14:33:37,19,22,10728,28350
2023-08-10 14:33:42,19,21,10728,28350
2023-08-10 14:33:42,19,22,10728,28350
2023-08-10 14:33:43,20,22,10728,28350
2023-08-10 14:33:43,20,22,10728,28397
2023-08-10 14:33:43,20,23,10728,28397
2023-08-10 14:33:54,21,23,10728,28397
2023-08-10 14:33:54,21,24,10728,28397
2023-08-10 14:33:54,21,23,10728,28397
2023-08-10 14:33:54,21,24,10728,28397
2023-08-10 14:33:59,20,24,10728,28397
2023-08-10 14:34:00,20,23,10728,28397
2023-08-10 14:34:01,19,23,10728,28397
2023-08-10 14:34:01,19,22,10728,28397
2023-08-10 14:34:09,19,21,10728,28397
2023-08-10 14:34:19,19,20,10728,28397
2023-08-10 14:34:38,19,20,10788,28457
2023-08-10 14:34:39,16,18,10794,28463
2023-08-10 14:34:50,16,20,10794,28463
2023-08-10 14:34:50,16,19,10794,28463
2023-08-10 14:34:50,16,20,10794,28463
2023-08-10 14:35:00,16,19,10794,28463
2023-08-10 14:35:06,16,20,10794,28463
2023-08-10 14:35:06,16,19,10794,28463
2023-08-10 14:35:06,16,20,10794,28463
2023-08-10 14:35:15,16,19,10794,28463
2023-08-10 14:35:15,16,20,10794,28463
2023-08-10 14:35:20,16,19,10794,28463
2023-08-10 14:35:20,16,20,10794,28463
2023-08-10 14:35:23,16,19,10794,28463
2023-08-10 14:35:33,16,18,10794,28463
2023-08-10 14:35:34,15,18,10794,28463
2023-08-10 14:35:34,15,17,10794,28463
2023-08-10 14:35:40,14,17,10794,28463
2023-08-10 14:35:43,14,16,10794,28463
2023-08-10 14:35:57,14,15,10794,28463
2023-08-10 14:35:57,14,16,10794,28538
2023-08-10 14:35:59,14,16,10794,28613
2023-08-10 14:36:06,14,17,10794,28613
2023-08-10 14:36:13,14,18,10794,28613
2023-08-10 14:36:18,15,18,10794,28613
2023-08-10 14:36:24,15,19,10794,28613
2023-08-10 14:36:24,16,19,10794,28613
2023-08-10 14:36:31,17,19,10794,28613
2023-08-10 14:36:31,17,20,10794,28613
2023-08-10 14:37:00,16,20,10794,28613
2023-08-10 14:37:00,16,19,10794,28613
2023-08-10 14:37:08,16,20,10794,28613
2023-08-10 14:37:11,16,19,10794,28613
2023-08-10 14:37:15,16,18,10794,28613
2023-08-10 14:37:27,15,18,10794,28613
2023-08-10 14:37:52,14,18,10794,28613
2023-08-10 14:37:52,14,17,10794,28613
2023-08-10 14:37:57,14,16,10794,28613
2023-08-10 14:38:05,13,16,10794,28613
2023-08-10 14:38:05,13,15,10794,28613
2023-08-10 14:38:21,13,16,10794,28613
2023-08-10 14:38:42,14,16,10794,28613
2023-08-10 14:38:42,14,17,10794,28613
2023-08-10 14:38:44,14,18,10794,28613
2023-08-10 14:39:02,15,18,10794,28613
2023-08-10 14:39:07,16,18,10794,28613
2023-08-10 14:39:07,16,19,10794,28613
2023-08-10 14:39:11,17,19,10794,28613
2023-08-10 14:39:11,17,20,10794,28613
2023-08-10 14:39:13,16,20,10794,28613
2023-08-10 14:39:13,17,20,10794,28613
2023-08-10 14:39:14,16,20,10794,28613
2023-08-10 14:39:16,17,20,10794,28613
2023-08-10 14:39:23,16,20,10794,28613
2023-08-10 14:39:27,16,19,10794,28613
2023-08-10 14:39:31,16,20,10794,28613
2023-08-10 14:39:38,17,20,10794,28613
2023-08-10 14:39:47,16,20,10794,28613
2023-08-10 14:39:48,17,20,10794,28613
2023-08-10 14:40:05,16,20,10794,28613
2023-08-10 14:40:10,16,19,10794,28613
2023-08-10 14:40:16,15,19,10794,28613
2023-08-10 14:40:16,15,18,10794,28613
2023-08-10 14:40:31,15,17,10794,28613
2023-08-10 14:40:31,14,17,10794,28613
2023-08-10 14:40:38,13,17,10794,28613
2023-08-10 14:40:38,13,16,10794,28613
2023-08-10 14:40:54,13,15,10794,28613
2023-08-10 14:41:06,12,15,10794,28613
2023-08-10 14:41:06,12,14,10794,28613
2023-08-10 14:41:38,12,15,10794,28613
2023-08-10 14:41:40,13,15,10794,28613
2023-08-10 14:41:40,13,16,10794,28613
2023-08-10 14:41:52,12,16,10794,28613
2023-08-10 14:41:58,13,16,10794,28613
2023-08-10 14:42:02,14,16,10794,28613
2023-08-10 14:42:02,14,17,10794,28613
2023-08-10 14:42:05,13,17,10794,28613
2023-08-10 14:42:10,14,17,10794,28613
2023-08-10 14:42:18,13,17,10794,28613
2023-08-10 14:42:19,14,17,10794,28613
2023-08-10 14:42:20,13,17,10794,28613
2023-08-10 14:42:21,14,17,10794,28613
2023-08-10 14:42:22,13,17,10794,28613
2023-08-10 14:42:22,14,17,10794,28613
2023-08-10 14:42:27,13,17,10794,28613
2023-08-10 14:42:28,13,16,10794,28613
2023-08-10 14:42:45,13,15,10794,28613
2023-08-10 14:43:01,12,15,10794,28613
2023-08-10 14:43:39,13,15,10794,28613
2023-08-10 14:43:39,13,16,10794,28613
2023-08-10 14:43:41,12,16,10794,28613
2023-08-10 14:43:44,12,15,10794,28613
2023-08-10 14:43:58,13,15,10794,28613
2023-08-10 14:43:58,13,16,10794,28613
2023-08-10 14:44:21,12,16,10794,28613
2023-08-10 14:44:21,12,15,10794,28613
2023-08-10 14:44:38,13,15,10794,28613
2023-08-10 14:44:41,12,15,10794,28613
2023-08-10 14:44:56,13,15,10794,28613
2023-08-10 14:44:59,13,17,10794,28613
2023-08-10 14:44:59,13,16,10794,28613
2023-08-10 14:45:46,14,16,10794,28613
2023-08-10 14:45:47,14,17,10794,28613
2023-08-10 14:46:00,14,16,10794,28613
2023-08-10 14:46:01,13,16,10794,28613
2023-08-10 14:46:09,12,16,10794,28613
2023-08-10 14:46:09,12,15,10794,28613
2023-08-10 14:46:18,13,15,10794,28613
2023-08-10 14:46:20,13,16,10794,28613
2023-08-10 14:46:33,12,16,10794,28613
2023-08-10 14:46:35,12,15,10794,28613
2023-08-10 14:46:45,13,15,10794,28613
2023-08-10 14:46:55,13,16,10794,28613
2023-08-10 14:47:04,12,16,10794,28613
2023-08-10 14:47:05,13,16,10794,28613
2023-08-10 14:47:12,12,16,10794,28613
2023-08-10 14:47:12,12,15,10794,28613
2023-08-10 14:47:24,12,14,10794,28613
2023-08-10 14:47:26,11,14,10794,28613
2023-08-10 14:47:26,11,13,10794,28613
2023-08-10 14:47:31,11,14,10794,28613
2023-08-10 14:47:32,12,14,10794,28613
2023-08-10 14:47:33,12,15,10794,28613
2023-08-10 14:47:36,13,15,10794,28613
2023-08-10 14:47:36,13,16,10794,28613
2023-08-10 14:47:37,14,16,10794,28613
2023-08-10 14:47:38,14,17,10794,28613
2023-08-10 14:47:49,15,17,10794,28613
2023-08-10 14:47:49,15,18,10794,28613
2023-08-10 14:47:50,16,18,10794,28613
2023-08-10 14:47:50,16,19,10794,28613
2023-08-10 14:47:54,17,19,10794,28613
2023-08-10 14:47:54,17,20,10794,28613
2023-08-10 14:47:55,18,20,10794,28613
2023-08-10 14:47:57,18,21,10794,28613
2023-08-10 14:47:59,19,21,10794,28613
2023-08-10 14:48:00,19,22,10794,28613
2023-08-10 14:48:03,21,22,10794,28613
2023-08-10 14:48:03,21,24,10794,28613
2023-08-10 14:48:06,21,23,10794,28613
2023-08-10 14:48:11,19,23,10794,28613
2023-08-10 14:48:12,20,23,10794,28613
2023-08-10 14:48:13,19,23,10794,28613
2023-08-10 14:48:13,20,23,10794,28613
2023-08-10 14:48:14,19,23,10794,28613
2023-08-10 14:48:18,20,23,10794,28613
2023-08-10 14:48:26,19,23,10794,28613
2023-08-10 14:48:28,19,22,10794,28613
2023-08-10 14:48:39,18,22,10794,28613
2023-08-10 14:48:39,18,21,10794,28613
2023-08-10 14:48:48,17,21,10794,28613
2023-08-10 14:48:48,17,20,10794,28613
2023-08-10 14:48:51,18,20,10794,28613
2023-08-10 14:48:51,18,21,10794,28613
2023-08-10 14:49:04,17,21,10794,28613
2023-08-10 14:49:05,17,20,10794,28613
2023-08-10 14:49:06,16,20,10794,28613
2023-08-10 14:49:06,16,19,10794,28613
2023-08-10 14:49:09,17,19,10794,28613
2023-08-10 14:49:09,17,21,10794,28613
2023-08-10 14:49:38,18,20,10794,28613
2023-08-10 14:49:38,18,22,10794,28613
2023-08-10 14:49:38,18,21,10794,28613
2023-08-10 14:49:42,17,21,10794,28613
2023-08-10 14:49:47,17,20,10794,28613
2023-08-10 14:50:04,16,20,10794,28613
2023-08-10 14:50:04,16,19,10794,28613
2023-08-10 14:50:06,16,18,10794,28613
2023-08-10 14:50:11,16,19,10794,28613
2023-08-10 14:50:11,16,18,10794,28613
2023-08-10 14:50:11,16,19,10794,28613
2023-08-10 14:50:17,17,19,10794,28613
2023-08-10 14:50:17,17,20,10794,28613
2023-08-10 14:50:20,18,20,10794,28613
2023-08-10 14:50:21,18,21,10794,28613
2023-08-10 14:50:22,18,20,10794,28613
2023-08-10 14:50:22,18,21,10794,28613
2023-08-10 14:50:23,19,21,10794,28613
2023-08-10 14:50:29,18,21,10794,28613
2023-08-10 14:50:31,19,21,10794,28613
2023-08-10 14:50:32,20,21,10794,28613
2023-08-10 14:50:32,20,22,10794,28613
2023-08-10 14:50:35,19,22,10794,28613
2023-08-10 14:50:38,20,22,10794,28613
2023-08-10 14:50:38,20,24,10794,28613
2023-08-10 14:50:47,21,23,10794,28613
2023-08-10 14:50:47,21,24,10794,28613
2023-08-10 14:50:47,21,23,10794,28613
2023-08-10 14:50:47,21,24,10794,28613
2023-08-10 14:50:48,23,24,10794,28613
2023-08-10 14:50:48,23,26,10794,28613
2023-08-10 14:50:50,24,26,10794,28613
2023-08-10 14:50:56,23,26,10794,28613
2023-08-10 14:51:01,23,25,10794,28613
2023-08-10 14:51:01,23,26,10794,28613
2023-08-10 14:51:02,23,27,10794,28613
2023-08-10 14:51:11,23,27,10794,28613
2023-08-10 14:51:15,24,26,10794,28613
2023-08-10 14:51:15,24,27,10794,28613
2023-08-10 14:51:16,25,27,10794,28613
2023-08-10 14:51:16,25,28,10794,28613
2023-08-10 14:51:21,25,27,10794,28613
2023-08-10 14:51:21,25,29,10794,28613
2023-08-10 14:51:22,26,29,10794,28613
2023-08-10 14:51:24,25,29,10794,28613
2023-08-10 14:51:26,25,28,10794,28613
2023-08-10 14:51:26,25,29,10794,28613
2023-08-10 14:51:33,25,28,10794,28613
2023-08-10 14:51:38,24,28,10794,28613
2023-08-10 14:51:38,24,27,10794,28613
2023-08-10 14:51:38,24,28,10794,28613
2023-08-10 14:51:39,25,28,10794,28613
2023-08-10 14:51:40,24,28,10794,28613
2023-08-10 14:51:40,24,27,10794,28613
2023-08-10 14:51:44,24,26,10794,28613
2023-08-10 14:51:44,24,27,10794,28613
2023-08-10 14:51:50,24,26,10794,28613
2023-08-10 14:51:50,24,27,10794,28613
2023-08-10 14:51:57,24,26,10794,28613
2023-08-10 14:51:57,24,27,10794,28613
2023-08-10 14:52:02,24,26,10794,28613
2023-08-10 14:52:02,24,27,10794,28613
2023-08-10 14:52:07,25,27,10794,28613
2023-08-10 14:52:07,25,29,10794,28613
2023-08-10 14:52:07,25,28,10794,28613
2023-08-10 14:52:07,25,26,10794,28613
2023-08-10 14:52:07,25,28,10794,28613
2023-08-10 14:52:10,24,28,10794,28613
2023-08-10 14:52:12,24,27,10794,28613
2023-08-10 14:52:12,24,26,10794,28613
2023-08-10 14:52:12,24,27,10794,28613
2023-08-10 14:52:18,24,26,10794,28613
2023-08-10 14:52:18,24,27,10794,28613
2023-08-10 14:52:20,23,27,10794,28613
2023-08-10 14:52:20,23,26,10794,28613
2023-08-10 14:52:23,22,26,10794,28613
2023-08-10 14:52:23,22,25,10794,28613
2023-08-10 14:52:28,23,25,10794,28613
2023-08-10 14:52:28,23,24,10794,28613
2023-08-10 14:52:28,23,25,10794,28613
2023-08-10 14:52:30,23,27,10794,28613
2023-08-10 14:52:30,23,26,10794,28613
2023-08-10 14:52:34,23,25,10794,28613
2023-08-10 14:52:34,23,26,10794,28613
2023-08-10 14:52:39,23,25,10794,28613
2023-08-10 14:52:39,23,26,10794,28613
2023-08-10 14:52:45,23,25,10794,28613
2023-08-10 14:52:45,23,26,10794,28613
2023-08-10 14:52:50,23,25,10794,28613
2023-08-10 14:52:50,23,26,10794,28613
2023-08-10 14:52:52,24,26,10794,28613
2023-08-10 14:52:52,24,27,10794,28613
2023-08-10 14:52:54,25,27,10794,28613
2023-08-10 14:52:54,25,27,10794,28669
2023-08-10 14:53:01,25,26,10794,28669
2023-08-10 14:53:01,25,27,10794,28669
2023-08-10 14:53:06,25,26,10794,28669
2023-08-10 14:53:06,25,27,10794,28669
2023-08-10 14:53:08,25,28,10794,28669
2023-08-10 14:53:11,25,27,10794,28669
2023-08-10 14:53:14,25,26,10794,28669
2023-08-10 14:53:14,25,27,10794,28669
2023-08-10 14:53:18,24,27,10794,28669
2023-08-10 14:53:18,24,26,10794,28669
2023-08-10 14:53:27,24,28,10794,28669
2023-08-10 14:53:27,24,27,10794,28669
2023-08-10 14:53:33,24,26,10794,28669
2023-08-10 14:53:33,24,27,10794,28669
2023-08-10 14:53:38,24,26,10794,28669
2023-08-10 14:53:38,24,27,10794,28669
2023-08-10 14:53:47,24,26,10794,28669
2023-08-10 14:53:47,24,27,10794,28669
2023-08-10 14:53:54,25,27,10794,28669
2023-08-10 14:53:54,25,26,10794,28669
2023-08-10 14:53:54,25,28,10794,28669
2023-08-10 14:53:57,24,28,10794,28669
2023-08-10 14:53:57,24,29,10794,28669
2023-08-10 14:53:59,24,28,10794,28669
2023-08-10 14:54:01,24,25,10794,28669
2023-08-10 14:54:01,24,26,10794,28669
2023-08-10 14:54:02,23,26,10794,28727
2023-08-10 14:54:06,23,25,10794,28727
2023-08-10 14:54:06,23,26,10794,28727
2023-08-10 14:54:12,23,25,10794,28727
2023-08-10 14:54:12,23,26,10794,28727
2023-08-10 14:54:18,23,25,10794,28727
2023-08-10 14:54:18,23,26,10794,28727
2023-08-10 14:54:20,23,28,10794,28727
2023-08-10 14:54:20,23,27,10794,28727
2023-08-10 14:54:23,24,27,10794,28727
2023-08-10 14:54:23,24,26,10794,28727
2023-08-10 14:54:23,24,27,10794,28727
2023-08-10 14:54:24,25,27,10794,28727
2023-08-10 14:54:24,24,27,10794,28733
2023-08-10 14:54:24,24,29,10794,28733
2023-08-10 14:54:24,24,28,10794,28733
2023-08-10 14:54:25,25,28,10794,28733
2023-08-10 14:54:25,24,28,10794,28739
2023-08-10 14:54:27,24,27,10794,28739
2023-08-10 14:54:28,24,26,10794,28739
2023-08-10 14:54:28,24,27,10794,28739
2023-08-10 14:54:30,24,27,10794,28744
2023-08-10 14:54:30,24,27,10865,28939
2023-08-10 14:54:30,24,26,10865,28939
2023-08-10 14:54:33,23,26,10865,28939
2023-08-10 14:54:34,23,27,10865,28939
2023-08-10 14:54:34,23,26,10865,28939
2023-08-10 14:54:34,23,27,10865,28939
2023-08-10 14:54:34,23,25,10865,28939
2023-08-10 14:54:54,22,25,10865,28939
2023-08-10 14:54:55,22,26,10865,28939
2023-08-10 14:54:55,22,24,10865,28939
2023-08-10 14:54:59,23,24,10865,28939
2023-08-10 14:54:59,23,25,10865,28939
2023-08-10 14:55:05,23,27,10865,28939
2023-08-10 14:55:05,24,27,10865,28939
2023-08-10 14:55:05,24,26,10865,28939
2023-08-10 14:55:11,25,26,10865,28939
2023-08-10 14:55:11,25,27,10865,28939
2023-08-10 14:55:11,25,29,10865,28939
2023-08-10 14:55:11,25,28,10865,28939
2023-08-10 14:55:11,25,29,10865,28939
2023-08-10 14:55:11,25,27,10865,28939
2023-08-10 14:55:16,25,28,10865,28939
2023-08-10 14:55:16,24,28,10865,28939
2023-08-10 14:55:16,24,26,10865,28939
2023-08-10 14:55:23,24,28,10865,28939
2023-08-10 14:55:23,23,28,10865,28939
2023-08-10 14:55:23,23,27,10865,28939
2023-08-10 14:55:23,23,25,10865,28939
2023-08-10 14:55:29,23,26,10865,28939
2023-08-10 14:55:29,22,26,10865,28939
2023-08-10 14:55:29,22,24,10865,28939
2023-08-10 14:55:31,22,26,10865,28939
2023-08-10 14:55:31,22,25,10865,28939
2023-08-10 14:55:31,22,23,10865,28939
2023-08-10 14:55:32,21,23,10865,28939
2023-08-10 14:55:37,22,23,10865,28939
2023-08-10 14:55:37,22,25,10865,28939
2023-08-10 14:55:37,22,26,10865,28939
2023-08-10 14:55:37,22,24,10865,28939
2023-08-10 14:55:41,23,24,10865,28939
2023-08-10 14:55:41,23,26,10865,28939
2023-08-10 14:55:41,23,27,10865,28939
2023-08-10 14:55:41,23,25,10865,28939
2023-08-10 14:56:17,24,25,10865,28939
2023-08-10 14:56:17,24,28,10865,28939
2023-08-10 14:56:17,24,26,10865,28939
2023-08-10 14:56:23,23,26,10865,28939
2023-08-10 14:56:23,23,28,10865,28939
2023-08-10 14:56:23,23,27,10865,28939
2023-08-10 14:56:23,23,25,10865,28939
2023-08-10 14:57:17,24,25,10865,28939
2023-08-10 14:57:17,24,28,10865,28939
2023-08-10 14:57:17,24,26,10865,28939
2023-08-10 14:57:22,26,28,10865,28945
2023-08-10 14:57:22,26,27,10865,28945
2023-08-10 14:57:22,26,28,10865,28945
2023-08-10 14:57:22,26,30,10865,28945
2023-08-10 14:57:27,26,29,10865,28945
2023-08-10 14:57:27,26,30,10865,28945
2023-08-10 14:57:30,26,29,10865,28945
2023-08-10 14:57:31,25,29,10865,28945
2023-08-10 14:57:31,25,28,10865,28945
2023-08-10 14:57:31,24,28,10865,28945
2023-08-10 14:57:33,24,27,10865,28945
2023-08-10 14:57:33,24,28,10865,28945
2023-08-10 14:57:36,23,28,10865,28945
2023-08-10 14:57:36,23,27,10865,28945
2023-08-10 14:57:42,24,27,10865,28945
2023-08-10 14:57:42,24,28,10865,28945
2023-08-10 14:57:42,24,27,10865,28945
2023-08-10 14:57:42,24,28,10865,28945
2023-08-10 14:57:44,24,30,10865,28945
2023-08-10 14:57:44,24,29,10865,28945
2023-08-10 14:57:46,25,29,10865,28945
2023-08-10 14:57:50,25,28,10865,28945
2023-08-10 14:57:50,25,29,10865,28945
2023-08-10 14:57:55,25,28,10865,28945
2023-08-10 14:57:55,25,29,10865,28945
2023-08-10 14:58:02,25,28,10865,28945
2023-08-10 14:58:02,25,29,10865,28945
2023-08-10 14:58:07,25,28,10865,28945
2023-08-10 14:58:07,25,29,10865,28945
2023-08-10 14:58:08,28,29,10865,28945
2023-08-10 14:58:08,25,29,10902,28982
2023-08-10 14:58:12,26,29,10902,28982
2023-08-10 14:58:12,26,30,10902,28982
2023-08-10 14:58:12,26,29,10902,28982
2023-08-10 14:58:12,26,30,10902,28982
2023-08-10 14:58:17,26,29,10902,28982
2023-08-10 14:58:18,26,30,10902,28982
2023-08-10 14:58:25,26,29,10902,28982
2023-08-10 14:58:25,26,30,10902,28982
2023-08-10 14:58:28,24,30,10902,28982
2023-08-10 14:58:28,25,29,10902,28982
2023-08-10 14:58:30,25,28,10902,28982
2023-08-10 14:58:31,25,29,10902,28982
2023-08-10 14:58:36,26,29,10902,28982
2023-08-10 14:58:36,26,28,10902,28982
2023-08-10 14:58:36,26,29,10902,28982
2023-08-10 14:58:37,26,30,10902,28982
2023-08-10 14:58:41,26,29,10902,28982
2023-08-10 14:58:41,26,30,10902,28982
2023-08-10 14:58:48,27,30,10902,28982
2023-08-10 14:58:48,27,31,10902,28982
2023-08-10 14:58:48,27,29,10902,28982
2023-08-10 14:58:48,27,31,10902,28982
2023-08-10 14:58:50,26,31,10977,29057
2023-08-10 14:58:50,26,29,10977,29057
2023-08-10 14:58:54,26,28,10977,29057
2023-08-10 14:58:54,26,29,10977,29057
2023-08-10 14:58:54,27,29,10977,29057
2023-08-10 14:58:59,27,29,11040,29120
2023-08-10 14:59:00,26,27,11052,29132
2023-08-10 14:59:03,26,29,11052,29195
2023-08-10 14:59:03,27,29,11052,29195
2023-08-10 14:59:08,26,29,11052,29195
2023-08-10 14:59:12,27,29,11052,29195
2023-08-10 14:59:23,26,29,11052,29195
2023-08-10 14:59:32,27,29,11052,29195
2023-08-10 14:59:34,27,31,11052,29195
2023-08-10 14:59:34,27,30,11052,29195
2023-08-10 14:59:38,27,29,11052,29195
2023-08-10 14:59:38,27,30,11052,29195
2023-08-10 14:59:43,27,29,11052,29195
2023-08-10 14:59:43,27,30,11052,29195
2023-08-10 14:59:45,27,31,11052,29195
2023-08-10 14:59:45,27,29,11052,29195
2023-08-10 14:59:50,27,31,11052,29195
2023-08-10 14:59:50,27,28,11052,29195
2023-08-10 14:59:50,27,31,11052,29195
2023-08-10 14:59:50,27,30,11052,29195
2023-08-10 14:59:55,28,30,11052,29195
2023-08-10 14:59:55,28,29,11052,29195
2023-08-10 14:59:55,28,30,11052,29195
2023-08-10 15:00:00,28,29,11052,29195
2023-08-10 15:00:00,28,30,11052,29195
2023-08-10 15:00:03,27,30,11054,29197
2023-08-10 15:00:04,28,30,11054,29197
2023-08-10 15:00:08,27,30,11054,29197
2023-08-10 15:00:08,27,29,11054,29197
2023-08-10 15:00:08,27,30,11054,29197
2023-08-10 15:00:08,27,31,11054,29197
2023-08-10 15:00:08,27,29,11054,29197
2023-08-10 15:00:08,25,29,11054,29197
2023-08-10 15:00:09,25,30,11054,29197
2023-08-10 15:00:09,25,28,11054,29197
2023-08-10 15:00:16,25,29,11054,29197
2023-08-10 15:00:16,24,29,11054,29197
2023-08-10 15:00:16,24,28,11054,29197
2023-08-10 15:00:16,24,27,11054,29197
2023-08-10 15:00:18,24,28,11054,29197
2023-08-10 15:00:18,24,26,11054,29197
2023-08-10 15:00:20,23,26,11056,29199
2023-08-10 15:00:25,23,27,11056,29199
2023-08-10 15:00:25,23,26,11056,29199
2023-08-10 15:00:25,23,27,11056,29199
2023-08-10 15:00:31,23,27,11056,29199
2023-08-10 15:00:31,23,24,11056,29199
2023-08-10 15:00:36,21,24,11056,29199
2023-08-10 15:00:38,21,26,11056,29199
2023-08-10 15:00:38,21,23,11056,29199
2023-08-10 15:00:40,21,24,11056,29199
2023-08-10 15:00:40,21,22,11056,29199
2023-08-10 15:00:43,20,22,11056,29199
2023-08-10 15:00:43,20,23,11056,29199
2023-08-10 15:00:43,20,21,11056,29199
2023-08-10 15:00:45,20,23,11056,29199
2023-08-10 15:00:45,20,24,11056,29199
2023-08-10 15:00:45,20,22,11056,29199
2023-08-10 15:00:53,20,22,11058,29201
2023-08-10 15:01:02,19,22,11058,29201
2023-08-10 15:01:02,19,23,11058,29201
2023-08-10 15:01:02,18,23,11058,29201
2023-08-10 15:01:02,18,21,11058,29201
2023-08-10 15:01:02,18,23,11058,29201
2023-08-10 15:01:02,18,20,11058,29201
2023-08-10 15:01:08,17,20,11058,29201
2023-08-10 15:01:08,17,22,11058,29201
2023-08-10 15:01:08,17,21,11058,29201
2023-08-10 15:01:08,17,19,11058,29201
2023-08-10 15:01:09,17,19,11060,29203
2023-08-10 15:01:12,17,20,11060,29203
2023-08-10 15:01:12,17,18,11060,29203
2023-08-10 15:01:21,16,18,11060,29203
2023-08-10 15:01:21,15,18,11060,29203
2023-08-10 15:01:21,15,19,11060,29203
2023-08-10 15:01:21,15,17,11060,29203
2023-08-10 15:01:24,16,17,11060,29203
2023-08-10 15:01:26,15,17,11060,29203
2023-08-10 15:01:27,16,17,11060,29203
2023-08-10 15:01:32,15,17,11060,29203
2023-08-10 15:01:34,15,19,11060,29203
2023-08-10 15:01:34,15,18,11060,29203
2023-08-10 15:01:34,15,16,11060,29203
2023-08-10 15:01:37,13,16,11060,29203
2023-08-10 15:01:37,13,17,11060,29203
2023-08-10 15:01:37,13,15,11060,29203
2023-08-10 15:01:42,14,15,11060,29203
2023-08-10 15:01:43,13,15,11060,29203
2023-08-10 15:01:45,13,17,11060,29203
2023-08-10 15:01:45,13,16,11060,29203
2023-08-10 15:01:45,13,14,11060,29203
2023-08-10 15:01:47,14,16,11060,29353
2023-08-10 15:01:47,14,18,11060,29353
2023-08-10 15:01:47,14,17,11060,29353
2023-08-10 15:01:48,13,17,11060,29353
2023-08-10 15:01:59,14,17,11060,29353
2023-08-10 15:01:59,14,18,11060,29353
2023-08-10 15:02:05,13,18,11060,29353
2023-08-10 15:02:05,13,17,11060,29353
2023-08-10 15:02:06,14,17,11060,29353
2023-08-10 15:02:07,13,17,11060,29353
2023-08-10 15:02:07,13,16,11060,29353
2023-08-10 15:02:08,12,16,11060,29353
2023-08-10 15:02:08,12,15,11060,29353
2023-08-10 15:02:08,11,15,11060,29353
2023-08-10 15:02:15,12,15,11060,29353
2023-08-10 15:02:18,11,15,11060,29353
2023-08-10 15:02:23,12,15,11060,29353
2023-08-10 15:02:27,12,16,11060,29353
2023-08-10 15:02:31,12,15,11060,29353
2023-08-10 15:02:48,12,16,11060,29353
2023-08-10 15:02:49,13,16,11060,29353
2023-08-10 15:02:51,14,16,11060,29353
2023-08-10 15:02:51,14,18,11060,29353
2023-08-10 15:02:51,14,17,11060,29353
2023-08-10 15:02:57,14,17,11071,29364
2023-08-10 15:02:58,14,16,11071,29364
2023-08-10 15:02:58,14,17,11071,29364
2023-08-10 15:02:58,14,15,11071,29364
2023-08-10 15:02:59,14,17,11060,29375
2023-08-10 15:03:00,13,17,11060,29375
2023-08-10 15:03:02,14,17,11060,29375
2023-08-10 15:03:04,14,18,11060,29375
2023-08-10 15:03:04,14,17,11060,29375
2023-08-10 15:03:04,14,18,11060,29375
2023-08-10 15:03:07,15,18,11060,29375
2023-08-10 15:03:09,14,18,11060,29375
2023-08-10 15:03:09,14,17,11060,29375
2023-08-10 15:03:09,14,18,11060,29375
2023-08-10 15:03:10,14,17,11060,29375
2023-08-10 15:03:13,14,16,11060,29375
2023-08-10 15:03:13,13,16,11060,29375
2023-08-10 15:03:39,13,17,11060,29375
2023-08-10 15:03:42,14,17,11060,29375
2023-08-10 15:03:47,14,18,11060,29375
2023-08-10 15:03:47,14,17,11060,29375
2023-08-10 15:03:47,14,18,11060,29375
2023-08-10 15:03:55,14,17,11060,29375
2023-08-10 15:03:55,14,18,11060,29375
2023-08-10 15:03:57,15,18,11060,29375
2023-08-10 15:04:00,15,20,11060,29375
2023-08-10 15:04:00,15,19,11060,29375
2023-08-10 15:04:00,15,17,11060,29375
2023-08-10 15:04:00,15,19,11060,29375
2023-08-10 15:04:01,16,19,11060,29375
2023-08-10 15:04:09,15,19,11060,29375
2023-08-10 15:04:15,15,18,11060,29375
2023-08-10 15:04:31,16,18,11060,29375
2023-08-10 15:04:31,16,20,11060,29375
2023-08-10 15:04:35,15,19,11060,29375
2023-08-10 15:04:42,16,19,11060,29375
2023-08-10 15:05:01,15,19,11060,29375
2023-08-10 15:05:01,17,19,11060,29375
2023-08-10 15:05:01,17,21,11060,29375
2023-08-10 15:05:01,17,20,11060,29375
2023-08-10 15:05:02,16,20,11060,29375
2023-08-10 15:05:02,16,19,11060,29375
2023-08-10 15:05:09,16,20,11060,29375
2023-08-10 15:05:12,15,20,11060,29375
2023-08-10 15:05:12,17,20,11060,29375
2023-08-10 15:05:14,17,21,11060,29375
2023-08-10 15:05:15,18,21,11060,29375
2023-08-10 15:05:18,17,21,11060,29375
2023-08-10 15:05:22,17,20,11060,29375
2023-08-10 15:05:39,17,19,11060,29375
2023-08-10 15:05:39,14,19,11060,29375
2023-08-10 15:05:39,16,19,11060,29375
2023-08-10 15:05:42,15,19,11060,29375
2023-08-10 15:05:58,16,19,11060,29375
2023-08-10 15:06:08,16,18,11060,29375
2023-08-10 15:06:08,16,19,11060,29375
2023-08-10 15:06:13,16,18,11060,29375
2023-08-10 15:06:13,16,19,11060,29375
2023-08-10 15:06:20,16,18,11060,29375
2023-08-10 15:06:20,16,19,11060,29375
2023-08-10 15:06:25,16,18,11060,29375
2023-08-10 15:06:25,16,20,11060,29375
2023-08-10 15:06:30,15,20,11060,29375
2023-08-10 15:06:30,17,20,11060,29375
2023-08-10 15:06:30,17,19,11060,29375
2023-08-10 15:06:30,17,20,11060,29375
2023-08-10 15:06:31,17,20,11085,29400
2023-08-10 15:06:31,16,20,11085,29400
2023-08-10 15:06:31,16,19,11085,29400
2023-08-10 15:06:31,16,18,11085,29400
2023-08-10 15:06:54,16,19,11085,29400
2023-08-10 15:06:54,15,19,11085,29400
2023-08-10 15:06:54,15,17,11085,29400
2023-08-10 15:07:02,15,18,11085,29400
2023-08-10 15:07:02,15,16,11085,29400
2023-08-10 15:07:03,14,16,11085,29400
2023-08-10 15:07:06,14,17,11085,29400
2023-08-10 15:07:06,14,15,11085,29400
2023-08-10 15:07:07,12,15,11085,29400
2023-08-10 15:07:16,14,15,11085,29400
2023-08-10 15:07:17,14,17,11085,29400
2023-08-10 15:07:17,14,16,11085,29400
2023-08-10 15:07:46,14,17,11085,29400
2023-08-10 15:07:46,13,17,11085,29400
2023-08-10 15:07:46,13,15,11085,29400
2023-08-10 15:08:04,12,15,11085,29400
2023-08-10 15:08:05,12,16,11085,29400
2023-08-10 15:08:05,12,14,11085,29400
2023-08-10 15:08:07,12,16,11085,29400
2023-08-10 15:08:07,12,15,11085,29400
2023-08-10 15:08:08,13,15,11085,29400
2023-08-10 15:08:14,13,17,11085,29400
2023-08-10 15:08:14,13,18,11085,29400
2023-08-10 15:08:14,13,16,11085,29400
2023-08-10 15:08:16,14,16,11085,29400
2023-08-10 15:08:16,14,18,11085,29400
2023-08-10 15:08:16,14,17,11085,29400
2023-08-10 15:08:19,15,17,11085,29400
2023-08-10 15:08:21,15,19,11085,29400
2023-08-10 15:08:21,16,19,11085,29400
2023-08-10 15:08:21,16,20,11085,29400
2023-08-10 15:08:21,16,18,11085,29400
2023-08-10 15:08:23,16,20,11085,29400
2023-08-10 15:08:23,16,21,11085,29400
2023-08-10 15:08:23,16,19,11085,29400
2023-08-10 15:08:28,16,20,11085,29400
2023-08-10 15:08:28,16,18,11085,29400
2023-08-10 15:08:32,15,18,11085,29400
2023-08-10 15:08:44,15,19,11085,29400
2023-08-10 15:08:44,15,17,11085,29400
2023-08-10 15:08:55,15,19,11060,29425
2023-08-10 15:09:03,15,20,11060,29425
2023-08-10 15:09:08,15,19,11060,29425
2023-08-10 15:09:12,15,18,11060,29425
2023-08-10 15:09:13,14,18,11060,29425
2023-08-10 15:09:24,15,18,11060,29425
2023-08-10 15:09:32,14,18,11060,29425
2023-08-10 15:09:36,14,19,11060,29425
2023-08-10 15:09:36,15,19,11060,29425
2023-08-10 15:09:36,15,18,11060,29425
2023-08-10 15:09:36,15,19,11060,29425
2023-08-10 15:09:41,13,19,11060,29425
2023-08-10 15:09:41,14,19,11060,29425
2023-08-10 15:09:41,14,18,11060,29425
2023-08-10 15:09:51,15,18,11060,29425
2023-08-10 15:10:01,16,19,11060,29425
2023-08-10 15:10:02,16,21,11060,29425
2023-08-10 15:10:02,16,20,11060,29425
2023-08-10 15:10:10,17,20,11060,29425
2023-08-10 15:10:10,18,20,11060,29425
2023-08-10 15:10:10,18,22,11060,29425
2023-08-10 15:10:11,18,23,11060,29425
2023-08-10 15:10:11,19,23,11060,29425
2023-08-10 15:10:14,20,23,11060,29425
2023-08-10 15:10:26,20,24,11060,29425
2023-08-10 15:10:27,21,24,11060,29425
2023-08-10 15:10:27,22,24,11060,29425
2023-08-10 15:10:30,20,24,11135,29500
2023-08-10 15:10:49,22,24,11135,29500
2023-08-10 15:10:49,23,24,11135,29500
2023-08-10 15:10:49,23,26,11135,29500
2023-08-10 15:10:49,22,26,11210,29575
2023-08-10 15:10:55,22,25,11210,29575
2023-08-10 15:10:55,19,25,11210,29575
2023-08-10 15:10:55,19,26,11210,29575
2023-08-10 15:10:55,20,26,11210,29575
2023-08-10 15:10:55,21,26,11210,29575
2023-08-10 15:10:55,21,25,11210,29575
2023-08-10 15:11:00,21,24,11210,29575
2023-08-10 15:11:00,21,25,11210,29575
2023-08-10 15:11:00,21,24,11210,29575
2023-08-10 15:11:00,20,24,11210,29575
2023-08-10 15:11:02,20,25,11210,29575
2023-08-10 15:11:02,20,23,11210,29575
2023-08-10 15:11:05,19,23,11210,29575
2023-08-10 15:11:09,19,22,11210,29575
2023-08-10 15:11:09,19,23,11210,29575
2023-08-10 15:11:14,19,22,11210,29575
2023-08-10 15:11:14,19,23,11210,29575
2023-08-10 15:11:16,19,22,11210,29575
2023-08-10 15:11:16,18,22,11210,29575
2023-08-10 15:11:17,18,21,11210,29575
2023-08-10 15:11:20,18,23,11210,29575
2023-08-10 15:11:20,18,22,11210,29575
2023-08-10 15:11:21,19,22,11210,29575
2023-08-10 15:11:21,19,23,11210,29575
2023-08-10 15:11:26,19,23,11210,29675
2023-08-10 15:11:26,19,22,11210,29675
2023-08-10 15:11:26,19,23,11210,29675
2023-08-10 15:11:31,19,22,11210,29675
2023-08-10 15:11:31,19,23,11210,29675
2023-08-10 15:11:31,19,22,11210,29675
2023-08-10 15:11:33,18,22,11210,29675
2023-08-10 15:11:35,18,21,11210,29675
2023-08-10 15:11:35,17,21,11210,29675
2023-08-10 15:11:36,17,20,11210,29675
2023-08-10 15:11:41,17,19,11210,29675
2023-08-10 15:11:41,17,20,11210,29675
2023-08-10 15:11:47,17,19,11210,29675
2023-08-10 15:11:47,17,20,11210,29675
2023-08-10 15:11:54,17,19,11210,29675
2023-08-10 15:11:54,17,20,11210,29675
2023-08-10 15:11:56,17,22,11210,29675
2023-08-10 15:11:56,17,21,11210,29675
2023-08-10 15:12:02,17,22,11210,29675
2023-08-10 15:12:02,18,22,11210,29675
2023-08-10 15:12:02,18,21,11210,29675
2023-08-10 15:12:02,18,22,11210,29675
2023-08-10 15:12:07,18,21,11210,29675
2023-08-10 15:12:07,18,22,11210,29675
2023-08-10 15:12:10,19,22,11210,29675
2023-08-10 15:12:12,19,23,11210,29675
2023-08-10 15:12:14,19,25,11210,29675
2023-08-10 15:12:14,19,22,11210,29675
2023-08-10 15:12:14,19,25,11210,29675
2023-08-10 15:12:14,19,24,11210,29675
2023-08-10 15:12:15,20,24,11210,29675
2023-08-10 15:12:20,20,23,11210,29675
2023-08-10 15:12:20,20,24,11210,29675
2023-08-10 15:12:23,20,23,11210,29675
2023-08-10 15:12:23,19,23,11210,29675
2023-08-10 15:12:26,19,22,11210,29675
2023-08-10 15:12:26,19,23,11210,29675
2023-08-10 15:12:27,20,23,11210,29675
2023-08-10 15:12:27,20,25,11210,29675
2023-08-10 15:12:27,20,24,11210,29675
2023-08-10 15:12:32,20,23,11210,29675
2023-08-10 15:12:32,20,24,11210,29675
2023-08-10 15:12:37,20,23,11210,29675
2023-08-10 15:12:37,20,24,11210,29675
2023-08-10 15:12:43,20,23,11210,29675
2023-08-10 15:12:43,20,24,11210,29675
2023-08-10 15:12:44,20,25,11210,29675
2023-08-10 15:12:44,19,25,11210,29675
2023-08-10 15:12:44,21,25,11210,29675
2023-08-10 15:12:47,20,25,11210,29675
2023-08-10 15:12:49,20,24,11210,29675
2023-08-10 15:12:49,20,25,11210,29675
2023-08-10 15:12:54,20,24,11210,29675
2023-08-10 15:13:01,20,23,11210,29675
2023-08-10 15:13:01,20,24,11210,29675
2023-08-10 15:13:03,20,23,11210,29675
2023-08-10 15:13:03,19,23,11210,29675
2023-08-10 15:13:07,19,22,11210,29675
2023-08-10 15:13:07,19,25,11210,29675
2023-08-10 15:13:07,19,24,11210,29675
2023-08-10 15:13:13,19,23,11210,29675
2023-08-10 15:13:13,19,24,11210,29675
2023-08-10 15:13:17,19,23,11210,29675
2023-08-10 15:13:19,19,22,11210,29675
2023-08-10 15:13:19,19,23,11210,29675
2023-08-10 15:13:21,19,22,11210,29675
2023-08-10 15:13:21,18,22,11210,29675
2023-08-10 15:13:24,17,22,11210,29675
2023-08-10 15:13:24,17,21,11210,29675
2023-08-10 15:13:24,17,22,11210,29675
2023-08-10 15:13:24,17,21,11210,29675
2023-08-10 15:13:31,17,22,11210,29675
2023-08-10 15:13:31,17,21,11210,29675
2023-08-10 15:13:31,17,22,11210,29675
2023-08-10 15:13:35,18,22,11210,29675
2023-08-10 15:13:36,18,23,11210,29675
2023-08-10 15:13:36,18,21,11210,29675
2023-08-10 15:13:36,18,23,11210,29675
2023-08-10 15:13:44,18,22,11210,29675
2023-08-10 15:13:44,18,23,11210,29675
2023-08-10 15:13:46,18,22,11210,29675
2023-08-10 15:13:52,18,21,11210,29675
2023-08-10 15:13:52,18,22,11210,29675
2023-08-10 15:14:00,18,21,11210,29675
2023-08-10 15:14:00,18,22,11210,29675
2023-08-10 15:14:05,18,21,11210,29675
2023-08-10 15:14:05,18,22,11210,29675
2023-08-10 15:14:06,17,22,11210,29675
2023-08-10 15:14:07,17,21,11210,29675
2023-08-10 15:14:07,16,21,11210,29675
2023-08-10 15:14:08,16,20,11210,29675
2023-08-10 15:14:08,16,19,11210,29675
2023-08-10 15:14:09,15,19,11210,29675
2023-08-10 15:14:18,14,19,11210,29675
