datetime,bid,ask,open_interest,volume
2023-10-17 09:30:13,12,22,250,271
2023-10-17 09:30:13,9,22,250,271
2023-10-17 09:30:13,6,22,250,271
2023-10-17 09:30:13,0,22,250,271
2023-10-17 09:30:19,14,22,250,271
2023-10-17 09:30:55,11,22,350,371
2023-10-17 09:31:00,11,20,350,371
2023-10-17 09:31:00,16,20,350,371
2023-10-17 09:31:00,16,18,350,371
2023-10-17 09:31:01,16,18,396,417
2023-10-17 09:31:03,16,17,396,417
2023-10-17 09:31:03,16,17,516,537
2023-10-17 09:31:10,15,17,516,537
2023-10-17 09:31:16,15,18,516,537
2023-10-17 09:31:26,14,18,1516,1537
2023-10-17 09:31:27,14,17,1516,1537
2023-10-17 09:31:28,14,18,1516,1537
2023-10-17 09:31:28,15,18,1516,1537
2023-10-17 09:31:28,15,17,1516,1537
2023-10-17 09:31:29,15,18,1516,1537
2023-10-17 09:31:29,15,17,1516,1537
2023-10-17 09:31:31,15,18,1516,1537
2023-10-17 09:31:33,15,17,1516,1537
2023-10-17 09:31:44,15,18,1516,1537
2023-10-17 09:31:46,15,17,1516,1537
2023-10-17 09:31:51,15,18,1516,1537
2023-10-17 09:31:54,15,17,1516,1537
2023-10-17 09:31:57,14,17,1516,1537
2023-10-17 09:32:00,15,17,1516,1537
2023-10-17 09:32:02,14,17,1516,1537
2023-10-17 09:32:04,14,16,1516,1537
2023-10-17 09:32:15,14,17,1516,1537
2023-10-17 09:32:16,15,17,1516,1537
2023-10-17 09:32:24,15,18,1516,1537
2023-10-17 09:32:24,15,17,1516,1537
2023-10-17 09:32:26,15,18,1516,1537
2023-10-17 09:32:31,15,17,1516,1537
2023-10-17 09:32:33,15,18,1516,1537
2023-10-17 09:32:34,15,17,1516,1537
2023-10-17 09:32:39,15,18,1516,1537
2023-10-17 09:32:40,16,18,1516,1537
2023-10-17 09:33:01,16,17,1516,1537
2023-10-17 09:33:02,15,17,1516,1537
2023-10-17 09:33:07,14,17,1516,1537
2023-10-17 09:33:07,14,16,1516,1537
2023-10-17 09:33:10,14,17,1516,1537
2023-10-17 09:33:10,14,16,1516,1537
2023-10-17 09:33:11,14,17,1516,1537
2023-10-17 09:33:22,14,16,1516,1537
2023-10-17 09:33:33,13,16,2316,2337
2023-10-17 09:33:34,13,15,2316,2337
2023-10-17 09:33:37,13,16,2316,2337
2023-10-17 09:33:39,13,16,2316,2337
2023-10-17 09:33:49,13,15,2316,2337
2023-10-17 09:33:50,14,15,2316,2337
2023-10-17 09:33:50,14,16,2316,2537
2023-10-17 09:33:52,13,16,2316,2537
2023-10-17 09:33:54,13,15,2316,2537
2023-10-17 09:33:55,13,16,2316,2537
2023-10-17 09:33:55,14,16,2316,2537
2023-10-17 09:33:56,13,16,2316,2537
2023-10-17 09:33:59,13,15,2316,2537
2023-10-17 09:34:51,13,16,2316,2537
2023-10-17 09:34:57,13,15,2316,2537
2023-10-17 09:34:59,13,16,2316,2537
2023-10-17 09:35:01,14,16,2316,2537
2023-10-17 09:35:06,14,17,2316,2537
2023-10-17 09:35:07,14,16,2316,2537
2023-10-17 09:35:08,14,17,2316,2537
2023-10-17 09:35:11,14,16,2316,2537
2023-10-17 09:35:15,14,17,2316,2537
2023-10-17 09:35:15,15,17,2316,2537
2023-10-17 09:35:17,14,17,2316,2537
2023-10-17 09:35:18,14,16,2316,2537
2023-10-17 09:35:37,13,16,2316,2537
2023-10-17 09:35:38,13,15,2316,2537
2023-10-17 09:35:50,13,14,2316,2537
2023-10-17 09:36:05,13,14,2566,2787
2023-10-17 09:36:06,13,14,2616,2837
2023-10-17 09:36:07,13,14,2666,2887
2023-10-17 09:36:07,13,14,2766,2987
2023-10-17 09:36:07,13,14,2816,3037
2023-10-17 09:36:07,13,14,2866,3087
2023-10-17 09:36:08,13,14,2916,3137
2023-10-17 09:36:08,13,14,2966,3187
2023-10-17 09:36:08,13,14,3016,3237
2023-10-17 09:36:08,13,14,3066,3287
2023-10-17 09:36:09,13,14,3116,3337
2023-10-17 09:36:09,13,14,3166,3387
2023-10-17 09:36:09,13,15,3316,3537
2023-10-17 09:36:09,14,15,3316,3537
2023-10-17 09:36:24,14,15,3316,3737
2023-10-17 09:36:25,14,16,3316,3737
2023-10-17 09:36:28,14,15,3316,3737
2023-10-17 09:36:36,14,16,3316,3737
2023-10-17 09:36:41,14,15,3316,3737
2023-10-17 09:36:49,14,16,3316,3737
2023-10-17 09:36:50,14,15,3316,3737
2023-10-17 09:36:59,14,16,3316,3737
2023-10-17 09:37:00,14,15,3316,3737
2023-10-17 09:37:01,14,16,3316,3737
2023-10-17 09:37:12,14,15,3316,3737
2023-10-17 09:37:21,14,15,3566,3987
2023-10-17 09:37:25,14,15,3616,4037
2023-10-17 09:37:26,14,16,3666,4087
2023-10-17 09:37:26,14,16,3671,4092
2023-10-17 09:37:27,15,16,3671,4092
2023-10-17 09:37:29,15,17,3671,4092
2023-10-17 09:37:31,15,16,3671,4092
2023-10-17 09:37:36,15,17,3671,4092
2023-10-17 09:37:46,16,17,3671,4092
2023-10-17 09:38:04,15,17,3671,4092
2023-10-17 09:38:07,15,16,3671,4092
2023-10-17 09:38:11,15,17,3671,4092
2023-10-17 09:38:17,15,16,3671,4092
2023-10-17 09:38:23,15,17,3671,4092
2023-10-17 09:38:24,16,17,3671,4092
2023-10-17 09:38:27,16,18,3671,4092
2023-10-17 09:38:27,17,18,3671,4092
2023-10-17 09:38:31,16,18,3765,4186
2023-10-17 09:38:34,17,18,3765,4186
2023-10-17 09:38:34,17,18,3795,4216
2023-10-17 09:38:36,17,18,3861,4282
2023-10-17 09:38:40,16,18,3861,4282
2023-10-17 09:38:43,16,17,3861,4282
2023-10-17 09:38:46,16,18,3861,4282
2023-10-17 09:38:55,16,17,3861,4282
2023-10-17 09:39:03,15,17,3861,4282
2023-10-17 09:39:28,15,17,3861,4290
2023-10-17 09:39:43,16,17,3861,4290
2023-10-17 09:39:44,15,17,3861,4290
2023-10-17 09:40:23,15,16,3861,4290
2023-10-17 09:40:28,15,16,3861,4490
2023-10-17 09:40:29,15,16,3861,4690
2023-10-17 09:40:34,15,16,3911,4740
2023-10-17 09:40:38,14,15,5215,6044
2023-10-17 09:41:07,13,15,5215,6044
2023-10-17 09:41:12,14,15,5215,6044
2023-10-17 09:42:09,14,15,5465,6294
2023-10-17 09:43:32,13,15,5465,6294
2023-10-17 09:45:03,13,14,5465,6294
2023-10-17 09:45:04,12,14,5465,6294
2023-10-17 09:45:07,12,13,5465,6294
2023-10-17 09:45:23,11,13,5465,6294
2023-10-17 09:45:34,11,12,5465,6294
2023-10-17 09:45:35,10,12,5465,6294
2023-10-17 09:45:55,10,12,5466,6295
2023-10-17 09:45:59,10,11,5466,6295
2023-10-17 09:46:07,10,11,5466,6355
2023-10-17 09:46:10,10,12,5466,6355
2023-10-17 09:47:52,10,11,5466,6355
2023-10-17 09:47:54,10,11,5589,6478
2023-10-17 09:47:56,9,11,5589,6478
2023-10-17 09:47:58,9,10,5589,6478
2023-10-17 09:48:22,9,11,5589,6478
2023-10-17 09:52:03,9,10,5589,6478
2023-10-17 09:52:07,8,10,5589,6478
2023-10-17 09:52:20,8,9,5589,6478
2023-10-17 09:52:33,7,9,5589,6478
2023-10-17 09:53:06,7,8,5589,6478
2023-10-17 09:53:12,6,8,5589,6478
2023-10-17 09:53:28,6,9,5589,6478
2023-10-17 09:53:30,7,9,5589,6478
2023-10-17 09:53:43,7,8,5589,6478
2023-10-17 09:53:44,6,8,5589,6478
2023-10-17 09:54:08,6,9,5589,6478
2023-10-17 09:54:16,6,8,5589,6478
2023-10-17 09:54:26,6,9,5589,6478
2023-10-17 09:54:39,6,8,5589,6478
2023-10-17 09:54:43,7,8,5589,6478
2023-10-17 09:55:13,7,8,5522,6545
2023-10-17 09:55:26,7,10,5522,6571
2023-10-17 09:55:27,7,9,5522,6571
2023-10-17 09:55:38,8,9,5522,6571
2023-10-17 09:55:38,8,10,5522,6628
2023-10-17 09:55:39,8,9,5522,6628
2023-10-17 09:55:39,8,9,5522,6679
2023-10-17 09:55:47,8,10,5522,6679
2023-10-17 09:55:50,8,9,5522,6679
2023-10-17 09:55:53,8,10,5522,6679
2023-10-17 09:56:05,8,9,5522,6679
2023-10-17 09:56:12,8,10,5522,6679
2023-10-17 09:56:12,8,9,5522,6679
2023-10-17 09:58:48,8,10,5522,6679
2023-10-17 09:58:56,9,10,5522,6679
2023-10-17 09:59:22,9,10,5622,6779
2023-10-17 09:59:42,9,10,5697,6854
2023-10-17 09:59:57,9,10,5697,6904
2023-10-17 09:59:59,9,10,5747,6954
2023-10-17 09:59:59,9,10,5797,7004
2023-10-17 10:00:05,9,10,5797,7054
2023-10-17 10:00:05,9,10,5797,7104
2023-10-17 10:01:02,10,11,6083,7390
2023-10-17 10:01:03,10,12,6083,7390
2023-10-17 10:01:16,10,11,6083,7390
2023-10-17 10:01:17,10,12,6083,7390
2023-10-17 10:01:19,10,11,6083,7390
2023-10-17 10:01:21,10,12,6083,7390
2023-10-17 10:01:51,10,11,6083,7390
2023-10-17 10:02:00,10,12,6083,7390
2023-10-17 10:02:04,10,11,6083,7390
2023-10-17 10:02:05,10,12,6083,7390
2023-10-17 10:02:08,10,11,6083,7390
2023-10-17 10:02:14,10,11,6143,7450
2023-10-17 10:02:15,9,11,6143,7450
2023-10-17 10:02:33,9,12,6143,7450
2023-10-17 10:02:35,9,11,6143,7450
2023-10-17 10:02:37,9,12,6143,7450
2023-10-17 10:02:48,9,11,6143,7450
2023-10-17 10:03:09,9,12,6143,7450
2023-10-17 10:03:25,9,11,6143,7450
2023-10-17 10:05:20,9,10,6143,7450
2023-10-17 10:05:31,9,11,6143,7450
2023-10-17 10:05:51,9,12,6143,7450
2023-10-17 10:06:00,10,12,6143,7450
2023-10-17 10:06:26,10,12,6143,7700
2023-10-17 10:06:27,11,12,6143,7700
2023-10-17 10:06:47,11,13,6143,7850
2023-10-17 10:07:03,12,13,6143,7850
2023-10-17 10:07:16,13,14,6143,7850
2023-10-17 10:07:18,13,15,6143,8050
2023-10-17 10:07:23,13,15,6393,8300
2023-10-17 10:07:31,14,15,6393,8300
2023-10-17 10:07:34,14,16,6643,8550
2023-10-17 10:07:42,15,16,6643,8550
2023-10-17 10:07:46,15,16,6643,8800
2023-10-17 10:08:27,15,17,6643,8800
2023-10-17 10:08:28,15,16,6643,8800
2023-10-17 10:08:31,15,17,6643,8800
2023-10-17 10:09:13,16,17,6643,8800
2023-10-17 10:09:19,16,18,6643,8800
2023-10-17 10:09:23,17,18,6643,8800
2023-10-17 10:09:24,17,19,6643,9000
2023-10-17 10:10:31,17,18,6643,9000
2023-10-17 10:10:31,17,18,6763,9120
2023-10-17 10:10:32,16,18,6763,9120
2023-10-17 10:10:34,16,19,6763,9120
2023-10-17 10:10:34,16,18,6763,9120
2023-10-17 10:10:36,16,19,6763,9120
2023-10-17 10:10:37,16,18,6763,9120
2023-10-17 10:10:43,16,19,6763,9120
2023-10-17 10:10:47,16,17,6763,9120
2023-10-17 10:10:48,16,17,7013,9370
2023-10-17 10:11:02,16,17,7213,9570
2023-10-17 10:11:02,16,19,7263,9620
2023-10-17 10:11:07,17,19,7263,9620
2023-10-17 10:11:19,17,20,7263,9620
2023-10-17 10:11:19,18,20,7463,9820
2023-10-17 10:11:32,18,21,7463,9820
2023-10-17 10:11:32,19,21,7463,9820
2023-10-17 10:12:05,18,21,7463,10020
2023-10-17 10:12:06,18,20,7463,10020
2023-10-17 10:12:28,18,20,7963,10520
2023-10-17 10:12:40,18,20,7963,10770
2023-10-17 10:12:42,18,21,7963,10770
2023-10-17 10:12:49,18,20,7963,10770
2023-10-17 10:12:59,18,21,7963,10770
2023-10-17 10:13:00,18,20,7963,10770
2023-10-17 10:13:03,18,21,7963,10770
2023-10-17 10:13:04,18,20,7963,10770
2023-10-17 10:13:07,18,21,7963,10770
2023-10-17 10:13:21,19,21,7963,10770
2023-10-17 10:13:26,20,21,7963,10770
2023-10-17 10:13:32,20,22,7963,11020
2023-10-17 10:14:41,20,21,7963,11020
2023-10-17 10:14:41,19,21,7963,11020
2023-10-17 10:14:50,19,22,7963,11020
2023-10-17 10:14:50,19,21,7963,11020
2023-10-17 10:14:53,19,22,7963,11020
2023-10-17 10:15:03,20,22,7963,11020
2023-10-17 10:15:14,21,22,7963,11020
2023-10-17 10:15:25,21,23,7963,11020
2023-10-17 10:15:33,22,23,7963,11020
2023-10-17 10:15:57,21,23,7963,11020
2023-10-17 10:16:46,21,22,7963,11020
2023-10-17 10:16:55,21,23,7963,11020
2023-10-17 10:16:59,21,22,7963,11020
2023-10-17 10:17:05,20,22,7963,11020
2023-10-17 10:17:44,20,21,7963,11020
2023-10-17 10:17:48,20,21,8213,11270
2023-10-17 10:17:52,20,21,8413,11470
2023-10-17 10:17:53,21,22,8463,11520
2023-10-17 10:18:48,20,22,8463,11520
2023-10-17 10:19:13,21,22,8463,11520
2023-10-17 10:19:16,21,22,8713,11770
2023-10-17 10:19:19,21,23,8963,12020
2023-10-17 10:19:42,22,23,8963,12020
2023-10-17 10:19:54,22,24,8963,12020
2023-10-17 10:20:03,23,24,8963,12020
2023-10-17 10:20:03,22,24,8963,12020
2023-10-17 10:20:04,23,24,8963,12020
2023-10-17 10:20:04,22,24,8963,12020
2023-10-17 10:20:05,23,24,8963,12020
2023-10-17 10:20:06,22,24,8963,12020
2023-10-17 10:20:06,23,24,8963,12020
2023-10-17 10:20:09,22,24,8963,12020
2023-10-17 10:20:25,22,23,8963,12020
2023-10-17 10:20:32,21,23,8963,12020
2023-10-17 10:20:48,21,22,8963,12020
2023-10-17 10:20:49,21,23,8963,12020
2023-10-17 10:20:58,21,22,8963,12020
2023-10-17 10:20:59,21,23,8963,12020
2023-10-17 10:21:00,21,22,8963,12020
2023-10-17 10:21:01,21,23,8963,12020
2023-10-17 10:21:12,21,24,8963,12020
2023-10-17 10:21:13,22,24,8963,12020
2023-10-17 10:21:38,23,24,8963,12020
2023-10-17 10:21:38,22,24,8963,12020
2023-10-17 10:21:41,23,24,8963,12020
2023-10-17 10:22:22,23,25,8963,12020
2023-10-17 10:22:24,24,25,8963,12020
2023-10-17 10:22:26,23,25,8963,12020
2023-10-17 10:22:26,24,25,8963,12020
2023-10-17 10:22:45,24,25,8963,12070
2023-10-17 10:22:47,24,26,8963,12070
2023-10-17 10:22:47,25,26,8963,12070
2023-10-17 10:22:50,24,26,8963,12070
2023-10-17 10:22:50,25,26,8963,12070
2023-10-17 10:22:51,24,26,8963,12070
2023-10-17 10:22:51,25,26,8963,12070
2023-10-17 10:23:06,25,27,8963,12070
2023-10-17 10:23:06,26,27,8963,12070
2023-10-17 10:23:15,26,28,8963,12070
2023-10-17 10:23:15,27,28,8963,12070
2023-10-17 10:23:25,27,28,8963,12120
2023-10-17 10:23:27,27,28,8963,12170
2023-10-17 10:23:27,27,28,8963,12220
2023-10-17 10:23:28,27,29,8963,12270
2023-10-17 10:23:28,28,29,8963,12270
2023-10-17 10:23:29,27,29,8963,12270
2023-10-17 10:23:32,28,29,8963,12270
2023-10-17 10:23:35,28,29,8963,12320
2023-10-17 10:23:36,28,30,8963,12320
2023-10-17 10:23:36,29,30,8963,12320
2023-10-17 10:23:44,29,30,8963,12370
2023-10-17 10:23:45,29,30,8963,12420
2023-10-17 10:23:49,29,30,8963,12470
2023-10-17 10:24:06,28,30,8963,12470
2023-10-17 10:24:07,28,29,8963,12470
2023-10-17 10:24:07,28,29,8877,12556
2023-10-17 10:24:10,27,29,8877,12606
2023-10-17 10:24:21,27,28,8877,12606
2023-10-17 10:24:29,27,29,8877,12606
2023-10-17 10:26:12,27,29,8827,12656
2023-10-17 10:26:14,27,28,8827,12656
2023-10-17 10:26:20,27,28,8827,12856
2023-10-17 10:26:23,27,28,8827,13056
2023-10-17 10:26:23,27,28,9067,13296
2023-10-17 10:26:29,27,28,9067,13546
2023-10-17 10:26:35,27,28,9067,13796
2023-10-17 10:26:46,26,28,9067,13796
2023-10-17 10:27:07,26,29,9067,13796
2023-10-17 10:27:17,26,28,9067,13796
2023-10-17 10:27:24,26,29,9067,13796
2023-10-17 10:27:26,26,28,9067,13796
2023-10-17 10:27:43,25,28,9067,13796
2023-10-17 10:27:43,25,27,9067,13796
2023-10-17 10:27:44,25,26,9067,13796
2023-10-17 10:28:14,25,27,9067,13796
2023-10-17 10:28:25,25,26,9067,13796
2023-10-17 10:28:43,25,27,9067,13796
2023-10-17 10:29:47,25,26,9067,13796
2023-10-17 10:29:57,25,27,9067,13796
2023-10-17 10:30:27,25,28,9067,13796
2023-10-17 10:30:29,26,28,9067,13796
2023-10-17 10:31:00,26,29,9067,13796
2023-10-17 10:31:03,26,28,9067,13796
2023-10-17 10:31:10,25,28,9067,13796
2023-10-17 10:31:11,25,27,9067,13796
2023-10-17 10:31:28,25,28,9067,13796
2023-10-17 10:31:30,26,28,9067,13796
2023-10-17 10:31:36,25,28,9067,13796
2023-10-17 10:31:45,26,28,9067,13796
2023-10-17 10:32:32,26,29,9067,13796
2023-10-17 10:32:52,26,28,9067,13796
2023-10-17 10:32:59,25,28,9067,13796
2023-10-17 10:33:35,25,27,9067,13796
2023-10-17 10:33:52,25,28,9067,13796
2023-10-17 10:33:59,26,28,9067,13796
2023-10-17 10:34:01,25,28,9067,13796
2023-10-17 10:34:06,26,28,9067,13796
2023-10-17 10:34:22,28,29,9567,14696
2023-10-17 10:34:32,28,30,9567,14696
2023-10-17 10:34:39,29,30,9567,14696
2023-10-17 10:34:50,30,31,9567,14846
2023-10-17 10:35:11,30,32,9567,14846
2023-10-17 10:35:12,31,32,9567,14846
2023-10-17 10:35:17,31,33,9567,14846
2023-10-17 10:35:21,32,33,9567,14846
2023-10-17 10:36:02,32,34,9567,14846
2023-10-17 10:36:03,33,34,9567,14846
2023-10-17 10:36:06,33,34,9667,14946
2023-10-17 10:36:15,33,35,9667,14946
2023-10-17 10:36:16,34,35,9667,14946
2023-10-17 10:36:25,34,36,9667,14946
2023-10-17 10:36:30,35,36,9667,14946
2023-10-17 10:36:41,35,37,9667,14946
2023-10-17 10:36:48,36,37,9667,14946
2023-10-17 10:37:57,37,38,9679,14958
2023-10-17 10:38:29,37,38,9604,15033
2023-10-17 10:38:43,37,38,9542,15283
2023-10-17 10:38:45,37,38,9292,15533
2023-10-17 10:38:48,37,38,9042,15783
2023-10-17 10:38:51,37,38,9004,16033
2023-10-17 10:38:54,37,38,9004,16283
2023-10-17 10:38:59,37,38,9004,16533
2023-10-17 10:39:00,37,38,9064,16593
2023-10-17 10:39:03,35,38,9064,16771
2023-10-17 10:39:13,35,37,9064,16771
2023-10-17 10:39:30,35,36,9064,16771
2023-10-17 10:39:30,35,36,9124,16831
2023-10-17 10:39:31,34,36,9124,16831
2023-10-17 10:39:42,34,37,9124,16831
2023-10-17 10:39:51,36,37,9124,16831
2023-10-17 10:41:00,36,37,9124,17031
2023-10-17 10:41:03,36,37,9124,17231
2023-10-17 10:41:04,36,37,9124,17481
2023-10-17 10:41:06,36,37,9124,17556
2023-10-17 10:41:06,36,37,9244,17676
2023-10-17 10:41:07,36,37,9244,17751
2023-10-17 10:41:08,36,37,9244,17826
2023-10-17 10:41:08,36,37,9244,18076
2023-10-17 10:41:09,36,37,9244,18151
2023-10-17 10:41:10,36,37,9247,18226
2023-10-17 10:41:11,36,37,9322,18301
2023-10-17 10:41:14,36,37,9322,18551
2023-10-17 10:41:44,36,37,9522,18751
2023-10-17 10:41:44,34,37,9602,18831
2023-10-17 10:41:54,34,36,9602,18831
2023-10-17 10:42:15,35,36,9602,18831
2023-10-17 10:42:20,36,37,9802,19031
2023-10-17 10:42:20,36,37,9862,19091
2023-10-17 10:42:25,36,37,10062,19291
2023-10-17 10:42:35,36,37,10122,19351
2023-10-17 10:42:40,36,37,10122,19601
2023-10-17 10:42:44,36,37,10447,19926
2023-10-17 10:42:45,36,37,10572,20051
2023-10-17 10:42:46,36,37,10697,20176
2023-10-17 10:42:51,36,37,10697,20426
2023-10-17 10:42:55,36,37,10697,20676
2023-10-17 10:43:01,36,37,10757,20736
2023-10-17 10:43:08,36,37,10817,20796
2023-10-17 10:43:28,36,37,10877,20856
2023-10-17 10:43:28,36,37,10877,21106
2023-10-17 10:44:02,36,37,10877,21116
2023-10-17 10:44:14,36,37,11077,21316
2023-10-17 10:44:23,36,37,11277,21516
2023-10-17 10:44:23,36,37,11397,21636
2023-10-17 10:44:26,36,37,11397,21886
2023-10-17 10:45:18,36,38,11397,21886
2023-10-17 10:45:20,37,38,11397,21886
2023-10-17 10:45:30,37,39,11397,21886
2023-10-17 10:45:33,38,39,11397,21886
2023-10-17 10:46:00,39,40,11597,22086
2023-10-17 10:46:07,39,40,11717,22206
2023-10-17 10:46:09,39,40,11917,22406
2023-10-17 10:46:12,39,40,12016,22656
2023-10-17 10:46:14,37,40,12191,22831
2023-10-17 10:46:18,37,40,12191,22881
2023-10-17 10:46:19,37,39,12191,22881
2023-10-17 10:46:34,36,39,12191,22881
2023-10-17 10:46:37,36,38,12191,22881
2023-10-17 10:47:00,35,38,12191,22881
2023-10-17 10:47:02,36,38,12191,22881
2023-10-17 10:47:10,35,38,12191,22881
2023-10-17 10:47:12,36,38,12191,22881
2023-10-17 10:47:21,37,38,12191,22881
2023-10-17 10:47:23,37,38,12441,23131
2023-10-17 10:47:25,37,38,12691,23381
2023-10-17 10:47:43,37,38,12698,23388
2023-10-17 10:47:44,37,38,12705,23395
2023-10-17 10:47:45,37,38,12712,23402
2023-10-17 10:47:50,37,38,12832,23522
2023-10-17 10:47:51,37,38,13082,23772
2023-10-17 10:47:51,37,38,13262,23952
2023-10-17 10:47:56,37,38,13362,24052
2023-10-17 10:48:08,37,38,13762,24452
2023-10-17 10:48:08,37,39,13762,24452
2023-10-17 10:48:08,37,39,13942,24632
2023-10-17 10:48:08,37,38,13942,24632
2023-10-17 10:48:08,34,38,14191,24881
2023-10-17 10:48:11,34,37,14191,24881
2023-10-17 10:48:13,34,38,14191,24881
2023-10-17 10:48:27,35,38,14191,24881
2023-10-17 10:48:27,35,39,14191,24881
2023-10-17 10:48:33,36,39,14191,24881
2023-10-17 10:48:33,36,40,14191,24881
2023-10-17 10:48:51,36,41,14191,24881
2023-10-17 10:48:53,36,40,14191,24881
2023-10-17 10:49:03,36,41,14191,24881
2023-10-17 10:49:11,37,41,14191,24881
2023-10-17 10:49:52,37,40,14191,24881
2023-10-17 10:50:16,36,40,14191,24881
2023-10-17 10:50:46,37,40,14191,24881
2023-10-17 10:50:55,36,40,14191,24881
2023-10-17 10:51:07,36,39,14191,24881
2023-10-17 10:51:08,35,39,14191,24881
2023-10-17 10:51:14,34,39,14191,24881
2023-10-17 10:51:14,34,38,14191,24881
2023-10-17 10:51:15,35,38,14191,24881
2023-10-17 10:51:17,35,39,14191,24881
2023-10-17 10:51:42,35,38,14191,24881
2023-10-17 10:52:20,34,38,14191,24881
2023-10-17 10:52:27,35,38,14191,24881
2023-10-17 10:53:10,34,38,14191,24881
2023-10-17 10:53:56,34,37,14191,24881
2023-10-17 10:54:08,34,37,14191,24941
2023-10-17 10:55:00,34,37,14191,25001
2023-10-17 10:55:01,34,35,14191,25001
2023-10-17 10:55:24,34,37,14191,25001
2023-10-17 10:55:26,35,37,14191,25001
2023-10-17 10:55:26,35,37,14191,25061
2023-10-17 10:55:43,36,37,14191,25061
2023-10-17 10:55:55,36,39,14191,25061
2023-10-17 10:55:57,37,39,14191,25061
2023-10-17 10:55:57,37,39,14371,25241
2023-10-17 10:57:04,38,39,14371,25241
2023-10-17 10:57:22,37,39,14371,25241
2023-10-17 10:57:43,37,38,14371,25241
2023-10-17 10:58:42,37,38,14571,25441
2023-10-17 10:58:42,37,38,14631,25501
2023-10-17 10:58:45,35,38,14631,25501
2023-10-17 10:58:53,36,38,14631,25501
2023-10-17 10:59:07,36,37,14631,25501
2023-10-17 10:59:17,36,38,14631,25501
2023-10-17 10:59:18,36,37,14631,25501
2023-10-17 10:59:28,36,38,14631,25501
2023-10-17 10:59:50,36,38,14964,25834
2023-10-17 11:00:22,36,39,14964,25834
2023-10-17 11:00:31,36,40,14964,25834
2023-10-17 11:00:31,37,40,14964,25834
2023-10-17 11:00:32,37,40,15024,25894
2023-10-17 11:00:37,37,39,15024,25894
2023-10-17 11:00:47,37,38,15024,25894
2023-10-17 11:00:49,34,38,15024,25894
2023-10-17 11:00:50,35,38,15024,25894
2023-10-17 11:00:53,35,39,15024,25894
2023-10-17 11:00:55,36,39,15024,25894
2023-10-17 11:00:59,36,40,15024,25894
2023-10-17 11:01:03,36,39,15024,25894
2023-10-17 11:01:05,36,38,15024,25894
2023-10-17 11:01:09,37,38,15024,25894
2023-10-17 11:01:13,37,38,15084,25954
2023-10-17 11:01:14,36,38,15084,25954
2023-10-17 11:01:19,36,39,15084,25954
2023-10-17 11:01:31,36,38,15084,25954
2023-10-17 11:01:35,36,39,15084,25954
2023-10-17 11:01:36,36,38,15084,25954
2023-10-17 11:01:49,36,40,15084,25954
2023-10-17 11:02:07,36,40,15084,26004
2023-10-17 11:02:07,36,39,15084,26004
2023-10-17 11:02:08,36,38,15084,26004
2023-10-17 11:02:08,36,38,15084,26104
2023-10-17 11:02:08,36,38,15084,26154
2023-10-17 11:02:08,36,38,15084,26204
2023-10-17 11:02:08,36,38,15084,26254
2023-10-17 11:02:11,36,38,15084,26304
2023-10-17 11:02:11,36,37,15084,26304
2023-10-17 11:02:11,36,37,15084,26354
2023-10-17 11:02:11,36,37,15084,26404
2023-10-17 11:02:11,36,37,15084,26454
2023-10-17 11:02:11,36,37,15084,26554
2023-10-17 11:02:11,36,37,15084,26604
2023-10-17 11:02:11,36,37,15084,26654
2023-10-17 11:02:14,36,37,15084,26804
2023-10-17 11:02:14,36,37,15084,26854
2023-10-17 11:02:14,36,37,15084,27004
2023-10-17 11:02:14,36,37,15084,27054
2023-10-17 11:02:14,34,37,15084,27061
2023-10-17 11:02:20,34,37,15034,27111
2023-10-17 11:02:20,34,36,15034,27111
2023-10-17 11:02:20,33,36,15004,27141
2023-10-17 11:02:41,32,36,15004,27141
2023-10-17 11:03:15,33,36,15004,27141
2023-10-17 11:03:31,34,36,15004,27141
2023-10-17 11:04:01,34,37,15004,27141
2023-10-17 11:05:22,35,37,15004,27141
2023-10-17 11:05:22,35,38,15004,27141
2023-10-17 11:05:27,36,38,15004,27141
2023-10-17 11:05:27,36,39,15004,27141
2023-10-17 11:05:44,37,39,15004,27141
2023-10-17 11:05:44,37,40,15004,27141
2023-10-17 11:05:47,37,39,15004,27141
2023-10-17 11:05:48,36,39,15004,27141
2023-10-17 11:05:50,37,39,15004,27141
2023-10-17 11:05:58,36,39,15004,27141
2023-10-17 11:06:25,36,38,15004,27141
2023-10-17 11:06:35,35,38,15004,27141
2023-10-17 11:06:36,34,38,15004,27141
2023-10-17 11:06:36,34,37,15004,27141
2023-10-17 11:06:45,34,36,15004,27141
2023-10-17 11:06:52,34,35,15004,27141
2023-10-17 11:07:04,34,36,15004,27141
2023-10-17 11:07:11,34,35,15004,27141
2023-10-17 11:07:16,34,36,15004,27141
2023-10-17 11:07:32,35,36,15004,27141
2023-10-17 11:07:33,35,37,15004,27141
2023-10-17 11:08:17,35,36,15004,27141
2023-10-17 11:09:14,35,37,15004,27141
2023-10-17 11:10:02,35,38,15004,27141
2023-10-17 11:10:18,35,39,15004,27141
2023-10-17 11:10:51,35,40,15004,27141
2023-10-17 11:10:58,35,40,15034,27171
2023-10-17 11:11:05,35,39,15034,27171
2023-10-17 11:11:20,36,39,15034,27171
2023-10-17 11:11:35,36,40,15034,27171
2023-10-17 11:11:41,36,40,15059,27196
2023-10-17 11:11:47,36,41,15059,27196
2023-10-17 11:11:51,36,40,15059,27196
2023-10-17 11:11:52,36,39,15059,27196
2023-10-17 11:11:52,36,39,15059,27246
2023-10-17 11:11:53,36,40,15059,27246
2023-10-17 11:11:53,36,40,15059,27346
2023-10-17 11:11:53,36,40,15059,27396
2023-10-17 11:11:53,36,38,15059,27446
2023-10-17 11:11:53,36,38,15059,27496
2023-10-17 11:11:55,36,37,15059,27496
2023-10-17 11:11:55,36,37,15059,27546
2023-10-17 11:11:55,36,37,15059,27596
2023-10-17 11:11:55,36,37,15059,27646
2023-10-17 11:11:55,36,37,15059,27746
2023-10-17 11:11:55,36,37,15059,27796
2023-10-17 11:11:56,36,37,15059,27846
2023-10-17 11:11:56,36,37,15059,27896
2023-10-17 11:11:56,36,37,15059,27946
2023-10-17 11:11:56,36,37,15059,27996
2023-10-17 11:11:56,36,37,15059,28096
2023-10-17 11:11:57,36,37,15059,28146
2023-10-17 11:11:57,36,37,15059,28196
2023-10-17 11:11:57,36,37,15059,28246
2023-10-17 11:11:57,36,37,15059,28296
2023-10-17 11:11:58,36,37,15059,28346
2023-10-17 11:11:58,36,37,15059,28396
2023-10-17 11:11:58,36,37,15059,28446
2023-10-17 11:11:58,36,37,15059,28496
2023-10-17 11:11:59,36,37,15059,28546
2023-10-17 11:11:59,36,37,15059,28596
2023-10-17 11:11:59,36,37,15059,28646
2023-10-17 11:11:59,36,37,15059,28696
2023-10-17 11:12:00,36,37,15059,28746
2023-10-17 11:12:00,36,37,15059,28796
2023-10-17 11:12:00,36,37,15059,28846
2023-10-17 11:12:01,36,37,15059,28896
2023-10-17 11:12:01,36,37,15059,28946
2023-10-17 11:12:02,36,37,15059,28996
2023-10-17 11:12:02,36,37,15059,29046
2023-10-17 11:12:02,36,37,15059,29096
2023-10-17 11:12:02,36,37,15054,29146
2023-10-17 11:12:03,36,37,15004,29196
2023-10-17 11:12:06,35,37,15004,29196
2023-10-17 11:12:20,36,37,15004,29196
2023-10-17 11:12:20,36,37,15004,29246
2023-10-17 11:12:21,36,37,15004,29296
2023-10-17 11:12:21,36,37,15004,29346
2023-10-17 11:12:21,36,37,15004,29396
2023-10-17 11:12:21,36,37,15004,29446
2023-10-17 11:12:22,36,37,15004,29496
2023-10-17 11:12:22,36,37,15073,29565
2023-10-17 11:12:22,36,37,15073,29615
2023-10-17 11:12:22,36,37,15073,29665
2023-10-17 11:12:23,36,37,15073,29715
2023-10-17 11:12:23,36,37,15073,29765
2023-10-17 11:12:23,36,37,15122,29815
2023-10-17 11:12:23,36,37,15172,29865
2023-10-17 11:12:24,36,37,15222,29915
2023-10-17 11:12:24,36,37,15338,30031
2023-10-17 11:12:24,36,37,15388,30081
2023-10-17 11:12:24,36,37,15438,30131
2023-10-17 11:12:24,36,37,15488,30181
2023-10-17 11:12:25,36,37,15538,30231
2023-10-17 11:12:25,36,37,15588,30281
2023-10-17 11:12:25,36,37,15638,30331
2023-10-17 11:12:26,36,37,15688,30381
2023-10-17 11:12:27,36,39,15688,30381
2023-10-17 11:12:27,36,38,15688,30381
2023-10-17 11:12:42,36,38,15703,30396
2023-10-17 11:12:47,36,37,15703,30396
2023-10-17 11:12:47,36,37,15753,30446
2023-10-17 11:12:48,36,37,15803,30496
2023-10-17 11:12:54,36,37,15853,30546
2023-10-17 11:12:54,36,37,15903,30596
2023-10-17 11:12:55,36,37,15953,30646
2023-10-17 11:12:55,36,37,16003,30696
2023-10-17 11:12:55,36,37,16053,30746
2023-10-17 11:12:57,36,37,16104,30797
2023-10-17 11:12:58,36,37,16154,30847
2023-10-17 11:12:58,36,37,16257,30950
2023-10-17 11:13:30,36,37,16322,31015
2023-10-17 11:13:34,36,37,16458,31151
2023-10-17 11:13:43,36,37,16478,31171
2023-10-17 11:14:08,36,39,16478,31171
2023-10-17 11:14:09,36,37,16478,31171
2023-10-17 11:14:10,37,39,16478,31191
2023-10-17 11:14:10,37,38,16478,31191
2023-10-17 11:14:12,37,39,16478,31191
2023-10-17 11:14:12,37,38,16478,31191
2023-10-17 11:14:21,38,39,17032,31745
2023-10-17 11:14:47,38,39,17082,31795
2023-10-17 11:14:48,38,39,17132,31845
2023-10-17 11:15:10,38,39,17152,31865
2023-10-17 11:15:14,38,39,17152,32251
2023-10-17 11:15:14,38,40,17152,32251
2023-10-17 11:15:14,38,41,17152,32251
2023-10-17 11:15:15,39,41,17152,32251
2023-10-17 11:15:15,39,40,17152,32271
2023-10-17 11:15:17,40,41,17152,32291
2023-10-17 11:15:17,40,41,17152,32434
2023-10-17 11:15:18,40,41,17152,32488
2023-10-17 11:15:18,40,41,17152,32538
2023-10-17 11:15:19,40,41,17152,32568
2023-10-17 11:15:24,40,41,17152,32618
2023-10-17 11:15:25,40,41,17152,32668
2023-10-17 11:15:25,40,41,17152,32718
2023-10-17 11:15:28,41,42,17700,33266
2023-10-17 11:15:54,41,42,17760,33326
2023-10-17 11:15:55,41,42,17880,33446
2023-10-17 11:15:56,41,42,17905,33471
2023-10-17 11:15:59,41,42,18105,33671
2023-10-17 11:15:59,41,42,18305,33871
2023-10-17 11:15:59,41,42,18330,33896
2023-10-17 11:15:59,41,42,18350,33916
2023-10-17 11:16:01,40,42,18503,34316
2023-10-17 11:16:01,40,41,18503,34316
2023-10-17 11:16:01,40,41,18503,34331
2023-10-17 11:16:02,40,41,18503,34405
2023-10-17 11:16:08,38,41,18503,34405
2023-10-17 11:16:08,38,39,18503,34405
2023-10-17 11:16:12,38,40,18503,34405
2023-10-17 11:16:32,38,39,18503,34405
2023-10-17 11:16:36,39,41,18503,34420
2023-10-17 11:16:43,39,40,18503,34420
2023-10-17 11:16:59,40,42,18503,34599
2023-10-17 11:16:59,39,42,18503,34620
2023-10-17 11:16:59,39,41,18503,34620
2023-10-17 11:17:00,40,41,18503,34620
2023-10-17 11:17:00,40,41,18503,34806
2023-10-17 11:17:00,40,41,18503,34999
2023-10-17 11:17:02,40,41,18503,35070
2023-10-17 11:17:03,40,42,18503,35070
2023-10-17 11:17:07,40,41,18503,35070
2023-10-17 11:17:09,40,42,18503,35070
2023-10-17 11:17:10,40,41,18503,35070
2023-10-17 11:17:17,40,42,18503,35070
2023-10-17 11:17:18,40,42,18503,35120
2023-10-17 11:17:19,40,42,18503,35120
2023-10-17 11:18:08,39,42,18503,35120
2023-10-17 11:18:11,40,42,18503,35120
2023-10-17 11:18:16,39,42,18503,35120
2023-10-17 11:18:22,40,42,18503,35120
2023-10-17 11:18:23,39,42,18503,35120
2023-10-17 11:18:24,40,42,18503,35120
2023-10-17 11:18:25,39,42,18503,35120
2023-10-17 11:18:26,40,42,18503,35120
2023-10-17 11:18:27,39,42,18503,35120
2023-10-17 11:19:04,39,41,18503,35120
2023-10-17 11:19:05,40,41,18503,35120
2023-10-17 11:19:09,39,41,18503,35120
2023-10-17 11:19:10,40,41,18503,35120
2023-10-17 11:19:12,39,41,18503,35120
2023-10-17 11:19:17,40,41,18503,35120
2023-10-17 11:19:32,39,41,18503,35120
2023-10-17 11:19:43,40,41,18503,35120
2023-10-17 11:19:52,40,42,18503,35120
2023-10-17 11:19:59,41,42,18503,35120
2023-10-17 11:19:59,41,42,18503,35180
2023-10-17 11:20:01,41,43,18503,35180
2023-10-17 11:20:21,41,43,18503,35240
2023-10-17 11:20:37,40,43,18503,35240
2023-10-17 11:20:37,40,42,18503,35240
2023-10-17 11:21:17,39,42,18503,35240
2023-10-17 11:21:22,40,42,18503,35240
2023-10-17 11:21:23,39,42,18503,35240
2023-10-17 11:21:24,40,42,18503,35240
2023-10-17 11:22:17,41,42,18503,35240
2023-10-17 11:22:17,40,42,18503,35240
2023-10-17 11:22:22,41,42,18503,35240
2023-10-17 11:22:23,40,42,18503,35240
2023-10-17 11:22:23,41,42,18503,35240
2023-10-17 11:22:24,40,42,18503,35240
2023-10-17 11:22:25,41,42,18503,35240
2023-10-17 11:22:25,40,42,18503,35240
2023-10-17 11:23:18,39,42,18503,35240
2023-10-17 11:23:19,39,41,18503,35240
2023-10-17 11:23:20,40,41,18503,35240
2023-10-17 11:23:22,40,42,18503,35240
2023-10-17 11:23:33,39,42,18503,35240
2023-10-17 11:23:34,39,41,18503,35240
2023-10-17 11:23:35,40,41,18503,35240
2023-10-17 11:23:35,39,41,18503,35240
2023-10-17 11:23:35,38,41,18503,35240
2023-10-17 11:23:37,39,41,18503,35240
2023-10-17 11:23:40,38,41,18503,35240
2023-10-17 11:23:41,39,41,18503,35240
2023-10-17 11:23:53,38,41,18503,35240
2023-10-17 11:24:10,38,40,18503,35240
2023-10-17 11:24:11,38,41,18503,35240
2023-10-17 11:24:16,39,41,18503,35240
2023-10-17 11:25:16,38,41,18503,35240
2023-10-17 11:25:17,38,40,18503,35240
2023-10-17 11:25:19,39,40,18503,35240
2023-10-17 11:25:22,39,41,18503,35240
2023-10-17 11:25:42,38,41,18503,35240
2023-10-17 11:25:44,38,40,18503,35240
2023-10-17 11:25:48,39,40,18503,35240
2023-10-17 11:25:49,39,41,18503,35240
2023-10-17 11:26:38,40,41,18503,35240
2023-10-17 11:26:40,40,42,18503,35240
2023-10-17 11:26:52,40,41,18503,35240
2023-10-17 11:27:00,40,42,18503,35240
2023-10-17 11:27:27,39,42,18503,35240
2023-10-17 11:27:31,39,41,18503,35240
2023-10-17 11:27:48,40,41,18503,35240
2023-10-17 11:27:55,40,42,18503,35240
2023-10-17 11:27:55,39,42,18503,35240
2023-10-17 11:27:55,39,41,18503,35240
2023-10-17 11:27:59,40,41,18503,35240
2023-10-17 11:28:03,40,42,18503,35240
2023-10-17 11:28:32,41,42,18503,35240
2023-10-17 11:28:57,41,43,18503,35240
2023-10-17 11:29:02,42,43,18503,35240
2023-10-17 11:29:34,41,43,18503,35240
2023-10-17 11:30:04,41,42,18503,35240
2023-10-17 11:30:06,41,43,18503,35240
2023-10-17 11:30:32,42,43,18503,35240
2023-10-17 11:31:13,42,44,18503,35240
2023-10-17 11:31:25,42,43,18503,35240
2023-10-17 11:31:30,42,44,18503,35240
2023-10-17 11:31:35,42,43,18503,35240
2023-10-17 11:31:48,42,44,18503,35240
2023-10-17 11:31:49,42,43,18503,35240
2023-10-17 11:31:50,42,44,18503,35240
2023-10-17 11:31:51,42,43,18503,35240
2023-10-17 11:32:11,42,44,18503,35240
2023-10-17 11:32:15,42,43,18503,35240
2023-10-17 11:32:16,42,44,18503,35240
2023-10-17 11:32:30,43,44,18503,35240
2023-10-17 11:32:31,43,44,18503,35319
2023-10-17 11:32:33,43,45,18503,35319
2023-10-17 11:32:52,43,44,18503,35319
2023-10-17 11:32:54,43,45,18503,35319
2023-10-17 11:33:53,44,45,18503,35319
2023-10-17 11:34:16,44,45,18503,35439
2023-10-17 11:34:50,44,45,18503,35489
2023-10-17 11:34:52,44,45,18503,35539
2023-10-17 11:35:10,44,45,18503,35611
2023-10-17 11:35:14,44,45,18503,35757
2023-10-17 11:35:39,44,46,18503,35757
2023-10-17 11:35:44,44,46,18500,35760
2023-10-17 11:35:45,45,46,18500,35760
2023-10-17 11:35:49,44,46,18500,35760
2023-10-17 11:35:50,44,46,18500,35820
2023-10-17 11:35:53,44,45,18500,35820
2023-10-17 11:35:53,44,46,18500,35895
2023-10-17 11:35:59,44,45,18500,35895
2023-10-17 11:36:00,44,45,18500,35934
2023-10-17 11:36:14,44,45,18500,36934
2023-10-17 11:36:25,43,45,18500,36934
2023-10-17 11:36:26,44,45,18500,36934
2023-10-17 11:36:37,44,45,18497,36937
2023-10-17 11:36:58,44,46,18497,36937
2023-10-17 11:37:00,44,46,18495,36940
2023-10-17 11:37:09,44,46,18555,37000
2023-10-17 11:37:09,44,45,18555,37000
2023-10-17 11:37:11,43,45,18555,37000
2023-10-17 11:37:12,44,45,18555,37000
2023-10-17 11:38:12,44,45,18555,37120
2023-10-17 11:38:15,43,45,18555,37120
2023-10-17 11:38:15,44,45,18555,37120
2023-10-17 11:38:15,43,45,18555,37120
2023-10-17 11:38:16,44,45,18555,37120
2023-10-17 11:38:20,43,45,18555,37120
2023-10-17 11:38:24,44,45,18555,37120
2023-10-17 11:38:24,44,45,18495,37180
2023-10-17 11:38:24,43,45,18495,37180
2023-10-17 11:38:42,44,45,18495,37180
2023-10-17 11:38:43,43,45,18495,37180
2023-10-17 11:38:43,44,45,18495,37180
2023-10-17 11:38:44,43,45,18495,37180
2023-10-17 11:38:45,44,45,18495,37180
2023-10-17 11:38:47,43,45,18495,37180
2023-10-17 11:38:49,44,45,18495,37180
2023-10-17 11:38:57,43,45,18495,37180
2023-10-17 11:38:58,44,45,18495,37180
2023-10-17 11:38:59,43,45,18495,37180
2023-10-17 11:39:01,44,45,18495,37180
2023-10-17 11:39:07,43,45,18495,37180
2023-10-17 11:39:13,44,45,18495,37180
2023-10-17 11:39:13,43,45,18495,37180
2023-10-17 11:39:13,44,45,18495,37180
2023-10-17 11:39:15,43,45,18495,37180
2023-10-17 11:39:15,44,45,18495,37180
2023-10-17 11:40:11,43,45,18495,37180
2023-10-17 11:40:14,44,45,18495,37180
2023-10-17 11:40:15,44,46,18495,37180
2023-10-17 11:41:15,44,46,18601,37286
2023-10-17 11:43:40,45,46,18601,37286
2023-10-17 11:43:40,44,46,18601,37286
2023-10-17 11:43:43,45,46,18601,37286
2023-10-17 11:43:47,44,46,18601,37286
2023-10-17 11:43:48,45,46,18601,37286
2023-10-17 11:43:49,44,46,18601,37286
2023-10-17 11:43:50,45,46,18601,37286
2023-10-17 11:43:52,44,46,18601,37286
2023-10-17 11:43:53,45,46,18601,37286
2023-10-17 11:43:53,44,46,18601,37286
2023-10-17 11:43:54,45,46,18601,37286
2023-10-17 11:43:55,45,46,18601,37346
2023-10-17 11:44:01,44,46,18601,37346
2023-10-17 11:44:05,44,46,18799,37794
2023-10-17 11:45:46,45,46,18799,37794
2023-10-17 11:46:03,44,46,18799,37794
2023-10-17 11:47:07,45,46,18799,37794
2023-10-17 11:47:08,44,46,18799,37794
2023-10-17 11:47:35,45,46,18799,37794
2023-10-17 11:47:35,44,46,18799,37794
2023-10-17 11:48:19,45,46,18799,37794
2023-10-17 11:48:23,44,46,18799,37794
2023-10-17 11:48:24,45,46,18799,37794
2023-10-17 11:48:32,44,46,18799,37794
2023-10-17 11:48:33,45,46,18799,37794
2023-10-17 11:48:36,44,46,18799,37794
2023-10-17 11:48:37,45,46,18799,37794
2023-10-17 11:48:39,44,46,18799,37794
2023-10-17 11:48:40,45,46,18799,37794
2023-10-17 11:48:42,44,46,18799,37794
2023-10-17 11:48:44,45,46,18799,37794
2023-10-17 11:48:45,44,46,18799,37794
2023-10-17 11:48:45,45,46,18799,37794
2023-10-17 11:48:47,44,46,18799,37794
2023-10-17 11:48:48,45,46,18799,37794
2023-10-17 11:48:49,44,46,18799,37794
2023-10-17 11:48:53,45,46,18799,37794
2023-10-17 11:48:53,44,46,18799,37794
2023-10-17 11:48:54,45,46,18799,37794
2023-10-17 11:48:58,44,46,18799,37794
2023-10-17 11:49:04,45,46,18799,37794
2023-10-17 11:49:04,44,46,18799,37794
2023-10-17 11:49:05,45,46,18799,37794
2023-10-17 11:49:07,44,46,18799,37794
2023-10-17 11:49:08,44,47,18799,37794
2023-10-17 11:49:08,45,47,18799,37794
2023-10-17 11:49:42,44,47,18799,37794
2023-10-17 11:49:46,45,47,18799,37794
2023-10-17 11:50:05,44,47,18799,37794
2023-10-17 11:50:06,45,47,18799,37794
2023-10-17 11:50:08,46,47,18799,37794
2023-10-17 11:50:13,45,47,18799,37794
2023-10-17 11:50:14,45,46,18799,37794
2023-10-17 11:50:45,45,46,18802,37797
2023-10-17 11:50:53,45,47,18802,37797
2023-10-17 11:51:00,45,46,18802,37797
2023-10-17 11:51:38,45,46,18805,37800
2023-10-17 11:51:39,45,46,18808,37803
2023-10-17 11:51:40,45,46,18811,37806
2023-10-17 11:51:41,45,46,18814,37809
2023-10-17 11:51:42,45,46,18817,37812
2023-10-17 11:51:43,45,46,18820,37815
2023-10-17 11:51:44,45,46,18823,37818
2023-10-17 11:51:45,45,46,18826,37821
2023-10-17 11:51:46,45,46,18829,37824
2023-10-17 11:51:47,45,46,18832,37827
2023-10-17 11:51:48,45,46,18835,37830
2023-10-17 11:51:49,45,46,18838,37833
2023-10-17 11:51:50,45,46,18841,37836
2023-10-17 11:51:51,45,46,18844,37839
2023-10-17 11:51:52,45,46,18847,37842
2023-10-17 11:51:53,45,46,18850,37845
2023-10-17 11:51:54,45,46,18853,37848
2023-10-17 11:51:55,45,46,18856,37851
2023-10-17 11:51:56,45,46,18859,37854
2023-10-17 11:51:57,45,46,18862,37857
2023-10-17 11:51:58,45,46,18865,37860
2023-10-17 11:51:59,45,46,18868,37863
2023-10-17 11:52:00,45,46,18871,37866
2023-10-17 11:52:00,45,46,18874,37869
2023-10-17 11:52:01,45,46,18880,37875
2023-10-17 11:52:02,45,46,18886,37881
2023-10-17 11:52:03,45,46,18892,37887
2023-10-17 11:52:04,45,46,18898,37893
2023-10-17 11:52:05,45,46,18904,37899
2023-10-17 11:52:06,46,47,18908,37903
2023-10-17 11:53:01,46,47,18911,37906
2023-10-17 11:53:25,46,47,18914,37909
2023-10-17 11:53:38,45,47,18914,37909
2023-10-17 11:53:44,46,47,18914,37909
2023-10-17 11:53:44,45,47,18914,37909
2023-10-17 11:53:45,46,47,18914,37909
2023-10-17 11:53:50,45,47,18914,37909
2023-10-17 11:53:51,46,47,18914,37909
2023-10-17 11:53:51,45,47,18914,37909
2023-10-17 11:53:57,46,47,18914,37909
2023-10-17 11:54:00,45,47,18914,37909
2023-10-17 11:54:02,46,47,18914,37909
2023-10-17 11:54:02,45,47,18914,37909
2023-10-17 11:54:02,46,47,18914,37909
2023-10-17 11:54:26,45,47,18914,37909
2023-10-17 11:54:26,46,47,18914,37909
2023-10-17 11:54:35,45,47,18914,37909
2023-10-17 11:54:37,46,47,18914,37909
2023-10-17 11:54:38,45,47,18914,37909
2023-10-17 11:54:39,46,47,18914,37909
2023-10-17 11:54:40,45,47,18914,37909
2023-10-17 11:54:41,46,47,18914,37909
2023-10-17 11:54:54,45,47,18914,37909
2023-10-17 11:55:04,46,47,18914,37909
2023-10-17 11:55:08,45,47,18914,37909
2023-10-17 11:55:10,46,47,18914,37909
2023-10-17 11:55:22,45,47,18914,37909
2023-10-17 11:55:23,46,47,18914,37909
2023-10-17 11:56:19,46,47,18993,38009
2023-10-17 12:00:57,47,48,19043,38059
2023-10-17 12:00:58,46,48,19043,38059
2023-10-17 12:00:59,47,48,19043,38059
2023-10-17 12:01:16,47,48,19169,38185
2023-10-17 12:01:57,47,48,19236,38252
2023-10-17 12:01:58,46,48,19236,38252
2023-10-17 12:01:59,47,48,19236,38252
2023-10-17 12:01:59,47,48,19299,38315
2023-10-17 12:02:27,46,48,19299,38315
2023-10-17 12:02:27,46,47,19299,38315
2023-10-17 12:02:28,46,47,19299,38358
2023-10-17 12:02:30,45,47,19299,38358
2023-10-17 12:02:31,45,46,19299,38358
2023-10-17 12:02:33,45,46,19299,38400
2023-10-17 12:02:34,45,47,19299,38459
2023-10-17 12:02:37,45,46,19299,38459
2023-10-17 12:02:37,45,46,19299,38469
2023-10-17 12:02:43,46,47,19341,38511
2023-10-17 12:02:43,45,47,19499,38669
2023-10-17 12:02:44,46,47,19499,38669
2023-10-17 12:02:44,45,47,19562,38732
2023-10-17 12:02:46,46,47,19562,38732
2023-10-17 12:02:54,45,46,19625,38795
2023-10-17 12:03:08,45,46,19625,38863
2023-10-17 12:03:13,45,47,19625,38882
2023-10-17 12:03:13,45,48,19625,38882
2023-10-17 12:03:17,46,48,19625,38882
2023-10-17 12:03:41,46,47,19625,38882
2023-10-17 12:03:41,46,47,19625,38902
2023-10-17 12:03:48,47,48,19705,38982
2023-10-17 12:04:04,47,48,19708,38985
2023-10-17 12:04:14,47,48,19711,38988
2023-10-17 12:05:16,47,48,19714,38991
2023-10-17 12:09:26,47,49,19714,38991
2023-10-17 12:09:53,47,48,19714,38991
2023-10-17 12:10:13,47,49,19714,38991
2023-10-17 12:10:22,47,49,20214,39491
2023-10-17 12:10:31,47,48,20214,39491
2023-10-17 12:10:36,47,49,20214,39491
2023-10-17 12:10:38,47,48,20214,39491
2023-10-17 12:10:39,47,49,20214,39491
2023-10-17 12:10:40,47,48,20214,39491
2023-10-17 12:10:57,47,49,20214,39491
2023-10-17 12:10:59,47,48,20214,39491
2023-10-17 12:11:01,47,49,20214,39491
2023-10-17 12:11:12,48,49,20214,39491
2023-10-17 12:11:28,48,49,20217,39494
2023-10-17 12:12:31,47,49,20217,39494
2023-10-17 12:14:32,48,49,20217,39494
2023-10-17 12:15:14,47,49,20217,39494
2023-10-17 12:16:13,48,49,20217,39494
2023-10-17 12:18:43,48,50,20217,39826
2023-10-17 12:20:13,49,50,20217,39826
2023-10-17 12:20:24,49,51,20217,39826
2023-10-17 12:21:14,49,50,20217,39826
2023-10-17 12:21:15,49,51,20217,39826
2023-10-17 12:21:29,49,50,20217,39826
2023-10-17 12:21:31,48,50,20217,39826
2023-10-17 12:21:50,48,49,20217,39826
2023-10-17 12:22:24,48,49,20217,39926
2023-10-17 12:23:24,47,48,20217,40326
2023-10-17 12:23:48,46,48,20217,40326
2023-10-17 12:23:48,45,48,20217,40326
2023-10-17 12:23:49,45,47,20217,40326
2023-10-17 12:23:50,45,48,20217,40326
2023-10-17 12:23:50,45,47,20217,40326
2023-10-17 12:24:05,45,48,20217,40326
2023-10-17 12:24:23,46,48,20217,40326
2023-10-17 12:24:28,47,48,20217,40326
2023-10-17 12:25:02,47,48,19967,40576
2023-10-17 12:25:04,47,48,19412,41131
2023-10-17 12:26:13,46,48,19412,41131
2023-10-17 12:26:36,47,48,19412,41131
2023-10-17 12:26:40,47,48,19162,41381
2023-10-17 12:26:44,47,48,18912,41631
2023-10-17 12:26:53,47,50,18862,41826
2023-10-17 12:26:59,47,50,18865,41829
2023-10-17 12:27:00,48,50,18865,41829
2023-10-17 12:27:08,48,49,18865,41829
2023-10-17 12:27:13,48,50,18865,41829
2023-10-17 12:27:30,48,49,18865,41829
2023-10-17 12:27:36,47,49,18865,41829
2023-10-17 12:27:59,46,49,18865,41829
2023-10-17 12:27:59,46,48,18865,41829
2023-10-17 12:28:06,46,47,18865,41829
2023-10-17 12:28:18,45,47,18865,41832
2023-10-17 12:28:29,46,47,18865,41832
2023-10-17 12:28:53,45,47,18865,41832
2023-10-17 12:30:26,45,46,18865,41832
2023-10-17 12:30:31,45,46,18865,42082
2023-10-17 12:30:33,45,46,18865,42332
2023-10-17 12:30:35,45,48,18865,42332
2023-10-17 12:30:39,46,48,18865,42332
2023-10-17 12:30:42,46,47,18865,42332
2023-10-17 12:31:15,45,47,18865,42332
2023-10-17 12:31:15,46,47,18865,42332
2023-10-17 12:31:48,46,47,18865,42532
2023-10-17 12:31:48,45,47,18865,42532
2023-10-17 12:31:48,46,47,18865,42532
2023-10-17 12:31:51,46,47,18865,42782
2023-10-17 12:31:52,46,49,18865,42782
2023-10-17 12:32:00,46,48,18865,42782
2023-10-17 12:32:02,45,48,18865,42782
2023-10-17 12:32:02,46,48,18865,42782
2023-10-17 12:32:16,46,47,18865,42782
2023-10-17 12:32:30,46,47,18865,43032
2023-10-17 12:32:30,45,47,18865,43032
2023-10-17 12:32:31,46,47,18865,43032
2023-10-17 12:32:39,46,47,18865,43282
2023-10-17 12:32:40,46,47,18865,43532
2023-10-17 12:32:45,46,47,18865,43782
2023-10-17 12:33:04,46,49,18865,43832
2023-10-17 12:33:08,47,49,18865,43832
2023-10-17 12:33:08,47,50,18865,43832
2023-10-17 12:33:09,46,50,18865,43832
2023-10-17 12:33:09,47,49,18865,43832
2023-10-17 12:33:10,46,49,18865,43832
2023-10-17 12:33:27,46,48,18865,43832
2023-10-17 12:33:46,47,48,18865,43832
2023-10-17 12:33:47,46,48,18865,43832
2023-10-17 12:34:06,47,48,18865,43832
2023-10-17 12:34:08,46,48,18865,43832
2023-10-17 12:34:31,47,48,18865,43832
2023-10-17 12:34:43,46,48,18865,43832
2023-10-17 12:34:44,47,48,18865,43832
2023-10-17 12:35:03,47,48,18865,44082
2023-10-17 12:35:07,47,48,18865,44332
2023-10-17 12:35:09,47,48,18865,44582
2023-10-17 12:35:10,47,50,18865,44582
2023-10-17 12:35:18,47,49,18865,44582
2023-10-17 12:35:29,48,49,18865,44582
2023-10-17 12:35:29,47,49,18865,44582
2023-10-17 12:35:31,48,49,18865,44582
2023-10-17 12:35:34,47,49,18865,44582
2023-10-17 12:35:35,48,49,18865,44582
2023-10-17 12:35:46,47,49,18865,44582
2023-10-17 12:35:46,48,49,18865,44582
2023-10-17 12:37:00,48,49,18806,44641
2023-10-17 12:37:17,48,51,18806,44641
2023-10-17 12:37:23,48,50,18806,44641
2023-10-17 12:37:24,49,50,18806,44641
2023-10-17 12:37:25,48,50,18806,44641
2023-10-17 12:37:29,49,50,18806,44641
2023-10-17 12:37:29,48,50,18806,44641
2023-10-17 12:37:29,49,50,18806,44641
2023-10-17 12:37:30,48,50,18806,44641
2023-10-17 12:37:31,49,50,18806,44641
2023-10-17 12:37:31,48,50,18806,44641
2023-10-17 12:39:26,47,50,18806,44641
2023-10-17 12:39:26,48,50,18806,44641
2023-10-17 12:40:26,47,50,18806,44641
2023-10-17 12:40:27,48,50,18806,44641
2023-10-17 12:40:40,47,50,18806,44641
2023-10-17 12:40:40,49,50,18806,44641
2023-10-17 12:40:41,47,50,18806,44641
2023-10-17 12:40:41,48,50,18806,44641
2023-10-17 12:40:56,48,50,18805,44642
2023-10-17 12:42:14,48,50,18808,44645
2023-10-17 12:42:17,48,49,18808,44645
2023-10-17 12:42:58,48,50,18808,44648
2023-10-17 12:44:49,49,50,18808,44648
2023-10-17 12:44:50,48,50,18808,44648
2023-10-17 12:44:50,49,50,18808,44648
2023-10-17 12:44:54,48,50,18808,44648
2023-10-17 12:44:55,49,50,18808,44648
2023-10-17 12:44:56,48,50,18808,44648
2023-10-17 12:45:03,49,50,18808,44648
2023-10-17 12:45:25,48,50,18808,44648
2023-10-17 12:45:26,49,50,18808,44648
2023-10-17 12:45:44,49,50,18758,44698
2023-10-17 12:45:44,49,50,18708,44748
2023-10-17 12:45:45,49,50,18708,44998
2023-10-17 12:45:59,49,50,18658,45048
2023-10-17 12:46:08,49,50,18608,45098
2023-10-17 12:46:11,49,50,18558,45148
2023-10-17 12:46:12,49,50,18508,45198
2023-10-17 12:46:12,49,50,18458,45248
2023-10-17 12:46:12,49,50,18408,45298
2023-10-17 12:46:12,49,50,18358,45348
2023-10-17 12:46:12,49,50,18308,45398
2023-10-17 12:46:13,49,50,18308,45648
2023-10-17 12:46:13,49,50,18258,45698
2023-10-17 12:46:53,49,50,18208,45748
2023-10-17 12:46:53,49,50,18193,45763
2023-10-17 12:46:53,49,52,18193,45838
2023-10-17 12:47:18,50,52,18193,45838
2023-10-17 12:47:19,51,52,18193,45838
2023-10-17 12:47:22,51,53,18193,45838
2023-10-17 12:47:37,50,53,18193,45838
2023-10-17 12:47:37,51,53,18193,45838
2023-10-17 12:47:38,50,53,18193,45838
2023-10-17 12:47:38,51,53,18193,45838
2023-10-17 12:47:44,50,53,18193,45838
2023-10-17 12:47:52,51,53,18193,45838
2023-10-17 12:47:54,50,53,18193,45838
2023-10-17 12:47:58,50,52,18193,45838
2023-10-17 12:48:01,50,53,18193,45838
2023-10-17 12:48:01,50,52,18193,45838
2023-10-17 12:48:03,50,53,18193,45838
2023-10-17 12:48:03,50,52,18193,45838
2023-10-17 12:48:04,50,53,18193,45838
2023-10-17 12:48:04,50,53,18193,45838
2023-10-17 12:48:06,50,53,18193,45838
2023-10-17 12:48:18,50,52,18193,45838
2023-10-17 12:48:23,50,53,18193,45838
2023-10-17 12:48:23,50,52,18193,45838
2023-10-17 12:48:24,50,53,18193,45838
2023-10-17 12:48:24,50,52,18193,45838
2023-10-17 12:48:25,50,53,18193,45838
2023-10-17 12:48:27,51,52,18193,45838
2023-10-17 12:48:27,51,53,18193,45838
2023-10-17 12:48:27,50,53,18193,45838
2023-10-17 12:48:28,50,52,18193,45838
2023-10-17 12:48:31,50,53,18193,45838
2023-10-17 12:48:31,50,52,18193,45838
2023-10-17 12:48:34,51,52,18193,45838
2023-10-17 12:48:34,51,53,18193,45838
2023-10-17 12:48:34,50,53,18193,45838
2023-10-17 12:48:35,50,52,18193,45838
2023-10-17 12:48:37,50,53,18193,45838
2023-10-17 12:48:38,50,52,18193,45838
2023-10-17 12:48:38,51,52,18193,45838
2023-10-17 12:48:40,50,52,18193,45838
2023-10-17 12:48:46,50,53,18193,45838
2023-10-17 12:48:47,50,52,18193,45838
2023-10-17 12:48:50,50,53,18193,45838
2023-10-17 12:48:50,50,52,18193,45838
2023-10-17 12:48:50,50,53,18193,45838
2023-10-17 12:48:51,50,52,18193,45838
2023-10-17 12:48:55,50,53,18193,45838
2023-10-17 12:48:55,50,52,18193,45838
2023-10-17 12:48:56,50,53,18193,45838
2023-10-17 12:48:56,51,53,18193,45838
2023-10-17 12:48:57,51,52,18193,45838
2023-10-17 12:48:57,50,52,18193,45838
2023-10-17 12:49:02,50,53,18193,45838
2023-10-17 12:49:11,50,52,18193,45838
2023-10-17 12:49:11,50,53,18193,45838
2023-10-17 12:49:11,50,52,18193,45838
2023-10-17 12:49:11,50,53,18193,45838
2023-10-17 12:49:23,50,52,18193,45838
2023-10-17 12:49:42,49,52,18193,45838
2023-10-17 12:50:10,50,52,18193,45838
2023-10-17 12:51:09,51,52,18193,45838
2023-10-17 12:51:10,50,52,18193,45838
2023-10-17 12:51:11,51,52,18193,45838
2023-10-17 12:51:14,50,52,18193,45838
2023-10-17 12:52:24,49,52,18193,45838
2023-10-17 12:52:24,50,52,18193,45838
2023-10-17 12:52:52,49,52,18193,45838
2023-10-17 12:52:53,50,52,18193,45838
2023-10-17 12:52:55,49,52,18193,45838
2023-10-17 12:52:58,49,51,18193,45838
2023-10-17 12:53:58,48,51,18193,45838
2023-10-17 12:53:58,49,51,18193,45838
2023-10-17 12:54:53,49,50,18193,45838
2023-10-17 12:54:58,48,50,18193,45838
2023-10-17 12:54:59,49,50,18193,45838
2023-10-17 12:55:10,49,51,18193,45838
2023-10-17 12:55:41,48,51,18193,45838
2023-10-17 12:55:41,49,51,18193,45838
2023-10-17 12:55:41,49,50,18193,45838
2023-10-17 12:55:58,48,50,18193,45838
2023-10-17 12:55:58,48,49,18193,45838
2023-10-17 12:56:00,48,50,18289,45934
2023-10-17 12:56:01,48,49,18289,45934
2023-10-17 12:56:04,48,50,18289,45934
2023-10-17 12:56:05,48,49,18289,45934
2023-10-17 12:56:06,48,50,18466,46111
2023-10-17 12:56:08,48,49,18466,46111
2023-10-17 12:56:10,48,50,18466,46111
2023-10-17 12:56:12,49,50,18466,46111
2023-10-17 12:56:16,49,51,18518,46163
2023-10-17 12:56:16,49,50,18518,46163
2023-10-17 12:56:17,49,51,18518,46163
2023-10-17 12:56:19,49,50,18518,46163
2023-10-17 12:56:22,49,51,18518,46163
2023-10-17 12:56:27,49,50,18518,46163
2023-10-17 12:56:28,49,51,18518,46163
2023-10-17 12:56:28,49,50,18518,46163
2023-10-17 12:56:28,49,51,18518,46163
2023-10-17 12:56:31,49,50,18518,46163
2023-10-17 12:56:32,49,51,18518,46163
2023-10-17 12:57:00,49,52,18518,46163
2023-10-17 12:57:00,49,51,18518,46163
2023-10-17 12:57:02,49,52,18701,46346
2023-10-17 12:57:02,50,52,18701,46346
2023-10-17 12:57:38,50,53,18701,46346
2023-10-17 12:57:42,51,53,18701,46346
2023-10-17 12:57:47,52,53,18701,46346
2023-10-17 12:57:49,51,53,18701,46346
2023-10-17 12:57:49,52,53,18701,46346
2023-10-17 12:57:52,52,54,18701,46346
2023-10-17 12:57:54,53,54,18701,46346
2023-10-17 12:58:05,52,54,18701,46346
2023-10-17 12:58:07,53,54,18701,46346
2023-10-17 12:58:10,52,54,18701,46346
2023-10-17 12:58:10,53,54,18701,46346
2023-10-17 12:58:10,53,54,18701,46396
2023-10-17 12:58:39,53,55,18701,46396
2023-10-17 12:58:45,54,55,18701,46396
2023-10-17 12:58:53,53,55,18701,46396
2023-10-17 12:59:05,54,55,18701,46396
2023-10-17 13:01:28,53,55,18701,46446
2023-10-17 13:01:38,54,55,18701,46446
2023-10-17 13:01:39,53,55,18701,46446
2023-10-17 13:04:44,53,56,18701,46446
2023-10-17 13:04:44,54,56,18701,46446
2023-10-17 13:04:46,53,56,18701,46446
2023-10-17 13:04:46,53,55,18701,46446
2023-10-17 13:04:51,53,56,18701,46446
2023-10-17 13:04:52,54,56,18701,46446
2023-10-17 13:04:59,53,56,18701,46446
2023-10-17 13:05:01,53,55,18701,46446
2023-10-17 13:05:05,53,56,18701,46446
2023-10-17 13:05:08,54,56,18701,46446
2023-10-17 13:05:09,53,56,18701,46446
2023-10-17 13:05:11,54,56,18701,46446
2023-10-17 13:05:14,53,56,18701,46446
2023-10-17 13:05:19,53,55,18701,46446
2023-10-17 13:05:58,53,56,18701,46446
2023-10-17 13:05:59,53,55,18701,46446
2023-10-17 13:06:04,54,55,18701,46446
2023-10-17 13:06:15,53,56,18701,46446
2023-10-17 13:06:17,53,55,18701,46446
2023-10-17 13:06:41,53,56,18701,46446
2023-10-17 13:06:42,53,55,18701,46446
2023-10-17 13:06:50,53,56,18701,46446
2023-10-17 13:06:51,53,55,18701,46446
2023-10-17 13:06:52,53,56,18701,46446
2023-10-17 13:06:59,54,56,18701,46446
2023-10-17 13:06:59,53,56,18701,46446
2023-10-17 13:10:58,54,56,18701,46446
2023-10-17 13:13:08,54,57,18701,46446
2023-10-17 13:13:20,54,56,18701,46446
2023-10-17 13:13:22,54,57,18701,46446
2023-10-17 13:13:22,54,56,18701,46446
2023-10-17 13:13:32,54,57,18701,46446
2023-10-17 13:13:33,54,56,18701,46446
2023-10-17 13:13:48,54,57,18701,46446
2023-10-17 13:13:51,54,56,18701,46446
2023-10-17 13:13:52,54,57,18701,46446
2023-10-17 13:13:53,54,56,18701,46446
2023-10-17 13:13:56,54,57,18701,46446
2023-10-17 13:13:59,54,56,18701,46446
2023-10-17 13:14:06,54,57,18701,46446
2023-10-17 13:14:11,54,56,18701,46446
2023-10-17 13:14:34,54,57,18701,46446
2023-10-17 13:14:35,54,56,18701,46446
2023-10-17 13:14:37,54,57,18701,46446
2023-10-17 13:14:37,54,56,18701,46446
2023-10-17 13:14:39,54,57,18701,46446
2023-10-17 13:14:41,54,56,18701,46446
2023-10-17 13:14:41,54,57,18701,46446
2023-10-17 13:14:52,54,56,18701,46446
2023-10-17 13:14:55,54,57,18701,46446
2023-10-17 13:14:57,54,56,18701,46446
2023-10-17 13:15:05,54,57,18701,46446
2023-10-17 13:15:06,54,56,18701,46446
2023-10-17 13:15:21,54,57,18701,46446
2023-10-17 13:15:22,54,56,18701,46446
2023-10-17 13:15:45,54,57,18701,46446
2023-10-17 13:15:47,54,56,18701,46446
2023-10-17 13:15:47,54,57,18701,46446
2023-10-17 13:15:49,54,56,18701,46446
2023-10-17 13:15:51,54,57,18701,46446
2023-10-17 13:15:55,54,56,18701,46446
2023-10-17 13:15:55,54,57,18701,46446
2023-10-17 13:15:59,54,56,18701,46446
2023-10-17 13:16:01,54,57,18701,46446
2023-10-17 13:16:02,54,56,18701,46446
2023-10-17 13:16:03,54,57,18701,46446
2023-10-17 13:16:03,54,56,18701,46446
2023-10-17 13:16:40,54,57,18701,46446
2023-10-17 13:16:41,54,56,18701,46446
2023-10-17 13:16:42,54,57,18701,46446
2023-10-17 13:16:42,54,56,18701,46446
2023-10-17 13:16:42,54,57,18701,46446
2023-10-17 13:16:45,54,56,18701,46446
2023-10-17 13:16:45,54,57,18701,46446
2023-10-17 13:17:47,54,56,18701,46446
2023-10-17 13:17:48,54,57,18701,46446
2023-10-17 13:18:03,54,56,18701,46446
2023-10-17 13:18:06,54,57,18701,46446
2023-10-17 13:18:10,54,56,18701,46446
2023-10-17 13:18:16,54,57,18701,46446
2023-10-17 13:18:19,54,56,18701,46446
2023-10-17 13:18:20,54,57,18701,46446
2023-10-17 13:20:15,55,57,18701,46446
2023-10-17 13:22:50,55,58,18701,46446
2023-10-17 13:24:56,55,57,18701,46446
2023-10-17 13:25:01,55,58,18701,46446
2023-10-17 13:25:01,56,58,18701,46446
2023-10-17 13:25:02,55,58,18701,46446
2023-10-17 13:25:03,55,57,18701,46446
2023-10-17 13:25:30,55,58,18701,46446
2023-10-17 13:25:32,56,58,18701,46446
2023-10-17 13:25:32,55,58,18701,46446
2023-10-17 13:25:34,56,58,18701,46446
2023-10-17 13:25:35,55,58,18701,46446
2023-10-17 13:25:35,56,58,18701,46446
2023-10-17 13:25:38,55,58,18701,46446
2023-10-17 13:25:41,56,58,18701,46446
2023-10-17 13:27:32,57,58,18701,46446
2023-10-17 13:27:32,56,58,18701,46446
2023-10-17 13:28:33,57,58,18701,46446
2023-10-17 13:28:34,56,58,18701,46446
2023-10-17 13:28:35,57,58,18701,46446
2023-10-17 13:28:35,57,59,18701,46446
2023-10-17 13:28:35,56,59,18701,46446
2023-10-17 13:28:35,56,58,18701,46446
2023-10-17 13:28:36,56,59,18701,46446
2023-10-17 13:28:38,57,59,18701,46446
2023-10-17 13:28:39,56,59,18701,46446
2023-10-17 13:28:43,57,59,18701,46446
2023-10-17 13:28:44,56,59,18701,46446
2023-10-17 13:28:45,57,59,18701,46446
2023-10-17 13:28:45,56,59,18701,46446
2023-10-17 13:28:46,57,59,18701,46446
2023-10-17 13:28:47,56,59,18701,46446
2023-10-17 13:28:48,57,59,18701,46446
2023-10-17 13:28:48,56,59,18701,46446
2023-10-17 13:29:21,57,59,18701,46446
2023-10-17 13:29:23,56,59,18701,46446
2023-10-17 13:29:23,57,59,18701,46446
2023-10-17 13:29:24,56,59,18701,46446
2023-10-17 13:29:52,57,59,18701,46446
2023-10-17 13:29:52,56,59,18701,46446
2023-10-17 13:29:53,57,59,18701,46446
2023-10-17 13:29:54,56,59,18701,46446
2023-10-17 13:29:55,57,59,18701,46446
2023-10-17 13:29:55,56,59,18701,46446
2023-10-17 13:29:56,57,59,18701,46446
2023-10-17 13:29:57,56,59,18701,46446
2023-10-17 13:30:09,56,58,18701,46446
2023-10-17 13:30:10,55,58,18701,46446
2023-10-17 13:30:20,56,58,18701,46446
2023-10-17 13:30:53,55,58,18701,46446
2023-10-17 13:31:43,56,58,18701,46446
2023-10-17 13:31:45,57,58,18701,46446
2023-10-17 13:31:48,57,58,18701,46499
2023-10-17 13:31:48,56,58,18701,46499
2023-10-17 13:31:48,55,58,18701,46499
2023-10-17 13:31:49,55,57,18701,46499
2023-10-17 13:31:50,54,57,18701,46499
2023-10-17 13:32:01,54,56,18701,46499
2023-10-17 13:32:01,54,55,18701,46499
2023-10-17 13:32:01,54,55,18651,46549
2023-10-17 13:32:02,52,55,18651,46549
2023-10-17 13:32:03,52,55,18601,46599
2023-10-17 13:32:03,52,55,18551,46649
2023-10-17 13:32:03,52,55,18501,46699
2023-10-17 13:32:03,52,55,18451,46749
2023-10-17 13:32:03,53,55,18451,46749
2023-10-17 13:32:09,53,55,18401,46799
2023-10-17 13:32:09,53,55,18351,46849
2023-10-17 13:32:09,53,55,18301,46899
2023-10-17 13:32:09,53,55,18251,46949
2023-10-17 13:32:09,53,55,18251,46999
2023-10-17 13:32:11,53,54,18251,46999
2023-10-17 13:32:15,53,54,18251,47049
2023-10-17 13:32:15,53,54,18251,47099
2023-10-17 13:32:15,53,54,18251,47149
2023-10-17 13:32:17,52,53,17892,47558
2023-10-17 13:32:17,52,54,17851,47608
2023-10-17 13:32:17,51,54,17851,47608
2023-10-17 13:32:17,51,53,17851,47608
2023-10-17 13:32:23,52,53,17851,47608
2023-10-17 13:33:24,52,54,17851,47608
2023-10-17 13:33:24,53,54,17851,47608
2023-10-17 13:33:42,53,54,17651,47808
2023-10-17 13:33:44,53,54,17651,47858
2023-10-17 13:33:45,52,54,17651,47867
2023-10-17 13:33:49,52,53,17651,47867
2023-10-17 13:33:49,51,53,17651,47867
2023-10-17 13:33:50,51,52,17651,47867
2023-10-17 13:34:27,52,54,17760,47976
2023-10-17 13:34:28,53,54,17760,47976
2023-10-17 13:34:28,52,54,17760,48226
2023-10-17 13:34:29,53,54,17760,48226
2023-10-17 13:34:35,52,54,17760,48226
2023-10-17 13:34:36,53,54,17760,48226
2023-10-17 13:34:56,53,55,18029,48495
2023-10-17 13:34:56,54,55,18029,48495
2023-10-17 13:35:01,54,56,18029,48495
2023-10-17 13:35:02,54,56,18029,48505
2023-10-17 13:35:04,55,56,18029,48505
2023-10-17 13:35:31,55,57,18029,48505
2023-10-17 13:35:31,55,56,18029,48505
2023-10-17 13:35:42,55,57,18029,48505
2023-10-17 13:35:43,55,56,18029,48505
2023-10-17 13:35:45,55,57,18029,48505
2023-10-17 13:35:56,56,57,18029,48505
2023-10-17 13:36:05,55,57,18029,48505
2023-10-17 13:36:05,55,56,18029,48505
2023-10-17 13:36:06,55,57,18029,48505
2023-10-17 13:36:07,55,56,18029,48505
2023-10-17 13:36:08,55,57,18029,48505
2023-10-17 13:36:15,55,56,18079,48555
2023-10-17 13:36:16,54,56,18079,48555
2023-10-17 13:36:20,54,56,18129,48605
2023-10-17 13:36:31,54,56,18179,48655
2023-10-17 13:36:32,54,56,18229,48705
2023-10-17 13:36:32,54,55,18229,48705
2023-10-17 13:36:32,54,55,18279,48755
2023-10-17 13:36:38,54,55,18279,48805
2023-10-17 13:36:38,54,55,18279,48855
2023-10-17 13:36:38,54,55,18279,48905
2023-10-17 13:36:41,53,55,18210,48974
2023-10-17 13:36:42,53,54,18210,48974
2023-10-17 13:36:48,52,54,18210,48974
2023-10-17 13:36:48,52,53,18210,48974
2023-10-17 13:37:29,53,54,18355,49119
2023-10-17 13:37:29,53,54,18424,49188
2023-10-17 13:37:56,54,55,18586,49350
2023-10-17 13:38:18,54,55,18636,49400
2023-10-17 13:38:19,54,55,18686,49450
2023-10-17 13:38:19,54,55,18736,49500
2023-10-17 13:38:19,54,55,18786,49550
2023-10-17 13:38:20,54,55,18836,49600
2023-10-17 13:38:20,54,55,18886,49650
2023-10-17 13:38:20,54,55,18936,49700
2023-10-17 13:38:31,54,55,18936,49900
2023-10-17 13:38:31,54,55,18986,49950
2023-10-17 13:38:31,54,55,19086,50050
2023-10-17 13:38:31,54,55,19186,50150
2023-10-17 13:38:31,54,55,19336,50300
2023-10-17 13:38:48,54,55,19336,50500
2023-10-17 13:39:43,54,55,19336,50700
2023-10-17 13:39:43,54,55,19496,50860
2023-10-17 13:39:45,52,54,19496,50974
2023-10-17 13:40:54,52,55,19496,50974
2023-10-17 13:40:56,52,54,19496,50974
2023-10-17 13:41:02,52,55,19496,50974
2023-10-17 13:41:02,53,55,19496,50974
2023-10-17 13:41:27,53,56,19496,50974
2023-10-17 13:41:43,53,56,19506,50984
2023-10-17 13:41:43,54,56,19506,50984
2023-10-17 13:41:53,53,56,19506,50984
2023-10-17 13:41:53,55,56,19506,50984
2023-10-17 13:42:51,54,55,19496,50994
2023-10-17 13:42:51,53,55,19496,50994
2023-10-17 13:43:12,52,55,19496,50994
2023-10-17 13:43:13,52,55,19496,51004
2023-10-17 13:43:14,52,54,19496,51004
2023-10-17 13:43:19,52,55,19496,51004
2023-10-17 13:43:21,52,54,19496,51004
2023-10-17 13:43:24,52,53,19496,51004
2023-10-17 13:43:25,51,53,19496,51004
2023-10-17 13:43:41,51,52,19496,51004
2023-10-17 13:43:42,50,52,19496,51004
2023-10-17 13:44:03,50,53,19496,51004
2023-10-17 13:44:10,51,53,19496,51004
2023-10-17 13:44:37,52,53,19496,51004
2023-10-17 13:44:39,52,54,19496,51004
2023-10-17 13:44:41,53,54,19496,51004
2023-10-17 13:44:42,53,55,19496,51004
2023-10-17 13:44:45,54,55,19496,51004
2023-10-17 13:44:53,55,56,19496,51404
2023-10-17 13:44:53,55,56,19678,51586
2023-10-17 13:44:55,55,56,19798,51706
2023-10-17 13:45:28,55,56,19798,51906
2023-10-17 13:46:12,55,56,19931,52039
2023-10-17 13:46:45,55,56,19931,52239
2023-10-17 13:46:53,55,56,19989,52297
2023-10-17 13:46:54,55,56,19989,52397
2023-10-17 13:46:55,55,56,19989,52597
2023-10-17 13:46:56,55,56,20132,52797
2023-10-17 13:47:11,55,56,20332,52997
2023-10-17 13:47:11,53,56,20332,53004
2023-10-17 13:47:12,53,55,20332,53004
2023-10-17 13:47:27,52,55,20332,53004
2023-10-17 13:47:35,52,54,20332,53004
2023-10-17 13:47:37,51,54,20332,53004
2023-10-17 13:48:09,52,54,20332,53004
2023-10-17 13:48:17,51,54,20332,53004
2023-10-17 13:48:17,52,54,20332,53004
2023-10-17 13:48:32,52,55,20332,53004
2023-10-17 13:48:36,53,55,20332,53004
2023-10-17 13:48:40,52,55,20332,53004
2023-10-17 13:49:10,52,54,20332,53004
2023-10-17 13:49:14,51,54,20332,53004
2023-10-17 13:49:26,52,54,20332,53004
2023-10-17 13:49:36,52,55,20332,53004
2023-10-17 13:49:45,53,55,20332,53004
2023-10-17 13:49:47,53,56,20332,53004
2023-10-17 13:49:51,53,56,20082,53254
2023-10-17 13:49:55,54,56,20082,53254
2023-10-17 13:50:45,54,57,20082,53254
2023-10-17 13:50:51,54,56,20082,53254
2023-10-17 13:50:59,53,56,20082,53254
2023-10-17 13:51:22,53,55,20082,53254
2023-10-17 13:51:34,52,55,20082,53254
2023-10-17 13:51:36,51,55,20082,53254
2023-10-17 13:51:36,51,54,20082,53254
2023-10-17 13:51:37,51,53,20082,53254
2023-10-17 13:51:37,52,53,20082,53254
2023-10-17 13:51:38,51,53,20082,53254
2023-10-17 13:51:43,51,52,20082,53254
2023-10-17 13:51:45,51,53,20082,53254
2023-10-17 13:51:56,52,53,20082,53254
2023-10-17 13:51:57,51,53,20082,53254
2023-10-17 13:51:58,51,54,20082,53254
2023-10-17 13:51:58,52,54,20082,53254
2023-10-17 13:52:05,51,54,20082,53254
2023-10-17 13:52:07,51,53,20082,53254
2023-10-17 13:52:22,51,52,20082,53254
2023-10-17 13:52:24,50,52,20082,53254
2023-10-17 13:52:24,50,51,20082,53254
2023-10-17 13:52:25,49,50,20082,53322
2023-10-17 13:52:25,48,50,20082,53322
2023-10-17 13:52:26,48,49,20082,53322
2023-10-17 13:52:27,47,49,20082,53322
2023-10-17 13:52:29,47,49,20082,53522
2023-10-17 13:52:29,47,48,20082,53522
2023-10-17 13:52:30,45,48,20082,53522
2023-10-17 13:52:30,45,47,20082,53522
2023-10-17 13:52:36,45,48,20082,53522
2023-10-17 13:52:41,45,47,20082,53522
2023-10-17 13:52:46,45,48,20082,53522
2023-10-17 13:52:47,46,48,20082,53522
2023-10-17 13:52:54,45,48,20082,53522
2023-10-17 13:52:56,45,47,20082,53522
2023-10-17 13:53:23,45,48,20082,53522
2023-10-17 13:53:27,46,48,20082,53522
2023-10-17 13:53:29,46,48,20282,53722
2023-10-17 13:53:29,44,48,20282,53722
2023-10-17 13:53:29,43,48,20282,53722
2023-10-17 13:53:29,42,48,20282,53722
2023-10-17 13:53:29,43,48,20282,53722
2023-10-17 13:53:30,43,44,20282,53722
2023-10-17 13:53:30,42,43,20282,53888
2023-10-17 13:53:31,42,44,20282,53888
2023-10-17 13:53:31,42,43,20282,53888
2023-10-17 13:53:32,42,43,20129,54041
2023-10-17 13:53:33,42,43,20082,54241
2023-10-17 13:53:34,42,43,20082,54441
2023-10-17 13:53:34,40,42,20082,54530
2023-10-17 13:53:34,38,42,20082,54530
2023-10-17 13:53:35,39,42,20082,54530
2023-10-17 13:53:35,39,41,20082,54530
2023-10-17 13:53:35,39,41,20083,54531
2023-10-17 13:53:36,38,41,20083,54531
2023-10-17 13:53:37,38,40,20083,54531
2023-10-17 13:53:41,38,39,20083,54531
2023-10-17 13:53:51,38,39,20083,54731
2023-10-17 13:53:59,38,40,20083,54731
2023-10-17 13:54:00,38,41,20083,54731
2023-10-17 13:54:02,39,41,20083,54731
2023-10-17 13:54:05,38,41,20083,54731
2023-10-17 13:54:06,39,41,20083,54731
2023-10-17 13:54:07,39,42,20083,54731
2023-10-17 13:54:12,40,42,20083,54731
2023-10-17 13:54:19,39,42,20083,54731
2023-10-17 13:54:21,39,42,19930,54884
2023-10-17 13:54:23,39,41,19930,54884
2023-10-17 13:54:24,40,41,19930,54884
2023-10-17 13:54:24,40,42,19930,54884
2023-10-17 13:54:27,41,42,19930,54884
2023-10-17 13:54:33,41,43,19930,54884
2023-10-17 13:54:50,40,43,19930,54884
2023-10-17 13:54:57,40,42,19930,54884
2023-10-17 13:55:00,39,42,19930,54884
2023-10-17 13:55:01,39,41,19930,54884
2023-10-17 13:55:01,40,41,19930,54884
2023-10-17 13:55:02,39,40,19930,54981
2023-10-17 13:55:02,38,40,19930,54981
2023-10-17 13:55:09,38,41,19930,54981
2023-10-17 13:55:13,39,41,19930,54981
2023-10-17 13:55:17,39,40,19930,54981
2023-10-17 13:55:27,38,40,19930,54981
2023-10-17 13:55:43,38,39,19930,54981
2023-10-17 13:55:47,37,39,19930,54981
2023-10-17 13:55:48,36,39,19930,54981
2023-10-17 13:55:49,36,38,19930,54981
2023-10-17 13:55:54,36,37,19930,54981
2023-10-17 13:56:02,35,37,19930,54981
2023-10-17 13:56:05,35,36,19930,54981
2023-10-17 13:56:11,35,37,19930,54981
2023-10-17 13:56:20,36,37,19930,54981
2023-10-17 13:56:24,35,37,19930,54981
2023-10-17 13:56:25,35,36,19930,54981
2023-10-17 13:56:25,34,36,19930,54981
2023-10-17 13:56:25,35,36,19930,54981
2023-10-17 13:56:26,34,35,19930,55115
2023-10-17 13:56:26,34,35,19931,55116
2023-10-17 13:56:29,33,35,19931,55116
2023-10-17 13:56:37,34,35,19931,55116
2023-10-17 13:56:39,34,36,19931,55116
2023-10-17 13:56:41,34,37,19931,55116
2023-10-17 13:56:42,35,37,19931,55116
2023-10-17 13:56:49,35,38,19931,55116
2023-10-17 13:56:52,36,38,19931,55116
2023-10-17 13:57:01,37,38,19931,55116
2023-10-17 13:57:01,37,39,19931,55116
2023-10-17 13:57:06,38,39,19931,55116
2023-10-17 13:57:06,38,39,19931,55316
2023-10-17 13:57:06,38,40,19931,55316
2023-10-17 13:57:07,39,40,19931,55316
2023-10-17 13:57:07,39,41,19931,55316
2023-10-17 13:57:07,39,40,19931,55316
2023-10-17 13:57:10,39,41,19931,55316
2023-10-17 13:57:16,40,41,19931,55316
2023-10-17 13:57:16,40,42,19931,55316
2023-10-17 13:57:32,40,41,19931,55316
2023-10-17 13:57:38,40,42,19931,55316
2023-10-17 13:57:40,40,41,19931,55316
2023-10-17 13:57:41,39,41,19931,55316
2023-10-17 13:57:41,40,41,19931,55316
2023-10-17 13:57:41,40,42,19931,55316
2023-10-17 13:57:44,40,41,19931,55316
2023-10-17 13:57:45,39,41,19931,55316
2023-10-17 13:57:48,40,41,19931,55316
2023-10-17 13:57:49,39,41,19931,55316
2023-10-17 13:57:55,40,41,19931,55316
2023-10-17 13:58:03,39,41,19931,55316
2023-10-17 13:58:08,38,41,19931,55316
2023-10-17 13:58:08,39,41,19931,55316
2023-10-17 13:58:09,39,40,19931,55316
2023-10-17 13:58:10,38,40,19931,55316
2023-10-17 13:58:13,37,40,19931,55316
2023-10-17 13:58:13,38,40,19931,55316
2023-10-17 13:58:13,37,40,19931,55316
2023-10-17 13:58:18,37,39,19931,55316
2023-10-17 13:58:20,37,40,19931,55316
2023-10-17 13:58:23,38,40,19931,55316
2023-10-17 13:58:24,37,40,19931,55316
2023-10-17 13:58:24,38,40,19931,55316
2023-10-17 13:58:24,37,40,19931,55316
2023-10-17 13:58:25,38,40,19931,55316
2023-10-17 13:58:45,37,40,19931,55316
2023-10-17 13:58:48,38,40,19931,55316
2023-10-17 13:59:14,39,40,19931,55316
2023-10-17 13:59:14,39,41,19931,55316
2023-10-17 13:59:21,39,40,19931,55316
2023-10-17 13:59:21,38,40,19931,55316
2023-10-17 13:59:30,38,41,19931,55316
2023-10-17 13:59:33,38,40,19931,55316
2023-10-17 13:59:37,39,40,19931,55316
2023-10-17 13:59:38,39,41,19931,55316
2023-10-17 13:59:41,38,41,19931,55316
2023-10-17 13:59:46,39,41,19931,55316
2023-10-17 13:59:47,38,41,19931,55316
2023-10-17 13:59:52,38,40,19931,55316
2023-10-17 14:00:19,39,40,19931,55316
2023-10-17 14:00:19,37,40,19931,55316
2023-10-17 14:00:20,37,39,19931,55316
2023-10-17 14:00:20,38,39,19931,55316
2023-10-17 14:00:21,37,39,19931,55316
2023-10-17 14:00:21,36,39,19931,55316
2023-10-17 14:00:22,36,38,19931,55316
2023-10-17 14:00:27,37,38,19931,55316
2023-10-17 14:00:33,37,39,19931,55316
2023-10-17 14:00:35,38,39,19931,55316
2023-10-17 14:00:39,39,40,19931,55435
2023-10-17 14:00:41,39,41,19931,55435
2023-10-17 14:00:43,40,41,19931,55435
2023-10-17 14:00:44,40,42,19931,55435
2023-10-17 14:00:46,39,42,19931,55435
2023-10-17 14:00:50,39,41,19931,55435
2023-10-17 14:01:14,38,41,19931,55435
2023-10-17 14:01:16,39,41,19931,55435
2023-10-17 14:01:22,38,41,19931,55435
2023-10-17 14:01:22,39,41,19931,55435
2023-10-17 14:01:23,39,40,19931,55435
2023-10-17 14:01:23,38,40,19931,55435
2023-10-17 14:01:34,37,40,19931,55435
2023-10-17 14:01:38,38,40,19931,55435
2023-10-17 14:01:43,38,41,19931,55435
2023-10-17 14:01:45,38,40,19931,55435
2023-10-17 14:01:46,38,41,19931,55435
2023-10-17 14:01:50,40,41,19931,55435
2023-10-17 14:01:50,40,42,19931,55435
2023-10-17 14:01:56,39,42,19931,55435
2023-10-17 14:01:56,39,41,19931,55435
2023-10-17 14:02:02,38,41,19931,55435
2023-10-17 14:02:04,39,41,19931,55435
2023-10-17 14:02:05,38,41,19931,55435
2023-10-17 14:02:07,38,40,19931,55435
2023-10-17 14:02:14,39,40,19931,55435
2023-10-17 14:02:15,39,40,19931,55435
2023-10-17 14:02:15,38,40,19931,55435
2023-10-17 14:02:17,39,40,19931,55435
2023-10-17 14:02:17,38,40,19931,55435
2023-10-17 14:02:18,38,39,19931,55435
2023-10-17 14:02:18,37,38,19931,55511
2023-10-17 14:02:19,36,38,19931,55511
2023-10-17 14:02:39,36,37,19931,55511
2023-10-17 14:02:40,36,38,19931,55511
2023-10-17 14:03:00,36,37,19931,55511
2023-10-17 14:03:01,36,38,19931,55511
2023-10-17 14:03:04,37,38,19931,55511
2023-10-17 14:03:07,37,39,19931,55511
2023-10-17 14:03:39,36,39,19931,55511
2023-10-17 14:03:39,36,38,19931,55511
2023-10-17 14:03:58,37,38,19931,55511
2023-10-17 14:04:00,37,39,19931,55511
2023-10-17 14:04:02,37,38,19931,55511
2023-10-17 14:04:04,37,39,19931,55511
2023-10-17 14:04:27,37,38,19931,55511
2023-10-17 14:04:27,36,38,19931,55511
2023-10-17 14:04:32,36,37,19931,55511
2023-10-17 14:04:42,34,37,19931,55511
2023-10-17 14:04:42,35,37,19931,55511
2023-10-17 14:04:44,36,37,19931,55511
2023-10-17 14:04:44,36,38,19931,55511
2023-10-17 14:04:45,36,37,19931,55511
2023-10-17 14:04:45,37,38,19931,55570
2023-10-17 14:04:46,37,39,19931,55570
2023-10-17 14:04:49,38,39,19931,55570
2023-10-17 14:04:51,37,39,19931,55570
2023-10-17 14:05:07,37,38,19931,55570
2023-10-17 14:05:15,37,39,19931,55570
2023-10-17 14:05:15,37,38,19931,55570
2023-10-17 14:05:28,37,39,19931,55570
2023-10-17 14:05:33,37,38,19931,55570
2023-10-17 14:05:34,37,39,19931,55570
2023-10-17 14:05:35,38,39,19931,55570
2023-10-17 14:05:37,39,40,19931,55642
2023-10-17 14:05:37,39,41,19931,55642
2023-10-17 14:05:38,39,40,19931,55642
2023-10-17 14:05:44,38,40,19931,55642
2023-10-17 14:05:50,38,39,19931,55642
2023-10-17 14:05:50,37,39,19931,55642
2023-10-17 14:06:00,37,38,19931,55642
2023-10-17 14:06:00,36,38,19931,55642
2023-10-17 14:06:14,36,39,19931,55642
2023-10-17 14:06:15,37,39,19931,55642
2023-10-17 14:06:58,37,38,19931,55642
2023-10-17 14:07:00,37,39,19931,55642
2023-10-17 14:07:09,37,40,19931,55642
2023-10-17 14:07:15,38,40,19931,55642
2023-10-17 14:07:18,39,40,19931,55642
2023-10-17 14:07:19,39,41,19931,55642
2023-10-17 14:07:25,39,41,20131,55842
2023-10-17 14:07:27,38,41,20131,55842
2023-10-17 14:07:27,38,40,20131,55842
2023-10-17 14:07:29,38,39,20131,55842
2023-10-17 14:07:32,38,40,20131,55842
2023-10-17 14:07:38,38,39,20131,55842
2023-10-17 14:07:41,38,40,20131,55842
2023-10-17 14:07:44,39,40,20131,55842
2023-10-17 14:07:46,40,41,20131,55895
2023-10-17 14:07:52,40,42,20239,56003
2023-10-17 14:07:53,40,41,20239,56003
2023-10-17 14:07:56,40,43,20239,56003
2023-10-17 14:07:57,40,42,20239,56003
2023-10-17 14:07:58,40,43,20239,56003
2023-10-17 14:08:00,40,42,20239,56003
2023-10-17 14:08:21,41,42,20239,56003
2023-10-17 14:08:43,40,42,20239,56003
2023-10-17 14:08:56,41,42,20239,56003
2023-10-17 14:09:02,40,42,20239,56003
2023-10-17 14:09:11,41,42,20239,56003
2023-10-17 14:09:16,40,42,20239,56003
2023-10-17 14:09:28,41,42,20239,56003
2023-10-17 14:09:29,41,42,20239,56203
2023-10-17 14:09:29,41,43,20239,56203
2023-10-17 14:09:36,40,43,20239,56203
2023-10-17 14:09:42,41,43,20239,56203
2023-10-17 14:09:50,41,44,20239,56203
2023-10-17 14:09:51,42,44,20239,56203
2023-10-17 14:09:51,42,43,20239,56203
2023-10-17 14:09:54,42,44,20239,56203
2023-10-17 14:09:55,42,43,20239,56203
2023-10-17 14:09:56,42,44,20239,56403
2023-10-17 14:09:58,43,45,20239,56403
2023-10-17 14:10:17,43,44,20239,56403
2023-10-17 14:10:17,42,44,20239,56403
2023-10-17 14:10:17,41,44,20239,56403
2023-10-17 14:10:18,42,44,20239,56403
2023-10-17 14:10:19,41,44,20239,56403
2023-10-17 14:10:19,42,44,20239,56403
2023-10-17 14:10:21,42,43,20239,56403
2023-10-17 14:10:21,41,43,20239,56403
2023-10-17 14:10:25,40,43,20239,56403
2023-10-17 14:10:27,41,43,20239,56403
2023-10-17 14:10:28,40,43,20239,56403
2023-10-17 14:10:30,41,43,20239,56403
2023-10-17 14:10:38,41,44,20239,56403
2023-10-17 14:10:39,41,43,20239,56403
2023-10-17 14:10:43,41,43,20239,56408
2023-10-17 14:10:52,41,44,20239,56408
2023-10-17 14:10:59,42,44,20239,56408
2023-10-17 14:11:00,41,44,20239,56408
2023-10-17 14:11:00,42,44,20239,56408
2023-10-17 14:11:00,41,44,20239,56408
2023-10-17 14:11:01,42,44,20239,56408
2023-10-17 14:11:02,41,44,20239,56408
2023-10-17 14:11:12,42,44,20239,56408
2023-10-17 14:11:12,41,44,20239,56408
2023-10-17 14:11:13,42,44,20239,56408
2023-10-17 14:11:19,42,45,20239,56408
2023-10-17 14:11:27,43,45,20239,56408
2023-10-17 14:11:30,44,45,20239,56408
2023-10-17 14:11:31,44,46,20239,56408
2023-10-17 14:11:38,45,46,20239,56408
2023-10-17 14:11:39,44,46,20239,56408
2023-10-17 14:11:40,45,46,20239,56408
2023-10-17 14:11:41,45,46,20312,56608
2023-10-17 14:11:41,45,48,20312,56608
2023-10-17 14:11:41,45,48,20362,56658
2023-10-17 14:11:43,46,48,20362,56658
2023-10-17 14:11:43,45,48,20362,56720
2023-10-17 14:11:44,46,48,20362,56720
2023-10-17 14:11:45,46,48,20362,56819
2023-10-17 14:11:46,45,48,20362,56819
2023-10-17 14:11:46,46,48,20362,56819
2023-10-17 14:11:47,45,48,20362,56819
2023-10-17 14:11:48,46,48,20362,56819
2023-10-17 14:11:48,45,48,20362,56819
2023-10-17 14:11:50,46,48,20362,56819
2023-10-17 14:11:51,45,48,20362,56819
2023-10-17 14:11:51,46,48,20362,56819
2023-10-17 14:11:54,47,48,20362,56819
2023-10-17 14:11:57,47,49,20362,56819
2023-10-17 14:11:59,47,48,20362,56819
2023-10-17 14:12:02,47,49,20362,56819
2023-10-17 14:12:02,46,49,20362,56819
2023-10-17 14:12:07,46,48,20362,56819
2023-10-17 14:12:14,47,48,20362,56819
2023-10-17 14:12:14,47,49,20362,56819
2023-10-17 14:12:28,47,50,20362,56819
2023-10-17 14:12:30,48,50,20362,56819
2023-10-17 14:12:31,49,51,20362,56819
2023-10-17 14:12:35,49,50,20362,56819
2023-10-17 14:12:37,48,50,20362,56819
2023-10-17 14:12:43,47,50,20362,56819
2023-10-17 14:12:45,48,50,20362,56819
2023-10-17 14:12:50,47,50,20362,56819
2023-10-17 14:12:52,47,49,20362,56819
2023-10-17 14:12:52,46,49,20362,56819
2023-10-17 14:13:10,46,48,20362,56819
2023-10-17 14:13:12,45,48,20362,56819
2023-10-17 14:13:15,46,48,20362,56819
2023-10-17 14:13:15,45,48,20362,56819
2023-10-17 14:13:16,45,48,20362,57019
2023-10-17 14:13:17,45,47,20362,57019
2023-10-17 14:13:24,45,48,20362,57019
2023-10-17 14:13:26,46,48,20362,57019
2023-10-17 14:13:28,45,48,20362,57019
2023-10-17 14:13:29,46,48,20362,57019
2023-10-17 14:13:29,45,48,20362,57019
2023-10-17 14:13:35,46,48,20362,57019
2023-10-17 14:13:46,46,47,20362,57019
2023-10-17 14:13:46,45,47,20362,57019
2023-10-17 14:13:46,46,47,20362,57019
2023-10-17 14:13:48,45,47,20362,57019
2023-10-17 14:14:18,46,47,20362,57019
2023-10-17 14:14:18,46,48,20362,57019
2023-10-17 14:14:18,45,48,20362,57019
2023-10-17 14:14:20,45,47,20362,57019
2023-10-17 14:14:22,45,48,20362,57019
2023-10-17 14:14:22,46,48,20362,57019
2023-10-17 14:14:23,45,48,20362,57019
2023-10-17 14:14:29,46,48,20362,57019
2023-10-17 14:14:38,46,47,20362,57019
2023-10-17 14:14:38,45,47,20362,57019
2023-10-17 14:14:49,45,48,20362,57019
2023-10-17 14:14:57,45,47,20362,57019
2023-10-17 14:14:59,45,48,20362,57019
2023-10-17 14:15:00,45,47,20362,57019
2023-10-17 14:15:05,45,48,20362,57019
2023-10-17 14:15:08,46,48,20362,57019
2023-10-17 14:15:34,47,48,20362,57019
2023-10-17 14:15:36,47,49,20362,57019
2023-10-17 14:15:39,48,49,20362,57019
2023-10-17 14:15:47,48,51,20362,57019
2023-10-17 14:15:48,48,50,20362,57019
2023-10-17 14:15:50,49,50,20362,57019
2023-10-17 14:15:51,49,51,20362,57019
2023-10-17 14:15:59,50,51,20362,57019
2023-10-17 14:16:07,50,52,20430,57087
2023-10-17 14:16:18,50,52,20430,57237
2023-10-17 14:16:19,50,53,20430,57237
2023-10-17 14:16:19,51,53,20430,57237
2023-10-17 14:16:21,52,53,20430,57237
2023-10-17 14:16:21,52,54,20430,57237
2023-10-17 14:16:25,51,54,20305,57362
2023-10-17 14:16:27,51,53,20305,57362
2023-10-17 14:16:30,52,53,20305,57362
2023-10-17 14:16:34,52,54,20305,57362
2023-10-17 14:16:37,52,54,20055,57612
2023-10-17 14:17:08,53,54,20055,57612
2023-10-17 14:17:12,53,55,20055,57612
2023-10-17 14:17:26,53,55,20055,57732
2023-10-17 14:17:26,53,54,20055,57732
2023-10-17 14:17:27,53,54,20055,57782
2023-10-17 14:17:28,53,54,20055,57832
2023-10-17 14:17:28,51,53,20055,57961
2023-10-17 14:17:29,52,53,20055,57961
2023-10-17 14:17:33,52,53,20115,58021
2023-10-17 14:17:34,51,53,20115,58021
2023-10-17 14:17:50,49,53,20115,58021
2023-10-17 14:17:50,49,52,20115,58021
2023-10-17 14:17:51,49,51,20115,58021
2023-10-17 14:17:52,48,51,20115,58021
2023-10-17 14:17:52,47,51,20115,58021
2023-10-17 14:17:53,47,48,20115,58021
2023-10-17 14:17:53,46,48,20115,58021
2023-10-17 14:18:16,44,48,20115,58021
2023-10-17 14:18:17,44,47,20115,58021
2023-10-17 14:18:19,44,48,20115,58021
2023-10-17 14:18:22,45,48,20115,58021
2023-10-17 14:18:28,46,48,20115,58021
2023-10-17 14:18:47,45,48,20115,58021
2023-10-17 14:19:01,44,48,20115,58021
2023-10-17 14:19:01,44,47,20115,58021
2023-10-17 14:19:02,44,46,20115,58021
2023-10-17 14:19:04,43,46,20115,58021
2023-10-17 14:19:06,43,45,20115,58021
2023-10-17 14:19:11,42,45,20115,58021
2023-10-17 14:19:11,42,44,20115,58021
2023-10-17 14:19:11,41,44,20115,58021
2023-10-17 14:19:12,41,44,20125,58031
2023-10-17 14:19:15,42,44,20125,58031
2023-10-17 14:19:17,42,45,20125,58031
2023-10-17 14:19:21,42,46,20125,58031
2023-10-17 14:19:26,42,45,20125,58031
2023-10-17 14:19:41,41,45,20125,58031
2023-10-17 14:19:41,41,44,20125,58031
2023-10-17 14:19:44,41,43,20125,58031
2023-10-17 14:19:49,40,43,20125,58031
2023-10-17 14:20:07,41,43,20125,58031
2023-10-17 14:20:08,40,43,20125,58031
2023-10-17 14:20:13,41,43,20125,58031
2023-10-17 14:20:14,41,44,20125,58031
2023-10-17 14:20:20,42,44,20125,58031
2023-10-17 14:20:20,42,45,20125,58031
2023-10-17 14:20:24,43,45,20125,58031
2023-10-17 14:20:24,43,46,20125,58031
2023-10-17 14:20:25,44,46,20125,58031
2023-10-17 14:20:28,43,46,20125,58031
2023-10-17 14:20:30,44,46,20125,58031
2023-10-17 14:20:31,43,46,20125,58031
2023-10-17 14:20:32,44,46,20125,58031
2023-10-17 14:20:33,44,47,20125,58031
2023-10-17 14:20:45,45,47,20125,58031
2023-10-17 14:20:50,45,48,20125,58031
2023-10-17 14:20:51,46,48,20125,58031
2023-10-17 14:20:52,46,49,20125,58031
2023-10-17 14:20:52,47,49,20125,58031
2023-10-17 14:20:53,47,50,20125,58031
2023-10-17 14:20:54,48,50,20125,58031
2023-10-17 14:21:25,48,50,20225,58131
2023-10-17 14:21:25,49,50,20225,58131
2023-10-17 14:21:25,49,50,20225,58183
2023-10-17 14:21:29,48,50,20225,58231
2023-10-17 14:21:32,49,50,20225,58231
2023-10-17 14:21:32,49,51,20225,58231
2023-10-17 14:22:04,49,52,20225,58431
2023-10-17 14:22:05,49,52,20215,58441
2023-10-17 14:22:05,50,52,20215,58441
2023-10-17 14:22:12,50,51,20215,58441
2023-10-17 14:22:13,49,51,20215,58441
2023-10-17 14:22:40,49,52,20215,58441
2023-10-17 14:22:41,49,51,20215,58441
2023-10-17 14:22:55,49,52,20215,58441
2023-10-17 14:22:57,49,51,20215,58441
2023-10-17 14:23:09,48,51,20615,58841
2023-10-17 14:23:18,48,50,20615,58841
2023-10-17 14:23:19,48,49,20615,58841
2023-10-17 14:23:19,47,49,20615,58841
2023-10-17 14:23:20,45,49,20615,58841
2023-10-17 14:23:22,45,48,20615,58841
2023-10-17 14:23:24,45,49,20615,58841
2023-10-17 14:23:25,46,49,20615,58841
2023-10-17 14:23:30,45,49,20615,58841
2023-10-17 14:23:30,46,49,20615,58841
2023-10-17 14:23:50,46,48,20615,58841
2023-10-17 14:23:52,46,49,20615,58841
2023-10-17 14:23:52,46,48,20615,58841
2023-10-17 14:23:57,46,49,20615,58841
2023-10-17 14:23:58,46,48,20615,58841
2023-10-17 14:24:02,45,48,20615,58841
2023-10-17 14:24:06,45,47,20615,58841
2023-10-17 14:24:11,45,48,20615,58841
2023-10-17 14:24:11,45,47,20615,58841
2023-10-17 14:24:14,45,48,20615,58841
2023-10-17 14:24:19,45,47,20615,58841
2023-10-17 14:24:23,45,48,20615,58841
2023-10-17 14:24:23,45,47,20615,58841
2023-10-17 14:24:28,45,48,20615,58841
2023-10-17 14:24:38,46,48,20615,58841
2023-10-17 14:24:49,45,48,20615,58841
2023-10-17 14:24:56,46,48,20615,58841
2023-10-17 14:25:04,46,49,20615,58841
2023-10-17 14:25:05,47,49,20615,58841
2023-10-17 14:25:05,47,50,20615,58841
2023-10-17 14:25:10,48,50,20615,58841
2023-10-17 14:25:15,47,50,20615,58841
2023-10-17 14:25:21,48,50,20615,58841
2023-10-17 14:25:22,47,50,20615,58841
2023-10-17 14:25:27,48,50,20615,58841
2023-10-17 14:25:35,47,50,20615,58841
2023-10-17 14:25:35,47,49,20615,58841
2023-10-17 14:25:35,47,48,20615,58841
2023-10-17 14:25:35,45,48,20615,58841
2023-10-17 14:25:36,45,47,20615,58841
2023-10-17 14:25:36,45,46,20615,58841
2023-10-17 14:25:37,44,46,20615,58841
2023-10-17 14:25:38,43,46,20615,58841
2023-10-17 14:25:51,44,46,20615,58841
2023-10-17 14:25:51,44,47,20615,58841
2023-10-17 14:25:55,45,47,20615,58841
2023-10-17 14:25:55,45,48,20615,58841
2023-10-17 14:26:07,46,48,20615,58841
2023-10-17 14:26:12,46,49,20615,58841
2023-10-17 14:26:13,47,49,20615,58841
2023-10-17 14:26:14,47,49,20615,58851
2023-10-17 14:26:21,47,50,20615,58851
2023-10-17 14:26:21,49,50,20615,58851
2023-10-17 14:26:21,49,51,20615,58851
2023-10-17 14:28:02,50,51,20615,58851
2023-10-17 14:28:15,49,51,20615,58851
2023-10-17 14:28:15,50,51,20615,58851
2023-10-17 14:28:21,49,51,20615,58851
2023-10-17 14:28:26,50,51,20615,58851
2023-10-17 14:28:35,49,51,20615,58851
2023-10-17 14:28:41,50,51,20615,58851
2023-10-17 14:28:43,49,51,20615,58851
2023-10-17 14:29:04,47,51,20615,58851
2023-10-17 14:29:04,48,51,20615,58851
2023-10-17 14:29:04,48,50,20615,58851
2023-10-17 14:29:05,47,50,20615,58851
2023-10-17 14:29:08,48,50,20615,58851
2023-10-17 14:29:10,47,50,20615,58851
2023-10-17 14:29:12,48,50,20615,58851
2023-10-17 14:29:15,47,50,20615,58851
2023-10-17 14:29:24,47,49,20615,58851
2023-10-17 14:29:24,46,49,20615,58851
2023-10-17 14:29:33,46,48,20615,58851
2023-10-17 14:29:36,46,49,20615,58851
2023-10-17 14:29:47,46,48,20615,58851
2023-10-17 14:29:55,46,49,20615,58851
2023-10-17 14:29:55,47,49,20615,58851
2023-10-17 14:29:56,46,49,20615,58851
2023-10-17 14:29:57,47,49,20615,58851
2023-10-17 14:30:00,48,49,20615,58851
2023-10-17 14:30:01,47,49,20615,58851
2023-10-17 14:30:03,46,49,20615,58851
2023-10-17 14:30:04,47,49,20615,58851
2023-10-17 14:30:06,46,49,20615,58851
2023-10-17 14:30:07,46,48,20615,58851
2023-10-17 14:30:20,45,48,20615,58851
2023-10-17 14:30:29,45,47,20615,58851
2023-10-17 14:30:32,46,47,20615,58851
2023-10-17 14:30:32,44,46,20493,58973
2023-10-17 14:30:32,43,46,20493,58973
2023-10-17 14:30:33,43,47,20493,58973
2023-10-17 14:30:33,43,46,20493,58973
2023-10-17 14:30:42,44,46,20493,58973
2023-10-17 14:30:42,44,47,20493,58973
2023-10-17 14:30:45,45,47,20493,58973
2023-10-17 14:30:45,45,48,20493,58973
2023-10-17 14:30:53,46,48,20493,58973
2023-10-17 14:30:54,46,49,20493,58973
2023-10-17 14:31:14,46,48,20493,58973
2023-10-17 14:31:14,46,47,20493,58973
2023-10-17 14:31:14,45,47,20493,58973
2023-10-17 14:31:18,44,47,20493,58973
2023-10-17 14:31:29,45,47,20493,58973
2023-10-17 14:31:35,44,47,20493,58973
2023-10-17 14:31:46,45,47,20493,58973
2023-10-17 14:31:47,45,48,20493,58973
2023-10-17 14:31:50,46,48,20493,58973
2023-10-17 14:31:50,46,49,20493,58973
2023-10-17 14:31:52,46,48,20493,58973
2023-10-17 14:31:57,46,49,20493,58973
2023-10-17 14:32:02,46,48,20493,58973
2023-10-17 14:32:08,45,48,20493,58973
2023-10-17 14:32:10,45,46,20493,58973
2023-10-17 14:32:10,44,46,20493,58973
2023-10-17 14:32:10,43,46,20493,58973
2023-10-17 14:32:11,43,45,20493,58973
2023-10-17 14:32:12,42,45,20493,58973
2023-10-17 14:32:13,42,44,20493,58973
2023-10-17 14:32:14,41,44,20493,58973
2023-10-17 14:32:29,41,45,20493,58973
2023-10-17 14:32:30,42,45,20493,58973
2023-10-17 14:32:38,42,46,20493,58973
2023-10-17 14:32:39,43,46,20493,58973
2023-10-17 14:32:47,43,47,20493,58973
2023-10-17 14:32:47,45,47,20493,58973
2023-10-17 14:32:48,45,48,20493,58973
2023-10-17 14:32:50,46,48,20493,58973
2023-10-17 14:33:01,45,48,20493,58973
2023-10-17 14:33:04,46,48,20493,58973
2023-10-17 14:33:09,46,49,20493,58973
2023-10-17 14:33:10,47,49,20493,58973
2023-10-17 14:33:10,48,49,20493,58973
2023-10-17 14:33:10,48,50,20493,58973
2023-10-17 14:33:11,48,50,20693,59173
2023-10-17 14:33:11,49,50,20693,59173
2023-10-17 14:33:11,49,51,20693,59173
2023-10-17 14:33:11,50,51,20693,59173
2023-10-17 14:33:20,50,52,20693,59183
2023-10-17 14:33:44,50,51,20693,59183
2023-10-17 14:33:46,50,52,20693,59183
2023-10-17 14:33:47,50,52,20693,59193
2023-10-17 14:33:53,50,51,20693,59193
2023-10-17 14:33:55,50,52,20693,59193
2023-10-17 14:34:03,50,51,20693,59193
2023-10-17 14:34:04,50,51,20683,59203
2023-10-17 14:34:06,48,51,20683,59203
2023-10-17 14:34:06,49,51,20683,59203
2023-10-17 14:34:26,49,50,20683,59203
2023-10-17 14:34:51,49,51,20683,59203
2023-10-17 14:34:56,49,50,20683,59203
2023-10-17 14:35:08,49,51,20683,59203
2023-10-17 14:35:15,49,50,20683,59203
2023-10-17 14:35:16,49,51,20683,59203
2023-10-17 14:35:35,49,50,20683,59203
2023-10-17 14:35:41,49,51,20683,59203
2023-10-17 14:35:45,49,52,20683,59203
2023-10-17 14:35:45,50,52,20683,59203
2023-10-17 14:36:04,50,51,20683,59203
2023-10-17 14:36:04,48,50,20493,59393
2023-10-17 14:36:06,49,50,20493,59393
2023-10-17 14:36:07,48,49,20358,59528
2023-10-17 14:36:07,46,49,20358,59528
2023-10-17 14:36:09,45,49,20358,59528
2023-10-17 14:36:14,46,49,20358,59528
2023-10-17 14:36:15,45,49,20358,59528
2023-10-17 14:36:15,45,48,20358,59528
2023-10-17 14:36:16,45,47,20358,59528
2023-10-17 14:36:17,45,47,20368,59538
2023-10-17 14:36:17,45,47,20378,59548
2023-10-17 14:36:28,45,48,20378,59548
2023-10-17 14:36:57,45,49,20378,59548
2023-10-17 14:37:00,45,48,20378,59548
2023-10-17 14:37:08,46,48,20378,59548
2023-10-17 14:37:08,46,49,20378,59548
2023-10-17 14:37:09,47,49,20378,59548
2023-10-17 14:37:12,47,50,20378,59548
2023-10-17 14:37:14,48,50,20378,59548
2023-10-17 14:37:15,48,51,20378,59548
2023-10-17 14:37:16,49,51,20378,59548
2023-10-17 14:37:17,49,52,20378,59548
2023-10-17 14:37:47,50,52,20378,59548
2023-10-17 14:37:49,50,53,20378,59548
2023-10-17 14:37:49,51,53,20378,59548
2023-10-17 14:37:51,52,53,20378,59548
2023-10-17 14:37:51,51,53,20578,59748
2023-10-17 14:37:51,51,52,20578,59748
2023-10-17 14:37:54,52,53,20581,59751
2023-10-17 14:38:08,52,55,20714,59884
2023-10-17 14:38:30,53,55,20714,59884
2023-10-17 14:38:41,53,56,20714,60084
2023-10-17 14:38:42,53,56,20694,60104
2023-10-17 14:38:42,54,56,20694,60104
2023-10-17 14:38:43,55,56,20694,60104
2023-10-17 14:38:43,55,57,20694,60104
2023-10-17 14:38:50,56,57,20694,60104
2023-10-17 14:38:50,56,58,20694,60104
2023-10-17 14:38:52,55,58,20694,60104
2023-10-17 14:38:58,56,58,20694,60104
2023-10-17 14:39:09,55,58,20694,60104
2023-10-17 14:39:17,56,58,20694,60104
2023-10-17 14:39:25,56,59,20694,60104
2023-10-17 14:39:32,56,59,20694,60104
2023-10-17 14:40:07,55,59,20694,60104
2023-10-17 14:40:07,55,58,20694,60104
2023-10-17 14:40:08,55,59,20694,60104
2023-10-17 14:40:09,56,59,20694,60104
2023-10-17 14:40:24,57,59,20694,60104
2023-10-17 14:40:32,56,59,20694,60104
2023-10-17 14:40:33,57,59,20694,60104
2023-10-17 14:40:40,58,59,20694,60104
2023-10-17 14:40:40,58,60,20694,60104
2023-10-17 14:40:54,59,60,20694,60104
2023-10-17 14:41:01,58,61,20694,60104
2023-10-17 14:41:01,59,61,20694,60104
2023-10-17 14:41:29,59,62,20694,60104
2023-10-17 14:41:30,60,62,20694,60104
2023-10-17 14:41:55,59,62,20694,60104
2023-10-17 14:42:06,60,62,20694,60104
2023-10-17 14:42:07,59,62,20694,60104
2023-10-17 14:42:08,60,62,20694,60104
2023-10-17 14:42:15,59,62,20694,60104
2023-10-17 14:42:17,59,61,20694,60104
2023-10-17 14:42:17,58,61,20694,60104
2023-10-17 14:42:18,57,61,20694,60104
2023-10-17 14:42:18,57,60,20694,60104
2023-10-17 14:42:18,56,60,20694,60104
2023-10-17 14:42:23,57,60,20694,60104
2023-10-17 14:42:23,56,60,20694,60304
2023-10-17 14:42:26,57,60,20694,60304
2023-10-17 14:42:28,56,60,20694,60304
2023-10-17 14:42:28,56,59,20694,60304
2023-10-17 14:42:30,56,60,20694,60304
2023-10-17 14:42:41,56,59,20694,60304
2023-10-17 14:42:41,56,58,20694,60304
2023-10-17 14:42:41,55,58,20694,60304
2023-10-17 14:42:45,55,57,20694,60304
2023-10-17 14:42:45,54,57,20694,60304
2023-10-17 14:42:48,54,56,20694,60304
2023-10-17 14:42:49,54,57,20694,60304
2023-10-17 14:42:51,54,56,20694,60304
2023-10-17 14:42:53,53,56,20694,60304
2023-10-17 14:42:56,53,57,20694,60304
2023-10-17 14:42:57,54,57,20694,60304
2023-10-17 14:43:02,54,58,20694,60304
2023-10-17 14:43:02,54,57,20694,60304
2023-10-17 14:43:11,53,57,20694,60304
2023-10-17 14:43:12,53,56,20694,60304
2023-10-17 14:43:25,52,56,20694,60304
2023-10-17 14:43:25,52,55,20694,60304
2023-10-17 14:43:35,52,56,20694,60304
2023-10-17 14:43:39,52,55,20694,60304
2023-10-17 14:43:42,52,56,20694,60304
2023-10-17 14:43:42,53,56,20694,60304
2023-10-17 14:43:47,52,56,20694,60304
2023-10-17 14:43:50,53,56,20694,60304
2023-10-17 14:43:53,52,56,20694,60304
2023-10-17 14:43:55,53,56,20694,60304
2023-10-17 14:44:10,53,55,20694,60304
2023-10-17 14:44:10,52,55,20694,60304
2023-10-17 14:44:35,52,56,20694,60304
2023-10-17 14:44:41,52,55,20694,60304
2023-10-17 14:44:54,52,56,20694,60304
2023-10-17 14:44:54,53,56,20694,60304
2023-10-17 14:44:57,52,56,20694,60304
2023-10-17 14:45:03,52,55,20694,60304
2023-10-17 14:45:05,52,56,20694,60304
2023-10-17 14:45:05,53,56,20694,60304
2023-10-17 14:45:07,53,57,20694,60304
2023-10-17 14:45:07,54,57,20694,60304
2023-10-17 14:45:08,53,57,20694,60304
2023-10-17 14:45:08,54,57,20694,60304
2023-10-17 14:45:11,55,57,20694,60304
2023-10-17 14:45:22,55,57,20698,60308
2023-10-17 14:45:34,55,56,20698,60308
2023-10-17 14:45:35,53,55,20698,60454
2023-10-17 14:45:35,52,55,20698,60454
2023-10-17 14:45:37,52,54,20698,60454
2023-10-17 14:45:38,51,54,20698,60454
2023-10-17 14:45:49,52,54,20698,60454
2023-10-17 14:45:49,52,53,20698,60454
2023-10-17 14:45:49,50,51,20537,60615
2023-10-17 14:45:49,50,52,20475,60804
2023-10-17 14:45:49,49,52,20475,60804
2023-10-17 14:45:50,49,53,20475,60804
2023-10-17 14:45:50,50,53,20475,60804
2023-10-17 14:45:50,50,52,20475,60804
2023-10-17 14:45:55,50,53,20475,60804
2023-10-17 14:45:59,51,53,20475,60804
2023-10-17 14:45:59,51,54,20475,60804
2023-10-17 14:46:02,50,54,20475,60804
2023-10-17 14:46:05,51,54,20475,60804
2023-10-17 14:46:17,50,54,20475,60804
2023-10-17 14:46:20,51,54,20475,60804
2023-10-17 14:46:24,52,54,20475,60804
2023-10-17 14:46:25,51,54,20475,60804
2023-10-17 14:46:26,52,54,20475,60804
2023-10-17 14:46:27,52,55,20475,60804
2023-10-17 14:46:39,52,56,20475,60804
2023-10-17 14:46:40,53,56,20475,60804
2023-10-17 14:46:43,53,57,20475,60804
2023-10-17 14:46:45,54,57,20475,60804
2023-10-17 14:46:57,53,57,20475,60804
2023-10-17 14:47:00,54,57,20475,60804
2023-10-17 14:47:07,53,57,20475,60804
2023-10-17 14:47:13,53,56,20475,60804
2023-10-17 14:47:14,53,57,20475,60804
2023-10-17 14:47:14,54,57,20475,60804
2023-10-17 14:47:25,55,57,20475,60804
2023-10-17 14:47:25,55,58,20475,60804
2023-10-17 14:47:32,56,58,20475,60804
2023-10-17 14:47:32,56,59,20475,60804
2023-10-17 14:47:33,57,59,20475,60804
2023-10-17 14:47:34,58,59,20475,60804
2023-10-17 14:47:34,58,61,20475,60804
2023-10-17 14:47:34,58,60,20475,60804
2023-10-17 14:47:35,59,60,20475,60804
2023-10-17 14:47:35,59,60,20631,60960
2023-10-17 14:47:36,59,60,20691,61020
2023-10-17 14:47:37,58,60,20691,61020
2023-10-17 14:47:44,59,60,20691,61020
2023-10-17 14:47:46,59,61,20691,61020
2023-10-17 14:47:54,58,61,20691,61020
2023-10-17 14:48:02,59,61,20691,61020
2023-10-17 14:48:03,58,61,20691,61020
2023-10-17 14:48:05,59,61,20691,61020
2023-10-17 14:48:06,60,61,20691,61020
2023-10-17 14:48:06,60,62,20691,61020
2023-10-17 14:48:08,61,62,20691,61020
2023-10-17 14:48:09,61,63,20691,61020
2023-10-17 14:48:27,62,63,20691,61020
2023-10-17 14:48:28,62,64,20691,61020
2023-10-17 14:48:31,62,64,20701,61030
2023-10-17 14:48:56,62,63,20701,61030
2023-10-17 14:48:56,61,63,20701,61030
2023-10-17 14:48:56,60,63,20701,61030
2023-10-17 14:48:57,60,62,20701,61030
2023-10-17 14:48:59,59,62,20701,61030
2023-10-17 14:48:59,59,61,20701,61030
2023-10-17 14:49:01,59,63,20701,61030
2023-10-17 14:49:01,59,62,20701,61030
2023-10-17 14:49:03,59,61,20701,61030
2023-10-17 14:49:04,58,61,20701,61030
2023-10-17 14:49:07,59,61,20701,61030
2023-10-17 14:49:10,59,63,20701,61030
2023-10-17 14:49:10,59,62,20701,61030
2023-10-17 14:49:12,60,62,20701,61030
2023-10-17 14:49:17,60,63,20701,61030
2023-10-17 14:49:31,60,62,20701,61030
2023-10-17 14:49:46,59,62,20701,61030
2023-10-17 14:49:52,60,62,20701,61030
2023-10-17 14:50:04,58,62,20701,61030
2023-10-17 14:50:04,58,61,20701,61030
2023-10-17 14:50:04,57,61,20701,61030
2023-10-17 14:50:04,57,60,20701,61030
2023-10-17 14:50:05,56,60,20701,61030
2023-10-17 14:50:05,55,60,20701,61030
2023-10-17 14:50:05,55,58,20701,61030
2023-10-17 14:50:05,55,57,20701,61030
2023-10-17 14:50:08,55,56,20701,61030
2023-10-17 14:50:08,55,57,20701,61030
2023-10-17 14:50:08,54,55,20564,61230
2023-10-17 14:50:19,54,57,20564,61230
2023-10-17 14:50:19,54,56,20564,61230
2023-10-17 14:50:23,54,58,20564,61230
2023-10-17 14:50:23,54,57,20564,61230
2023-10-17 14:50:25,55,57,20564,61230
2023-10-17 14:50:26,55,59,20564,61230
2023-10-17 14:50:26,55,58,20564,61230
2023-10-17 14:50:28,56,58,20564,61230
2023-10-17 14:50:35,55,58,20564,61230
2023-10-17 14:50:36,56,58,20564,61230
2023-10-17 14:50:42,55,58,20564,61230
2023-10-17 14:50:43,55,59,20564,61230
2023-10-17 14:50:43,55,57,20564,61230
2023-10-17 14:50:46,55,59,20564,61230
2023-10-17 14:50:46,55,58,20564,61230
2023-10-17 14:50:47,56,58,20564,61230
2023-10-17 14:51:04,55,58,20564,61230
2023-10-17 14:51:05,56,58,20564,61230
2023-10-17 14:51:06,55,58,20564,61230
2023-10-17 14:51:08,56,58,20564,61230
2023-10-17 14:51:09,55,58,20564,61230
2023-10-17 14:51:12,54,58,20564,61230
2023-10-17 14:51:12,54,57,20564,61230
2023-10-17 14:51:16,54,58,20564,61230
2023-10-17 14:51:16,54,56,20564,61230
2023-10-17 14:51:21,54,58,20564,61230
2023-10-17 14:51:21,54,55,20564,61230
2023-10-17 14:51:24,54,58,20564,61230
2023-10-17 14:51:24,54,56,20564,61230
2023-10-17 14:51:29,54,58,20564,61230
2023-10-17 14:51:29,54,55,20564,61230
2023-10-17 14:51:31,54,58,20564,61230
2023-10-17 14:51:31,54,56,20564,61230
2023-10-17 14:51:37,54,55,20564,61230
2023-10-17 14:51:38,53,55,20564,61230
2023-10-17 14:51:38,53,56,20564,61230
2023-10-17 14:51:38,53,54,20564,61230
2023-10-17 14:52:01,53,54,20564,61240
2023-10-17 14:52:05,52,54,20564,61240
2023-10-17 14:52:05,52,55,20564,61240
2023-10-17 14:52:05,52,53,20564,61240
2023-10-17 14:52:06,50,53,20564,61240
2023-10-17 14:52:06,50,54,20564,61240
2023-10-17 14:52:06,50,52,20564,61240
2023-10-17 14:52:06,50,54,20564,61240
2023-10-17 14:52:06,50,51,20564,61240
2023-10-17 14:52:07,50,52,20564,61240
2023-10-17 14:52:07,49,52,20564,61240
2023-10-17 14:52:07,49,50,20564,61240
2023-10-17 14:52:11,50,52,20564,61256
2023-10-17 14:52:13,49,52,20564,61256
2023-10-17 14:52:16,49,51,20564,61256
2023-10-17 14:52:19,48,51,20564,61256
2023-10-17 14:52:20,48,50,20564,61256
2023-10-17 14:52:26,48,49,20564,61256
2023-10-17 14:52:28,46,49,20564,61256
2023-10-17 14:52:28,45,49,20564,61256
2023-10-17 14:52:28,45,47,20564,61256
2023-10-17 14:52:29,46,47,20564,61256
2023-10-17 14:52:30,46,48,20564,61256
2023-10-17 14:52:35,47,48,20564,61256
2023-10-17 14:52:37,47,49,20564,61256
2023-10-17 14:52:46,46,49,20564,61256
2023-10-17 14:52:46,46,48,20564,61256
2023-10-17 14:52:52,46,49,20564,61256
2023-10-17 14:52:53,47,49,20564,61256
2023-10-17 14:53:06,46,49,20564,61256
2023-10-17 14:53:06,46,48,20564,61256
2023-10-17 14:53:09,45,48,20564,61256
2023-10-17 14:53:10,45,47,20564,61256
2023-10-17 14:53:15,45,48,20564,61256
2023-10-17 14:53:19,46,48,20564,61256
2023-10-17 14:53:20,46,49,20564,61256
2023-10-17 14:53:21,48,49,20564,61256
2023-10-17 14:53:21,48,50,20564,61256
2023-10-17 14:53:31,48,49,20564,61256
2023-10-17 14:53:33,46,49,20564,61256
2023-10-17 14:53:46,46,48,20564,61256
2023-10-17 14:53:58,45,48,20564,61256
2023-10-17 14:54:07,45,47,20564,61256
2023-10-17 14:54:08,45,46,20564,61256
2023-10-17 14:54:11,44,46,20564,61256
2023-10-17 14:54:12,44,45,20564,61256
2023-10-17 14:54:13,43,45,20564,61256
2023-10-17 14:54:13,43,44,20564,61256
2023-10-17 14:54:14,43,44,20574,61266
2023-10-17 14:54:15,42,44,20574,61266
2023-10-17 14:54:15,41,44,20574,61266
2023-10-17 14:54:15,41,43,20574,61266
2023-10-17 14:54:15,41,42,20574,61266
2023-10-17 14:54:20,40,42,20574,61266
2023-10-17 14:54:20,41,42,20574,61266
2023-10-17 14:54:20,40,42,20574,61276
2023-10-17 14:54:20,40,41,20574,61276
2023-10-17 14:54:22,39,41,20574,61276
2023-10-17 14:54:22,39,40,20574,61276
2023-10-17 14:54:25,38,40,20574,61276
2023-10-17 14:54:25,37,40,20574,61276
2023-10-17 14:54:25,37,39,20574,61276
2023-10-17 14:54:26,37,38,20574,61276
2023-10-17 14:54:27,37,39,20574,61276
2023-10-17 14:54:35,37,38,20574,61276
2023-10-17 14:54:35,36,38,20574,61276
2023-10-17 14:54:36,36,38,20475,61476
2023-10-17 14:54:36,33,35,20475,61486
2023-10-17 14:54:36,33,35,20475,61640
2023-10-17 14:54:36,33,36,20475,61801
2023-10-17 14:54:36,33,36,20475,61811
2023-10-17 14:54:36,32,36,20475,61811
2023-10-17 14:54:37,33,36,20475,61811
2023-10-17 14:54:37,33,35,20475,61811
2023-10-17 14:54:37,33,34,20475,61811
2023-10-17 14:54:39,31,34,20475,61811
2023-10-17 14:54:40,31,32,20475,61811
2023-10-17 14:54:40,29,32,20475,61811
2023-10-17 14:54:40,31,32,20475,61811
2023-10-17 14:54:40,29,31,20475,61826
2023-10-17 14:54:40,29,31,20475,62026
2023-10-17 14:54:40,29,32,20475,62026
2023-10-17 14:54:40,29,31,20475,62026
2023-10-17 14:54:41,28,31,20475,62026
2023-10-17 14:54:41,28,30,20475,62026
2023-10-17 14:54:44,29,30,20475,62026
2023-10-17 14:54:44,29,30,20475,62080
2023-10-17 14:54:44,29,30,20475,62173
2023-10-17 14:54:46,29,31,20475,62173
2023-10-17 14:54:47,29,31,20475,62573
2023-10-17 14:54:47,29,30,20475,62573
2023-10-17 14:54:52,28,30,20475,62773
2023-10-17 14:54:52,28,29,20475,62773
2023-10-17 14:54:52,28,29,20475,62835
2023-10-17 14:54:52,27,29,20475,62835
2023-10-17 14:54:57,28,29,20475,62835
2023-10-17 14:54:57,28,30,20475,62835
2023-10-17 14:54:59,29,30,20475,62835
2023-10-17 14:55:00,28,30,20475,62835
2023-10-17 14:55:04,27,30,20475,62835
2023-10-17 14:55:04,27,29,20475,62835
2023-10-17 14:55:06,27,28,20475,62835
2023-10-17 14:55:11,25,28,20475,62835
2023-10-17 14:55:11,24,26,20475,62835
2023-10-17 14:55:19,24,27,20475,62835
2023-10-17 14:55:19,25,27,20475,62835
2023-10-17 14:55:32,25,26,20475,62835
2023-10-17 14:55:32,23,26,20475,62835
2023-10-17 14:55:32,24,26,20475,62835
2023-10-17 14:55:34,23,26,20475,62835
2023-10-17 14:55:34,24,26,20475,62835
2023-10-17 14:55:35,24,27,20475,62835
2023-10-17 14:55:35,24,26,20475,62835
2023-10-17 14:55:37,23,26,20475,62835
2023-10-17 14:55:38,24,26,20475,62835
2023-10-17 14:55:44,23,26,20275,63035
