datetime,bid,ask,open_interest,volume
2023-06-08 09:30:03,17,22,2709,6317
2023-06-08 09:30:07,13,22,2709,6317
2023-06-08 09:30:23,12,13,2709,6367
2023-06-08 09:30:23,12,22,2709,6367
2023-06-08 09:30:24,8,12,2759,6417
2023-06-08 09:30:24,8,22,2759,6417
2023-06-08 09:31:03,17,22,2759,6417
2023-06-08 09:31:03,19,22,2759,6417
2023-06-08 09:31:24,20,22,2759,6417
2023-06-08 09:31:26,21,22,2759,6417
2023-06-08 09:31:34,22,24,2779,6437
2023-06-08 09:31:36,22,25,2779,6437
2023-06-08 09:31:36,22,24,2779,6437
2023-06-08 09:32:01,22,23,2779,6437
2023-06-08 09:32:04,20,23,2779,6437
2023-06-08 09:32:21,20,21,2779,6437
2023-06-08 09:32:23,19,21,2779,6437
2023-06-08 09:32:26,20,21,2779,6437
2023-06-08 09:32:27,20,22,2779,6437
2023-06-08 09:33:09,20,23,2779,6437
2023-06-08 09:33:09,21,23,2779,6437
2023-06-08 09:33:20,21,22,2779,6437
2023-06-08 09:33:25,21,23,2779,6437
2023-06-08 09:33:45,22,23,2779,6437
2023-06-08 09:33:55,22,23,2879,6537
2023-06-08 09:34:00,22,24,2949,6607
2023-06-08 09:34:04,23,24,2949,6607
2023-06-08 09:34:05,21,23,2929,6907
2023-06-08 09:34:06,21,24,2929,6907
2023-06-08 09:34:07,21,23,2929,6907
2023-06-08 09:34:12,21,24,2929,6907
2023-06-08 09:34:17,21,23,2929,6907
2023-06-08 09:34:23,21,22,2929,6907
2023-06-08 09:34:25,21,22,2929,7107
2023-06-08 09:34:28,19,21,2929,7157
2023-06-08 09:34:29,19,21,2929,7207
2023-06-08 09:34:33,19,20,2929,7207
2023-06-08 09:34:45,19,21,3029,7307
2023-06-08 09:34:54,19,20,3029,7307
2023-06-08 09:34:55,19,20,2929,7407
2023-06-08 09:35:15,18,20,2929,7607
2023-06-08 09:35:38,18,21,2929,7607
2023-06-08 09:35:38,19,21,2929,7607
2023-06-08 09:35:39,19,20,2929,7607
2023-06-08 09:35:41,20,22,2929,7657
2023-06-08 09:36:08,21,22,2929,7657
2023-06-08 09:36:28,22,23,2929,7677
2023-06-08 09:36:38,22,23,3029,7877
2023-06-08 09:36:39,23,24,3149,7997
2023-06-08 09:36:39,22,24,3149,7997
2023-06-08 09:36:39,22,23,3149,7997
2023-06-08 09:36:51,23,24,3149,8077
2023-06-08 09:37:51,22,24,3149,8077
2023-06-08 09:38:01,23,24,3149,8077
2023-06-08 09:38:10,24,25,3169,8097
2023-06-08 09:38:10,23,25,3169,8097
2023-06-08 09:38:14,24,25,3169,8097
2023-06-08 09:38:18,25,26,3239,8167
2023-06-08 09:38:18,24,26,3239,8167
2023-06-08 09:38:21,23,26,3239,8167
2023-06-08 09:38:26,23,25,3239,8167
2023-06-08 09:38:36,23,26,3239,8167
2023-06-08 09:38:36,23,25,3239,8167
2023-06-08 09:38:42,23,26,3239,8167
2023-06-08 09:38:43,23,25,3239,8167
2023-06-08 09:38:52,22,25,3239,8167
2023-06-08 09:38:56,23,25,3239,8167
2023-06-08 09:39:11,23,24,3239,8167
2023-06-08 09:39:26,24,25,3242,8170
2023-06-08 09:39:26,23,25,3242,8170
2023-06-08 09:39:30,24,25,3242,8170
2023-06-08 09:39:49,23,25,3242,8170
2023-06-08 09:40:02,23,24,3242,8170
2023-06-08 09:40:09,23,24,3242,8370
2023-06-08 09:40:10,21,23,3242,8560
2023-06-08 09:40:11,21,24,3242,8560
2023-06-08 09:40:19,21,23,3242,8560
2023-06-08 09:40:24,22,23,3242,8560
2023-06-08 09:40:30,22,23,2909,8893
2023-06-08 09:40:52,23,24,2909,9043
2023-06-08 09:41:05,24,25,2909,9073
2023-06-08 09:41:07,25,26,2909,9153
2023-06-08 09:41:13,26,27,2859,9233
2023-06-08 09:42:02,26,27,3059,9433
2023-06-08 09:42:03,26,27,3259,9633
2023-06-08 09:42:08,27,28,3259,9663
2023-06-08 09:42:11,27,29,3459,9863
2023-06-08 09:43:14,27,28,3459,9863
2023-06-08 09:45:06,25,27,3459,9983
2023-06-08 09:45:09,25,26,3459,9983
2023-06-08 09:45:46,25,26,3459,10183
2023-06-08 09:45:48,23,25,3459,10253
2023-06-08 09:45:56,24,25,3459,10253
2023-06-08 09:46:34,23,25,3339,10373
2023-06-08 09:46:43,23,24,3339,10373
2023-06-08 09:46:48,22,23,3339,10493
2023-06-08 09:47:13,22,23,3339,10693
2023-06-08 09:47:15,23,24,3339,10753
2023-06-08 09:47:16,22,24,3339,10753
2023-06-08 09:47:40,23,24,3339,10753
2023-06-08 09:48:40,22,24,3339,10753
2023-06-08 09:48:40,23,24,3339,10753
2023-06-08 09:49:02,24,25,3339,10783
2023-06-08 09:49:07,23,25,3339,10783
2023-06-08 09:49:11,24,25,3339,10783
2023-06-08 09:49:14,23,25,3339,10783
2023-06-08 09:49:15,24,25,3339,10783
2023-06-08 09:49:39,23,25,3339,10783
2023-06-08 09:49:41,24,25,3339,10783
2023-06-08 09:50:32,22,24,3339,10883
2023-06-08 09:50:33,22,25,3339,10883
2023-06-08 09:50:33,22,24,3339,10883
2023-06-08 09:51:26,23,24,3339,10883
2023-06-08 09:51:26,23,24,3139,11083
2023-06-08 09:51:28,22,24,3139,11083
2023-06-08 09:51:37,23,24,3139,11083
2023-06-08 09:51:39,23,25,3139,11083
2023-06-08 09:51:43,24,25,3139,11083
2023-06-08 09:52:02,24,25,3139,11283
2023-06-08 09:52:12,25,26,3139,11393
2023-06-08 09:52:17,24,26,3139,11393
2023-06-08 09:52:33,25,26,3139,11393
2023-06-08 09:52:36,25,27,3139,11443
2023-06-08 09:53:09,25,26,3139,11443
2023-06-08 09:53:09,25,26,3139,11643
2023-06-08 09:53:11,25,26,3139,11843
2023-06-08 09:53:19,24,25,3139,11873
2023-06-08 09:53:44,23,24,3139,11933
2023-06-08 09:54:21,22,24,3139,11933
2023-06-08 09:54:40,22,24,3289,12133
2023-06-08 09:54:40,22,23,3289,12133
2023-06-08 09:54:40,21,23,3309,12183
2023-06-08 09:55:14,20,23,3109,12513
2023-06-08 09:55:14,20,22,3109,12513
2023-06-08 09:55:41,20,21,3109,12513
2023-06-08 09:55:56,20,21,3109,12713
2023-06-08 09:55:57,21,22,3109,12843
2023-06-08 09:55:58,20,22,3109,12843
2023-06-08 09:55:59,21,22,3109,12843
2023-06-08 09:56:04,22,23,3109,12873
2023-06-08 09:56:04,22,24,3109,12873
2023-06-08 09:56:05,22,23,3109,12873
2023-06-08 09:56:32,22,23,2969,13073
2023-06-08 09:56:34,23,24,2902,13233
2023-06-08 09:56:36,23,25,2832,13333
2023-06-08 09:57:10,24,25,2832,13333
2023-06-08 09:57:36,25,26,2832,13363
2023-06-08 09:58:36,24,26,2832,13363
2023-06-08 09:58:38,25,26,2832,13363
2023-06-08 09:59:35,24,26,2832,13363
2023-06-08 09:59:39,25,26,2832,13363
2023-06-08 10:00:36,24,26,2832,13363
2023-06-08 10:00:39,25,26,2832,13363
2023-06-08 10:00:41,25,26,2809,13563
2023-06-08 10:00:58,24,26,2809,13613
2023-06-08 10:01:03,25,26,2809,13613
2023-06-08 10:01:06,24,26,2809,13613
2023-06-08 10:01:07,25,26,2809,13613
2023-06-08 10:01:11,24,26,2809,13613
2023-06-08 10:01:40,24,25,2809,13613
2023-06-08 10:01:59,24,25,2832,13813
2023-06-08 10:02:02,24,26,2857,13838
2023-06-08 10:02:05,25,26,2857,13838
2023-06-08 10:02:11,24,26,2857,13838
2023-06-08 10:02:16,25,26,2857,13838
2023-06-08 10:02:28,25,27,2887,13868
2023-06-08 10:02:36,26,27,2887,13868
2023-06-08 10:02:48,26,28,2917,13898
2023-06-08 10:03:02,26,27,2917,13898
2023-06-08 10:03:05,26,28,2917,13898
2023-06-08 10:03:11,26,27,2917,13898
2023-06-08 10:03:19,26,27,2894,14098
2023-06-08 10:03:21,24,26,2894,14228
2023-06-08 10:03:33,24,25,2894,14228
2023-06-08 10:03:44,24,25,2894,14428
2023-06-08 10:03:46,25,27,2894,14453
2023-06-08 10:03:49,25,26,2894,14453
2023-06-08 10:03:51,25,27,2894,14453
2023-06-08 10:04:20,26,27,2894,14453
2023-06-08 10:04:31,27,28,2992,14633
2023-06-08 10:04:35,27,28,2921,14708
2023-06-08 10:04:47,26,28,2921,14708
2023-06-08 10:04:54,27,28,2921,14708
2023-06-08 10:05:08,27,29,2951,14738
2023-06-08 10:05:28,28,29,2951,14738
2023-06-08 10:05:29,29,31,3056,14843
2023-06-08 10:05:30,28,31,3056,14843
2023-06-08 10:05:33,29,31,3056,14843
2023-06-08 10:05:34,30,31,3056,14843
2023-06-08 10:06:09,30,31,3156,14943
2023-06-08 10:06:11,31,32,3191,14978
2023-06-08 10:06:12,31,32,3041,15128
2023-06-08 10:06:23,32,33,3175,15279
2023-06-08 10:06:23,31,33,3175,15279
2023-06-08 10:06:29,30,33,3175,15279
2023-06-08 10:06:32,30,32,3175,15279
2023-06-08 10:06:37,30,33,3175,15279
2023-06-08 10:06:40,30,32,3175,15279
2023-06-08 10:06:40,32,33,3304,15408
2023-06-08 10:06:40,30,33,3304,15408
2023-06-08 10:06:50,30,32,3304,15408
2023-06-08 10:07:05,30,32,3504,15608
2023-06-08 10:07:06,30,31,3504,15608
2023-06-08 10:07:07,31,32,3654,15758
2023-06-08 10:07:07,30,32,3654,15758
2023-06-08 10:07:07,30,31,3654,15758
2023-06-08 10:07:13,29,30,3654,15848
2023-06-08 10:07:39,29,30,3854,16048
2023-06-08 10:07:40,30,31,3894,16088
2023-06-08 10:07:40,29,31,3894,16088
2023-06-08 10:07:40,30,31,3894,16088
2023-06-08 10:07:51,29,31,3894,16088
2023-06-08 10:07:55,30,31,3894,16088
2023-06-08 10:08:02,29,31,3894,16088
2023-06-08 10:08:03,29,30,3894,16088
2023-06-08 10:09:47,29,30,3694,16288
2023-06-08 10:10:09,30,31,3694,16318
2023-06-08 10:12:12,29,30,3694,16388
2023-06-08 10:12:15,29,31,3694,16388
2023-06-08 10:14:17,30,31,3694,16388
2023-06-08 10:15:03,30,32,3694,16538
2023-06-08 10:15:04,31,32,3694,16538
2023-06-08 10:15:04,31,33,3694,16538
2023-06-08 10:15:22,32,33,3694,16538
2023-06-08 10:15:37,31,33,3694,16538
2023-06-08 10:15:46,32,33,3694,16538
2023-06-08 10:15:51,32,33,3694,16542
2023-06-08 10:15:53,33,34,3694,16572
2023-06-08 10:16:12,33,34,3694,16580
2023-06-08 10:16:52,32,34,3694,16580
2023-06-08 10:16:52,31,34,3694,16580
2023-06-08 10:16:54,32,34,3694,16580
2023-06-08 10:16:59,32,33,3694,16580
2023-06-08 10:17:03,32,34,3694,16580
2023-06-08 10:17:06,32,33,3694,16580
2023-06-08 10:17:21,32,34,3694,16580
2023-06-08 10:17:56,33,34,3694,16580
2023-06-08 10:18:03,33,34,3694,16651
2023-06-08 10:18:10,32,33,3694,16655
2023-06-08 10:18:12,32,34,3694,16655
2023-06-08 10:18:47,32,33,3694,16655
2023-06-08 10:19:02,32,33,3594,16755
2023-06-08 10:19:07,31,32,3594,16775
2023-06-08 10:21:22,29,32,3594,16775
2023-06-08 10:21:23,30,32,3594,16775
2023-06-08 10:21:35,30,31,3594,16775
2023-06-08 10:21:54,29,31,3594,16775
2023-06-08 10:21:55,30,31,3594,16775
2023-06-08 10:22:13,30,32,3594,16925
2023-06-08 10:22:14,31,32,3594,16925
2023-06-08 10:22:14,32,33,3594,16970
2023-06-08 10:22:58,30,33,3594,17000
2023-06-08 10:23:00,31,33,3594,17000
2023-06-08 10:23:15,32,33,3594,17000
2023-06-08 10:23:54,33,34,3594,17030
2023-06-08 10:24:55,33,34,3594,17180
2023-06-08 10:26:10,34,35,3594,17216
2023-06-08 10:26:14,35,36,3594,17246
2023-06-08 10:26:21,35,36,3594,17249
2023-06-08 10:27:02,33,36,3594,17249
2023-06-08 10:27:02,34,36,3594,17249
2023-06-08 10:27:02,34,35,3594,17249
2023-06-08 10:27:07,33,35,3594,17249
2023-06-08 10:27:07,33,34,3594,17249
2023-06-08 10:27:09,32,34,3594,17249
2023-06-08 10:27:16,32,33,3594,17249
2023-06-08 10:27:17,31,33,3594,17249
2023-06-08 10:27:17,31,33,3594,17249
2023-06-08 10:27:44,32,33,3594,17249
2023-06-08 10:27:51,32,34,3594,17249
2023-06-08 10:27:51,33,34,3594,17249
2023-06-08 10:28:31,34,35,3594,17252
2023-06-08 10:29:31,34,36,3594,17252
2023-06-08 10:29:31,35,36,3594,17252
2023-06-08 10:29:31,35,36,3594,17259
2023-06-08 10:30:33,36,37,3594,17289
2023-06-08 10:31:29,35,37,3594,17289
2023-06-08 10:31:33,36,37,3594,17289
2023-06-08 10:31:35,35,37,3594,17289
2023-06-08 10:31:35,36,37,3594,17289
2023-06-08 10:32:13,37,38,3594,17319
2023-06-08 10:32:15,38,39,3594,17349
2023-06-08 10:32:43,36,39,3594,17349
2023-06-08 10:32:44,37,39,3594,17349
2023-06-08 10:33:46,37,38,3594,17349
2023-06-08 10:34:21,38,39,4069,17824
2023-06-08 10:34:22,38,39,4069,18024
2023-06-08 10:34:23,38,39,4069,18224
2023-06-08 10:34:24,38,39,4069,18424
2023-06-08 10:34:32,38,39,4269,18624
2023-06-08 10:34:32,38,39,4334,18689
2023-06-08 10:34:36,38,39,4559,18914
2023-06-08 10:34:36,38,39,4589,18944
2023-06-08 10:34:37,38,39,4619,18974
2023-06-08 10:34:40,38,39,4619,19174
2023-06-08 10:34:41,37,38,4619,19349
2023-06-08 10:34:41,37,39,4619,19349
2023-06-08 10:35:05,38,39,4619,19349
2023-06-08 10:36:08,39,40,4619,19379
2023-06-08 10:36:13,39,40,4519,19479
2023-06-08 10:36:18,37,40,4519,19499
2023-06-08 10:36:18,37,39,4519,19499
2023-06-08 10:37:45,37,38,4519,19499
2023-06-08 10:38:41,37,39,4519,19499
2023-06-08 10:38:41,37,38,4519,19499
2023-06-08 10:38:44,36,38,4519,19499
2023-06-08 10:38:46,36,37,4519,19499
2023-06-08 10:39:07,35,37,4429,19589
2023-06-08 10:39:11,35,36,4429,19589
2023-06-08 10:39:23,34,36,4309,19709
2023-06-08 10:39:25,35,36,4309,19709
2023-06-08 10:39:34,35,36,4309,19909
2023-06-08 10:39:36,36,37,4309,19939
2023-06-08 10:40:14,37,38,4309,19969
2023-06-08 10:40:52,37,39,4309,20119
2023-06-08 10:41:01,38,39,4309,20119
2023-06-08 10:41:52,39,40,4309,20149
2023-06-08 10:42:24,40,41,4309,20179
2023-06-08 10:42:26,41,42,4309,20409
2023-06-08 10:42:32,41,43,4309,20409
2023-06-08 10:43:17,42,43,4309,20409
2023-06-08 10:43:32,42,43,4309,20494
2023-06-08 10:43:49,43,44,4309,20524
2023-06-08 10:44:49,42,44,4309,20524
2023-06-08 10:45:35,43,44,4309,20524
2023-06-08 10:47:54,43,44,4309,20544
2023-06-08 10:48:22,43,44,4309,20547
2023-06-08 10:48:22,42,44,4309,20547
2023-06-08 10:49:01,43,44,4309,20547
2023-06-08 10:49:32,43,44,4309,20567
2023-06-08 10:49:39,42,44,4309,20567
2023-06-08 10:50:55,44,45,4377,20697
2023-06-08 10:50:55,44,45,4602,20922
2023-06-08 10:50:56,44,45,4827,21147
2023-06-08 10:50:57,44,46,4827,21147
2023-06-08 10:51:08,45,46,4827,21147
2023-06-08 10:51:08,45,47,5152,21522
2023-06-08 10:51:48,45,46,5152,21522
2023-06-08 10:51:54,46,47,5152,21572
2023-06-08 10:51:54,46,47,5152,21772
2023-06-08 10:51:55,45,46,5152,21897
2023-06-08 10:51:55,45,47,5152,21897
2023-06-08 10:52:25,46,47,5152,21897
2023-06-08 10:52:52,46,47,5069,22097
2023-06-08 10:53:26,46,47,5069,22187
2023-06-08 10:53:41,46,47,5069,22227
2023-06-08 10:53:49,46,47,5019,22277
2023-06-08 10:54:14,47,48,5049,22307
2023-06-08 10:54:41,48,49,5079,22337
2023-06-08 10:54:41,48,49,5124,22382
2023-06-08 10:54:50,47,48,5274,22532
2023-06-08 10:54:50,47,49,5274,22532
2023-06-08 10:54:59,46,47,5274,22597
2023-06-08 10:54:59,46,49,5274,22597
2023-06-08 10:55:43,48,49,5274,22597
2023-06-08 10:55:52,48,49,5274,22647
2023-06-08 10:56:21,46,49,5274,22647
2023-06-08 10:58:32,46,48,5274,22647
2023-06-08 10:58:46,46,47,5274,22647
2023-06-08 10:59:04,47,48,5274,22652
2023-06-08 10:59:04,46,48,5274,22652
2023-06-08 10:59:10,48,49,5309,22687
2023-06-08 10:59:10,50,51,5609,22987
2023-06-08 10:59:48,50,51,5634,23012
2023-06-08 11:00:09,49,50,5634,23012
2023-06-08 11:00:11,50,51,5659,23037
2023-06-08 11:00:11,50,51,5689,23067
2023-06-08 11:00:41,49,51,5689,23067
2023-06-08 11:00:41,50,51,5689,23067
2023-06-08 11:00:50,49,50,5764,23142
2023-06-08 11:00:50,49,51,5764,23142
2023-06-08 11:00:56,50,51,5764,23142
2023-06-08 11:01:16,50,51,5764,23152
2023-06-08 11:01:43,50,51,5764,23212
2023-06-08 11:01:43,50,51,5764,23272
2023-06-08 11:01:44,50,51,5764,23407
2023-06-08 11:01:49,49,50,5839,23517
2023-06-08 11:01:49,49,51,5839,23517
2023-06-08 11:02:22,49,50,5839,23517
2023-06-08 11:02:43,50,51,5845,23523
2023-06-08 11:02:58,49,51,5845,23523
2023-06-08 11:02:58,50,51,5845,23523
2023-06-08 11:03:29,50,51,6045,23723
2023-06-08 11:03:39,49,50,6070,23748
2023-06-08 11:03:39,49,51,6070,23748
2023-06-08 11:04:34,49,51,6240,23948
2023-06-08 11:04:35,49,51,6440,24148
2023-06-08 11:04:36,48,49,6445,24153
2023-06-08 11:04:36,48,51,6445,24153
2023-06-08 11:04:49,49,51,6445,24153
2023-06-08 11:04:50,49,51,6645,24353
2023-06-08 11:05:20,48,51,6645,24353
2023-06-08 11:05:20,48,50,6645,24353
2023-06-08 11:05:54,48,49,6645,24353
2023-06-08 11:07:46,49,50,6675,24383
2023-06-08 11:08:26,48,50,6675,24383
2023-06-08 11:08:26,50,51,6705,24413
2023-06-08 11:08:29,48,50,6825,24533
2023-06-08 11:08:29,48,51,6825,24533
2023-06-08 11:08:49,49,51,6825,24533
2023-06-08 11:08:53,49,51,7025,24733
2023-06-08 11:09:04,48,49,6995,24938
2023-06-08 11:09:58,47,48,6995,24998
2023-06-08 11:09:59,47,49,6995,24998
2023-06-08 11:10:19,47,48,6995,24998
2023-06-08 11:10:19,47,48,6995,25018
2023-06-08 11:10:23,46,47,6995,25058
2023-06-08 11:10:23,46,48,6995,25058
2023-06-08 11:10:51,47,48,6995,25058
2023-06-08 11:11:00,46,47,7145,25208
2023-06-08 11:11:00,46,48,7145,25208
2023-06-08 11:11:24,47,48,7145,25208
2023-06-08 11:13:24,46,48,7145,25208
2023-06-08 11:14:08,47,48,7145,25208
2023-06-08 11:14:37,47,49,7205,25268
2023-06-08 11:17:57,48,49,7205,25268
2023-06-08 11:19:01,47,49,7205,25268
2023-06-08 11:19:01,48,49,7205,25268
2023-06-08 11:20:20,47,49,7205,25268
2023-06-08 11:20:21,48,49,7205,25268
2023-06-08 11:20:35,47,49,7205,25268
2023-06-08 11:20:36,48,49,7205,25268
2023-06-08 11:21:33,47,48,7205,25268
2023-06-08 11:22:03,48,49,7210,25273
2023-06-08 11:24:04,49,50,7240,25303
2023-06-08 11:24:04,49,50,7244,25307
2023-06-08 11:26:07,49,50,7244,25457
2023-06-08 11:26:53,49,50,7244,25472
2023-06-08 11:27:07,49,50,7244,25622
2023-06-08 11:28:06,49,50,7044,25822
2023-06-08 11:28:09,49,50,7044,26047
2023-06-08 11:29:01,49,50,7044,26049
2023-06-08 11:29:02,49,50,7042,26051
2023-06-08 11:29:03,49,50,7040,26053
2023-06-08 11:29:04,49,50,7038,26055
2023-06-08 11:29:05,49,50,7036,26057
2023-06-08 11:29:06,49,50,7034,26059
2023-06-08 11:29:07,49,50,7032,26061
2023-06-08 11:29:08,49,50,7030,26063
2023-06-08 11:29:09,49,50,7028,26065
2023-06-08 11:29:10,49,50,7026,26067
2023-06-08 11:29:11,49,50,7024,26069
2023-06-08 11:29:12,49,50,7022,26071
2023-06-08 11:29:13,49,50,7020,26073
2023-06-08 11:29:14,49,50,7018,26075
2023-06-08 11:29:56,49,50,7018,26275
2023-06-08 11:31:28,49,50,7018,26350
2023-06-08 11:35:38,49,50,6818,26550
2023-06-08 11:37:29,49,50,6618,26750
2023-06-08 11:37:30,49,50,6418,26950
2023-06-08 11:37:43,49,50,6218,27150
2023-06-08 11:37:44,50,51,6064,27334
2023-06-08 11:37:45,49,51,6064,27334
2023-06-08 11:37:54,50,51,6064,27334
2023-06-08 11:38:33,51,52,6094,27364
2023-06-08 11:43:03,51,52,6154,27424
2023-06-08 11:43:05,50,52,6154,27424
2023-06-08 11:43:05,51,52,6154,27424
2023-06-08 11:43:11,50,51,6454,27724
2023-06-08 11:44:36,50,51,6679,27949
2023-06-08 11:46:21,50,51,6679,28099
2023-06-08 11:46:49,50,51,6754,28174
2023-06-08 11:47:14,49,50,6854,28304
2023-06-08 11:47:31,49,50,6854,28504
2023-06-08 11:47:35,49,50,6929,28579
2023-06-08 11:47:39,49,51,6929,28579
2023-06-08 11:47:50,50,51,6929,28579
2023-06-08 11:47:53,50,51,6979,28654
2023-06-08 11:48:37,50,51,6979,28854
2023-06-08 11:48:44,50,51,6979,29054
2023-06-08 11:48:53,50,52,6979,29054
2023-06-08 11:48:55,51,52,6979,29054
2023-06-08 11:49:12,50,52,6979,29054
2023-06-08 11:49:12,51,52,6979,29054
2023-06-08 11:49:29,50,52,6979,29054
2023-06-08 11:49:29,50,52,7054,29129
2023-06-08 11:50:00,50,52,7387,29462
2023-06-08 11:50:01,51,52,7387,29462
2023-06-08 11:50:45,51,52,7387,29662
2023-06-08 11:50:46,51,52,7687,29962
2023-06-08 11:51:07,51,53,7734,30009
2023-06-08 11:51:23,51,52,7734,30009
2023-06-08 11:51:36,50,52,7734,30039
2023-06-08 11:51:53,50,51,7734,30039
2023-06-08 11:51:57,49,51,7734,30099
2023-06-08 11:52:07,48,49,8034,30749
2023-06-08 11:52:43,48,49,8177,30949
2023-06-08 11:52:50,48,51,8177,30949
2023-06-08 11:52:58,49,51,8177,30949
2023-06-08 11:53:06,49,50,8177,30949
2023-06-08 11:53:15,48,50,8177,30949
2023-06-08 11:53:18,48,49,8177,30949
2023-06-08 11:54:26,47,48,8187,30990
2023-06-08 11:55:35,46,47,8093,31084
2023-06-08 11:56:08,46,47,8123,31114
2023-06-08 11:56:17,45,46,8121,31116
2023-06-08 11:56:19,44,46,8121,31116
2023-06-08 11:56:31,45,46,8121,31116
2023-06-08 11:56:59,46,47,8151,31146
2023-06-08 11:57:04,46,47,8181,31246
2023-06-08 11:57:06,46,48,8181,31326
2023-06-08 11:57:06,47,48,8181,31326
2023-06-08 11:57:06,47,48,8251,31396
2023-06-08 11:57:14,47,49,8281,31426
2023-06-08 11:58:10,48,49,8281,31426
2023-06-08 11:59:06,49,50,8311,31456
2023-06-08 11:59:18,49,51,8341,31486
2023-06-08 11:59:18,50,51,8341,31486
2023-06-08 11:59:31,51,52,8371,31526
2023-06-08 11:59:49,49,52,8371,31526
2023-06-08 11:59:49,49,51,8371,31526
2023-06-08 12:00:25,49,50,8371,31526
2023-06-08 12:00:35,49,52,8371,31601
2023-06-08 12:00:43,50,52,8371,31601
2023-06-08 12:00:43,50,51,8371,31601
2023-06-08 12:01:03,50,51,8629,31934
2023-06-08 12:01:04,50,51,8729,32034
2023-06-08 12:01:06,50,51,8804,32109
2023-06-08 12:01:07,50,52,8804,32109
2023-06-08 12:01:50,50,52,8804,32146
2023-06-08 12:02:06,51,52,8804,32146
2023-06-08 12:02:15,51,52,8904,32246
2023-06-08 12:02:16,51,52,9004,32346
2023-06-08 12:02:18,51,52,9079,32421
2023-06-08 12:02:19,51,52,9179,32521
2023-06-08 12:02:21,51,53,9179,32521
2023-06-08 12:02:35,52,53,9179,32521
2023-06-08 12:02:49,51,53,9179,32521
2023-06-08 12:03:24,51,52,9179,32521
2023-06-08 12:04:25,50,51,9119,32581
2023-06-08 12:07:04,50,51,9319,32781
2023-06-08 12:07:10,50,51,9280,32981
2023-06-08 12:07:34,50,53,9280,32981
2023-06-08 12:07:34,50,51,9280,32981
2023-06-08 12:08:35,50,53,9280,32981
2023-06-08 12:08:35,50,52,9280,32981
2023-06-08 12:08:43,51,52,9280,32981
2023-06-08 12:09:06,52,53,9310,33086
2023-06-08 12:09:07,51,53,9310,33086
2023-06-08 12:09:18,52,53,9310,33086
2023-06-08 12:09:35,52,53,9110,33286
2023-06-08 12:09:38,53,54,8945,33481
2023-06-08 12:09:38,52,54,8945,33481
2023-06-08 12:10:36,52,53,8945,33481
2023-06-08 12:10:44,52,54,8945,33631
2023-06-08 12:10:48,52,53,8945,33631
2023-06-08 12:11:00,52,54,8945,33631
2023-06-08 12:11:39,52,53,8945,33631
2023-06-08 12:11:46,51,53,8945,33631
2023-06-08 12:11:52,51,53,8945,33706
2023-06-08 12:12:02,51,54,8945,33706
2023-06-08 12:12:02,51,52,8945,33706
2023-06-08 12:12:59,51,54,8945,33706
2023-06-08 12:12:59,51,53,8945,33706
2023-06-08 12:13:29,51,52,8945,33706
2023-06-08 12:14:29,51,53,8945,33706
2023-06-08 12:15:15,52,53,8945,33706
2023-06-08 12:15:17,52,54,8945,33706
2023-06-08 12:16:06,53,54,8945,33706
2023-06-08 12:16:35,52,54,8945,33706
2023-06-08 12:17:11,52,53,8945,33706
2023-06-08 12:17:11,51,53,8945,33736
2023-06-08 12:17:24,51,53,8945,33738
2023-06-08 12:17:36,51,53,9044,33838
2023-06-08 12:17:53,51,52,9044,33838
2023-06-08 12:19:03,51,52,9044,33868
2023-06-08 12:19:03,50,52,9044,33898
2023-06-08 12:19:04,50,51,9044,33898
2023-06-08 12:19:53,50,51,9044,34098
2023-06-08 12:19:59,51,52,9104,34158
2023-06-08 12:20:35,50,52,9104,34158
2023-06-08 12:21:15,50,51,9104,34158
2023-06-08 12:21:17,49,50,9042,34220
2023-06-08 12:21:30,48,49,9009,34253
2023-06-08 12:21:31,47,48,9007,34255
2023-06-08 12:21:54,46,47,8947,34315
2023-06-08 12:22:05,46,49,8947,34315
2023-06-08 12:22:05,47,49,8947,34315
2023-06-08 12:22:24,48,49,8947,34315
2023-06-08 12:22:51,47,49,8947,34315
2023-06-08 12:23:01,48,49,8947,34315
2023-06-08 12:25:24,49,50,8977,34345
2023-06-08 12:25:25,49,50,9177,34545
2023-06-08 12:25:26,48,49,9322,34690
2023-06-08 12:25:26,48,50,9322,34690
2023-06-08 12:25:42,47,48,9322,34722
2023-06-08 12:25:42,47,50,9322,34722
2023-06-08 12:26:05,48,50,9322,34722
2023-06-08 12:26:05,48,49,9322,34722
2023-06-08 12:26:16,47,48,9397,34797
2023-06-08 12:26:16,47,49,9397,34797
2023-06-08 12:28:09,47,49,9397,34997
2023-06-08 12:28:10,46,47,9397,35127
2023-06-08 12:28:10,46,49,9397,35127
2023-06-08 12:28:11,47,49,9397,35127
2023-06-08 12:28:12,47,49,9597,35327
2023-06-08 12:28:23,46,47,9697,35427
2023-06-08 12:28:23,46,49,9697,35427
2023-06-08 12:28:31,46,48,9697,35427
2023-06-08 12:28:33,45,46,9847,35577
2023-06-08 12:28:33,45,48,9847,35577
2023-06-08 12:28:34,45,47,9847,35577
2023-06-08 12:28:34,45,48,9847,35577
2023-06-08 12:29:00,45,47,9847,35577
2023-06-08 12:29:04,45,46,9847,35577
2023-06-08 12:29:07,43,46,9857,35620
2023-06-08 12:29:14,43,45,9857,35620
2023-06-08 12:29:14,42,45,9857,35620
2023-06-08 12:29:15,43,45,9857,35620
2023-06-08 12:29:17,43,45,9857,35640
2023-06-08 12:29:17,43,44,9857,35640
2023-06-08 12:29:18,43,45,9857,35640
2023-06-08 12:29:51,43,44,9857,35640
2023-06-08 12:30:04,43,45,9857,35640
2023-06-08 12:30:07,43,44,9857,35640
2023-06-08 12:30:11,43,44,9952,35755
2023-06-08 12:30:12,42,44,10007,35810
2023-06-08 12:30:23,43,44,10007,35810
2023-06-08 12:31:40,43,44,10007,35910
2023-06-08 12:31:45,43,44,10057,36010
2023-06-08 12:31:45,43,44,10057,36011
2023-06-08 12:31:47,43,44,10066,36111
2023-06-08 12:31:48,44,45,10066,36170
2023-06-08 12:31:51,44,45,10096,36200
2023-06-08 12:31:55,44,46,10156,36260
2023-06-08 12:31:57,45,46,10156,36260
2023-06-08 12:31:57,45,46,10156,36360
2023-06-08 12:32:00,45,46,10156,36460
2023-06-08 12:32:03,45,47,10186,36490
2023-06-08 12:32:03,46,47,10186,36490
2023-06-08 12:32:09,46,47,10186,36590
2023-06-08 12:32:11,46,48,10216,36670
2023-06-08 12:32:13,45,48,10216,36670
2023-06-08 12:32:26,46,48,10216,36670
2023-06-08 12:32:28,45,48,10216,36670
2023-06-08 12:32:30,46,48,10216,36670
2023-06-08 12:32:36,45,48,10216,36703
2023-06-08 12:32:45,45,47,10216,36703
2023-06-08 12:33:03,46,47,10216,36703
2023-06-08 12:33:21,46,47,10246,36733
2023-06-08 12:33:57,47,48,10276,36763
2023-06-08 12:33:58,48,49,10306,36793
2023-06-08 12:34:00,48,50,10306,36793
2023-06-08 12:34:55,47,50,10306,36793
2023-06-08 12:34:59,49,50,10306,36793
2023-06-08 12:35:52,50,51,10336,36823
2023-06-08 12:35:52,50,51,10421,36908
2023-06-08 12:35:57,51,52,10451,36938
2023-06-08 12:36:42,52,53,10636,37123
2023-06-08 12:36:43,52,54,10636,37123
2023-06-08 12:38:32,53,54,10636,37123
2023-06-08 12:38:52,51,54,10636,37123
2023-06-08 12:38:52,52,54,10636,37123
2023-06-08 12:39:30,53,54,10636,37123
2023-06-08 12:39:52,52,54,10636,37123
2023-06-08 12:40:36,53,54,10636,37123
2023-06-08 12:40:37,53,54,10666,37153
2023-06-08 12:42:41,52,54,10666,37153
2023-06-08 12:43:23,51,54,10666,37153
2023-06-08 12:43:23,52,54,10666,37153
2023-06-08 12:43:23,52,54,10726,37213
2023-06-08 12:43:23,52,53,10726,37213
2023-06-08 12:43:23,52,54,10726,37213
2023-06-08 12:43:42,52,54,10736,37223
2023-06-08 12:45:23,53,54,10736,37223
2023-06-08 12:45:56,54,55,10756,37243
2023-06-08 12:45:56,53,55,10811,37298
2023-06-08 12:46:44,53,55,10931,37448
2023-06-08 12:47:38,54,55,10931,37448
2023-06-08 12:48:05,55,56,10896,37513
2023-06-08 12:48:05,54,56,10896,37513
2023-06-08 12:48:06,55,56,10896,37513
2023-06-08 12:48:25,55,56,10696,37713
2023-06-08 12:48:30,56,57,10696,37743
2023-06-08 12:48:30,55,57,10696,37743
2023-06-08 12:49:16,56,57,10696,37743
2023-06-08 12:50:19,55,57,10696,37743
2023-06-08 12:50:19,56,57,10696,37743
2023-06-08 12:51:15,55,57,10696,37743
2023-06-08 12:51:21,56,57,10696,37743
2023-06-08 12:52:27,55,57,10696,37743
2023-06-08 12:52:33,56,57,10696,37743
2023-06-08 12:53:13,55,57,10696,37743
2023-06-08 12:53:13,56,57,10696,37743
2023-06-08 12:53:39,55,57,10696,37743
2023-06-08 12:53:39,56,57,10696,37743
2023-06-08 12:54:31,56,57,10589,37943
2023-06-08 12:54:35,55,57,10589,37943
2023-06-08 12:54:40,56,57,10589,37943
2023-06-08 12:55:59,55,57,10589,37943
2023-06-08 12:56:23,56,57,10589,37943
2023-06-08 12:56:44,55,57,10589,37943
2023-06-08 12:56:44,56,57,10589,37943
2023-06-08 12:57:46,55,57,10589,37943
2023-06-08 12:57:46,56,57,10589,37943
2023-06-08 12:58:37,56,57,10659,38013
2023-06-08 12:58:46,55,57,10659,38013
2023-06-08 12:58:46,56,57,10659,38013
2023-06-08 12:59:33,56,58,10889,38243
2023-06-08 13:06:23,56,58,10891,38245
2023-06-08 13:06:29,55,58,10891,38275
2023-06-08 13:06:29,55,57,10891,38275
2023-06-08 13:08:14,55,57,10921,38361
2023-06-08 13:08:27,55,58,10921,38361
2023-06-08 13:08:31,55,57,10921,38361
2023-06-08 13:08:44,55,56,10921,38361
2023-06-08 13:08:57,56,57,10921,38411
2023-06-08 13:09:06,56,58,10921,38411
2023-06-08 13:09:33,56,57,10921,38411
2023-06-08 13:09:47,55,57,10921,38411
2023-06-08 13:10:31,56,58,10921,38411
2023-06-08 13:11:10,57,58,10921,38411
2023-06-08 13:11:33,56,58,10921,38411
2023-06-08 13:12:00,57,58,10921,38411
2023-06-08 13:12:10,56,58,10921,38411
2023-06-08 13:12:11,57,58,10921,38411
2023-06-08 13:14:18,57,59,10951,38441
2023-06-08 13:14:49,58,59,10951,38441
2023-06-08 13:15:45,59,60,10941,38511
2023-06-08 13:15:45,58,60,10941,38511
2023-06-08 13:15:52,59,60,10941,38511
2023-06-08 13:16:00,58,60,10941,38511
2023-06-08 13:16:02,59,60,10941,38511
2023-06-08 13:16:03,59,60,10941,38551
2023-06-08 13:16:04,58,60,10941,38551
2023-06-08 13:16:11,59,60,10941,38551
2023-06-08 13:16:11,59,60,10941,38616
2023-06-08 13:16:12,58,60,10941,38616
2023-06-08 13:16:21,59,60,10941,38616
2023-06-08 13:16:30,60,61,10941,38646
2023-06-08 13:16:30,59,61,10941,38646
2023-06-08 13:16:35,60,61,10941,38646
2023-06-08 13:17:05,59,61,10941,38646
2023-06-08 13:18:02,59,61,11274,38979
2023-06-08 13:18:03,60,61,11274,38979
2023-06-08 13:18:26,60,61,11274,38999
2023-06-08 13:19:03,60,62,11304,39189
2023-06-08 13:19:13,60,61,11304,39189
2023-06-08 13:19:58,60,61,11218,39275
2023-06-08 13:20:08,59,61,11218,39275
2023-06-08 13:20:11,60,61,11218,39275
2023-06-08 13:20:12,59,61,11218,39275
2023-06-08 13:20:14,60,61,11218,39275
2023-06-08 13:20:16,59,61,11218,39275
2023-06-08 13:20:17,60,61,11218,39275
2023-06-08 13:20:31,61,62,11143,39400
2023-06-08 13:20:43,61,62,11143,39460
2023-06-08 13:21:58,61,62,11143,39660
2023-06-08 13:21:59,62,63,11143,39690
2023-06-08 13:21:59,61,63,11143,39690
2023-06-08 13:22:25,61,62,11143,39690
2023-06-08 13:22:41,61,63,10943,39890
2023-06-08 13:23:04,60,63,10943,39950
2023-06-08 13:23:04,60,62,10943,39950
2023-06-08 13:23:04,60,63,10943,39950
2023-06-08 13:23:35,60,62,10943,39950
2023-06-08 13:24:15,60,62,11543,40950
2023-06-08 13:24:18,60,61,11543,40950
2023-06-08 13:24:24,59,60,11693,41100
2023-06-08 13:24:24,59,60,11793,41200
2023-06-08 13:24:25,59,60,11793,41400
2023-06-08 13:24:26,59,60,11793,41600
2023-06-08 13:24:26,59,60,11893,41700
2023-06-08 13:24:27,59,60,11893,41900
2023-06-08 13:24:28,60,61,11893,41950
2023-06-08 13:24:28,59,61,11893,41950
2023-06-08 13:24:44,59,61,11723,42150
2023-06-08 13:24:59,60,61,11723,42150
2023-06-08 13:25:01,59,60,11726,42165
2023-06-08 13:25:01,59,60,11741,42180
2023-06-08 13:25:02,59,60,11756,42195
2023-06-08 13:25:02,59,60,11856,42295
2023-06-08 13:25:03,59,60,11871,42310
2023-06-08 13:25:04,59,60,11886,42325
2023-06-08 13:25:04,59,60,11986,42425
2023-06-08 13:25:05,59,60,12001,42440
2023-06-08 13:25:06,59,60,12016,42455
2023-06-08 13:25:07,59,60,12116,42555
2023-06-08 13:25:07,59,60,12131,42570
2023-06-08 13:25:08,59,60,12146,42585
2023-06-08 13:25:09,59,61,12211,42650
2023-06-08 13:25:09,60,61,12211,42650
2023-06-08 13:25:16,60,61,12311,42750
2023-06-08 13:26:05,60,61,12461,42900
2023-06-08 13:27:00,60,61,12463,42902
2023-06-08 13:27:04,60,62,12463,42902
2023-06-08 13:27:20,61,62,12463,42902
2023-06-08 13:27:57,62,63,12523,42962
2023-06-08 13:27:59,61,63,12523,42962
2023-06-08 13:27:59,62,63,12523,42962
2023-06-08 13:28:58,61,63,12523,42962
2023-06-08 13:28:59,62,63,12523,42962
2023-06-08 13:29:23,61,63,12523,42962
2023-06-08 13:30:58,61,62,12523,42962
2023-06-08 13:31:22,61,62,12521,42964
2023-06-08 13:31:23,61,62,12519,42966
2023-06-08 13:31:24,61,62,12517,42968
2023-06-08 13:31:25,61,62,12515,42970
2023-06-08 13:31:26,60,61,12515,43022
2023-06-08 13:31:46,59,60,12515,43112
2023-06-08 13:31:47,59,60,12515,43142
2023-06-08 13:33:13,58,59,12515,43314
2023-06-08 13:33:20,57,59,12515,43314
2023-06-08 13:33:32,56,59,13015,43914
2023-06-08 13:33:33,56,58,13015,43914
2023-06-08 13:33:57,56,58,13015,44064
2023-06-08 13:34:26,57,58,13015,44064
2023-06-08 13:34:30,57,58,13045,44164
2023-06-08 13:34:32,57,58,13065,44264
2023-06-08 13:34:37,57,59,13075,44274
2023-06-08 13:34:59,59,60,13233,44432
2023-06-08 13:35:11,57,59,13233,44499
2023-06-08 13:35:17,57,60,13233,44499
2023-06-08 13:35:40,57,59,13233,44499
2023-06-08 13:36:14,56,57,13233,44879
2023-06-08 13:36:30,56,57,13333,44979
2023-06-08 13:36:31,56,57,13533,45179
2023-06-08 13:36:32,56,57,13633,45279
2023-06-08 13:36:34,56,57,13733,45379
2023-06-08 13:36:34,57,59,13793,45439
2023-06-08 13:37:08,57,59,13795,45441
2023-06-08 13:37:35,59,60,13823,45469
2023-06-08 13:37:50,59,60,13898,45544
2023-06-08 13:38:03,59,60,13900,45546
2023-06-08 13:38:51,60,61,13928,45574
2023-06-08 13:39:06,59,61,13928,45574
2023-06-08 13:39:24,59,60,13928,45574
2023-06-08 13:39:29,59,61,13728,45774
2023-06-08 13:39:45,59,60,13728,45774
2023-06-08 13:39:51,58,60,13728,45774
2023-06-08 13:40:02,58,59,13728,45774
2023-06-08 13:40:10,59,60,13630,45974
2023-06-08 13:40:16,59,60,13630,46174
2023-06-08 13:40:17,58,59,13630,46274
2023-06-08 13:40:20,57,58,13570,46334
2023-06-08 13:40:26,56,57,13510,46394
2023-06-08 13:40:41,55,56,13450,46454
2023-06-08 13:41:17,55,56,13750,46954
2023-06-08 13:41:26,56,57,13750,46984
2023-06-08 13:41:43,55,57,13778,47184
2023-06-08 13:41:56,55,56,13778,47184
2023-06-08 13:42:09,55,57,13778,47334
2023-06-08 13:43:24,56,57,13778,47334
2023-06-08 13:43:39,55,56,13853,47409
2023-06-08 13:43:44,56,57,13978,47534
2023-06-08 13:44:02,56,57,14019,47575
2023-06-08 13:44:24,55,57,14019,47575
2023-06-08 13:44:35,55,56,14019,47575
2023-06-08 13:44:42,55,57,14019,47575
2023-06-08 13:45:14,55,56,14019,47575
2023-06-08 13:45:19,54,55,13996,47610
2023-06-08 13:45:20,54,56,13996,47610
2023-06-08 13:45:21,52,56,13996,47610
2023-06-08 13:45:21,52,55,13996,47610
2023-06-08 13:45:23,52,54,13996,47610
2023-06-08 13:45:34,52,54,13957,47649
2023-06-08 13:45:36,52,53,13957,47649
2023-06-08 13:45:47,52,54,13957,47649
2023-06-08 13:45:47,52,53,13957,47649
2023-06-08 13:47:06,51,52,13826,47780
2023-06-08 13:47:40,52,53,13916,47870
2023-06-08 13:47:55,52,53,13916,47875
2023-06-08 13:48:48,51,52,13916,47880
2023-06-08 13:49:22,49,51,13921,48005
2023-06-08 13:49:23,49,52,13921,48005
2023-06-08 13:49:24,49,50,13921,48005
2023-06-08 13:49:55,50,52,13921,48035
2023-06-08 13:50:00,51,52,13921,48035
2023-06-08 13:50:33,51,52,13921,48042
2023-06-08 13:51:13,52,53,13921,48065
2023-06-08 13:51:16,53,54,13951,48095
2023-06-08 13:51:23,53,55,13981,48125
2023-06-08 13:51:38,55,56,13981,48155
2023-06-08 13:51:38,53,56,13981,48155
2023-06-08 13:51:38,54,56,13981,48155
2023-06-08 13:51:39,55,56,13981,48155
2023-06-08 13:51:41,56,57,14011,48185
2023-06-08 13:51:49,57,58,14027,48320
2023-06-08 13:51:49,56,58,14027,48320
2023-06-08 13:52:29,58,59,14057,48350
2023-06-08 13:52:29,56,59,14057,48350
2023-06-08 13:52:38,57,59,14057,48350
2023-06-08 13:52:41,59,60,14087,48380
2023-06-08 13:52:41,57,60,14087,48380
2023-06-08 13:52:49,59,60,14087,48380
2023-06-08 13:52:55,59,60,14187,48480
2023-06-08 13:53:08,59,60,14237,48530
2023-06-08 13:53:16,59,60,14437,48730
2023-06-08 13:53:46,58,60,14437,48730
2023-06-08 13:53:50,60,61,14467,48760
2023-06-08 13:54:10,57,61,14467,48760
2023-06-08 13:54:19,57,60,14467,48760
2023-06-08 13:54:35,57,61,14467,48760
2023-06-08 13:55:15,59,61,14467,48760
2023-06-08 13:55:55,60,61,14467,48760
2023-06-08 13:56:06,59,61,14467,48760
2023-06-08 13:56:06,59,61,14692,48985
2023-06-08 13:56:17,60,61,14692,48985
2023-06-08 13:56:18,60,62,14845,49138
2023-06-08 13:56:24,62,63,15075,49368
2023-06-08 13:57:21,61,63,15075,49368
2023-06-08 13:57:23,60,63,15075,49368
2023-06-08 13:57:24,61,63,15075,49368
2023-06-08 13:57:39,61,62,15075,49368
2023-06-08 13:57:43,60,61,15045,49398
2023-06-08 13:57:43,60,61,15045,49428
2023-06-08 13:59:59,61,63,15075,49458
2023-06-08 14:00:10,62,63,15075,49458
2023-06-08 14:00:44,61,63,15075,49458
2023-06-08 14:01:30,62,63,15075,49458
2023-06-08 14:02:31,63,64,15075,49488
2023-06-08 14:03:17,64,65,15085,49498
2023-06-08 14:04:04,63,65,15085,49498
2023-06-08 14:04:04,65,66,15085,49508
2023-06-08 14:07:05,65,66,15085,49708
2023-06-08 14:07:12,63,65,14947,49846
2023-06-08 14:07:12,63,66,14947,49846
2023-06-08 14:07:14,62,66,14947,49846
2023-06-08 14:07:14,62,64,14947,49846
2023-06-08 14:07:15,63,64,14947,49846
2023-06-08 14:07:28,63,65,14947,49846
2023-06-08 14:07:29,61,63,14937,49856
2023-06-08 14:07:29,62,63,14937,49856
2023-06-08 14:07:42,62,65,14937,49856
2023-06-08 14:07:43,62,63,14937,49856
2023-06-08 14:08:43,62,65,14937,49856
2023-06-08 14:08:44,63,65,14937,49856
2023-06-08 14:09:03,64,65,14937,49856
2023-06-08 14:09:04,64,66,14937,49856
2023-06-08 14:09:37,63,66,14937,49856
2023-06-08 14:09:49,64,66,14937,49856
2023-06-08 14:09:50,63,66,14937,49856
2023-06-08 14:09:51,64,66,14937,49856
2023-06-08 14:10:17,64,65,14937,49856
2023-06-08 14:10:18,63,65,14937,49856
2023-06-08 14:10:31,62,63,14927,49866
2023-06-08 14:10:32,61,63,14927,49866
2023-06-08 14:10:33,61,65,14927,49866
2023-06-08 14:10:33,61,64,14927,49866
2023-06-08 14:10:56,61,64,14927,49891
2023-06-08 14:11:06,61,63,14927,49891
2023-06-08 14:11:08,61,63,14919,49899
2023-06-08 14:11:26,62,63,14919,49899
2023-06-08 14:11:30,62,64,14919,49899
2023-06-08 14:12:01,63,64,14919,49899
2023-06-08 14:12:03,64,65,14919,49909
2023-06-08 14:13:03,65,66,14919,49919
2023-06-08 14:14:04,64,66,14919,49919
2023-06-08 14:14:04,63,66,14919,49919
2023-06-08 14:14:08,64,66,14919,49919
2023-06-08 14:14:17,65,66,14919,49919
2023-06-08 14:14:18,64,66,14919,49919
2023-06-08 14:14:19,65,66,14919,49919
2023-06-08 14:14:42,66,67,14929,49929
2023-06-08 14:14:42,65,67,14929,49929
2023-06-08 14:14:44,66,67,14929,49929
2023-06-08 14:14:47,67,68,14940,49940
2023-06-08 14:16:00,68,69,14950,49950
2023-06-08 14:16:00,67,69,14950,49950
2023-06-08 14:16:16,67,69,15014,50014
2023-06-08 14:16:17,69,70,15160,50160
2023-06-08 14:16:17,67,70,15160,50160
2023-06-08 14:16:19,68,70,15160,50160
2023-06-08 14:16:20,67,70,15160,50160
2023-06-08 14:16:25,68,70,15160,50160
2023-06-08 14:16:27,69,70,15160,50160
2023-06-08 14:16:28,69,70,15360,50360
2023-06-08 14:16:29,69,70,15560,50560
2023-06-08 14:16:39,70,71,15570,50570
2023-06-08 14:17:45,70,71,15595,50595
2023-06-08 14:18:10,71,72,15780,50780
2023-06-08 14:18:32,70,72,15780,50780
2023-06-08 14:18:34,71,72,15780,50780
2023-06-08 14:20:18,72,73,15780,50790
2023-06-08 14:23:29,73,74,15780,50800
2023-06-08 14:24:52,72,74,15780,50800
2023-06-08 14:25:12,73,74,15780,50800
2023-06-08 14:27:51,74,75,15780,50810
2023-06-08 14:29:49,74,76,15806,50836
2023-06-08 14:29:49,74,75,15806,50836
2023-06-08 14:29:50,74,75,15806,50852
2023-06-08 14:29:57,74,76,15806,50852
2023-06-08 14:29:57,74,75,15806,50852
2023-06-08 14:30:01,75,76,15806,50863
2023-06-08 14:30:01,75,76,15806,50887
2023-06-08 14:31:34,75,76,15806,51027
2023-06-08 14:31:53,76,77,15806,51037
2023-06-08 14:31:53,76,77,15806,51057
2023-06-08 14:31:53,76,77,15806,51077
2023-06-08 14:33:06,76,77,15806,51131
2023-06-08 14:33:41,76,77,15616,51331
2023-06-08 14:34:16,77,78,15563,51387
2023-06-08 14:34:48,76,78,15563,51387
2023-06-08 14:35:35,77,78,15563,51387
2023-06-08 14:36:37,78,79,15573,51397
2023-06-08 14:37:05,78,79,15573,51447
2023-06-08 14:39:02,79,80,15573,51457
2023-06-08 14:39:02,79,80,15573,51479
2023-06-08 14:39:04,78,80,15573,51479
2023-06-08 14:39:05,79,80,15573,51479
2023-06-08 14:39:06,78,80,15573,51479
2023-06-08 14:39:11,79,80,15573,51479
2023-06-08 14:39:21,78,80,15573,51479
2023-06-08 14:39:52,79,80,15573,51479
2023-06-08 14:39:57,78,80,15573,51479
2023-06-08 14:40:09,79,80,15573,51479
2023-06-08 14:40:32,78,80,15573,51479
2023-06-08 14:40:42,79,80,15573,51479
2023-06-08 14:40:43,78,80,15573,51479
2023-06-08 14:41:18,79,80,15573,51479
2023-06-08 14:41:18,79,80,15573,51489
2023-06-08 14:41:56,79,80,15573,51645
2023-06-08 14:41:56,78,79,15573,51689
2023-06-08 14:42:02,77,79,15573,51689
2023-06-08 14:42:09,78,79,15573,51689
2023-06-08 14:42:37,77,79,15573,51814
2023-06-08 14:42:44,77,78,15573,51814
2023-06-08 14:45:16,77,78,15448,51939
2023-06-08 14:45:27,77,79,15448,51939
2023-06-08 14:45:28,78,79,15448,51939
2023-06-08 14:45:28,78,79,15448,51949
2023-06-08 14:46:04,78,79,15363,52149
2023-06-08 14:46:05,78,80,15363,52149
2023-06-08 14:47:07,79,80,15363,52149
2023-06-08 14:47:34,79,81,15453,52239
2023-06-08 14:47:34,80,81,15453,52239
2023-06-08 14:47:53,80,81,15453,52244
2023-06-08 14:48:01,82,83,15674,52465
2023-06-08 14:48:21,80,83,15674,52465
2023-06-08 14:48:21,81,83,15674,52465
2023-06-08 14:48:21,81,82,15674,52465
2023-06-08 14:49:10,82,83,15677,52468
2023-06-08 14:49:10,82,83,15687,52478
2023-06-08 14:49:47,82,83,15818,52609
2023-06-08 14:49:57,82,83,15818,52629
2023-06-08 14:50:47,82,83,15861,52672
2023-06-08 14:52:46,81,83,15861,52672
2023-06-08 14:52:59,82,83,15861,52672
2023-06-08 14:52:59,82,83,15861,52758
2023-06-08 14:52:59,82,83,15861,52844
2023-06-08 14:53:00,81,83,15861,52844
2023-06-08 14:53:13,82,83,15861,52844
2023-06-08 14:53:58,83,84,15861,52854
2023-06-08 14:55:24,81,83,15860,52855
2023-06-08 14:55:45,81,82,15860,52855
2023-06-08 14:56:18,81,82,15910,52905
2023-06-08 14:56:24,80,82,15910,52915
2023-06-08 14:56:59,80,83,15910,52915
2023-06-08 14:56:59,81,83,15910,52915
2023-06-08 14:57:12,82,83,15910,52915
2023-06-08 14:57:18,82,84,15910,52915
2023-06-08 14:58:07,81,84,15910,52915
2023-06-08 14:58:07,81,83,15910,52915
2023-06-08 14:58:10,82,83,15910,52915
2023-06-08 14:58:11,81,82,15805,53020
2023-06-08 14:58:11,81,83,15805,53020
2023-06-08 14:58:14,81,83,15824,53039
2023-06-08 14:58:14,82,83,15824,53039
2023-06-08 14:58:15,81,82,15805,53058
2023-06-08 14:58:15,81,83,15805,53058
2023-06-08 14:58:17,82,83,15805,53058
2023-06-08 14:58:17,82,84,15805,53058
2023-06-08 14:58:45,81,84,15805,53058
2023-06-08 14:58:47,82,84,15805,53058
2023-06-08 14:58:59,81,84,15805,53058
2023-06-08 14:59:03,81,83,15805,53058
2023-06-08 14:59:35,82,83,15805,53058
2023-06-08 14:59:40,81,83,15805,53058
2023-06-08 14:59:41,82,83,15805,53058
2023-06-08 14:59:44,82,84,15805,53058
2023-06-08 14:59:45,82,83,15805,53058
2023-06-08 14:59:58,83,84,15805,53061
2023-06-08 14:59:58,82,83,15608,53258
2023-06-08 14:59:58,82,84,15608,53258
2023-06-08 15:00:01,81,84,15608,53258
2023-06-08 15:00:07,82,84,15608,53258
2023-06-08 15:00:16,82,83,15608,53258
2023-06-08 15:00:38,82,83,15608,53283
2023-06-08 15:00:46,83,84,15611,53286
2023-06-08 15:00:46,82,84,15611,53286
2023-06-08 15:00:49,82,84,15811,53486
2023-06-08 15:00:54,82,83,15811,53486
2023-06-08 15:00:55,83,84,15964,53639
2023-06-08 15:00:55,82,84,15964,53639
2023-06-08 15:01:04,83,84,15964,53639
2023-06-08 15:01:43,83,85,16146,53821
2023-06-08 15:01:43,84,85,16146,53821
2023-06-08 15:02:11,82,85,16146,53821
2023-06-08 15:02:11,83,85,16146,53821
2023-06-08 15:02:38,84,85,16146,53821
2023-06-08 15:03:04,82,85,16146,53821
2023-06-08 15:03:04,81,85,16146,53821
2023-06-08 15:03:04,83,85,16146,53821
2023-06-08 15:04:10,82,85,16146,53821
2023-06-08 15:04:10,84,85,16146,53821
2023-06-08 15:04:12,84,86,16156,53831
2023-06-08 15:04:23,83,86,16156,53831
2023-06-08 15:04:52,83,86,16156,53831
2023-06-08 15:04:52,83,85,16156,53831
2023-06-08 15:04:52,84,85,16156,53831
2023-06-08 15:05:15,83,85,16156,53831
2023-06-08 15:05:40,84,85,16156,53831
2023-06-08 15:06:01,85,86,16156,53834
2023-06-08 15:06:34,84,86,16156,53834
2023-06-08 15:07:23,84,85,16156,53834
2023-06-08 15:07:57,83,85,16156,53834
2023-06-08 15:08:00,83,84,16156,53834
2023-06-08 15:08:01,82,84,16156,53834
2023-06-08 15:08:26,82,83,16156,53834
2023-06-08 15:08:28,82,84,16156,53834
2023-06-08 15:08:37,82,85,16156,53834
2023-06-08 15:08:37,83,85,16156,53834
2023-06-08 15:08:39,82,83,16006,53984
2023-06-08 15:08:39,82,85,16006,53984
2023-06-08 15:08:44,83,85,16006,53984
2023-06-08 15:08:50,83,84,16006,53984
2023-06-08 15:09:13,82,84,15980,54010
2023-06-08 15:09:13,82,83,15980,54010
2023-06-08 15:09:39,81,83,15980,54010
2023-06-08 15:09:39,81,82,15980,54010
2023-06-08 15:10:03,80,81,15964,54026
2023-06-08 15:10:03,80,82,15964,54026
2023-06-08 15:10:04,80,81,15964,54026
2023-06-08 15:10:10,78,81,15964,54026
2023-06-08 15:10:13,78,80,15964,54026
2023-06-08 15:10:22,78,79,15964,54026
2023-06-08 15:10:25,76,78,15941,54049
2023-06-08 15:10:25,76,79,15941,54049
2023-06-08 15:10:34,76,80,15941,54049
2023-06-08 15:10:36,77,80,15941,54049
2023-06-08 15:10:39,78,80,15941,54049
2023-06-08 15:10:41,78,79,15941,54049
2023-06-08 15:10:49,77,79,15941,54049
2023-06-08 15:11:04,77,80,15941,54049
2023-06-08 15:11:09,77,79,15941,54049
2023-06-08 15:11:15,77,78,15941,54049
2023-06-08 15:11:22,76,77,15928,54062
2023-06-08 15:11:22,76,78,15928,54062
2023-06-08 15:11:25,74,78,15928,54062
2023-06-08 15:11:28,74,77,15928,54062
2023-06-08 15:11:30,74,76,15928,54062
2023-06-08 15:11:36,74,77,15928,54062
2023-06-08 15:11:40,74,76,15928,54062
2023-06-08 15:11:47,74,77,15928,54062
2023-06-08 15:11:52,74,76,15928,54062
2023-06-08 15:11:58,74,75,15928,54062
2023-06-08 15:11:59,73,75,15928,54062
2023-06-08 15:12:06,73,76,15928,54062
2023-06-08 15:12:08,75,76,15928,54062
2023-06-08 15:12:20,71,75,15905,54095
2023-06-08 15:12:20,71,76,15905,54095
2023-06-08 15:12:20,71,74,15905,54095
2023-06-08 15:12:36,71,73,15905,54095
2023-06-08 15:13:15,71,74,15905,54095
2023-06-08 15:13:16,71,75,15905,54095
2023-06-08 15:13:17,72,75,15905,54095
2023-06-08 15:13:17,73,75,15905,54095
2023-06-08 15:13:30,74,75,15905,54095
2023-06-08 15:13:30,74,76,15905,54095
2023-06-08 15:13:31,75,76,15905,54095
2023-06-08 15:13:32,75,76,15918,54108
2023-06-08 15:13:33,75,77,15918,54108
2023-06-08 15:13:35,76,77,15918,54108
2023-06-08 15:13:38,76,78,15918,54108
2023-06-08 15:13:54,77,78,15918,54108
2023-06-08 15:13:56,77,79,15918,54108
2023-06-08 15:14:00,78,79,15918,54108
2023-06-08 15:14:37,78,80,15918,54108
2023-06-08 15:14:50,79,80,15918,54108
2023-06-08 15:14:54,79,81,15918,54108
2023-06-08 15:15:13,79,80,15918,54108
2023-06-08 15:15:16,79,81,15918,54108
2023-06-08 15:15:33,80,81,15918,54108
2023-06-08 15:15:36,79,81,15918,54108
2023-06-08 15:15:37,79,80,15918,54108
2023-06-08 15:16:15,79,80,15928,54118
2023-06-08 15:16:22,79,81,15928,54118
2023-06-08 15:16:52,79,80,15928,54118
2023-06-08 15:17:07,79,81,15928,54118
2023-06-08 15:17:08,79,82,15928,54118
2023-06-08 15:17:08,80,82,15928,54118
2023-06-08 15:17:18,80,83,15928,54118
2023-06-08 15:17:18,81,83,15928,54118
2023-06-08 15:17:21,82,83,15928,54118
2023-06-08 15:17:34,82,84,15928,54118
2023-06-08 15:17:41,82,83,15928,54118
2023-06-08 15:17:54,82,84,15928,54118
2023-06-08 15:17:59,83,84,15928,54118
2023-06-08 15:18:00,83,85,15928,54118
2023-06-08 15:18:04,83,86,15928,54118
2023-06-08 15:18:04,84,86,15928,54118
2023-06-08 15:18:08,84,85,15928,54118
2023-06-08 15:18:29,83,85,15928,54118
2023-06-08 15:18:32,84,85,15928,54118
2023-06-08 15:19:12,84,86,15928,54121
2023-06-08 15:19:42,85,86,15928,54121
2023-06-08 15:19:54,84,86,15928,54121
2023-06-08 15:19:58,84,85,15928,54121
2023-06-08 15:20:06,83,85,15928,54121
2023-06-08 15:20:10,82,85,15928,54121
2023-06-08 15:20:10,83,85,15928,54121
2023-06-08 15:20:10,84,85,15928,54121
2023-06-08 15:20:38,84,85,15918,54131
2023-06-08 15:20:38,85,86,15918,54134
2023-06-08 15:21:16,85,87,16077,54303
2023-06-08 15:21:16,86,87,16077,54303
2023-06-08 15:21:34,85,87,16077,54303
2023-06-08 15:21:34,86,87,16077,54303
2023-06-08 15:21:40,84,87,16077,54303
2023-06-08 15:21:40,84,86,16077,54303
2023-06-08 15:21:42,84,86,16074,54306
2023-06-08 15:22:26,84,85,16074,54306
2023-06-08 15:22:26,84,86,16074,54306
2023-06-08 15:22:34,84,85,16074,54306
2023-06-08 15:22:35,84,86,16074,54306
2023-06-08 15:22:37,84,85,16074,54306
2023-06-08 15:22:52,84,86,16074,54306
2023-06-08 15:23:02,84,87,16074,54306
2023-06-08 15:23:02,85,87,16074,54306
2023-06-08 15:23:11,83,87,16074,54306
2023-06-08 15:23:11,83,86,16074,54306
2023-06-08 15:23:11,84,86,16074,54306
2023-06-08 15:23:16,84,85,16074,54306
2023-06-08 15:23:37,83,85,16074,54306
2023-06-08 15:23:37,83,84,16074,54306
2023-06-08 15:23:43,82,83,16055,54325
2023-06-08 15:23:43,82,84,16055,54325
2023-06-08 15:23:50,82,83,16055,54325
2023-06-08 15:23:52,81,82,16036,54344
2023-06-08 15:23:52,81,83,16036,54344
2023-06-08 15:24:06,82,83,16036,54344
2023-06-08 15:24:42,81,83,16036,54344
2023-06-08 15:25:03,82,83,16036,54344
2023-06-08 15:25:13,83,84,16046,54354
2023-06-08 15:25:16,83,85,16057,54365
2023-06-08 15:25:17,84,85,16057,54365
2023-06-08 15:26:25,85,86,16057,54374
2023-06-08 15:26:27,86,87,16067,54384
2023-06-08 15:26:58,87,88,16067,54394
2023-06-08 15:28:04,87,88,16082,54409
2023-06-08 15:28:15,88,89,16082,54504
2023-06-08 15:28:18,88,89,16121,54543
2023-06-08 15:28:42,88,90,16121,54593
2023-06-08 15:29:11,90,91,16121,54603
2023-06-08 15:29:14,88,90,16031,54693
2023-06-08 15:29:14,88,91,16031,54693
2023-06-08 15:29:14,88,90,16031,54693
2023-06-08 15:29:26,88,91,16031,54693
2023-06-08 15:29:34,89,91,16031,54693
2023-06-08 15:29:39,88,91,16031,54693
2023-06-08 15:29:39,88,90,16031,54693
2023-06-08 15:29:58,88,91,16031,54693
2023-06-08 15:29:58,89,91,16031,54693
2023-06-08 15:30:04,88,91,16031,54693
2023-06-08 15:30:04,90,91,16031,54693
2023-06-08 15:30:07,88,90,15980,54744
2023-06-08 15:30:07,88,91,15980,54744
2023-06-08 15:30:17,89,91,15980,54744
2023-06-08 15:30:21,88,91,15980,54744
2023-06-08 15:30:29,89,91,15980,54744
2023-06-08 15:30:35,90,91,15980,54744
2023-06-08 15:31:08,88,91,15980,54744
2023-06-08 15:31:09,88,92,16088,54852
2023-06-08 15:31:09,89,92,16088,54852
2023-06-08 15:31:12,88,92,16088,54852
2023-06-08 15:31:12,89,92,16088,54852
2023-06-08 15:31:12,90,92,16088,54852
2023-06-08 15:31:14,90,93,16088,54852
2023-06-08 15:31:14,90,92,16088,54852
2023-06-08 15:31:35,90,91,16088,54852
2023-06-08 15:31:42,90,92,16088,54852
2023-06-08 15:31:55,90,91,16088,54852
2023-06-08 15:31:56,89,90,16078,54862
2023-06-08 15:31:56,89,91,16078,54862
2023-06-08 15:32:03,89,91,16079,54863
2023-06-08 15:32:05,89,92,16079,54863
2023-06-08 15:32:06,90,92,16079,54863
2023-06-08 15:32:09,92,93,16279,55063
2023-06-08 15:32:10,92,93,16289,55073
2023-06-08 15:32:10,92,93,16299,55083
2023-06-08 15:32:10,90,92,16299,55103
2023-06-08 15:32:10,90,93,16299,55103
2023-06-08 15:32:22,90,92,16299,55103
2023-06-08 15:32:28,90,93,16339,55143
2023-06-08 15:32:33,90,92,16339,55143
2023-06-08 15:32:36,89,90,16329,55153
2023-06-08 15:32:36,89,92,16329,55153
2023-06-08 15:32:36,89,93,16329,55153
2023-06-08 15:32:36,89,92,16329,55153
2023-06-08 15:32:39,88,92,16329,55153
2023-06-08 15:32:39,90,92,16329,55153
2023-06-08 15:32:48,88,90,16208,55274
2023-06-08 15:32:48,88,92,16208,55274
2023-06-08 15:32:49,88,91,16208,55274
2023-06-08 15:32:50,87,91,16208,55274
2023-06-08 15:32:53,87,90,16208,55274
2023-06-08 15:33:02,87,91,16208,55274
2023-06-08 15:33:07,88,91,16208,55274
2023-06-08 15:33:07,88,92,16208,55274
2023-06-08 15:33:07,88,91,16208,55274
2023-06-08 15:33:09,89,91,16208,55274
2023-06-08 15:33:17,90,91,16208,55274
2023-06-08 15:33:30,90,95,16218,55284
2023-06-08 15:33:30,90,94,16218,55284
2023-06-08 15:33:38,90,94,16223,55289
2023-06-08 15:33:38,91,94,16223,55289
2023-06-08 15:34:14,91,93,16223,55289
2023-06-08 15:34:34,90,93,16223,55289
2023-06-08 15:34:34,88,93,16223,55289
2023-06-08 15:34:34,89,93,16223,55289
2023-06-08 15:34:34,89,92,16223,55289
2023-06-08 15:34:40,89,91,16223,55289
2023-06-08 15:34:57,89,92,16263,55329
2023-06-08 15:34:59,90,92,16263,55329
2023-06-08 15:35:02,89,92,16263,55329
2023-06-08 15:35:02,91,92,16263,55329
2023-06-08 15:35:03,92,93,16273,55339
2023-06-08 15:35:03,92,93,16283,55349
2023-06-08 15:35:03,92,93,16293,55359
2023-06-08 15:35:03,92,94,16293,55359
2023-06-08 15:35:03,92,93,16293,55359
2023-06-08 15:35:06,91,92,16303,55379
2023-06-08 15:35:06,91,93,16303,55379
2023-06-08 15:35:06,91,94,16303,55379
2023-06-08 15:35:06,91,93,16303,55379
2023-06-08 15:35:10,89,93,16303,55379
2023-06-08 15:35:10,90,93,16303,55379
2023-06-08 15:35:11,90,92,16303,55379
2023-06-08 15:35:19,90,91,16303,55379
2023-06-08 15:35:21,88,90,16293,55389
2023-06-08 15:35:21,88,91,16293,55389
2023-06-08 15:35:25,87,88,16253,55429
2023-06-08 15:35:25,87,91,16253,55429
2023-06-08 15:35:26,87,90,16253,55429
2023-06-08 15:35:26,88,90,16253,55429
2023-06-08 15:35:28,87,88,16233,55449
2023-06-08 15:35:28,87,90,16233,55449
2023-06-08 15:35:34,86,87,16202,55510
2023-06-08 15:35:34,86,90,16202,55510
2023-06-08 15:35:45,86,90,16212,55520
2023-06-08 15:35:45,88,90,16212,55520
2023-06-08 15:35:46,86,90,16212,55520
2023-06-08 15:35:46,89,90,16212,55520
2023-06-08 15:35:46,86,88,16202,55530
2023-06-08 15:35:46,86,90,16202,55530
2023-06-08 15:35:47,86,89,16202,55530
2023-06-08 15:35:47,86,90,16202,55530
2023-06-08 15:36:04,88,90,16202,55530
2023-06-08 15:36:24,86,90,16202,55530
2023-06-08 15:36:25,86,89,16202,55530
2023-06-08 15:36:26,86,90,16202,55530
2023-06-08 15:36:26,86,89,16202,55530
2023-06-08 15:36:28,86,89,16207,55535
2023-06-08 15:36:50,88,89,16207,55535
2023-06-08 15:37:18,88,89,16209,55537
2023-06-08 15:37:24,90,93,16209,55555
2023-06-08 15:37:24,90,94,16209,55555
2023-06-08 15:37:24,90,94,16209,55585
2023-06-08 15:37:24,90,94,16209,55615
2023-06-08 15:37:24,90,94,16209,55625
2023-06-08 15:37:24,90,93,16209,55625
2023-06-08 15:37:26,88,93,16209,55625
2023-06-08 15:37:42,88,92,16209,55625
2023-06-08 15:37:42,88,91,16209,55625
2023-06-08 15:37:45,88,92,16209,55625
2023-06-08 15:37:55,88,91,16209,55625
2023-06-08 15:38:00,88,90,16209,55625
2023-06-08 15:38:10,88,90,16212,55628
2023-06-08 15:38:11,87,88,16202,55638
2023-06-08 15:38:11,87,90,16202,55638
2023-06-08 15:38:17,87,89,16202,55638
2023-06-08 15:38:17,87,90,16202,55638
2023-06-08 15:38:19,87,89,16202,55638
2023-06-08 15:38:21,87,90,16202,55638
2023-06-08 15:38:21,87,89,16202,55638
2023-06-08 15:38:21,87,90,16202,55638
2023-06-08 15:38:25,87,91,16202,55638
2023-06-08 15:38:25,87,90,16202,55638
2023-06-08 15:38:25,88,90,16202,55638
2023-06-08 15:38:25,88,91,16202,55638
2023-06-08 15:38:31,88,90,16202,55638
2023-06-08 15:38:31,88,91,16202,55638
2023-06-08 15:38:32,89,91,16202,55638
2023-06-08 15:38:34,91,92,16212,55648
2023-06-08 15:38:34,91,92,16222,55658
2023-06-08 15:38:34,91,92,16232,55668
2023-06-08 15:38:34,91,92,16242,55678
2023-06-08 15:38:35,89,91,16242,55688
2023-06-08 15:38:35,89,92,16242,55688
2023-06-08 15:38:41,90,92,16242,55688
2023-06-08 15:38:51,88,92,16242,55688
2023-06-08 15:38:51,91,92,16242,55688
2023-06-08 15:38:56,88,92,16242,55688
2023-06-08 15:38:56,90,92,16242,55688
2023-06-08 15:39:05,88,92,16242,55688
2023-06-08 15:39:05,89,92,16242,55688
2023-06-08 15:39:08,89,91,16242,55688
2023-06-08 15:39:09,88,91,16242,55688
2023-06-08 15:39:22,88,92,16282,55728
2023-06-08 15:39:22,88,91,16282,55728
2023-06-08 15:39:26,88,92,16282,55728
2023-06-08 15:39:29,88,92,16282,55728
2023-06-08 15:39:29,88,91,16282,55728
2023-06-08 15:39:32,88,92,16292,55738
2023-06-08 15:39:44,89,92,16292,55738
2023-06-08 15:39:49,88,92,16292,55738
2023-06-08 15:39:54,88,90,16292,55738
2023-06-08 15:40:03,88,89,16292,55738
2023-06-08 15:40:05,88,90,16292,55738
2023-06-08 15:40:06,88,91,16292,55738
2023-06-08 15:40:06,88,90,16292,55738
2023-06-08 15:40:07,89,90,16292,55738
2023-06-08 15:40:19,89,92,16292,55738
2023-06-08 15:40:19,89,91,16292,55738
2023-06-08 15:40:21,88,91,16292,55738
2023-06-08 15:40:36,88,90,16292,55738
2023-06-08 15:40:38,88,89,16292,55738
2023-06-08 15:40:54,87,89,16292,55738
2023-06-08 15:40:57,87,88,16292,55738
2023-06-08 15:41:03,86,87,16272,55758
2023-06-08 15:41:03,86,88,16272,55758
2023-06-08 15:41:03,86,87,16272,55758
2023-06-08 15:41:04,84,87,16272,55778
2023-06-08 15:41:04,84,86,16272,55778
2023-06-08 15:41:06,84,87,16272,55778
2023-06-08 15:41:06,84,86,16272,55778
2023-06-08 15:41:08,84,87,16272,55778
2023-06-08 15:41:15,85,87,16272,55778
2023-06-08 15:41:18,84,85,16229,55821
2023-06-08 15:41:18,84,87,16229,55821
2023-06-08 15:41:20,82,87,16229,55821
2023-06-08 15:41:26,83,87,16229,55821
2023-06-08 15:41:28,87,88,16239,55831
2023-06-08 15:41:31,83,87,16254,55851
2023-06-08 15:41:31,83,88,16254,55851
2023-06-08 15:41:36,83,87,16254,55851
2023-06-08 15:41:54,83,85,16254,55851
2023-06-08 15:41:55,83,85,16256,55853
2023-06-08 15:41:58,82,83,16256,55865
2023-06-08 15:41:58,82,85,16256,55865
2023-06-08 15:42:00,82,84,16256,55865
2023-06-08 15:42:02,82,85,16256,55865
2023-06-08 15:42:02,80,82,16289,55898
2023-06-08 15:42:02,80,85,16289,55898
2023-06-08 15:42:02,82,85,16289,55898
2023-06-08 15:42:04,80,82,16289,55908
2023-06-08 15:42:04,80,85,16289,55908
2023-06-08 15:42:04,80,84,16289,55908
2023-06-08 15:42:04,80,85,16289,55908
2023-06-08 15:42:05,80,86,16289,55908
2023-06-08 15:42:05,80,85,16289,55908
2023-06-08 15:42:05,80,86,16289,55908
2023-06-08 15:42:06,81,86,16289,55908
2023-06-08 15:42:06,81,87,16289,55908
2023-06-08 15:42:06,81,86,16289,55908
2023-06-08 15:42:07,81,87,16289,55908
2023-06-08 15:42:08,82,87,16289,55908
2023-06-08 15:42:13,82,88,16289,55908
2023-06-08 15:42:13,82,87,16289,55908
2023-06-08 15:42:14,83,87,16289,55908
2023-06-08 15:42:16,84,87,16289,55908
2023-06-08 15:42:20,85,87,16289,55908
2023-06-08 15:42:24,85,91,16289,55908
2023-06-08 15:42:24,85,90,16289,55908
2023-06-08 15:42:28,85,90,16299,55918
2023-06-08 15:42:28,87,90,16299,55918
2023-06-08 15:42:31,85,90,16299,55918
2023-06-08 15:42:31,85,89,16299,55918
2023-06-08 15:42:31,86,89,16299,55918
2023-06-08 15:42:31,90,91,16379,55998
2023-06-08 15:42:31,86,91,16389,56008
2023-06-08 15:42:31,86,89,16389,56008
2023-06-08 15:42:31,86,91,16389,56008
2023-06-08 15:42:31,86,90,16389,56008
2023-06-08 15:42:31,86,89,16389,56008
2023-06-08 15:42:32,86,88,16389,56008
2023-06-08 15:42:34,86,89,16389,56008
2023-06-08 15:42:34,88,89,16389,56008
2023-06-08 15:42:35,86,89,16419,56038
2023-06-08 15:42:40,86,89,16479,56098
2023-06-08 15:42:40,86,90,16479,56098
2023-06-08 15:42:41,86,89,16479,56098
2023-06-08 15:42:42,87,89,16479,56098
2023-06-08 15:42:44,87,89,16519,56138
2023-06-08 15:42:44,86,87,16519,56258
2023-06-08 15:42:44,86,89,16519,56258
2023-06-08 15:42:44,86,90,16519,56258
2023-06-08 15:42:44,86,88,16519,56258
2023-06-08 15:42:44,86,89,16519,56258
2023-06-08 15:42:45,86,89,16539,56278
2023-06-08 15:42:45,86,90,16539,56278
2023-06-08 15:42:45,89,90,16539,56278
2023-06-08 15:42:45,89,90,16599,56338
2023-06-08 15:42:45,87,90,16609,56348
2023-06-08 15:42:47,86,87,16609,56368
2023-06-08 15:42:47,86,90,16609,56368
2023-06-08 15:42:50,86,89,16609,56368
2023-06-08 15:42:50,86,90,16609,56368
2023-06-08 15:43:00,86,88,16609,56368
2023-06-08 15:43:02,86,89,16609,56368
2023-06-08 15:43:04,86,88,16609,56368
2023-06-08 15:43:04,86,89,16609,56368
2023-06-08 15:43:08,86,88,16609,56368
2023-06-08 15:43:14,86,89,16609,56368
2023-06-08 15:43:14,86,88,16609,56368
2023-06-08 15:43:17,83,88,16609,56368
2023-06-08 15:43:22,83,88,16629,56388
2023-06-08 15:43:28,83,87,16629,56388
2023-06-08 15:43:29,83,86,16629,56388
2023-06-08 15:43:38,83,85,16629,56388
2023-06-08 15:43:40,81,83,16629,56408
2023-06-08 15:43:40,81,85,16629,56408
2023-06-08 15:43:43,81,84,16629,56408
2023-06-08 15:43:47,81,83,16629,56408
2023-06-08 15:43:47,81,84,16629,56408
2023-06-08 15:43:50,81,83,16629,56408
2023-06-08 15:43:50,80,81,16710,56509
2023-06-08 15:43:50,80,83,16710,56509
2023-06-08 15:43:51,79,83,16710,56509
2023-06-08 15:43:51,78,83,16710,56509
2023-06-08 15:43:51,77,83,16710,56509
2023-06-08 15:43:51,78,83,16710,56509
2023-06-08 15:43:52,78,82,16710,56509
2023-06-08 15:44:00,79,82,16710,56509
2023-06-08 15:44:01,80,82,16710,56509
2023-06-08 15:44:21,77,82,16710,56509
2023-06-08 15:44:21,78,82,16710,56509
2023-06-08 15:44:26,76,82,16710,56509
2023-06-08 15:44:26,75,82,16710,56509
2023-06-08 15:44:26,76,82,16710,56509
2023-06-08 15:44:27,76,81,16710,56509
2023-06-08 15:44:29,76,80,16710,56509
2023-06-08 15:44:32,74,80,16710,56509
2023-06-08 15:44:36,73,80,16710,56509
2023-06-08 15:44:36,73,79,16710,56509
2023-06-08 15:44:37,72,79,16710,56509
2023-06-08 15:44:37,72,80,16710,56509
2023-06-08 15:44:37,72,79,16710,56509
2023-06-08 15:44:44,72,80,16710,56509
2023-06-08 15:44:44,72,79,16710,56509
2023-06-08 15:44:46,72,80,16710,56509
2023-06-08 15:44:46,72,79,16710,56509
2023-06-08 15:44:50,73,79,16710,56509
2023-06-08 15:44:52,72,79,16710,56509
2023-06-08 15:45:01,73,79,16710,56509
2023-06-08 15:45:03,75,79,16710,56509
2023-06-08 15:45:04,76,79,16710,56509
2023-06-08 15:45:05,75,79,16710,56509
2023-06-08 15:45:07,79,80,16710,56519
2023-06-08 15:45:07,75,80,16710,56519
2023-06-08 15:45:09,77,80,16710,56519
2023-06-08 15:45:10,80,84,16710,56529
2023-06-08 15:45:10,77,84,16710,56529
2023-06-08 15:45:11,79,84,16710,56529
2023-06-08 15:45:12,79,83,16710,56529
2023-06-08 15:45:13,79,84,16710,56529
2023-06-08 15:45:25,81,84,16710,56529
2023-06-08 15:45:30,84,87,16710,56539
2023-06-08 15:45:30,81,87,16710,56539
2023-06-08 15:45:30,81,86,16710,56539
2023-06-08 15:45:36,83,86,16710,56539
2023-06-08 15:45:52,85,86,16710,56539
2023-06-08 15:45:57,86,87,16710,56549
2023-06-08 15:45:57,85,87,16710,56549
2023-06-08 15:45:58,83,87,16710,56549
2023-06-08 15:46:18,83,92,16819,56658
2023-06-08 15:46:19,83,89,16819,56658
2023-06-08 15:46:19,87,89,16819,56658
2023-06-08 15:46:19,84,89,16819,56658
2023-06-08 15:46:19,88,89,16819,56658
2023-06-08 15:46:19,88,89,16819,56708
2023-06-08 15:46:19,88,92,16819,56708
2023-06-08 15:46:31,88,93,16869,56808
2023-06-08 15:46:31,88,92,16869,56808
2023-06-08 15:46:32,89,92,16869,56808
2023-06-08 15:46:32,89,93,16869,56808
2023-06-08 15:46:32,89,92,16869,56808
2023-06-08 15:46:33,89,93,16869,56808
2023-06-08 15:46:33,89,92,16869,56808
2023-06-08 15:46:35,88,92,16869,56808
2023-06-08 15:46:35,90,92,16869,56808
2023-06-08 15:46:36,89,92,16869,56808
2023-06-08 15:46:44,89,91,16869,56808
2023-06-08 15:46:46,88,91,16859,56818
2023-06-08 15:46:48,88,92,16899,56858
2023-06-08 15:46:50,88,91,16899,56858
2023-06-08 15:46:52,88,90,16899,56858
2023-06-08 15:46:54,88,89,16899,56858
2023-06-08 15:46:54,87,89,16899,56898
2023-06-08 15:46:55,85,89,16899,56898
2023-06-08 15:46:58,85,90,16899,56898
2023-06-08 15:46:58,85,88,16899,56898
2023-06-08 15:46:58,85,89,16899,56898
2023-06-08 15:46:58,85,88,16899,56898
2023-06-08 15:46:59,86,88,16899,56898
2023-06-08 15:47:02,86,89,16934,56933
2023-06-08 15:47:05,85,89,16934,56933
2023-06-08 15:47:07,86,89,16934,56933
2023-06-08 15:47:08,86,90,16944,56943
2023-06-08 15:47:08,86,89,16944,56943
2023-06-08 15:47:08,86,90,16944,56943
2023-06-08 15:47:09,85,90,16944,56943
2023-06-08 15:47:09,87,90,16944,56943
2023-06-08 15:47:10,85,90,16944,56943
2023-06-08 15:47:10,86,90,16944,56943
2023-06-08 15:47:10,86,89,16944,56943
2023-06-08 15:47:14,85,89,16944,56943
2023-06-08 15:47:14,85,90,16949,56948
2023-06-08 15:47:15,86,90,16949,56948
2023-06-08 15:47:15,86,89,16949,56948
2023-06-08 15:47:15,86,88,16949,56948
2023-06-08 15:47:18,86,90,16949,56948
2023-06-08 15:47:18,85,90,16939,56958
2023-06-08 15:47:19,85,89,16939,56958
2023-06-08 15:47:20,85,90,16939,56958
2023-06-08 15:47:21,85,89,16939,56958
2023-06-08 15:47:21,85,89,16939,57058
2023-06-08 15:47:22,81,89,16900,57097
2023-06-08 15:47:22,85,89,16900,57097
2023-06-08 15:47:24,81,89,16890,57107
2023-06-08 15:47:24,80,89,16890,57107
2023-06-08 15:47:24,81,89,16890,57107
2023-06-08 15:47:24,81,90,16890,57107
2023-06-08 15:47:27,89,90,16890,57107
2023-06-08 15:47:27,80,89,16895,57112
2023-06-08 15:47:28,80,90,16895,57112
2023-06-08 15:47:29,80,91,16945,57162
2023-06-08 15:47:29,80,90,16945,57162
2023-06-08 15:47:29,85,90,16945,57162
2023-06-08 15:47:31,85,91,16945,57162
2023-06-08 15:47:31,85,90,16945,57162
2023-06-08 15:47:34,82,90,16945,57162
2023-06-08 15:47:34,84,90,16945,57162
2023-06-08 15:47:34,85,90,16945,57162
2023-06-08 15:47:38,85,91,16945,57162
2023-06-08 15:47:38,85,90,16945,57162
2023-06-08 15:47:38,90,91,16955,57172
2023-06-08 15:47:38,90,91,16965,57182
2023-06-08 15:47:39,85,91,16985,57202
2023-06-08 15:47:39,85,90,16985,57202
2023-06-08 15:47:42,85,89,16985,57202
2023-06-08 15:47:43,85,88,16985,57202
2023-06-08 15:47:48,84,88,16985,57202
2023-06-08 15:47:52,82,88,16985,57202
2023-06-08 15:47:52,85,88,16985,57202
2023-06-08 15:47:55,85,89,16985,57202
2023-06-08 15:47:58,82,89,16985,57202
2023-06-08 15:47:58,84,89,16985,57202
2023-06-08 15:47:58,84,90,16985,57252
2023-06-08 15:48:01,84,89,16985,57252
2023-06-08 15:48:02,84,90,17025,57292
2023-06-08 15:48:02,84,89,17025,57292
2023-06-08 15:48:05,82,89,17025,57292
2023-06-08 15:48:05,84,89,17025,57292
2023-06-08 15:48:05,85,89,17025,57292
2023-06-08 15:48:07,85,91,17025,57292
2023-06-08 15:48:07,85,90,17025,57292
2023-06-08 15:48:08,84,90,17025,57292
2023-06-08 15:48:08,86,90,17025,57292
2023-06-08 15:48:09,84,90,17025,57292
2023-06-08 15:48:10,87,90,17025,57292
2023-06-08 15:48:13,90,92,17035,57302
2023-06-08 15:48:14,90,92,17045,57312
2023-06-08 15:48:14,90,91,17045,57312
2023-06-08 15:48:14,87,91,17050,57317
2023-06-08 15:48:14,87,92,17050,57317
2023-06-08 15:48:14,87,91,17050,57322
2023-06-08 15:48:17,88,91,17050,57322
2023-06-08 15:48:19,87,91,17050,57322
2023-06-08 15:48:20,89,91,17050,57322
2023-06-08 15:48:21,88,91,17050,57322
2023-06-08 15:48:23,88,91,17050,57422
2023-06-08 15:48:25,87,91,17050,57422
2023-06-08 15:48:31,86,91,17050,57432
2023-06-08 15:48:32,86,90,17050,57432
2023-06-08 15:48:32,86,89,17050,57432
2023-06-08 15:48:34,81,89,17050,57432
2023-06-08 15:48:34,85,89,17050,57432
2023-06-08 15:48:40,81,89,17050,57432
2023-06-08 15:48:40,84,89,17050,57432
2023-06-08 15:48:40,81,89,17050,57432
2023-06-08 15:48:40,85,89,17050,57432
2023-06-08 15:48:41,85,88,17050,57432
2023-06-08 15:48:45,81,88,17050,57432
2023-06-08 15:48:45,86,88,17050,57432
2023-06-08 15:48:46,81,88,17050,57432
2023-06-08 15:48:46,85,88,17050,57432
2023-06-08 15:48:46,85,89,17050,57432
2023-06-08 15:48:46,85,88,17050,57432
2023-06-08 15:48:47,85,89,17050,57432
2023-06-08 15:48:47,85,88,17050,57432
2023-06-08 15:48:48,85,88,17071,57453
2023-06-08 15:48:52,80,88,17071,57453
2023-06-08 15:48:52,80,87,17071,57453
2023-06-08 15:48:52,83,87,17071,57453
2023-06-08 15:48:52,83,87,17072,57454
2023-06-08 15:48:53,83,88,17072,57454
2023-06-08 15:48:53,83,87,17072,57454
2023-06-08 15:48:53,80,87,17072,57454
2023-06-08 15:48:53,80,88,17072,57454
2023-06-08 15:48:53,84,88,17072,57454
2023-06-08 15:48:54,84,87,17072,57454
2023-06-08 15:49:00,79,87,17072,57454
2023-06-08 15:49:00,78,87,17072,57454
2023-06-08 15:49:00,83,87,17072,57454
2023-06-08 15:49:02,78,87,17072,57454
2023-06-08 15:49:02,78,86,17072,57454
2023-06-08 15:49:02,82,86,17072,57454
2023-06-08 15:49:03,78,86,17072,57454
2023-06-08 15:49:03,78,87,17072,57454
2023-06-08 15:49:05,79,87,17072,57454
2023-06-08 15:49:05,84,87,17072,57454
2023-06-08 15:49:08,79,87,17072,57454
2023-06-08 15:49:08,83,87,17072,57454
2023-06-08 15:49:14,78,87,17072,57454
2023-06-08 15:49:14,78,86,17072,57454
2023-06-08 15:49:14,82,86,17072,57454
2023-06-08 15:49:15,82,87,17072,57454
2023-06-08 15:49:15,82,86,17072,57454
2023-06-08 15:49:21,82,83,17072,57454
2023-06-08 15:49:21,82,84,17151,57533
2023-06-08 15:49:21,79,84,17141,57543
2023-06-08 15:49:22,79,85,17141,57543
2023-06-08 15:49:22,79,84,17141,57543
2023-06-08 15:49:22,80,84,17141,57543
2023-06-08 15:49:23,77,84,17141,57543
2023-06-08 15:49:23,79,84,17141,57543
2023-06-08 15:49:25,77,84,17141,57543
2023-06-08 15:49:25,80,84,17141,57543
2023-06-08 15:49:33,78,84,17141,57543
2023-06-08 15:49:33,82,84,17141,57543
2023-06-08 15:49:40,78,84,17141,57543
2023-06-08 15:49:40,77,84,17141,57543
2023-06-08 15:49:40,81,84,17141,57543
2023-06-08 15:49:41,78,84,17141,57543
2023-06-08 15:49:41,82,84,17141,57543
2023-06-08 15:49:43,78,84,17141,57543
2023-06-08 15:49:43,81,84,17141,57543
2023-06-08 15:49:44,78,84,17141,57543
2023-06-08 15:49:44,82,84,17141,57543
2023-06-08 15:49:45,78,84,17141,57543
2023-06-08 15:49:45,81,84,17141,57543
2023-06-08 15:49:47,79,84,17141,57543
2023-06-08 15:49:47,83,84,17141,57543
2023-06-08 15:49:49,79,84,17141,57543
2023-06-08 15:49:49,77,84,17141,57543
2023-06-08 15:49:50,81,84,17141,57543
2023-06-08 15:49:55,81,83,17141,57543
2023-06-08 15:49:55,76,83,17141,57543
2023-06-08 15:49:55,79,83,17141,57543
2023-06-08 15:49:58,76,83,17141,57543
2023-06-08 15:49:58,80,83,17141,57543
2023-06-08 15:50:00,77,83,17141,57543
2023-06-08 15:50:00,77,82,17141,57543
2023-06-08 15:50:00,73,82,17141,57543
2023-06-08 15:50:00,73,83,17141,57543
2023-06-08 15:50:02,73,81,17141,57543
2023-06-08 15:50:02,73,80,17141,57543
2023-06-08 15:50:02,73,78,17141,57543
2023-06-08 15:50:02,73,77,17141,57543
2023-06-08 15:50:04,71,77,17141,57561
2023-06-08 15:50:04,64,77,17141,57561
2023-06-08 15:50:04,65,77,17141,57561
2023-06-08 15:50:04,65,74,17141,57561
2023-06-08 15:50:04,73,74,17141,57561
2023-06-08 15:50:05,73,75,17141,57561
2023-06-08 15:50:05,73,76,17141,57561
2023-06-08 15:50:05,73,77,17141,57561
2023-06-08 15:50:05,73,88,17141,57561
2023-06-08 15:50:05,73,76,17141,57561
2023-06-08 15:50:05,73,88,17141,57561
2023-06-08 15:50:05,73,87,17141,57561
2023-06-08 15:50:06,73,78,17141,57561
2023-06-08 15:50:07,73,79,17141,57561
2023-06-08 15:50:07,73,90,17141,57561
2023-06-08 15:50:07,73,89,17141,57561
2023-06-08 15:50:07,73,75,17141,57561
2023-06-08 15:50:07,68,75,17131,57571
2023-06-08 15:50:08,68,90,17131,57571
2023-06-08 15:50:08,68,89,17131,57571
2023-06-08 15:50:08,72,89,17131,57571
2023-06-08 15:50:08,72,80,17131,57571
2023-06-08 15:50:08,72,79,17131,57571
2023-06-08 15:50:09,70,79,17131,57571
2023-06-08 15:50:09,70,80,17131,57571
2023-06-08 15:50:09,71,80,17131,57571
2023-06-08 15:50:09,75,80,17131,57571
2023-06-08 15:50:10,71,80,17131,57571
2023-06-08 15:50:10,69,80,17131,57571
2023-06-08 15:50:10,69,79,17131,57571
2023-06-08 15:50:10,74,79,17131,57571
2023-06-08 15:50:11,69,79,17131,57571
2023-06-08 15:50:11,67,79,17131,57571
2023-06-08 15:50:11,69,79,17131,57571
2023-06-08 15:50:11,69,77,17131,57571
2023-06-08 15:50:12,71,77,17131,57571
2023-06-08 15:50:12,71,76,17131,57571
2023-06-08 15:50:13,71,77,17131,57571
2023-06-08 15:50:15,71,75,17131,57571
2023-06-08 15:50:15,69,75,17131,57571
2023-06-08 15:50:15,70,75,17131,57571
2023-06-08 15:50:15,69,75,17131,57571
2023-06-08 15:50:17,69,74,17131,57571
2023-06-08 15:50:19,69,75,17131,57571
2023-06-08 15:50:20,69,76,17131,57571
2023-06-08 15:50:20,70,76,17131,57571
2023-06-08 15:50:21,70,77,17131,57571
2023-06-08 15:50:22,65,77,17131,57571
2023-06-08 15:50:22,71,77,17131,57571
2023-06-08 15:50:23,71,78,17131,57571
2023-06-08 15:50:23,71,77,17131,57571
2023-06-08 15:50:28,68,77,17131,57571
2023-06-08 15:50:28,72,77,17131,57571
2023-06-08 15:50:33,70,77,17131,57571
2023-06-08 15:50:33,73,77,17131,57571
2023-06-08 15:50:33,73,80,17131,57571
2023-06-08 15:50:34,73,79,17131,57571
2023-06-08 15:50:35,72,79,17131,57571
2023-06-08 15:50:35,75,79,17131,57571
2023-06-08 15:50:35,75,79,17131,57574
2023-06-08 15:50:35,75,82,17131,57574
2023-06-08 15:50:37,72,82,17131,57577
2023-06-08 15:50:37,72,83,17131,57577
2023-06-08 15:50:37,75,83,17131,57577
2023-06-08 15:50:37,75,82,17131,57577
2023-06-08 15:50:37,76,82,17131,57577
2023-06-08 15:50:40,78,82,17131,57577
2023-06-08 15:50:42,80,82,17131,57577
2023-06-08 15:50:43,81,82,17131,57577
2023-06-08 15:50:51,81,89,17134,57580
2023-06-08 15:50:51,81,88,17134,57580
2023-06-08 15:50:52,82,88,17134,57580
2023-06-08 15:50:54,77,88,17134,57580
2023-06-08 15:50:54,85,88,17134,57580
2023-06-08 15:50:54,85,89,17134,57580
2023-06-08 15:50:54,85,88,17134,57580
2023-06-08 15:51:03,86,88,17134,57580
2023-06-08 15:51:10,85,88,17134,57580
2023-06-08 15:51:10,87,88,17134,57580
2023-06-08 15:51:13,85,88,17134,57580
2023-06-08 15:51:14,86,88,17134,57580
2023-06-08 15:51:15,86,89,17137,57583
2023-06-08 15:51:17,82,89,17137,57583
2023-06-08 15:51:17,82,92,17140,57586
2023-06-08 15:51:18,76,92,17140,57586
2023-06-08 15:51:18,80,92,17140,57586
2023-06-08 15:51:18,80,91,17140,57586
2023-06-08 15:51:18,85,91,17140,57586
2023-06-08 15:51:18,85,90,17140,57586
2023-06-08 15:51:19,82,90,17140,57586
2023-06-08 15:51:20,82,89,17140,57586
2023-06-08 15:51:21,82,89,17140,57613
2023-06-08 15:51:21,82,90,17140,57613
2023-06-08 15:51:23,82,89,17140,57613
2023-06-08 15:51:26,82,90,17140,57613
2023-06-08 15:51:27,89,90,17140,57613
2023-06-08 15:51:29,82,90,17140,57653
2023-06-08 15:51:30,83,90,17140,57653
2023-06-08 15:51:31,82,90,17140,57653
2023-06-08 15:51:31,84,90,17140,57653
2023-06-08 15:51:36,85,90,17140,57653
2023-06-08 15:51:39,84,90,17140,57653
2023-06-08 15:51:39,86,90,17140,57653
2023-06-08 15:51:41,88,90,17140,57653
2023-06-08 15:51:41,88,90,17153,57811
2023-06-08 15:51:41,88,89,17153,57811
2023-06-08 15:51:41,88,90,17153,57811
2023-06-08 15:51:46,83,90,17153,57811
2023-06-08 15:51:46,89,90,17153,57811
2023-06-08 15:51:51,89,90,17142,57822
2023-06-08 15:51:54,89,90,17141,57823
2023-06-08 15:52:00,85,90,17141,57823
2023-06-08 15:52:00,90,96,17141,57826
2023-06-08 15:52:00,90,95,17141,57826
2023-06-08 15:52:00,85,95,17141,57826
2023-06-08 15:52:00,91,95,17141,57826
2023-06-08 15:52:00,91,95,17141,57854
2023-06-08 15:52:00,91,96,17141,57854
2023-06-08 15:52:01,91,96,17141,57854
2023-06-08 15:52:01,91,93,17141,57854
2023-06-08 15:52:01,85,93,17141,57854
2023-06-08 15:52:01,92,93,17141,57854
2023-06-08 15:52:01,92,93,17141,57884
2023-06-08 15:52:01,92,96,17141,57884
2023-06-08 15:52:01,92,95,17141,57884
2023-06-08 15:52:01,92,95,17141,57914
2023-06-08 15:52:02,85,95,17141,57914
2023-06-08 15:52:02,91,95,17141,57914
2023-06-08 15:52:06,91,96,17141,57914
2023-06-08 15:52:06,91,95,17141,57914
2023-06-08 15:52:08,85,95,17141,57914
2023-06-08 15:52:08,92,95,17141,57914
2023-06-08 15:52:09,92,95,17166,57939
2023-06-08 15:52:10,85,95,17166,57939
2023-06-08 15:52:10,91,95,17166,57939
2023-06-08 15:52:12,84,95,17166,57939
2023-06-08 15:52:12,83,95,17166,57939
2023-06-08 15:52:12,89,95,17166,57939
2023-06-08 15:52:13,83,95,17166,57939
2023-06-08 15:52:13,84,95,17166,57939
2023-06-08 15:52:13,90,95,17166,57939
2023-06-08 15:52:18,83,95,17166,57939
2023-06-08 15:52:18,83,94,17166,57939
2023-06-08 15:52:18,89,94,17166,57939
2023-06-08 15:52:19,83,94,17166,57939
2023-06-08 15:52:19,90,94,17166,57939
2023-06-08 15:52:21,83,94,17166,57939
2023-06-08 15:52:21,89,94,17166,57939
2023-06-08 15:52:25,83,94,17166,57939
2023-06-08 15:52:25,90,94,17166,57939
2023-06-08 15:52:28,83,94,17166,57939
2023-06-08 15:52:28,82,94,17166,57939
2023-06-08 15:52:28,88,94,17166,57939
2023-06-08 15:52:35,81,94,17166,57939
2023-06-08 15:52:35,87,94,17166,57939
2023-06-08 15:52:36,81,94,17166,57939
2023-06-08 15:52:36,88,94,17166,57939
2023-06-08 15:52:37,81,94,17166,57939
2023-06-08 15:52:37,80,94,17166,57939
2023-06-08 15:52:37,87,94,17166,57939
2023-06-08 15:52:38,87,93,17166,57939
2023-06-08 15:52:39,81,93,17166,57939
2023-06-08 15:52:39,81,94,17166,57939
2023-06-08 15:52:39,88,94,17166,57939
2023-06-08 15:52:39,88,93,17166,57939
2023-06-08 15:52:39,88,94,17166,57939
2023-06-08 15:52:45,82,94,17166,57939
2023-06-08 15:52:45,89,94,17166,57939
2023-06-08 15:52:49,89,95,17179,57952
2023-06-08 15:52:52,84,95,17179,57952
2023-06-08 15:52:52,90,95,17179,57952
2023-06-08 15:52:55,84,95,17179,57952
2023-06-08 15:52:55,91,95,17179,57952
2023-06-08 15:52:58,84,95,17179,57952
2023-06-08 15:52:58,90,95,17179,57952
2023-06-08 15:53:00,83,95,17179,57952
2023-06-08 15:53:00,82,95,17179,57952
2023-06-08 15:53:00,89,95,17179,57952
2023-06-08 15:53:09,90,95,17179,57952
2023-06-08 15:53:10,89,95,17179,57952
2023-06-08 15:53:32,89,96,17182,57955
2023-06-08 15:53:35,89,95,17182,57955
2023-06-08 15:53:36,89,96,17182,57955
2023-06-08 15:53:37,90,96,17182,57955
2023-06-08 15:53:40,89,96,17182,57955
2023-06-08 15:53:42,89,97,17225,57998
2023-06-08 15:53:42,89,96,17225,57998
2023-06-08 15:53:43,89,96,17268,58041
2023-06-08 15:53:45,89,95,17268,58041
2023-06-08 15:53:47,89,96,17268,58041
2023-06-08 15:53:48,89,95,17268,58041
2023-06-08 15:53:49,89,96,17308,58081
2023-06-08 15:53:50,89,94,17308,58081
2023-06-08 15:53:54,89,95,17308,58081
2023-06-08 15:54:01,90,95,17308,58081
2023-06-08 15:54:03,90,96,17308,58081
2023-06-08 15:54:03,90,95,17308,58081
2023-06-08 15:54:03,90,96,17308,58081
2023-06-08 15:54:04,90,97,17308,58081
2023-06-08 15:54:04,90,96,17308,58081
2023-06-08 15:54:05,91,96,17308,58081
2023-06-08 15:54:06,91,99,17410,58183
2023-06-08 15:54:06,91,97,17410,58183
2023-06-08 15:54:06,91,99,17410,58183
2023-06-08 15:54:09,90,98,17410,58183
2023-06-08 15:54:09,92,98,17410,58183
2023-06-08 15:54:10,90,98,17410,58183
2023-06-08 15:54:10,91,98,17410,58183
2023-06-08 15:54:13,95,98,17410,58183
2023-06-08 15:54:21,95,98,17438,58211
2023-06-08 15:54:26,95,98,17438,58231
2023-06-08 15:54:26,95,100,17438,58231
2023-06-08 15:54:26,95,98,17438,58231
2023-06-08 15:54:26,95,99,17438,58231
2023-06-08 15:54:26,95,97,17438,58231
2023-06-08 15:54:27,95,100,17438,58231
2023-06-08 15:54:27,95,99,17438,58231
2023-06-08 15:54:27,95,100,17438,58231
2023-06-08 15:54:31,95,99,17438,58231
2023-06-08 15:54:32,95,100,17438,58231
2023-06-08 15:54:32,95,99,17438,58231
2023-06-08 15:54:40,95,96,17438,58231
2023-06-08 15:54:40,95,96,17438,58461
2023-06-08 15:54:40,95,96,17438,58478
2023-06-08 15:54:41,95,96,17433,58483
2023-06-08 15:54:41,95,96,17333,58583
2023-06-08 15:54:44,96,97,17373,58623
2023-06-08 15:54:48,97,98,17373,58628
2023-06-08 15:54:52,96,98,17373,58713
2023-06-08 15:55:00,97,98,17373,58713
2023-06-08 15:55:02,96,98,17373,58713
2023-06-08 15:55:02,98,99,17373,58715
2023-06-08 15:55:07,96,99,17373,58715
2023-06-08 15:55:07,96,98,17373,58715
2023-06-08 15:55:07,96,98,17373,58895
2023-06-08 15:55:07,99,100,17373,58940
2023-06-08 15:55:07,96,100,17373,58940
2023-06-08 15:55:07,97,100,17373,58940
2023-06-08 15:55:07,98,100,17373,58940
2023-06-08 15:55:08,96,100,17373,58940
2023-06-08 15:55:11,95,100,17373,58940
2023-06-08 15:56:37,90,100,17373,58940
2023-06-08 15:56:50,91,100,17373,58940
2023-06-08 15:56:59,91,99,17373,58940
2023-06-08 15:57:00,91,92,17373,58940
2023-06-08 15:57:01,91,93,17373,58940
2023-06-08 15:57:01,91,94,17373,58940
2023-06-08 15:57:01,91,95,17373,58940
2023-06-08 15:57:01,91,97,17373,58940
2023-06-08 15:57:01,91,94,17373,58940
2023-06-08 15:57:01,91,97,17373,58940
2023-06-08 15:57:01,91,96,17373,58940
2023-06-08 15:57:01,91,98,17373,58940
2023-06-08 15:57:01,91,96,17373,58940
2023-06-08 15:57:01,91,97,17373,58940
2023-06-08 15:57:01,91,98,17373,58940
2023-06-08 15:57:02,91,98,17373,58940
2023-06-08 15:57:02,91,97,17373,58940
2023-06-08 15:57:02,92,97,17373,58940
2023-06-08 15:57:02,93,97,17373,58940
2023-06-08 15:57:02,94,97,17373,58940
2023-06-08 15:57:02,93,97,17373,58980
2023-06-08 15:57:05,93,100,17373,58980
2023-06-08 15:57:05,94,100,17373,58980
2023-06-08 15:57:05,95,100,17373,58980
2023-06-08 15:57:05,95,99,17373,58980
2023-06-08 15:57:05,95,98,17373,58980
2023-06-08 15:57:07,95,100,17373,58980
2023-06-08 15:57:07,94,100,17373,58980
2023-06-08 15:57:07,94,99,17373,58980
2023-06-08 15:57:07,94,97,17373,58980
2023-06-08 15:57:09,93,97,17373,58980
2023-06-08 15:57:10,94,97,17373,58980
2023-06-08 15:57:10,94,97,17382,58989
2023-06-08 15:57:12,94,98,17382,58989
2023-06-08 15:57:12,93,98,17382,58989
2023-06-08 15:57:12,93,96,17382,58989
2023-06-08 15:57:14,94,96,17382,58989
2023-06-08 15:57:14,94,98,17382,58989
2023-06-08 15:57:14,94,97,17382,58989
2023-06-08 15:57:15,94,98,17382,58989
2023-06-08 15:57:18,93,98,17382,58989
2023-06-08 15:57:18,93,96,17382,58989
2023-06-08 15:57:19,93,98,17382,58989
2023-06-08 15:57:19,92,98,17382,58989
2023-06-08 15:57:19,92,97,17382,58989
2023-06-08 15:57:19,92,95,17382,58989
2023-06-08 15:57:19,93,95,17382,58989
2023-06-08 15:57:24,93,98,17382,58989
2023-06-08 15:57:24,93,96,17382,58989
2023-06-08 15:57:25,95,96,17382,58989
2023-06-08 15:57:29,95,98,17413,59020
2023-06-08 15:57:30,95,100,17413,59020
2023-06-08 15:57:30,95,99,17413,59020
2023-06-08 15:57:30,95,96,17413,59020
2023-06-08 15:57:37,95,100,17415,59022
2023-06-08 15:57:38,95,99,17415,59022
2023-06-08 15:57:39,95,100,17415,59022
2023-06-08 15:57:40,96,100,17415,59022
2023-06-08 15:57:53,96,99,17415,59022
2023-06-08 15:57:54,96,100,17415,59022
2023-06-08 15:57:55,96,99,17415,59022
2023-06-08 15:57:59,96,100,17417,59024
2023-06-08 15:57:59,99,100,17417,59024
2023-06-08 15:58:06,99,100,17427,59034
2023-06-08 15:58:37,95,99,17427,59044
2023-06-08 15:58:50,96,99,17427,59044
2023-06-08 15:59:00,96,99,17427,59062
2023-06-08 15:59:02,97,99,17427,59062
2023-06-08 15:59:17,97,100,17429,59136
2023-06-08 15:59:18,95,100,17429,59136
2023-06-08 15:59:33,99,100,17429,59136
2023-06-08 15:59:43,95,99,17454,59161
2023-06-08 15:59:44,90,99,17454,59161
2023-06-08 15:59:47,90,100,17929,59636
2023-06-08 15:59:50,92,100,17929,59636
2023-06-08 15:59:59,99,100,17929,59636
