datetime,bid,ask,open_interest,volume
2023-06-08 09:30:11,26,32,2848,4988
2023-06-08 09:30:23,22,26,2898,5088
2023-06-08 09:30:23,22,32,2898,5088
2023-06-08 09:30:24,18,22,2998,5188
2023-06-08 09:30:24,18,32,2998,5188
2023-06-08 09:30:28,20,32,2998,5188
2023-06-08 09:30:40,26,32,2998,5188
2023-06-08 09:31:03,29,32,2998,5188
2023-06-08 09:31:03,31,32,2998,5188
2023-06-08 09:31:03,32,33,2998,5248
2023-06-08 09:31:03,31,33,2998,5248
2023-06-08 09:31:07,30,33,2998,5248
2023-06-08 09:31:07,31,33,2998,5248
2023-06-08 09:31:21,31,34,2998,5248
2023-06-08 09:32:07,31,33,2998,5248
2023-06-08 09:32:08,31,34,2998,5248
2023-06-08 09:32:11,31,33,2998,5248
2023-06-08 09:32:43,31,34,2998,5248
2023-06-08 09:32:46,31,33,2998,5248
2023-06-08 09:33:14,32,33,2998,5248
2023-06-08 09:34:23,31,33,2998,5248
2023-06-08 09:34:33,31,32,2998,5248
2023-06-08 09:35:15,31,33,2998,5248
2023-06-08 09:35:15,31,32,2998,5248
2023-06-08 09:35:20,30,32,2998,5248
2023-06-08 09:35:38,30,33,2998,5248
2023-06-08 09:35:38,31,33,2998,5248
2023-06-08 09:36:11,32,33,2998,5248
2023-06-08 09:36:39,32,33,2998,5328
2023-06-08 09:36:47,31,33,2998,5328
2023-06-08 09:36:47,30,33,2998,5328
2023-06-08 09:36:51,32,33,2998,5328
2023-06-08 09:37:29,32,34,2998,5328
2023-06-08 09:38:01,31,34,2998,5328
2023-06-08 09:38:53,32,34,2998,5328
2023-06-08 09:39:41,33,34,2998,5328
2023-06-08 09:42:14,33,34,2998,5378
2023-06-08 09:42:16,33,34,3098,5578
2023-06-08 09:45:02,33,35,3098,5578
2023-06-08 09:45:48,33,35,3098,5608
2023-06-08 09:46:46,33,35,3158,5758
2023-06-08 09:46:46,33,34,3158,5758
2023-06-08 09:47:27,33,34,3098,5958
2023-06-08 09:47:40,33,35,3098,5958
2023-06-08 09:48:41,34,35,3098,5958
2023-06-08 09:51:43,34,35,3098,6058
2023-06-08 09:54:35,34,35,3158,6258
2023-06-08 09:56:04,34,36,3158,6258
2023-06-08 09:56:36,35,36,3158,6258
2023-06-08 10:00:23,35,37,3158,6258
2023-06-08 10:00:39,36,37,3158,6258
2023-06-08 10:03:21,36,38,3158,6258
2023-06-08 10:03:49,36,38,3158,6408
2023-06-08 10:03:49,37,38,3158,6408
2023-06-08 10:03:51,36,38,3158,6408
2023-06-08 10:04:35,36,37,3158,6408
2023-06-08 10:05:32,35,36,3098,6528
2023-06-08 10:05:32,35,37,3098,6528
2023-06-08 10:05:33,35,36,3098,6528
2023-06-08 10:05:49,35,36,3098,6728
2023-06-08 10:05:50,35,36,3158,6928
2023-06-08 10:06:04,34,36,3158,6928
2023-06-08 10:06:10,34,35,3158,6928
2023-06-08 10:06:11,34,35,3158,7128
2023-06-08 10:06:12,33,34,3188,7158
2023-06-08 10:06:12,33,35,3188,7158
2023-06-08 10:06:18,33,35,3188,7358
2023-06-08 10:07:05,34,35,3188,7358
2023-06-08 10:15:58,33,34,3218,7388
2023-06-08 10:15:58,33,35,3218,7388
2023-06-08 10:16:54,34,35,3218,7388
2023-06-08 10:17:56,33,35,3218,7388
2023-06-08 10:17:58,34,35,3218,7388
2023-06-08 10:18:21,33,35,3218,7388
2023-06-08 10:18:31,34,35,3218,7388
2023-06-08 10:18:33,33,35,3218,7388
2023-06-08 10:18:33,34,35,3218,7388
2023-06-08 10:18:47,34,35,3278,7588
2023-06-08 10:18:51,34,36,3278,7588
2023-06-08 10:18:54,35,36,3278,7588
2023-06-08 10:20:09,35,36,3278,7663
2023-06-08 10:22:13,35,37,3173,7813
2023-06-08 10:22:14,37,38,3098,7938
2023-06-08 10:23:15,35,38,3098,7938
2023-06-08 10:23:15,37,38,3098,7938
2023-06-08 10:23:23,35,37,3120,8088
2023-06-08 10:23:23,35,38,3120,8088
2023-06-08 10:23:36,35,37,3120,8088
2023-06-08 10:23:59,35,36,3120,8088
2023-06-08 10:24:19,35,37,3120,8088
2023-06-08 10:25:57,36,37,3120,8088
2023-06-08 10:26:11,35,36,3270,8268
2023-06-08 10:26:11,35,37,3270,8268
2023-06-08 10:26:11,35,36,3270,8268
2023-06-08 10:26:32,34,35,3270,8388
2023-06-08 10:26:32,34,36,3270,8388
2023-06-08 10:27:00,35,36,3270,8388
2023-06-08 10:27:07,36,38,3300,8418
2023-06-08 10:27:15,37,38,3300,8418
2023-06-08 10:27:51,36,38,3300,8418
2023-06-08 10:28:29,35,38,3300,8418
2023-06-08 10:28:29,36,38,3300,8418
2023-06-08 10:29:00,36,37,3300,8418
2023-06-08 10:29:07,36,38,3300,8418
2023-06-08 10:29:31,35,37,3300,8418
2023-06-08 10:29:31,36,37,3300,8418
2023-06-08 10:29:49,34,36,3375,8493
2023-06-08 10:29:49,34,37,3375,8493
2023-06-08 10:29:56,35,37,3375,8493
2023-06-08 10:30:02,34,37,3375,8493
2023-06-08 10:30:12,35,37,3375,8493
2023-06-08 10:31:35,35,36,3375,8493
2023-06-08 10:31:57,34,35,3450,8598
2023-06-08 10:31:57,34,36,3450,8598
2023-06-08 10:32:13,34,35,3450,8598
2023-06-08 10:32:14,33,34,3510,8658
2023-06-08 10:32:14,33,35,3510,8658
2023-06-08 10:32:32,34,35,3510,8658
2023-06-08 10:32:33,33,35,3690,8858
2023-06-08 10:32:38,34,35,3690,8858
2023-06-08 10:33:46,35,36,3690,8918
2023-06-08 10:34:32,36,38,3750,9053
2023-06-08 10:34:32,35,38,3815,9118
2023-06-08 10:34:32,35,37,3815,9118
2023-06-08 10:34:34,35,38,3815,9118
2023-06-08 10:34:34,35,37,3815,9118
2023-06-08 10:34:36,36,37,3815,9118
2023-06-08 10:34:36,36,38,3815,9118
2023-06-08 10:34:36,36,37,3815,9118
2023-06-08 10:34:36,36,37,3845,9148
2023-06-08 10:34:37,36,37,3875,9178
2023-06-08 10:35:04,35,36,3875,9343
2023-06-08 10:35:05,35,37,3875,9343
2023-06-08 10:35:06,35,36,3875,9343
2023-06-08 10:36:08,34,35,3815,9403
2023-06-08 10:36:09,35,36,3815,9418
2023-06-08 10:36:18,35,36,3835,9438
2023-06-08 10:36:18,35,36,3855,9458
2023-06-08 10:37:33,36,37,3885,9488
2023-06-08 10:38:41,37,38,3915,9518
2023-06-08 10:39:05,38,39,3945,9548
2023-06-08 10:39:35,37,39,3945,9548
2023-06-08 10:40:14,37,38,3945,9548
2023-06-08 10:41:02,36,37,3915,9578
2023-06-08 10:42:24,35,36,3855,9713
2023-06-08 10:42:25,35,37,3855,9713
2023-06-08 10:42:26,35,36,3855,9713
2023-06-08 10:42:30,34,35,3855,9773
2023-06-08 10:43:29,34,35,3855,9848
2023-06-08 10:43:32,34,35,3940,9933
2023-06-08 10:43:38,34,35,3940,10033
2023-06-08 10:43:40,33,35,3940,10088
2023-06-08 10:43:41,33,34,3940,10088
2023-06-08 10:43:49,31,34,3940,10088
2023-06-08 10:43:49,31,33,3940,10088
2023-06-08 10:44:02,32,33,3940,10088
2023-06-08 10:44:10,31,33,3940,10088
2023-06-08 10:44:29,32,33,3940,10088
2023-06-08 10:44:34,31,33,3940,10088
2023-06-08 10:44:35,32,33,3940,10088
2023-06-08 10:44:36,31,33,3940,10088
2023-06-08 10:44:38,32,33,3940,10088
2023-06-08 10:44:42,31,33,3940,10088
2023-06-08 10:44:45,32,33,3940,10088
2023-06-08 10:44:47,31,33,3940,10088
2023-06-08 10:44:49,32,33,3940,10088
2023-06-08 10:45:11,31,32,4015,10163
2023-06-08 10:45:24,30,31,4415,10563
2023-06-08 10:45:29,30,31,4515,10663
2023-06-08 10:45:31,30,31,4615,10763
2023-06-08 10:45:33,30,31,4715,10863
2023-06-08 10:45:34,30,31,4815,10963
2023-06-08 10:46:14,29,30,5365,11513
2023-06-08 10:46:28,28,30,5365,11513
2023-06-08 10:47:00,28,29,5365,11513
2023-06-08 10:47:01,28,30,5365,11513
2023-06-08 10:48:02,28,29,5365,11513
2023-06-08 10:48:04,28,29,5465,11613
2023-06-08 10:48:07,28,29,5565,11713
2023-06-08 10:48:09,28,29,5665,11813
2023-06-08 10:48:11,28,29,5765,11913
2023-06-08 10:48:12,28,29,5865,12013
2023-06-08 10:48:14,28,29,5940,12113
2023-06-08 10:48:17,28,30,5940,12208
2023-06-08 10:48:17,29,30,5940,12208
2023-06-08 10:48:24,29,30,6040,12308
2023-06-08 10:48:26,29,30,6140,12408
2023-06-08 10:48:33,28,30,6140,12408
2023-06-08 10:48:40,29,30,6140,12408
2023-06-08 10:48:49,28,29,6340,12608
2023-06-08 10:48:50,28,29,6440,12708
2023-06-08 10:48:52,28,29,6540,12808
2023-06-08 10:48:54,28,29,6640,12908
2023-06-08 10:48:56,28,29,6740,13008
2023-06-08 10:48:57,28,29,6840,13108
2023-06-08 10:49:02,27,29,6840,13108
2023-06-08 10:49:39,27,28,6840,13108
2023-06-08 10:49:40,27,28,6940,13208
2023-06-08 10:49:41,27,28,7140,13408
2023-06-08 10:49:43,27,28,7240,13508
2023-06-08 10:49:45,27,28,7340,13608
2023-06-08 10:49:46,27,28,7440,13708
2023-06-08 10:49:48,27,28,7540,13808
2023-06-08 10:49:49,27,28,7740,14008
2023-06-08 10:49:50,27,28,7840,14108
2023-06-08 10:49:52,27,28,7940,14208
2023-06-08 10:49:54,27,29,7940,14238
2023-06-08 10:49:56,27,30,7970,14268
2023-06-08 10:50:05,28,30,7970,14268
2023-06-08 10:50:13,27,30,7970,14268
2023-06-08 10:50:15,27,29,7970,14268
2023-06-08 10:50:33,27,28,7970,14268
2023-06-08 10:50:35,27,28,8070,14368
2023-06-08 10:50:37,27,28,8170,14468
2023-06-08 10:50:39,27,28,8270,14568
2023-06-08 10:50:41,27,28,8370,14668
2023-06-08 10:50:43,27,28,8470,14768
2023-06-08 10:50:46,27,28,8570,14868
2023-06-08 10:50:48,27,28,8670,14968
2023-06-08 10:50:49,27,28,8770,15068
2023-06-08 10:50:52,27,28,8870,15168
2023-06-08 10:50:55,27,28,9620,15918
2023-06-08 10:50:55,27,30,10030,16368
2023-06-08 10:50:56,27,29,10030,16368
2023-06-08 10:50:56,27,30,10120,16818
2023-06-08 10:50:56,28,30,10120,16818
2023-06-08 10:51:08,28,29,10120,16818
2023-06-08 10:51:57,29,30,10150,16848
2023-06-08 10:52:24,28,29,10150,16938
2023-06-08 10:53:26,27,29,10150,17028
2023-06-08 10:53:26,28,29,10150,17028
2023-06-08 10:53:41,28,29,10190,17068
2023-06-08 10:53:43,27,28,10285,17193
2023-06-08 10:54:11,27,28,10455,17363
2023-06-08 10:54:14,27,28,10605,17513
2023-06-08 10:54:41,27,28,10650,17558
2023-06-08 10:54:57,26,27,10890,17798
2023-06-08 10:55:27,25,26,11090,17998
2023-06-08 10:55:28,25,26,11190,18098
2023-06-08 10:55:30,25,26,11290,18198
2023-06-08 10:55:32,25,26,11390,18298
2023-06-08 10:55:37,25,26,11490,18398
2023-06-08 10:55:43,25,26,11715,18623
2023-06-08 10:55:53,24,26,11715,18623
2023-06-08 10:56:05,24,25,11715,18623
2023-06-08 10:56:07,24,25,11815,18723
2023-06-08 10:56:09,24,25,11915,18823
2023-06-08 10:56:11,24,25,12015,18923
2023-06-08 10:56:13,24,25,12115,19023
2023-06-08 10:56:15,24,25,12115,19123
2023-06-08 10:56:46,23,24,12475,19483
2023-06-08 10:56:47,23,24,12575,19583
2023-06-08 10:56:49,23,24,12675,19683
2023-06-08 10:56:52,23,24,12775,19783
2023-06-08 10:56:54,23,24,12875,19883
2023-06-08 10:56:56,23,24,12975,19983
2023-06-08 10:56:58,23,24,13075,20083
2023-06-08 10:57:00,23,24,13175,20183
2023-06-08 10:57:02,23,24,13275,20283
2023-06-08 10:57:04,23,24,13375,20383
2023-06-08 10:57:05,23,24,13475,20483
2023-06-08 10:57:08,23,24,13575,20583
2023-06-08 10:57:10,23,24,13675,20683
2023-06-08 10:57:12,23,24,13775,20783
2023-06-08 10:57:13,22,24,13775,20783
2023-06-08 10:59:04,22,23,13775,20783
2023-06-08 10:59:05,21,23,13775,20783
2023-06-08 10:59:10,21,22,13775,20783
2023-06-08 10:59:12,21,22,13775,20883
2023-06-08 10:59:14,21,23,13775,20963
2023-06-08 10:59:19,22,23,13775,20963
2023-06-08 10:59:20,22,24,13775,20963
2023-06-08 10:59:20,22,23,13775,20963
2023-06-08 10:59:26,22,24,13805,20993
2023-06-08 10:59:49,22,23,13805,20993
2023-06-08 10:59:52,22,23,13905,21093
2023-06-08 10:59:54,22,23,14005,21193
2023-06-08 10:59:56,22,23,14105,21293
2023-06-08 10:59:58,22,24,14145,21333
2023-06-08 10:59:59,22,23,14145,21333
2023-06-08 11:00:00,22,24,14175,21363
2023-06-08 11:00:05,22,23,14175,21363
2023-06-08 11:00:08,22,24,14175,21363
2023-06-08 11:00:59,22,23,14175,21363
2023-06-08 11:01:43,21,23,14175,21423
2023-06-08 11:01:44,21,22,14310,21558
2023-06-08 11:02:17,20,21,14310,21648
2023-06-08 11:02:18,20,22,14310,21648
2023-06-08 11:02:44,20,21,14310,21648
2023-06-08 11:02:59,19,20,14310,21678
2023-06-08 11:03:01,18,20,14310,21678
2023-06-08 11:03:11,19,20,14310,21678
2023-06-08 11:03:17,18,20,14310,21678
2023-06-08 11:03:26,18,19,14310,21678
2023-06-08 11:03:31,18,20,14310,21678
2023-06-08 11:03:36,18,19,14310,21678
2023-06-08 11:03:48,17,19,14310,21678
2023-06-08 11:03:56,18,19,14310,21678
2023-06-08 11:04:06,17,19,14310,21678
2023-06-08 11:04:36,16,19,14310,21678
2023-06-08 11:04:48,17,19,14310,21678
2023-06-08 11:05:53,17,18,14310,21678
2023-06-08 11:05:53,16,18,14310,21678
2023-06-08 11:07:02,17,18,14310,21678
2023-06-08 11:07:07,18,19,14190,21798
2023-06-08 11:07:07,17,19,14190,21798
2023-06-08 11:07:24,18,19,14190,21798
2023-06-08 11:07:46,18,19,14265,21873
2023-06-08 11:08:14,17,19,14265,21948
2023-06-08 11:08:42,17,18,14265,21948
2023-06-08 11:08:47,17,18,14265,22148
2023-06-08 11:08:48,15,18,14265,22148
2023-06-08 11:08:49,16,18,14265,22148
2023-06-08 11:08:49,16,17,14265,22148
2023-06-08 11:08:53,16,18,14265,22148
2023-06-08 11:09:30,16,17,14265,22148
2023-06-08 11:09:44,15,16,14265,22178
2023-06-08 11:10:15,15,16,14265,22378
2023-06-08 11:10:19,15,16,14285,22398
2023-06-08 11:10:21,15,16,14285,22598
2023-06-08 11:11:38,16,17,14165,22718
2023-06-08 11:11:38,15,17,14165,22718
2023-06-08 11:12:17,16,17,14165,22718
2023-06-08 11:12:46,17,18,14150,22838
2023-06-08 11:12:46,16,18,14150,22838
2023-06-08 11:12:48,17,18,14150,22838
2023-06-08 11:14:05,18,19,14180,22868
2023-06-08 11:14:10,18,21,14180,22868
2023-06-08 11:14:10,18,20,14180,22868
2023-06-08 11:14:10,18,19,14180,22868
2023-06-08 11:15:26,16,19,14180,22868
2023-06-08 11:15:27,16,18,14180,22868
2023-06-08 11:15:48,16,20,14211,23384
2023-06-08 11:15:48,17,20,14211,23384
2023-06-08 11:15:48,18,20,14211,23384
2023-06-08 11:16:11,19,20,14211,23384
2023-06-08 11:18:19,19,20,14211,23385
2023-06-08 11:18:54,20,21,14240,23414
2023-06-08 11:19:59,19,21,14240,23414
2023-06-08 11:20:09,19,21,14340,23514
2023-06-08 11:20:12,19,20,14340,23514
2023-06-08 11:20:28,17,20,14340,23514
2023-06-08 11:20:28,17,19,14340,23514
2023-06-08 11:20:29,17,18,14340,23514
2023-06-08 11:20:43,17,18,14290,23564
2023-06-08 11:21:34,16,17,14200,23654
2023-06-08 11:22:03,16,18,14200,23654
2023-06-08 11:22:10,16,17,14200,23654
2023-06-08 11:22:36,16,18,14200,23654
2023-06-08 11:22:58,16,17,14200,23654
2023-06-08 11:23:36,16,18,14200,23654
2023-06-08 11:23:51,16,17,14200,23654
2023-06-08 11:24:08,16,18,14200,23654
2023-06-08 11:24:21,16,17,14200,23654
2023-06-08 11:25:36,16,18,14200,23654
2023-06-08 11:25:44,16,17,14200,23654
2023-06-08 11:25:48,16,18,14200,23654
2023-06-08 11:26:12,16,17,14200,23654
2023-06-08 11:26:59,16,18,14200,23654
2023-06-08 11:27:15,17,18,14200,23654
2023-06-08 11:27:21,16,18,14200,23654
2023-06-08 11:27:30,16,17,14200,23654
2023-06-08 11:28:08,16,18,14200,23654
2023-06-08 11:28:10,17,18,14200,23654
2023-06-08 11:28:22,16,18,14200,23654
2023-06-08 11:28:59,16,17,14200,23654
2023-06-08 11:29:42,15,16,14095,23774
2023-06-08 11:29:56,14,16,14295,23974
2023-06-08 11:29:57,14,15,14295,23974
2023-06-08 11:30:02,13,15,14295,23974
2023-06-08 11:30:03,14,15,14295,23974
2023-06-08 11:30:10,13,15,14310,23989
2023-06-08 11:30:30,12,15,14660,24339
2023-06-08 11:30:32,13,15,14660,24339
2023-06-08 11:30:35,12,15,14860,24539
2023-06-08 11:30:38,13,15,14860,24539
2023-06-08 11:30:41,14,15,14860,24539
2023-06-08 11:31:10,13,15,14860,24539
2023-06-08 11:31:19,13,16,14860,24859
2023-06-08 11:31:39,14,16,14860,24859
2023-06-08 11:31:47,13,16,14860,24859
2023-06-08 11:31:56,14,16,14860,24859
2023-06-08 11:32:02,13,16,14860,24859
2023-06-08 11:32:03,13,15,14860,24859
2023-06-08 11:33:05,14,15,14860,24859
2023-06-08 11:33:14,13,15,14860,24859
2023-06-08 11:33:35,14,15,14860,24859
2023-06-08 11:36:12,13,15,15013,25012
2023-06-08 11:36:37,13,14,15013,25012
2023-06-08 11:38:34,14,15,14983,25042
2023-06-08 11:38:34,13,15,14983,25042
2023-06-08 11:39:49,13,15,15013,25342
2023-06-08 11:39:49,14,15,15013,25342
2023-06-08 11:39:49,14,16,15013,25342
2023-06-08 11:40:46,16,17,15043,25372
2023-06-08 11:41:04,14,16,15043,25567
2023-06-08 11:41:05,14,17,15043,25567
2023-06-08 11:41:18,14,16,15043,25567
2023-06-08 11:41:21,14,17,15043,25567
2023-06-08 11:41:58,14,16,15043,25567
2023-06-08 11:42:12,14,17,15043,25567
2023-06-08 11:42:20,14,16,15043,25567
2023-06-08 11:42:24,15,16,15043,25567
2023-06-08 11:43:03,14,16,15043,25627
2023-06-08 11:43:07,14,15,15043,25627
2023-06-08 11:43:32,13,14,15043,25747
2023-06-08 11:43:34,13,15,15043,25747
2023-06-08 11:45:06,14,15,15043,25747
2023-06-08 11:45:31,13,14,15043,25772
2023-06-08 11:45:37,13,14,15043,25972
2023-06-08 11:45:37,12,13,15203,26132
2023-06-08 11:46:54,12,13,15213,26142
2023-06-08 11:47:53,12,13,15363,26292
2023-06-08 11:48:21,12,14,15363,26412
2023-06-08 11:48:28,12,14,15368,26417
2023-06-08 11:48:54,13,14,15368,26417
2023-06-08 11:49:12,12,14,15368,26417
2023-06-08 11:49:29,13,14,15368,26417
2023-06-08 11:50:45,12,14,15368,26417
2023-06-08 11:50:45,13,14,15368,26417
2023-06-08 11:50:45,13,14,15893,26942
2023-06-08 11:51:04,12,14,15893,26942
2023-06-08 11:51:05,13,14,15893,26942
2023-06-08 11:51:23,12,14,15893,26942
2023-06-08 11:51:34,12,13,15893,26942
2023-06-08 11:51:36,12,13,15923,26972
2023-06-08 11:51:57,11,12,15923,27122
2023-06-08 11:53:34,10,11,15923,27177
2023-06-08 11:53:35,10,12,15923,27177
2023-06-08 11:53:53,10,11,15923,27177
2023-06-08 11:54:02,9,10,16333,27587
2023-06-08 11:55:33,8,9,16333,27617
2023-06-08 11:56:08,7,9,16363,27647
2023-06-08 11:56:26,6,7,16363,27877
2023-06-08 11:56:27,7,8,16323,27917
2023-06-08 11:56:27,6,8,16323,27917
2023-06-08 11:56:43,7,8,16323,27917
2023-06-08 11:56:56,8,9,16233,28007
2023-06-08 11:56:56,7,9,16233,28007
2023-06-08 11:57:06,8,9,16233,28007
2023-06-08 11:57:06,8,9,16303,28077
2023-06-08 11:57:07,9,10,16183,28197
2023-06-08 11:57:07,8,10,16183,28197
2023-06-08 11:57:11,8,9,16183,28197
2023-06-08 11:57:12,8,10,16183,28197
2023-06-08 11:58:12,8,9,16183,28197
2023-06-08 11:58:33,8,10,16183,28197
2023-06-08 11:59:06,8,11,16183,28197
2023-06-08 11:59:06,9,11,16183,28197
2023-06-08 11:59:08,9,12,16183,28197
2023-06-08 11:59:18,10,12,16183,28197
2023-06-08 11:59:18,11,12,16183,28197
2023-06-08 11:59:31,10,12,16183,28197
2023-06-08 11:59:31,11,12,16183,28197
2023-06-08 11:59:31,12,13,16273,28287
2023-06-08 11:59:49,12,13,16273,28487
2023-06-08 11:59:49,10,13,16273,28487
2023-06-08 11:59:49,11,13,16273,28487
2023-06-08 12:01:06,12,13,16273,28487
2023-06-08 12:02:06,13,14,16303,28517
2023-06-08 12:02:18,14,16,16333,28552
2023-06-08 12:02:35,15,16,16333,28552
2023-06-08 12:02:39,16,17,16393,28617
2023-06-08 12:02:49,14,17,16393,28617
2023-06-08 12:02:49,13,17,16393,28617
2023-06-08 12:02:49,14,17,16393,28617
2023-06-08 12:03:09,14,16,16393,28617
2023-06-08 12:03:31,14,15,16393,28617
2023-06-08 12:03:45,13,14,16333,28677
2023-06-08 12:03:46,13,15,16333,28677
2023-06-08 12:03:47,13,14,16333,28677
2023-06-08 12:04:07,13,15,16333,28677
2023-06-08 12:04:08,13,14,16333,28677
2023-06-08 12:04:18,13,14,16333,28752
2023-06-08 12:04:25,13,14,16258,28827
2023-06-08 12:04:33,12,13,16243,28842
2023-06-08 12:04:35,12,14,16243,28842
2023-06-08 12:04:38,12,13,16243,28842
2023-06-08 12:06:09,11,12,16363,28962
2023-06-08 12:07:07,11,12,16663,29262
2023-06-08 12:07:07,12,15,17043,29762
2023-06-08 12:07:10,12,14,17043,29762
2023-06-08 12:08:19,13,14,17043,29762
2023-06-08 12:08:37,12,14,17046,29765
2023-06-08 12:08:59,13,14,17046,29765
2023-06-08 12:09:17,13,14,17196,29915
2023-06-08 12:09:18,14,15,17226,29945
2023-06-08 12:09:37,13,15,17226,29945
2023-06-08 12:09:42,13,16,17256,29975
2023-06-08 12:10:06,14,16,17256,29975
2023-06-08 12:10:07,13,16,17256,29975
2023-06-08 12:10:34,13,15,17256,29975
2023-06-08 12:10:48,13,14,17256,29975
2023-06-08 12:10:57,13,15,17256,29975
2023-06-08 12:11:07,13,14,17256,29975
2023-06-08 12:11:08,13,15,17256,29975
2023-06-08 12:11:12,13,14,17256,29975
2023-06-08 12:11:30,12,14,17256,29975
2023-06-08 12:11:40,12,13,17256,29975
2023-06-08 12:12:02,11,12,17136,30095
2023-06-08 12:12:13,11,12,17046,30215
2023-06-08 12:13:45,10,12,17046,30215
2023-06-08 12:15:12,11,12,17046,30215
2023-06-08 12:17:11,11,12,17076,30245
2023-06-08 12:17:33,10,12,17077,30445
2023-06-08 12:18:01,10,11,17077,30445
2023-06-08 12:19:03,9,11,17107,30475
2023-06-08 12:19:03,9,10,17107,30475
2023-06-08 12:19:54,10,11,17136,30565
2023-06-08 12:21:15,9,10,17136,30595
2023-06-08 12:21:17,8,9,17136,30655
2023-06-08 12:21:29,7,9,17366,30885
2023-06-08 12:21:31,7,8,17366,30885
2023-06-08 12:21:54,6,7,17366,30925
2023-06-08 12:22:13,7,8,17306,30985
2023-06-08 12:22:13,6,8,17306,30985
2023-06-08 12:22:56,6,8,17307,30986
2023-06-08 12:23:16,7,8,17307,30986
2023-06-08 12:28:30,6,7,17307,31041
2023-06-08 12:28:31,6,7,17107,31241
2023-06-08 12:29:02,5,6,17107,31271
2023-06-08 12:29:02,6,7,16937,31441
2023-06-08 12:29:02,5,7,16937,31441
2023-06-08 12:29:07,5,7,16980,31484
2023-06-08 12:29:14,5,6,16980,31484
2023-06-08 12:29:17,5,6,17000,31504
2023-06-08 12:30:10,5,6,16800,31704
2023-06-08 12:30:11,6,7,16715,31789
2023-06-08 12:30:11,5,7,16715,31789
2023-06-08 12:30:11,5,6,16715,31789
2023-06-08 12:30:12,6,7,16715,31904
2023-06-08 12:30:12,5,7,16715,31904
2023-06-08 12:30:12,5,6,16715,31904
2023-06-08 12:31:18,5,6,17407,33304
2023-06-08 12:31:51,6,8,17347,33419
2023-06-08 12:31:51,5,8,17347,33419
2023-06-08 12:31:51,5,6,17347,33419
2023-06-08 12:31:54,6,8,17347,33449
2023-06-08 12:31:54,5,8,17347,33449
2023-06-08 12:31:58,6,8,17347,33449
2023-06-08 12:32:15,6,8,17447,33549
2023-06-08 12:32:36,6,8,17480,33582
2023-06-08 12:32:40,6,7,17480,33582
2023-06-08 12:33:21,5,7,17510,33612
2023-06-08 12:33:58,6,7,17510,33612
2023-06-08 12:34:27,6,7,17525,33627
2023-06-08 12:35:09,6,7,17515,33827
2023-06-08 12:35:49,7,8,17515,33842
2023-06-08 12:35:52,7,8,17600,33927
2023-06-08 12:35:57,8,10,17600,33992
2023-06-08 12:36:42,9,10,17600,33992
2023-06-08 12:36:43,9,11,17600,33992
2023-06-08 12:36:57,9,11,17600,34092
2023-06-08 12:37:26,9,12,17600,34092
2023-06-08 12:37:27,9,11,17600,34092
2023-06-08 12:37:28,11,12,17600,34097
2023-06-08 12:37:57,11,12,17630,34127
2023-06-08 12:39:30,12,13,17631,34158
2023-06-08 12:39:52,11,13,17631,34158
2023-06-08 12:40:37,12,13,17631,34158
2023-06-08 12:40:37,12,13,17661,34188
2023-06-08 12:41:06,13,14,17691,34223
2023-06-08 12:42:08,13,14,17691,34323
2023-06-08 12:42:43,13,14,17691,34523
2023-06-08 12:42:49,12,14,17691,34523
2023-06-08 12:43:11,12,13,17691,34523
2023-06-08 12:43:23,11,13,17721,34583
2023-06-08 12:43:54,11,13,17776,34638
2023-06-08 12:45:22,12,13,17776,34638
2023-06-08 12:45:56,13,14,17776,34723
2023-06-08 12:45:56,13,14,17831,34778
2023-06-08 12:46:21,12,14,17831,34778
2023-06-08 12:47:38,13,14,17831,34778
2023-06-08 12:47:57,14,15,17916,34863
2023-06-08 12:47:59,15,16,17946,34893
2023-06-08 12:48:06,16,17,17976,34928
2023-06-08 12:48:21,15,17,17976,34928
2023-06-08 12:48:21,17,18,18006,35198
2023-06-08 12:48:23,17,19,18006,35198
2023-06-08 12:49:15,15,19,18006,35198
2023-06-08 12:49:16,16,19,18006,35198
2023-06-08 12:51:26,16,18,18006,35198
2023-06-08 12:51:53,16,17,18006,35198
2023-06-08 12:51:57,14,16,17976,35228
2023-06-08 12:51:58,15,16,17976,35228
2023-06-08 12:52:12,15,17,17976,35228
2023-06-08 12:53:29,15,17,17996,35278
2023-06-08 12:54:35,14,17,17996,35278
2023-06-08 12:54:40,15,17,17996,35278
2023-06-08 12:55:37,14,17,17996,35278
2023-06-08 12:55:38,14,16,17996,35278
2023-06-08 12:55:59,14,15,17996,35278
2023-06-08 12:56:23,14,17,17996,35278
2023-06-08 12:56:23,14,16,17996,35278
2023-06-08 12:56:31,14,15,17996,35278
2023-06-08 12:57:12,15,17,17997,35279
2023-06-08 12:57:46,15,16,17997,35279
2023-06-08 13:00:02,14,16,17997,35378
2023-06-08 13:01:13,14,15,17997,35378
2023-06-08 13:02:13,14,16,17997,35378
2023-06-08 13:02:14,14,15,17997,35378
2023-06-08 13:02:15,13,15,17997,35378
2023-06-08 13:03:08,13,16,17997,35378
2023-06-08 13:04:27,13,15,17997,35378
2023-06-08 13:05:40,13,14,17997,35378
2023-06-08 13:06:05,12,13,17882,35498
2023-06-08 13:06:06,12,14,17882,35498
2023-06-08 13:06:29,12,13,17882,35498
2023-06-08 13:06:29,12,13,17882,35573
2023-06-08 13:06:29,12,13,17912,35603
2023-06-08 13:06:57,11,13,17912,35603
2023-06-08 13:07:31,11,12,17912,35603
2023-06-08 13:07:39,12,13,17912,35938
2023-06-08 13:08:30,11,13,17912,35991
2023-06-08 13:08:31,11,12,17912,35991
2023-06-08 13:09:06,11,14,17912,35991
2023-06-08 13:09:06,11,13,17912,35991
2023-06-08 13:09:33,11,12,17912,35991
2023-06-08 13:11:11,11,13,17912,35991
2023-06-08 13:11:11,11,14,17912,35991
2023-06-08 13:11:12,11,13,17912,35991
2023-06-08 13:16:11,13,14,17972,36126
2023-06-08 13:16:11,11,14,18037,36191
2023-06-08 13:16:22,12,14,18037,36191
2023-06-08 13:16:33,13,14,18037,36191
2023-06-08 13:17:29,12,14,18037,36266
2023-06-08 13:18:49,13,14,18037,36266
2023-06-08 13:18:49,14,15,18067,36296
2023-06-08 13:19:08,14,15,18097,36326
2023-06-08 13:19:17,14,16,18097,36326
2023-06-08 13:19:18,14,15,18097,36326
2023-06-08 13:19:20,14,16,18097,36326
2023-06-08 13:19:46,14,15,18097,36326
2023-06-08 13:19:47,12,15,18067,36356
2023-06-08 13:20:06,12,14,18067,36356
2023-06-08 13:20:18,12,15,18067,36356
2023-06-08 13:20:33,13,15,18067,36356
2023-06-08 13:20:43,14,15,18067,36356
2023-06-08 13:20:43,14,16,18097,36386
2023-06-08 13:20:43,14,16,18157,36446
2023-06-08 13:20:43,14,15,18157,36446
2023-06-08 13:20:43,14,16,18157,36446
2023-06-08 13:21:15,14,15,18157,36446
2023-06-08 13:21:25,15,16,18157,36506
2023-06-08 13:21:46,16,18,18187,36724
2023-06-08 13:21:51,16,19,18187,36724
2023-06-08 13:21:53,17,19,18187,36724
2023-06-08 13:21:54,18,19,18187,36724
2023-06-08 13:21:54,18,19,18237,36949
2023-06-08 13:22:05,17,19,18237,36949
2023-06-08 13:22:10,18,19,18237,36949
2023-06-08 13:22:14,17,19,18237,36949
2023-06-08 13:22:16,18,19,18237,36949
2023-06-08 13:22:26,19,20,18267,37004
2023-06-08 13:22:27,20,21,18392,37134
2023-06-08 13:22:40,18,20,18482,37229
2023-06-08 13:22:40,18,21,18482,37229
2023-06-08 13:22:47,19,21,18482,37229
2023-06-08 13:22:52,20,21,18482,37229
2023-06-08 13:23:03,21,22,18512,37359
2023-06-08 13:23:03,22,24,18572,37419
2023-06-08 13:23:04,22,24,18632,37479
2023-06-08 13:23:04,22,24,18632,37479
2023-06-08 13:23:09,22,23,18632,37479
2023-06-08 13:23:18,22,24,18632,37479
2023-06-08 13:24:00,20,22,18632,37479
2023-06-08 13:24:00,20,24,18632,37479
2023-06-08 13:24:02,21,24,18632,37479
2023-06-08 13:24:19,22,24,18632,37479
2023-06-08 13:24:27,21,24,18632,37479
2023-06-08 13:24:35,23,24,18632,37479
2023-06-08 13:24:35,21,23,18782,37629
2023-06-08 13:24:35,21,24,18782,37629
2023-06-08 13:24:51,21,23,18782,37629
2023-06-08 13:24:52,20,23,18782,37629
2023-06-08 13:24:52,21,23,18782,37629
2023-06-08 13:25:02,21,23,18782,37829
2023-06-08 13:25:02,21,22,18782,37829
2023-06-08 13:25:05,18,22,18782,37829
2023-06-08 13:25:05,19,22,18782,37829
2023-06-08 13:25:18,19,21,18782,37829
2023-06-08 13:25:23,19,22,18782,37829
2023-06-08 13:26:05,19,21,18782,37829
2023-06-08 13:26:27,19,20,18782,37829
2023-06-08 13:26:59,18,19,18752,37859
2023-06-08 13:27:06,17,18,19277,38444
2023-06-08 13:28:59,17,19,19453,38620
2023-06-08 13:29:10,18,19,19453,38620
2023-06-08 13:29:25,19,20,19483,38650
2023-06-08 13:29:44,19,21,19513,38680
2023-06-08 13:30:06,20,21,19513,38680
2023-06-08 13:30:54,21,22,19543,38710
2023-06-08 13:31:08,23,24,19573,38833
2023-06-08 13:31:09,22,24,19573,38833
2023-06-08 13:31:13,21,24,19573,38833
2023-06-08 13:31:20,22,24,19573,38833
2023-06-08 13:31:23,23,24,19573,38833
2023-06-08 13:31:25,24,25,19603,38863
2023-06-08 13:32:04,24,25,19633,38893
2023-06-08 13:32:55,24,25,19633,39093
2023-06-08 13:32:55,24,25,19623,39103
2023-06-08 13:32:56,25,28,19623,39503
2023-06-08 13:32:58,25,27,19623,39503
2023-06-08 13:33:02,25,28,19623,39503
2023-06-08 13:33:10,25,27,19623,39503
2023-06-08 13:33:27,26,27,19623,39503
2023-06-08 13:33:54,25,27,19623,39503
2023-06-08 13:34:58,24,27,19623,39503
2023-06-08 13:35:11,25,27,19623,39503
2023-06-08 13:35:16,26,27,19623,39503
2023-06-08 13:35:44,26,28,19653,39578
2023-06-08 13:35:44,27,28,19653,39578
2023-06-08 13:35:46,26,28,19653,39578
2023-06-08 13:35:50,27,28,19653,39578
2023-06-08 13:36:27,26,28,19653,39578
2023-06-08 13:36:37,28,29,19653,39608
2023-06-08 13:36:46,28,29,19303,40108
2023-06-08 13:37:04,28,29,19256,40155
2023-06-08 13:37:12,28,29,19056,40355
2023-06-08 13:37:14,28,29,18956,40455
2023-06-08 13:37:16,28,29,18856,40555
2023-06-08 13:37:18,27,29,18833,40578
2023-06-08 13:37:19,26,29,18833,40578
2023-06-08 13:37:19,28,29,18833,40578
2023-06-08 13:37:26,26,29,18833,40578
2023-06-08 13:37:26,27,29,18833,40578
2023-06-08 13:37:33,27,28,18833,40578
2023-06-08 13:37:42,25,27,18674,40758
2023-06-08 13:37:43,25,28,18674,40758
2023-06-08 13:37:49,25,27,18674,40758
2023-06-08 13:37:50,25,26,18674,40758
2023-06-08 13:38:06,26,27,18449,40983
2023-06-08 13:38:07,26,27,18349,41083
2023-06-08 13:38:09,26,27,18249,41183
2023-06-08 13:38:12,25,27,18174,41258
2023-06-08 13:38:22,24,27,18114,41318
2023-06-08 13:38:44,24,26,18114,41318
2023-06-08 13:38:52,25,26,18114,41318
2023-06-08 13:39:06,24,26,18173,41468
2023-06-08 13:39:06,25,26,18173,41468
2023-06-08 13:39:25,25,27,18263,41618
2023-06-08 13:39:29,26,27,18263,41618
2023-06-08 13:39:30,25,27,18263,41618
2023-06-08 13:39:33,26,27,18263,41618
2023-06-08 13:39:40,25,26,18592,41968
2023-06-08 13:39:44,25,26,18692,42068
2023-06-08 13:39:46,25,27,18742,42118
2023-06-08 13:39:46,26,27,18742,42118
2023-06-08 13:39:51,28,30,18923,42539
2023-06-08 13:39:51,26,27,18952,42568
2023-06-08 13:39:51,26,27,19102,42718
2023-06-08 13:39:51,26,27,19202,42818
2023-06-08 13:39:54,26,27,19302,42918
2023-06-08 13:39:56,26,27,19402,43018
2023-06-08 13:40:00,26,28,19423,43039
2023-06-08 13:40:02,27,28,19423,43039
2023-06-08 13:40:05,27,30,19423,43039
2023-06-08 13:40:05,27,29,19423,43039
2023-06-08 13:40:06,28,29,19423,43039
2023-06-08 13:40:14,29,30,19453,43219
2023-06-08 13:40:15,28,30,19453,43219
2023-06-08 13:40:17,29,30,19453,43219
2023-06-08 13:40:19,31,34,19483,43254
2023-06-08 13:40:20,31,33,19483,43254
2023-06-08 13:40:20,31,34,19483,43254
2023-06-08 13:40:25,30,34,19483,43254
2023-06-08 13:40:26,33,34,19483,43254
2023-06-08 13:40:35,31,34,19483,43254
2023-06-08 13:40:35,32,34,19483,43254
2023-06-08 13:40:41,33,34,19483,43254
2023-06-08 13:41:23,32,34,19483,43254
2023-06-08 13:41:23,31,34,19483,43254
2023-06-08 13:41:23,32,34,19483,43254
2023-06-08 13:41:26,32,33,19483,43254
2023-06-08 13:41:26,32,34,19483,43454
2023-06-08 13:41:32,32,33,19483,43454
2023-06-08 13:41:45,32,33,19483,43455
2023-06-08 13:41:47,32,33,19483,43655
2023-06-08 13:41:49,30,33,19633,44005
2023-06-08 13:41:53,31,33,19633,44005
2023-06-08 13:42:23,32,33,19633,44005
2023-06-08 13:42:53,31,33,20008,44380
2023-06-08 13:43:24,31,32,20008,44380
2023-06-08 13:44:28,31,33,20038,44410
2023-06-08 13:44:36,31,33,20138,44510
2023-06-08 13:44:36,32,33,20138,44510
2023-06-08 13:44:36,33,34,20367,44739
2023-06-08 13:45:16,33,35,20397,44774
2023-06-08 13:45:19,34,35,20397,44774
2023-06-08 13:45:19,34,36,20397,44774
2023-06-08 13:45:21,35,36,20397,44774
2023-06-08 13:45:26,35,37,20427,44804
2023-06-08 13:45:26,35,39,20427,44954
2023-06-08 13:45:26,35,36,20427,44954
2023-06-08 13:45:30,35,39,20457,44984
2023-06-08 13:45:34,36,39,20457,44984
2023-06-08 13:45:37,37,39,20457,44984
2023-06-08 13:45:46,36,39,20457,44984
2023-06-08 13:45:48,36,37,20457,44984
2023-06-08 13:45:49,36,37,20547,45074
2023-06-08 13:45:50,35,37,20547,45074
2023-06-08 13:46:11,36,37,20547,45074
2023-06-08 13:46:11,36,37,20647,45174
2023-06-08 13:46:13,36,37,20747,45274
2023-06-08 13:46:14,36,37,20847,45374
2023-06-08 13:46:18,36,37,20947,45474
2023-06-08 13:46:20,35,37,20947,45474
2023-06-08 13:46:20,35,39,20987,45514
2023-06-08 13:46:28,36,39,20987,45514
2023-06-08 13:46:29,36,38,20987,45514
2023-06-08 13:46:34,36,39,20987,45514
2023-06-08 13:46:45,36,38,20987,45514
2023-06-08 13:47:04,37,38,20987,45514
2023-06-08 13:47:06,38,39,21017,45544
2023-06-08 13:47:25,36,39,21017,45544
2023-06-08 13:47:36,36,38,21017,45544
2023-06-08 13:48:11,36,39,21017,45544
2023-06-08 13:48:11,36,38,21017,45544
2023-06-08 13:48:14,35,38,21017,45574
2023-06-08 13:48:22,35,38,20867,45724
2023-06-08 13:48:28,35,37,20867,45724
2023-06-08 13:48:35,36,37,20867,45724
2023-06-08 13:48:37,37,39,20867,45725
2023-06-08 13:48:42,37,40,20867,45725
2023-06-08 13:48:48,38,40,20867,45725
2023-06-08 13:48:48,38,41,20867,45725
2023-06-08 13:49:15,38,40,20867,45725
2023-06-08 13:49:15,39,40,20867,45725
2023-06-08 13:49:24,40,41,20897,45756
2023-06-08 13:49:34,40,41,20920,45779
2023-06-08 13:49:54,40,41,20927,45786
2023-06-08 13:49:54,38,41,20927,45786
2023-06-08 13:49:55,38,40,20927,45786
2023-06-08 13:50:02,38,39,20927,45786
2023-06-08 13:50:13,38,39,20927,45897
2023-06-08 13:50:16,36,39,20918,45920
2023-06-08 13:50:16,36,38,20918,45920
2023-06-08 13:50:24,37,38,20918,45920
2023-06-08 13:50:25,37,39,20918,45920
2023-06-08 13:50:25,37,38,20918,45920
2023-06-08 13:50:46,37,38,20918,45940
2023-06-08 13:51:16,36,37,20898,45960
2023-06-08 13:51:30,36,37,20884,45974
2023-06-08 13:51:32,35,36,20884,46050
2023-06-08 13:51:38,34,35,20854,46080
2023-06-08 13:51:38,32,35,20854,46080
2023-06-08 13:51:38,33,35,20854,46080
2023-06-08 13:51:41,33,34,20854,46080
2023-06-08 13:51:47,31,33,21004,46230
2023-06-08 13:52:20,30,33,21154,46380
2023-06-08 13:52:22,30,32,21154,46380
2023-06-08 13:52:28,30,32,21154,46390
2023-06-08 13:52:37,29,32,21154,46390
2023-06-08 13:52:37,29,31,21154,46390
2023-06-08 13:52:44,28,31,21304,46540
2023-06-08 13:52:51,28,30,21304,46540
2023-06-08 13:53:17,27,30,21679,46975
2023-06-08 13:53:20,27,31,21679,46975
2023-06-08 13:53:20,27,29,21679,46975
2023-06-08 13:53:27,27,31,21679,46975
2023-06-08 13:53:27,27,29,21679,46975
2023-06-08 13:53:32,28,29,21679,46975
2023-06-08 13:53:42,27,28,21829,47125
2023-06-08 13:53:44,27,28,21929,47225
2023-06-08 13:53:46,27,28,22029,47325
2023-06-08 13:53:48,27,28,22129,47425
2023-06-08 13:53:49,27,28,22229,47525
2023-06-08 13:53:51,27,28,22329,47625
2023-06-08 13:53:54,27,29,22342,47638
2023-06-08 13:54:05,27,28,22342,47638
2023-06-08 13:54:07,27,29,22362,47658
2023-06-08 13:54:07,28,29,22362,47658
2023-06-08 13:54:09,29,30,22392,47688
2023-06-08 13:54:10,29,31,22392,47688
2023-06-08 13:54:57,28,31,22392,47688
2023-06-08 13:55:27,28,30,22392,47688
2023-06-08 13:55:50,28,29,22392,47688
2023-06-08 13:56:09,27,29,22392,47688
2023-06-08 13:56:09,27,28,22392,47688
2023-06-08 13:56:24,26,27,22332,47748
2023-06-08 13:56:29,24,27,22332,47748
2023-06-08 13:56:48,24,26,22332,47748
2023-06-08 13:57:24,24,28,22332,47748
2023-06-08 13:57:24,24,27,22332,47748
2023-06-08 13:57:24,26,27,22332,47748
2023-06-08 13:57:31,26,29,22332,47748
2023-06-08 13:57:31,26,28,22332,47748
2023-06-08 13:57:36,28,29,22362,47778
2023-06-08 13:57:40,28,31,22362,47778
2023-06-08 13:57:40,28,30,22362,47778
2023-06-08 13:57:43,27,30,22362,47778
2023-06-08 13:57:43,27,30,22392,47853
2023-06-08 13:57:43,28,30,22392,47853
2023-06-08 13:57:58,28,29,22392,47853
2023-06-08 13:58:05,26,29,22392,47853
2023-06-08 13:58:05,28,29,22392,47853
2023-06-08 13:58:36,29,30,22392,47883
2023-06-08 13:58:36,28,30,22392,47883
2023-06-08 13:58:36,30,31,22422,47913
2023-06-08 13:59:26,27,31,22422,47913
2023-06-08 13:59:26,28,31,22422,47913
2023-06-08 13:59:27,28,29,22422,47913
2023-06-08 14:00:10,25,28,22362,47973
2023-06-08 14:00:42,26,28,22362,47973
2023-06-08 14:00:44,26,29,22362,47973
2023-06-08 14:00:44,27,29,22362,47973
2023-06-08 14:01:18,27,28,22362,47973
2023-06-08 14:01:35,24,28,22362,47973
2023-06-08 14:01:35,25,28,22362,47973
2023-06-08 14:01:35,25,27,22362,47973
2023-06-08 14:01:39,25,28,22362,47973
2023-06-08 14:01:39,25,26,22362,47973
2023-06-08 14:01:52,25,28,22362,47973
2023-06-08 14:01:52,25,27,22362,47973
2023-06-08 14:02:07,25,28,22362,47973
2023-06-08 14:02:07,25,26,22362,47973
2023-06-08 14:03:16,24,25,22322,48013
2023-06-08 14:03:22,22,25,22322,48013
2023-06-08 14:03:23,22,24,22322,48013
2023-06-08 14:03:33,22,25,22322,48013
2023-06-08 14:03:33,22,23,22322,48013
2023-06-08 14:04:03,22,25,22322,48013
2023-06-08 14:04:03,22,24,22322,48013
2023-06-08 14:04:27,22,25,22322,48013
2023-06-08 14:04:27,22,23,22322,48013
2023-06-08 14:05:42,22,24,22322,48013
2023-06-08 14:05:43,23,24,22322,48013
2023-06-08 14:06:36,23,25,22322,48013
2023-06-08 14:06:56,23,26,22322,48013
2023-06-08 14:07:01,25,26,22322,48013
2023-06-08 14:07:05,25,27,22322,48013
2023-06-08 14:07:14,25,27,22322,48083
2023-06-08 14:07:18,25,29,22322,48083
2023-06-08 14:07:18,25,28,22322,48083
2023-06-08 14:07:19,26,28,22322,48083
2023-06-08 14:07:25,26,29,22322,48083
2023-06-08 14:07:25,27,29,22322,48083
2023-06-08 14:07:29,28,29,22322,48083
2023-06-08 14:07:42,27,29,22322,48083
2023-06-08 14:07:43,28,29,22322,48083
2023-06-08 14:07:43,27,28,22322,48223
2023-06-08 14:07:43,27,29,22322,48223
2023-06-08 14:07:43,27,28,22322,48223
2023-06-08 14:07:44,26,28,22322,48223
2023-06-08 14:07:44,27,28,22322,48223
2023-06-08 14:08:41,26,28,22322,48223
2023-06-08 14:08:41,26,27,22322,48223
2023-06-08 14:08:42,25,27,22322,48223
2023-06-08 14:08:43,26,27,22322,48223
2023-06-08 14:09:09,24,27,22322,48223
2023-06-08 14:09:10,24,26,22322,48223
2023-06-08 14:09:13,24,27,22322,48223
2023-06-08 14:09:13,24,25,22322,48223
2023-06-08 14:09:28,24,27,22322,48223
2023-06-08 14:09:28,24,26,22322,48223
2023-06-08 14:09:28,25,26,22322,48223
2023-06-08 14:09:29,25,27,22322,48223
2023-06-08 14:09:37,26,27,22322,48223
2023-06-08 14:09:55,25,27,22322,48223
2023-06-08 14:09:55,25,26,22322,48223
2023-06-08 14:10:13,25,27,22322,48223
2023-06-08 14:10:18,25,27,22322,48323
2023-06-08 14:10:18,25,28,22322,48323
2023-06-08 14:10:18,26,28,22322,48323
2023-06-08 14:10:25,26,29,22322,48323
2023-06-08 14:10:31,28,29,22322,48323
2023-06-08 14:10:33,27,29,22322,48323
2023-06-08 14:10:33,28,29,22322,48323
2023-06-08 14:11:06,28,30,22332,48333
2023-06-08 14:11:06,29,30,22332,48333
2023-06-08 14:11:06,28,30,22332,48333
2023-06-08 14:11:06,29,30,22332,48333
2023-06-08 14:11:06,30,31,22342,48343
2023-06-08 14:11:26,30,31,22342,48508
2023-06-08 14:11:30,28,31,22342,48508
2023-06-08 14:11:30,27,31,22342,48508
2023-06-08 14:11:31,27,30,22342,48508
2023-06-08 14:11:52,28,30,22342,48508
2023-06-08 14:12:02,28,29,22342,48508
2023-06-08 14:12:05,27,28,22332,48518
2023-06-08 14:12:10,25,28,22332,48518
2023-06-08 14:12:24,26,28,22332,48518
2023-06-08 14:13:03,26,27,22332,48518
2023-06-08 14:13:04,25,26,22292,48558
2023-06-08 14:14:01,25,28,22292,48558
2023-06-08 14:14:02,25,29,22292,48558
2023-06-08 14:14:04,26,29,22292,48558
2023-06-08 14:14:08,26,28,22292,48558
2023-06-08 14:14:22,26,27,22292,48558
2023-06-08 14:14:36,25,26,22252,48598
2023-06-08 14:14:43,23,25,22252,48678
2023-06-08 14:14:43,23,26,22252,48678
2023-06-08 14:14:44,23,25,22252,48678
2023-06-08 14:14:47,23,24,22252,48678
2023-06-08 14:15:13,22,24,22252,48678
2023-06-08 14:15:21,21,22,22212,48718
2023-06-08 14:16:07,19,21,22212,48723
2023-06-08 14:16:07,19,22,22212,48723
2023-06-08 14:16:13,19,21,22212,48723
2023-06-08 14:16:14,18,21,22212,48723
2023-06-08 14:16:16,18,20,22212,48723
2023-06-08 14:16:27,18,19,22212,48723
2023-06-08 14:16:33,16,19,22212,48723
2023-06-08 14:16:39,16,17,22212,48723
2023-06-08 14:17:29,16,20,22212,48723
2023-06-08 14:17:29,16,19,22212,48723
2023-06-08 14:18:09,16,18,22212,48723
2023-06-08 14:18:09,16,17,22212,48723
2023-06-08 14:18:31,15,16,22172,48763
2023-06-08 14:18:34,14,15,22112,48823
2023-06-08 14:19:34,12,15,22112,48823
2023-06-08 14:19:47,12,14,22112,48823
2023-06-08 14:19:48,12,15,22112,48823
2023-06-08 14:19:50,12,14,22112,48823
2023-06-08 14:19:53,12,13,22112,48823
2023-06-08 14:20:40,11,12,22117,48868
2023-06-08 14:21:40,11,12,22117,49068
2023-06-08 14:21:43,12,14,22117,49124
2023-06-08 14:21:43,11,14,22117,49124
2023-06-08 14:23:11,11,13,22117,49124
2023-06-08 14:23:36,11,14,22117,49124
2023-06-08 14:23:36,11,15,22117,49124
2023-06-08 14:23:36,12,15,22117,49124
2023-06-08 14:24:37,12,14,22117,49124
2023-06-08 14:24:44,13,14,22117,49124
2023-06-08 14:24:46,13,15,22117,49124
2023-06-08 14:26:49,13,14,22117,49124
2023-06-08 14:27:20,12,14,22117,49124
2023-06-08 14:28:50,12,15,22117,49124
2023-06-08 14:28:54,12,14,22117,49124
2023-06-08 14:29:50,12,14,22117,49140
2023-06-08 14:29:52,12,13,22117,49140
2023-06-08 14:30:01,12,13,22117,49148
2023-06-08 14:30:01,11,12,22117,49164
2023-06-08 14:30:34,10,11,22077,49204
2023-06-08 14:30:45,10,12,22077,49204
2023-06-08 14:30:47,10,11,22077,49204
2023-06-08 14:31:02,10,12,22077,49204
2023-06-08 14:31:03,10,11,22077,49204
2023-06-08 14:31:13,10,12,22077,49204
2023-06-08 14:31:20,10,11,22077,49204
2023-06-08 14:31:34,8,11,22107,49344
2023-06-08 14:31:35,8,10,22107,49344
2023-06-08 14:31:39,8,9,22107,49344
2023-06-08 14:31:53,7,9,22127,49364
2023-06-08 14:31:53,7,8,22127,49364
2023-06-08 14:31:57,6,7,22507,49744
2023-06-08 14:33:06,6,7,22561,49798
2023-06-08 14:33:23,5,7,22571,50598
2023-06-08 14:33:46,5,6,22571,50598
2023-06-08 14:34:13,5,7,22604,50661
2023-06-08 14:34:17,6,7,22604,50661
2023-06-08 14:38:45,5,7,22604,50661
2023-06-08 14:38:45,5,6,22604,50661
2023-06-08 14:41:18,4,6,22614,50671
2023-06-08 14:41:18,4,5,22614,50671
2023-06-08 14:41:56,3,5,22770,50827
2023-06-08 14:41:56,3,4,22770,50827
2023-06-08 14:42:06,3,4,22800,50857
2023-06-08 14:42:37,3,4,22925,50982
2023-06-08 14:42:38,3,4,23025,51082
2023-06-08 14:45:28,3,4,23035,51092
2023-06-08 14:45:30,3,4,23209,51266
2023-06-08 14:45:49,3,4,23214,51271
2023-06-08 14:46:04,3,4,23224,51281
2023-06-08 14:46:35,4,5,23054,51567
2023-06-08 14:49:10,3,5,23064,51577
2023-06-08 14:49:11,4,5,23064,51577
2023-06-08 14:49:57,5,6,23044,51597
2023-06-08 14:49:57,5,6,23044,51617
2023-06-08 14:50:06,4,6,23044,51617
2023-06-08 14:50:37,4,5,23044,51617
2023-06-08 14:52:33,3,4,23044,51627
2023-06-08 14:52:35,3,5,23044,51627
2023-06-08 14:52:36,3,4,23044,51627
2023-06-08 14:52:59,2,4,23130,51713
2023-06-08 14:52:59,2,3,23130,51713
2023-06-08 14:55:30,1,3,23340,51923
2023-06-08 14:56:06,2,3,23340,51923
2023-06-08 14:56:23,2,3,23140,52123
2023-06-08 14:56:24,2,3,23140,52133
2023-06-08 14:56:57,1,3,23140,52133
2023-06-08 14:57:47,2,3,23140,52133
2023-06-08 15:05:23,1,2,23140,52168
2023-06-08 15:10:28,0,1,23140,52178
2023-06-08 15:15:23,0,1,23140,52278
2023-06-08 15:18:20,0,1,23090,52328
2023-06-08 15:22:55,0,1,23091,52414
