datetime,bid,ask,open_interest,volume
2023-03-22 09:30:57,16,21,470,704
2023-03-22 09:31:04,16,19,470,704
2023-03-22 09:31:35,16,19,480,714
2023-03-22 09:31:39,16,19,577,914
2023-03-22 09:31:43,16,19,777,1114
2023-03-22 09:31:48,16,19,864,1201
2023-03-22 09:33:12,15,19,864,1201
2023-03-22 09:34:55,18,19,864,1201
2023-03-22 09:34:56,15,19,864,1201
2023-03-22 09:34:56,15,17,914,1251
2023-03-22 09:34:57,15,19,914,1251
2023-03-22 09:35:01,18,19,914,1251
2023-03-22 09:35:02,15,19,914,1251
2023-03-22 09:35:04,18,19,914,1251
2023-03-22 09:35:07,15,18,914,1251
2023-03-22 09:35:08,15,18,964,1301
2023-03-22 09:35:09,15,18,1014,1351
2023-03-22 09:35:10,15,18,1064,1401
2023-03-22 09:35:11,18,19,1064,1401
2023-03-22 09:35:12,15,19,1064,1401
2023-03-22 09:35:13,18,19,1064,1401
2023-03-22 09:35:14,15,19,1064,1401
2023-03-22 09:35:16,18,19,1064,1401
2023-03-22 09:35:18,15,18,1114,1451
2023-03-22 09:35:20,15,18,1164,1501
2023-03-22 09:35:23,15,18,1214,1551
2023-03-22 09:35:24,15,18,1264,1601
2023-03-22 09:35:31,15,19,1264,1601
2023-03-22 09:35:34,18,19,1264,1601
2023-03-22 09:35:36,17,19,1264,1601
2023-03-22 09:35:37,15,19,1264,1601
2023-03-22 09:35:39,17,19,1264,1601
2023-03-22 09:35:43,15,17,1314,1651
2023-03-22 09:35:44,17,19,1314,1651
2023-03-22 09:35:45,15,19,1314,1651
2023-03-22 09:35:49,17,19,1314,1651
2023-03-22 09:35:50,15,19,1314,1651
2023-03-22 09:35:50,15,17,1364,1701
2023-03-22 09:35:51,17,19,1364,1701
2023-03-22 09:36:03,15,19,1364,1701
2023-03-22 09:36:14,18,19,1364,1701
2023-03-22 09:36:15,15,19,1364,1701
2023-03-22 09:36:15,15,18,1414,1751
2023-03-22 09:36:19,15,19,1414,1751
2023-03-22 09:36:29,17,19,1414,1751
2023-03-22 09:36:30,15,19,1414,1751
2023-03-22 09:36:33,15,17,1464,1801
2023-03-22 09:36:55,18,19,1464,1801
2023-03-22 09:36:56,15,19,1464,1801
2023-03-22 09:36:58,18,19,1464,1801
2023-03-22 09:37:14,15,19,1514,1851
2023-03-22 09:37:17,15,18,1514,1851
2023-03-22 09:37:40,15,18,1564,1901
2023-03-22 09:37:44,15,19,1564,1901
2023-03-22 09:37:44,15,18,1564,1901
2023-03-22 09:37:47,15,18,1614,1951
2023-03-22 09:37:52,15,18,1664,2001
2023-03-22 09:37:54,15,19,1714,2051
2023-03-22 09:37:54,15,18,1714,2051
2023-03-22 09:38:21,15,19,1714,2051
2023-03-22 09:38:21,16,19,1714,2051
2023-03-22 09:38:28,15,19,1714,2051
2023-03-22 09:38:28,16,19,1714,2051
2023-03-22 09:38:34,16,19,1764,2101
2023-03-22 09:38:39,15,19,1764,2101
2023-03-22 09:38:40,16,19,1764,2101
2023-03-22 09:39:26,16,18,1764,2101
2023-03-22 09:39:41,15,18,1764,2101
2023-03-22 09:39:41,16,18,1764,2101
2023-03-22 09:39:49,18,19,1788,2125
2023-03-22 09:39:51,16,19,1788,2125
2023-03-22 09:39:51,16,18,1788,2125
2023-03-22 09:39:53,18,19,1836,2173
2023-03-22 09:40:00,16,19,1886,2223
2023-03-22 09:40:11,16,19,1936,2273
2023-03-22 09:40:22,15,19,1936,2273
2023-03-22 09:40:22,16,19,1936,2273
2023-03-22 09:40:32,16,18,1936,2273
2023-03-22 09:40:40,15,18,1936,2273
2023-03-22 09:40:40,15,19,1936,2273
2023-03-22 09:40:40,15,18,1936,2273
2023-03-22 09:40:55,15,18,1986,2323
2023-03-22 09:40:56,16,18,1986,2323
2023-03-22 09:41:07,16,18,2036,2373
2023-03-22 09:41:20,16,18,2086,2423
2023-03-22 09:41:20,16,19,2086,2423
2023-03-22 09:41:20,16,18,2086,2423
2023-03-22 09:41:30,16,19,2086,2423
2023-03-22 09:41:30,16,18,2086,2423
2023-03-22 09:41:45,16,18,2136,2473
2023-03-22 09:41:50,16,19,2136,2473
2023-03-22 09:41:50,15,19,2136,2473
2023-03-22 09:41:50,15,18,2136,2473
2023-03-22 09:41:51,15,18,2186,2523
2023-03-22 09:41:53,18,19,2232,2569
2023-03-22 09:41:54,15,19,2232,2569
2023-03-22 09:41:54,15,18,2232,2569
2023-03-22 09:41:56,18,19,2232,2569
2023-03-22 09:42:07,15,18,2232,2569
2023-03-22 09:42:13,15,19,2232,2569
2023-03-22 09:42:17,16,19,2232,2569
2023-03-22 09:42:30,17,19,2232,2569
2023-03-22 09:42:30,16,17,2282,2619
2023-03-22 09:42:40,16,19,2282,2619
2023-03-22 09:42:43,16,17,2282,2619
2023-03-22 09:42:51,16,17,2332,2669
2023-03-22 09:43:52,16,17,2382,2719
2023-03-22 09:43:57,16,17,2432,2769
2023-03-22 09:44:09,16,17,2482,2819
2023-03-22 09:44:39,16,17,2532,2869
2023-03-22 09:44:40,16,17,2582,2919
2023-03-22 09:45:07,16,17,2632,2969
2023-03-22 09:45:18,16,17,2682,3019
2023-03-22 09:45:34,16,17,2732,3069
2023-03-22 09:45:50,16,17,2782,3119
2023-03-22 09:46:09,16,17,2802,3139
2023-03-22 09:46:56,16,18,2852,3189
2023-03-22 09:46:57,16,18,2902,3239
2023-03-22 09:47:03,18,19,2943,3280
2023-03-22 09:47:04,16,18,2943,3280
2023-03-22 09:47:09,16,19,2943,3280
2023-03-22 09:47:18,16,18,2943,3280
2023-03-22 09:47:23,17,18,2943,3280
2023-03-22 09:47:27,16,18,2943,3280
2023-03-22 09:47:27,16,19,2943,3280
2023-03-22 09:47:27,16,18,2943,3280
2023-03-22 09:47:27,17,18,2943,3280
2023-03-22 09:47:30,16,17,2943,3280
2023-03-22 09:47:31,16,17,2993,3330
2023-03-22 09:47:32,16,17,3043,3380
2023-03-22 09:47:36,17,18,3043,3380
2023-03-22 09:47:37,16,17,3043,3380
2023-03-22 09:47:37,16,17,3093,3430
2023-03-22 09:47:40,16,17,3143,3480
2023-03-22 09:47:51,18,19,3190,3527
2023-03-22 09:47:51,16,18,3193,3530
2023-03-22 09:47:57,18,19,3214,3551
2023-03-22 09:47:58,16,18,3214,3551
2023-03-22 09:48:03,16,19,3214,3551
2023-03-22 09:48:11,18,19,3214,3551
2023-03-22 09:48:12,16,19,3214,3551
2023-03-22 09:48:16,17,19,3214,3551
2023-03-22 09:48:17,16,19,3214,3551
2023-03-22 09:49:15,16,19,3264,3601
2023-03-22 09:49:26,17,19,3264,3601
2023-03-22 09:49:40,16,19,3264,3601
2023-03-22 09:50:17,16,20,3264,3601
2023-03-22 09:50:17,17,20,3264,3601
2023-03-22 09:50:17,17,19,3264,3601
2023-03-22 09:50:27,16,19,3264,3601
2023-03-22 09:50:41,17,19,3264,3601
2023-03-22 09:51:16,16,19,3264,3601
2023-03-22 09:51:16,16,20,3264,3601
2023-03-22 09:51:17,17,20,3264,3601
2023-03-22 09:51:19,19,20,3264,3601
2023-03-22 09:51:20,17,20,3264,3601
2023-03-22 09:51:23,19,20,3264,3601
2023-03-22 09:51:26,17,20,3264,3601
2023-03-22 09:51:27,16,20,3264,3601
2023-03-22 09:51:27,17,20,3264,3601
2023-03-22 09:51:40,16,20,3264,3601
2023-03-22 09:51:40,17,20,3264,3601
2023-03-22 09:51:52,16,20,3264,3601
2023-03-22 09:51:52,17,20,3264,3601
2023-03-22 09:52:18,16,20,3264,3601
2023-03-22 09:52:18,17,20,3264,3601
2023-03-22 09:52:18,17,19,3264,3601
2023-03-22 09:52:28,16,19,3264,3601
2023-03-22 09:52:28,16,20,3264,3601
2023-03-22 09:52:28,16,19,3264,3601
2023-03-22 09:52:39,16,20,3264,3601
2023-03-22 09:52:39,17,20,3264,3601
2023-03-22 09:52:40,17,19,3264,3601
2023-03-22 09:53:17,17,20,3264,3601
2023-03-22 09:53:18,17,19,3264,3601
2023-03-22 09:53:28,18,19,3264,3601
2023-03-22 09:53:29,17,18,3264,3601
2023-03-22 09:53:32,17,19,3264,3601
2023-03-22 09:53:34,18,19,3264,3601
2023-03-22 09:53:37,17,18,3264,3601
2023-03-22 09:53:40,16,18,3264,3601
2023-03-22 09:53:52,16,19,3264,3601
2023-03-22 09:53:52,16,20,3264,3601
2023-03-22 09:53:52,16,19,3264,3601
2023-03-22 09:53:55,18,19,3264,3601
2023-03-22 09:54:00,16,19,3264,3601
2023-03-22 09:54:15,17,19,3264,3601
2023-03-22 09:54:18,16,19,3264,3601
2023-03-22 09:54:28,18,19,3264,3601
2023-03-22 09:54:35,17,19,3264,3601
2023-03-22 09:54:36,16,19,3264,3601
2023-03-22 09:54:37,17,19,3264,3601
2023-03-22 09:54:39,16,20,3264,3601
2023-03-22 09:54:39,16,19,3264,3601
2023-03-22 09:54:53,16,20,3264,3601
2023-03-22 09:54:53,16,19,3264,3601
2023-03-22 09:55:15,18,19,3264,3601
2023-03-22 09:55:17,16,19,3264,3601
2023-03-22 09:55:19,16,20,3264,3601
2023-03-22 09:55:19,16,19,3264,3601
2023-03-22 09:55:19,18,19,3264,3601
2023-03-22 09:55:23,16,19,3264,3601
2023-03-22 09:55:24,16,18,3314,3651
2023-03-22 09:55:28,16,19,3314,3651
2023-03-22 09:55:30,16,20,3314,3651
2023-03-22 09:55:30,16,19,3314,3651
2023-03-22 09:56:40,16,20,3314,3651
2023-03-22 09:56:41,16,19,3314,3651
2023-03-22 09:56:52,16,20,3314,3651
2023-03-22 09:56:52,16,19,3314,3651
2023-03-22 09:57:17,16,20,3314,3651
2023-03-22 09:57:17,17,20,3314,3651
2023-03-22 09:57:17,17,19,3314,3651
2023-03-22 09:57:28,16,19,3314,3651
2023-03-22 09:57:28,16,20,3314,3651
2023-03-22 09:57:28,17,20,3314,3651
2023-03-22 09:57:28,17,19,3314,3651
2023-03-22 09:57:42,16,19,3314,3651
2023-03-22 09:57:42,16,20,3314,3651
2023-03-22 09:57:42,17,20,3314,3651
2023-03-22 09:57:42,17,19,3314,3651
2023-03-22 09:58:17,17,20,3314,3651
2023-03-22 09:58:17,17,19,3314,3651
2023-03-22 09:58:40,16,19,3314,3651
2023-03-22 09:58:40,16,20,3314,3651
2023-03-22 09:58:40,17,20,3314,3651
2023-03-22 09:58:40,17,19,3314,3651
2023-03-22 09:59:42,16,19,3314,3651
2023-03-22 09:59:42,16,20,3314,3651
2023-03-22 09:59:42,17,20,3314,3651
2023-03-22 09:59:42,17,19,3314,3651
2023-03-22 10:00:30,16,19,3314,3651
2023-03-22 10:00:30,17,19,3314,3651
2023-03-22 10:01:20,16,19,3314,3651
2023-03-22 10:01:20,16,20,3314,3651
2023-03-22 10:01:20,17,20,3314,3651
2023-03-22 10:01:30,16,20,3314,3651
2023-03-22 10:01:30,17,20,3314,3651
2023-03-22 10:01:30,17,19,3314,3651
2023-03-22 10:02:18,16,19,3314,3651
2023-03-22 10:02:18,16,20,3314,3651
2023-03-22 10:02:18,17,20,3314,3651
2023-03-22 10:02:18,17,19,3314,3651
2023-03-22 10:02:40,16,19,3314,3651
2023-03-22 10:02:40,16,20,3314,3651
2023-03-22 10:02:41,17,20,3314,3651
2023-03-22 10:02:41,17,19,3314,3651
2023-03-22 10:02:51,16,19,3314,3651
2023-03-22 10:02:51,16,20,3314,3651
2023-03-22 10:02:51,17,20,3314,3651
2023-03-22 10:02:51,17,19,3314,3651
2023-03-22 10:03:28,17,20,3314,3651
2023-03-22 10:03:28,17,19,3314,3651
2023-03-22 10:03:40,16,19,3314,3651
2023-03-22 10:03:40,17,19,3314,3651
2023-03-22 10:04:25,19,20,3314,3675
2023-03-22 10:04:26,17,19,3314,3701
2023-03-22 10:04:39,15,19,3314,3701
2023-03-22 10:04:39,15,20,3314,3701
2023-03-22 10:04:39,17,20,3314,3701
2023-03-22 10:05:19,15,20,3314,3701
2023-03-22 10:05:19,17,20,3314,3701
2023-03-22 10:06:16,15,20,3314,3701
2023-03-22 10:06:17,17,20,3314,3701
2023-03-22 10:06:28,15,20,3314,3701
2023-03-22 10:06:28,17,20,3314,3701
2023-03-22 10:06:39,15,20,3314,3701
2023-03-22 10:06:39,17,20,3314,3701
2023-03-22 10:06:51,15,20,3314,3701
2023-03-22 10:06:52,17,20,3314,3701
2023-03-22 10:07:18,15,20,3314,3701
2023-03-22 10:07:19,17,20,3314,3701
2023-03-22 10:07:19,17,19,3314,3701
2023-03-22 10:07:41,15,19,3314,3701
2023-03-22 10:07:41,15,20,3314,3701
2023-03-22 10:07:41,17,20,3314,3701
2023-03-22 10:08:20,15,20,3314,3701
2023-03-22 10:08:20,17,20,3314,3701
2023-03-22 10:08:32,15,20,3314,3701
2023-03-22 10:08:32,17,20,3314,3701
2023-03-22 10:09:17,15,20,3314,3701
2023-03-22 10:09:17,17,20,3314,3701
2023-03-22 10:09:40,15,20,3314,3701
2023-03-22 10:09:40,17,20,3314,3701
2023-03-22 10:09:40,17,19,3314,3701
2023-03-22 10:09:53,15,19,3314,3701
2023-03-22 10:09:53,15,20,3314,3701
2023-03-22 10:09:53,17,20,3314,3701
2023-03-22 10:09:53,17,19,3314,3701
2023-03-22 10:10:20,15,19,3314,3701
2023-03-22 10:10:20,15,20,3314,3701
2023-03-22 10:10:20,17,20,3314,3701
2023-03-22 10:10:20,17,19,3314,3701
2023-03-22 10:10:30,15,19,3314,3701
2023-03-22 10:10:30,15,20,3314,3701
2023-03-22 10:10:30,17,20,3314,3701
2023-03-22 10:10:53,15,20,3314,3701
2023-03-22 10:10:53,17,20,3314,3701
2023-03-22 10:11:29,15,20,3314,3701
2023-03-22 10:11:29,17,20,3314,3701
2023-03-22 10:11:55,15,20,3314,3701
2023-03-22 10:11:55,17,20,3314,3701
2023-03-22 10:11:55,17,19,3314,3701
2023-03-22 10:12:16,15,19,3314,3701
2023-03-22 10:12:16,17,19,3314,3701
2023-03-22 10:12:27,15,19,3314,3701
2023-03-22 10:12:27,15,20,3314,3701
2023-03-22 10:12:27,16,20,3314,3701
2023-03-22 10:12:27,16,19,3314,3701
2023-03-22 10:12:41,15,19,3314,3701
2023-03-22 10:12:41,16,19,3314,3701
2023-03-22 10:13:21,15,19,3314,3701
2023-03-22 10:13:21,16,19,3314,3701
2023-03-22 10:13:31,15,19,3314,3701
2023-03-22 10:13:31,16,19,3314,3701
2023-03-22 10:13:52,15,19,3314,3701
2023-03-22 10:13:52,15,20,3314,3701
2023-03-22 10:13:53,16,20,3314,3701
2023-03-22 10:13:53,16,19,3314,3701
2023-03-22 10:14:19,16,20,3314,3701
2023-03-22 10:14:19,16,19,3314,3701
2023-03-22 10:14:29,15,19,3314,3701
2023-03-22 10:14:30,15,20,3314,3701
2023-03-22 10:14:30,16,20,3314,3701
2023-03-22 10:14:30,16,19,3314,3701
2023-03-22 10:15:19,15,19,3314,3701
2023-03-22 10:15:20,16,19,3314,3701
2023-03-22 10:15:28,15,19,3314,3701
2023-03-22 10:15:28,16,19,3314,3701
2023-03-22 10:15:40,15,19,3314,3701
2023-03-22 10:15:40,15,20,3314,3701
2023-03-22 10:15:40,16,20,3314,3701
2023-03-22 10:15:40,16,19,3314,3701
2023-03-22 10:15:52,15,19,3314,3701
2023-03-22 10:15:52,15,20,3314,3701
2023-03-22 10:15:52,17,20,3314,3701
2023-03-22 10:15:52,17,19,3314,3701
2023-03-22 10:16:18,15,19,3314,3701
2023-03-22 10:16:18,15,20,3314,3701
2023-03-22 10:16:18,17,20,3314,3701
2023-03-22 10:16:18,17,19,3314,3701
2023-03-22 10:16:42,15,19,3314,3701
2023-03-22 10:16:42,15,20,3314,3701
2023-03-22 10:16:42,17,20,3314,3701
2023-03-22 10:16:42,17,19,3314,3701
2023-03-22 10:17:41,15,19,3314,3701
2023-03-22 10:17:41,15,20,3314,3701
2023-03-22 10:17:41,17,20,3314,3701
2023-03-22 10:18:17,15,20,3314,3701
2023-03-22 10:18:17,17,20,3314,3701
2023-03-22 10:19:40,15,20,3314,3701
2023-03-22 10:19:41,17,20,3314,3701
2023-03-22 10:19:52,15,20,3314,3701
2023-03-22 10:19:52,17,20,3314,3701
2023-03-22 10:20:22,16,20,3314,3701
2023-03-22 10:20:22,17,20,3314,3701
2023-03-22 10:20:52,16,20,3314,3701
2023-03-22 10:20:52,18,20,3314,3701
2023-03-22 10:21:18,16,20,3314,3701
2023-03-22 10:21:18,18,20,3314,3701
2023-03-22 10:21:28,16,20,3314,3701
2023-03-22 10:21:28,18,20,3314,3701
2023-03-22 10:22:20,16,20,3314,3701
2023-03-22 10:22:20,18,20,3314,3701
2023-03-22 10:24:30,16,20,3314,3701
2023-03-22 10:24:30,18,20,3314,3701
2023-03-22 10:25:18,16,20,3314,3701
2023-03-22 10:25:19,17,20,3314,3701
2023-03-22 10:25:31,16,20,3314,3701
2023-03-22 10:25:31,17,20,3314,3701
2023-03-22 10:26:18,16,20,3314,3701
2023-03-22 10:26:18,17,20,3314,3701
2023-03-22 10:26:28,16,20,3314,3701
2023-03-22 10:26:28,17,20,3314,3701
2023-03-22 10:27:29,18,20,3314,3701
2023-03-22 10:27:52,17,20,3314,3701
2023-03-22 10:28:30,18,20,3314,3701
2023-03-22 10:28:42,17,20,3314,3701
2023-03-22 10:28:43,18,20,3314,3701
2023-03-22 10:29:39,18,20,3231,3784
2023-03-22 10:30:23,19,20,3231,3784
2023-03-22 10:30:57,18,20,3231,3784
2023-03-22 10:31:18,19,20,3231,3784
2023-03-22 10:31:28,18,20,3231,3784
2023-03-22 10:31:52,19,20,3231,3784
2023-03-22 10:32:20,18,20,3231,3784
2023-03-22 10:32:29,19,20,3231,3784
2023-03-22 10:32:44,18,20,3231,3784
2023-03-22 10:37:06,20,21,3231,3791
2023-03-22 10:37:42,20,22,3231,3791
2023-03-22 10:37:42,20,21,3231,3791
2023-03-22 10:37:54,20,21,3254,3814
2023-03-22 10:38:18,20,22,3254,3814
2023-03-22 10:38:18,20,21,3254,3814
2023-03-22 10:38:41,20,22,3254,3814
2023-03-22 10:38:41,20,21,3254,3814
2023-03-22 10:39:27,20,22,3254,3814
2023-03-22 10:39:27,20,21,3254,3814
2023-03-22 10:39:39,20,22,3254,3814
2023-03-22 10:39:39,20,21,3254,3814
2023-03-22 10:40:29,20,22,3254,3814
2023-03-22 10:40:29,20,21,3254,3814
2023-03-22 10:40:54,20,22,3254,3814
2023-03-22 10:40:54,20,21,3254,3814
2023-03-22 10:41:45,20,23,3254,3814
2023-03-22 10:41:45,20,21,3254,3814
2023-03-22 10:42:28,20,23,3254,3814
2023-03-22 10:42:28,20,21,3254,3814
2023-03-22 10:42:43,20,23,3254,3814
2023-03-22 10:42:43,20,21,3254,3814
2023-03-22 10:43:21,20,23,3254,3814
2023-03-22 10:43:21,20,21,3254,3814
2023-03-22 10:45:32,20,23,3254,3814
2023-03-22 10:45:32,20,21,3254,3814
2023-03-22 10:47:00,22,23,3349,3909
2023-03-22 10:47:01,20,22,3354,3914
2023-03-22 10:47:03,20,23,3354,3914
2023-03-22 10:47:19,20,21,3354,3914
2023-03-22 10:48:17,20,22,3354,3914
2023-03-22 10:48:17,20,21,3354,3914
2023-03-22 10:48:29,20,22,3354,3914
2023-03-22 10:48:29,20,21,3354,3914
2023-03-22 10:48:41,20,22,3354,3914
2023-03-22 10:48:41,20,21,3354,3914
2023-03-22 10:49:17,20,22,3354,3914
2023-03-22 10:49:17,20,21,3354,3914
2023-03-22 10:49:43,20,22,3354,3914
2023-03-22 10:49:43,20,21,3354,3914
2023-03-22 10:49:53,20,22,3354,3914
2023-03-22 10:49:53,20,21,3354,3914
2023-03-22 10:50:18,20,22,3354,3914
2023-03-22 10:50:18,20,21,3354,3914
2023-03-22 10:50:30,20,22,3354,3914
2023-03-22 10:50:30,20,21,3354,3914
2023-03-22 10:51:19,20,22,3354,3914
2023-03-22 10:51:19,20,21,3354,3914
2023-03-22 10:51:52,20,22,3354,3914
2023-03-22 10:51:52,20,21,3354,3914
2023-03-22 10:52:05,18,20,3374,3934
2023-03-22 10:52:10,18,21,3374,3934
2023-03-22 10:52:17,17,21,3374,3934
2023-03-22 10:52:17,17,22,3374,3934
2023-03-22 10:52:18,18,22,3374,3934
2023-03-22 10:52:18,18,20,3374,3934
2023-03-22 10:52:27,17,20,3374,3934
2023-03-22 10:52:28,18,20,3374,3934
2023-03-22 10:52:53,17,20,3374,3934
2023-03-22 10:52:54,18,20,3374,3934
2023-03-22 10:53:15,17,20,3374,3934
2023-03-22 10:53:15,17,22,3374,3934
2023-03-22 10:53:15,18,22,3374,3934
2023-03-22 10:53:15,18,21,3374,3934
2023-03-22 10:53:52,18,22,3374,3934
2023-03-22 10:53:52,18,21,3374,3934
2023-03-22 10:54:16,17,21,3374,3934
2023-03-22 10:54:16,17,22,3374,3934
2023-03-22 10:54:16,18,22,3374,3934
2023-03-22 10:54:16,18,21,3374,3934
2023-03-22 10:54:29,17,21,3374,3934
2023-03-22 10:54:29,17,22,3374,3934
2023-03-22 10:54:29,18,22,3374,3934
2023-03-22 10:54:29,18,21,3374,3934
2023-03-22 10:54:40,18,22,3374,3934
2023-03-22 10:54:40,18,21,3374,3934
2023-03-22 10:54:52,17,21,3374,3934
2023-03-22 10:54:53,18,21,3374,3934
2023-03-22 10:55:19,17,21,3374,3934
2023-03-22 10:55:19,18,21,3374,3934
2023-03-22 10:55:41,17,21,3374,3934
2023-03-22 10:55:41,17,22,3374,3934
2023-03-22 10:55:41,18,22,3374,3934
2023-03-22 10:55:41,18,21,3374,3934
2023-03-22 10:55:43,18,20,3374,3934
2023-03-22 10:56:18,17,20,3374,3934
2023-03-22 10:56:18,18,20,3374,3934
2023-03-22 10:56:28,17,20,3374,3934
2023-03-22 10:56:28,18,20,3374,3934
2023-03-22 10:56:41,17,20,3374,3934
2023-03-22 10:56:41,18,20,3374,3934
2023-03-22 10:57:29,17,20,3374,3934
2023-03-22 10:57:29,18,20,3374,3934
2023-03-22 10:57:42,17,20,3374,3934
2023-03-22 10:57:54,18,20,3374,3934
2023-03-22 10:58:18,17,20,3374,3934
2023-03-22 10:58:29,18,20,3374,3934
2023-03-22 10:59:40,17,20,3374,3934
2023-03-22 11:00:41,18,20,3374,3934
2023-03-22 11:00:55,17,20,3374,3934
2023-03-22 11:08:40,17,19,3374,3934
2023-03-22 11:08:52,16,19,3374,3934
2023-03-22 11:08:52,16,20,3374,3934
2023-03-22 11:08:52,17,20,3374,3934
2023-03-22 11:08:52,17,19,3374,3934
2023-03-22 11:09:19,16,19,3374,3934
2023-03-22 11:09:19,16,20,3374,3934
2023-03-22 11:09:19,17,20,3374,3934
2023-03-22 11:09:19,17,19,3374,3934
2023-03-22 11:09:28,16,19,3374,3934
2023-03-22 11:09:28,16,20,3374,3934
2023-03-22 11:09:29,17,20,3374,3934
2023-03-22 11:09:29,17,19,3374,3934
2023-03-22 11:09:40,16,19,3374,3934
2023-03-22 11:09:40,16,20,3374,3934
2023-03-22 11:09:40,17,20,3374,3934
2023-03-22 11:09:40,17,19,3374,3934
2023-03-22 11:09:52,16,19,3374,3934
2023-03-22 11:09:52,16,20,3374,3934
2023-03-22 11:09:52,17,20,3374,3934
2023-03-22 11:09:52,17,19,3374,3934
2023-03-22 11:10:31,16,19,3374,3934
2023-03-22 11:10:31,16,20,3374,3934
2023-03-22 11:10:31,17,20,3374,3934
2023-03-22 11:10:31,17,19,3374,3934
2023-03-22 11:10:43,16,19,3374,3934
2023-03-22 11:10:43,16,20,3374,3934
2023-03-22 11:10:43,17,20,3374,3934
2023-03-22 11:10:43,17,19,3374,3934
2023-03-22 11:11:30,16,19,3374,3934
2023-03-22 11:11:31,16,20,3374,3934
2023-03-22 11:11:31,17,20,3374,3934
2023-03-22 11:11:31,17,19,3374,3934
2023-03-22 11:11:40,16,19,3374,3934
2023-03-22 11:11:40,16,20,3374,3934
2023-03-22 11:11:40,17,20,3374,3934
2023-03-22 11:11:40,17,19,3374,3934
2023-03-22 11:12:19,16,19,3374,3934
2023-03-22 11:12:19,16,20,3374,3934
2023-03-22 11:12:19,16,19,3374,3934
2023-03-22 11:12:40,16,20,3374,3934
2023-03-22 11:12:40,17,20,3374,3934
2023-03-22 11:12:40,17,19,3374,3934
2023-03-22 11:12:52,16,17,3374,3957
2023-03-22 11:13:00,16,19,3374,3957
2023-03-22 11:13:04,15,19,3374,3957
2023-03-22 11:13:15,15,20,3374,3957
2023-03-22 11:13:15,15,18,3374,3957
2023-03-22 11:13:28,15,20,3374,3957
2023-03-22 11:13:28,15,18,3374,3957
2023-03-22 11:13:51,15,20,3374,3957
2023-03-22 11:13:51,15,18,3374,3957
2023-03-22 11:14:19,15,20,3374,3957
2023-03-22 11:14:19,16,20,3374,3957
2023-03-22 11:14:19,16,18,3374,3957
2023-03-22 11:14:30,15,18,3374,3957
2023-03-22 11:14:30,15,20,3374,3957
2023-03-22 11:14:30,16,20,3374,3957
2023-03-22 11:14:30,16,18,3374,3957
2023-03-22 11:14:55,15,18,3374,3957
2023-03-22 11:14:55,15,20,3374,3957
2023-03-22 11:14:55,16,20,3374,3957
2023-03-22 11:14:55,16,18,3374,3957
2023-03-22 11:16:28,15,18,3374,3957
2023-03-22 11:16:28,15,20,3374,3957
2023-03-22 11:16:28,16,20,3374,3957
2023-03-22 11:16:28,16,19,3374,3957
2023-03-22 11:16:49,15,19,3374,3957
2023-03-22 11:16:49,15,20,3374,3957
2023-03-22 11:16:49,16,20,3374,3957
2023-03-22 11:16:49,16,18,3374,3957
2023-03-22 11:17:17,15,18,3374,3957
2023-03-22 11:17:17,15,20,3374,3957
2023-03-22 11:17:17,16,20,3374,3957
2023-03-22 11:17:17,16,18,3374,3957
2023-03-22 11:17:31,15,18,3374,3957
2023-03-22 11:17:31,15,20,3374,3957
2023-03-22 11:17:31,16,20,3374,3957
2023-03-22 11:17:31,16,18,3374,3957
2023-03-22 11:17:42,15,18,3374,3957
2023-03-22 11:17:42,15,20,3374,3957
2023-03-22 11:17:42,16,20,3374,3957
2023-03-22 11:17:42,16,19,3374,3957
2023-03-22 11:18:19,16,20,3374,3957
2023-03-22 11:18:19,16,19,3374,3957
2023-03-22 11:18:41,16,20,3374,3957
2023-03-22 11:18:41,16,18,3374,3957
2023-03-22 11:18:52,15,18,3374,3957
2023-03-22 11:18:52,16,18,3374,3957
2023-03-22 11:19:39,15,18,3374,3957
2023-03-22 11:19:39,15,20,3374,3957
2023-03-22 11:19:39,16,20,3374,3957
2023-03-22 11:19:39,16,18,3374,3957
2023-03-22 11:20:31,15,18,3374,3957
2023-03-22 11:20:31,16,18,3374,3957
2023-03-22 11:20:43,16,20,3374,3957
2023-03-22 11:20:43,16,18,3374,3957
2023-03-22 11:20:54,15,18,3374,3957
2023-03-22 11:20:54,15,20,3374,3957
2023-03-22 11:20:54,16,20,3374,3957
2023-03-22 11:20:54,16,19,3374,3957
2023-03-22 11:21:17,15,19,3374,3957
2023-03-22 11:21:17,15,20,3374,3957
2023-03-22 11:21:17,16,20,3374,3957
2023-03-22 11:21:17,16,18,3374,3957
2023-03-22 11:21:29,15,18,3374,3957
2023-03-22 11:21:29,15,20,3374,3957
2023-03-22 11:21:29,16,20,3374,3957
2023-03-22 11:21:29,16,19,3374,3957
2023-03-22 11:22:28,16,20,3374,3957
2023-03-22 11:22:28,16,19,3374,3957
2023-03-22 11:22:41,16,20,3374,3957
2023-03-22 11:22:41,16,18,3374,3957
2023-03-22 11:22:55,16,20,3374,3957
2023-03-22 11:22:55,16,19,3374,3957
2023-03-22 11:23:16,15,19,3374,3957
2023-03-22 11:23:16,15,20,3374,3957
2023-03-22 11:23:16,16,20,3374,3957
2023-03-22 11:23:16,16,19,3374,3957
2023-03-22 11:23:28,16,20,3374,3957
2023-03-22 11:23:28,16,19,3374,3957
2023-03-22 11:23:41,16,20,3374,3957
2023-03-22 11:23:41,16,19,3374,3957
2023-03-22 11:24:17,15,19,3374,3957
2023-03-22 11:24:17,15,20,3374,3957
2023-03-22 11:24:17,16,20,3374,3957
2023-03-22 11:24:17,16,19,3374,3957
2023-03-22 11:24:55,16,20,3374,3957
2023-03-22 11:24:55,16,19,3374,3957
2023-03-22 11:25:20,16,20,3374,3957
2023-03-22 11:25:20,16,19,3374,3957
2023-03-22 11:25:55,16,21,3374,3957
2023-03-22 11:25:55,16,19,3374,3957
2023-03-22 11:27:18,16,21,3374,3957
2023-03-22 11:27:18,16,19,3374,3957
2023-03-22 11:27:29,16,21,3374,3957
2023-03-22 11:27:29,16,19,3374,3957
2023-03-22 11:28:31,16,21,3374,3957
2023-03-22 11:28:31,16,19,3374,3957
2023-03-22 11:28:54,16,21,3374,3957
2023-03-22 11:28:54,16,19,3374,3957
2023-03-22 11:28:59,18,19,3374,3957
2023-03-22 11:29:00,16,18,3424,4007
2023-03-22 11:29:14,16,19,3424,4007
2023-03-22 11:29:18,16,21,3424,4007
2023-03-22 11:29:18,16,19,3424,4007
2023-03-22 11:29:56,16,21,3424,4007
2023-03-22 11:29:56,16,19,3424,4007
2023-03-22 11:30:19,16,21,3424,4007
2023-03-22 11:30:19,16,19,3424,4007
2023-03-22 11:31:21,16,21,3424,4007
2023-03-22 11:31:22,16,19,3424,4007
2023-03-22 11:31:55,16,21,3424,4007
2023-03-22 11:31:55,17,21,3424,4007
2023-03-22 11:31:55,17,19,3424,4007
2023-03-22 11:32:19,16,19,3424,4007
2023-03-22 11:32:19,16,21,3424,4007
2023-03-22 11:32:19,17,21,3424,4007
2023-03-22 11:32:19,17,19,3424,4007
2023-03-22 11:32:53,16,19,3424,4007
2023-03-22 11:32:53,16,21,3424,4007
2023-03-22 11:32:53,17,21,3424,4007
2023-03-22 11:32:53,17,19,3424,4007
2023-03-22 11:33:31,16,19,3424,4007
2023-03-22 11:33:31,16,21,3424,4007
2023-03-22 11:33:31,17,21,3424,4007
2023-03-22 11:33:31,17,19,3424,4007
2023-03-22 11:33:43,16,19,3424,4007
2023-03-22 11:33:43,16,21,3424,4007
2023-03-22 11:33:43,17,21,3424,4007
2023-03-22 11:33:43,17,19,3424,4007
2023-03-22 11:33:54,16,19,3424,4007
2023-03-22 11:33:54,16,21,3424,4007
2023-03-22 11:33:54,16,19,3424,4007
2023-03-22 11:35:18,16,21,3424,4007
2023-03-22 11:35:18,16,19,3424,4007
2023-03-22 11:35:29,17,19,3424,4007
2023-03-22 11:35:43,17,21,3424,4007
2023-03-22 11:35:43,17,19,3424,4007
2023-03-22 11:36:17,16,19,3424,4007
2023-03-22 11:36:17,16,21,3424,4007
2023-03-22 11:36:17,17,21,3424,4007
2023-03-22 11:36:17,17,19,3424,4007
2023-03-22 11:36:57,16,19,3424,4007
2023-03-22 11:36:57,16,21,3424,4007
2023-03-22 11:36:57,16,19,3424,4007
2023-03-22 11:37:18,16,21,3424,4007
2023-03-22 11:37:18,16,19,3424,4007
2023-03-22 11:37:53,16,21,3424,4007
2023-03-22 11:37:53,16,19,3424,4007
2023-03-22 11:38:19,16,21,3424,4007
2023-03-22 11:38:19,16,19,3424,4007
2023-03-22 11:38:28,16,21,3424,4007
2023-03-22 11:38:28,16,19,3424,4007
2023-03-22 11:38:56,16,21,3424,4007
2023-03-22 11:38:56,16,19,3424,4007
2023-03-22 11:39:16,16,21,3424,4007
2023-03-22 11:39:17,17,21,3424,4007
2023-03-22 11:39:17,17,19,3424,4007
2023-03-22 11:39:27,16,19,3424,4007
2023-03-22 11:39:27,16,21,3424,4007
2023-03-22 11:39:27,17,21,3424,4007
2023-03-22 11:39:28,17,19,3424,4007
2023-03-22 11:39:41,16,19,3424,4007
2023-03-22 11:39:41,16,21,3424,4007
2023-03-22 11:39:41,17,21,3424,4007
2023-03-22 11:39:41,17,19,3424,4007
2023-03-22 11:40:21,16,19,3424,4007
2023-03-22 11:40:21,16,21,3424,4007
2023-03-22 11:40:21,16,19,3424,4007
2023-03-22 11:40:52,16,21,3424,4007
2023-03-22 11:40:52,17,21,3424,4007
2023-03-22 11:40:52,17,19,3424,4007
2023-03-22 11:41:29,16,19,3424,4007
2023-03-22 11:41:29,16,21,3424,4007
2023-03-22 11:41:29,16,19,3424,4007
2023-03-22 11:42:42,16,21,3424,4007
2023-03-22 11:42:42,16,19,3424,4007
2023-03-22 11:43:32,16,21,3424,4007
2023-03-22 11:43:32,16,19,3424,4007
2023-03-22 11:43:53,16,21,3424,4007
2023-03-22 11:43:53,16,19,3424,4007
2023-03-22 11:44:17,16,21,3424,4007
2023-03-22 11:44:17,16,19,3424,4007
2023-03-22 11:44:41,16,21,3424,4007
2023-03-22 11:44:41,16,19,3424,4007
2023-03-22 11:45:21,16,21,3424,4007
2023-03-22 11:45:21,16,20,3424,4007
2023-03-22 11:45:21,16,18,3424,4007
2023-03-22 11:45:29,16,20,3424,4007
2023-03-22 11:45:29,16,21,3424,4007
2023-03-22 11:45:29,16,19,3424,4007
2023-03-22 11:46:16,16,21,3424,4007
2023-03-22 11:46:17,16,19,3424,4007
2023-03-22 11:46:41,16,21,3424,4007
2023-03-22 11:46:41,16,19,3424,4007
2023-03-22 11:47:29,16,21,3424,4007
2023-03-22 11:47:29,16,19,3424,4007
2023-03-22 11:48:18,16,21,3424,4007
2023-03-22 11:48:18,16,19,3424,4007
2023-03-22 11:49:17,16,21,3424,4007
2023-03-22 11:49:17,16,19,3424,4007
2023-03-22 11:49:50,16,21,3424,4007
2023-03-22 11:49:50,16,19,3424,4007
2023-03-22 11:50:18,16,21,3424,4007
2023-03-22 11:50:18,16,19,3424,4007
2023-03-22 11:50:39,16,21,3424,4007
2023-03-22 11:50:39,16,19,3424,4007
2023-03-22 11:51:18,16,21,3424,4007
2023-03-22 11:51:19,16,19,3424,4007
2023-03-22 11:53:41,16,21,3424,4007
2023-03-22 11:53:41,16,19,3424,4007
2023-03-22 11:54:18,16,21,3424,4007
2023-03-22 11:54:19,16,19,3424,4007
2023-03-22 11:54:28,16,21,3424,4007
2023-03-22 11:54:28,17,21,3424,4007
2023-03-22 11:54:28,17,19,3424,4007
2023-03-22 11:54:39,16,19,3424,4007
2023-03-22 11:54:39,16,21,3424,4007
2023-03-22 11:54:39,16,19,3424,4007
2023-03-22 11:55:21,16,21,3424,4007
2023-03-22 11:55:21,16,19,3424,4007
2023-03-22 11:55:43,16,21,3424,4007
2023-03-22 11:55:43,16,19,3424,4007
2023-03-22 11:57:18,16,21,3424,4007
2023-03-22 11:57:19,16,19,3424,4007
2023-03-22 11:58:13,16,18,3424,4007
2023-03-22 12:06:08,16,18,3424,4112
2023-03-22 12:08:27,15,18,3424,4112
2023-03-22 12:12:21,15,17,3424,4112
2023-03-22 12:12:31,15,18,3424,4112
2023-03-22 12:12:43,15,17,3424,4112
2023-03-22 12:12:49,16,17,3424,4112
2023-03-22 12:12:50,15,17,3474,4162
2023-03-22 12:13:18,15,18,3474,4162
2023-03-22 12:13:18,15,17,3474,4162
2023-03-22 12:13:32,15,18,3474,4162
2023-03-22 12:13:32,15,17,3474,4162
2023-03-22 12:13:59,15,17,3474,4217
2023-03-22 12:14:18,15,18,3474,4217
2023-03-22 12:14:18,15,17,3474,4217
2023-03-22 12:15:21,15,18,3474,4217
2023-03-22 12:15:21,15,17,3474,4217
2023-03-22 12:15:29,15,18,3474,4217
2023-03-22 12:15:29,15,17,3474,4217
2023-03-22 12:15:41,15,18,3474,4217
2023-03-22 12:15:41,15,17,3474,4217
2023-03-22 12:16:17,15,18,3474,4217
2023-03-22 12:16:17,15,17,3474,4217
2023-03-22 12:16:30,15,18,3474,4217
2023-03-22 12:16:30,15,17,3474,4217
2023-03-22 12:17:09,15,17,3474,4293
2023-03-22 12:17:16,15,18,3474,4293
2023-03-22 12:17:16,15,17,3474,4293
2023-03-22 12:17:28,15,18,3474,4293
2023-03-22 12:17:28,15,17,3474,4293
2023-03-22 12:17:51,15,18,3474,4293
2023-03-22 12:17:51,15,17,3474,4293
2023-03-22 12:18:21,15,16,3474,4293
2023-03-22 12:18:44,15,16,3424,4343
2023-03-22 12:18:48,15,17,3424,4343
2023-03-22 12:18:52,15,18,3424,4343
2023-03-22 12:18:52,15,17,3424,4343
2023-03-22 12:19:28,15,18,3424,4343
2023-03-22 12:19:28,15,17,3424,4343
2023-03-22 12:20:20,15,18,3424,4343
2023-03-22 12:20:20,15,17,3424,4343
2023-03-22 12:20:30,15,18,3424,4343
2023-03-22 12:20:30,15,17,3424,4343
2023-03-22 12:21:18,15,18,3424,4343
2023-03-22 12:21:19,15,17,3424,4343
2023-03-22 12:21:44,14,17,3424,4343
2023-03-22 12:24:19,15,17,3424,4343
2023-03-22 12:24:30,14,17,3424,4343
2023-03-22 12:24:30,15,17,3424,4343
2023-03-22 12:24:50,14,17,3424,4343
2023-03-22 12:24:50,15,17,3424,4343
2023-03-22 12:25:19,14,17,3424,4343
2023-03-22 12:25:19,15,17,3424,4343
2023-03-22 12:25:53,14,17,3424,4343
2023-03-22 12:25:53,15,17,3424,4343
2023-03-22 12:26:15,14,17,3424,4343
2023-03-22 12:26:16,15,17,3424,4343
2023-03-22 12:26:51,14,17,3424,4343
2023-03-22 12:26:51,15,17,3424,4343
2023-03-22 12:27:16,14,17,3424,4343
2023-03-22 12:27:16,15,17,3424,4343
2023-03-22 12:27:28,14,17,3424,4343
2023-03-22 12:27:28,15,17,3424,4343
2023-03-22 12:27:37,14,17,3424,4343
2023-03-22 12:27:37,15,17,3424,4343
2023-03-22 12:27:51,14,17,3424,4343
2023-03-22 12:27:51,15,17,3424,4343
2023-03-22 12:28:18,14,17,3424,4343
2023-03-22 12:28:19,15,17,3424,4343
2023-03-22 12:28:31,14,17,3424,4343
2023-03-22 12:28:31,15,17,3424,4343
2023-03-22 12:28:40,14,17,3424,4343
2023-03-22 12:28:40,15,17,3424,4343
2023-03-22 12:28:54,14,17,3424,4343
2023-03-22 12:28:54,15,17,3424,4343
2023-03-22 12:29:18,14,17,3424,4343
2023-03-22 12:29:18,15,17,3424,4343
2023-03-22 12:29:43,14,17,3424,4343
2023-03-22 12:29:43,15,17,3424,4343
2023-03-22 12:30:19,14,17,3424,4343
2023-03-22 12:30:43,15,17,3424,4343
2023-03-22 12:30:53,14,17,3424,4343
2023-03-22 12:31:18,15,17,3424,4343
2023-03-22 12:31:30,14,17,3424,4343
2023-03-22 12:31:30,15,17,3424,4343
2023-03-22 12:32:20,14,17,3424,4343
2023-03-22 12:32:21,15,17,3424,4343
2023-03-22 12:32:29,14,17,3424,4343
2023-03-22 12:33:17,14,15,3424,4343
2023-03-22 12:40:59,14,15,3428,4446
2023-03-22 12:56:20,14,15,3428,4528
2023-03-22 13:00:11,14,15,3428,4603
2023-03-22 13:02:05,13,15,3428,4603
2023-03-22 13:02:44,13,14,3428,4603
2023-03-22 13:05:24,13,14,3428,4613
2023-03-22 13:06:22,13,14,3428,4646
2023-03-22 13:12:32,13,14,3438,4656
2023-03-22 13:14:43,13,14,3438,4678
2023-03-22 13:15:21,13,14,3438,4700
2023-03-22 13:16:27,13,14,3438,4721
2023-03-22 13:16:41,13,14,3438,4742
2023-03-22 13:16:51,13,14,3468,4772
2023-03-22 13:16:52,13,16,3468,4772
2023-03-22 13:20:31,14,16,3468,4772
2023-03-22 13:21:19,13,16,3468,4772
2023-03-22 13:21:19,14,16,3468,4772
2023-03-22 13:21:28,13,16,3468,4772
2023-03-22 13:21:28,14,16,3468,4772
2023-03-22 13:21:50,13,16,3468,4772
2023-03-22 13:21:50,14,16,3468,4772
2023-03-22 13:23:19,13,16,3468,4772
2023-03-22 13:23:19,14,16,3468,4772
2023-03-22 13:23:29,13,16,3468,4772
2023-03-22 13:23:30,14,16,3468,4772
2023-03-22 13:23:42,13,16,3468,4772
2023-03-22 13:23:42,14,16,3468,4772
2023-03-22 13:24:30,13,16,3468,4772
2023-03-22 13:24:30,14,16,3468,4772
2023-03-22 13:24:52,13,16,3468,4772
2023-03-22 13:24:52,14,16,3468,4772
2023-03-22 13:25:19,14,15,3468,4772
2023-03-22 13:25:28,13,15,3468,4772
2023-03-22 13:25:29,14,15,3468,4772
2023-03-22 13:25:40,13,15,3468,4772
2023-03-22 13:25:41,14,15,3468,4772
2023-03-22 13:26:43,13,15,3468,4772
2023-03-22 13:26:43,14,15,3468,4772
2023-03-22 13:29:27,14,15,3518,4822
2023-03-22 13:29:34,14,15,3568,4872
2023-03-22 13:29:36,14,15,3618,4922
2023-03-22 13:29:37,14,16,3618,4922
2023-03-22 13:29:38,14,16,3668,4972
2023-03-22 13:29:41,14,17,3668,4972
2023-03-22 13:29:41,14,16,3668,4972
2023-03-22 13:29:42,14,16,3718,5022
2023-03-22 13:29:49,16,17,3727,5031
2023-03-22 13:29:53,14,16,3727,5031
2023-03-22 13:29:57,14,16,3777,5081
2023-03-22 13:29:59,16,17,3788,5092
2023-03-22 13:30:29,15,17,3788,5092
2023-03-22 13:30:33,16,17,3788,5092
2023-03-22 13:31:17,15,17,3788,5092
2023-03-22 13:31:18,15,17,3838,5142
2023-03-22 13:31:19,16,17,3838,5142
2023-03-22 13:31:31,15,17,3838,5142
2023-03-22 13:31:34,16,17,3838,5142
2023-03-22 13:31:37,15,17,3838,5142
2023-03-22 13:31:41,14,17,3838,5142
2023-03-22 13:31:42,15,17,3838,5142
2023-03-22 13:31:45,16,17,3838,5142
2023-03-22 13:31:54,14,17,3838,5142
2023-03-22 13:31:54,15,17,3838,5142
2023-03-22 13:32:30,14,17,3838,5142
2023-03-22 13:32:30,15,17,3838,5142
2023-03-22 13:32:42,14,17,3838,5142
2023-03-22 13:32:42,15,17,3838,5142
2023-03-22 13:32:54,14,17,3838,5142
2023-03-22 13:32:54,15,17,3838,5142
2023-03-22 13:33:12,16,17,3838,5142
2023-03-22 13:33:18,15,17,3838,5142
2023-03-22 13:33:18,14,17,3838,5142
2023-03-22 13:33:18,15,17,3838,5142
2023-03-22 13:33:39,15,17,4138,5442
2023-03-22 13:33:51,16,17,4138,5442
2023-03-22 13:33:54,15,17,4138,5442
2023-03-22 13:34:18,14,17,4138,5442
2023-03-22 13:34:19,16,17,4138,5442
2023-03-22 13:34:28,14,17,4138,5442
2023-03-22 13:34:38,16,17,4138,5442
2023-03-22 13:34:41,14,17,4138,5442
2023-03-22 13:34:58,15,17,4138,5442
2023-03-22 13:35:19,14,17,4138,5442
2023-03-22 13:35:21,16,17,4138,5442
2023-03-22 13:35:30,14,17,4138,5442
2023-03-22 13:35:34,14,17,4188,5492
2023-03-22 13:35:40,16,17,4188,5492
2023-03-22 13:35:42,14,17,4188,5492
2023-03-22 13:35:55,14,18,4188,5492
2023-03-22 13:35:55,14,17,4188,5492
2023-03-22 13:36:19,16,17,4188,5492
2023-03-22 13:36:40,14,17,4188,5492
2023-03-22 13:36:40,14,18,4188,5492
2023-03-22 13:36:40,14,16,4188,5492
2023-03-22 13:36:41,16,18,4206,5510
2023-03-22 13:36:44,14,17,4206,5510
2023-03-22 13:36:47,14,18,4206,5510
2023-03-22 13:36:49,14,17,4206,5510
2023-03-22 13:37:17,14,18,4206,5510
2023-03-22 13:37:17,14,16,4206,5510
2023-03-22 13:37:39,14,18,4206,5510
2023-03-22 13:37:39,14,17,4206,5510
2023-03-22 13:38:19,16,17,4206,5510
2023-03-22 13:38:20,14,17,4206,5510
2023-03-22 13:38:20,16,17,4206,5510
2023-03-22 13:38:29,14,17,4206,5510
2023-03-22 13:38:32,14,18,4206,5510
2023-03-22 13:38:32,14,17,4206,5510
2023-03-22 13:38:48,14,16,4206,5510
2023-03-22 13:39:11,14,16,4256,5560
2023-03-22 13:39:18,14,16,4306,5610
2023-03-22 13:39:23,14,16,4356,5660
2023-03-22 13:39:24,14,17,4356,5660
2023-03-22 13:39:26,16,17,4356,5660
2023-03-22 13:39:28,14,17,4356,5660
2023-03-22 13:39:28,14,18,4356,5660
2023-03-22 13:39:28,14,17,4356,5660
2023-03-22 13:39:34,16,17,4356,5660
2023-03-22 13:39:41,14,17,4356,5660
2023-03-22 13:39:42,16,17,4356,5660
2023-03-22 13:39:43,14,17,4356,5660
2023-03-22 13:40:20,14,18,4356,5660
2023-03-22 13:40:20,14,16,4356,5660
2023-03-22 13:40:28,16,18,4375,5679
2023-03-22 13:40:30,14,18,4375,5679
2023-03-22 13:40:30,14,17,4375,5679
2023-03-22 13:40:51,16,17,4375,5679
2023-03-22 13:40:53,14,17,4375,5679
2023-03-22 13:41:21,15,17,4375,5679
2023-03-22 13:41:27,14,17,4375,5679
2023-03-22 13:41:27,14,18,4375,5679
2023-03-22 13:41:27,14,16,4375,5679
2023-03-22 13:41:37,16,18,4393,5697
2023-03-22 13:41:50,14,18,4393,5697
2023-03-22 13:41:50,14,17,4393,5697
2023-03-22 13:42:20,14,18,4393,5697
2023-03-22 13:42:20,14,17,4393,5697
2023-03-22 13:42:53,16,17,4393,5697
2023-03-22 13:42:55,14,17,4393,5697
2023-03-22 13:42:55,16,17,4393,5697
2023-03-22 13:43:29,14,17,4393,5697
2023-03-22 13:44:28,14,18,4393,5697
2023-03-22 13:44:28,15,18,4393,5697
2023-03-22 13:44:28,15,17,4393,5697
2023-03-22 13:45:00,15,17,4443,5747
2023-03-22 13:45:19,14,17,4443,5747
2023-03-22 13:45:19,14,18,4443,5747
2023-03-22 13:45:20,15,18,4443,5747
2023-03-22 13:45:20,15,17,4443,5747
2023-03-22 13:45:42,15,18,4443,5747
2023-03-22 13:45:42,15,17,4443,5747
2023-03-22 13:46:49,15,18,4443,5747
2023-03-22 13:46:50,15,17,4443,5747
2023-03-22 13:47:16,14,17,4443,5747
2023-03-22 13:47:16,15,17,4443,5747
2023-03-22 13:47:28,14,17,4443,5747
2023-03-22 13:47:28,14,18,4443,5747
2023-03-22 13:47:28,15,18,4443,5747
2023-03-22 13:47:28,15,17,4443,5747
2023-03-22 13:47:51,14,17,4443,5747
2023-03-22 13:47:51,14,18,4443,5747
2023-03-22 13:47:52,15,18,4443,5747
2023-03-22 13:47:52,15,17,4443,5747
2023-03-22 13:48:12,16,17,4443,5747
2023-03-22 13:48:16,15,17,4443,5747
2023-03-22 13:48:29,14,17,4443,5747
2023-03-22 13:48:29,14,18,4443,5747
2023-03-22 13:51:33,16,18,4443,5747
2023-03-22 13:51:36,14,18,4443,5747
2023-03-22 13:52:23,17,18,4443,5747
2023-03-22 13:52:24,14,18,4443,5747
2023-03-22 13:52:24,17,18,4443,5747
2023-03-22 13:52:31,14,18,4443,5747
2023-03-22 13:53:16,17,18,4443,5747
2023-03-22 13:53:22,14,18,4443,5747
2023-03-22 13:56:22,15,18,4443,5747
2023-03-22 13:57:10,17,18,4443,5747
2023-03-22 13:58:06,15,18,4443,5747
2023-03-22 13:58:29,16,18,4443,5747
2023-03-22 14:00:26,16,20,4443,5749
2023-03-22 14:00:26,17,20,4443,5749
2023-03-22 14:00:32,17,30,4443,5749
2023-03-22 14:00:32,17,22,4443,5749
2023-03-22 14:00:36,18,22,4443,5869
2023-03-22 14:00:36,19,22,4443,5869
2023-03-22 14:00:42,19,22,4443,5957
2023-03-22 14:00:48,20,22,4443,5957
2023-03-22 14:01:17,20,30,4443,5957
2023-03-22 14:01:17,20,22,4443,5957
2023-03-22 14:01:17,19,22,4443,5957
2023-03-22 14:01:39,18,22,4443,5957
2023-03-22 14:02:00,19,22,4443,5957
2023-03-22 14:02:25,18,22,4443,5957
2023-03-22 14:02:40,18,22,4443,6002
2023-03-22 14:02:40,18,30,4443,6002
2023-03-22 14:02:40,17,30,4443,6002
2023-03-22 14:02:43,16,20,4443,6002
2023-03-22 14:03:05,17,20,4443,6002
2023-03-22 14:03:26,18,20,4443,6002
2023-03-22 14:04:02,19,22,4443,6002
2023-03-22 14:04:13,19,30,4443,6053
2023-03-22 14:04:26,20,30,4443,6053
2023-03-22 14:05:09,21,30,4443,6053
2023-03-22 14:05:14,22,30,4443,6053
2023-03-22 14:05:34,23,30,4443,6053
2023-03-22 14:05:56,23,29,4443,6053
2023-03-22 14:06:06,23,30,4443,6113
2023-03-22 14:06:06,24,30,4443,6113
2023-03-22 14:06:12,24,34,4433,6123
2023-03-22 14:06:15,25,34,4433,6123
2023-03-22 14:06:40,29,34,4433,6123
2023-03-22 14:06:47,25,29,4631,6321
2023-03-22 14:06:47,25,34,4631,6323
2023-03-22 14:07:03,25,30,4631,6323
2023-03-22 14:07:15,24,30,4631,6323
2023-03-22 14:07:18,23,30,4631,6323
2023-03-22 14:07:28,23,29,4631,6323
2023-03-22 14:08:06,22,29,4631,6323
2023-03-22 14:08:10,22,28,4631,6323
2023-03-22 14:08:36,21,28,4631,6323
2023-03-22 14:08:45,20,28,4631,6323
2023-03-22 14:08:52,20,29,4691,6425
2023-03-22 14:09:14,20,26,4691,6425
2023-03-22 14:10:44,19,26,4691,6425
2023-03-22 14:11:22,19,25,4691,6425
2023-03-22 14:11:39,18,25,4691,6425
2023-03-22 14:12:30,19,25,4691,6425
2023-03-22 14:12:35,22,25,4691,6425
2023-03-22 14:12:54,19,25,4691,6425
2023-03-22 14:13:20,18,25,4691,6425
2023-03-22 14:13:21,18,25,4691,6464
2023-03-22 14:13:21,17,25,4691,6850
2023-03-22 14:13:22,17,20,4691,6850
2023-03-22 14:13:27,16,20,4691,6850
2023-03-22 14:13:28,16,19,4691,6850
2023-03-22 14:13:28,16,19,4716,6875
2023-03-22 14:13:38,15,19,5016,7244
2023-03-22 14:13:38,15,19,5016,7269
2023-03-22 14:13:38,15,19,5186,7789
2023-03-22 14:13:39,15,18,5186,7789
2023-03-22 14:14:09,15,18,5186,7819
2023-03-22 14:14:11,15,18,5327,7960
2023-03-22 14:14:27,15,18,5327,8010
2023-03-22 14:14:28,15,18,5327,8166
2023-03-22 14:14:40,15,18,5429,8268
2023-03-22 14:15:01,15,18,5532,8371
2023-03-22 14:15:16,15,19,5532,8371
2023-03-22 14:15:18,15,19,5561,8400
2023-03-22 14:15:19,15,17,5561,8400
2023-03-22 14:15:30,15,19,5561,8400
2023-03-22 14:15:30,15,17,5561,8400
2023-03-22 14:15:36,15,17,5580,8419
2023-03-22 14:15:43,15,19,5580,8419
2023-03-22 14:15:43,15,17,5580,8419
2023-03-22 14:15:43,17,19,5580,8468
2023-03-22 14:15:53,14,19,5580,8468
2023-03-22 14:15:53,14,20,5580,8468
2023-03-22 14:15:53,16,20,5580,8468
2023-03-22 14:15:53,16,18,5580,8468
2023-03-22 14:16:19,14,18,5580,8468
2023-03-22 14:16:19,14,20,5580,8468
2023-03-22 14:16:19,15,20,5580,8468
2023-03-22 14:16:19,15,18,5580,8468
2023-03-22 14:16:31,15,17,5580,8468
2023-03-22 14:16:39,15,16,5580,8468
2023-03-22 14:16:48,16,17,5580,8572
2023-03-22 14:16:55,15,17,5580,8572
2023-03-22 14:16:55,14,17,5580,8572
2023-03-22 14:16:55,12,17,5580,8572
2023-03-22 14:16:55,12,19,5580,8572
2023-03-22 14:16:56,13,19,5580,8572
2023-03-22 14:16:56,15,19,5580,8572
2023-03-22 14:16:56,15,17,5580,8572
2023-03-22 14:17:14,17,19,5580,8594
2023-03-22 14:17:30,16,19,5580,8594
2023-03-22 14:17:30,17,19,5580,8594
2023-03-22 14:17:44,16,19,5580,8594
2023-03-22 14:17:55,12,19,5580,8594
2023-03-22 14:17:55,15,19,5580,8594
2023-03-22 14:17:55,16,19,5580,8594
2023-03-22 14:17:55,16,18,5580,8594
2023-03-22 14:18:18,15,18,5580,8594
2023-03-22 14:18:18,15,19,5580,8594
2023-03-22 14:18:18,16,19,5580,8594
2023-03-22 14:18:18,16,18,5580,8594
2023-03-22 14:18:28,15,18,5580,8594
2023-03-22 14:18:28,12,18,5580,8594
2023-03-22 14:18:28,12,20,5580,8594
2023-03-22 14:18:28,15,20,5580,8594
2023-03-22 14:18:28,17,20,5580,8594
2023-03-22 14:18:28,17,19,5580,8594
2023-03-22 14:18:41,15,19,5580,8594
2023-03-22 14:18:41,15,20,5580,8594
2023-03-22 14:18:42,17,20,5580,8594
2023-03-22 14:18:42,17,19,5580,8594
2023-03-22 14:18:52,15,19,5580,8594
2023-03-22 14:18:52,15,20,5580,8594
2023-03-22 14:18:52,17,20,5580,8594
2023-03-22 14:18:52,17,19,5580,8594
2023-03-22 14:19:17,13,19,5580,8594
2023-03-22 14:19:17,13,21,5580,8594
2023-03-22 14:19:18,14,21,5580,8594
2023-03-22 14:19:18,15,21,5580,8594
2023-03-22 14:19:18,17,21,5580,8594
2023-03-22 14:19:18,17,20,5580,8594
2023-03-22 14:19:27,15,20,5580,8594
2023-03-22 14:19:27,15,21,5580,8594
2023-03-22 14:19:27,18,21,5580,8594
2023-03-22 14:19:27,18,20,5580,8594
2023-03-22 14:19:36,18,22,5580,8641
2023-03-22 14:19:40,16,22,5580,8641
2023-03-22 14:19:41,18,22,5580,8641
2023-03-22 14:19:41,18,21,5580,8641
2023-03-22 14:19:53,16,21,5580,8641
2023-03-22 14:19:53,16,22,5580,8641
2023-03-22 14:19:53,19,22,5580,8641
2023-03-22 14:20:20,17,22,5580,8641
2023-03-22 14:20:20,15,22,5580,8641
2023-03-22 14:20:20,16,22,5580,8641
2023-03-22 14:20:21,18,22,5580,8641
2023-03-22 14:20:21,18,21,5580,8641
2023-03-22 14:20:31,16,21,5580,8641
2023-03-22 14:20:31,18,21,5580,8641
2023-03-22 14:20:31,18,20,5580,8641
2023-03-22 14:20:53,16,20,5580,8692
2023-03-22 14:20:55,10,20,5580,8692
2023-03-22 14:20:55,10,21,5580,8692
2023-03-22 14:20:55,14,21,5580,8692
2023-03-22 14:20:55,15,21,5580,8692
2023-03-22 14:20:55,17,21,5580,8692
2023-03-22 14:20:55,17,20,5580,8692
2023-03-22 14:21:04,15,20,5580,8772
2023-03-22 14:21:16,14,20,5580,8772
2023-03-22 14:21:16,16,20,5580,8772
2023-03-22 14:21:16,16,18,5580,8772
2023-03-22 14:21:27,14,18,5580,8772
2023-03-22 14:21:27,14,20,5580,8772
2023-03-22 14:21:27,16,20,5580,8772
2023-03-22 14:21:27,16,18,5580,8772
2023-03-22 14:21:40,14,18,5580,8772
2023-03-22 14:21:40,14,20,5580,8772
2023-03-22 14:21:40,16,20,5580,8772
2023-03-22 14:21:40,16,19,5580,8772
2023-03-22 14:21:54,14,19,5580,8772
2023-03-22 14:21:54,14,21,5580,8772
2023-03-22 14:21:54,15,21,5580,8772
2023-03-22 14:21:54,17,21,5580,8772
2023-03-22 14:21:54,17,19,5580,8772
2023-03-22 14:22:19,14,19,5580,8772
2023-03-22 14:22:19,14,20,5580,8772
2023-03-22 14:22:20,16,20,5580,8772
2023-03-22 14:22:20,16,18,5580,8772
2023-03-22 14:22:30,14,18,5580,8772
2023-03-22 14:22:30,14,20,5580,8772
2023-03-22 14:22:30,16,20,5580,8772
2023-03-22 14:22:30,16,18,5580,8772
2023-03-22 14:22:39,14,18,5580,8772
2023-03-22 14:22:39,14,20,5580,8772
2023-03-22 14:22:40,16,20,5580,8772
2023-03-22 14:22:40,16,18,5580,8772
2023-03-22 14:22:54,13,18,5580,8772
2023-03-22 14:22:54,13,20,5580,8772
2023-03-22 14:22:55,16,20,5580,8772
2023-03-22 14:22:55,16,19,5580,8772
2023-03-22 14:23:18,13,19,5580,8772
2023-03-22 14:23:18,13,20,5580,8772
2023-03-22 14:23:18,14,20,5580,8772
2023-03-22 14:23:18,16,20,5580,8772
2023-03-22 14:23:18,16,19,5580,8772
2023-03-22 14:23:29,16,18,5580,8772
2023-03-22 14:23:41,14,18,5580,8772
2023-03-22 14:23:41,13,18,5580,8772
2023-03-22 14:23:41,13,20,5580,8772
2023-03-22 14:23:41,16,20,5580,8772
2023-03-22 14:23:41,16,19,5580,8772
2023-03-22 14:23:51,14,19,5580,8772
2023-03-22 14:23:51,14,20,5580,8772
2023-03-22 14:23:51,16,20,5580,8772
2023-03-22 14:23:51,16,18,5580,8772
2023-03-22 14:24:17,13,18,5580,8772
2023-03-22 14:24:17,13,19,5580,8772
2023-03-22 14:24:17,15,19,5580,8772
2023-03-22 14:24:17,15,18,5580,8772
2023-03-22 14:24:27,13,18,5580,8772
2023-03-22 14:24:27,13,19,5580,8772
2023-03-22 14:24:27,14,19,5580,8772
2023-03-22 14:24:27,15,19,5580,8772
2023-03-22 14:24:27,15,17,5580,8772
2023-03-22 14:24:39,14,17,5580,8772
2023-03-22 14:24:39,14,19,5580,8772
2023-03-22 14:24:39,15,19,5580,8772
2023-03-22 14:24:40,15,17,5580,8772
2023-03-22 14:24:51,14,17,5580,8772
2023-03-22 14:24:51,14,19,5580,8772
2023-03-22 14:24:51,15,19,5580,8772
2023-03-22 14:24:51,15,18,5580,8772
2023-03-22 14:25:16,14,18,5580,8772
2023-03-22 14:25:16,14,19,5580,8772
2023-03-22 14:25:16,15,19,5580,8772
2023-03-22 14:25:16,15,18,5580,8772
2023-03-22 14:25:24,16,18,5580,8772
2023-03-22 14:25:28,16,20,5580,8772
2023-03-22 14:25:28,16,19,5580,8772
2023-03-22 14:25:28,16,20,5580,8772
2023-03-22 14:25:28,16,19,5580,8772
2023-03-22 14:25:52,16,20,5580,8772
2023-03-22 14:25:52,16,18,5580,8772
2023-03-22 14:26:16,16,20,5580,8772
2023-03-22 14:26:17,16,19,5580,8772
2023-03-22 14:26:17,16,19,5580,8785
2023-03-22 14:26:28,16,20,5580,8785
2023-03-22 14:26:28,16,18,5580,8785
2023-03-22 14:26:41,16,20,5580,8785
2023-03-22 14:26:41,16,19,5580,8785
2023-03-22 14:27:19,16,20,5580,8785
2023-03-22 14:27:19,17,20,5580,8785
2023-03-22 14:27:19,17,19,5580,8785
2023-03-22 14:27:27,16,19,5580,8785
2023-03-22 14:27:27,16,21,5580,8785
2023-03-22 14:27:27,18,21,5580,8785
2023-03-22 14:27:40,16,21,5580,8785
2023-03-22 14:27:40,18,21,5580,8785
2023-03-22 14:27:51,16,21,5580,8785
2023-03-22 14:27:51,18,21,5580,8785
2023-03-22 14:27:51,18,20,5580,8785
2023-03-22 14:28:19,16,20,5580,8785
2023-03-22 14:28:19,16,21,5580,8785
2023-03-22 14:28:19,18,21,5580,8785
2023-03-22 14:28:30,16,21,5580,8785
2023-03-22 14:28:30,19,21,5580,8785
2023-03-22 14:28:39,16,21,5580,8785
2023-03-22 14:28:39,18,21,5580,8785
2023-03-22 14:28:40,18,20,5580,8785
2023-03-22 14:29:18,16,20,5580,8785
2023-03-22 14:29:18,16,22,5580,8785
2023-03-22 14:29:18,19,22,5580,8785
2023-03-22 14:29:18,19,21,5580,8785
2023-03-22 14:29:29,17,21,5580,8785
2023-03-22 14:29:29,17,22,5580,8785
2023-03-22 14:29:29,19,22,5580,8785
2023-03-22 14:29:29,19,21,5580,8785
2023-03-22 14:29:39,17,21,5580,8785
2023-03-22 14:29:39,17,22,5580,8785
2023-03-22 14:29:39,19,22,5580,8785
2023-03-22 14:29:39,19,21,5580,8785
2023-03-22 14:29:54,19,22,5580,8785
2023-03-22 14:29:54,19,21,5580,8785
2023-03-22 14:30:18,17,21,5580,8785
2023-03-22 14:30:18,19,21,5580,8785
2023-03-22 14:30:31,17,21,5580,8785
2023-03-22 14:30:31,17,22,5580,8785
2023-03-22 14:30:31,19,22,5580,8785
2023-03-22 14:30:31,19,21,5580,8785
2023-03-22 14:30:43,17,21,5580,8893
2023-03-22 14:30:54,16,21,5580,8893
2023-03-22 14:30:55,16,20,5580,8893
2023-03-22 14:31:17,16,19,5580,8893
2023-03-22 14:31:28,16,20,5580,8893
2023-03-22 14:31:33,16,22,5580,8920
2023-03-22 14:31:33,20,22,5580,8920
2023-03-22 14:31:38,16,22,5580,8920
2023-03-22 14:31:38,16,23,5580,9010
2023-03-22 14:31:40,16,24,5580,9101
2023-03-22 14:31:41,18,24,5580,9101
2023-03-22 14:31:41,20,24,5580,9101
2023-03-22 14:31:41,20,23,5580,9101
2023-03-22 14:31:51,18,23,5580,9101
2023-03-22 14:31:51,18,24,5580,9101
2023-03-22 14:31:52,20,24,5580,9101
2023-03-22 14:31:52,20,23,5580,9101
2023-03-22 14:32:06,20,25,5580,9111
2023-03-22 14:32:18,18,25,5580,9111
2023-03-22 14:32:18,16,25,5580,9111
2023-03-22 14:32:18,22,25,5580,9111
2023-03-22 14:32:18,22,24,5580,9111
2023-03-22 14:32:23,20,24,5580,9121
2023-03-22 14:32:25,20,23,5580,9121
2023-03-22 14:32:27,20,22,5580,9121
2023-03-22 14:32:30,19,22,5580,9121
2023-03-22 14:32:30,16,22,5580,9121
2023-03-22 14:32:30,20,22,5580,9121
2023-03-22 14:32:31,20,22,5580,9153
2023-03-22 14:32:33,18,21,5580,9197
2023-03-22 14:32:41,17,21,5580,9197
2023-03-22 14:32:41,16,21,5580,9197
2023-03-22 14:32:42,18,21,5580,9197
2023-03-22 14:32:50,16,21,5580,9204
2023-03-22 14:32:52,17,21,5580,9204
2023-03-22 14:32:52,17,20,5580,9204
2023-03-22 14:33:06,16,20,5580,9246
2023-03-22 14:33:11,16,19,5580,9246
2023-03-22 14:33:18,16,18,5580,9246
2023-03-22 14:33:28,16,19,5580,9246
2023-03-22 14:33:28,16,18,5580,9246
2023-03-22 14:33:38,16,20,5580,9246
2023-03-22 14:33:38,16,19,5580,9246
2023-03-22 14:33:49,16,20,5580,9246
2023-03-22 14:33:50,16,19,5580,9246
2023-03-22 14:34:19,16,20,5580,9246
2023-03-22 14:34:19,16,18,5580,9246
2023-03-22 14:34:31,18,19,5580,9264
2023-03-22 14:34:34,18,19,5580,9361
2023-03-22 14:34:41,16,19,5580,9361
2023-03-22 14:34:41,16,20,5580,9361
2023-03-22 14:34:41,16,18,5580,9361
2023-03-22 14:34:52,16,20,5580,9361
2023-03-22 14:34:52,16,19,5580,9361
2023-03-22 14:35:16,16,18,5580,9361
2023-03-22 14:35:16,16,18,5580,9423
2023-03-22 14:35:19,16,17,5580,9423
2023-03-22 14:35:21,14,16,5377,9626
2023-03-22 14:35:32,14,15,5377,9626
2023-03-22 14:35:36,13,15,5371,9632
2023-03-22 14:35:39,12,15,5371,9700
2023-03-22 14:35:41,13,15,5371,9700
2023-03-22 14:35:45,13,14,5371,9700
2023-03-22 14:35:47,12,14,5574,9903
2023-03-22 14:35:54,12,13,5574,9903
2023-03-22 14:35:59,11,13,5574,9903
2023-03-22 14:36:05,10,13,5530,9947
2023-03-22 14:36:19,8,13,5530,9947
2023-03-22 14:36:20,9,13,5530,9947
2023-03-22 14:36:20,9,11,5530,9947
2023-03-22 14:36:20,9,12,5530,9978
2023-03-22 14:36:28,8,12,5530,9978
2023-03-22 14:36:28,8,10,5530,9978
2023-03-22 14:36:29,8,11,5530,10028
2023-03-22 14:36:42,8,11,5398,10160
2023-03-22 14:36:48,7,11,5348,10210
2023-03-22 14:36:51,7,12,5348,10272
2023-03-22 14:36:52,4,12,5348,10272
2023-03-22 14:36:52,4,13,5348,10272
2023-03-22 14:36:52,4,14,5348,10272
2023-03-22 14:36:53,8,14,5348,10272
2023-03-22 14:36:53,8,10,5348,10272
2023-03-22 14:36:56,7,10,5281,10339
2023-03-22 14:36:57,7,11,5281,10355
2023-03-22 14:37:11,7,12,5281,10438
2023-03-22 14:37:17,6,12,5281,10438
2023-03-22 14:37:17,5,12,5281,10438
2023-03-22 14:37:17,5,16,5281,10438
2023-03-22 14:37:17,8,16,5281,10438
2023-03-22 14:37:17,10,16,5281,10438
2023-03-22 14:37:17,10,13,5281,10438
2023-03-22 14:37:21,12,13,5281,10438
2023-03-22 14:37:28,10,13,5281,10472
2023-03-22 14:37:28,5,13,5281,10472
2023-03-22 14:37:28,5,14,5281,10472
2023-03-22 14:37:28,5,17,5281,10472
2023-03-22 14:37:28,13,17,5281,10472
2023-03-22 14:37:29,13,16,5281,10472
2023-03-22 14:37:39,12,16,5281,10472
2023-03-22 14:37:39,12,18,5281,10472
2023-03-22 14:37:39,13,18,5281,10472
2023-03-22 14:37:39,14,18,5281,10472
2023-03-22 14:37:39,14,17,5281,10472
2023-03-22 14:38:19,13,17,5281,10472
2023-03-22 14:38:19,11,17,5281,10472
2023-03-22 14:38:19,11,19,5281,10472
2023-03-22 14:38:19,14,19,5281,10472
2023-03-22 14:38:19,16,19,5281,10472
2023-03-22 14:38:31,14,19,5281,10472
2023-03-22 14:38:31,16,19,5281,10472
2023-03-22 14:38:32,14,19,5281,10521
2023-03-22 14:38:40,13,19,5281,10521
2023-03-22 14:38:40,16,19,5281,10521
2023-03-22 14:39:15,15,19,5281,10521
2023-03-22 14:39:15,13,19,5281,10521
2023-03-22 14:39:15,15,19,5281,10521
2023-03-22 14:39:15,15,18,5281,10521
2023-03-22 14:39:28,13,18,5281,10521
2023-03-22 14:39:29,14,18,5281,10521
2023-03-22 14:39:29,15,18,5281,10521
2023-03-22 14:39:39,15,17,5281,10521
2023-03-22 14:39:39,14,17,5281,10521
2023-03-22 14:39:39,14,18,5281,10521
2023-03-22 14:39:40,15,18,5281,10521
2023-03-22 14:39:40,15,18,5281,10539
2023-03-22 14:39:40,15,17,5281,10539
2023-03-22 14:39:40,14,17,5281,10549
2023-03-22 14:39:40,14,18,5281,10549
2023-03-22 14:39:49,13,18,5281,10549
2023-03-22 14:39:50,14,18,5281,10549
2023-03-22 14:39:50,14,17,5281,10549
2023-03-22 14:40:07,14,19,5281,10588
2023-03-22 14:40:07,17,19,5281,10588
2023-03-22 14:40:13,14,19,5281,10588
2023-03-22 14:40:21,10,19,5281,10588
2023-03-22 14:40:21,10,22,5281,10588
2023-03-22 14:40:21,15,22,5281,10588
2023-03-22 14:40:21,17,22,5281,10588
2023-03-22 14:40:21,17,20,5281,10588
2023-03-22 14:40:29,17,22,5306,10613
2023-03-22 14:40:32,18,22,5306,10613
2023-03-22 14:40:32,18,21,5306,10613
2023-03-22 14:40:44,18,20,5306,10613
2023-03-22 14:40:44,16,20,5306,10613
2023-03-22 14:40:44,14,20,5306,10613
2023-03-22 14:40:44,17,20,5306,10613
2023-03-22 14:40:56,10,20,5306,10613
2023-03-22 14:40:56,14,20,5306,10613
2023-03-22 14:40:56,16,20,5306,10613
2023-03-22 14:40:56,16,19,5306,10613
2023-03-22 14:41:17,14,19,5306,10613
2023-03-22 14:41:17,14,21,5306,10613
2023-03-22 14:41:17,16,21,5306,10613
2023-03-22 14:41:17,16,19,5306,10613
2023-03-22 14:41:30,14,19,5306,10613
2023-03-22 14:41:30,14,22,5306,10613
2023-03-22 14:41:30,17,22,5306,10613
2023-03-22 14:41:30,17,20,5306,10613
2023-03-22 14:41:30,17,19,5306,10613
2023-03-22 14:41:40,14,19,5306,10613
2023-03-22 14:41:40,16,19,5306,10613
2023-03-22 14:41:42,19,21,5306,10640
2023-03-22 14:41:42,19,20,5306,10640
2023-03-22 14:41:42,19,20,5306,10658
2023-03-22 14:41:42,19,21,5306,10658
2023-03-22 14:41:50,16,21,5306,10658
2023-03-22 14:41:54,16,22,5306,10658
2023-03-22 14:41:54,16,24,5306,10658
2023-03-22 14:41:55,18,24,5306,10658
2023-03-22 14:41:55,18,23,5306,10658
2023-03-22 14:41:55,18,21,5306,10658
2023-03-22 14:41:57,18,23,5306,10673
2023-03-22 14:42:00,21,23,5306,10673
2023-03-22 14:42:02,21,23,5306,10693
2023-03-22 14:42:03,18,24,5306,10769
2023-03-22 14:42:06,18,24,5306,10845
2023-03-22 14:42:12,18,28,5306,10845
2023-03-22 14:42:12,24,27,5306,10845
2023-03-22 14:42:12,24,27,5306,10883
2023-03-22 14:42:13,24,27,5306,10921
2023-03-22 14:42:13,24,28,5306,10921
2023-03-22 14:42:15,24,27,5306,10921
2023-03-22 14:42:17,18,27,5306,10921
2023-03-22 14:42:17,15,27,5306,10921
2023-03-22 14:42:17,14,27,5306,10921
2023-03-22 14:42:17,14,28,5306,10921
2023-03-22 14:42:17,22,28,5306,10921
2023-03-22 14:42:17,25,28,5306,10921
2023-03-22 14:42:17,25,27,5306,10921
2023-03-22 14:42:19,25,28,5306,10921
2023-03-22 14:42:21,25,26,5306,10921
2023-03-22 14:42:24,23,25,5306,10937
2023-03-22 14:42:27,23,25,5306,10952
2023-03-22 14:42:27,22,25,5306,10970
2023-03-22 14:42:28,22,25,5306,10973
2023-03-22 14:42:28,22,26,5306,10973
2023-03-22 14:42:28,22,25,5306,10973
2023-03-22 14:42:31,22,26,5306,10973
2023-03-22 14:42:40,17,26,5306,10973
2023-03-22 14:42:40,23,26,5306,10973
2023-03-22 14:42:51,21,26,5306,10973
2023-03-22 14:42:51,17,26,5306,10973
2023-03-22 14:42:51,22,26,5306,10973
2023-03-22 14:42:51,24,26,5306,10973
2023-03-22 14:43:00,24,27,5306,10973
2023-03-22 14:43:18,22,27,5306,10973
2023-03-22 14:43:18,22,28,5306,10973
2023-03-22 14:43:18,25,28,5306,10973
2023-03-22 14:43:29,23,28,5306,10973
2023-03-22 14:43:29,22,28,5306,10973
2023-03-22 14:43:30,24,28,5306,10973
2023-03-22 14:43:42,24,27,5306,10973
2023-03-22 14:43:49,24,26,5306,10973
2023-03-22 14:43:51,22,26,5306,10973
2023-03-22 14:43:51,23,26,5306,10973
2023-03-22 14:43:51,25,26,5306,10973
2023-03-22 14:43:52,23,26,5281,10998
2023-03-22 14:43:57,23,28,5281,10998
2023-03-22 14:44:17,25,28,5281,10998
2023-03-22 14:44:28,18,28,5281,10998
2023-03-22 14:44:28,26,28,5281,10998
2023-03-22 14:44:49,25,28,5281,11013
2023-03-22 14:44:49,24,28,5281,11044
2023-03-22 14:44:49,24,27,5281,11044
2023-03-22 14:44:49,24,27,5281,11055
2023-03-22 14:44:50,24,28,5281,11055
2023-03-22 14:44:50,24,26,5281,11055
2023-03-22 14:44:53,25,26,5281,11055
2023-03-22 14:45:02,24,25,5281,11073
2023-03-22 14:45:12,22,26,5281,11125
2023-03-22 14:45:19,18,26,5281,11125
2023-03-22 14:45:19,20,26,5281,11125
2023-03-22 14:45:19,22,26,5281,11125
2023-03-22 14:45:19,22,25,5281,11125
2023-03-22 14:45:42,20,25,5281,11125
2023-03-22 14:45:42,20,26,5281,11125
2023-03-22 14:45:42,22,26,5281,11125
2023-03-22 14:45:51,18,26,5281,11125
2023-03-22 14:45:52,20,26,5281,11125
2023-03-22 14:45:52,21,26,5281,11125
2023-03-22 14:46:18,21,28,5281,11125
2023-03-22 14:46:18,24,28,5281,11125
2023-03-22 14:46:30,22,28,5281,11125
2023-03-22 14:46:30,24,28,5281,11125
2023-03-22 14:46:34,24,28,5177,11229
2023-03-22 14:46:35,26,28,5177,11229
2023-03-22 14:46:35,26,29,5177,11229
2023-03-22 14:46:40,26,30,5177,11311
2023-03-22 14:46:42,26,28,5177,11311
2023-03-22 14:46:44,28,30,5177,11335
2023-03-22 14:46:48,28,32,5177,11417
2023-03-22 14:46:54,28,32,5177,11427
2023-03-22 14:47:17,30,32,5177,11427
2023-03-22 14:47:29,28,32,5177,11427
2023-03-22 14:47:31,28,30,5177,11427
2023-03-22 14:47:32,28,30,5177,11520
2023-03-22 14:47:39,28,32,5177,11627
2023-03-22 14:47:41,30,32,5177,11627
2023-03-22 14:47:51,28,32,5177,11627
2023-03-22 14:47:51,31,32,5177,11627
2023-03-22 14:48:00,31,33,5177,11627
2023-03-22 14:48:08,31,34,5167,11637
2023-03-22 14:48:14,31,34,5010,11812
2023-03-22 14:48:15,30,34,5033,11862
2023-03-22 14:48:15,31,34,5033,11862
2023-03-22 14:48:18,33,34,5033,11862
2023-03-22 14:48:27,31,34,5033,11862
2023-03-22 14:48:27,33,34,5033,11862
2023-03-22 14:48:27,33,34,4897,11998
2023-03-22 14:48:39,33,35,4897,11998
2023-03-22 14:48:40,32,35,4897,11998
2023-03-22 14:48:53,34,35,4897,11998
2023-03-22 14:49:01,32,34,4852,12043
2023-03-22 14:49:07,32,35,4852,12043
2023-03-22 14:49:08,32,34,4852,12043
2023-03-22 14:49:17,32,33,4852,12043
2023-03-22 14:49:17,31,33,4852,12134
2023-03-22 14:49:18,30,33,4852,12134
2023-03-22 14:49:19,29,33,4852,12134
2023-03-22 14:49:19,31,33,4852,12134
2023-03-22 14:49:20,31,32,4852,12134
2023-03-22 14:49:23,29,32,4852,12170
2023-03-22 14:49:26,29,33,4852,12170
2023-03-22 14:49:26,28,31,4852,12170
2023-03-22 14:50:06,27,31,4852,12184
2023-03-22 14:50:07,27,30,4852,12184
2023-03-22 14:50:40,28,30,4852,12184
2023-03-22 14:50:48,27,30,4852,12184
2023-03-22 14:50:55,28,30,4852,12184
2023-03-22 14:50:55,28,31,4852,12184
2023-03-22 14:50:55,28,30,4852,12184
2023-03-22 14:50:55,28,31,4852,12184
2023-03-22 14:51:04,29,31,4852,12184
2023-03-22 14:51:05,29,30,4852,12184
2023-03-22 14:51:15,28,30,4852,12184
2023-03-22 14:51:18,29,30,4852,12184
2023-03-22 14:51:20,29,30,4853,12185
2023-03-22 14:51:23,29,30,4863,12195
2023-03-22 14:51:30,28,30,4863,12195
2023-03-22 14:51:39,27,30,4863,12195
2023-03-22 14:52:10,28,30,4863,12195
2023-03-22 14:52:19,28,29,4863,12195
2023-03-22 14:52:29,27,29,4863,12195
2023-03-22 14:52:30,28,29,4863,12195
2023-03-22 14:52:34,27,29,4863,12195
2023-03-22 14:52:37,28,29,4863,12195
2023-03-22 14:52:42,28,29,4871,12203
2023-03-22 14:52:44,27,29,4871,12203
2023-03-22 14:52:51,29,30,4871,12205
2023-03-22 14:53:02,28,29,4871,12205
2023-03-22 14:53:09,26,29,4871,12239
2023-03-22 14:53:16,25,29,4871,12239
2023-03-22 14:53:29,24,29,4871,12239
2023-03-22 14:53:29,25,29,4871,12239
2023-03-22 14:53:29,25,28,4871,12239
2023-03-22 14:53:35,25,28,4881,12249
2023-03-22 14:53:36,23,28,4881,12256
2023-03-22 14:53:36,23,27,4881,12256
2023-03-22 14:53:40,22,27,4881,12256
2023-03-22 14:53:40,23,27,4881,12256
2023-03-22 14:53:40,23,26,4881,12256
2023-03-22 14:53:50,22,26,4881,12291
2023-03-22 14:53:53,23,26,4881,12291
2023-03-22 14:53:53,23,25,4881,12291
2023-03-22 14:53:54,23,26,4881,12291
2023-03-22 14:53:54,23,24,4881,12291
2023-03-22 14:53:55,22,24,4881,12342
2023-03-22 14:53:56,22,25,4881,12342
2023-03-22 14:53:56,22,23,4881,12342
2023-03-22 14:53:57,22,24,4881,12342
2023-03-22 14:54:02,18,22,4849,12514
2023-03-22 14:54:06,18,21,4849,12514
2023-03-22 14:54:12,18,22,4849,12514
2023-03-22 14:54:14,19,22,4849,12514
2023-03-22 14:54:15,20,22,4849,12514
2023-03-22 14:54:15,20,24,4849,12514
2023-03-22 14:54:16,20,23,4849,12514
2023-03-22 14:54:16,20,22,4849,12514
2023-03-22 14:54:20,19,22,4849,12514
2023-03-22 14:54:20,21,22,4849,12514
2023-03-22 14:54:27,21,24,4849,12514
2023-03-22 14:54:27,21,23,4849,12514
2023-03-22 14:54:28,19,23,4849,12514
2023-03-22 14:54:31,19,22,4849,12514
2023-03-22 14:54:41,19,21,4849,12514
2023-03-22 14:54:42,18,21,4881,12546
2023-03-22 14:54:46,18,20,4881,12546
2023-03-22 14:54:47,16,20,4881,12551
2023-03-22 14:54:50,16,19,4881,12551
2023-03-22 14:54:52,14,19,4881,12551
2023-03-22 14:54:52,15,19,4881,12551
2023-03-22 14:54:52,15,20,4881,12551
2023-03-22 14:55:03,15,20,4881,12551
2023-03-22 14:55:15,15,19,4881,12551
2023-03-22 14:55:19,14,19,4881,12551
2023-03-22 14:55:20,15,19,4881,12551
2023-03-22 14:55:20,15,18,4881,12551
2023-03-22 14:55:24,14,18,4881,12586
2023-03-22 14:55:24,14,17,4881,12586
2023-03-22 14:55:30,13,17,4881,12586
2023-03-22 14:55:30,12,17,4881,12586
2023-03-22 14:55:30,13,17,4881,12586
2023-03-22 14:55:30,13,16,4881,12586
2023-03-22 14:55:42,12,16,4881,12586
2023-03-22 14:55:42,12,17,4881,12586
2023-03-22 14:55:42,12,15,4881,12586
2023-03-22 14:55:48,13,15,4881,12586
2023-03-22 14:55:51,14,15,4881,12586
2023-03-22 14:55:54,14,18,4881,12586
2023-03-22 14:55:59,13,18,4881,12586
2023-03-22 14:56:08,13,17,4881,12586
2023-03-22 14:56:09,13,16,4881,12586
2023-03-22 14:56:16,12,16,4881,12642
2023-03-22 14:56:18,12,18,4881,12642
2023-03-22 14:56:18,12,15,4881,12642
2023-03-22 14:56:19,10,15,4881,12642
2023-03-22 14:56:19,11,15,4881,12642
2023-03-22 14:56:19,11,14,4881,12642
2023-03-22 14:56:28,10,14,4881,12642
2023-03-22 14:56:28,10,15,4881,12642
2023-03-22 14:56:28,10,14,4881,12642
2023-03-22 14:56:28,10,13,4881,12642
2023-03-22 14:56:45,11,13,4881,12642
2023-03-22 14:56:54,11,15,4881,12642
2023-03-22 14:56:54,11,17,4881,12642
2023-03-22 14:56:55,11,16,4881,12642
2023-03-22 14:56:55,11,14,4881,12642
2023-03-22 14:57:17,12,14,4881,12642
2023-03-22 14:57:19,12,17,4881,12642
2023-03-22 14:57:19,12,16,4881,12642
2023-03-22 14:57:19,12,15,4881,12642
2023-03-22 14:57:25,11,15,4881,13053
2023-03-22 14:57:28,12,15,4881,13053
2023-03-22 14:57:40,11,15,4881,13082
2023-03-22 14:57:40,10,15,4881,13082
2023-03-22 14:57:40,11,15,4881,13082
2023-03-22 14:57:40,11,13,4881,13082
2023-03-22 14:57:42,10,13,4881,13082
2023-03-22 14:57:42,10,14,4881,13082
2023-03-22 14:57:42,10,13,4881,13082
2023-03-22 14:57:46,10,11,4881,13082
2023-03-22 14:57:48,11,13,4902,13103
2023-03-22 14:57:53,10,13,4932,13133
2023-03-22 14:57:53,10,13,4932,13133
2023-03-22 14:57:53,10,12,4932,13133
2023-03-22 14:58:01,9,12,5281,13503
2023-03-22 14:58:13,8,12,5281,13575
2023-03-22 14:58:17,8,11,5281,13575
2023-03-22 14:58:19,4,11,5281,13575
2023-03-22 14:58:20,8,11,5281,13575
2023-03-22 14:58:20,8,10,5281,13575
2023-03-22 14:58:25,7,10,5281,13586
2023-03-22 14:58:30,6,10,5281,13586
2023-03-22 14:58:30,4,10,5281,13586
2023-03-22 14:59:02,4,9,5281,13586
2023-03-22 14:59:09,4,8,5281,13586
2023-03-22 14:59:30,4,7,5281,13586
2023-03-22 14:59:30,4,8,5281,13586
2023-03-22 15:00:40,4,9,5281,13586
2023-03-22 15:00:55,4,8,5281,13586
2023-03-22 15:01:09,4,7,5281,13586
2023-03-22 15:01:19,4,6,5281,13586
2023-03-22 15:01:19,4,5,5281,13586
2023-03-22 15:01:27,4,6,5281,13586
2023-03-22 15:01:27,4,5,5281,13586
2023-03-22 15:01:28,3,5,5531,13836
2023-03-22 15:01:40,2,5,5531,13836
2023-03-22 15:01:40,2,6,5531,13836
2023-03-22 15:01:40,3,6,5531,13836
2023-03-22 15:01:40,3,5,5531,13836
2023-03-22 15:01:51,2,5,5531,13836
2023-03-22 15:01:51,2,6,5531,13836
2023-03-22 15:01:51,2,5,5531,13836
2023-03-22 15:01:51,2,4,5531,13836
2023-03-22 15:02:03,2,5,5638,13943
2023-03-22 15:02:16,2,6,5638,13943
2023-03-22 15:02:21,2,5,5638,13943
2023-03-22 15:02:25,2,6,5638,13943
2023-03-22 15:02:52,2,5,5638,13943
2023-03-22 15:03:16,2,4,5638,13943
2023-03-22 15:03:30,2,6,5638,13943
2023-03-22 15:03:31,3,6,5638,13943
2023-03-22 15:03:31,3,5,5638,13943
2023-03-22 15:03:38,3,5,5638,13953
2023-03-22 15:03:39,3,5,5638,13963
2023-03-22 15:03:40,3,4,5638,13963
2023-03-22 15:03:49,3,4,5647,13973
2023-03-22 15:03:50,3,4,5657,13983
2023-03-22 15:03:53,2,4,5657,13983
2023-03-22 15:04:00,3,4,5657,13983
2023-03-22 15:04:18,3,5,5657,13983
2023-03-22 15:04:43,3,4,5657,13983
2023-03-22 15:05:46,3,4,5657,13993
2023-03-22 15:05:47,3,4,5657,14003
2023-03-22 15:05:47,3,4,5657,14013
2023-03-22 15:05:48,3,4,5657,14023
2023-03-22 15:05:48,3,4,5657,14033
2023-03-22 15:06:06,3,4,5657,14043
2023-03-22 15:06:07,3,4,5657,14053
2023-03-22 15:06:07,3,4,5657,14063
2023-03-22 15:06:07,3,4,5657,14073
2023-03-22 15:06:08,3,4,5657,14083
2023-03-22 15:06:17,3,4,5658,14084
2023-03-22 15:06:29,2,4,5687,14113
2023-03-22 15:06:32,3,4,5687,14113
2023-03-22 15:07:04,2,3,5727,14153
2023-03-22 15:07:05,2,3,5727,14166
2023-03-22 15:07:11,2,3,5737,14176
2023-03-22 15:09:05,2,3,5737,14326
2023-03-22 15:10:05,2,3,5792,14381
2023-03-22 15:10:14,2,3,5802,14391
2023-03-22 15:11:16,2,3,5802,14392
2023-03-22 15:13:56,0,2,6096,14686
2023-03-22 15:13:56,0,3,6096,14692
2023-03-22 15:14:07,0,2,6096,14692
2023-03-22 15:14:44,1,2,6096,14692
2023-03-22 15:14:52,1,2,6097,14693
2023-03-22 15:15:44,1,2,6107,14703
2023-03-22 15:16:58,1,2,6161,14757
2023-03-22 15:17:22,1,3,6252,14848
2023-03-22 15:19:02,1,3,6321,14917
2023-03-22 15:21:01,1,3,6321,14990
2023-03-22 15:21:18,1,5,6321,15044
2023-03-22 15:21:18,3,5,6321,15044
2023-03-22 15:21:18,3,6,6321,15044
2023-03-22 15:21:23,3,7,6321,15044
2023-03-22 15:21:28,3,6,6321,15044
2023-03-22 15:21:28,3,5,6321,15044
2023-03-22 15:21:49,3,6,6357,15111
2023-03-22 15:21:54,3,4,6357,15111
2023-03-22 15:22:31,3,6,6357,15111
2023-03-22 15:22:31,3,5,6357,15111
2023-03-22 15:22:40,3,6,6357,15111
2023-03-22 15:22:40,3,4,6357,15111
2023-03-22 15:22:41,2,4,6357,15111
2023-03-22 15:23:18,1,4,6357,15111
2023-03-22 15:23:18,1,5,6357,15111
2023-03-22 15:23:33,1,4,6357,15111
2023-03-22 15:24:14,1,3,6357,15111
2023-03-22 15:26:52,0,3,6357,15111
2023-03-22 15:28:33,1,3,6357,15111
2023-03-22 15:28:41,0,1,6488,15242
2023-03-22 15:28:44,0,1,6488,15442
2023-03-22 15:56:19,0,1,6488,15443
2023-03-22 15:58:54,0,1,6438,16951
