datetime,bid,ask,open_interest,volume
2023-06-16 09:30:36,14,24,10,10
2023-06-16 09:31:56,14,28,10,10
2023-06-16 09:31:56,14,32,10,10
2023-06-16 09:31:56,14,43,10,10
2023-06-16 09:31:58,18,43,10,10
2023-06-16 09:32:01,18,28,10,10
2023-06-16 09:33:51,18,26,10,10
2023-06-16 09:34:34,18,28,10,10
2023-06-16 09:34:35,19,28,10,10
2023-06-16 09:34:35,21,28,10,10
2023-06-16 09:34:35,21,26,10,10
2023-06-16 09:34:50,19,26,10,10
2023-06-16 09:34:50,18,26,10,10
2023-06-16 09:34:50,18,28,10,10
2023-06-16 09:34:50,23,28,10,10
2023-06-16 09:34:50,23,27,10,10
2023-06-16 09:35:16,21,27,10,10
2023-06-16 09:35:16,21,29,10,10
2023-06-16 09:35:16,21,31,10,10
2023-06-16 09:35:16,23,31,10,10
2023-06-16 09:35:16,23,30,10,10
2023-06-16 09:35:16,23,28,10,10
2023-06-16 09:36:13,21,31,10,10
2023-06-16 09:36:13,23,31,10,10
2023-06-16 09:36:13,23,28,10,10
2023-06-16 09:36:13,23,26,10,10
2023-06-16 09:36:34,21,26,10,10
2023-06-16 09:36:34,21,28,10,10
2023-06-16 09:36:34,21,31,10,10
2023-06-16 09:36:34,23,31,10,10
2023-06-16 09:36:34,23,30,10,10
2023-06-16 09:36:34,23,28,10,10
2023-06-16 09:37:36,24,31,10,10
2023-06-16 09:37:36,24,30,10,10
2023-06-16 09:37:36,24,28,10,10
2023-06-16 09:38:38,21,31,10,10
2023-06-16 09:38:38,23,31,10,10
2023-06-16 09:38:38,23,29,10,10
2023-06-16 09:38:38,23,27,10,10
2023-06-16 09:39:13,21,27,10,10
2023-06-16 09:39:13,21,31,10,10
2023-06-16 09:39:14,22,31,10,10
2023-06-16 09:39:14,24,31,10,10
2023-06-16 09:39:14,24,30,10,10
2023-06-16 09:39:14,24,28,10,10
2023-06-16 09:40:17,25,31,10,10
2023-06-16 09:40:17,25,29,10,10
2023-06-16 09:41:18,20,31,10,10
2023-06-16 09:41:19,23,31,10,10
2023-06-16 09:41:19,25,31,10,10
2023-06-16 09:41:19,25,29,10,10
2023-06-16 09:41:39,23,29,10,10
2023-06-16 09:41:39,20,29,10,10
2023-06-16 09:41:39,20,31,10,10
2023-06-16 09:41:39,22,31,10,10
2023-06-16 09:41:39,24,31,10,10
2023-06-16 09:41:39,24,28,10,10
2023-06-16 09:42:41,25,31,10,10
2023-06-16 09:42:41,25,29,10,10
2023-06-16 09:43:18,23,29,10,10
2023-06-16 09:43:18,20,29,10,10
2023-06-16 09:43:18,20,31,10,10
2023-06-16 09:43:18,26,31,10,10
2023-06-16 09:43:18,26,30,10,10
2023-06-16 09:43:45,24,30,10,10
2023-06-16 09:43:45,24,31,10,10
2023-06-16 09:43:46,26,31,10,10
2023-06-16 09:43:46,26,30,10,10
2023-06-16 09:44:20,22,30,10,10
2023-06-16 09:44:20,22,32,10,10
2023-06-16 09:44:20,24,32,10,10
2023-06-16 09:44:20,26,32,10,10
2023-06-16 09:44:21,26,30,10,10
2023-06-16 09:45:20,22,32,10,10
2023-06-16 09:45:22,25,32,10,10
2023-06-16 09:45:22,25,30,10,10
2023-06-16 09:45:22,25,28,10,10
2023-06-16 09:45:41,23,28,10,10
2023-06-16 09:45:41,22,28,10,10
2023-06-16 09:45:41,22,32,10,10
2023-06-16 09:45:42,24,32,10,10
2023-06-16 09:45:42,24,29,10,10
2023-06-16 09:46:27,27,29,10,10
2023-06-16 09:46:44,27,32,10,10
2023-06-16 09:46:44,27,30,10,10
2023-06-16 09:46:44,27,28,10,10
2023-06-16 09:47:12,27,30,10,10
2023-06-16 09:47:12,27,28,10,10
2023-06-16 09:48:08,27,32,10,10
2023-06-16 09:48:11,27,28,10,10
2023-06-16 09:49:14,27,32,10,10
2023-06-16 09:49:14,27,30,10,10
2023-06-16 09:49:14,27,28,10,10
2023-06-16 09:50:12,27,30,10,10
2023-06-16 09:50:15,27,29,10,10
2023-06-16 09:51:18,27,30,10,10
2023-06-16 09:51:18,27,29,10,10
2023-06-16 09:51:47,27,29,110,110
2023-06-16 09:52:19,27,30,110,110
2023-06-16 09:52:19,27,29,110,110
2023-06-16 09:53:15,28,31,110,110
2023-06-16 09:53:17,28,32,110,110
2023-06-16 09:53:20,28,30,110,110
2023-06-16 09:54:20,28,32,110,110
2023-06-16 09:54:20,28,31,110,110
2023-06-16 09:54:20,28,29,110,110
2023-06-16 09:54:31,28,29,210,210
2023-06-16 09:54:50,28,29,260,260
2023-06-16 09:55:25,28,30,260,260
2023-06-16 09:55:27,28,31,260,260
2023-06-16 09:55:27,28,29,260,260
2023-06-16 09:55:29,27,29,260,260
2023-06-16 09:55:50,27,31,260,410
2023-06-16 09:55:51,27,29,260,410
2023-06-16 09:55:52,27,29,650,810
2023-06-16 09:55:53,27,31,750,910
2023-06-16 09:55:56,28,31,750,910
2023-06-16 09:56:05,28,30,750,910
2023-06-16 09:56:09,27,30,750,910
2023-06-16 09:56:10,27,30,1150,1310
2023-06-16 09:56:11,27,30,1550,1710
2023-06-16 09:56:16,27,31,1750,1910
2023-06-16 09:56:53,28,31,1750,1910
2023-06-16 09:57:32,28,32,1750,1910
2023-06-16 09:57:46,29,32,1750,1910
2023-06-16 09:59:31,29,33,1750,1910
2023-06-16 10:00:00,28,33,1750,1910
2023-06-16 10:00:01,28,32,1750,1910
2023-06-16 10:00:03,28,31,1750,1910
2023-06-16 10:00:05,27,31,1750,1910
2023-06-16 10:00:06,27,30,1750,1910
2023-06-16 10:00:08,27,31,1750,1910
2023-06-16 10:00:13,27,30,1750,1910
2023-06-16 10:00:17,27,31,1750,1910
2023-06-16 10:00:35,28,31,1750,1910
2023-06-16 10:00:41,27,31,1750,1910
2023-06-16 10:00:42,27,30,1750,1910
2023-06-16 10:00:52,27,31,1750,1910
2023-06-16 10:00:53,28,31,1750,1910
2023-06-16 10:01:03,28,32,1750,1910
2023-06-16 10:01:07,29,32,1750,1910
2023-06-16 10:01:11,29,33,1750,1910
2023-06-16 10:01:11,29,32,1750,1910
2023-06-16 10:01:12,29,33,1750,1910
2023-06-16 10:01:16,30,33,1750,1910
2023-06-16 10:01:16,30,33,1860,2020
2023-06-16 10:01:16,30,32,1860,2020
2023-06-16 10:01:16,30,33,1860,2020
2023-06-16 10:01:16,30,31,1860,2020
2023-06-16 10:01:17,29,31,1860,2020
2023-06-16 10:01:24,29,32,1860,2020
2023-06-16 10:01:24,29,30,1860,2020
2023-06-16 10:01:29,28,30,1860,2020
2023-06-16 10:02:06,28,30,1860,2065
2023-06-16 10:02:14,29,30,1860,2065
2023-06-16 10:02:18,28,30,1860,2065
2023-06-16 10:02:36,29,30,1860,2065
2023-06-16 10:02:37,29,32,1860,2065
2023-06-16 10:02:37,29,31,1860,2065
2023-06-16 10:02:44,29,32,1860,2065
2023-06-16 10:02:44,29,30,1860,2065
2023-06-16 10:03:07,28,30,1860,2065
2023-06-16 10:03:13,28,31,1860,2065
2023-06-16 10:03:13,28,29,1860,2065
2023-06-16 10:03:14,27,29,1860,2065
2023-06-16 10:03:27,27,30,1860,2065
2023-06-16 10:03:27,27,28,1860,2065
2023-06-16 10:03:49,27,30,1860,2065
2023-06-16 10:03:49,27,29,1860,2065
2023-06-16 10:04:04,27,30,1860,2065
2023-06-16 10:04:04,27,28,1860,2065
2023-06-16 10:04:15,27,30,1860,2065
2023-06-16 10:04:15,27,29,1860,2065
2023-06-16 10:05:17,28,29,1860,2065
2023-06-16 10:05:20,28,31,1860,2065
2023-06-16 10:05:20,28,30,1860,2065
2023-06-16 10:05:56,28,31,1860,2065
2023-06-16 10:05:56,28,29,1860,2065
2023-06-16 10:06:08,27,29,1860,2065
2023-06-16 10:06:11,28,29,1860,2065
2023-06-16 10:06:17,27,29,1860,2065
2023-06-16 10:06:20,28,29,1860,2065
2023-06-16 10:06:21,28,31,1860,2065
2023-06-16 10:06:21,28,30,1860,2065
2023-06-16 10:06:30,29,30,1860,2065
2023-06-16 10:06:48,28,30,1860,2065
2023-06-16 10:06:57,28,31,1860,2065
2023-06-16 10:06:57,28,29,1860,2065
2023-06-16 10:07:02,27,29,1860,2065
2023-06-16 10:07:31,28,29,1860,2065
2023-06-16 10:07:32,28,31,1860,2065
2023-06-16 10:07:33,28,30,1860,2065
2023-06-16 10:08:05,28,31,1860,2065
2023-06-16 10:08:05,28,29,1860,2065
2023-06-16 10:08:06,27,29,1860,2065
2023-06-16 10:08:17,27,30,1860,2065
2023-06-16 10:08:17,27,28,1860,2065
2023-06-16 10:08:34,27,30,1860,2065
2023-06-16 10:08:34,27,29,1860,2065
2023-06-16 10:08:54,27,30,1860,2065
2023-06-16 10:08:54,27,28,1860,2065
2023-06-16 10:11:04,27,28,1880,2085
2023-06-16 10:12:19,28,29,1815,2350
2023-06-16 10:12:34,28,30,1815,2350
2023-06-16 10:13:04,28,31,1815,2350
2023-06-16 10:13:05,29,31,1815,2350
2023-06-16 10:13:07,28,31,1815,2350
2023-06-16 10:13:07,28,32,1815,2350
2023-06-16 10:13:08,30,32,1815,2350
2023-06-16 10:13:10,29,32,1815,2350
2023-06-16 10:13:10,29,33,1815,2350
2023-06-16 10:13:10,31,33,1815,2350
2023-06-16 10:13:25,30,33,1815,2350
2023-06-16 10:13:25,32,33,1815,2350
2023-06-16 10:13:56,32,33,1815,2370
2023-06-16 10:13:56,32,33,1815,2390
2023-06-16 10:14:03,32,34,1815,2390
2023-06-16 10:14:24,31,34,1815,2390
2023-06-16 10:14:24,31,35,1815,2390
2023-06-16 10:14:24,33,35,1815,2390
2023-06-16 10:14:36,32,35,1815,2390
2023-06-16 10:14:36,34,35,1815,2390
2023-06-16 10:14:41,34,35,1815,2470
2023-06-16 10:16:37,32,35,1815,2550
2023-06-16 10:16:37,32,34,1815,2550
2023-06-16 10:16:52,31,34,1815,2550
2023-06-16 10:17:21,32,34,1815,2550
2023-06-16 10:17:21,32,34,1845,2580
2023-06-16 10:17:27,32,33,1845,2580
2023-06-16 10:17:37,32,34,1845,2580
2023-06-16 10:17:47,32,33,1845,2580
2023-06-16 10:18:34,31,34,1845,2580
2023-06-16 10:18:34,31,32,1845,2580
2023-06-16 10:19:01,31,34,1845,2580
2023-06-16 10:19:01,31,33,1845,2580
2023-06-16 10:19:04,31,34,1845,2580
2023-06-16 10:19:04,31,32,1845,2580
2023-06-16 10:19:11,31,34,1845,2580
2023-06-16 10:19:11,31,33,1845,2580
2023-06-16 10:19:15,32,33,1845,2580
2023-06-16 10:19:23,31,33,1845,2580
2023-06-16 10:20:02,32,33,1845,2580
2023-06-16 10:20:12,31,33,1845,2580
2023-06-16 10:20:16,32,33,1845,2580
2023-06-16 10:20:25,31,33,1845,2580
2023-06-16 10:20:42,32,33,1845,2580
2023-06-16 10:21:33,31,33,1845,2580
2023-06-16 10:21:35,31,34,1845,2580
2023-06-16 10:21:36,31,32,1845,2580
2023-06-16 10:22:55,30,32,1645,2780
2023-06-16 10:22:58,30,33,1645,2780
2023-06-16 10:22:58,30,31,1645,2780
2023-06-16 10:22:59,29,31,1645,2780
2023-06-16 10:23:34,30,31,1645,2780
2023-06-16 10:23:36,29,31,1645,2780
2023-06-16 10:23:36,30,31,1645,2780
2023-06-16 10:23:46,29,31,1545,2880
2023-06-16 10:24:17,30,31,1545,2880
2023-06-16 10:24:22,29,31,1545,2880
2023-06-16 10:24:27,29,32,1545,2880
2023-06-16 10:24:27,29,30,1545,2880
2023-06-16 10:24:33,28,30,1545,2880
2023-06-16 10:24:48,29,30,1545,2880
2023-06-16 10:24:58,28,30,1545,2880
2023-06-16 10:25:05,29,30,1545,2880
2023-06-16 10:25:33,29,32,1545,2880
2023-06-16 10:25:33,29,33,1545,2880
2023-06-16 10:25:33,29,31,1545,2880
2023-06-16 10:25:34,30,31,1545,2880
2023-06-16 10:25:34,29,31,1545,3080
2023-06-16 10:25:37,29,33,1545,3080
2023-06-16 10:25:37,29,34,1545,3080
2023-06-16 10:25:38,29,32,1545,3080
2023-06-16 10:25:41,30,32,1545,3080
2023-06-16 10:26:11,30,33,1545,3080
2023-06-16 10:26:11,30,31,1545,3080
2023-06-16 10:26:41,29,31,1545,3080
2023-06-16 10:26:41,29,31,1345,3280
2023-06-16 10:27:04,30,31,1345,3280
2023-06-16 10:27:09,29,31,1345,3280
2023-06-16 10:27:21,29,32,1345,3280
2023-06-16 10:27:21,28,32,1345,3280
2023-06-16 10:27:21,28,30,1345,3280
2023-06-16 10:27:37,29,30,1345,3280
2023-06-16 10:27:42,30,32,1315,3310
2023-06-16 10:28:14,29,32,1145,3480
2023-06-16 10:28:19,28,32,1145,3480
2023-06-16 10:28:41,29,32,1145,3480
2023-06-16 10:28:49,28,32,1145,3480
2023-06-16 10:28:51,28,31,1145,3480
2023-06-16 10:29:10,28,30,1145,3480
2023-06-16 10:29:10,27,30,745,3880
2023-06-16 10:29:12,28,30,745,3880
2023-06-16 10:29:12,27,30,620,4080
2023-06-16 10:29:13,27,29,620,4080
2023-06-16 10:29:14,26,29,620,4110
2023-06-16 10:29:45,25,29,670,4510
2023-06-16 10:29:50,25,28,670,4510
2023-06-16 10:30:00,24,28,720,4560
2023-06-16 10:30:05,25,28,720,4560
2023-06-16 10:30:09,25,29,720,4560
2023-06-16 10:30:15,25,28,720,4560
2023-06-16 10:30:27,25,29,720,4560
2023-06-16 10:30:32,26,29,720,4560
2023-06-16 10:30:32,25,29,920,4760
2023-06-16 10:30:32,25,27,920,4760
2023-06-16 10:30:33,26,27,920,4760
2023-06-16 10:30:33,26,29,920,4760
2023-06-16 10:30:33,26,30,920,4760
2023-06-16 10:30:33,26,28,920,4760
2023-06-16 10:30:38,26,28,920,4910
2023-06-16 10:30:38,26,28,1120,5110
2023-06-16 10:30:40,26,28,1120,5260
2023-06-16 10:30:43,26,30,1120,5360
2023-06-16 10:30:44,27,30,1120,5360
2023-06-16 10:31:25,26,30,1120,5360
2023-06-16 10:31:32,27,30,1120,5360
2023-06-16 10:31:39,26,30,1120,5360
2023-06-16 10:31:40,26,29,1120,5360
2023-06-16 10:31:59,26,30,1120,5360
2023-06-16 10:32:01,27,30,1120,5360
2023-06-16 10:32:20,28,30,1120,5360
2023-06-16 10:32:21,28,31,1120,5360
2023-06-16 10:33:13,27,31,1120,5360
2023-06-16 10:33:17,27,30,1120,5360
2023-06-16 10:34:57,26,30,1320,5560
2023-06-16 10:34:57,26,28,1320,5560
2023-06-16 10:34:58,26,28,1320,5710
2023-06-16 10:34:59,26,30,1320,5760
2023-06-16 10:35:05,26,29,1320,5760
2023-06-16 10:35:07,26,30,1320,5760
2023-06-16 10:35:38,26,29,1320,5760
2023-06-16 10:35:49,26,30,1320,5760
2023-06-16 10:35:59,26,29,1320,5760
2023-06-16 10:36:12,25,29,1520,5960
2023-06-16 10:36:23,26,29,1520,5960
2023-06-16 10:36:29,27,29,1520,5960
2023-06-16 10:36:49,28,29,1520,5960
2023-06-16 10:36:52,28,32,1570,6010
2023-06-16 10:37:10,28,31,1570,6010
2023-06-16 10:37:18,28,32,1570,6010
2023-06-16 10:37:24,29,32,1570,6010
2023-06-16 10:37:29,29,33,1570,6010
2023-06-16 10:37:32,29,32,1570,6010
2023-06-16 10:37:38,28,32,1570,6010
2023-06-16 10:37:41,28,31,1570,6010
2023-06-16 10:37:52,27,31,1570,6010
2023-06-16 10:37:58,27,30,1570,6010
2023-06-16 10:38:00,26,30,1570,6010
2023-06-16 10:38:01,26,30,1670,6110
2023-06-16 10:38:01,26,29,1670,6110
2023-06-16 10:38:01,26,30,1670,6110
2023-06-16 10:38:01,26,28,1670,6110
2023-06-16 10:38:04,26,29,1670,6110
2023-06-16 10:38:04,26,27,1670,6110
2023-06-16 10:38:05,26,29,1670,6210
2023-06-16 10:38:30,26,28,1670,6210
2023-06-16 10:38:32,25,28,1670,6210
2023-06-16 10:38:35,25,29,1670,6210
2023-06-16 10:38:35,25,28,1670,6210
2023-06-16 10:38:35,25,29,1670,6210
2023-06-16 10:38:39,26,29,1670,6210
2023-06-16 10:38:42,25,29,1670,6210
2023-06-16 10:38:50,26,29,1670,6210
2023-06-16 10:39:07,27,29,1670,6210
2023-06-16 10:39:07,27,29,1685,6225
2023-06-16 10:39:07,27,29,1700,6240
2023-06-16 10:39:23,28,29,1700,6240
2023-06-16 10:39:27,28,30,1700,6240
2023-06-16 10:39:44,28,29,1700,6240
2023-06-16 10:39:52,27,29,1700,6240
2023-06-16 10:40:01,27,30,1700,6240
2023-06-16 10:40:01,27,28,1700,6240
2023-06-16 10:40:02,27,30,1700,6270
2023-06-16 10:40:10,27,31,1700,6270
2023-06-16 10:40:15,28,31,1700,6270
2023-06-16 10:40:36,29,31,1700,6270
2023-06-16 10:40:39,29,32,1700,6270
2023-06-16 10:40:39,29,31,1700,6270
2023-06-16 10:41:02,30,31,1700,6270
2023-06-16 10:41:05,30,31,1700,6420
2023-06-16 10:41:05,30,31,1889,6609
2023-06-16 10:41:06,30,33,1889,6759
2023-06-16 10:41:06,31,33,1889,6759
2023-06-16 10:41:07,32,33,1889,6759
2023-06-16 10:41:07,32,33,2070,6940
2023-06-16 10:41:07,32,33,2081,6951
2023-06-16 10:41:07,31,33,2081,6951
2023-06-16 10:41:30,32,33,2081,6951
2023-06-16 10:41:32,32,34,2081,6951
2023-06-16 10:41:36,31,34,2081,6951
2023-06-16 10:41:36,33,34,2081,6951
2023-06-16 10:41:42,31,34,2100,7351
2023-06-16 10:41:57,32,34,2100,7351
2023-06-16 10:42:06,31,34,2100,7351
2023-06-16 10:42:06,32,34,2100,7351
2023-06-16 10:42:06,32,33,2100,7351
2023-06-16 10:43:03,31,34,2100,7351
2023-06-16 10:43:08,32,34,2100,7351
2023-06-16 10:43:08,32,33,2100,7351
2023-06-16 10:43:48,30,33,2100,7351
2023-06-16 10:43:48,30,34,2100,7351
2023-06-16 10:43:49,31,34,2100,7351
2023-06-16 10:43:49,31,32,2100,7351
2023-06-16 10:44:27,31,32,2100,7501
2023-06-16 10:44:28,31,34,2100,7651
2023-06-16 10:44:56,32,34,2100,7651
2023-06-16 10:45:19,33,34,2100,7651
2023-06-16 10:45:36,32,34,2100,7651
2023-06-16 10:46:44,32,36,2100,7731
2023-06-16 10:46:49,33,36,2100,7731
2023-06-16 10:47:09,33,37,2100,7731
2023-06-16 10:47:11,34,37,2100,7731
2023-06-16 10:47:34,34,36,2100,7731
2023-06-16 10:47:44,33,36,2100,7731
2023-06-16 10:47:44,34,36,2100,7731
2023-06-16 10:47:44,34,35,2100,7731
2023-06-16 10:48:32,32,35,2100,7731
2023-06-16 10:48:32,32,36,2100,7731
2023-06-16 10:48:32,34,36,2100,7731
2023-06-16 10:48:32,34,35,2100,7731
2023-06-16 10:49:32,33,36,2100,7731
2023-06-16 10:49:32,34,36,2100,7731
2023-06-16 10:49:32,34,35,2100,7731
2023-06-16 10:49:33,34,35,2219,7850
2023-06-16 10:49:33,34,35,2300,7931
2023-06-16 10:50:33,35,37,2300,7931
2023-06-16 10:50:33,35,36,2300,7931
2023-06-16 10:51:17,33,36,2300,7931
2023-06-16 10:51:17,34,36,2300,7931
2023-06-16 10:51:17,34,35,2300,7931
2023-06-16 10:52:18,33,37,2300,7931
2023-06-16 10:52:18,35,37,2300,7931
2023-06-16 10:52:18,35,36,2300,7931
2023-06-16 10:53:02,34,36,2300,7931
2023-06-16 10:53:02,34,37,2300,7931
2023-06-16 10:53:15,33,37,2300,7931
2023-06-16 10:53:18,33,36,2300,7931
2023-06-16 10:53:47,33,37,2300,7931
2023-06-16 10:54:02,34,37,2300,7931
2023-06-16 10:54:22,34,36,2300,7931
2023-06-16 10:55:13,33,36,2300,7931
2023-06-16 10:55:13,34,36,2300,7931
2023-06-16 10:55:13,34,35,2300,7931
2023-06-16 10:56:09,32,35,2300,7931
2023-06-16 10:56:10,32,36,2300,7931
2023-06-16 10:56:13,33,36,2300,7931
2023-06-16 10:56:26,33,35,2300,7931
2023-06-16 10:56:57,33,34,2300,7931
2023-06-16 10:57:28,32,34,2300,7931
2023-06-16 10:57:33,30,34,2300,7931
2023-06-16 10:57:41,31,34,2300,7931
2023-06-16 10:57:57,31,35,2300,7931
2023-06-16 10:57:57,33,35,2300,7931
2023-06-16 10:57:57,33,34,2300,7931
2023-06-16 10:58:54,32,35,2300,7931
2023-06-16 10:58:54,32,36,2300,7931
2023-06-16 10:58:56,33,36,2300,7931
2023-06-16 10:58:58,34,36,2300,7931
2023-06-16 10:58:58,34,35,2300,7931
2023-06-16 10:59:55,33,36,2300,7931
2023-06-16 11:00:04,33,37,2300,7931
2023-06-16 11:00:08,34,37,2300,7931
2023-06-16 11:00:16,34,38,2300,7931
2023-06-16 11:00:17,35,38,2300,7931
2023-06-16 11:00:17,35,36,2300,7931
2023-06-16 11:01:17,35,38,2300,7931
2023-06-16 11:01:17,36,38,2300,7931
2023-06-16 11:01:17,36,37,2300,7931
2023-06-16 11:01:17,36,37,2315,7946
2023-06-16 11:01:17,36,37,2330,7961
2023-06-16 11:01:37,34,37,2330,7961
2023-06-16 11:01:37,35,37,2330,7961
2023-06-16 11:01:37,35,36,2330,7961
2023-06-16 11:02:34,33,36,2330,7961
2023-06-16 11:02:52,33,37,2330,7961
2023-06-16 11:03:06,34,37,2330,7961
2023-06-16 11:03:25,33,37,2330,7961
2023-06-16 11:03:33,33,36,2330,7961
2023-06-16 11:04:15,33,35,2330,7961
2023-06-16 11:04:19,32,35,2330,7961
2023-06-16 11:04:19,34,35,2330,7961
2023-06-16 11:04:19,34,35,2450,8081
2023-06-16 11:04:20,32,35,2530,8161
2023-06-16 11:05:04,33,35,2530,8161
2023-06-16 11:05:07,33,36,2530,8161
2023-06-16 11:05:07,34,36,2530,8161
2023-06-16 11:06:10,35,36,2530,8161
2023-06-16 11:06:10,35,36,2729,8360
2023-06-16 11:06:11,33,36,2730,8361
2023-06-16 11:06:13,34,36,2730,8361
2023-06-16 11:06:25,33,36,2730,8361
2023-06-16 11:06:29,34,36,2730,8361
2023-06-16 11:06:49,34,37,2730,8361
2023-06-16 11:06:49,35,37,2730,8361
2023-06-16 11:07:00,35,38,2730,8361
2023-06-16 11:07:07,35,37,2730,8361
2023-06-16 11:07:44,33,37,2730,8361
2023-06-16 11:07:48,33,36,2730,8361
2023-06-16 11:08:17,33,35,2730,8361
2023-06-16 11:08:19,32,35,2730,8361
2023-06-16 11:08:19,33,35,2730,8361
2023-06-16 11:08:19,33,34,2730,8361
2023-06-16 11:08:54,30,34,2730,8361
2023-06-16 11:08:54,32,34,2730,8361
2023-06-16 11:08:54,32,33,2730,8361
2023-06-16 11:10:03,30,34,2730,8361
2023-06-16 11:10:03,30,33,2730,8361
2023-06-16 11:10:07,30,34,2730,8361
2023-06-16 11:10:15,31,34,2730,8361
2023-06-16 11:10:18,31,35,2730,8361
2023-06-16 11:10:28,31,34,2730,8361
2023-06-16 11:10:34,30,34,2730,8361
2023-06-16 11:10:46,31,34,2730,8361
2023-06-16 11:10:50,30,34,2730,8361
2023-06-16 11:10:57,31,34,2730,8361
2023-06-16 11:10:57,31,33,2730,8361
2023-06-16 11:11:54,29,33,2730,8361
2023-06-16 11:12:03,29,32,2730,8361
2023-06-16 11:12:07,28,32,2730,8361
2023-06-16 11:12:12,28,31,2730,8361
2023-06-16 11:12:36,28,32,2730,8361
2023-06-16 11:12:49,29,32,2730,8361
2023-06-16 11:12:50,28,32,2730,8361
2023-06-16 11:13:01,28,31,2730,8361
2023-06-16 11:13:03,28,30,2730,8361
2023-06-16 11:13:08,28,30,2730,8511
2023-06-16 11:13:45,28,31,2730,8661
2023-06-16 11:13:45,28,32,2730,8661
2023-06-16 11:14:04,28,31,2730,8661
2023-06-16 11:14:05,30,31,2730,8661
2023-06-16 11:14:28,30,31,2841,8772
2023-06-16 11:14:57,29,31,2930,8861
2023-06-16 11:15:06,31,32,2930,8861
2023-06-16 11:15:07,31,33,2930,8861
2023-06-16 11:15:31,31,35,2930,8861
2023-06-16 11:15:32,32,35,2930,8861
2023-06-16 11:15:32,32,34,2930,8861
2023-06-16 11:16:33,31,35,2930,8861
2023-06-16 11:16:33,31,34,2930,8861
2023-06-16 11:16:35,32,34,2930,8861
2023-06-16 11:16:41,31,34,2930,8861
2023-06-16 11:17:20,32,34,2930,8861
2023-06-16 11:17:34,33,36,2930,8861
2023-06-16 11:18:10,34,36,2930,8861
2023-06-16 11:18:23,33,36,2930,8861
2023-06-16 11:18:29,34,36,2930,8861
2023-06-16 11:18:35,34,37,2930,8861
2023-06-16 11:18:35,33,37,2930,8861
2023-06-16 11:18:39,33,36,2930,8861
2023-06-16 11:18:44,33,37,2930,8861
2023-06-16 11:19:07,33,38,2930,8861
2023-06-16 11:19:10,35,38,2930,8861
2023-06-16 11:19:13,34,38,2930,8861
2023-06-16 11:19:32,35,38,2930,8861
2023-06-16 11:19:36,36,38,2930,8861
2023-06-16 11:19:36,36,37,2930,8861
2023-06-16 11:20:05,36,37,3030,8961
2023-06-16 11:20:37,35,38,3030,8961
2023-06-16 11:20:48,35,37,3030,8961
2023-06-16 11:21:02,35,38,3030,8961
2023-06-16 11:21:21,35,39,3030,8961
2023-06-16 11:22:18,36,39,3030,8961
2023-06-16 11:22:23,37,39,3030,8961
2023-06-16 11:22:24,37,40,3030,8961
2023-06-16 11:22:46,37,41,3030,8961
2023-06-16 11:22:46,39,41,3030,8961
2023-06-16 11:22:47,39,40,3030,8961
2023-06-16 11:23:05,39,42,3030,8961
2023-06-16 11:23:06,39,40,3030,8961
2023-06-16 11:23:25,39,43,3030,8961
2023-06-16 11:23:25,39,42,3030,8961
2023-06-16 11:23:25,39,43,3030,8961
2023-06-16 11:23:25,39,41,3030,8961
2023-06-16 11:24:25,38,42,3030,8961
2023-06-16 11:24:34,39,42,3030,8961
2023-06-16 11:24:38,39,41,3030,8961
2023-06-16 11:24:59,38,41,3130,9061
2023-06-16 11:25:37,37,41,3130,9061
2023-06-16 11:25:56,38,41,3130,9061
2023-06-16 11:26:09,38,42,3130,9061
2023-06-16 11:26:16,38,41,3130,9061
2023-06-16 11:26:23,39,41,3130,9061
2023-06-16 11:26:26,39,41,3280,9211
2023-06-16 11:26:35,39,40,3280,9211
2023-06-16 11:27:14,38,40,3280,9211
2023-06-16 11:27:14,39,40,3280,9211
2023-06-16 11:27:14,39,40,3530,9461
2023-06-16 11:27:14,38,40,3780,9711
2023-06-16 11:27:18,38,40,3830,9761
2023-06-16 11:28:09,37,40,3830,9761
2023-06-16 11:28:11,37,41,3830,9761
2023-06-16 11:28:11,37,39,3830,9761
2023-06-16 11:28:18,37,39,3830,9911
2023-06-16 11:28:19,39,41,3830,9961
2023-06-16 11:28:19,39,40,3830,9961
2023-06-16 11:28:19,39,40,4030,10161
2023-06-16 11:28:19,37,40,4180,10311
2023-06-16 11:28:36,37,41,4180,10311
2023-06-16 11:28:36,38,41,4180,10311
2023-06-16 11:28:36,38,39,4180,10311
2023-06-16 11:28:36,38,41,4180,10411
2023-06-16 11:29:11,37,41,4180,10411
2023-06-16 11:29:11,39,41,4180,10411
2023-06-16 11:29:11,39,40,4180,10411
2023-06-16 11:29:11,39,40,4380,10611
2023-06-16 11:29:46,38,40,4380,10611
2023-06-16 11:29:46,39,40,4380,10611
2023-06-16 11:29:47,39,40,4480,10711
2023-06-16 11:30:10,39,41,4480,10711
2023-06-16 11:30:12,39,40,4480,10711
2023-06-16 11:30:12,39,40,4580,10811
2023-06-16 11:30:12,39,40,4680,10911
2023-06-16 11:30:34,37,40,4680,10911
2023-06-16 11:30:35,38,40,4680,10911
2023-06-16 11:31:26,38,41,4680,10911
2023-06-16 11:31:35,39,41,4680,10911
2023-06-16 11:31:35,39,40,4680,10911
2023-06-16 11:32:37,39,41,4680,10911
2023-06-16 11:32:37,39,40,4680,10911
2023-06-16 11:32:37,39,40,4780,11011
2023-06-16 11:32:37,38,40,4880,11111
2023-06-16 11:32:46,37,40,4880,11111
2023-06-16 11:33:39,37,41,4880,11111
2023-06-16 11:33:39,38,41,4880,11111
2023-06-16 11:33:39,38,39,4880,11111
2023-06-16 11:34:41,37,41,4880,11111
2023-06-16 11:34:41,38,41,4880,11111
2023-06-16 11:34:41,38,40,4880,11111
2023-06-16 11:35:42,38,41,4880,11111
2023-06-16 11:35:42,38,40,4880,11111
2023-06-16 11:36:43,37,41,4880,11111
2023-06-16 11:36:43,38,41,4880,11111
2023-06-16 11:36:43,38,39,4880,11111
2023-06-16 11:37:14,37,39,4880,11111
2023-06-16 11:37:14,37,41,4880,11111
2023-06-16 11:37:14,38,41,4880,11111
2023-06-16 11:37:14,38,40,4880,11111
2023-06-16 11:37:48,38,41,4880,11111
2023-06-16 11:37:48,39,41,4880,11111
2023-06-16 11:37:48,39,40,4880,11111
2023-06-16 11:37:49,38,40,4980,11211
2023-06-16 11:38:23,37,40,4980,11211
2023-06-16 11:38:25,37,41,4980,11211
2023-06-16 11:38:26,39,41,4980,11211
2023-06-16 11:38:26,39,40,4980,11211
2023-06-16 11:38:26,37,40,5080,11311
2023-06-16 11:38:50,37,41,5080,11311
2023-06-16 11:39:03,37,40,5080,11311
2023-06-16 11:39:29,37,41,5080,11311
2023-06-16 11:40:05,37,40,5080,11311
2023-06-16 11:40:13,37,38,5080,11311
2023-06-16 11:40:17,37,38,5080,11461
2023-06-16 11:40:20,37,38,5080,11611
2023-06-16 11:40:22,37,38,5080,11761
2023-06-16 11:40:24,37,40,5080,11811
2023-06-16 11:41:06,37,39,5080,11811
2023-06-16 11:41:06,37,40,5080,11811
2023-06-16 11:41:14,37,39,5080,11811
2023-06-16 11:41:38,38,39,5080,11811
2023-06-16 11:41:38,37,39,5180,11911
2023-06-16 11:42:00,37,39,5180,12061
2023-06-16 11:42:02,37,39,5180,12211
2023-06-16 11:42:07,37,40,5180,12211
2023-06-16 11:42:07,38,40,5180,12211
2023-06-16 11:42:07,38,39,5180,12211
2023-06-16 11:42:13,37,39,5180,12211
2023-06-16 11:42:13,37,40,5180,12211
2023-06-16 11:44:15,37,39,5180,12211
2023-06-16 11:44:36,36,39,5180,12211
2023-06-16 11:44:37,37,39,5180,12211
2023-06-16 11:45:36,35,39,5180,12211
2023-06-16 11:45:37,37,39,5180,12211
2023-06-16 11:45:37,37,38,5180,12211
2023-06-16 11:46:09,37,38,5180,12361
2023-06-16 11:46:11,37,40,5180,12411
2023-06-16 11:46:22,38,40,5180,12411
2023-06-16 11:46:22,38,39,5180,12411
2023-06-16 11:47:08,38,41,5180,12411
2023-06-16 11:47:08,39,41,5180,12411
2023-06-16 11:48:10,38,41,5180,12411
2023-06-16 11:48:11,39,41,5180,12411
2023-06-16 11:48:11,39,40,5180,12411
2023-06-16 11:48:49,38,40,5180,12411
2023-06-16 11:48:49,38,42,5180,12411
2023-06-16 11:48:49,39,42,5180,12411
2023-06-16 11:48:49,39,41,5180,12411
2023-06-16 11:49:40,38,41,5180,12411
2023-06-16 11:49:40,38,42,5180,12411
2023-06-16 11:49:40,39,42,5180,12411
2023-06-16 11:49:41,39,40,5180,12411
2023-06-16 11:50:28,38,40,5180,12411
2023-06-16 11:50:29,39,40,5180,12411
2023-06-16 11:50:48,39,42,5380,12611
2023-06-16 11:50:48,39,41,5380,12611
2023-06-16 11:50:48,39,42,5380,12611
2023-06-16 11:50:56,38,42,5380,12611
2023-06-16 11:50:56,39,42,5380,12611
2023-06-16 11:50:56,39,40,5380,12611
2023-06-16 11:51:59,38,42,5380,12611
2023-06-16 11:51:59,38,41,5380,12611
2023-06-16 11:51:59,38,39,5380,12611
2023-06-16 11:52:00,38,41,5380,12711
2023-06-16 11:52:58,39,41,5380,12711
2023-06-16 11:52:58,39,41,5456,12787
2023-06-16 11:52:58,38,41,5480,12811
2023-06-16 11:53:28,37,41,5480,12811
2023-06-16 11:53:29,38,41,5480,12811
2023-06-16 11:53:29,38,40,5480,12811
2023-06-16 11:54:15,37,40,5480,12811
2023-06-16 11:54:15,38,40,5480,12811
2023-06-16 11:54:15,38,39,5480,12811
2023-06-16 11:54:57,36,39,5480,12811
2023-06-16 11:54:57,36,40,5480,12811
2023-06-16 11:54:57,38,40,5480,12811
2023-06-16 11:54:57,38,39,5480,12811
2023-06-16 11:55:08,38,39,5480,12961
2023-06-16 11:55:09,38,40,5480,13111
2023-06-16 11:56:00,36,40,5480,13111
2023-06-16 11:56:00,37,40,5480,13111
2023-06-16 11:56:00,39,40,5480,13111
2023-06-16 11:56:15,37,40,5580,13211
2023-06-16 11:56:19,37,41,5580,13211
2023-06-16 11:56:54,37,40,5580,13211
2023-06-16 11:57:01,39,40,5580,13211
2023-06-16 11:58:02,37,40,5580,13211
2023-06-16 11:58:02,38,40,5580,13211
2023-06-16 11:59:03,39,41,5580,13211
2023-06-16 11:59:03,39,40,5580,13211
2023-06-16 11:59:23,37,40,5580,13211
2023-06-16 11:59:23,36,40,5580,13211
2023-06-16 11:59:23,37,40,5580,13211
2023-06-16 11:59:24,37,39,5580,13211
2023-06-16 12:00:25,36,40,5580,13211
2023-06-16 12:00:25,37,40,5580,13211
2023-06-16 12:00:25,37,39,5580,13211
2023-06-16 12:01:22,37,40,5580,13211
2023-06-16 12:01:22,36,40,5580,13211
2023-06-16 12:01:28,38,40,5580,13211
2023-06-16 12:02:24,38,41,5580,13211
2023-06-16 12:02:24,40,41,5580,13211
2023-06-16 12:02:55,40,42,5580,13211
2023-06-16 12:03:06,40,41,5580,13211
2023-06-16 12:03:14,40,42,5580,13211
2023-06-16 12:03:22,38,42,5580,13211
2023-06-16 12:03:24,39,42,5580,13211
2023-06-16 12:03:24,39,40,5580,13211
2023-06-16 12:04:28,39,42,5580,13211
2023-06-16 12:04:28,39,40,5580,13211
2023-06-16 12:05:07,37,40,5580,13211
2023-06-16 12:05:07,37,41,5580,13211
2023-06-16 12:05:07,39,41,5580,13211
2023-06-16 12:05:07,39,40,5580,13211
2023-06-16 12:06:07,38,41,5580,13211
2023-06-16 12:06:07,38,39,5580,13211
2023-06-16 12:07:07,38,42,5580,13211
2023-06-16 12:07:08,39,42,5580,13211
2023-06-16 12:07:08,39,41,5580,13211
2023-06-16 12:08:11,38,42,5580,13211
2023-06-16 12:08:11,40,42,5580,13211
2023-06-16 12:08:11,40,41,5580,13211
2023-06-16 12:09:09,38,41,5580,13211
2023-06-16 12:09:10,39,41,5580,13211
2023-06-16 12:10:08,38,42,5580,13211
2023-06-16 12:10:08,38,41,5580,13211
2023-06-16 12:10:11,37,41,5580,13211
2023-06-16 12:10:12,39,41,5580,13211
2023-06-16 12:10:18,39,40,5580,13211
2023-06-16 12:10:21,39,41,5580,13211
2023-06-16 12:10:31,39,40,5580,13211
2023-06-16 12:10:41,37,40,5580,13211
2023-06-16 12:10:41,38,40,5580,13211
2023-06-16 12:11:43,38,41,5580,13211
2023-06-16 12:11:43,39,41,5580,13211
2023-06-16 12:11:43,39,40,5580,13211
2023-06-16 12:12:31,39,40,5530,13261
2023-06-16 12:12:46,38,41,5530,13261
2023-06-16 12:12:46,38,40,5530,13261
2023-06-16 12:13:39,38,42,5530,13261
2023-06-16 12:13:39,39,42,5530,13261
2023-06-16 12:13:39,39,41,5530,13261
2023-06-16 12:14:38,39,42,5530,13261
2023-06-16 12:14:39,40,43,5530,13261
2023-06-16 12:15:11,41,43,5530,13261
2023-06-16 12:15:14,41,44,5530,13261
2023-06-16 12:16:02,41,43,5530,13261
2023-06-16 12:16:05,40,43,5530,13261
2023-06-16 12:16:05,42,43,5530,13261
2023-06-16 12:16:06,40,43,5630,13361
2023-06-16 12:17:06,41,43,5630,13361
2023-06-16 12:18:09,40,43,5630,13361
2023-06-16 12:18:11,41,43,5630,13361
2023-06-16 12:18:27,40,43,5630,13361
2023-06-16 12:19:10,41,44,5630,13361
2023-06-16 12:19:11,41,43,5630,13361
2023-06-16 12:19:45,39,43,5630,13361
2023-06-16 12:19:46,40,43,5630,13361
2023-06-16 12:19:46,40,42,5630,13361
2023-06-16 12:19:46,40,43,5630,13361
2023-06-16 12:19:47,40,42,5630,13361
2023-06-16 12:20:22,40,43,5630,13361
2023-06-16 12:20:26,40,42,5630,13361
2023-06-16 12:20:45,39,42,5630,13361
2023-06-16 12:20:45,39,41,5630,13361
2023-06-16 12:21:13,40,41,5630,13361
2023-06-16 12:21:24,40,43,5630,13361
2023-06-16 12:21:24,41,43,5630,13361
2023-06-16 12:22:24,40,43,5630,13361
2023-06-16 12:23:15,40,42,5630,13361
2023-06-16 12:23:26,39,42,5630,13361
2023-06-16 12:23:26,39,41,5630,13361
2023-06-16 12:24:28,39,42,5630,13361
2023-06-16 12:24:28,39,41,5630,13361
2023-06-16 12:25:29,39,42,5630,13361
2023-06-16 12:25:29,39,41,5630,13361
2023-06-16 12:25:56,39,40,5630,13361
2023-06-16 12:26:04,39,41,5630,13361
2023-06-16 12:26:27,38,41,5630,13361
2023-06-16 12:26:27,38,42,5630,13361
2023-06-16 12:26:30,38,41,5630,13361
2023-06-16 12:26:30,39,41,5630,13361
2023-06-16 12:26:30,39,40,5630,13361
2023-06-16 12:26:30,39,40,5730,13461
2023-06-16 12:27:27,37,40,5730,13461
2023-06-16 12:27:27,37,41,5730,13461
2023-06-16 12:27:27,37,39,5730,13461
2023-06-16 12:28:23,37,40,5730,13461
2023-06-16 12:28:23,37,41,5730,13461
2023-06-16 12:28:28,38,41,5730,13461
2023-06-16 12:28:28,38,39,5730,13461
2023-06-16 12:28:28,38,39,5780,13511
2023-06-16 12:28:48,38,39,5830,13561
2023-06-16 12:29:28,38,40,5830,13561
2023-06-16 12:29:28,38,39,5830,13561
2023-06-16 12:30:29,37,41,5830,13561
2023-06-16 12:30:29,38,40,5830,13561
2023-06-16 12:30:29,38,39,5830,13561
2023-06-16 12:31:29,38,40,5830,13561
2023-06-16 12:31:29,38,39,5830,13561
2023-06-16 12:32:30,36,40,5830,13561
2023-06-16 12:32:31,38,40,5830,13561
2023-06-16 12:32:31,38,39,5830,13561
2023-06-16 12:32:32,38,39,5930,13661
2023-06-16 12:32:56,38,39,6030,13761
2023-06-16 12:33:29,36,39,6030,13761
2023-06-16 12:33:32,37,40,6030,13761
2023-06-16 12:33:32,37,38,6030,13761
2023-06-16 12:34:09,35,38,6030,13761
2023-06-16 12:34:09,35,37,6030,13761
2023-06-16 12:35:05,33,37,6030,13761
2023-06-16 12:35:05,34,37,6030,13761
2023-06-16 12:35:10,34,36,6030,13761
2023-06-16 12:36:08,34,38,6030,13761
2023-06-16 12:36:08,35,38,6030,13761
2023-06-16 12:36:08,36,38,6030,13761
2023-06-16 12:36:08,36,37,6030,13761
2023-06-16 12:37:06,35,39,6030,13761
2023-06-16 12:37:09,37,39,6030,13761
2023-06-16 12:37:09,37,38,6030,13761
2023-06-16 12:38:08,37,41,6030,13761
2023-06-16 12:38:09,39,41,6030,13761
2023-06-16 12:38:11,39,40,6030,13761
2023-06-16 12:38:15,39,41,6030,13761
2023-06-16 12:38:32,39,42,6030,13761
2023-06-16 12:38:32,39,41,6030,13761
2023-06-16 12:39:06,38,41,6030,13761
2023-06-16 12:39:10,39,41,6030,13761
2023-06-16 12:39:10,39,40,6030,13761
2023-06-16 12:40:13,38,41,6030,13761
2023-06-16 12:40:13,38,40,6030,13761
2023-06-16 12:40:13,37,40,6130,13861
2023-06-16 12:40:14,38,40,6130,13861
2023-06-16 12:40:14,38,40,6230,13961
2023-06-16 12:40:14,38,41,6230,13961
2023-06-16 12:40:14,38,39,6230,13961
2023-06-16 12:40:38,38,41,6230,13961
2023-06-16 12:40:38,38,40,6230,13961
2023-06-16 12:40:43,39,40,6230,13961
2023-06-16 12:41:44,38,40,6230,13961
2023-06-16 12:41:44,38,42,6230,14061
2023-06-16 12:41:45,38,40,6230,14061
2023-06-16 12:42:03,37,40,6230,14061
2023-06-16 12:42:44,39,41,6230,14061
2023-06-16 12:42:44,39,40,6230,14061
2023-06-16 12:43:44,36,40,6230,14061
2023-06-16 12:43:45,38,40,6230,14061
2023-06-16 12:43:45,38,39,6230,14061
2023-06-16 12:44:46,39,41,6230,14061
2023-06-16 12:44:46,39,40,6230,14061
2023-06-16 12:45:46,37,41,6230,14061
2023-06-16 12:45:46,39,41,6230,14061
2023-06-16 12:45:46,39,40,6230,14061
2023-06-16 12:46:49,37,41,6230,14061
2023-06-16 12:46:49,38,41,6230,14061
2023-06-16 12:46:49,38,39,6230,14061
2023-06-16 12:47:47,37,40,6230,14061
2023-06-16 12:47:49,37,38,6230,14061
2023-06-16 12:48:46,36,39,6230,14061
2023-06-16 12:48:52,37,39,6230,14061
2023-06-16 12:48:52,37,38,6230,14061
2023-06-16 12:49:51,35,38,6230,14061
2023-06-16 12:49:53,36,38,6230,14061
2023-06-16 12:49:53,36,37,6230,14061
2023-06-16 12:50:21,34,37,6230,14061
2023-06-16 12:50:21,33,37,6230,14061
2023-06-16 12:50:21,34,37,6230,14061
2023-06-16 12:50:21,34,36,6230,14061
2023-06-16 12:50:56,34,35,6230,14061
2023-06-16 12:51:01,34,36,6230,14061
2023-06-16 12:51:22,33,36,6230,14061
2023-06-16 12:51:22,33,35,6230,14061
2023-06-16 12:51:27,33,34,6230,14061
2023-06-16 12:51:27,33,34,6320,14151
2023-06-16 12:51:27,33,34,6330,14161
2023-06-16 12:51:27,33,35,6330,14161
2023-06-16 12:51:27,33,35,6397,14228
2023-06-16 12:52:12,33,34,6397,14228
2023-06-16 12:52:21,32,34,6397,14228
2023-06-16 12:52:21,32,33,6397,14228
2023-06-16 12:52:53,30,33,6397,14228
2023-06-16 12:52:53,31,33,6397,14228
2023-06-16 12:52:53,31,32,6397,14228
2023-06-16 12:52:54,31,32,6430,14261
2023-06-16 12:52:55,31,32,6530,14361
2023-06-16 12:53:13,31,32,6597,14428
2023-06-16 12:53:55,31,34,6597,14428
2023-06-16 12:53:55,31,32,6597,14428
2023-06-16 12:53:57,31,32,6697,14528
2023-06-16 12:53:58,31,32,6730,14561
2023-06-16 12:54:55,31,33,6730,14561
2023-06-16 12:55:43,31,34,6730,14561
2023-06-16 12:55:43,32,34,6730,14561
2023-06-16 12:56:46,32,35,6730,14561
2023-06-16 12:56:46,33,35,6730,14561
2023-06-16 12:57:41,33,38,6730,14561
2023-06-16 12:57:41,34,38,6730,14561
2023-06-16 12:57:41,35,38,6730,14561
2023-06-16 12:57:49,34,38,6730,14561
2023-06-16 12:58:01,33,38,6730,14561
2023-06-16 12:58:05,32,36,6730,14561
2023-06-16 12:58:20,33,36,6730,14561
2023-06-16 12:58:30,33,37,6730,14561
2023-06-16 12:58:37,33,36,6730,14561
2023-06-16 12:59:00,33,37,6730,14561
2023-06-16 12:59:16,33,36,6730,14561
2023-06-16 12:59:33,33,37,6730,14561
2023-06-16 12:59:33,33,35,6730,14561
2023-06-16 12:59:35,34,35,6730,14561
2023-06-16 12:59:43,33,35,6730,14561
2023-06-16 13:00:22,34,35,6730,14561
2023-06-16 13:00:31,35,38,6730,14561
2023-06-16 13:00:33,35,37,6730,14561
2023-06-16 13:01:08,36,37,6730,14561
2023-06-16 13:01:11,36,39,6730,14561
2023-06-16 13:01:11,37,39,6730,14561
2023-06-16 13:02:11,37,38,6730,14561
2023-06-16 13:03:12,36,39,6730,14561
2023-06-16 13:03:12,36,38,6730,14561
2023-06-16 13:03:53,34,38,6730,14561
2023-06-16 13:03:53,35,38,6730,14561
2023-06-16 13:03:53,35,37,6730,14561
2023-06-16 13:04:44,35,36,6730,14561
2023-06-16 13:04:52,33,36,6730,14561
2023-06-16 13:04:53,34,36,6730,14561
2023-06-16 13:05:34,34,35,6730,14561
2023-06-16 13:05:50,31,35,6730,14561
2023-06-16 13:05:51,32,35,6730,14561
2023-06-16 13:05:51,32,34,6730,14561
2023-06-16 13:06:13,33,34,6730,14561
2023-06-16 13:06:16,33,34,6730,14711
2023-06-16 13:06:16,33,36,6730,14711
2023-06-16 13:06:16,33,37,6730,14711
2023-06-16 13:06:16,33,36,6730,14711
2023-06-16 13:06:17,34,36,6730,14711
2023-06-16 13:06:17,34,37,6730,14711
2023-06-16 13:06:17,34,36,6730,14711
2023-06-16 13:06:27,35,36,6730,14711
2023-06-16 13:06:37,34,36,6730,14711
2023-06-16 13:06:53,35,36,6730,14711
2023-06-16 13:07:07,35,36,6730,14861
2023-06-16 13:07:07,35,39,6730,14861
2023-06-16 13:07:08,36,39,6730,14861
2023-06-16 13:07:08,37,39,6730,14861
2023-06-16 13:07:33,37,41,6730,14861
2023-06-16 13:07:33,39,41,6730,14861
2023-06-16 13:08:02,39,43,6730,14861
2023-06-16 13:08:02,40,43,6730,14861
2023-06-16 13:08:20,39,43,6730,14861
2023-06-16 13:08:23,39,42,6730,14861
2023-06-16 13:08:41,39,43,6730,14861
2023-06-16 13:08:57,40,43,6730,14861
2023-06-16 13:09:16,39,43,6730,14861
2023-06-16 13:09:31,40,43,6730,14861
2023-06-16 13:10:02,41,43,6730,14861
2023-06-16 13:10:02,41,44,6730,14861
2023-06-16 13:10:03,42,44,6730,14861
2023-06-16 13:10:03,42,45,6730,14861
2023-06-16 13:10:04,42,44,6730,14861
2023-06-16 13:10:04,41,44,6730,15061
2023-06-16 13:10:04,41,42,6730,15061
2023-06-16 13:10:10,42,43,6830,15161
2023-06-16 13:10:10,41,43,7030,15361
2023-06-16 13:10:11,42,43,7030,15361
2023-06-16 13:10:14,42,44,7030,15361
2023-06-16 13:10:16,43,44,7030,15361
2023-06-16 13:10:16,43,44,7130,15461
2023-06-16 13:10:21,43,45,7130,15461
2023-06-16 13:10:46,43,46,7130,15461
2023-06-16 13:10:46,45,46,7130,15461
2023-06-16 13:11:44,43,46,7130,15461
2023-06-16 13:11:44,43,47,7130,15461
2023-06-16 13:11:44,43,45,7130,15461
2023-06-16 13:11:51,43,44,7130,15461
2023-06-16 13:12:43,41,45,7130,15461
2023-06-16 13:12:43,41,43,7130,15461
2023-06-16 13:12:48,42,43,7130,15461
2023-06-16 13:13:04,40,43,7130,15461
2023-06-16 13:13:05,40,44,7130,15461
2023-06-16 13:13:05,41,44,7130,15461
2023-06-16 13:13:05,41,42,7130,15461
2023-06-16 13:14:05,40,44,7130,15761
2023-06-16 13:14:45,41,44,7130,15761
2023-06-16 13:14:54,40,44,7130,15761
2023-06-16 13:15:06,41,44,7130,15761
2023-06-16 13:15:33,41,43,7130,15761
2023-06-16 13:15:50,41,44,7130,15761
2023-06-16 13:16:27,42,44,7130,15761
2023-06-16 13:16:36,41,44,7130,15761
2023-06-16 13:17:13,42,45,7130,15761
2023-06-16 13:17:13,42,44,7130,15761
2023-06-16 13:18:14,42,45,7130,15761
2023-06-16 13:18:14,42,44,7130,15761
2023-06-16 13:19:11,41,45,7130,15761
2023-06-16 13:19:18,42,44,7130,15761
2023-06-16 13:20:21,42,46,7130,15761
2023-06-16 13:20:21,43,46,7130,15761
2023-06-16 13:20:21,43,45,7130,15761
2023-06-16 13:21:19,42,46,7130,15761
2023-06-16 13:21:22,43,45,7130,15761
2023-06-16 13:21:22,43,44,7130,15761
2023-06-16 13:21:22,43,44,7230,15861
2023-06-16 13:21:50,43,44,7230,16011
2023-06-16 13:21:52,43,44,7230,16161
2023-06-16 13:21:53,43,46,7230,16261
2023-06-16 13:22:03,43,47,7230,16261
2023-06-16 13:22:04,44,47,7230,16261
2023-06-16 13:22:05,44,47,7230,16361
2023-06-16 13:22:05,44,46,7230,16361
2023-06-16 13:22:08,43,46,7330,16561
2023-06-16 13:22:16,44,46,7330,16561
2023-06-16 13:22:16,45,46,7330,16561
2023-06-16 13:22:19,47,48,7330,16661
2023-06-16 13:22:19,45,48,7430,16761
2023-06-16 13:22:24,44,48,7430,16761
2023-06-16 13:22:27,44,47,7430,16761
2023-06-16 13:22:29,43,47,7430,16761
2023-06-16 13:22:29,46,47,7430,16761
2023-06-16 13:22:29,43,47,7530,16861
2023-06-16 13:22:32,43,46,7530,16861
2023-06-16 13:22:47,43,45,7530,16861
2023-06-16 13:22:50,42,45,7530,16861
2023-06-16 13:22:50,44,45,7530,16861
2023-06-16 13:23:11,41,45,7530,16861
2023-06-16 13:23:11,43,45,7530,16861
2023-06-16 13:23:11,43,44,7530,16861
2023-06-16 13:23:37,41,44,7530,17061
2023-06-16 13:23:48,42,44,7530,17061
2023-06-16 13:23:59,41,44,7530,17061
2023-06-16 13:24:12,41,45,7530,17061
2023-06-16 13:24:12,43,45,7530,17061
2023-06-16 13:24:12,43,44,7530,17061
2023-06-16 13:25:08,43,45,7530,17061
2023-06-16 13:25:08,43,46,7530,17061
2023-06-16 13:25:10,42,46,7530,17061
2023-06-16 13:25:12,43,46,7530,17061
2023-06-16 13:25:12,43,44,7530,17061
2023-06-16 13:25:45,41,44,7530,17061
2023-06-16 13:25:46,42,44,7530,17061
2023-06-16 13:26:01,42,43,7530,17061
2023-06-16 13:26:10,40,43,7530,17061
2023-06-16 13:26:10,41,43,7530,17061
2023-06-16 13:26:11,40,43,7730,17261
2023-06-16 13:26:11,40,42,7730,17261
2023-06-16 13:26:11,40,43,7730,17261
2023-06-16 13:26:12,41,43,7730,17261
2023-06-16 13:26:17,40,43,7730,17261
2023-06-16 13:26:27,41,43,7730,17261
2023-06-16 13:26:35,41,44,7730,17261
2023-06-16 13:26:35,42,44,7730,17261
2023-06-16 13:26:55,43,44,7730,17261
2023-06-16 13:26:55,42,44,7930,17461
2023-06-16 13:27:02,43,44,7930,17461
2023-06-16 13:27:03,43,45,7930,17461
2023-06-16 13:27:03,44,45,7930,17461
2023-06-16 13:27:09,44,46,7930,17461
2023-06-16 13:27:09,46,47,7930,17661
2023-06-16 13:27:46,44,47,7930,17661
2023-06-16 13:27:46,44,48,7930,17661
2023-06-16 13:27:51,44,47,7930,17661
2023-06-16 13:28:06,44,48,7930,17661
2023-06-16 13:28:09,45,48,7930,17661
2023-06-16 13:28:20,44,48,7930,17661
2023-06-16 13:28:51,45,48,7930,17661
2023-06-16 13:28:58,45,49,7930,17661
2023-06-16 13:29:12,45,46,7930,17661
2023-06-16 13:29:12,45,46,8030,17761
2023-06-16 13:29:25,45,48,8030,17761
2023-06-16 13:29:25,46,48,8030,17761
2023-06-16 13:29:25,46,47,8030,17761
2023-06-16 13:29:50,46,48,8030,17861
2023-06-16 13:29:50,46,49,8030,17861
2023-06-16 13:29:50,46,48,8030,17861
2023-06-16 13:29:50,46,47,8030,17861
2023-06-16 13:30:25,45,47,8030,17861
2023-06-16 13:30:26,45,49,8030,17961
2023-06-16 13:30:26,45,48,8030,17961
2023-06-16 13:30:37,45,47,8030,17961
2023-06-16 13:30:39,44,47,8030,17961
2023-06-16 13:30:39,45,47,8030,17961
2023-06-16 13:31:36,43,47,8030,17961
2023-06-16 13:31:41,44,47,8030,17961
2023-06-16 13:31:41,44,46,8030,17961
2023-06-16 13:32:39,43,47,8030,17961
2023-06-16 13:32:41,44,46,8030,17961
2023-06-16 13:33:41,43,47,8030,17961
2023-06-16 13:33:41,43,45,8030,17961
2023-06-16 13:33:48,44,45,8030,17961
2023-06-16 13:34:01,43,45,8030,17961
2023-06-16 13:34:38,43,47,8030,17961
2023-06-16 13:34:42,44,47,8030,17961
2023-06-16 13:34:42,44,46,8030,17961
2023-06-16 13:34:50,44,48,8030,17961
2023-06-16 13:34:50,45,48,8030,17961
2023-06-16 13:34:50,45,47,8030,17961
2023-06-16 13:35:51,46,47,8030,17961
2023-06-16 13:36:51,45,47,8030,17961
2023-06-16 13:36:51,44,47,8030,17961
2023-06-16 13:36:53,45,47,8030,17961
2023-06-16 13:37:56,46,47,8030,17961
2023-06-16 13:38:03,46,48,8060,17991
2023-06-16 13:38:07,46,48,8090,18141
2023-06-16 13:38:08,47,48,8090,18141
2023-06-16 13:38:08,47,51,8090,18141
2023-06-16 13:38:08,47,49,8090,18141
2023-06-16 13:38:44,47,48,8090,18141
2023-06-16 13:38:45,46,48,8090,18171
2023-06-16 13:39:04,46,47,8090,18171
2023-06-16 13:39:04,45,47,8090,18201
2023-06-16 13:40:03,43,47,8090,18201
2023-06-16 13:40:04,44,47,8090,18201
2023-06-16 13:40:04,44,45,8090,18201
2023-06-16 13:41:01,43,45,8090,18201
2023-06-16 13:41:04,44,45,8090,18201
2023-06-16 13:41:55,44,46,8120,18231
2023-06-16 13:42:00,45,46,8120,18231
2023-06-16 13:42:00,45,46,8150,18261
2023-06-16 13:42:04,45,46,8180,18291
2023-06-16 13:42:05,45,47,8210,18381
2023-06-16 13:44:42,45,46,8210,18381
2023-06-16 13:44:50,44,46,8210,18381
2023-06-16 13:45:10,43,46,8210,18381
2023-06-16 13:45:35,44,46,8210,18381
2023-06-16 13:46:07,45,46,8210,18381
2023-06-16 13:46:09,45,47,8240,18411
2023-06-16 13:46:22,46,47,8240,18411
2023-06-16 13:46:24,46,48,8270,18441
2023-06-16 13:46:25,47,48,8270,18441
2023-06-16 13:46:41,47,50,8300,18471
2023-06-16 13:47:10,48,50,8300,18471
2023-06-16 13:47:17,47,50,8300,18471
2023-06-16 13:47:55,47,51,8330,18501
2023-06-16 13:48:08,48,51,8330,18501
2023-06-16 13:48:20,49,51,8330,18501
2023-06-16 13:48:39,50,51,8330,18501
2023-06-16 13:49:03,50,52,8360,18531
2023-06-16 13:49:36,51,52,8360,18531
2023-06-16 13:49:46,51,53,8390,18561
2023-06-16 13:49:46,52,53,8390,18561
2023-06-16 13:49:58,51,53,8390,18561
2023-06-16 13:50:01,52,53,8390,18561
2023-06-16 13:50:12,51,53,8390,18561
2023-06-16 13:51:58,50,53,8390,18561
2023-06-16 13:52:17,50,52,8390,18561
2023-06-16 13:52:17,50,53,8390,18561
2023-06-16 13:52:24,50,52,8390,18561
2023-06-16 13:52:24,50,53,8390,18561
2023-06-16 13:52:25,50,53,8390,18591
2023-06-16 13:52:31,50,53,8530,18821
2023-06-16 13:52:31,50,52,8530,18821
2023-06-16 13:52:31,50,53,8530,18821
2023-06-16 13:52:31,50,52,8530,18821
2023-06-16 13:52:42,50,51,8530,18821
2023-06-16 13:52:43,50,52,8530,18961
2023-06-16 13:52:44,50,51,8530,18961
2023-06-16 13:53:02,50,54,8590,19021
2023-06-16 13:53:02,50,53,8590,19021
2023-06-16 13:53:02,50,54,8590,19021
2023-06-16 13:53:05,50,53,8590,19021
2023-06-16 13:53:29,50,52,8590,19021
2023-06-16 13:53:44,50,53,8590,19021
2023-06-16 13:54:23,50,52,8590,19021
2023-06-16 13:54:36,49,52,8590,19081
2023-06-16 13:54:36,49,51,8590,19081
2023-06-16 13:54:36,49,52,8590,19081
2023-06-16 13:54:36,49,51,8590,19081
2023-06-16 13:56:13,50,51,8590,19081
2023-06-16 13:58:04,49,51,8590,19081
2023-06-16 13:58:50,49,52,8620,19111
2023-06-16 13:59:44,49,51,8620,19111
2023-06-16 13:59:48,49,51,8620,19171
2023-06-16 13:59:48,49,50,8620,19171
2023-06-16 13:59:48,49,51,8620,19171
2023-06-16 14:00:28,49,52,8650,19201
2023-06-16 14:00:46,49,51,8650,19201
2023-06-16 14:00:49,49,50,8650,19201
2023-06-16 14:01:12,49,50,8650,19241
2023-06-16 14:01:13,48,50,8650,19261
2023-06-16 14:01:57,49,50,8650,19261
2023-06-16 14:02:06,49,51,8660,19271
2023-06-16 14:02:06,50,51,8660,19271
2023-06-16 14:02:17,50,53,8670,19281
2023-06-16 14:02:17,51,53,8670,19281
2023-06-16 14:02:20,52,53,8670,19281
2023-06-16 14:02:49,51,53,8670,19281
2023-06-16 14:03:01,52,53,8670,19281
2023-06-16 14:03:49,51,53,8670,19281
2023-06-16 14:03:53,52,53,8670,19281
2023-06-16 14:04:05,52,54,8680,19291
2023-06-16 14:04:05,53,54,8680,19291
2023-06-16 14:04:10,53,56,8690,19301
2023-06-16 14:04:11,54,56,8690,19301
2023-06-16 14:05:43,54,56,8690,19311
2023-06-16 14:05:43,54,56,8690,19311
2023-06-16 14:07:52,53,56,8690,19311
2023-06-16 14:08:03,53,55,8690,19311
2023-06-16 14:08:06,52,55,8690,19311
2023-06-16 14:09:24,53,55,8690,19311
2023-06-16 14:10:05,52,55,8690,19311
2023-06-16 14:10:13,52,54,8690,19311
2023-06-16 14:10:20,52,53,8690,19311
2023-06-16 14:10:34,51,53,8690,19311
2023-06-16 14:10:35,51,52,8690,19311
2023-06-16 14:10:39,51,53,8690,19311
2023-06-16 14:10:47,50,53,8690,19311
2023-06-16 14:11:29,50,54,8690,19311
2023-06-16 14:11:30,51,54,8690,19311
2023-06-16 14:12:07,52,54,8690,19311
2023-06-16 14:12:41,53,54,8690,19311
2023-06-16 14:12:46,54,55,8700,19321
2023-06-16 14:13:45,53,55,8700,19321
2023-06-16 14:13:46,54,55,8700,19321
2023-06-16 14:14:11,55,56,8710,19331
2023-06-16 14:17:50,56,57,8720,19341
2023-06-16 14:28:00,56,58,8730,19351
2023-06-16 14:28:01,57,58,8730,19351
2023-06-16 14:30:04,57,59,8740,19361
2023-06-16 14:30:09,59,60,8750,19371
2023-06-16 14:30:10,57,60,8760,19381
2023-06-16 14:30:35,58,60,8760,19381
2023-06-16 14:30:44,59,60,8760,19381
2023-06-16 14:30:47,60,61,8770,19391
2023-06-16 14:31:03,60,61,8790,19411
2023-06-16 14:32:01,60,62,8800,19421
2023-06-16 14:32:01,61,62,8800,19421
2023-06-16 14:37:48,61,63,8810,19431
2023-06-16 14:38:01,61,64,8810,19431
2023-06-16 14:38:01,61,62,8810,19431
2023-06-16 14:38:02,61,64,8810,19441
2023-06-16 14:38:41,61,64,8812,19443
2023-06-16 14:38:41,63,64,8812,19443
2023-06-16 14:39:43,60,62,8730,19525
2023-06-16 14:40:04,60,64,8730,19525
2023-06-16 14:40:05,60,63,8730,19525
2023-06-16 14:40:05,60,64,8730,19525
2023-06-16 14:40:14,61,64,8730,19525
2023-06-16 14:41:12,63,64,8730,19525
2023-06-16 14:41:49,64,65,8740,19535
2023-06-16 14:42:04,64,65,8780,19575
2023-06-16 14:42:08,64,65,8820,19615
2023-06-16 14:42:09,64,65,8820,19865
2023-06-16 14:42:11,65,66,8830,19875
2023-06-16 14:42:11,65,66,8870,19915
2023-06-16 14:42:31,64,66,8870,19915
2023-06-16 14:43:26,64,65,8870,19915
2023-06-16 14:43:26,64,66,8870,19915
2023-06-16 14:43:27,64,65,8870,19915
2023-06-16 14:43:27,64,66,8870,19915
2023-06-16 14:43:58,64,65,8870,19915
2023-06-16 14:44:03,63,65,8870,19955
2023-06-16 14:44:03,63,64,8870,19955
2023-06-16 14:50:22,63,64,9010,20095
2023-06-16 14:53:19,63,64,9010,20125
2023-06-16 14:55:45,62,64,9010,20125
2023-06-16 14:55:46,62,63,9010,20125
2023-06-16 14:56:01,62,63,9010,20275
2023-06-16 14:56:02,62,64,9010,20295
2023-06-16 14:57:09,61,64,9010,20295
2023-06-16 14:57:29,62,64,9010,20295
2023-06-16 14:58:18,63,64,9010,20295
2023-06-16 14:59:26,62,64,9010,20295
2023-06-16 14:59:26,60,64,9010,20295
2023-06-16 14:59:37,61,64,9010,20295
2023-06-16 14:59:49,61,63,9010,20295
2023-06-16 15:00:00,61,64,9010,20295
2023-06-16 15:00:08,62,64,9010,20295
2023-06-16 15:00:32,62,63,9010,20295
2023-06-16 15:00:34,61,63,9010,20295
2023-06-16 15:00:38,61,62,9010,20295
2023-06-16 15:00:38,61,62,9010,20305
2023-06-16 15:00:42,61,62,9010,20315
2023-06-16 15:00:42,57,62,9010,20315
2023-06-16 15:00:42,57,61,9010,20315
2023-06-16 15:00:43,58,61,9010,20315
2023-06-16 15:01:01,58,60,9010,20315
2023-06-16 15:01:04,58,61,9010,20315
2023-06-16 15:01:09,58,60,9010,20315
2023-06-16 15:01:11,58,59,9010,20315
2023-06-16 15:01:20,58,59,9010,20325
2023-06-16 15:01:20,54,59,9010,20325
2023-06-16 15:01:20,54,58,9010,20325
2023-06-16 15:01:21,55,58,9010,20325
2023-06-16 15:01:23,55,57,9010,20325
2023-06-16 15:01:28,55,56,9010,20325
2023-06-16 15:01:32,55,57,9010,20325
2023-06-16 15:01:32,55,56,9010,20325
2023-06-16 15:01:44,52,56,9010,20325
2023-06-16 15:01:44,52,55,9010,20325
2023-06-16 15:01:46,52,56,9010,20325
2023-06-16 15:01:47,53,56,9010,20325
2023-06-16 15:01:51,52,56,9010,20325
2023-06-16 15:01:52,52,55,9010,20325
2023-06-16 15:01:59,52,56,9010,20325
2023-06-16 15:02:04,53,56,9010,20325
2023-06-16 15:02:07,53,57,9010,20325
2023-06-16 15:02:09,54,57,9010,20325
2023-06-16 15:02:13,54,58,9010,20325
2023-06-16 15:02:19,54,57,9010,20325
2023-06-16 15:02:20,53,57,9010,20325
2023-06-16 15:02:21,53,56,9010,20325
2023-06-16 15:02:23,53,57,9010,20325
2023-06-16 15:02:24,54,57,9010,20325
2023-06-16 15:02:24,54,58,9010,20325
2023-06-16 15:02:26,55,58,9010,20325
2023-06-16 15:02:45,55,57,9010,20325
2023-06-16 15:02:46,55,58,9010,20325
2023-06-16 15:02:53,55,59,9010,20325
2023-06-16 15:02:56,56,59,9010,20325
2023-06-16 15:03:01,56,60,9010,20325
2023-06-16 15:03:04,56,59,9010,20325
2023-06-16 15:03:22,56,60,9010,20325
2023-06-16 15:03:23,57,60,9010,20325
2023-06-16 15:03:23,57,61,9010,20325
2023-06-16 15:03:27,57,60,9010,20325
2023-06-16 15:03:34,57,59,9010,20325
2023-06-16 15:03:34,56,59,9010,20365
2023-06-16 15:03:36,56,58,9010,20365
2023-06-16 15:03:41,56,59,9010,20365
2023-06-16 15:03:46,56,60,9010,20365
2023-06-16 15:03:47,57,60,9010,20365
2023-06-16 15:03:47,57,60,9030,20385
2023-06-16 15:03:47,57,58,9030,20385
2023-06-16 15:03:51,57,60,9030,20385
2023-06-16 15:03:51,57,59,9030,20385
2023-06-16 15:03:54,57,60,9030,20385
2023-06-16 15:03:54,57,58,9030,20385
2023-06-16 15:04:02,57,58,9030,20395
2023-06-16 15:04:06,57,60,9030,20395
2023-06-16 15:04:06,57,61,9030,20395
2023-06-16 15:04:07,58,61,9030,20395
2023-06-16 15:04:07,58,59,9030,20395
2023-06-16 15:04:14,58,61,9030,20395
2023-06-16 15:04:14,58,62,9030,20395
2023-06-16 15:04:14,58,63,9030,20395
2023-06-16 15:04:15,59,63,9030,20395
2023-06-16 15:04:15,59,61,9030,20395
2023-06-16 15:04:15,60,61,9030,20395
2023-06-16 15:04:15,60,61,9040,20405
2023-06-16 15:04:16,60,63,9040,20405
2023-06-16 15:04:16,60,62,9040,20405
2023-06-16 15:04:23,60,62,9050,20415
2023-06-16 15:04:27,61,62,9050,20415
2023-06-16 15:04:29,61,63,9050,20415
2023-06-16 15:04:32,62,63,9050,20415
2023-06-16 15:04:32,62,64,9050,20415
2023-06-16 15:04:35,63,64,9050,20415
2023-06-16 15:04:36,63,64,9090,20455
2023-06-16 15:04:38,62,64,9090,20455
2023-06-16 15:04:59,62,63,9090,20455
2023-06-16 15:05:08,61,63,9090,20455
2023-06-16 15:05:08,61,64,9090,20455
2023-06-16 15:05:08,61,62,9090,20455
2023-06-16 15:05:20,61,64,9090,20455
2023-06-16 15:05:20,61,63,9090,20455
2023-06-16 15:05:27,62,63,9090,20455
2023-06-16 15:05:27,62,64,9090,20455
2023-06-16 15:05:45,63,64,9090,20455
2023-06-16 15:06:13,62,63,9090,20495
2023-06-16 15:06:13,62,63,9110,20515
2023-06-16 15:06:15,60,63,9110,20515
2023-06-16 15:06:15,60,64,9110,20515
2023-06-16 15:06:15,60,62,9110,20515
2023-06-16 15:06:26,60,61,9110,20515
2023-06-16 15:06:52,59,61,9110,20515
2023-06-16 15:06:52,59,60,9110,20515
2023-06-16 15:07:07,58,60,9110,20515
2023-06-16 15:07:07,58,59,9110,20515
2023-06-16 15:07:17,58,60,9110,20515
2023-06-16 15:07:17,58,59,9110,20515
2023-06-16 15:07:18,57,58,9110,20525
2023-06-16 15:07:19,54,58,9110,20525
2023-06-16 15:07:19,54,57,9110,20525
2023-06-16 15:07:20,54,56,9110,20525
2023-06-16 15:07:20,54,57,9110,20525
2023-06-16 15:07:20,54,55,9110,20525
2023-06-16 15:07:23,54,57,9110,20525
2023-06-16 15:07:23,54,56,9110,20525
2023-06-16 15:07:28,54,55,9110,20525
2023-06-16 15:07:47,54,56,9110,20525
2023-06-16 15:07:47,55,56,9110,20525
2023-06-16 15:08:00,55,59,9110,20535
2023-06-16 15:08:00,55,60,9110,20535
2023-06-16 15:08:00,56,60,9110,20535
2023-06-16 15:08:00,57,60,9110,20535
2023-06-16 15:08:00,58,60,9110,20535
2023-06-16 15:08:01,58,61,9110,20535
2023-06-16 15:08:01,57,61,9110,20535
2023-06-16 15:08:01,57,59,9110,20535
2023-06-16 15:08:06,58,59,9110,20535
2023-06-16 15:08:06,58,61,9110,20535
2023-06-16 15:08:06,58,62,9110,20535
2023-06-16 15:08:06,58,61,9110,20535
2023-06-16 15:08:06,58,60,9110,20535
2023-06-16 15:08:07,59,60,9110,20535
2023-06-16 15:08:08,59,62,9110,20535
2023-06-16 15:08:08,59,63,9110,20535
2023-06-16 15:08:08,59,61,9110,20535
2023-06-16 15:08:09,60,61,9110,20535
2023-06-16 15:08:20,57,60,9110,20545
2023-06-16 15:08:21,57,59,9110,20545
2023-06-16 15:08:26,57,60,9110,20545
2023-06-16 15:08:26,57,58,9110,20545
2023-06-16 15:08:51,56,57,9110,20555
2023-06-16 15:08:53,54,57,9110,20555
2023-06-16 15:08:53,54,58,9110,20555
2023-06-16 15:08:53,54,56,9110,20555
2023-06-16 15:08:55,55,56,9110,20555
2023-06-16 15:09:00,54,56,9110,20555
2023-06-16 15:09:01,55,56,9110,20555
2023-06-16 15:09:06,54,56,9110,20555
2023-06-16 15:09:10,55,56,9110,20555
2023-06-16 15:09:26,54,56,9110,20555
2023-06-16 15:09:26,54,55,9110,20555
2023-06-16 15:09:36,53,55,9120,20565
2023-06-16 15:09:36,52,55,9130,20575
2023-06-16 15:09:41,52,54,9290,20735
2023-06-16 15:09:41,51,52,9340,20785
2023-06-16 15:09:41,51,52,9380,20825
2023-06-16 15:09:49,51,54,9600,21045
2023-06-16 15:09:49,52,54,9600,21045
2023-06-16 15:09:50,53,54,9600,21045
2023-06-16 15:10:02,53,55,9600,21065
2023-06-16 15:10:03,54,55,9600,21065
2023-06-16 15:11:31,53,54,9600,21075
2023-06-16 15:11:44,52,54,9600,21075
2023-06-16 15:11:44,52,53,9600,21075
2023-06-16 15:11:53,52,54,9600,21075
2023-06-16 15:12:03,52,53,9600,21075
2023-06-16 15:12:22,51,52,9600,21085
2023-06-16 15:12:25,47,51,9600,21095
2023-06-16 15:12:25,47,49,9600,21095
2023-06-16 15:12:26,47,49,9600,21245
2023-06-16 15:12:28,47,51,9600,21245
2023-06-16 15:12:28,48,52,9600,21245
2023-06-16 15:12:28,49,52,9600,21245
2023-06-16 15:12:28,49,51,9600,21245
2023-06-16 15:12:29,50,51,9600,21245
2023-06-16 15:12:31,49,51,9600,21245
2023-06-16 15:12:31,50,51,9600,21245
2023-06-16 15:12:35,50,52,9600,21265
2023-06-16 15:12:41,51,52,9600,21265
2023-06-16 15:12:42,51,54,9600,21295
2023-06-16 15:12:42,52,54,9600,21295
2023-06-16 15:12:42,53,54,9600,21295
2023-06-16 15:13:06,50,54,9600,21295
2023-06-16 15:13:06,50,53,9600,21295
2023-06-16 15:13:06,50,54,9600,21295
2023-06-16 15:13:06,50,52,9600,21295
2023-06-16 15:13:06,51,52,9600,21295
2023-06-16 15:13:16,48,52,9600,21295
2023-06-16 15:13:16,48,51,9600,21295
2023-06-16 15:13:17,48,52,9600,21295
2023-06-16 15:13:17,48,50,9600,21295
2023-06-16 15:13:18,49,50,9600,21295
2023-06-16 15:13:18,49,52,9600,21295
2023-06-16 15:13:18,49,51,9600,21295
2023-06-16 15:13:21,49,52,9600,21295
2023-06-16 15:13:21,48,52,9600,21295
2023-06-16 15:13:21,48,50,9600,21295
2023-06-16 15:13:22,48,52,9600,21435
2023-06-16 15:13:22,49,52,9600,21435
2023-06-16 15:13:24,48,52,9600,21435
2023-06-16 15:13:24,48,51,9600,21435
2023-06-16 15:13:27,48,50,9600,21435
2023-06-16 15:13:29,48,51,9600,21435
2023-06-16 15:13:36,48,52,9600,21435
2023-06-16 15:13:41,48,51,9600,21435
2023-06-16 15:13:47,48,52,9600,21435
2023-06-16 15:13:47,49,52,9600,21435
2023-06-16 15:13:55,49,51,9600,21435
2023-06-16 15:13:58,49,52,9600,21435
2023-06-16 15:14:04,49,51,9600,21435
2023-06-16 15:14:11,49,50,9600,21435
2023-06-16 15:14:11,48,50,9600,21435
2023-06-16 15:14:23,48,49,9600,21435
2023-06-16 15:14:29,47,49,9600,21435
2023-06-16 15:14:30,47,48,9600,21435
2023-06-16 15:14:47,46,48,9610,21445
2023-06-16 15:14:47,46,47,9610,21445
2023-06-16 15:15:15,44,47,9610,21445
2023-06-16 15:15:15,44,45,9610,21445
2023-06-16 15:15:20,44,46,9610,21445
2023-06-16 15:15:20,45,46,9610,21445
2023-06-16 15:15:21,45,47,9610,21445
2023-06-16 15:15:22,44,47,9610,21445
2023-06-16 15:15:22,46,47,9610,21445
2023-06-16 15:15:36,46,48,9600,21455
2023-06-16 15:15:38,47,48,9600,21455
2023-06-16 15:15:44,47,50,9600,21465
2023-06-16 15:15:45,48,50,9600,21465
2023-06-16 15:15:50,49,50,9600,21465
2023-06-16 15:16:12,48,50,9600,21465
2023-06-16 15:16:12,48,49,9600,21465
2023-06-16 15:16:14,48,50,9600,21465
2023-06-16 15:16:27,48,49,9600,21465
2023-06-16 15:16:31,48,50,9600,21465
2023-06-16 15:16:35,49,50,9600,21465
2023-06-16 15:16:42,49,53,9660,21585
2023-06-16 15:16:42,50,53,9660,21585
2023-06-16 15:16:42,51,53,9660,21585
2023-06-16 15:16:45,52,53,9660,21585
2023-06-16 15:16:46,52,55,9660,21585
2023-06-16 15:16:46,52,54,9660,21585
2023-06-16 15:16:52,53,54,9660,21585
2023-06-16 15:16:52,53,56,9660,21585
2023-06-16 15:16:52,53,57,9660,21585
2023-06-16 15:16:52,53,55,9660,21585
2023-06-16 15:16:53,54,55,9660,21585
2023-06-16 15:17:10,50,55,9660,21585
2023-06-16 15:17:10,50,58,9660,21585
2023-06-16 15:17:10,51,58,9660,21585
2023-06-16 15:17:10,51,54,9660,21585
2023-06-16 15:17:12,51,58,9660,21585
2023-06-16 15:17:12,51,53,9660,21585
2023-06-16 15:17:13,51,58,9660,21585
2023-06-16 15:17:13,51,54,9660,21585
2023-06-16 15:17:16,51,60,9660,21585
2023-06-16 15:17:16,51,55,9660,21585
2023-06-16 15:17:19,51,60,9660,21585
2023-06-16 15:17:19,51,61,9660,21585
2023-06-16 15:17:19,51,59,9660,21585
2023-06-16 15:17:19,51,60,9660,21585
2023-06-16 15:17:20,51,61,9660,21585
2023-06-16 15:17:20,51,60,9660,21585
2023-06-16 15:17:20,52,60,9660,21585
2023-06-16 15:17:20,52,57,9660,21585
2023-06-16 15:17:25,52,61,9660,21585
2023-06-16 15:17:25,53,60,9660,21585
2023-06-16 15:17:25,53,58,9660,21585
2023-06-16 15:17:28,54,58,9660,21585
2023-06-16 15:17:30,54,61,9660,21585
2023-06-16 15:17:30,54,59,9660,21585
2023-06-16 15:17:31,54,58,9660,21585
2023-06-16 15:17:44,54,61,9660,21585
2023-06-16 15:17:50,57,61,9660,21585
2023-06-16 15:17:57,57,60,9660,21585
2023-06-16 15:17:58,57,61,9660,21585
2023-06-16 15:17:58,57,59,9660,21585
2023-06-16 15:17:59,57,61,9660,21585
2023-06-16 15:17:59,57,58,9660,21585
2023-06-16 15:18:05,56,58,9620,21625
2023-06-16 15:18:05,56,61,9620,21625
2023-06-16 15:18:05,56,60,9620,21625
2023-06-16 15:18:05,56,57,9620,21625
2023-06-16 15:18:07,48,57,9600,21665
2023-06-16 15:18:08,48,61,9600,21665
2023-06-16 15:18:08,48,60,9600,21665
2023-06-16 15:18:08,48,56,9600,21665
2023-06-16 15:18:09,47,56,9600,21665
2023-06-16 15:18:12,52,56,9600,21665
2023-06-16 15:18:16,52,61,9600,21665
2023-06-16 15:18:16,52,60,9600,21665
2023-06-16 15:18:16,52,54,9600,21665
2023-06-16 15:18:18,44,54,9640,21705
2023-06-16 15:18:19,44,61,9640,21705
2023-06-16 15:18:19,44,53,9640,21705
2023-06-16 15:18:23,43,53,9640,21705
2023-06-16 15:18:24,49,53,9640,21705
2023-06-16 15:19:22,50,53,9640,21705
2023-06-16 15:19:24,51,53,9640,21705
2023-06-16 15:19:28,52,53,9640,21705
2023-06-16 15:19:30,52,60,9640,21725
2023-06-16 15:19:33,52,61,9640,21725
2023-06-16 15:19:33,53,61,9640,21725
2023-06-16 15:19:34,54,61,9640,21725
2023-06-16 15:19:36,55,61,9640,21725
2023-06-16 15:19:41,56,61,9640,21725
2023-06-16 15:19:42,57,61,9640,21725
2023-06-16 15:19:57,54,61,9640,21725
2023-06-16 15:19:58,55,61,9640,21725
2023-06-16 15:20:06,56,61,9640,21725
2023-06-16 15:20:07,57,61,9640,21725
2023-06-16 15:20:07,58,61,9640,21725
2023-06-16 15:20:10,60,61,9640,21725
2023-06-16 15:20:12,60,64,9640,21735
2023-06-16 15:20:12,60,63,9640,21735
2023-06-16 15:20:12,61,63,9640,21735
2023-06-16 15:20:13,60,63,9640,21735
2023-06-16 15:20:17,60,64,9640,21735
2023-06-16 15:20:18,61,64,9640,21735
2023-06-16 15:20:20,62,64,9640,21735
2023-06-16 15:20:22,61,64,9640,21735
2023-06-16 15:20:31,62,64,9640,21735
2023-06-16 15:20:32,63,64,9640,21735
2023-06-16 15:20:33,63,76,9680,21775
2023-06-16 15:20:33,63,75,9680,21775
2023-06-16 15:20:33,63,70,9680,21775
2023-06-16 15:20:33,64,70,9680,21775
2023-06-16 15:20:33,64,69,9680,21775
2023-06-16 15:20:35,63,69,9680,21775
2023-06-16 15:20:39,64,69,9680,21775
2023-06-16 15:20:42,65,69,9680,21775
2023-06-16 15:20:42,65,68,9680,21775
2023-06-16 15:20:46,66,68,9680,21775
2023-06-16 15:20:50,65,68,9680,21775
2023-06-16 15:20:50,66,68,9680,21775
2023-06-16 15:21:04,65,68,9680,21775
2023-06-16 15:21:18,66,68,9680,21775
2023-06-16 15:21:27,67,68,9680,21775
2023-06-16 15:22:42,63,68,9680,21775
2023-06-16 15:22:51,62,68,9680,21775
2023-06-16 15:22:55,63,68,9680,21775
2023-06-16 15:23:04,62,68,9680,21775
2023-06-16 15:23:07,61,68,9680,21775
2023-06-16 15:23:08,60,68,9680,21775
2023-06-16 15:23:10,66,68,9680,21775
2023-06-16 15:23:27,59,68,9680,21795
2023-06-16 15:23:28,64,68,9680,21795
2023-06-16 15:23:48,65,68,9680,21795
2023-06-16 15:23:56,64,68,9700,21815
2023-06-16 15:24:02,65,68,9700,21815
2023-06-16 15:24:10,66,68,9700,21815
2023-06-16 15:24:38,67,68,9700,21815
2023-06-16 15:25:57,60,68,9700,21825
2023-06-16 15:25:59,59,68,9700,21825
2023-06-16 15:25:59,59,67,9700,21825
2023-06-16 15:26:01,63,67,9700,21825
2023-06-16 15:26:07,63,66,9700,21825
2023-06-16 15:26:15,63,65,9700,21825
2023-06-16 15:26:24,63,66,9700,21825
2023-06-16 15:26:24,63,64,9700,21825
2023-06-16 15:26:27,57,64,9700,21825
2023-06-16 15:26:27,58,64,9700,21825
2023-06-16 15:26:27,58,72,9700,21825
2023-06-16 15:26:27,58,71,9700,21825
2023-06-16 15:26:27,58,65,9700,21825
2023-06-16 15:26:27,60,65,9700,21825
2023-06-16 15:26:27,60,64,9700,21825
2023-06-16 15:26:36,61,64,9700,21825
2023-06-16 15:26:58,60,64,9700,21825
2023-06-16 15:26:58,58,64,9700,21825
2023-06-16 15:26:58,63,64,9700,21825
2023-06-16 15:27:00,58,64,9700,21835
2023-06-16 15:27:02,57,64,9700,21835
2023-06-16 15:27:03,58,64,9700,21835
2023-06-16 15:27:05,61,64,9700,21835
2023-06-16 15:27:14,63,64,9700,21835
2023-06-16 15:27:23,60,64,9700,21845
2023-06-16 15:27:30,63,64,9700,21845
2023-06-16 15:27:35,60,64,9700,21855
2023-06-16 15:27:36,61,64,9700,21855
2023-06-16 15:27:41,62,64,9700,21855
2023-06-16 15:28:04,63,64,9700,21855
2023-06-16 15:28:07,62,64,9710,21865
2023-06-16 15:28:10,63,64,9710,21865
2023-06-16 15:28:33,62,64,9710,21865
2023-06-16 15:28:44,62,63,9710,21865
2023-06-16 15:28:45,56,63,9710,21865
2023-06-16 15:28:46,59,63,9710,21865
2023-06-16 15:28:50,59,62,9710,21865
2023-06-16 15:28:52,59,63,9710,21865
2023-06-16 15:28:52,59,61,9710,21865
2023-06-16 15:28:56,55,61,9710,21865
2023-06-16 15:28:56,55,67,9710,21865
2023-06-16 15:28:56,54,67,9710,21865
2023-06-16 15:28:56,54,66,9710,21865
2023-06-16 15:28:56,54,60,9710,21865
2023-06-16 15:28:56,57,60,9710,21865
2023-06-16 15:28:59,57,61,9710,21865
2023-06-16 15:29:00,57,58,9710,21865
2023-06-16 15:29:12,57,61,9710,21865
2023-06-16 15:29:12,49,57,9710,21875
2023-06-16 15:29:12,49,61,9710,21875
2023-06-16 15:29:12,49,56,9710,21875
2023-06-16 15:29:17,50,56,9710,21875
2023-06-16 15:29:17,50,57,9710,21875
2023-06-16 15:29:18,50,61,9710,21875
2023-06-16 15:29:18,50,58,9710,21875
2023-06-16 15:29:19,51,58,9710,21875
2023-06-16 15:29:19,51,58,9710,21885
2023-06-16 15:29:20,52,58,9710,21885
2023-06-16 15:29:20,52,61,9710,21885
2023-06-16 15:29:20,52,60,9710,21885
2023-06-16 15:29:24,56,60,9710,21885
2023-06-16 15:29:32,56,60,9710,21917
2023-06-16 15:29:39,56,59,9710,21917
2023-06-16 15:29:40,56,60,9710,21917
2023-06-16 15:29:42,56,59,9710,21917
2023-06-16 15:29:46,56,60,9710,21917
2023-06-16 15:29:47,51,60,9710,21917
2023-06-16 15:29:47,58,60,9710,21917
2023-06-16 15:30:23,58,60,9710,21933
2023-06-16 15:30:33,59,60,9710,21933
2023-06-16 15:30:35,59,61,9710,21937
2023-06-16 15:30:35,60,61,9710,21937
2023-06-16 15:30:38,60,63,9710,21977
2023-06-16 15:30:38,61,63,9710,21977
2023-06-16 15:30:43,62,63,9710,21977
2023-06-16 15:31:10,62,66,9710,22017
2023-06-16 15:31:10,63,66,9710,22017
2023-06-16 15:31:11,64,66,9710,22017
2023-06-16 15:31:11,65,66,9710,22017
2023-06-16 15:31:14,65,67,9710,22037
2023-06-16 15:31:14,66,67,9710,22037
2023-06-16 15:31:37,66,73,9740,22079
2023-06-16 15:31:37,67,73,9740,22079
2023-06-16 15:31:40,66,73,9740,22079
2023-06-16 15:31:40,66,72,9740,22079
2023-06-16 15:31:41,66,73,9740,22079
2023-06-16 15:31:41,67,73,9740,22079
2023-06-16 15:31:43,68,73,9740,22079
2023-06-16 15:31:48,69,73,9740,22079
2023-06-16 15:32:00,70,73,9740,22079
2023-06-16 15:32:01,69,73,9740,22079
2023-06-16 15:32:08,70,73,9740,22079
2023-06-16 15:32:18,70,73,9750,22194
2023-06-16 15:32:19,70,77,9750,22194
2023-06-16 15:32:19,70,76,9750,22194
2023-06-16 15:32:19,70,72,9750,22194
2023-06-16 15:32:20,70,76,9750,22194
2023-06-16 15:32:20,70,71,9750,22194
2023-06-16 15:32:20,69,71,9750,22194
2023-06-16 15:32:23,69,77,9750,22194
2023-06-16 15:32:23,69,72,9750,22194
2023-06-16 15:32:25,69,78,9750,22194
2023-06-16 15:32:25,69,73,9750,22194
2023-06-16 15:32:26,69,77,9750,22194
2023-06-16 15:32:26,69,72,9750,22194
2023-06-16 15:32:27,69,78,9750,22194
2023-06-16 15:32:27,69,73,9750,22194
2023-06-16 15:32:30,69,77,9750,22194
2023-06-16 15:32:30,69,72,9750,22194
2023-06-16 15:32:31,69,72,9750,22214
2023-06-16 15:32:31,69,78,9750,22214
2023-06-16 15:32:31,69,73,9750,22214
2023-06-16 15:32:40,69,78,9750,22214
2023-06-16 15:32:40,69,74,9750,22214
2023-06-16 15:32:41,69,78,9750,22214
2023-06-16 15:32:41,70,78,9750,22214
2023-06-16 15:32:41,70,75,9750,22214
2023-06-16 15:32:43,70,78,9750,22214
2023-06-16 15:32:43,69,78,9750,22214
2023-06-16 15:32:43,69,74,9750,22214
2023-06-16 15:32:44,70,74,9750,22214
2023-06-16 15:32:44,70,78,9750,22214
2023-06-16 15:32:44,71,78,9750,22214
2023-06-16 15:32:44,71,75,9750,22214
2023-06-16 15:32:46,71,78,9750,22214
2023-06-16 15:32:46,71,76,9750,22214
2023-06-16 15:32:51,71,78,9750,22214
2023-06-16 15:32:51,71,77,9750,22214
2023-06-16 15:32:52,71,78,9750,22214
2023-06-16 15:32:52,71,76,9750,22214
2023-06-16 15:32:53,71,78,9750,22214
2023-06-16 15:32:53,71,77,9750,22214
2023-06-16 15:32:56,70,77,9750,22214
2023-06-16 15:32:57,73,77,9750,22214
2023-06-16 15:32:57,73,78,9750,22214
2023-06-16 15:32:58,70,78,9710,22254
2023-06-16 15:32:58,69,78,9710,22254
2023-06-16 15:33:00,68,78,9710,22254
2023-06-16 15:33:00,68,77,9710,22254
2023-06-16 15:33:00,74,77,9710,22254
2023-06-16 15:33:01,74,78,9710,22254
2023-06-16 15:33:01,67,78,9710,22294
2023-06-16 15:33:02,67,76,9710,22294
2023-06-16 15:33:04,67,78,9710,22294
2023-06-16 15:33:04,66,78,9710,22294
2023-06-16 15:33:04,66,75,9710,22294
2023-06-16 15:33:08,65,75,9710,22294
2023-06-16 15:33:08,71,75,9710,22294
2023-06-16 15:33:09,65,75,9710,22334
2023-06-16 15:33:10,65,78,9710,22334
2023-06-16 15:33:10,63,78,9710,22334
2023-06-16 15:33:11,63,73,9710,22334
2023-06-16 15:33:12,64,73,9710,22334
2023-06-16 15:33:12,64,74,9710,22334
2023-06-16 15:33:13,70,74,9710,22334
2023-06-16 15:33:15,64,74,9710,22344
2023-06-16 15:33:15,64,78,9710,22470
2023-06-16 15:33:20,65,78,9710,22470
2023-06-16 15:33:21,74,78,9710,22470
2023-06-16 15:33:22,65,78,9710,22480
2023-06-16 15:33:24,66,78,9710,22480
2023-06-16 15:33:26,67,78,9710,22480
2023-06-16 15:33:27,68,78,9710,22480
2023-06-16 15:33:29,69,78,9710,22480
2023-06-16 15:33:33,74,78,9710,22480
2023-06-16 15:33:33,69,78,9710,22490
2023-06-16 15:33:36,74,78,9710,22490
2023-06-16 15:33:39,68,78,9710,22500
2023-06-16 15:33:44,69,78,9710,22500
2023-06-16 15:33:44,74,78,9710,22500
2023-06-16 15:33:56,73,78,9710,22510
2023-06-16 15:34:10,68,78,9710,22510
2023-06-16 15:34:10,75,78,9710,22510
2023-06-16 15:35:13,76,78,9710,22510
2023-06-16 15:36:05,77,78,9710,22510
2023-06-16 15:36:23,76,78,9710,22520
2023-06-16 15:36:52,72,78,9710,22530
2023-06-16 15:36:54,71,78,9710,22530
2023-06-16 15:36:56,70,78,9710,22530
2023-06-16 15:36:56,76,78,9710,22530
2023-06-16 15:37:00,77,78,9710,22530
2023-06-16 15:37:04,76,78,9710,22540
2023-06-16 15:37:08,67,78,9710,22550
2023-06-16 15:37:09,74,78,9710,22550
2023-06-16 15:37:13,68,78,9710,22550
2023-06-16 15:37:14,72,78,9710,22550
2023-06-16 15:37:42,73,78,9710,22550
2023-06-16 15:37:43,74,78,9710,22550
2023-06-16 15:37:57,75,78,9710,22550
2023-06-16 15:38:19,76,78,9710,22550
2023-06-16 15:38:25,77,78,9710,22550
2023-06-16 15:38:28,76,78,9710,22550
2023-06-16 15:38:34,77,78,9710,22550
2023-06-16 15:38:37,77,82,9710,22590
2023-06-16 15:38:38,78,82,9710,22590
2023-06-16 15:38:51,79,82,9710,22590
2023-06-16 15:39:54,79,82,9710,22596
2023-06-16 15:40:36,79,81,9710,22596
2023-06-16 15:40:39,78,81,9710,22596
2023-06-16 15:40:47,78,80,9710,22596
2023-06-16 15:40:51,77,80,9710,22596
2023-06-16 15:42:01,77,79,9710,22596
2023-06-16 15:42:06,76,79,9710,22596
2023-06-16 15:42:07,76,78,9710,22596
2023-06-16 15:42:11,76,79,9710,22596
2023-06-16 15:42:11,76,77,9710,22596
2023-06-16 15:42:12,76,79,9710,22596
2023-06-16 15:42:12,76,78,9710,22596
2023-06-16 15:42:16,75,78,9710,22596
2023-06-16 15:42:16,75,79,9710,22596
2023-06-16 15:42:16,75,78,9710,22596
2023-06-16 15:42:22,75,77,9710,22596
2023-06-16 15:42:23,75,78,9710,22596
2023-06-16 15:42:25,75,77,9710,22596
2023-06-16 15:42:27,75,78,9710,22596
2023-06-16 15:42:43,75,77,9710,22596
2023-06-16 15:42:45,74,77,9710,22596
2023-06-16 15:43:10,74,76,9710,22596
2023-06-16 15:43:11,74,77,9710,22596
2023-06-16 15:43:16,75,77,9710,22596
2023-06-16 15:43:17,75,78,9710,22636
2023-06-16 15:43:18,75,80,9710,22676
2023-06-16 15:43:22,76,80,9710,22676
2023-06-16 15:43:23,76,85,9710,22676
2023-06-16 15:43:23,76,84,9710,22676
2023-06-16 15:43:23,76,81,9710,22676
2023-06-16 15:43:24,76,80,9710,22676
2023-06-16 15:43:25,77,80,9710,22676
2023-06-16 15:43:27,78,80,9710,22676
2023-06-16 15:43:33,79,80,9710,22676
2023-06-16 15:43:33,79,84,9736,22716
2023-06-16 15:43:35,80,84,9736,22716
2023-06-16 15:43:35,80,90,9736,22716
2023-06-16 15:43:35,80,89,9736,22716
2023-06-16 15:43:35,80,85,9736,22716
2023-06-16 15:43:45,81,85,9736,22716
2023-06-16 15:43:46,80,85,9736,22716
2023-06-16 15:44:05,77,85,9736,22716
2023-06-16 15:44:06,82,85,9736,22716
2023-06-16 15:44:29,82,84,9736,22716
2023-06-16 15:44:31,82,85,9736,22716
2023-06-16 15:44:31,82,83,9736,22716
2023-06-16 15:44:35,75,83,9736,22716
2023-06-16 15:44:35,79,83,9736,22716
2023-06-16 15:44:40,79,90,9736,22716
2023-06-16 15:44:40,79,89,9736,22716
2023-06-16 15:44:40,79,82,9736,22716
2023-06-16 15:44:50,78,82,9710,22756
2023-06-16 15:44:52,70,82,9710,22796
2023-06-16 15:44:52,70,81,9710,22796
2023-06-16 15:44:53,70,82,9710,22796
2023-06-16 15:44:53,70,79,9710,22796
2023-06-16 15:44:54,70,82,9710,22796
2023-06-16 15:44:54,70,78,9710,22796
2023-06-16 15:44:55,74,78,9710,22796
2023-06-16 15:45:04,72,78,9710,22796
2023-06-16 15:45:09,71,78,9710,22796
2023-06-16 15:45:10,70,78,9710,22796
2023-06-16 15:45:10,70,82,9710,22800
2023-06-16 15:45:10,70,80,9710,22800
2023-06-16 15:45:13,76,80,9710,22800
2023-06-16 15:45:13,70,72,9720,22810
2023-06-16 15:45:14,70,72,9870,22960
2023-06-16 15:45:15,71,72,9870,22960
2023-06-16 15:45:15,71,80,9897,22987
2023-06-16 15:45:17,71,82,9897,22987
2023-06-16 15:45:18,73,82,9897,22987
2023-06-16 15:45:22,72,82,9897,22987
2023-06-16 15:45:26,78,82,9897,22987
2023-06-16 15:45:27,78,81,9897,22987
2023-06-16 15:46:00,78,82,9897,22997
2023-06-16 15:46:02,79,82,9897,22997
2023-06-16 15:46:06,78,82,9897,22997
2023-06-16 15:46:06,75,82,9897,22997
2023-06-16 15:46:09,74,82,9897,22997
2023-06-16 15:46:13,75,82,9897,22997
2023-06-16 15:46:23,75,86,9897,23007
2023-06-16 15:46:26,83,86,9897,23007
2023-06-16 15:47:00,84,86,9897,23007
2023-06-16 15:47:25,83,86,9897,23007
2023-06-16 15:47:25,83,85,9897,23007
2023-06-16 15:47:33,83,86,9897,23007
2023-06-16 15:47:33,83,84,9897,23007
2023-06-16 15:47:38,82,84,9897,23027
2023-06-16 15:47:38,82,86,9897,23027
2023-06-16 15:47:41,83,86,9897,23027
2023-06-16 15:47:49,84,86,9897,23027
2023-06-16 15:48:00,83,86,9897,23027
2023-06-16 15:48:08,83,86,9897,23045
2023-06-16 15:48:09,82,86,9897,23045
2023-06-16 15:48:10,80,86,9897,23045
2023-06-16 15:48:19,81,86,9897,23045
2023-06-16 15:48:27,80,86,9897,23045
2023-06-16 15:48:30,81,86,9897,23045
2023-06-16 15:48:39,80,86,9897,23045
2023-06-16 15:48:44,79,86,9897,23045
2023-06-16 15:48:56,78,86,9897,23045
2023-06-16 15:48:57,85,86,9897,23045
2023-06-16 15:49:06,43,86,9897,23045
2023-06-16 15:49:06,83,86,9897,23045
2023-06-16 15:49:22,83,89,9897,23047
2023-06-16 15:49:36,83,88,9897,23047
2023-06-16 15:49:41,83,89,9897,23047
2023-06-16 15:49:44,83,88,9897,23047
2023-06-16 15:50:02,43,88,9897,23067
2023-06-16 15:50:02,43,82,9897,23067
2023-06-16 15:50:07,43,79,9897,23067
2023-06-16 15:50:07,43,82,9897,23067
2023-06-16 15:50:07,43,77,9897,23067
2023-06-16 15:50:08,43,82,9897,23067
2023-06-16 15:50:08,43,78,9897,23067
2023-06-16 15:50:09,43,82,9897,23067
2023-06-16 15:50:09,43,76,9897,23067
2023-06-16 15:50:10,43,82,9897,23067
2023-06-16 15:50:11,43,71,9897,23067
2023-06-16 15:50:12,43,82,9897,23067
2023-06-16 15:50:13,43,73,9897,23067
2023-06-16 15:50:14,43,82,9897,23067
2023-06-16 15:50:15,17,82,9897,23067
2023-06-16 15:50:15,36,82,9897,23067
2023-06-16 15:50:15,37,82,9897,23067
2023-06-16 15:50:15,37,81,9897,23067
2023-06-16 15:50:16,35,81,9897,23067
2023-06-16 15:50:16,35,71,9897,23067
2023-06-16 15:50:17,35,82,9897,23067
2023-06-16 15:50:17,36,82,9897,23067
2023-06-16 15:50:18,18,82,9897,23067
2023-06-16 15:50:18,40,82,9897,23067
2023-06-16 15:50:19,39,82,9897,23067
2023-06-16 15:50:19,39,68,9897,23067
2023-06-16 15:50:19,37,68,9897,23067
2023-06-16 15:50:20,37,82,9897,23067
2023-06-16 15:50:20,37,69,9897,23067
2023-06-16 15:50:21,37,82,9897,23067
2023-06-16 15:50:21,34,82,9897,23067
2023-06-16 15:50:21,34,81,9897,23067
2023-06-16 15:50:22,31,81,9897,23067
2023-06-16 15:50:22,18,81,9897,23067
2023-06-16 15:50:22,18,82,9897,23067
2023-06-16 15:50:23,18,66,9897,23067
2023-06-16 15:50:23,36,66,9897,23067
2023-06-16 15:50:23,37,66,9897,23067
2023-06-16 15:50:23,38,66,9897,23067
2023-06-16 15:50:23,39,66,9897,23067
2023-06-16 15:50:23,39,82,9897,23067
2023-06-16 15:50:24,38,82,9897,23067
2023-06-16 15:50:24,38,70,9897,23067
2023-06-16 15:50:25,38,82,9897,23067
2023-06-16 15:50:25,36,82,9897,23067
2023-06-16 15:50:25,36,68,9897,23067
2023-06-16 15:50:26,37,68,9897,23067
2023-06-16 15:50:26,37,69,9897,23067
2023-06-16 15:50:27,37,82,9897,23067
2023-06-16 15:50:27,36,82,9897,23067
2023-06-16 15:50:27,36,67,9897,23067
2023-06-16 15:50:29,37,67,9897,23067
2023-06-16 15:50:29,37,82,9897,23067
2023-06-16 15:50:29,37,68,9897,23067
2023-06-16 15:50:33,37,82,9897,23067
2023-06-16 15:50:34,37,66,9897,23067
2023-06-16 15:50:37,37,82,9897,23067
2023-06-16 15:50:37,37,67,9897,23067
2023-06-16 15:50:38,37,82,9897,23067
2023-06-16 15:50:38,37,68,9897,23067
2023-06-16 15:50:39,37,82,9897,23067
2023-06-16 15:50:39,37,66,9897,23067
2023-06-16 15:50:42,37,82,9897,23067
2023-06-16 15:50:42,37,65,9897,23067
2023-06-16 15:50:43,37,82,9897,23067
2023-06-16 15:50:43,37,64,9897,23067
2023-06-16 15:50:44,37,82,9897,23067
2023-06-16 15:50:44,37,81,9897,23067
2023-06-16 15:50:45,37,61,9897,23067
2023-06-16 15:50:47,37,82,9897,23067
2023-06-16 15:50:47,37,81,9897,23067
2023-06-16 15:50:48,37,58,9897,23067
2023-06-16 15:50:49,37,82,9897,23067
2023-06-16 15:50:49,37,81,9897,23067
2023-06-16 15:50:49,37,57,9897,23067
2023-06-16 15:50:51,37,82,9897,23067
2023-06-16 15:50:51,37,81,9897,23067
2023-06-16 15:50:52,37,59,9897,23067
2023-06-16 15:50:52,37,82,9897,23067
2023-06-16 15:50:52,37,81,9897,23067
2023-06-16 15:50:54,37,82,9897,23067
2023-06-16 15:50:54,37,81,9897,23067
2023-06-16 15:50:56,37,63,9897,23067
2023-06-16 15:50:57,37,82,9897,23067
2023-06-16 15:50:57,37,81,9897,23067
2023-06-16 15:50:57,37,66,9897,23067
2023-06-16 15:50:59,37,82,9897,23067
2023-06-16 15:50:59,37,81,9897,23067
2023-06-16 15:51:00,37,63,9897,23067
2023-06-16 15:51:01,37,82,9897,23067
2023-06-16 15:51:01,37,81,9897,23067
2023-06-16 15:51:02,37,82,9897,23067
2023-06-16 15:51:04,37,62,9897,23067
2023-06-16 15:51:04,38,62,9897,23067
2023-06-16 15:51:04,39,62,9897,23067
2023-06-16 15:51:05,37,62,9897,23067
2023-06-16 15:51:05,37,82,9897,23067
2023-06-16 15:51:07,37,68,9897,23067
2023-06-16 15:51:08,37,82,9897,23067
2023-06-16 15:51:10,37,63,9897,23067
2023-06-16 15:51:11,37,82,9897,23067
2023-06-16 15:51:11,37,67,9897,23067
2023-06-16 15:51:12,37,82,9897,23067
2023-06-16 15:51:13,37,68,9897,23067
2023-06-16 15:51:13,37,82,9897,23067
2023-06-16 15:51:13,38,69,9897,23067
2023-06-16 15:51:14,38,82,9897,23067
2023-06-16 15:51:14,37,82,9897,23067
2023-06-16 15:51:14,37,68,9897,23067
2023-06-16 15:51:15,37,82,9897,23067
2023-06-16 15:51:15,38,69,9897,23067
2023-06-16 15:51:16,39,69,9897,23067
2023-06-16 15:51:16,38,69,9897,23067
2023-06-16 15:51:17,38,82,9897,23067
2023-06-16 15:51:17,37,82,9897,23067
2023-06-16 15:51:17,37,68,9897,23067
2023-06-16 15:51:18,37,80,9897,23067
2023-06-16 15:51:18,37,67,9897,23067
2023-06-16 15:51:19,37,80,9897,23067
2023-06-16 15:51:19,17,80,9897,23067
2023-06-16 15:51:20,38,80,9897,23067
2023-06-16 15:51:20,40,80,9897,23067
2023-06-16 15:51:20,41,80,9897,23067
2023-06-16 15:51:20,41,71,9897,23067
2023-06-16 15:51:21,42,71,9897,23067
2023-06-16 15:51:21,42,80,9897,23067
2023-06-16 15:51:22,42,75,9897,23067
2023-06-16 15:51:23,42,80,9897,23067
2023-06-16 15:51:23,42,76,9897,23067
2023-06-16 15:51:25,43,76,9897,23067
2023-06-16 15:51:25,43,80,9897,23067
2023-06-16 15:51:25,43,75,9897,23067
2023-06-16 15:51:26,43,80,9897,23067
2023-06-16 15:51:26,43,74,9897,23067
2023-06-16 15:51:27,43,80,9897,23067
2023-06-16 15:51:27,43,73,9897,23067
2023-06-16 15:51:28,43,80,9897,23067
2023-06-16 15:51:28,43,72,9897,23067
2023-06-16 15:51:29,43,80,9897,23067
2023-06-16 15:51:29,43,73,9897,23067
2023-06-16 15:51:30,43,80,9897,23067
2023-06-16 15:51:30,43,76,9897,23067
2023-06-16 15:51:31,43,80,9897,23067
2023-06-16 15:51:31,43,77,9897,23067
2023-06-16 15:51:33,43,80,9897,23067
2023-06-16 15:51:33,43,78,9897,23067
2023-06-16 15:51:33,50,78,9897,23067
2023-06-16 15:51:34,50,80,9897,23067
2023-06-16 15:51:35,50,76,9897,23067
2023-06-16 15:51:36,50,80,9897,23067
2023-06-16 15:51:37,50,75,9897,23067
2023-06-16 15:51:39,50,80,9897,23067
2023-06-16 15:51:39,50,76,9897,23067
2023-06-16 15:51:41,50,80,9897,23067
2023-06-16 15:51:42,50,77,9897,23067
2023-06-16 15:51:42,50,80,9897,23067
2023-06-16 15:51:42,50,79,9897,23067
2023-06-16 15:51:48,50,80,9897,23067
2023-06-16 15:51:48,50,78,9897,23067
2023-06-16 15:51:49,50,80,9897,23067
2023-06-16 15:51:49,50,75,9897,23067
2023-06-16 15:51:49,50,80,9897,23067
2023-06-16 15:51:49,50,76,9897,23067
2023-06-16 15:51:50,50,80,9897,23067
2023-06-16 15:51:50,50,75,9897,23067
2023-06-16 15:51:51,50,80,9897,23067
2023-06-16 15:51:51,50,74,9897,23067
2023-06-16 15:51:52,50,80,9897,23067
2023-06-16 15:51:52,50,76,9897,23067
2023-06-16 15:51:53,50,80,9897,23067
2023-06-16 15:51:53,50,74,9897,23067
2023-06-16 15:51:54,50,80,9897,23067
2023-06-16 15:51:54,50,73,9897,23067
2023-06-16 15:51:55,50,80,9897,23067
2023-06-16 15:51:55,50,71,9897,23067
2023-06-16 15:51:55,51,71,9897,23067
2023-06-16 15:51:56,51,80,9897,23067
2023-06-16 15:51:56,51,70,9897,23067
2023-06-16 15:52:00,52,70,9897,23067
2023-06-16 15:52:00,52,80,9897,23067
2023-06-16 15:52:01,52,66,9897,23067
2023-06-16 15:52:02,52,80,9897,23067
2023-06-16 15:52:02,52,68,9897,23067
2023-06-16 15:52:02,51,68,9901,23071
2023-06-16 15:52:03,51,80,9901,23071
2023-06-16 15:52:04,51,71,9901,23071
2023-06-16 15:52:05,51,80,9901,23071
2023-06-16 15:52:05,51,70,9901,23071
2023-06-16 15:52:06,51,80,9901,23071
2023-06-16 15:52:06,51,69,9901,23071
2023-06-16 15:52:07,51,80,9901,23071
2023-06-16 15:52:08,51,68,9901,23071
2023-06-16 15:52:08,51,80,9901,23071
2023-06-16 15:52:08,51,67,9901,23071
2023-06-16 15:52:09,51,80,9901,23071
2023-06-16 15:52:09,51,68,9901,23071
2023-06-16 15:52:11,51,80,9901,23071
2023-06-16 15:52:11,51,67,9901,23071
2023-06-16 15:52:12,51,80,9901,23071
2023-06-16 15:52:12,51,65,9901,23071
2023-06-16 15:52:13,51,80,9901,23071
2023-06-16 15:52:13,51,66,9901,23071
2023-06-16 15:52:14,51,80,9901,23071
2023-06-16 15:52:14,50,80,9901,23071
2023-06-16 15:52:14,50,64,9901,23071
2023-06-16 15:52:15,50,80,9901,23071
2023-06-16 15:52:15,50,63,9901,23071
2023-06-16 15:52:17,50,80,9901,23071
2023-06-16 15:52:17,50,64,9901,23071
2023-06-16 15:52:18,50,80,9901,23071
2023-06-16 15:52:18,50,65,9901,23071
2023-06-16 15:52:21,50,80,9901,23071
2023-06-16 15:52:21,50,66,9901,23071
2023-06-16 15:52:22,34,66,9912,23082
2023-06-16 15:52:23,34,80,9912,23082
2023-06-16 15:52:23,33,80,9912,23082
2023-06-16 15:52:23,33,64,9912,23082
2023-06-16 15:52:24,33,80,9912,23082
2023-06-16 15:52:24,32,80,9912,23082
2023-06-16 15:52:24,32,63,9912,23082
2023-06-16 15:52:25,32,80,9912,23082
2023-06-16 15:52:25,31,80,9912,23082
2023-06-16 15:52:25,30,80,9912,23082
2023-06-16 15:52:26,30,62,9912,23082
2023-06-16 15:52:26,31,62,9912,23082
2023-06-16 15:52:28,31,80,9912,23082
2023-06-16 15:52:29,32,80,9912,23082
2023-06-16 15:52:29,33,80,9912,23082
2023-06-16 15:52:29,34,66,9912,23082
2023-06-16 15:52:30,34,80,9912,23082
2023-06-16 15:52:30,33,80,9912,23082
2023-06-16 15:52:30,32,80,9912,23082
2023-06-16 15:52:31,31,80,9912,23082
2023-06-16 15:52:31,30,64,9912,23082
2023-06-16 15:52:31,30,80,9912,23082
2023-06-16 15:52:32,30,61,9912,23082
2023-06-16 15:52:32,31,61,9912,23082
2023-06-16 15:52:32,31,80,9912,23082
2023-06-16 15:52:33,31,63,9912,23082
2023-06-16 15:52:33,31,80,9912,23082
2023-06-16 15:52:33,33,80,9912,23082
2023-06-16 15:52:34,32,80,9912,23082
2023-06-16 15:52:35,32,80,9912,23082
2023-06-16 15:52:35,31,80,9912,23082
2023-06-16 15:52:35,30,80,9912,23082
2023-06-16 15:52:36,29,80,9912,23082
2023-06-16 15:52:36,29,62,9912,23082
2023-06-16 15:52:36,29,80,9912,23082
2023-06-16 15:52:36,29,61,9912,23082
2023-06-16 15:52:37,29,80,9912,23082
2023-06-16 15:52:37,29,60,9912,23082
2023-06-16 15:52:38,28,60,9912,23082
2023-06-16 15:52:39,29,60,9912,23082
2023-06-16 15:52:41,29,80,9912,23082
2023-06-16 15:52:41,31,80,9912,23082
2023-06-16 15:52:42,30,80,9912,23082
2023-06-16 15:52:42,30,62,9912,23082
2023-06-16 15:52:43,31,62,9912,23082
2023-06-16 15:52:44,31,80,9912,23082
2023-06-16 15:52:44,30,80,9912,23082
2023-06-16 15:52:44,30,61,9912,23082
2023-06-16 15:52:46,29,61,9912,23082
2023-06-16 15:52:47,29,80,9912,23082
2023-06-16 15:52:48,29,64,9912,23082
2023-06-16 15:52:48,32,64,9912,23082
2023-06-16 15:52:49,32,80,9912,23082
2023-06-16 15:52:49,31,80,9912,23082
2023-06-16 15:52:49,31,63,9912,23082
2023-06-16 15:52:50,31,80,9912,23082
2023-06-16 15:52:50,31,62,9912,23082
2023-06-16 15:52:51,31,80,9912,23082
2023-06-16 15:52:51,32,80,9912,23082
2023-06-16 15:52:51,32,63,9912,23082
2023-06-16 15:52:52,31,63,9912,23082
2023-06-16 15:52:53,31,80,9912,23082
2023-06-16 15:52:53,30,80,9912,23082
2023-06-16 15:52:53,30,61,9912,23082
2023-06-16 15:52:54,30,80,9912,23082
2023-06-16 15:52:54,28,80,9912,23082
2023-06-16 15:52:54,28,60,9912,23082
2023-06-16 15:52:55,28,80,9912,23082
2023-06-16 15:52:55,28,59,9912,23082
2023-06-16 15:52:56,27,59,9912,23082
2023-06-16 15:53:00,27,80,9912,23082
2023-06-16 15:53:00,25,80,9912,23082
2023-06-16 15:53:01,25,57,9912,23082
2023-06-16 15:53:02,26,57,9912,23082
2023-06-16 15:53:02,27,57,9912,23082
2023-06-16 15:53:02,28,57,9912,23082
2023-06-16 15:53:02,28,80,9912,23082
2023-06-16 15:53:03,20,80,9912,23082
2023-06-16 15:53:04,32,80,9912,23082
2023-06-16 15:53:04,33,80,9912,23082
2023-06-16 15:53:05,32,80,9912,23082
2023-06-16 15:53:05,31,80,9912,23082
2023-06-16 15:53:05,20,80,9912,23082
2023-06-16 15:53:06,20,60,9912,23082
2023-06-16 15:53:06,29,60,9912,23082
2023-06-16 15:53:07,20,60,9912,23082
2023-06-16 15:53:07,26,60,9912,23082
2023-06-16 15:53:07,27,60,9912,23082
2023-06-16 15:53:07,28,60,9912,23082
2023-06-16 15:53:07,28,80,9912,23082
2023-06-16 15:53:08,32,80,9912,23082
2023-06-16 15:53:08,33,80,9912,23082
2023-06-16 15:53:09,31,80,9912,23082
2023-06-16 15:53:10,20,79,9912,23082
2023-06-16 15:53:10,29,79,9912,23082
2023-06-16 15:53:10,29,63,9912,23082
2023-06-16 15:53:11,28,63,9912,23082
2023-06-16 15:53:11,28,79,9912,23082
2023-06-16 15:53:12,29,79,9912,23082
2023-06-16 15:53:12,30,79,9912,23082
2023-06-16 15:53:13,30,59,9912,23082
2023-06-16 15:53:14,30,79,9912,23082
2023-06-16 15:53:14,30,62,9912,23082
2023-06-16 15:53:15,30,79,9912,23082
2023-06-16 15:53:15,30,61,9912,23082
2023-06-16 15:53:16,30,79,9912,23082
2023-06-16 15:53:16,30,62,9912,23082
2023-06-16 15:53:17,31,62,9912,23082
2023-06-16 15:53:18,31,79,9912,23082
2023-06-16 15:53:18,20,79,9912,23082
2023-06-16 15:53:19,33,79,9912,23082
2023-06-16 15:53:19,34,79,9912,23082
2023-06-16 15:53:19,35,79,9912,23082
2023-06-16 15:53:19,36,79,9912,23082
2023-06-16 15:53:20,36,68,9912,23082
2023-06-16 15:53:20,33,68,9912,23082
2023-06-16 15:53:21,33,79,9912,23082
2023-06-16 15:53:21,32,79,9912,23082
2023-06-16 15:53:22,31,79,9912,23082
2023-06-16 15:53:22,20,79,9912,23082
2023-06-16 15:53:22,24,79,9912,23082
2023-06-16 15:53:23,25,79,9912,23082
2023-06-16 15:53:23,23,79,9912,23082
2023-06-16 15:53:23,20,79,9912,23082
2023-06-16 15:53:24,20,65,9912,23082
2023-06-16 15:53:25,20,79,9912,23082
2023-06-16 15:53:25,21,79,9912,23082
2023-06-16 15:53:25,21,78,9912,23082
2023-06-16 15:53:25,20,78,9912,23082
2023-06-16 15:53:33,20,79,9912,23082
2023-06-16 15:53:34,20,49,9912,23082
2023-06-16 15:53:35,20,79,9912,23082
2023-06-16 15:53:35,20,78,9912,23082
2023-06-16 15:53:36,48,78,9912,23082
2023-06-16 15:53:36,48,75,9912,23082
2023-06-16 15:53:38,48,76,9912,23082
2023-06-16 15:53:38,48,77,9912,23082
2023-06-16 15:53:38,48,78,9912,23082
2023-06-16 15:53:38,48,79,9912,23082
2023-06-16 15:53:38,48,78,9912,23082
2023-06-16 15:53:39,25,78,9897,23097
2023-06-16 15:53:42,25,79,9897,23097
2023-06-16 15:53:42,25,79,9897,23097
2023-06-16 15:53:42,25,48,9897,23097
2023-06-16 15:53:44,25,75,9897,23097
2023-06-16 15:53:44,25,74,9897,23097
2023-06-16 15:53:46,25,77,9897,23097
2023-06-16 15:53:46,25,76,9897,23097
2023-06-16 15:53:47,25,45,9897,23097
2023-06-16 15:53:48,25,79,9897,23097
2023-06-16 15:53:50,25,50,9897,23097
2023-06-16 15:53:50,25,79,9897,23097
2023-06-16 15:53:51,25,78,9897,23097
2023-06-16 15:53:51,25,49,9897,23097
2023-06-16 15:53:52,25,79,9897,23097
2023-06-16 15:53:53,25,50,9897,23097
2023-06-16 15:53:53,25,79,9897,23097
2023-06-16 15:53:54,25,52,9897,23097
2023-06-16 15:53:56,25,79,9897,23097
2023-06-16 15:53:57,25,49,9897,23097
2023-06-16 15:53:57,25,79,9897,23137
2023-06-16 15:53:59,25,77,9897,23137
2023-06-16 15:54:00,25,76,9897,23137
2023-06-16 15:54:01,25,78,9897,23137
2023-06-16 15:54:02,25,79,9897,23137
2023-06-16 15:54:07,25,78,9897,23137
2023-06-16 15:54:09,25,79,9897,23137
2023-06-16 15:54:14,25,78,9897,23137
2023-06-16 15:54:19,25,77,9897,23137
2023-06-16 15:54:28,25,78,9897,23137
2023-06-16 15:54:30,26,78,9897,23137
2023-06-16 15:54:30,27,78,9897,23137
2023-06-16 15:54:30,28,78,9897,23137
2023-06-16 15:54:30,29,78,9897,23137
2023-06-16 15:54:31,28,78,9897,23137
2023-06-16 15:54:32,28,79,9897,23137
2023-06-16 15:54:32,28,78,9897,23137
2023-06-16 15:54:32,29,78,9897,23137
2023-06-16 15:54:35,32,78,9897,23137
2023-06-16 15:54:36,34,78,9897,23137
2023-06-16 15:54:37,32,78,9897,23137
2023-06-16 15:54:39,33,78,9897,23137
2023-06-16 15:54:40,31,78,9897,23137
2023-06-16 15:54:40,25,78,9897,23137
2023-06-16 15:54:47,25,76,9897,23137
2023-06-16 15:54:48,25,77,9897,23137
2023-06-16 15:54:48,25,78,9897,23137
2023-06-16 15:54:49,25,75,9897,23137
2023-06-16 15:54:50,25,78,9897,23137
2023-06-16 15:54:52,25,76,9897,23137
2023-06-16 15:54:53,25,77,9897,23137
2023-06-16 15:54:53,25,78,9897,23137
2023-06-16 15:54:53,25,77,9897,23137
2023-06-16 15:54:54,25,72,9897,23137
2023-06-16 15:54:54,25,69,9897,23137
2023-06-16 15:54:55,25,70,9897,23137
2023-06-16 15:54:55,25,71,9897,23137
2023-06-16 15:54:55,25,78,9897,23137
2023-06-16 15:54:57,25,73,9897,23137
2023-06-16 15:54:58,25,72,9897,23137
2023-06-16 15:54:58,25,71,9897,23137
2023-06-16 15:54:59,25,72,9897,23137
2023-06-16 15:55:00,25,70,9897,23137
2023-06-16 15:55:01,25,72,9897,23137
2023-06-16 15:55:02,25,67,9897,23137
2023-06-16 15:55:03,25,67,9897,23137
2023-06-16 15:55:03,25,58,9897,23137
2023-06-16 15:55:05,25,57,9897,23137
2023-06-16 15:55:06,25,58,9897,23137
2023-06-16 15:55:28,25,50,9897,23137
2023-06-16 15:55:34,17,50,9897,23185
2023-06-16 15:55:39,17,49,9897,23185
2023-06-16 15:55:46,17,49,9943,23231
2023-06-16 15:55:48,17,50,9943,23231
2023-06-16 15:55:48,17,49,9943,23231
2023-06-16 15:56:03,17,49,9943,23246
2023-06-16 15:56:13,17,45,9943,23246
2023-06-16 15:56:15,16,45,9990,23293
2023-06-16 15:56:23,16,44,9990,23293
2023-06-16 15:56:41,16,35,9990,23293
2023-06-16 15:56:43,15,35,9990,23293
2023-06-16 15:56:48,15,34,9990,23293
2023-06-16 15:57:04,15,35,9990,23293
2023-06-16 15:57:05,15,34,9990,23293
2023-06-16 15:57:26,15,35,9990,23293
2023-06-16 15:57:26,15,34,9990,23293
2023-06-16 15:57:28,15,34,10011,23314
2023-06-16 15:57:29,15,34,10011,23316
2023-06-16 15:58:01,16,34,10011,23316
2023-06-16 15:58:06,15,34,10011,23316
2023-06-16 15:58:27,15,34,10026,23331
2023-06-16 15:58:38,15,45,10026,23331
2023-06-16 15:58:38,15,44,10026,23331
2023-06-16 15:58:48,15,35,10026,23331
2023-06-16 15:58:52,9,35,10026,23331
2023-06-16 15:59:17,6,35,10026,23581
2023-06-16 15:59:20,6,9,10026,23581
2023-06-16 15:59:37,6,9,10167,23722
2023-06-16 15:59:38,0,9,10167,23722
