datetime,bid,ask,open_interest,volume
2023-01-18 09:31:22,37,57,160,210
2023-01-18 09:31:23,37,55,160,210
2023-01-18 09:36:33,37,57,160,210
2023-01-18 09:36:34,37,56,160,210
2023-01-18 09:39:07,31,56,160,210
2023-01-18 09:40:50,41,56,160,210
2023-01-18 09:40:50,43,56,160,210
2023-01-18 09:40:50,43,51,160,210
2023-01-18 09:40:51,43,49,160,210
2023-01-18 09:41:19,43,51,160,210
2023-01-18 09:41:19,43,56,160,210
2023-01-18 09:41:20,43,50,160,210
2023-01-18 09:41:20,43,48,160,210
2023-01-18 09:41:50,43,49,160,210
2023-01-18 09:41:54,48,49,160,210
2023-01-18 09:41:58,43,49,160,210
2023-01-18 09:42:07,50,51,462,517
2023-01-18 09:42:22,50,51,793,848
2023-01-18 09:42:45,50,53,1096,1151
2023-01-18 09:42:49,50,53,1413,1468
2023-01-18 09:43:34,52,53,1413,1468
2023-01-18 09:43:50,52,56,1413,1468
2023-01-18 09:44:13,51,56,1413,1468
2023-01-18 09:44:20,49,56,1413,1468
2023-01-18 09:44:21,48,56,1413,1468
2023-01-18 09:44:23,50,56,1413,1468
2023-01-18 09:44:26,50,56,1463,1568
2023-01-18 09:44:34,50,56,1513,1668
2023-01-18 09:44:43,50,56,1563,1768
2023-01-18 09:44:51,45,56,1564,1770
2023-01-18 09:44:51,45,50,1564,1770
2023-01-18 09:45:15,45,52,1728,1934
2023-01-18 09:45:22,42,52,1728,1934
2023-01-18 09:45:23,42,50,1728,1934
2023-01-18 09:45:23,44,50,1728,1934
2023-01-18 09:45:25,50,52,1754,1960
2023-01-18 09:45:38,44,52,1754,1960
2023-01-18 09:45:52,46,52,1754,1960
2023-01-18 09:46:15,46,54,1960,2166
2023-01-18 09:46:21,44,54,1960,2166
2023-01-18 09:46:21,42,54,1960,2166
2023-01-18 09:46:21,42,56,1960,2166
2023-01-18 09:46:22,37,56,1960,2166
2023-01-18 09:46:24,39,56,1960,2166
2023-01-18 09:46:24,41,56,1960,2166
2023-01-18 09:46:24,43,56,1960,2166
2023-01-18 09:46:24,43,48,1960,2166
2023-01-18 09:46:33,43,50,2133,2339
2023-01-18 09:46:40,49,50,2133,2339
2023-01-18 09:46:49,49,56,2133,2339
2023-01-18 09:46:50,49,52,2133,2339
2023-01-18 09:47:20,49,53,2133,2339
2023-01-18 09:47:23,49,51,2133,2339
2023-01-18 09:47:54,46,51,2133,2339
2023-01-18 09:48:06,47,51,2133,2339
2023-01-18 09:48:21,47,53,2133,2339
2023-01-18 09:48:21,47,51,2133,2339
2023-01-18 09:49:11,47,51,2136,2342
2023-01-18 09:49:23,51,53,2501,2707
2023-01-18 09:49:27,47,53,2501,2707
2023-01-18 09:49:38,51,53,2501,2707
2023-01-18 09:50:37,53,55,2601,2807
2023-01-18 09:51:18,53,57,2941,3147
2023-01-18 09:51:22,53,56,2941,3147
2023-01-18 09:52:01,53,57,3266,3472
2023-01-18 09:52:21,54,57,3266,3472
2023-01-18 09:52:50,53,57,3266,3472
2023-01-18 09:53:23,55,57,3266,3472
2023-01-18 09:53:46,53,57,3306,3512
2023-01-18 09:53:56,55,57,3306,3512
2023-01-18 09:54:29,55,57,3639,3845
2023-01-18 09:54:35,53,57,3639,3845
2023-01-18 09:54:51,53,56,3639,3845
2023-01-18 09:55:22,53,57,3639,3845
2023-01-18 09:55:22,53,55,3639,3845
2023-01-18 09:55:22,54,55,3639,3845
2023-01-18 09:55:43,53,55,3639,3845
2023-01-18 09:56:16,53,57,4306,4512
2023-01-18 09:56:50,53,55,4306,4512
2023-01-18 09:56:55,51,55,4306,4512
2023-01-18 09:57:21,49,57,4306,4512
2023-01-18 09:57:23,49,56,4306,4512
2023-01-18 09:57:23,51,56,4306,4512
2023-01-18 09:57:51,51,57,4306,4512
2023-01-18 09:57:56,54,57,4306,4512
2023-01-18 09:58:14,54,58,4794,5000
2023-01-18 09:58:20,54,59,5194,5400
2023-01-18 09:58:20,54,60,5194,5400
2023-01-18 09:58:24,54,58,5194,5400
2023-01-18 09:58:41,54,60,5480,5686
2023-01-18 09:58:51,56,60,5480,5686
2023-01-18 09:59:21,56,61,5480,5686
2023-01-18 09:59:52,56,62,5480,5686
2023-01-18 10:00:54,56,64,5480,5686
2023-01-18 10:00:55,58,64,5480,5686
2023-01-18 10:01:01,58,64,5487,5693
2023-01-18 10:01:21,59,64,5487,5693
2023-01-18 10:01:26,59,64,5537,5793
2023-01-18 10:01:49,59,66,5537,5793
2023-01-18 10:01:50,59,63,5537,5793
2023-01-18 10:01:51,58,63,5537,5793
2023-01-18 10:02:20,56,63,5537,5793
2023-01-18 10:02:21,57,63,5537,5793
2023-01-18 10:02:49,57,65,5537,5793
2023-01-18 10:02:50,57,100,5537,5793
2023-01-18 10:02:50,56,100,5537,5793
2023-01-18 10:02:52,56,62,5537,5793
2023-01-18 10:03:20,57,62,5537,5793
2023-01-18 10:03:53,58,62,5537,5793
2023-01-18 10:04:15,58,61,5537,5793
2023-01-18 10:05:24,58,60,5537,5793
2023-01-18 10:05:33,58,60,5547,5803
2023-01-18 10:05:51,58,61,5547,5803
2023-01-18 10:07:57,58,62,5847,6103
2023-01-18 10:08:21,59,62,5847,6103
2023-01-18 10:08:24,59,64,5847,6103
2023-01-18 10:09:07,59,64,5857,6123
2023-01-18 10:09:19,59,68,5857,6123
2023-01-18 10:09:19,59,65,5857,6123
2023-01-18 10:09:48,59,67,5857,6123
2023-01-18 10:09:49,59,66,5857,6123
2023-01-18 10:09:49,59,64,5857,6123
2023-01-18 10:10:26,58,64,5857,6123
2023-01-18 10:10:31,58,62,5857,6123
2023-01-18 10:10:53,58,65,5857,6123
2023-01-18 10:10:53,58,61,5857,6123
2023-01-18 10:11:49,58,63,5857,6123
2023-01-18 10:11:50,58,62,5857,6123
2023-01-18 10:11:50,58,60,5857,6123
2023-01-18 10:13:13,58,62,6135,6401
2023-01-18 10:13:49,58,61,6135,6401
2023-01-18 10:14:18,58,64,6135,6401
2023-01-18 10:14:18,58,62,6135,6401
2023-01-18 10:14:48,58,66,6135,6401
2023-01-18 10:14:48,58,65,6135,6401
2023-01-18 10:14:49,58,63,6135,6401
2023-01-18 10:14:49,58,61,6135,6401
2023-01-18 10:15:21,58,66,6135,6401
2023-01-18 10:15:22,58,64,6135,6401
2023-01-18 10:15:23,58,62,6135,6401
2023-01-18 10:15:51,58,66,6135,6401
2023-01-18 10:15:51,58,63,6135,6401
2023-01-18 10:16:25,58,64,6135,6401
2023-01-18 10:17:18,58,66,6135,6401
2023-01-18 10:17:19,58,63,6135,6401
2023-01-18 10:18:48,58,67,6135,6401
2023-01-18 10:18:49,58,75,6135,6401
2023-01-18 10:18:50,56,75,6135,6401
2023-01-18 10:18:51,56,66,6135,6401
2023-01-18 10:18:51,56,64,6135,6401
2023-01-18 10:18:52,56,62,6135,6401
2023-01-18 10:19:11,56,62,6185,6501
2023-01-18 10:19:18,56,75,6185,6501
2023-01-18 10:19:19,56,61,6185,6501
2023-01-18 10:19:19,54,61,6185,6501
2023-01-18 10:19:20,54,56,6185,6501
2023-01-18 10:19:32,54,59,6235,6601
2023-01-18 10:19:49,38,59,6235,6601
2023-01-18 10:19:49,38,75,6235,6601
2023-01-18 10:19:49,38,56,6235,6601
2023-01-18 10:19:51,48,56,6235,6601
2023-01-18 10:19:53,48,54,6235,6601
2023-01-18 10:20:07,48,54,6253,6619
2023-01-18 10:20:24,44,54,6253,6619
2023-01-18 10:20:24,38,54,6253,6619
2023-01-18 10:20:24,47,54,6253,6619
2023-01-18 10:20:28,49,54,6253,6619
2023-01-18 10:20:36,49,56,6363,6840
2023-01-18 10:20:50,51,56,6363,6840
2023-01-18 10:20:51,51,57,6363,6840
2023-01-18 10:21:20,51,61,6363,6840
2023-01-18 10:21:21,51,60,6363,6840
2023-01-18 10:21:21,51,58,6363,6840
2023-01-18 10:21:21,51,56,6363,6840
2023-01-18 10:21:26,51,56,6440,6994
2023-01-18 10:21:49,51,58,6440,6994
2023-01-18 10:21:52,53,58,6440,6994
2023-01-18 10:21:53,53,59,6440,6994
2023-01-18 10:22:19,53,61,6440,6994
2023-01-18 10:22:22,53,60,6440,6994
2023-01-18 10:22:22,54,60,6440,6994
2023-01-18 10:22:49,54,61,6440,6994
2023-01-18 10:22:50,49,61,6440,6994
2023-01-18 10:22:50,49,59,6440,6994
2023-01-18 10:22:54,51,59,6440,6994
2023-01-18 10:22:54,53,59,6440,6994
2023-01-18 10:23:20,53,61,6440,6994
2023-01-18 10:23:21,54,61,6440,6994
2023-01-18 10:23:22,56,61,6440,6994
2023-01-18 10:23:49,56,60,6440,6994
2023-01-18 10:23:49,54,60,6440,6994
2023-01-18 10:24:20,54,61,6440,6994
2023-01-18 10:24:20,53,61,6440,6994
2023-01-18 10:24:21,53,59,6440,6994
2023-01-18 10:24:49,49,59,6440,6994
2023-01-18 10:24:49,50,59,6440,6994
2023-01-18 10:24:49,52,59,6440,6994
2023-01-18 10:24:49,54,59,6440,6994
2023-01-18 10:25:22,54,61,6440,6994
2023-01-18 10:25:22,52,61,6440,6994
2023-01-18 10:25:22,40,61,6440,6994
2023-01-18 10:25:23,51,61,6440,6994
2023-01-18 10:25:24,55,61,6440,6994
2023-01-18 10:25:49,51,61,6440,6994
2023-01-18 10:25:49,54,61,6440,6994
2023-01-18 10:25:50,56,61,6440,6994
2023-01-18 10:26:08,57,61,6440,6994
2023-01-18 10:26:15,58,61,6440,6994
2023-01-18 10:26:49,58,62,6440,6994
2023-01-18 10:26:50,58,60,6440,6994
2023-01-18 10:26:50,58,60,6540,7094
2023-01-18 10:26:59,58,60,6640,7194
2023-01-18 10:28:08,58,60,6710,7264
2023-01-18 10:28:41,59,60,6710,7264
2023-01-18 10:28:49,59,62,7123,7677
2023-01-18 10:29:19,59,61,7123,7677
2023-01-18 10:29:49,59,63,7123,7677
2023-01-18 10:30:34,59,63,7223,7777
2023-01-18 10:30:40,59,63,7556,8110
2023-01-18 10:30:40,59,63,7566,8120
2023-01-18 10:31:02,58,63,7566,8120
2023-01-18 10:31:20,58,61,7566,8120
2023-01-18 10:31:21,56,61,7566,8120
2023-01-18 10:31:29,56,61,7616,8220
2023-01-18 10:31:45,56,61,7666,8320
2023-01-18 10:31:49,54,61,7666,8320
2023-01-18 10:31:49,54,60,7666,8320
2023-01-18 10:31:49,52,60,7666,8320
2023-01-18 10:31:50,51,60,7666,8320
2023-01-18 10:31:50,51,58,7666,8320
2023-01-18 10:31:51,53,58,7666,8320
2023-01-18 10:32:19,53,56,7666,8320
2023-01-18 10:32:21,50,56,7666,8320
2023-01-18 10:32:32,50,55,7666,8320
2023-01-18 10:33:50,42,55,7666,8320
2023-01-18 10:33:50,47,55,7666,8320
2023-01-18 10:33:50,49,55,7666,8320
2023-01-18 10:33:50,51,55,7666,8320
2023-01-18 10:34:33,52,55,7666,8320
2023-01-18 10:34:51,50,55,7666,8320
2023-01-18 10:35:01,51,55,7666,8320
2023-01-18 10:35:50,51,54,7666,8320
2023-01-18 10:35:57,49,54,7666,8320
2023-01-18 10:36:19,50,54,7666,8320
2023-01-18 10:36:21,50,55,7666,8320
2023-01-18 10:36:21,50,53,7666,8320
2023-01-18 10:36:33,47,53,7666,8320
2023-01-18 10:36:40,48,53,7666,8320
2023-01-18 10:36:49,48,54,7666,8320
2023-01-18 10:37:49,48,52,7666,8320
2023-01-18 10:38:20,48,50,7666,8320
2023-01-18 10:38:50,48,50,7766,8420
2023-01-18 10:38:59,45,50,7866,8520
2023-01-18 10:39:07,45,50,7916,8620
2023-01-18 10:39:18,43,50,7916,8620
2023-01-18 10:39:19,41,50,7916,8620
2023-01-18 10:39:19,41,46,7916,8620
2023-01-18 10:40:25,39,46,7916,8620
2023-01-18 10:40:29,39,44,7916,8620
2023-01-18 10:40:50,37,44,7916,8620
2023-01-18 10:40:52,40,44,7916,8620
2023-01-18 10:40:54,40,46,7916,8620
2023-01-18 10:41:20,40,48,7916,8620
2023-01-18 10:41:20,40,50,7916,8620
2023-01-18 10:41:21,40,48,7916,8620
2023-01-18 10:41:23,42,48,7916,8620
2023-01-18 10:41:49,40,48,7916,8620
2023-01-18 10:41:50,40,46,7916,8620
2023-01-18 10:42:19,40,45,7916,8620
2023-01-18 10:42:49,40,47,7916,8620
2023-01-18 10:42:50,38,47,7916,8620
2023-01-18 10:42:50,38,44,7916,8620
2023-01-18 10:43:18,36,44,7916,8620
2023-01-18 10:43:18,38,44,7916,8620
2023-01-18 10:43:48,36,44,7916,8620
2023-01-18 10:43:48,34,44,7916,8620
2023-01-18 10:43:49,34,40,7916,8620
2023-01-18 10:44:12,38,40,7916,8620
2023-01-18 10:44:19,38,41,7916,8620
2023-01-18 10:44:20,38,39,7916,8620
2023-01-18 10:44:29,38,41,8154,8858
2023-01-18 10:44:41,34,41,8154,8858
2023-01-18 10:44:49,31,41,8154,8858
2023-01-18 10:44:50,31,39,8154,8858
2023-01-18 10:44:50,33,39,8154,8858
2023-01-18 10:44:55,33,41,8504,9208
2023-01-18 10:45:22,34,41,8504,9208
2023-01-18 10:45:23,36,41,8504,9208
2023-01-18 10:45:50,36,43,8504,9208
2023-01-18 10:45:51,36,47,8504,9208
2023-01-18 10:45:51,36,42,8504,9208
2023-01-18 10:46:19,36,44,8504,9208
2023-01-18 10:46:21,38,44,8504,9208
2023-01-18 10:46:25,39,44,8504,9208
2023-01-18 10:46:49,39,43,8504,9208
2023-01-18 10:47:22,37,43,8804,9508
2023-01-18 10:47:51,34,43,8804,9508
2023-01-18 10:47:51,34,41,8804,9508
2023-01-18 10:47:51,36,41,8804,9508
2023-01-18 10:48:08,34,41,8963,9825
2023-01-18 10:48:19,36,41,8963,9825
2023-01-18 10:49:20,36,43,8963,9825
2023-01-18 10:49:20,36,40,8963,9825
2023-01-18 10:49:22,35,40,8963,9825
2023-01-18 10:50:25,33,40,8963,9825
2023-01-18 10:50:25,28,40,8963,9825
2023-01-18 10:50:26,30,40,8963,9825
2023-01-18 10:50:26,32,40,8963,9825
2023-01-18 10:50:26,34,40,8963,9825
2023-01-18 10:50:54,34,38,8963,9825
2023-01-18 10:50:54,34,36,8963,9825
2023-01-18 10:50:56,30,36,8963,9825
2023-01-18 10:51:22,26,36,8963,9825
2023-01-18 10:51:22,29,36,8963,9825
2023-01-18 10:51:22,31,36,8963,9825
2023-01-18 10:52:21,33,36,8963,9825
2023-01-18 10:52:21,33,38,8963,9825
2023-01-18 10:52:22,33,39,8963,9825
2023-01-18 10:52:49,33,43,8963,9825
2023-01-18 10:52:49,33,38,8963,9825
2023-01-18 10:53:19,31,38,8963,9825
2023-01-18 10:53:19,31,40,8963,9825
2023-01-18 10:53:23,31,39,8963,9825
2023-01-18 10:53:23,31,37,8963,9825
2023-01-18 10:53:48,23,37,8963,9825
2023-01-18 10:53:49,26,37,8963,9825
2023-01-18 10:53:49,28,37,8963,9825
2023-01-18 10:53:50,28,35,8963,9825
2023-01-18 10:53:52,30,35,8963,9825
2023-01-18 10:54:12,30,37,9339,10201
2023-01-18 10:54:19,28,37,9339,10201
2023-01-18 10:54:20,28,40,9339,10201
2023-01-18 10:54:22,29,40,9339,10201
2023-01-18 10:54:22,29,38,9339,10201
2023-01-18 10:54:22,29,36,9339,10201
2023-01-18 10:54:22,29,34,9339,10201
2023-01-18 10:54:49,27,34,9339,10201
2023-01-18 10:54:50,27,40,9339,10201
2023-01-18 10:54:51,28,40,9339,10201
2023-01-18 10:54:52,28,37,9339,10201
2023-01-18 10:54:52,28,35,9339,10201
2023-01-18 10:54:52,28,33,9339,10201
2023-01-18 10:55:26,28,35,9740,10602
2023-01-18 10:55:49,28,32,9740,10602
2023-01-18 10:55:50,27,32,9740,10602
2023-01-18 10:56:21,23,32,9740,10602
2023-01-18 10:56:21,17,32,9740,10602
2023-01-18 10:56:23,20,32,9740,10602
2023-01-18 10:56:23,22,32,9740,10602
2023-01-18 10:56:25,24,32,9740,10602
2023-01-18 10:56:25,24,30,9740,10602
2023-01-18 10:56:49,24,31,9740,10602
2023-01-18 10:56:51,24,29,9740,10602
2023-01-18 10:57:50,24,33,9740,10602
2023-01-18 10:57:50,24,32,9740,10602
2023-01-18 10:57:51,26,32,9740,10602
2023-01-18 10:58:18,26,34,9740,10602
2023-01-18 10:58:19,28,34,9740,10602
2023-01-18 10:58:19,28,35,9740,10602
2023-01-18 10:58:19,28,33,9740,10602
2023-01-18 10:58:43,28,35,10022,10884
2023-01-18 10:58:50,30,35,10022,10884
2023-01-18 11:00:29,30,37,10022,10884
2023-01-18 11:00:30,32,37,10022,10884
2023-01-18 11:00:52,30,37,10022,10884
2023-01-18 11:00:53,30,36,10022,10884
2023-01-18 11:00:54,28,36,10022,10884
2023-01-18 11:00:54,30,36,10022,10884
2023-01-18 11:01:19,30,37,10022,10884
2023-01-18 11:01:19,28,37,10022,10884
2023-01-18 11:01:21,11,37,10022,10884
2023-01-18 11:01:21,33,37,10022,10884
2023-01-18 11:01:58,33,37,10188,11217
2023-01-18 11:02:09,31,37,10218,11276
2023-01-18 11:02:20,31,36,10218,11276
2023-01-18 11:02:36,31,36,10219,11278
2023-01-18 11:02:54,31,36,10229,11288
2023-01-18 11:03:18,29,36,10229,11288
2023-01-18 11:03:18,30,36,10229,11288
2023-01-18 11:03:20,30,35,10229,11288
2023-01-18 11:03:48,28,35,10229,11288
2023-01-18 11:03:48,27,35,10229,11288
2023-01-18 11:03:49,29,35,10229,11288
2023-01-18 11:03:50,29,34,10229,11288
2023-01-18 11:04:19,27,34,10229,11288
2023-01-18 11:04:20,27,36,10229,11288
2023-01-18 11:04:20,23,36,10229,11288
2023-01-18 11:04:22,30,36,10229,11288
2023-01-18 11:04:49,30,38,10229,11288
2023-01-18 11:04:49,28,38,10229,11288
2023-01-18 11:04:49,28,37,10229,11288
2023-01-18 11:04:49,28,35,10229,11288
2023-01-18 11:04:49,28,33,10229,11288
2023-01-18 11:05:23,28,37,10229,11288
2023-01-18 11:05:23,28,34,10229,11288
2023-01-18 11:05:24,28,32,10229,11288
2023-01-18 11:05:24,27,32,10229,11288
2023-01-18 11:05:50,27,34,10229,11288
2023-01-18 11:05:51,27,38,10229,11288
2023-01-18 11:05:51,25,38,10229,11288
2023-01-18 11:05:51,25,35,10229,11288
2023-01-18 11:05:51,11,35,10229,11288
2023-01-18 11:05:51,24,35,10229,11288
2023-01-18 11:05:53,26,35,10229,11288
2023-01-18 11:05:53,26,33,10229,11288
2023-01-18 11:05:54,26,31,10229,11288
2023-01-18 11:06:20,26,33,10229,11288
2023-01-18 11:06:20,26,35,10229,11288
2023-01-18 11:06:20,24,35,10229,11288
2023-01-18 11:06:20,11,35,10229,11288
2023-01-18 11:06:20,21,35,10229,11288
2023-01-18 11:06:21,21,30,10229,11288
2023-01-18 11:06:21,25,30,10229,11288
2023-01-18 11:06:45,25,30,10395,11621
2023-01-18 11:06:49,25,28,10395,11621
2023-01-18 11:06:49,21,28,10395,11621
2023-01-18 11:06:50,21,26,10395,11621
2023-01-18 11:07:19,17,26,10395,11621
2023-01-18 11:07:19,9,26,10395,11621
2023-01-18 11:07:19,9,25,10395,11621
2023-01-18 11:07:20,18,25,10395,11621
2023-01-18 11:07:20,20,25,10395,11621
2023-01-18 11:07:48,20,24,10395,11621
2023-01-18 11:07:49,18,24,10395,11621
2023-01-18 11:07:49,17,24,10395,11621
2023-01-18 11:07:50,17,22,10395,11621
2023-01-18 11:08:16,20,22,10395,11621
2023-01-18 11:08:52,20,21,10395,11621
2023-01-18 11:09:20,20,24,10395,11621
2023-01-18 11:09:20,20,22,10395,11621
2023-01-18 11:09:49,20,21,10395,11621
2023-01-18 11:10:28,20,23,10395,11621
2023-01-18 11:10:57,20,21,10395,11621
2023-01-18 11:11:23,20,22,10395,11621
2023-01-18 11:11:23,14,20,10405,11641
2023-01-18 11:11:24,16,20,10405,11641
2023-01-18 11:11:50,16,24,10405,11641
2023-01-18 11:11:50,16,23,10405,11641
2023-01-18 11:11:53,16,21,10405,11641
2023-01-18 11:12:20,14,21,10405,11641
2023-01-18 11:12:20,13,21,10405,11641
2023-01-18 11:12:21,14,21,10405,11641
2023-01-18 11:12:25,16,21,10405,11641
2023-01-18 11:12:49,14,21,10405,11641
2023-01-18 11:12:49,15,21,10405,11641
2023-01-18 11:12:52,15,19,10405,11641
2023-01-18 11:13:20,15,21,10405,11641
2023-01-18 11:13:22,15,24,10405,11641
2023-01-18 11:13:22,15,22,10405,11641
2023-01-18 11:13:22,15,20,10405,11641
2023-01-18 11:13:50,14,20,10405,11641
2023-01-18 11:13:50,14,24,10405,11641
2023-01-18 11:13:51,16,24,10405,11641
2023-01-18 11:13:52,16,23,10405,11641
2023-01-18 11:13:52,16,21,10405,11641
2023-01-18 11:14:33,16,23,10888,12124
2023-01-18 11:14:53,16,24,10888,12124
2023-01-18 11:14:54,15,24,10888,12124
2023-01-18 11:14:54,17,24,10888,12124
2023-01-18 11:14:55,19,24,10888,12124
2023-01-18 11:15:24,19,23,10888,12124
2023-01-18 11:15:24,5,23,10888,12124
2023-01-18 11:15:25,14,23,10888,12124
2023-01-18 11:15:25,16,23,10888,12124
2023-01-18 11:15:26,18,23,10888,12124
2023-01-18 11:15:51,14,23,10888,12124
2023-01-18 11:15:52,14,24,10888,12124
2023-01-18 11:15:53,14,20,10888,12124
2023-01-18 11:15:54,15,20,10888,12124
2023-01-18 11:17:21,15,22,10888,12124
2023-01-18 11:17:24,16,22,10888,12124
2023-01-18 11:17:24,16,20,10888,12124
2023-01-18 11:17:49,16,22,10888,12124
2023-01-18 11:17:50,14,22,10888,12124
2023-01-18 11:17:50,5,22,10888,12124
2023-01-18 11:17:50,5,19,10888,12124
2023-01-18 11:17:51,12,19,10888,12124
2023-01-18 11:17:51,13,19,10888,12124
2023-01-18 11:17:51,14,19,10888,12124
2023-01-18 11:18:21,15,19,10888,12124
2023-01-18 11:18:49,15,18,10888,12124
2023-01-18 11:18:50,14,18,10888,12124
2023-01-18 11:19:20,14,20,10888,12124
2023-01-18 11:19:20,14,22,10888,12124
2023-01-18 11:19:20,14,24,10888,12124
2023-01-18 11:19:21,14,23,10888,12124
2023-01-18 11:19:22,15,23,10888,12124
2023-01-18 11:19:22,15,19,10888,12124
2023-01-18 11:19:49,14,19,10888,12124
2023-01-18 11:19:49,14,21,10888,12124
2023-01-18 11:19:50,13,21,10888,12124
2023-01-18 11:19:50,13,18,10888,12124
2023-01-18 11:19:50,14,18,10888,12124
2023-01-18 11:19:55,14,20,11244,12480
2023-01-18 11:20:28,14,19,11244,12480
2023-01-18 11:21:20,14,16,11244,12480
2023-01-18 11:21:20,12,16,11244,12480
2023-01-18 11:21:21,9,16,11244,12480
2023-01-18 11:21:21,10,16,11244,12480
2023-01-18 11:21:21,11,16,11244,12480
2023-01-18 11:21:30,11,18,11742,12978
2023-01-18 11:21:47,11,20,11742,12978
2023-01-18 11:21:47,11,24,11742,12978
2023-01-18 11:21:48,12,24,11742,12978
2023-01-18 11:21:48,12,21,11742,12978
2023-01-18 11:21:48,12,19,11742,12978
2023-01-18 11:21:49,12,17,11742,12978
2023-01-18 11:22:19,11,17,11742,12978
2023-01-18 11:22:19,11,15,11742,12978
2023-01-18 11:22:48,9,15,11742,12978
2023-01-18 11:22:48,9,14,11742,12978
2023-01-18 11:22:48,9,13,11742,12978
2023-01-18 11:23:17,9,14,12014,13250
2023-01-18 11:23:20,10,14,12014,13250
2023-01-18 11:23:37,10,16,12538,13774
2023-01-18 11:23:50,9,16,12538,13774
2023-01-18 11:23:51,8,16,12538,13774
2023-01-18 11:23:51,8,14,12538,13774
2023-01-18 11:23:51,8,13,12538,13774
2023-01-18 11:23:51,9,13,12538,13774
2023-01-18 11:24:20,9,14,12538,13774
2023-01-18 11:24:21,10,14,12538,13774
2023-01-18 11:25:21,10,16,12538,13774
2023-01-18 11:25:22,11,16,12538,13774
2023-01-18 11:25:22,11,15,12538,13774
2023-01-18 11:25:50,10,15,12538,13774
2023-01-18 11:25:51,10,14,12538,13774
2023-01-18 11:26:20,10,15,12538,13774
2023-01-18 11:26:49,11,17,12538,13774
2023-01-18 11:26:49,12,17,12538,13774
2023-01-18 11:26:49,12,19,12538,13774
2023-01-18 11:26:49,12,20,12538,13774
2023-01-18 11:26:50,13,20,12538,13774
2023-01-18 11:26:51,13,18,12538,13774
2023-01-18 11:27:19,14,18,12538,13774
2023-01-18 11:27:47,14,20,12538,13774
2023-01-18 11:27:48,15,20,12538,13774
2023-01-18 11:27:48,16,20,12538,13774
2023-01-18 11:28:20,15,20,12538,13774
2023-01-18 11:28:48,15,19,12538,13774
2023-01-18 11:28:48,14,19,12538,13774
2023-01-18 11:29:19,12,19,12538,13774
2023-01-18 11:29:21,12,17,12538,13774
2023-01-18 11:29:48,12,19,12538,13774
2023-01-18 11:29:48,12,20,12538,13774
2023-01-18 11:29:48,12,16,12538,13774
2023-01-18 11:30:34,12,16,12605,13908
2023-01-18 11:30:34,12,16,12605,13908
2023-01-18 11:30:49,12,14,12605,13908
2023-01-18 11:30:50,11,14,12605,13908
2023-01-18 11:30:50,10,14,12605,13908
2023-01-18 11:31:19,10,13,12605,13908
2023-01-18 11:31:19,9,13,12605,13908
2023-01-18 11:31:49,8,13,12605,13908
2023-01-18 11:31:49,9,13,12605,13908
2023-01-18 11:32:12,9,10,12605,13908
2023-01-18 11:32:52,7,10,12605,13908
2023-01-18 11:33:18,6,10,12605,13908
2023-01-18 11:34:17,7,10,12605,13908
2023-01-18 11:35:51,6,10,12605,13908
2023-01-18 11:36:16,6,10,12610,13918
2023-01-18 11:37:18,7,10,12610,13918
2023-01-18 11:37:48,6,10,12610,13918
2023-01-18 11:37:48,6,9,12610,13918
2023-01-18 11:38:48,5,9,12610,13918
2023-01-18 11:39:18,5,8,12610,13918
2023-01-18 11:40:49,4,8,12610,13918
2023-01-18 11:40:49,4,9,12610,13918
2023-01-18 11:40:49,4,8,12610,13918
2023-01-18 11:41:47,5,8,12610,13918
2023-01-18 11:41:48,5,9,12610,13918
2023-01-18 11:42:01,5,9,12618,13934
2023-01-18 11:42:48,5,8,12618,13934
2023-01-18 11:42:51,4,8,12618,13934
2023-01-18 11:43:37,4,6,12618,13934
2023-01-18 11:44:48,3,6,12618,13934
2023-01-18 11:45:22,4,6,12618,13934
2023-01-18 11:47:16,3,6,12618,13934
2023-01-18 11:48:18,4,6,12618,13934
2023-01-18 11:48:51,4,6,12638,13954
2023-01-18 11:49:42,4,8,12728,14134
2023-01-18 11:49:46,5,8,12728,14134
2023-01-18 11:50:20,5,7,12728,14134
2023-01-18 11:50:22,5,8,12728,14134
2023-01-18 11:50:23,5,9,12728,14134
2023-01-18 11:50:25,5,7,12728,14134
2023-01-18 11:50:34,5,9,12728,14134
2023-01-18 11:50:35,5,8,12728,14134
2023-01-18 11:50:39,5,9,12728,14134
2023-01-18 11:50:40,5,7,12728,14134
2023-01-18 11:50:44,5,9,12728,14134
2023-01-18 11:50:45,5,7,12728,14134
2023-01-18 11:50:47,5,8,12728,14134
2023-01-18 11:50:48,5,9,12728,14134
2023-01-18 11:50:49,5,8,12728,14134
2023-01-18 11:50:53,5,9,12728,14134
2023-01-18 11:50:54,5,8,12728,14134
2023-01-18 11:50:57,5,7,12728,14134
2023-01-18 11:51:06,5,9,12728,14134
2023-01-18 11:51:07,5,7,12728,14134
2023-01-18 11:51:11,5,9,12728,14134
2023-01-18 11:51:12,5,7,12728,14134
2023-01-18 11:51:24,5,9,12728,14134
2023-01-18 11:51:25,5,7,12728,14134
2023-01-18 11:51:26,5,9,12728,14134
2023-01-18 11:51:27,5,7,12728,14134
2023-01-18 11:51:32,5,9,12728,14134
2023-01-18 11:51:33,5,7,12728,14134
2023-01-18 11:51:40,5,9,12728,14134
2023-01-18 11:51:41,5,7,12728,14134
2023-01-18 11:51:45,5,9,12728,14134
2023-01-18 11:51:46,5,7,12728,14134
2023-01-18 11:51:48,5,9,12728,14134
2023-01-18 11:51:48,5,7,12728,14134
2023-01-18 11:51:48,4,7,12728,14134
2023-01-18 11:51:49,4,8,12728,14134
2023-01-18 11:51:49,4,7,12728,14134
2023-01-18 11:52:18,3,7,12728,14134
2023-01-18 11:52:37,3,6,12728,14134
2023-01-18 11:52:39,3,7,12728,14134
2023-01-18 11:52:41,3,6,12728,14134
2023-01-18 11:52:43,3,7,12728,14134
2023-01-18 11:52:46,3,6,12728,14134
2023-01-18 11:52:47,3,7,12728,14134
2023-01-18 11:52:51,3,6,12728,14134
2023-01-18 11:55:21,3,7,12828,14334
2023-01-18 11:55:48,3,9,12828,14334
2023-01-18 11:55:49,3,8,12828,14334
2023-01-18 11:55:49,4,8,12828,14334
2023-01-18 11:55:49,4,7,12828,14334
2023-01-18 11:55:52,4,6,12828,14334
2023-01-18 11:55:54,4,7,12828,14334
2023-01-18 11:55:56,4,8,12828,14334
2023-01-18 11:55:57,4,6,12828,14334
2023-01-18 11:55:59,4,7,12828,14334
2023-01-18 11:56:01,4,8,12828,14334
2023-01-18 11:56:02,4,7,12828,14334
2023-01-18 11:56:06,4,8,12828,14334
2023-01-18 11:56:07,4,7,12828,14334
2023-01-18 11:56:19,4,8,12828,14334
2023-01-18 11:56:20,4,7,12828,14334
2023-01-18 11:56:21,4,8,12828,14334
2023-01-18 11:56:21,4,7,12828,14334
2023-01-18 11:56:22,4,7,12831,14339
2023-01-18 11:56:49,2,7,12831,14339
2023-01-18 11:56:49,3,7,12831,14339
2023-01-18 11:57:48,3,8,12831,14339
2023-01-18 11:57:49,3,7,12831,14339
2023-01-18 11:57:49,4,7,12831,14339
2023-01-18 11:57:53,4,8,12831,14339
2023-01-18 11:57:54,4,7,12831,14339
2023-01-18 11:57:56,4,8,12831,14339
2023-01-18 11:57:57,4,7,12831,14339
2023-01-18 11:57:59,4,8,12831,14339
2023-01-18 11:58:13,4,7,12831,14339
2023-01-18 11:58:47,5,7,12831,14339
2023-01-18 11:58:49,5,7,12836,14349
2023-01-18 11:58:56,5,8,12841,14359
2023-01-18 11:59:20,5,9,12841,14359
2023-01-18 11:59:20,5,8,12841,14359
2023-01-18 11:59:22,5,9,12841,14359
2023-01-18 11:59:23,5,8,12841,14359
2023-01-18 11:59:32,5,9,12841,14359
2023-01-18 11:59:33,5,8,12841,14359
2023-01-18 11:59:37,5,9,12841,14359
2023-01-18 11:59:38,5,8,12841,14359
2023-01-18 11:59:40,5,9,12841,14359
2023-01-18 11:59:41,5,8,12841,14359
2023-01-18 11:59:45,5,9,12841,14359
2023-01-18 11:59:46,5,8,12841,14359
2023-01-18 11:59:47,5,9,12841,14359
2023-01-18 11:59:49,5,8,12841,14359
2023-01-18 11:59:50,5,9,12841,14359
2023-01-18 11:59:51,5,8,12841,14359
2023-01-18 11:59:58,5,9,12841,14359
2023-01-18 11:59:58,5,8,12841,14359
2023-01-18 12:00:15,5,9,12896,14469
2023-01-18 12:00:17,5,8,12896,14469
2023-01-18 12:00:22,5,9,12896,14469
2023-01-18 12:00:23,5,8,12896,14469
2023-01-18 12:00:25,5,9,12896,14469
2023-01-18 12:00:26,6,9,12896,14469
2023-01-18 12:00:27,6,8,12896,14469
2023-01-18 12:00:32,6,9,12896,14469
2023-01-18 12:00:33,6,8,12896,14469
2023-01-18 12:00:35,6,9,12896,14469
2023-01-18 12:00:36,6,8,12896,14469
2023-01-18 12:00:40,6,9,12896,14469
2023-01-18 12:00:41,6,8,12896,14469
2023-01-18 12:00:43,6,9,12896,14469
2023-01-18 12:00:44,6,7,12896,14469
2023-01-18 12:00:48,6,9,12896,14469
2023-01-18 12:00:49,6,7,12896,14469
2023-01-18 12:00:50,6,9,12896,14469
2023-01-18 12:00:51,6,10,12896,14469
2023-01-18 12:00:51,6,7,12896,14469
2023-01-18 12:00:55,6,10,12896,14469
2023-01-18 12:00:56,6,7,12896,14469
2023-01-18 12:01:00,6,10,12896,14469
2023-01-18 12:01:01,6,7,12896,14469
2023-01-18 12:01:05,6,10,12896,14469
2023-01-18 12:01:06,6,7,12896,14469
2023-01-18 12:01:10,6,10,12896,14469
2023-01-18 12:01:11,6,7,12896,14469
2023-01-18 12:01:13,6,8,12896,14469
2023-01-18 12:01:14,6,7,12896,14469
2023-01-18 12:01:19,6,10,12896,14469
2023-01-18 12:01:20,6,9,12896,14469
2023-01-18 12:01:20,5,9,12896,14469
2023-01-18 12:01:21,5,8,12896,14469
2023-01-18 12:01:23,5,9,12896,14469
2023-01-18 12:01:24,5,7,12896,14469
2023-01-18 12:01:26,5,9,12896,14469
2023-01-18 12:01:27,5,8,12896,14469
2023-01-18 12:01:29,5,7,12896,14469
2023-01-18 12:01:31,5,9,12896,14469
2023-01-18 12:01:32,5,8,12896,14469
2023-01-18 12:01:34,5,9,12896,14469
2023-01-18 12:01:35,5,8,12896,14469
2023-01-18 12:01:37,5,7,12896,14469
2023-01-18 12:01:39,5,9,12896,14469
2023-01-18 12:01:40,5,7,12896,14469
2023-01-18 12:01:46,5,9,12896,14469
2023-01-18 12:01:46,5,7,12896,14469
2023-01-18 12:01:47,5,9,12896,14469
2023-01-18 12:01:49,5,7,12896,14469
2023-01-18 12:01:54,5,8,12896,14469
2023-01-18 12:01:56,5,7,12896,14469
2023-01-18 12:02:01,5,9,12896,14469
2023-01-18 12:02:02,5,7,12896,14469
2023-01-18 12:02:04,5,8,12896,14469
2023-01-18 12:02:07,5,9,12896,14469
2023-01-18 12:02:08,5,8,12896,14469
2023-01-18 12:02:10,5,9,12896,14469
2023-01-18 12:02:11,5,7,12896,14469
2023-01-18 12:02:18,5,9,12896,14469
2023-01-18 12:02:19,5,7,12896,14469
2023-01-18 12:02:26,5,9,12896,14469
2023-01-18 12:02:27,5,7,12896,14469
2023-01-18 12:02:37,5,9,12896,14469
2023-01-18 12:02:38,5,7,12896,14469
2023-01-18 12:02:47,5,9,12896,14469
2023-01-18 12:02:48,5,7,12896,14469
2023-01-18 12:02:49,5,9,12896,14469
2023-01-18 12:02:51,5,7,12896,14469
2023-01-18 12:02:53,5,9,12896,14469
2023-01-18 12:02:54,5,7,12896,14469
2023-01-18 12:03:01,5,9,12896,14469
2023-01-18 12:03:02,5,7,12896,14469
2023-01-18 12:03:06,5,9,12896,14469
2023-01-18 12:03:07,5,7,12896,14469
2023-01-18 12:03:14,5,9,12896,14469
2023-01-18 12:03:15,5,7,12896,14469
2023-01-18 12:03:18,5,9,12896,14469
2023-01-18 12:03:18,5,7,12896,14469
2023-01-18 12:03:19,5,9,12896,14469
2023-01-18 12:03:20,5,7,12896,14469
2023-01-18 12:03:21,5,9,12896,14469
2023-01-18 12:03:23,5,7,12896,14469
2023-01-18 12:03:25,5,9,12896,14469
2023-01-18 12:03:26,5,7,12896,14469
2023-01-18 12:03:34,5,9,12896,14469
2023-01-18 12:03:35,5,7,12896,14469
2023-01-18 12:03:37,5,9,12896,14469
2023-01-18 12:03:38,5,7,12896,14469
2023-01-18 12:03:45,5,9,12896,14469
2023-01-18 12:03:46,5,7,12896,14469
2023-01-18 12:03:48,5,9,12896,14469
2023-01-18 12:03:48,5,7,12896,14469
2023-01-18 12:03:50,5,8,12896,14469
2023-01-18 12:03:51,5,7,12896,14469
2023-01-18 12:03:58,5,8,12896,14469
2023-01-18 12:03:59,5,7,12896,14469
2023-01-18 12:04:06,5,8,12896,14469
2023-01-18 12:04:07,5,7,12896,14469
2023-01-18 12:04:12,5,6,12896,14469
2023-01-18 12:04:14,5,8,12896,14469
2023-01-18 12:04:15,5,7,12896,14469
2023-01-18 12:04:18,5,6,12896,14469
2023-01-18 12:04:20,5,7,12896,14469
2023-01-18 12:04:22,5,8,12896,14469
2023-01-18 12:04:23,5,6,12896,14469
2023-01-18 12:04:27,5,8,12896,14469
2023-01-18 12:04:28,5,7,12896,14469
2023-01-18 12:04:36,5,6,12896,14469
2023-01-18 12:04:40,5,8,12896,14469
2023-01-18 12:04:41,5,7,12896,14469
2023-01-18 12:04:43,5,8,12896,14469
2023-01-18 12:04:44,5,6,12896,14469
2023-01-18 12:04:48,5,8,12896,14469
2023-01-18 12:04:49,4,8,12896,14469
2023-01-18 12:04:49,4,7,12896,14469
2023-01-18 12:04:51,4,6,12896,14469
2023-01-18 12:04:52,4,8,12896,14469
2023-01-18 12:04:54,4,6,12896,14469
2023-01-18 12:05:01,4,8,12896,14469
2023-01-18 12:05:02,4,6,12896,14469
2023-01-18 12:05:09,4,8,12896,14469
2023-01-18 12:05:10,4,6,12896,14469
2023-01-18 12:05:17,4,8,12896,14469
2023-01-18 12:05:18,4,6,12896,14469
2023-01-18 12:05:21,4,7,12896,14469
2023-01-18 12:05:26,4,6,12896,14469
2023-01-18 12:05:33,4,7,12896,14469
2023-01-18 12:05:41,4,6,12896,14469
2023-01-18 12:05:46,4,7,12896,14469
2023-01-18 12:05:47,4,6,12896,14469
2023-01-18 12:05:48,4,7,12896,14469
2023-01-18 12:05:48,4,8,12896,14469
2023-01-18 12:05:48,4,9,12896,14469
2023-01-18 12:05:48,4,8,12896,14469
2023-01-18 12:05:49,4,6,12896,14469
2023-01-18 12:05:51,4,8,12896,14469
2023-01-18 12:05:52,4,7,12896,14469
2023-01-18 12:05:54,4,6,12896,14469
2023-01-18 12:06:07,4,8,12896,14469
2023-01-18 12:06:08,4,6,12896,14469
2023-01-18 12:06:11,4,7,12896,14469
2023-01-18 12:06:13,4,6,12896,14469
2023-01-18 12:06:15,4,8,12896,14469
2023-01-18 12:06:16,4,6,12896,14469
2023-01-18 12:06:19,4,8,12896,14469
2023-01-18 12:06:19,4,6,12896,14469
2023-01-18 12:06:20,4,8,12896,14469
2023-01-18 12:06:21,4,6,12896,14469
2023-01-18 12:06:25,4,8,12896,14469
2023-01-18 12:06:26,4,6,12896,14469
2023-01-18 12:06:34,4,8,12896,14469
2023-01-18 12:06:35,4,6,12896,14469
2023-01-18 12:06:42,4,8,12896,14469
2023-01-18 12:06:43,4,6,12896,14469
2023-01-18 12:06:47,4,8,12896,14469
2023-01-18 12:06:48,4,7,12896,14469
2023-01-18 12:06:48,4,6,12896,14469
2023-01-18 12:06:49,4,7,12896,14469
2023-01-18 12:06:51,4,6,12896,14469
2023-01-18 12:06:54,4,7,12896,14469
2023-01-18 12:06:56,4,6,12896,14469
2023-01-18 12:06:58,4,7,12896,14469
2023-01-18 12:06:59,4,6,12896,14469
2023-01-18 12:07:11,4,7,12896,14469
2023-01-18 12:07:12,4,6,12896,14469
2023-01-18 12:07:14,4,7,12896,14469
2023-01-18 12:07:15,4,6,12896,14469
2023-01-18 12:07:18,4,7,12896,14469
2023-01-18 12:07:18,4,6,12896,14469
2023-01-18 12:07:19,4,7,12896,14469
2023-01-18 12:07:20,4,6,12896,14469
2023-01-18 12:07:22,4,7,12896,14469
2023-01-18 12:07:23,4,6,12896,14469
2023-01-18 12:07:30,4,7,12896,14469
2023-01-18 12:07:31,4,6,12896,14469
2023-01-18 12:07:38,4,7,12896,14469
2023-01-18 12:07:39,4,6,12896,14469
2023-01-18 12:07:41,4,7,12896,14469
2023-01-18 12:07:42,4,6,12896,14469
2023-01-18 12:07:47,4,7,12896,14469
2023-01-18 12:07:47,4,6,12896,14469
2023-01-18 12:07:48,3,7,12896,14469
2023-01-18 12:07:49,3,6,12896,14469
2023-01-18 12:07:50,3,7,12896,14469
2023-01-18 12:07:51,3,6,12896,14469
2023-01-18 12:07:56,3,7,12896,14469
2023-01-18 12:07:57,3,6,12896,14469
2023-01-18 12:08:07,3,7,12896,14469
2023-01-18 12:08:08,3,6,12896,14469
2023-01-18 12:08:15,3,7,12896,14469
2023-01-18 12:08:16,3,6,12896,14469
2023-01-18 12:08:19,3,7,12896,14469
2023-01-18 12:08:22,3,6,12896,14469
2023-01-18 12:08:24,3,7,12896,14469
2023-01-18 12:08:25,3,6,12896,14469
2023-01-18 12:08:36,3,7,12896,14469
2023-01-18 12:08:37,3,6,12896,14469
2023-01-18 12:08:39,3,7,12896,14469
2023-01-18 12:08:40,3,6,12896,14469
2023-01-18 12:09:46,3,7,12896,14469
2023-01-18 12:09:46,3,6,12896,14469
2023-01-18 12:09:47,3,7,12896,14469
2023-01-18 12:09:48,3,6,12896,14469
2023-01-18 12:09:53,3,7,12896,14469
2023-01-18 12:09:54,3,6,12896,14469
2023-01-18 12:09:56,3,7,12896,14469
2023-01-18 12:09:57,3,6,12896,14469
2023-01-18 12:09:59,3,7,12896,14469
2023-01-18 12:10:00,3,6,12896,14469
2023-01-18 12:10:07,3,7,12896,14469
2023-01-18 12:10:08,3,6,12896,14469
2023-01-18 12:10:22,3,7,12896,14469
2023-01-18 12:10:23,3,6,12896,14469
2023-01-18 12:10:24,2,7,12896,14469
2023-01-18 12:10:24,3,7,12896,14469
2023-01-18 12:10:25,3,6,12896,14469
2023-01-18 12:10:27,3,7,12896,14469
2023-01-18 12:10:28,3,6,12896,14469
2023-01-18 12:10:38,3,7,12896,14469
2023-01-18 12:10:39,3,6,12896,14469
2023-01-18 12:10:53,3,6,12911,14499
2023-01-18 12:11:47,3,7,12911,14499
2023-01-18 12:11:49,3,6,12911,14499
2023-01-18 12:11:56,3,7,12911,14499
2023-01-18 12:11:57,3,6,12911,14499
2023-01-18 12:11:59,3,7,12911,14499
2023-01-18 12:12:00,3,6,12911,14499
2023-01-18 12:12:07,3,7,12911,14499
2023-01-18 12:12:08,3,6,12911,14499
2023-01-18 12:12:10,3,7,12911,14499
2023-01-18 12:12:11,3,6,12911,14499
2023-01-18 12:12:17,3,7,12911,14499
2023-01-18 12:12:18,3,6,12911,14499
2023-01-18 12:12:19,3,7,12911,14499
2023-01-18 12:12:20,3,6,12911,14499
2023-01-18 12:12:22,3,7,12911,14499
2023-01-18 12:12:23,3,6,12911,14499
2023-01-18 12:12:25,3,7,12911,14499
2023-01-18 12:12:26,3,6,12911,14499
2023-01-18 12:12:33,3,7,12911,14499
2023-01-18 12:12:34,3,6,12911,14499
2023-01-18 12:12:41,3,7,12911,14499
2023-01-18 12:12:42,3,6,12911,14499
2023-01-18 12:12:44,3,7,12911,14499
2023-01-18 12:12:45,3,6,12911,14499
2023-01-18 12:12:47,3,7,12911,14499
2023-01-18 12:12:48,4,7,12911,14499
2023-01-18 12:12:49,4,6,12911,14499
2023-01-18 12:13:00,4,7,12911,14499
2023-01-18 12:13:01,4,6,12911,14499
2023-01-18 12:13:11,4,7,12911,14499
2023-01-18 12:13:12,4,6,12911,14499
2023-01-18 12:13:17,4,7,12911,14499
2023-01-18 12:13:19,4,6,12911,14499
2023-01-18 12:13:23,4,7,12911,14499
2023-01-18 12:13:24,4,6,12911,14499
2023-01-18 12:13:28,4,7,12911,14499
2023-01-18 12:13:29,4,6,12911,14499
2023-01-18 12:13:34,4,7,12911,14499
2023-01-18 12:13:35,4,6,12911,14499
2023-01-18 12:13:37,4,7,12911,14499
2023-01-18 12:13:38,4,6,12911,14499
2023-01-18 12:13:46,4,7,12911,14499
2023-01-18 12:13:46,4,6,12911,14499
2023-01-18 12:13:47,4,7,12911,14499
2023-01-18 12:13:48,4,6,12911,14499
2023-01-18 12:13:50,4,7,12911,14499
2023-01-18 12:13:51,4,6,12911,14499
2023-01-18 12:13:53,4,7,12911,14499
2023-01-18 12:13:54,4,6,12911,14499
2023-01-18 12:13:56,4,7,12911,14499
2023-01-18 12:13:57,4,6,12911,14499
2023-01-18 12:14:04,4,7,12911,14499
2023-01-18 12:14:05,4,6,12911,14499
2023-01-18 12:14:07,4,7,12911,14499
2023-01-18 12:14:08,4,6,12911,14499
2023-01-18 12:14:16,4,7,12911,14499
2023-01-18 12:14:17,4,6,12911,14499
2023-01-18 12:14:19,4,7,12911,14499
2023-01-18 12:14:24,4,6,12911,14499
2023-01-18 12:14:31,4,7,12911,14499
2023-01-18 12:14:32,4,6,12911,14499
2023-01-18 12:14:34,4,7,12911,14499
2023-01-18 12:14:35,4,6,12911,14499
2023-01-18 12:14:41,4,7,12911,14499
2023-01-18 12:14:48,4,8,12911,14499
2023-01-18 12:14:49,4,9,12911,14499
2023-01-18 12:14:49,4,7,12911,14499
2023-01-18 12:14:52,4,6,12911,14499
2023-01-18 12:14:54,4,8,12911,14499
2023-01-18 12:14:56,4,7,12911,14499
2023-01-18 12:14:58,4,8,12911,14499
2023-01-18 12:14:59,4,7,12911,14499
2023-01-18 12:15:03,4,8,12911,14499
2023-01-18 12:15:04,4,6,12911,14499
2023-01-18 12:15:12,4,8,12911,14499
2023-01-18 12:15:13,4,6,12911,14499
2023-01-18 12:15:16,4,8,12911,14499
2023-01-18 12:15:17,4,6,12911,14499
2023-01-18 12:15:24,4,8,12911,14499
2023-01-18 12:15:25,4,6,12911,14499
2023-01-18 12:15:27,4,8,12911,14499
2023-01-18 12:15:27,4,6,12911,14499
2023-01-18 12:15:34,4,8,12911,14499
2023-01-18 12:15:35,4,6,12911,14499
2023-01-18 12:15:37,4,8,12911,14499
2023-01-18 12:15:38,4,6,12911,14499
2023-01-18 12:15:40,4,8,12911,14499
2023-01-18 12:15:41,4,6,12911,14499
2023-01-18 12:15:52,4,8,12911,14499
2023-01-18 12:15:52,4,7,12911,14499
2023-01-18 12:15:52,4,6,12911,14499
2023-01-18 12:15:56,4,7,12911,14499
2023-01-18 12:15:57,4,6,12911,14499
2023-01-18 12:15:59,4,7,12911,14499
2023-01-18 12:16:00,4,6,12911,14499
2023-01-18 12:16:02,4,7,12911,14499
2023-01-18 12:16:03,4,6,12911,14499
2023-01-18 12:16:21,4,7,12911,14499
2023-01-18 12:16:21,3,7,12911,14499
2023-01-18 12:16:21,3,6,12911,14499
2023-01-18 12:16:22,3,7,12911,14499
2023-01-18 12:16:22,3,6,12911,14499
2023-01-18 12:17:17,4,6,12911,14499
2023-01-18 12:17:19,4,7,12911,14499
2023-01-18 12:17:19,4,6,12911,14499
2023-01-18 12:17:22,4,7,12911,14499
2023-01-18 12:17:22,4,6,12911,14499
2023-01-18 12:17:26,4,7,12911,14499
2023-01-18 12:17:27,4,6,12911,14499
2023-01-18 12:17:29,4,7,12911,14499
2023-01-18 12:17:30,4,6,12911,14499
2023-01-18 12:17:40,4,7,12911,14499
2023-01-18 12:17:41,4,6,12911,14499
2023-01-18 12:17:48,4,7,12911,14499
2023-01-18 12:17:49,4,6,12911,14499
2023-01-18 12:18:00,4,7,12911,14499
2023-01-18 12:18:01,4,6,12911,14499
2023-01-18 12:18:03,4,7,12911,14499
2023-01-18 12:18:04,4,6,12911,14499
2023-01-18 12:18:07,4,5,12911,14499
2023-01-18 12:18:11,4,7,12911,14499
2023-01-18 12:18:12,4,6,12911,14499
2023-01-18 12:18:16,4,7,12911,14499
2023-01-18 12:18:17,4,6,12911,14499
2023-01-18 12:18:19,4,7,12911,14499
2023-01-18 12:18:19,3,7,12911,14499
2023-01-18 12:18:22,3,6,12911,14499
2023-01-18 12:18:24,3,7,12911,14499
2023-01-18 12:18:25,3,6,12911,14499
2023-01-18 12:18:27,3,7,12911,14499
2023-01-18 12:18:29,3,6,12911,14499
2023-01-18 12:18:31,3,7,12911,14499
2023-01-18 12:18:32,3,6,12911,14499
2023-01-18 12:18:34,3,7,12911,14499
2023-01-18 12:18:35,3,6,12911,14499
2023-01-18 12:18:42,3,7,12911,14499
2023-01-18 12:18:44,3,6,12911,14499
2023-01-18 12:18:46,3,7,12911,14499
2023-01-18 12:18:47,3,6,12911,14499
2023-01-18 12:18:48,3,7,12911,14499
2023-01-18 12:18:49,3,6,12911,14499
2023-01-18 12:18:50,3,7,12911,14499
2023-01-18 12:18:50,3,6,12911,14499
2023-01-18 12:18:52,2,6,12911,14499
2023-01-18 12:19:19,3,6,12911,14499
2023-01-18 12:19:49,2,6,12911,14499
2023-01-18 12:20:23,2,5,12911,14499
2023-01-18 12:20:26,2,6,12911,14499
2023-01-18 12:20:28,2,7,12911,14499
2023-01-18 12:20:28,2,6,12911,14499
2023-01-18 12:20:28,2,5,12911,14499
2023-01-18 12:24:49,2,13,12911,14499
2023-01-18 12:25:20,2,6,12911,14499
2023-01-18 12:25:21,2,4,12911,14499
2023-01-18 12:25:48,2,13,12911,14499
2023-01-18 12:26:54,2,10,12911,14499
2023-01-18 12:31:27,2,3,12911,14499
2023-01-18 12:37:13,0,3,13121,14919
2023-01-18 12:37:29,0,2,13121,14919
2023-01-18 12:37:48,0,2,13287,15252
2023-01-18 12:37:51,0,3,13333,15344
2023-01-18 12:38:04,1,3,13333,15344
2023-01-18 12:41:42,1,3,13583,15844
2023-01-18 12:42:13,1,3,13590,15858
2023-01-18 12:42:59,1,2,13590,15858
2023-01-18 12:43:21,1,3,13720,16118
2023-01-18 12:44:01,1,3,13750,16148
2023-01-18 12:44:30,0,3,13750,16148
2023-01-18 12:44:41,1,3,13750,16148
2023-01-18 13:05:06,1,2,13750,16148
2023-01-18 13:08:39,0,2,13750,16148
2023-01-18 13:11:47,1,2,13750,16148
2023-01-18 13:13:11,1,2,13800,16248
2023-01-18 13:18:51,1,2,13805,16258
2023-01-18 13:21:41,1,2,13863,16373
2023-01-18 13:30:00,1,2,13863,16374
2023-01-18 13:40:36,1,3,13963,16474
2023-01-18 13:45:52,1,2,13963,16474
2023-01-18 13:46:23,1,3,13963,16474
2023-01-18 13:52:58,1,2,13963,16474
2023-01-18 14:04:25,1,2,14008,16574
2023-01-18 15:10:05,1,2,14017,16583
2023-01-18 15:16:15,1,2,14018,16584
2023-01-18 15:20:35,0,2,14018,16623
2023-01-18 15:20:48,0,1,14018,16623
2023-01-18 15:22:33,0,1,14018,16643
