datetime,bid,ask,open_interest,volume
2023-08-23 09:30:25,0,12,25,25
2023-08-23 09:31:00,8,12,25,25
2023-08-23 09:31:00,9,12,25,25
2023-08-23 09:31:01,8,12,25,25
2023-08-23 09:31:01,9,12,25,25
2023-08-23 09:31:02,8,12,25,25
2023-08-23 09:31:02,9,12,25,25
2023-08-23 09:31:02,9,11,25,25
2023-08-23 09:31:04,9,12,25,25
2023-08-23 09:31:07,10,12,25,25
2023-08-23 09:31:31,11,12,25,25
2023-08-23 09:32:27,10,12,25,25
2023-08-23 09:32:38,10,12,225,225
2023-08-23 09:32:39,10,13,225,225
2023-08-23 09:32:45,10,12,225,225
2023-08-23 09:32:48,10,13,225,225
2023-08-23 09:32:49,10,12,225,225
2023-08-23 09:32:55,9,12,225,225
2023-08-23 09:32:57,9,11,225,225
2023-08-23 09:33:00,9,12,225,225
2023-08-23 09:33:03,10,12,225,225
2023-08-23 09:33:04,10,13,225,225
2023-08-23 09:33:04,10,12,225,225
2023-08-23 09:33:05,10,13,225,225
2023-08-23 09:33:07,11,13,225,225
2023-08-23 09:33:14,11,14,225,225
2023-08-23 09:33:18,12,14,225,225
2023-08-23 09:33:23,12,13,225,225
2023-08-23 09:33:24,11,13,225,225
2023-08-23 09:33:29,12,13,225,225
2023-08-23 09:33:30,11,13,225,225
2023-08-23 09:33:33,12,13,225,225
2023-08-23 09:33:34,11,13,225,225
2023-08-23 09:33:36,11,14,225,225
2023-08-23 09:33:36,12,14,225,225
2023-08-23 09:33:37,12,13,225,225
2023-08-23 09:33:39,12,14,225,225
2023-08-23 09:33:42,11,14,225,225
2023-08-23 09:33:42,11,13,225,225
2023-08-23 09:33:44,12,13,225,225
2023-08-23 09:33:45,11,13,225,225
2023-08-23 09:33:48,11,14,225,225
2023-08-23 09:33:48,11,13,225,225
2023-08-23 09:33:49,12,13,225,225
2023-08-23 09:34:04,11,13,225,225
2023-08-23 09:34:08,10,13,225,225
2023-08-23 09:34:12,11,13,225,225
2023-08-23 09:34:17,11,14,425,425
2023-08-23 09:34:21,11,13,425,425
2023-08-23 09:34:25,11,14,425,425
2023-08-23 09:34:32,11,14,625,625
2023-08-23 09:34:33,12,14,625,625
2023-08-23 09:34:59,11,14,625,625
2023-08-23 09:35:01,12,14,625,625
2023-08-23 09:35:01,11,14,755,755
2023-08-23 09:35:03,12,14,755,755
2023-08-23 09:35:06,11,14,755,755
2023-08-23 09:35:06,11,15,755,755
2023-08-23 09:35:06,13,15,755,755
2023-08-23 09:35:06,12,15,755,955
2023-08-23 09:35:07,13,15,755,955
2023-08-23 09:35:09,14,15,755,955
2023-08-23 09:35:10,13,15,843,1057
2023-08-23 09:35:11,14,15,843,1057
2023-08-23 09:35:11,13,15,974,1188
2023-08-23 09:35:12,14,15,974,1188
2023-08-23 09:35:14,13,15,1115,1329
2023-08-23 09:35:15,14,15,1115,1329
2023-08-23 09:35:17,13,15,1115,1329
2023-08-23 09:35:18,13,14,1115,1329
2023-08-23 09:35:21,12,14,1115,1329
2023-08-23 09:35:22,11,14,1115,1329
2023-08-23 09:35:30,11,13,1115,1329
2023-08-23 09:35:42,12,13,1115,1329
2023-08-23 09:35:50,11,14,1115,1329
2023-08-23 09:35:51,12,14,1115,1329
2023-08-23 09:35:52,11,14,1115,1329
2023-08-23 09:35:53,12,14,1115,1329
2023-08-23 09:35:54,11,14,1115,1329
2023-08-23 09:36:02,12,14,1115,1329
2023-08-23 09:36:37,13,14,1115,1329
2023-08-23 09:36:51,12,14,1115,1329
2023-08-23 09:36:52,13,14,1115,1329
2023-08-23 09:36:57,12,14,1115,1329
2023-08-23 09:36:59,13,14,1115,1329
2023-08-23 09:37:02,12,14,1115,1329
2023-08-23 09:37:02,11,14,1115,1329
2023-08-23 09:37:03,11,13,1115,1329
2023-08-23 09:37:03,12,13,1115,1329
2023-08-23 09:37:06,12,14,1115,1329
2023-08-23 09:37:07,13,14,1115,1329
2023-08-23 09:37:15,12,14,1115,1329
2023-08-23 09:37:15,11,14,1115,1329
2023-08-23 09:37:16,11,13,1115,1329
2023-08-23 09:37:17,12,13,1115,1329
2023-08-23 09:37:24,11,13,1115,1329
2023-08-23 09:37:27,12,13,1115,1329
2023-08-23 09:37:28,11,13,1115,1329
2023-08-23 09:37:32,12,13,1115,1329
2023-08-23 09:37:39,11,13,1115,1329
2023-08-23 09:37:40,12,13,1115,1329
2023-08-23 09:37:46,11,13,1115,1329
2023-08-23 09:37:47,12,13,1115,1329
2023-08-23 09:37:48,11,13,1115,1329
2023-08-23 09:38:01,12,13,1115,1329
2023-08-23 09:38:03,11,13,1115,1329
2023-08-23 09:38:04,12,13,1115,1329
2023-08-23 09:38:05,11,13,1115,1329
2023-08-23 09:38:07,12,13,1115,1329
2023-08-23 09:38:08,11,13,1115,1329
2023-08-23 09:38:09,12,13,1115,1329
2023-08-23 09:38:11,11,13,1115,1329
2023-08-23 09:38:12,12,13,1115,1329
2023-08-23 09:38:22,11,13,1115,1329
2023-08-23 09:38:30,11,12,1115,1329
2023-08-23 09:39:09,10,12,1215,1429
2023-08-23 09:39:14,10,11,1215,1429
2023-08-23 09:39:16,10,12,1215,1429
2023-08-23 09:39:31,11,12,1215,1429
2023-08-23 09:39:33,10,12,1215,1429
2023-08-23 09:39:51,10,11,1215,1429
2023-08-23 09:40:04,10,12,1215,1429
2023-08-23 09:40:32,10,11,1215,1429
2023-08-23 09:40:36,10,12,1215,1429
2023-08-23 09:41:51,10,11,1215,1429
2023-08-23 09:42:03,10,12,1215,1429
2023-08-23 09:42:16,10,11,1215,1429
2023-08-23 09:42:32,10,12,1215,1429
2023-08-23 09:42:58,11,12,1215,1429
2023-08-23 09:43:00,10,12,1215,1429
2023-08-23 09:43:14,10,13,1416,1630
2023-08-23 09:43:20,11,13,1416,1630
2023-08-23 09:43:23,11,12,1416,1630
2023-08-23 09:43:25,11,13,1416,1630
2023-08-23 09:43:30,11,12,1416,1630
2023-08-23 09:43:34,11,13,1416,1630
2023-08-23 09:44:59,12,13,1416,1630
2023-08-23 09:45:00,11,13,1616,1830
2023-08-23 09:45:00,11,13,1816,2030
2023-08-23 09:45:00,11,14,1816,2030
2023-08-23 09:45:00,12,13,1816,2030
2023-08-23 09:45:01,12,13,2011,2230
2023-08-23 09:45:01,12,14,2011,2230
2023-08-23 09:45:02,13,14,2011,2230
2023-08-23 09:45:02,13,14,2211,2430
2023-08-23 09:45:03,12,14,2211,2430
2023-08-23 09:45:03,13,14,2211,2430
2023-08-23 09:45:03,13,15,2411,2630
2023-08-23 09:45:03,13,15,2411,2766
2023-08-23 09:45:09,12,15,2411,2766
2023-08-23 09:45:19,13,15,2411,2766
2023-08-23 09:45:25,12,15,2411,2766
2023-08-23 09:45:25,13,15,2411,2766
2023-08-23 09:45:31,14,15,2411,2766
2023-08-23 09:45:31,13,15,2411,2966
2023-08-23 09:45:32,14,15,2411,2966
2023-08-23 09:45:32,14,15,2411,2994
2023-08-23 09:45:43,14,16,2411,2994
2023-08-23 09:45:49,15,16,2411,2994
2023-08-23 09:45:53,14,16,2411,2994
2023-08-23 09:45:54,15,16,2411,2994
2023-08-23 09:45:55,14,16,2411,2994
2023-08-23 09:46:17,13,16,2411,2994
2023-08-23 09:46:17,13,15,2411,2994
2023-08-23 09:46:18,12,15,2411,2994
2023-08-23 09:46:19,13,15,2411,2994
2023-08-23 09:46:20,12,15,2411,2994
2023-08-23 09:46:23,13,15,2411,2994
2023-08-23 09:46:25,13,14,2411,2994
2023-08-23 09:46:25,12,14,2211,3194
2023-08-23 09:46:26,12,15,2211,3194
2023-08-23 09:46:27,13,15,2211,3194
2023-08-23 09:46:27,13,14,2211,3194
2023-08-23 09:46:28,13,15,2211,3194
2023-08-23 09:46:33,13,16,2211,3194
2023-08-23 09:46:34,14,16,2211,3194
2023-08-23 09:46:36,13,16,2211,3194
2023-08-23 09:46:38,14,16,2211,3194
2023-08-23 09:46:39,15,16,2211,3194
2023-08-23 09:46:40,14,16,2353,3336
2023-08-23 09:46:42,15,16,2353,3336
2023-08-23 09:46:43,14,16,2505,3488
2023-08-23 09:46:48,13,16,2505,3488
2023-08-23 09:46:48,13,15,2505,3488
2023-08-23 09:46:53,13,16,2505,3488
2023-08-23 09:47:02,14,16,2505,3488
2023-08-23 09:47:23,15,16,2505,3488
2023-08-23 09:47:24,15,17,2505,3488
2023-08-23 09:47:32,15,17,2505,3489
2023-08-23 09:47:33,16,17,2505,3489
2023-08-23 09:47:35,16,18,2505,3489
2023-08-23 09:47:49,15,18,2505,3490
2023-08-23 09:48:01,16,18,2505,3490
2023-08-23 09:48:03,17,18,2505,3490
2023-08-23 09:48:10,17,19,2505,3490
2023-08-23 09:48:35,16,19,2505,3490
2023-08-23 09:48:45,16,19,2505,3490
2023-08-23 09:49:06,16,18,2505,3490
2023-08-23 09:49:14,15,18,2505,3490
2023-08-23 09:49:33,16,18,2505,3490
2023-08-23 09:49:37,15,18,2505,3490
2023-08-23 09:49:50,16,18,2505,3490
2023-08-23 09:49:55,15,18,2505,3490
2023-08-23 09:50:01,16,18,2505,3490
2023-08-23 09:50:25,15,18,2505,3490
2023-08-23 09:50:28,16,18,2505,3490
2023-08-23 09:50:46,16,19,2505,3490
2023-08-23 09:50:48,17,19,2505,3490
2023-08-23 09:50:54,16,19,2505,3490
2023-08-23 09:51:14,17,19,2505,3490
2023-08-23 09:51:24,16,19,2505,3490
2023-08-23 09:51:30,17,19,2505,3490
2023-08-23 09:51:54,17,20,2505,3490
2023-08-23 09:52:04,18,20,2505,3490
2023-08-23 09:52:33,19,20,2505,3490
2023-08-23 09:53:05,18,20,2505,3490
2023-08-23 09:53:29,17,20,2505,3490
2023-08-23 09:53:33,17,19,2505,3490
2023-08-23 09:53:41,16,19,2505,3490
2023-08-23 09:54:06,17,19,2505,3490
2023-08-23 09:54:07,16,19,2505,3490
2023-08-23 09:54:10,16,18,2505,3490
2023-08-23 09:54:13,15,18,2505,3490
2023-08-23 09:54:21,15,17,2505,3490
2023-08-23 09:54:28,15,18,2505,3490
2023-08-23 09:54:33,16,18,2505,3490
2023-08-23 09:54:34,15,18,2505,3490
2023-08-23 09:54:40,16,18,2505,3490
2023-08-23 09:55:14,17,18,2505,3490
2023-08-23 09:55:15,17,19,2505,3490
2023-08-23 09:55:30,17,20,2505,3490
2023-08-23 09:55:52,18,20,2505,3490
2023-08-23 09:56:01,19,20,2505,3490
2023-08-23 09:56:01,19,20,2505,3491
2023-08-23 09:56:01,19,21,2505,3491
2023-08-23 09:56:02,19,22,2505,3491
2023-08-23 09:56:02,20,22,2505,3491
2023-08-23 09:56:02,19,22,2505,3692
2023-08-23 09:56:03,20,22,2505,3692
2023-08-23 09:56:04,19,22,2505,3893
2023-08-23 09:56:05,20,22,2505,3893
2023-08-23 09:56:44,19,22,2505,3893
2023-08-23 09:56:49,20,22,2505,3893
2023-08-23 09:56:50,19,22,2505,3893
2023-08-23 09:56:54,20,22,2505,3893
2023-08-23 09:57:06,21,22,2505,3893
2023-08-23 09:57:08,20,22,2505,3893
2023-08-23 09:57:10,21,22,2505,3893
2023-08-23 09:57:13,21,23,2505,3893
2023-08-23 09:57:45,22,23,2505,3893
2023-08-23 09:58:00,21,23,2505,3893
2023-08-23 09:58:14,21,24,2505,3893
2023-08-23 09:58:14,22,24,2505,3893
2023-08-23 09:58:17,22,25,2505,3893
2023-08-23 09:58:28,22,24,2505,3893
2023-08-23 09:58:36,22,25,2505,3893
2023-08-23 09:58:44,22,24,2505,3893
2023-08-23 09:58:50,21,24,2505,3893
2023-08-23 09:58:54,22,24,2505,3893
2023-08-23 09:58:55,21,24,2505,3893
2023-08-23 09:59:21,22,24,2505,3893
2023-08-23 09:59:25,22,25,2505,3893
2023-08-23 09:59:40,22,24,2505,3893
2023-08-23 09:59:41,21,24,2505,3893
2023-08-23 09:59:48,22,24,2505,3893
2023-08-23 09:59:56,21,24,2505,3893
2023-08-23 09:59:57,22,24,2505,3893
2023-08-23 09:59:59,21,24,2505,3893
2023-08-23 10:00:00,22,24,2505,3893
2023-08-23 10:00:02,22,25,2505,3893
2023-08-23 10:00:05,22,24,2505,3893
2023-08-23 10:00:08,22,25,2505,3893
2023-08-23 10:00:15,22,24,2505,3893
2023-08-23 10:00:18,21,24,2505,3893
2023-08-23 10:00:26,21,23,2505,3893
2023-08-23 10:00:29,21,24,2505,3893
2023-08-23 10:01:01,22,24,2505,3893
2023-08-23 10:01:07,21,24,2505,3893
2023-08-23 10:01:09,22,24,2505,3893
2023-08-23 10:01:31,21,24,2505,3893
2023-08-23 10:01:46,21,23,2505,3893
2023-08-23 10:01:47,20,23,2505,3893
2023-08-23 10:01:51,21,23,2505,3893
2023-08-23 10:01:53,20,23,2505,3893
2023-08-23 10:02:27,21,23,2505,3893
2023-08-23 10:02:30,21,24,2505,3893
2023-08-23 10:02:33,22,24,2505,3893
2023-08-23 10:02:41,21,24,2505,3893
2023-08-23 10:02:51,22,24,2505,3893
2023-08-23 10:02:52,21,24,2505,3893
2023-08-23 10:03:01,22,24,2505,3893
2023-08-23 10:03:06,22,25,2505,3893
2023-08-23 10:03:09,23,25,2505,3893
2023-08-23 10:03:12,24,25,2505,3893
2023-08-23 10:03:19,23,25,2505,3893
2023-08-23 10:03:34,22,25,2505,3893
2023-08-23 10:03:37,22,24,2505,3893
2023-08-23 10:03:41,22,25,2505,3893
2023-08-23 10:03:50,22,24,2505,3893
2023-08-23 10:03:56,22,25,2505,3893
2023-08-23 10:04:08,22,24,2505,3893
2023-08-23 10:04:15,22,25,2505,3893
2023-08-23 10:05:05,22,24,2505,3893
2023-08-23 10:05:06,22,25,2505,3893
2023-08-23 10:05:11,22,24,2505,3893
2023-08-23 10:05:14,22,25,2505,3893
2023-08-23 10:05:16,22,24,2505,3893
2023-08-23 10:05:17,22,25,2505,3893
2023-08-23 10:05:28,22,24,2505,3893
2023-08-23 10:05:50,21,24,2505,3893
2023-08-23 10:06:04,22,24,2505,3893
2023-08-23 10:06:16,22,25,2505,3893
2023-08-23 10:06:19,23,25,2505,3893
2023-08-23 10:06:20,22,25,2505,3893
2023-08-23 10:06:21,23,25,2505,3893
2023-08-23 10:06:30,23,26,2505,3893
2023-08-23 10:06:30,24,26,2505,3893
2023-08-23 10:06:45,23,26,2505,3893
2023-08-23 10:06:53,23,25,2505,3893
2023-08-23 10:07:00,23,26,2505,3893
2023-08-23 10:07:07,24,26,2505,3893
2023-08-23 10:07:14,23,26,2505,3893
2023-08-23 10:07:28,23,25,2505,3893
2023-08-23 10:07:30,22,25,2505,3893
2023-08-23 10:07:41,22,24,2505,3893
2023-08-23 10:07:43,22,25,2505,3893
2023-08-23 10:07:44,22,24,2505,3893
2023-08-23 10:07:48,21,24,2505,3893
2023-08-23 10:07:57,21,23,2505,3893
2023-08-23 10:07:58,20,23,2505,3893
2023-08-23 10:08:02,21,23,2505,3893
2023-08-23 10:08:05,21,24,2505,3893
2023-08-23 10:08:09,22,24,2505,3893
2023-08-23 10:08:13,21,24,2505,3893
2023-08-23 10:08:24,21,23,2505,3893
2023-08-23 10:08:28,21,24,2505,3893
2023-08-23 10:08:41,22,24,2505,3893
2023-08-23 10:09:06,22,25,2505,3893
2023-08-23 10:09:07,23,25,2505,3893
2023-08-23 10:09:12,23,26,2505,3893
2023-08-23 10:09:14,24,26,2505,3893
2023-08-23 10:09:16,23,26,2505,3893
2023-08-23 10:09:19,24,26,2505,3893
2023-08-23 10:09:20,23,26,2505,3893
2023-08-23 10:09:21,24,26,2505,3893
2023-08-23 10:10:20,23,26,2505,3893
2023-08-23 10:10:29,24,26,2505,3893
2023-08-23 10:10:54,24,27,2505,3893
2023-08-23 10:10:54,25,27,2505,3893
2023-08-23 10:10:58,26,27,2505,3893
2023-08-23 10:10:58,26,28,2505,3893
2023-08-23 10:11:08,25,28,2505,3893
2023-08-23 10:11:08,26,28,2505,3893
2023-08-23 10:11:13,25,28,2505,3893
2023-08-23 10:11:16,25,27,2505,3893
2023-08-23 10:11:53,26,27,2505,3893
2023-08-23 10:11:53,26,28,2505,3893
2023-08-23 10:11:54,25,28,2505,3893
2023-08-23 10:11:55,26,28,2505,3893
2023-08-23 10:12:27,27,28,2505,3893
2023-08-23 10:12:28,27,29,2505,3893
2023-08-23 10:12:28,27,29,2505,3893
2023-08-23 10:12:42,28,29,2505,3893
2023-08-23 10:12:43,28,30,2505,3893
2023-08-23 10:12:43,28,29,2505,3893
2023-08-23 10:12:49,28,30,2505,3893
2023-08-23 10:12:49,29,30,2505,3893
2023-08-23 10:15:34,29,30,2505,4093
2023-08-23 10:15:34,29,31,2505,4093
2023-08-23 10:15:52,30,31,2505,4093
2023-08-23 10:15:57,29,31,2505,4093
2023-08-23 10:16:06,30,31,2505,4093
2023-08-23 10:16:15,29,31,2505,4093
2023-08-23 10:16:31,28,31,2505,4093
2023-08-23 10:16:31,28,30,2505,4093
2023-08-23 10:16:57,28,31,2505,4093
2023-08-23 10:16:58,28,30,2505,4093
2023-08-23 10:17:03,27,30,2505,4093
2023-08-23 10:17:13,27,29,2505,4093
2023-08-23 10:17:13,26,29,2505,4093
2023-08-23 10:17:20,27,29,2505,4093
2023-08-23 10:17:40,26,29,2505,4093
2023-08-23 10:18:03,27,29,2505,4093
2023-08-23 10:18:16,26,29,2505,4093
2023-08-23 10:19:06,27,29,2505,4093
2023-08-23 10:19:18,26,29,2505,4093
2023-08-23 10:19:21,27,29,2505,4093
2023-08-23 10:19:25,26,29,2505,4093
2023-08-23 10:19:27,27,29,2505,4093
2023-08-23 10:19:28,26,29,2505,4093
2023-08-23 10:19:34,27,29,2505,4093
2023-08-23 10:19:35,26,29,2505,4093
2023-08-23 10:19:38,27,29,2505,4093
2023-08-23 10:19:45,26,29,2505,4093
2023-08-23 10:19:46,27,29,2505,4093
2023-08-23 10:19:55,27,30,2505,4093
2023-08-23 10:19:56,27,29,2505,4093
2023-08-23 10:20:02,26,29,2505,4093
2023-08-23 10:20:18,26,28,2505,4093
2023-08-23 10:20:22,25,28,2505,4093
2023-08-23 10:20:25,25,27,2505,4093
2023-08-23 10:20:45,26,27,2505,4093
2023-08-23 10:20:45,26,28,2505,4093
2023-08-23 10:20:48,25,28,2505,4093
2023-08-23 10:20:54,26,28,2505,4093
2023-08-23 10:21:01,27,28,2505,4093
2023-08-23 10:21:01,27,29,2505,4093
2023-08-23 10:21:08,28,29,2505,4093
2023-08-23 10:21:08,28,30,2505,4093
2023-08-23 10:21:26,27,30,2505,4093
2023-08-23 10:21:31,27,29,2505,4093
2023-08-23 10:21:48,26,29,2505,4093
2023-08-23 10:21:48,27,29,2505,4093
2023-08-23 10:22:29,27,30,2505,4093
2023-08-23 10:22:30,27,29,2505,4093
2023-08-23 10:22:31,28,29,2505,4093
2023-08-23 10:22:42,28,30,2505,4093
2023-08-23 10:22:43,28,31,2505,4093
2023-08-23 10:22:43,28,30,2505,4093
2023-08-23 10:22:59,28,31,2505,4093
2023-08-23 10:23:00,29,31,2505,4093
2023-08-23 10:23:00,30,31,2505,4093
2023-08-23 10:23:00,30,32,2505,4093
2023-08-23 10:23:09,31,32,2505,4093
2023-08-23 10:23:20,30,32,2505,4093
2023-08-23 10:23:20,31,32,2505,4093
2023-08-23 10:23:23,30,32,2505,4093
2023-08-23 10:23:36,30,31,2505,4093
2023-08-23 10:23:53,29,31,2505,4093
2023-08-23 10:24:13,30,31,2505,4093
2023-08-23 10:24:13,30,32,2505,4093
2023-08-23 10:24:14,30,31,2505,4093
2023-08-23 10:24:57,30,32,2505,4093
2023-08-23 10:25:14,30,33,2505,4093
2023-08-23 10:25:15,32,33,2505,4093
2023-08-23 10:25:27,32,34,2505,4093
2023-08-23 10:26:03,32,33,2505,4093
2023-08-23 10:26:17,32,33,2506,4094
2023-08-23 10:27:03,32,34,2506,4094
2023-08-23 10:27:04,32,33,2506,4094
2023-08-23 10:27:33,31,33,2566,4294
2023-08-23 10:27:44,30,33,2566,4294
2023-08-23 10:27:45,30,32,2566,4294
2023-08-23 10:27:52,30,33,2566,4294
2023-08-23 10:27:53,30,32,2566,4294
2023-08-23 10:28:06,29,32,2566,4294
2023-08-23 10:28:19,30,32,2566,4294
2023-08-23 10:28:53,30,33,2566,4294
2023-08-23 10:28:53,30,32,2566,4294
2023-08-23 10:28:53,30,31,2566,4294
2023-08-23 10:28:55,29,31,2566,4294
2023-08-23 10:28:56,30,31,2566,4294
2023-08-23 10:28:58,29,31,2566,4294
2023-08-23 10:29:00,30,31,2566,4294
2023-08-23 10:29:34,30,33,2566,4294
2023-08-23 10:29:35,30,31,2566,4294
2023-08-23 10:29:57,29,31,2566,4294
2023-08-23 10:30:00,30,31,2566,4294
2023-08-23 10:30:15,29,31,2566,4294
2023-08-23 10:30:21,30,31,2566,4294
2023-08-23 10:30:30,29,31,2566,4294
2023-08-23 10:30:34,30,31,2566,4294
2023-08-23 10:31:15,31,32,2567,4295
2023-08-23 10:31:19,31,33,2567,4295
2023-08-23 10:31:21,32,33,2567,4295
2023-08-23 10:31:32,32,33,4567,6295
2023-08-23 10:31:34,32,34,4567,6295
2023-08-23 10:31:35,32,33,4567,6295
2023-08-23 10:32:01,32,33,4767,6495
2023-08-23 10:32:02,32,34,4767,6495
2023-08-23 10:32:24,33,34,4767,6495
2023-08-23 10:32:25,33,34,5017,6745
2023-08-23 10:32:26,33,34,5267,6995
2023-08-23 10:32:33,33,34,5517,7245
2023-08-23 10:32:34,33,34,5767,7495
2023-08-23 10:35:34,33,34,5767,7695
2023-08-23 10:36:17,32,34,5767,7695
2023-08-23 10:36:56,33,34,5767,7695
2023-08-23 10:37:27,34,35,6407,8396
2023-08-23 10:37:27,34,35,6657,8646
2023-08-23 10:37:28,34,35,6907,8896
2023-08-23 10:37:30,34,35,7157,9146
2023-08-23 10:37:31,34,35,7407,9396
2023-08-23 10:37:32,34,35,7657,9646
2023-08-23 10:37:49,34,35,7857,9846
2023-08-23 10:37:49,34,35,8107,10096
2023-08-23 10:37:50,32,34,8506,10495
2023-08-23 10:38:44,32,35,8506,10495
2023-08-23 10:38:44,32,34,8506,10495
2023-08-23 10:39:20,32,33,8506,10495
2023-08-23 10:39:40,32,34,8506,10495
2023-08-23 10:39:53,32,35,8506,10495
2023-08-23 10:39:54,33,35,8506,10495
2023-08-23 10:39:56,33,34,8506,10495
2023-08-23 10:40:46,33,35,8506,10495
2023-08-23 10:41:03,33,36,8506,10495
2023-08-23 10:41:08,34,36,8506,10495
2023-08-23 10:41:09,35,36,8506,10495
2023-08-23 10:41:09,35,36,8506,10549
2023-08-23 10:41:12,36,37,8506,10649
2023-08-23 10:41:12,36,37,8506,10709
2023-08-23 10:41:33,36,38,8506,10709
2023-08-23 10:42:55,37,38,8506,10709
2023-08-23 10:42:57,37,38,8581,10909
2023-08-23 10:42:57,37,39,8581,10909
2023-08-23 10:43:01,38,39,8581,10909
2023-08-23 10:43:10,38,40,8581,10909
2023-08-23 10:43:13,38,39,8581,10909
2023-08-23 10:43:17,38,40,8581,10909
2023-08-23 10:43:57,38,39,8581,10909
2023-08-23 10:44:01,37,39,8581,10909
2023-08-23 10:44:14,38,39,8581,10909
2023-08-23 10:44:20,37,39,8581,10909
2023-08-23 10:44:24,38,39,8581,10909
2023-08-23 10:44:25,37,39,8581,10909
2023-08-23 10:44:30,37,40,8581,10909
2023-08-23 10:44:55,38,40,8581,10909
2023-08-23 10:45:19,37,40,8581,10909
2023-08-23 10:45:26,38,40,8581,10909
2023-08-23 10:45:46,37,40,8581,10909
2023-08-23 10:45:58,37,39,8581,10909
2023-08-23 10:46:33,38,39,8581,10909
2023-08-23 10:46:56,38,40,8581,10909
2023-08-23 10:48:10,39,40,8581,10909
2023-08-23 10:49:04,40,41,8582,10910
2023-08-23 10:49:06,40,42,8582,10910
2023-08-23 10:49:08,41,42,8582,10910
2023-08-23 10:49:32,41,43,8582,10910
2023-08-23 10:49:43,42,43,8582,10910
2023-08-23 10:49:57,43,44,8506,11410
2023-08-23 10:49:59,43,44,8506,11531
2023-08-23 10:50:00,43,44,8506,11625
2023-08-23 10:50:02,43,44,8506,11667
2023-08-23 10:50:05,43,44,8506,11724
2023-08-23 10:50:13,41,44,8506,11910
2023-08-23 10:50:40,41,43,8506,11910
2023-08-23 10:51:01,42,43,8506,11910
2023-08-23 10:51:04,42,44,8506,11910
2023-08-23 10:51:04,41,44,8506,11910
2023-08-23 10:51:04,41,43,8506,11910
2023-08-23 10:51:05,42,43,8506,11910
2023-08-23 10:51:16,42,44,8506,11910
2023-08-23 10:51:54,43,44,8506,11910
2023-08-23 10:52:01,43,45,8506,11910
2023-08-23 10:52:02,43,44,8506,11910
2023-08-23 10:52:07,43,45,8506,11910
2023-08-23 10:52:08,43,44,8506,11910
2023-08-23 10:52:32,43,44,8506,12070
2023-08-23 10:52:32,43,45,8506,12070
2023-08-23 10:52:33,43,44,8506,12070
2023-08-23 10:52:33,43,44,8506,12230
2023-08-23 10:52:34,43,45,8506,12230
2023-08-23 10:52:34,43,44,8506,12230
2023-08-23 10:52:57,43,45,8506,12230
2023-08-23 10:52:58,43,44,8506,12230
2023-08-23 10:53:08,43,45,8506,12230
2023-08-23 10:53:08,43,44,8506,12230
2023-08-23 10:54:09,43,45,8506,12230
2023-08-23 10:54:09,43,44,8506,12230
2023-08-23 10:55:09,43,45,8506,12230
2023-08-23 10:55:10,43,44,8506,12230
2023-08-23 10:55:33,43,45,8506,12230
2023-08-23 10:55:34,43,44,8506,12230
2023-08-23 10:55:39,43,44,8662,12390
2023-08-23 10:55:39,43,45,8662,12390
2023-08-23 10:55:40,43,44,8662,12390
2023-08-23 10:56:07,43,45,8662,12390
2023-08-23 10:56:07,43,44,8662,12390
2023-08-23 10:57:08,43,45,8662,12390
2023-08-23 10:57:20,43,44,8662,12390
2023-08-23 10:57:55,43,45,8662,12390
2023-08-23 10:58:20,44,45,8662,12390
2023-08-23 11:00:23,45,46,8666,12394
2023-08-23 11:00:23,45,46,8766,12494
2023-08-23 11:00:24,44,46,8766,12494
2023-08-23 11:00:31,44,45,8766,12494
2023-08-23 11:00:37,44,46,8766,12494
2023-08-23 11:00:37,44,45,8766,12494
2023-08-23 11:00:45,44,46,8766,12494
2023-08-23 11:00:45,44,45,8766,12494
2023-08-23 11:00:51,43,45,8766,12494
2023-08-23 11:00:52,43,44,8766,12494
2023-08-23 11:01:18,43,45,8766,12494
2023-08-23 11:01:36,43,44,8766,12494
2023-08-23 11:02:24,43,45,8766,12494
2023-08-23 11:02:45,43,44,8766,12494
2023-08-23 11:03:09,43,45,8766,12494
2023-08-23 11:03:10,43,44,8766,12494
2023-08-23 11:03:21,43,45,8766,12494
2023-08-23 11:04:27,43,44,8766,12494
2023-08-23 11:05:04,43,45,8766,12494
2023-08-23 11:05:19,43,44,8766,12494
2023-08-23 11:05:30,43,45,8766,12494
2023-08-23 11:06:04,42,45,8766,12494
2023-08-23 11:06:04,44,45,8766,12494
2023-08-23 11:06:13,44,46,8766,12494
2023-08-23 11:06:15,44,45,8766,12494
2023-08-23 11:06:19,44,46,8766,12494
2023-08-23 11:06:38,44,45,8766,12494
2023-08-23 11:07:30,42,45,8766,12494
2023-08-23 11:07:30,43,45,8766,12494
2023-08-23 11:07:50,42,45,8766,12494
2023-08-23 11:07:50,44,45,8766,12494
2023-08-23 11:07:55,44,45,8566,12694
2023-08-23 11:07:58,42,45,8566,12694
2023-08-23 11:07:58,43,45,8566,12694
2023-08-23 11:08:23,42,45,8566,12694
2023-08-23 11:08:23,44,45,8566,12694
2023-08-23 11:08:39,42,45,8566,12694
2023-08-23 11:08:39,43,45,8566,12694
2023-08-23 11:08:53,42,45,8566,12694
2023-08-23 11:08:53,44,45,8566,12694
2023-08-23 11:09:04,44,46,8566,12694
2023-08-23 11:09:06,43,46,8566,12694
2023-08-23 11:09:06,45,46,8566,12694
2023-08-23 11:12:47,45,47,8566,12694
2023-08-23 11:12:47,44,47,8566,12694
2023-08-23 11:12:47,46,47,8566,12694
2023-08-23 11:15:00,46,48,8566,12694
2023-08-23 11:15:01,47,48,8566,12694
2023-08-23 11:19:20,47,48,8566,12704
2023-08-23 11:19:23,47,49,8566,12704
2023-08-23 11:19:23,48,49,8566,12704
2023-08-23 11:22:28,48,50,8566,12704
2023-08-23 11:22:28,49,50,8566,12704
2023-08-23 11:22:28,49,50,8566,12764
2023-08-23 11:22:31,49,50,8566,12824
2023-08-23 11:22:31,49,50,8566,12847
2023-08-23 11:23:14,48,50,8566,12904
2023-08-23 11:23:24,48,49,8566,12904
2023-08-23 11:23:25,48,50,8566,12904
2023-08-23 11:23:26,48,49,8566,12904
2023-08-23 11:23:27,48,50,8566,12904
2023-08-23 11:23:28,48,49,8566,12904
2023-08-23 11:23:29,48,50,8566,12904
2023-08-23 11:25:09,48,49,8566,12904
2023-08-23 11:25:10,48,50,8566,12904
2023-08-23 11:26:08,48,49,8566,12904
2023-08-23 11:27:21,48,50,8566,12904
2023-08-23 11:29:09,49,50,8566,12904
2023-08-23 11:30:57,49,50,8567,12905
2023-08-23 11:34:23,48,50,8567,12905
2023-08-23 11:35:31,48,49,8567,12905
2023-08-23 11:35:31,47,49,8567,12905
2023-08-23 11:36:30,48,49,8567,12905
2023-08-23 11:36:34,48,50,8567,12905
2023-08-23 11:38:22,49,50,8567,12905
2023-08-23 11:38:41,48,50,8567,12905
2023-08-23 11:42:05,47,50,8567,12905
2023-08-23 11:42:18,48,50,8567,12905
2023-08-23 11:42:59,47,50,8567,12905
2023-08-23 11:43:01,48,50,8567,12905
2023-08-23 11:43:05,47,50,8567,12905
2023-08-23 11:43:22,48,50,8567,12905
2023-08-23 11:43:23,47,50,8567,12905
2023-08-23 11:43:26,48,50,8567,12905
2023-08-23 11:43:28,47,50,8567,12905
2023-08-23 11:44:33,47,49,8567,12905
2023-08-23 11:45:01,46,49,8567,12905
2023-08-23 11:45:31,47,49,8567,12905
2023-08-23 11:45:42,46,49,8767,13105
2023-08-23 11:45:56,47,49,8767,13105
2023-08-23 11:46:08,46,49,8767,13105
2023-08-23 11:46:12,47,49,8767,13105
2023-08-23 11:46:14,46,49,8767,13105
2023-08-23 11:46:54,46,48,8767,13105
2023-08-23 11:47:11,46,49,8767,13105
2023-08-23 11:47:54,47,49,8767,13105
2023-08-23 11:48:08,47,50,8767,13105
2023-08-23 11:50:08,48,50,8767,13105
2023-08-23 11:51:27,49,50,8767,13105
2023-08-23 11:51:41,50,51,8769,13107
2023-08-23 11:51:56,50,52,8769,13107
2023-08-23 11:55:22,51,52,8769,13107
2023-08-23 11:55:51,51,53,8769,13107
2023-08-23 11:56:26,52,53,8769,13107
2023-08-23 11:57:14,52,54,8769,13107
2023-08-23 11:57:14,52,53,8769,13107
2023-08-23 11:57:15,52,54,8769,13107
2023-08-23 11:57:16,52,53,8769,13107
2023-08-23 11:57:17,52,54,8769,13107
2023-08-23 11:57:18,52,53,8769,13107
2023-08-23 11:57:19,52,54,8769,13107
2023-08-23 11:57:20,52,53,8769,13107
2023-08-23 11:57:21,52,54,8769,13107
2023-08-23 11:57:22,52,53,8769,13107
2023-08-23 11:57:23,52,54,8769,13107
2023-08-23 11:57:24,52,53,8769,13107
2023-08-23 11:57:25,52,54,8769,13107
2023-08-23 11:57:26,52,53,8769,13107
2023-08-23 11:57:27,52,54,8769,13107
2023-08-23 11:57:28,52,53,8769,13107
2023-08-23 11:57:29,52,54,8769,13107
2023-08-23 11:57:30,52,53,8769,13107
2023-08-23 11:57:31,52,54,8769,13107
2023-08-23 11:58:11,52,54,8769,13137
2023-08-23 11:58:19,52,53,8769,13137
2023-08-23 11:58:20,52,54,8769,13137
2023-08-23 11:58:21,52,53,8769,13137
2023-08-23 11:58:22,52,54,8769,13137
2023-08-23 11:58:33,52,53,8769,13137
2023-08-23 11:58:34,52,54,8769,13137
2023-08-23 11:58:35,52,53,8769,13137
2023-08-23 11:58:36,52,54,8769,13137
2023-08-23 11:59:03,52,53,8769,13137
2023-08-23 11:59:04,52,54,8769,13137
2023-08-23 11:59:05,52,53,8769,13137
2023-08-23 11:59:06,52,54,8769,13137
2023-08-23 11:59:07,52,53,8769,13137
2023-08-23 11:59:08,52,54,8769,13137
2023-08-23 11:59:09,52,53,8769,13137
2023-08-23 11:59:10,52,54,8769,13137
2023-08-23 11:59:11,52,53,8769,13137
2023-08-23 11:59:12,52,54,8769,13137
2023-08-23 11:59:13,52,53,8769,13137
2023-08-23 11:59:14,52,54,8769,13137
2023-08-23 11:59:15,52,53,8769,13137
2023-08-23 11:59:16,52,54,8769,13137
2023-08-23 11:59:17,52,53,8769,13137
2023-08-23 11:59:18,52,54,8769,13137
2023-08-23 11:59:19,52,53,8769,13137
2023-08-23 11:59:20,52,54,8769,13137
2023-08-23 11:59:21,52,53,8769,13137
2023-08-23 11:59:22,52,54,8769,13137
2023-08-23 11:59:25,52,53,8769,13137
2023-08-23 11:59:26,52,54,8769,13137
2023-08-23 11:59:27,52,53,8769,13137
2023-08-23 11:59:27,53,54,8769,13232
2023-08-23 11:59:28,53,54,8769,13337
2023-08-23 11:59:29,52,54,8769,13337
2023-08-23 11:59:30,52,53,8769,13337
2023-08-23 11:59:32,52,53,8769,13537
2023-08-23 11:59:53,52,54,8769,13537
2023-08-23 11:59:57,52,53,8769,13537
2023-08-23 12:00:01,52,54,8769,13537
2023-08-23 12:00:03,52,53,8769,13537
2023-08-23 12:00:08,52,54,8769,13537
2023-08-23 12:00:16,52,53,8769,13537
2023-08-23 12:00:20,52,54,8769,13537
2023-08-23 12:00:36,52,53,8769,13537
2023-08-23 12:00:44,52,54,8769,13537
2023-08-23 12:01:08,52,54,8769,13719
2023-08-23 12:01:09,53,54,8769,13719
2023-08-23 12:02:24,52,54,8769,13719
2023-08-23 12:02:57,52,53,8769,13719
2023-08-23 12:03:02,52,54,8769,13719
2023-08-23 12:03:10,51,54,8769,13719
2023-08-23 12:03:52,51,53,8769,13719
2023-08-23 12:04:08,51,54,8769,13719
2023-08-23 12:04:10,51,53,8769,13719
2023-08-23 12:04:11,51,54,8769,13719
2023-08-23 12:04:24,51,53,8769,13719
2023-08-23 12:04:29,52,53,8769,13719
2023-08-23 12:04:30,51,53,8769,13719
2023-08-23 12:06:17,52,53,8769,13719
2023-08-23 12:06:21,51,52,8769,13827
2023-08-23 12:06:22,51,53,8769,13827
2023-08-23 12:06:24,51,53,8769,13827
2023-08-23 12:06:25,52,53,8769,13827
2023-08-23 12:06:26,51,53,8769,13827
2023-08-23 12:07:03,50,53,8769,13827
2023-08-23 12:07:19,50,52,8769,13827
2023-08-23 12:07:23,50,53,8769,13827
2023-08-23 12:07:23,50,52,8769,13827
2023-08-23 12:07:41,51,52,8769,13827
2023-08-23 12:07:44,50,52,8769,13827
2023-08-23 12:08:04,51,52,8769,13827
2023-08-23 12:08:08,50,52,8769,13827
2023-08-23 12:08:09,51,52,8769,13827
2023-08-23 12:08:10,50,52,8769,13827
2023-08-23 12:08:11,51,52,8769,13827
2023-08-23 12:08:13,50,52,8769,13827
2023-08-23 12:08:16,51,52,8769,13827
2023-08-23 12:08:18,50,52,8769,13827
2023-08-23 12:08:20,50,53,8769,13827
2023-08-23 12:08:21,51,53,8769,13827
2023-08-23 12:08:57,50,53,8769,13827
2023-08-23 12:09:19,51,53,8769,13827
2023-08-23 12:09:31,50,53,8769,13827
2023-08-23 12:09:34,51,53,8769,13827
2023-08-23 12:09:36,50,53,8769,13827
2023-08-23 12:09:41,51,53,8769,13827
2023-08-23 12:09:42,50,53,8769,13827
2023-08-23 12:10:07,51,53,8769,13827
2023-08-23 12:10:30,51,52,8769,13827
2023-08-23 12:12:13,51,53,8769,13827
2023-08-23 12:13:45,51,54,8769,13827
2023-08-23 12:13:46,51,53,8769,13827
2023-08-23 12:13:47,51,54,8769,13827
2023-08-23 12:13:51,51,53,8769,13827
2023-08-23 12:13:54,51,54,8769,13827
2023-08-23 12:14:03,52,54,8769,13827
2023-08-23 12:14:06,52,53,8769,13827
2023-08-23 12:15:19,52,53,8769,14027
2023-08-23 12:15:19,51,53,8769,14027
2023-08-23 12:15:41,51,52,8769,14027
2023-08-23 12:15:59,51,52,8836,14227
2023-08-23 12:16:24,50,52,8836,14227
2023-08-23 12:16:27,51,52,8836,14227
2023-08-23 12:16:31,50,52,8836,14227
2023-08-23 12:16:32,51,52,8836,14227
2023-08-23 12:16:42,51,53,8836,14227
2023-08-23 12:17:04,51,54,8836,14227
2023-08-23 12:17:37,51,53,8836,14227
2023-08-23 12:18:16,52,53,8836,14227
2023-08-23 12:18:36,51,53,8836,14227
2023-08-23 12:18:42,52,53,8836,14227
2023-08-23 12:18:46,51,52,8926,14317
2023-08-23 12:18:47,51,53,8926,14317
2023-08-23 12:18:48,51,52,8926,14317
2023-08-23 12:19:06,51,53,8926,14317
2023-08-23 12:19:26,52,53,8926,14317
2023-08-23 12:19:28,51,53,8926,14317
2023-08-23 12:19:48,52,53,8926,14317
2023-08-23 12:19:49,51,53,8926,14317
2023-08-23 12:20:28,52,53,8926,14317
2023-08-23 12:20:39,51,53,8926,14317
2023-08-23 12:21:08,52,53,8926,14317
2023-08-23 12:21:17,51,53,8926,14317
2023-08-23 12:21:17,51,54,8926,14317
2023-08-23 12:21:18,52,54,8926,14317
2023-08-23 12:21:29,51,54,8926,14317
2023-08-23 12:22:17,52,54,8926,14317
2023-08-23 12:22:18,51,54,8926,14317
2023-08-23 12:22:24,52,54,8926,14317
2023-08-23 12:22:26,51,54,8926,14317
2023-08-23 12:22:37,52,54,8926,14317
2023-08-23 12:22:57,51,54,8926,14317
2023-08-23 12:23:24,52,54,8926,14317
2023-08-23 12:23:28,51,54,8926,14317
2023-08-23 12:23:46,52,54,8926,14317
2023-08-23 12:24:39,51,54,8926,14317
2023-08-23 12:24:46,52,54,8926,14317
2023-08-23 12:25:56,51,54,8926,14317
2023-08-23 12:26:01,52,54,8926,14317
2023-08-23 12:26:04,53,54,8926,14317
2023-08-23 12:26:19,53,54,8926,14327
2023-08-23 12:26:24,52,54,8926,14327
2023-08-23 12:27:39,52,54,8971,14372
2023-08-23 12:30:29,53,54,8971,14372
2023-08-23 12:30:39,52,54,8971,14372
2023-08-23 12:32:00,50,54,8971,14372
2023-08-23 12:32:01,51,54,8971,14372
2023-08-23 12:32:02,51,53,8971,14372
2023-08-23 12:32:20,50,53,8971,14372
2023-08-23 12:32:21,50,54,8971,14372
2023-08-23 12:32:22,51,54,8971,14372
2023-08-23 12:32:38,51,53,8971,14372
2023-08-23 12:32:43,51,54,8971,14372
2023-08-23 12:33:27,52,54,8971,14372
2023-08-23 12:34:46,52,55,8971,14372
2023-08-23 12:35:21,53,55,8971,14372
2023-08-23 12:36:29,54,55,8971,14372
2023-08-23 12:38:35,55,56,8971,14375
2023-08-23 12:38:36,54,56,8971,14375
2023-08-23 12:38:41,54,57,8971,14375
2023-08-23 12:38:44,55,57,8971,14375
2023-08-23 12:39:37,56,57,8971,14375
2023-08-23 12:39:48,56,58,8971,14375
2023-08-23 12:42:03,57,58,8971,14375
2023-08-23 12:42:11,57,58,8772,14575
2023-08-23 12:42:54,56,58,8772,14575
2023-08-23 12:43:03,57,58,8772,14575
2023-08-23 12:43:16,56,58,8772,14575
2023-08-23 12:44:00,57,58,8772,14575
2023-08-23 12:44:36,57,59,8772,14575
2023-08-23 12:45:33,57,58,8772,14575
2023-08-23 12:45:37,57,59,8772,14575
2023-08-23 12:46:03,58,59,8772,14575
2023-08-23 12:46:41,57,59,8772,14575
2023-08-23 12:46:43,58,59,8772,14575
2023-08-23 12:46:48,57,59,8772,14575
2023-08-23 12:47:11,58,59,8772,14575
2023-08-23 12:47:12,57,59,8772,14575
2023-08-23 12:47:47,58,59,8772,14575
2023-08-23 12:48:06,58,60,8772,14575
2023-08-23 12:48:23,58,59,8772,14575
2023-08-23 12:48:52,58,60,8772,14575
2023-08-23 12:48:56,58,59,8772,14575
2023-08-23 12:48:59,58,60,8772,14575
2023-08-23 12:49:00,58,59,8772,14575
2023-08-23 12:49:01,58,60,8772,14575
2023-08-23 12:49:09,58,59,8772,14575
2023-08-23 12:49:10,58,60,8772,14575
2023-08-23 12:49:41,58,59,8772,14575
2023-08-23 12:49:45,58,60,8772,14575
2023-08-23 12:49:46,58,59,8772,14575
2023-08-23 12:50:28,58,60,8772,14575
2023-08-23 12:50:31,58,59,8772,14575
2023-08-23 12:50:43,58,60,8772,14575
2023-08-23 12:51:21,59,60,8772,14575
2023-08-23 12:53:52,58,60,8772,14575
2023-08-23 12:55:19,59,60,8772,14575
2023-08-23 12:55:46,58,60,8772,14575
2023-08-23 12:55:47,59,60,8772,14575
2023-08-23 12:55:48,58,60,8772,14575
2023-08-23 12:55:57,59,60,8772,14575
2023-08-23 12:56:04,58,60,8772,14575
2023-08-23 12:56:07,59,60,8772,14575
2023-08-23 12:56:09,58,60,8772,14575
2023-08-23 12:56:11,59,60,8772,14575
2023-08-23 12:56:19,58,60,8772,14575
2023-08-23 12:56:26,59,60,8772,14575
2023-08-23 12:56:47,58,60,8772,14575
2023-08-23 12:56:48,59,60,8772,14575
2023-08-23 12:57:18,58,60,8772,14575
2023-08-23 12:57:53,58,59,8772,14575
2023-08-23 12:58:13,58,60,8772,14575
2023-08-23 12:58:15,59,60,8772,14575
2023-08-23 12:58:16,58,60,8772,14575
2023-08-23 12:58:36,59,60,8772,14575
2023-08-23 12:58:44,58,60,8772,14575
2023-08-23 12:58:45,59,60,8772,14575
2023-08-23 12:58:46,58,60,8772,14575
2023-08-23 12:58:48,59,60,8772,14575
2023-08-23 12:58:49,58,60,8772,14575
2023-08-23 12:58:54,59,60,8772,14575
2023-08-23 12:59:00,58,60,8772,14575
2023-08-23 12:59:04,58,59,8772,14575
2023-08-23 12:59:10,57,59,8772,14575
2023-08-23 12:59:29,58,59,8772,14575
2023-08-23 12:59:34,57,59,8772,14575
2023-08-23 12:59:36,58,59,8772,14575
2023-08-23 12:59:42,57,59,8772,14575
2023-08-23 12:59:45,58,59,8772,14575
2023-08-23 12:59:57,57,59,8772,14575
2023-08-23 12:59:59,58,59,8772,14575
2023-08-23 13:00:01,57,59,8772,14575
2023-08-23 13:00:02,57,58,8772,14575
2023-08-23 13:00:20,57,58,8972,14775
2023-08-23 13:01:03,57,59,8972,14775
2023-08-23 13:01:40,57,58,8972,14775
2023-08-23 13:01:40,57,58,8972,14975
2023-08-23 13:01:41,56,58,8972,15175
2023-08-23 13:01:42,56,59,8972,15175
2023-08-23 13:01:42,56,59,8972,15375
2023-08-23 13:01:42,56,57,8972,15375
2023-08-23 13:01:43,56,57,8972,15575
2023-08-23 13:01:44,56,58,8972,15575
2023-08-23 13:01:45,56,57,8972,15575
2023-08-23 13:01:46,56,58,8972,15575
2023-08-23 13:01:47,57,58,8972,15575
2023-08-23 13:01:52,57,58,8972,15775
2023-08-23 13:01:53,57,58,8972,15975
2023-08-23 13:01:54,57,58,8972,16175
2023-08-23 13:01:57,57,59,8972,16375
2023-08-23 13:02:48,56,59,8972,16375
2023-08-23 13:02:48,56,58,8972,16375
2023-08-23 13:02:50,57,58,8972,16375
2023-08-23 13:03:02,56,57,9100,16504
2023-08-23 13:03:02,55,57,9100,16504
2023-08-23 13:03:03,55,58,9100,16504
2023-08-23 13:03:11,56,58,9100,16504
2023-08-23 13:03:26,56,59,9100,16504
2023-08-23 13:03:36,56,58,9100,16504
2023-08-23 13:03:44,56,59,9100,16504
2023-08-23 13:03:56,57,59,9100,16504
2023-08-23 13:04:07,57,60,9100,16504
2023-08-23 13:04:19,58,60,9100,16504
2023-08-23 13:05:44,59,60,9100,16504
2023-08-23 13:06:16,59,61,9110,16514
2023-08-23 13:06:19,60,61,9110,16514
2023-08-23 13:07:11,60,62,9110,16514
2023-08-23 13:08:50,61,62,9110,16514
2023-08-23 13:09:46,61,63,9110,16514
2023-08-23 13:09:46,61,62,9110,16514
2023-08-23 13:09:47,61,63,9110,16514
2023-08-23 13:09:50,61,62,9110,16514
2023-08-23 13:09:51,61,63,9110,16514
2023-08-23 13:09:52,61,62,9110,16514
2023-08-23 13:09:53,61,63,9110,16514
2023-08-23 13:09:54,61,62,9110,16514
2023-08-23 13:09:55,61,63,9110,16514
2023-08-23 13:09:56,61,62,9110,16514
2023-08-23 13:09:57,61,63,9110,16514
2023-08-23 13:09:58,61,62,9110,16514
2023-08-23 13:09:59,61,63,9110,16514
2023-08-23 13:10:00,61,62,9110,16514
2023-08-23 13:10:01,61,63,9110,16514
2023-08-23 13:10:02,61,62,9110,16514
2023-08-23 13:10:03,61,63,9110,16514
2023-08-23 13:10:04,61,62,9110,16514
2023-08-23 13:10:05,61,63,9110,16514
2023-08-23 13:10:06,61,62,9110,16514
2023-08-23 13:10:07,61,63,9110,16514
2023-08-23 13:10:08,61,62,9110,16514
2023-08-23 13:10:09,61,63,9110,16514
2023-08-23 13:10:10,61,62,9110,16514
2023-08-23 13:10:11,61,63,9110,16514
2023-08-23 13:10:12,61,62,9110,16514
2023-08-23 13:10:13,61,63,9110,16514
2023-08-23 13:10:14,61,62,9110,16514
2023-08-23 13:10:15,61,63,9110,16514
2023-08-23 13:10:16,61,62,9110,16514
2023-08-23 13:10:17,61,63,9110,16514
2023-08-23 13:10:18,61,62,9110,16514
2023-08-23 13:10:19,61,63,9110,16514
2023-08-23 13:10:20,61,62,9110,16514
2023-08-23 13:10:21,61,63,9110,16514
2023-08-23 13:10:22,61,62,9110,16514
2023-08-23 13:10:23,61,63,9110,16514
2023-08-23 13:10:24,61,62,9110,16514
2023-08-23 13:10:25,61,63,9110,16514
2023-08-23 13:10:26,61,62,9110,16514
2023-08-23 13:10:27,61,63,9110,16514
2023-08-23 13:10:28,61,62,9110,16514
2023-08-23 13:10:29,61,63,9110,16514
2023-08-23 13:10:30,61,62,9110,16514
2023-08-23 13:10:31,61,63,9110,16514
2023-08-23 13:10:32,61,62,9110,16514
2023-08-23 13:10:33,61,63,9110,16514
2023-08-23 13:10:34,61,62,9110,16514
2023-08-23 13:10:35,61,63,9110,16514
2023-08-23 13:10:36,61,62,9110,16514
2023-08-23 13:10:37,61,63,9110,16514
2023-08-23 13:10:38,61,62,9110,16514
2023-08-23 13:10:39,61,63,9110,16514
2023-08-23 13:10:41,61,62,9110,16514
2023-08-23 13:10:42,61,63,9110,16514
2023-08-23 13:10:45,61,62,9110,16514
2023-08-23 13:10:46,61,63,9110,16514
2023-08-23 13:10:56,61,62,9110,16514
2023-08-23 13:10:57,61,63,9110,16514
2023-08-23 13:10:58,61,62,9110,16514
2023-08-23 13:10:59,61,63,9110,16514
2023-08-23 13:11:00,61,62,9110,16514
2023-08-23 13:11:01,61,63,9110,16514
2023-08-23 13:11:02,61,62,9110,16514
2023-08-23 13:11:03,61,63,9110,16514
2023-08-23 13:11:04,61,62,9110,16514
2023-08-23 13:11:05,61,63,9110,16514
2023-08-23 13:11:06,61,62,9110,16514
2023-08-23 13:11:07,61,63,9110,16514
2023-08-23 13:11:08,61,62,9110,16514
2023-08-23 13:11:09,61,63,9110,16514
2023-08-23 13:11:10,61,62,9110,16514
2023-08-23 13:11:11,61,63,9110,16514
2023-08-23 13:11:12,61,62,9110,16514
2023-08-23 13:11:13,61,63,9110,16514
2023-08-23 13:11:14,61,62,9110,16514
2023-08-23 13:11:15,61,63,9110,16514
2023-08-23 13:11:16,61,62,9110,16514
2023-08-23 13:11:17,61,63,9110,16514
2023-08-23 13:11:18,61,62,9110,16514
2023-08-23 13:11:19,61,63,9110,16514
2023-08-23 13:11:20,61,62,9110,16514
2023-08-23 13:11:21,61,63,9110,16514
2023-08-23 13:11:22,61,62,9110,16514
2023-08-23 13:11:23,61,63,9110,16514
2023-08-23 13:11:24,61,62,9110,16514
2023-08-23 13:11:25,61,63,9110,16514
2023-08-23 13:11:26,61,62,9110,16514
2023-08-23 13:11:27,61,63,9110,16514
2023-08-23 13:11:28,61,62,9110,16514
2023-08-23 13:11:29,61,63,9110,16514
2023-08-23 13:11:30,61,62,9110,16514
2023-08-23 13:11:31,61,63,9110,16514
2023-08-23 13:11:32,61,62,9110,16514
2023-08-23 13:11:33,61,63,9110,16514
2023-08-23 13:11:34,61,62,9110,16514
2023-08-23 13:11:35,61,63,9110,16514
2023-08-23 13:11:36,61,62,9110,16514
2023-08-23 13:11:37,61,63,9110,16514
2023-08-23 13:11:38,61,62,9110,16514
2023-08-23 13:11:39,61,63,9110,16514
2023-08-23 13:11:40,61,62,9110,16514
2023-08-23 13:11:41,61,63,9110,16514
2023-08-23 13:11:42,61,62,9110,16514
2023-08-23 13:11:43,61,63,9110,16514
2023-08-23 13:11:44,61,62,9110,16514
2023-08-23 13:11:45,61,63,9110,16514
2023-08-23 13:11:46,61,62,9110,16514
2023-08-23 13:11:47,61,63,9110,16514
2023-08-23 13:11:48,61,62,9110,16514
2023-08-23 13:11:49,61,63,9110,16514
2023-08-23 13:11:50,61,62,9110,16514
2023-08-23 13:11:51,61,63,9110,16514
2023-08-23 13:11:52,61,62,9110,16514
2023-08-23 13:11:53,61,63,9110,16514
2023-08-23 13:11:54,61,62,9110,16514
2023-08-23 13:11:55,61,63,9110,16514
2023-08-23 13:11:56,61,62,9110,16514
2023-08-23 13:11:57,61,63,9110,16514
2023-08-23 13:11:58,61,62,9110,16514
2023-08-23 13:11:59,61,63,9110,16514
2023-08-23 13:12:00,61,62,9110,16514
2023-08-23 13:12:01,61,63,9110,16514
2023-08-23 13:12:02,61,62,9110,16514
2023-08-23 13:12:03,61,63,9110,16514
2023-08-23 13:12:04,61,62,9110,16514
2023-08-23 13:12:05,61,63,9110,16514
2023-08-23 13:12:06,61,62,9110,16514
2023-08-23 13:12:07,61,63,9110,16514
2023-08-23 13:12:08,61,62,9110,16514
2023-08-23 13:12:09,61,63,9110,16514
2023-08-23 13:12:10,61,62,9110,16514
2023-08-23 13:12:11,61,63,9110,16514
2023-08-23 13:12:12,61,62,9110,16514
2023-08-23 13:12:13,61,63,9110,16514
2023-08-23 13:12:31,61,62,9110,16514
2023-08-23 13:12:32,61,63,9110,16514
2023-08-23 13:12:33,61,62,9110,16514
2023-08-23 13:12:34,61,63,9110,16514
2023-08-23 13:12:35,61,62,9110,16514
2023-08-23 13:12:36,61,63,9110,16514
2023-08-23 13:12:38,61,62,9110,16514
2023-08-23 13:12:39,61,63,9110,16514
2023-08-23 13:15:42,61,63,9110,16614
2023-08-23 13:15:43,62,63,9110,16614
2023-08-23 13:15:55,61,62,9076,16914
2023-08-23 13:15:56,61,62,9076,17014
2023-08-23 13:15:57,61,62,9076,17114
2023-08-23 13:15:58,61,62,9076,17214
2023-08-23 13:15:59,61,62,9076,17314
2023-08-23 13:16:00,61,62,9076,17414
2023-08-23 13:16:01,61,62,9076,17514
2023-08-23 13:16:02,61,62,9076,17614
2023-08-23 13:17:22,61,62,9146,17684
2023-08-23 13:17:24,60,62,9146,17684
2023-08-23 13:17:27,61,62,9146,17684
2023-08-23 13:17:29,60,62,9146,17684
2023-08-23 13:17:32,61,62,9146,17684
2023-08-23 13:17:33,60,62,9146,17684
2023-08-23 13:17:34,60,61,9146,17684
2023-08-23 13:17:34,61,62,9146,17858
2023-08-23 13:17:35,60,62,9146,17858
2023-08-23 13:17:36,60,61,9146,17858
2023-08-23 13:17:37,60,62,9146,17858
2023-08-23 13:17:38,60,61,9146,17858
2023-08-23 13:17:40,60,62,9146,17858
2023-08-23 13:17:40,61,62,9146,17858
2023-08-23 13:18:09,60,62,9146,18058
2023-08-23 13:18:11,60,61,9146,18058
2023-08-23 13:18:21,60,61,9146,18258
2023-08-23 13:18:43,60,61,9276,18388
2023-08-23 13:18:43,60,61,9406,18518
2023-08-23 13:20:05,60,62,9406,18518
2023-08-23 13:20:06,60,61,9406,18518
2023-08-23 13:20:18,59,61,9406,18518
2023-08-23 13:20:25,59,60,9406,18518
2023-08-23 13:20:27,59,61,9406,18518
2023-08-23 13:20:30,59,60,9406,18518
2023-08-23 13:20:31,58,60,9406,18518
2023-08-23 13:21:00,58,61,9406,18518
2023-08-23 13:21:00,58,60,9406,18518
2023-08-23 13:21:04,58,61,9406,18518
2023-08-23 13:21:07,58,62,9406,18518
2023-08-23 13:21:07,59,62,9406,18518
2023-08-23 13:21:29,59,61,9406,18518
2023-08-23 13:21:30,59,62,9406,18518
2023-08-23 13:21:36,59,61,9406,18518
2023-08-23 13:21:37,59,62,9406,18518
2023-08-23 13:21:38,59,61,9406,18518
2023-08-23 13:21:45,59,62,9406,18518
2023-08-23 13:21:46,59,61,9406,18518
2023-08-23 13:21:52,59,62,9406,18518
2023-08-23 13:23:42,60,62,9406,18518
2023-08-23 13:23:47,61,62,9406,18518
2023-08-23 13:23:48,60,62,9406,18518
2023-08-23 13:24:02,59,62,9406,18518
2023-08-23 13:24:14,60,62,9406,18518
2023-08-23 13:24:16,59,62,9406,18518
2023-08-23 13:24:18,60,62,9406,18518
2023-08-23 13:24:35,59,62,9406,18518
2023-08-23 13:24:37,59,61,9406,18518
2023-08-23 13:25:03,60,61,9406,18518
2023-08-23 13:25:05,59,61,9406,18518
2023-08-23 13:25:10,59,62,9406,18518
2023-08-23 13:25:10,60,62,9406,18518
2023-08-23 13:25:15,59,62,9406,18518
2023-08-23 13:25:44,59,61,9406,18518
2023-08-23 13:26:15,59,60,9406,18518
2023-08-23 13:26:20,58,60,9406,18518
2023-08-23 13:27:06,59,60,9406,18518
2023-08-23 13:27:42,58,60,9406,18518
2023-08-23 13:27:45,59,60,9406,18518
2023-08-23 13:27:49,58,60,9406,18518
2023-08-23 13:27:50,59,60,9406,18518
2023-08-23 13:28:01,58,60,9406,18518
2023-08-23 13:28:02,59,60,9406,18518
2023-08-23 13:28:04,58,60,9406,18518
2023-08-23 13:28:09,58,59,9406,18518
2023-08-23 13:28:09,57,59,9406,18518
2023-08-23 13:28:17,58,59,9406,18518
2023-08-23 13:28:23,58,60,9406,18518
2023-08-23 13:28:42,57,60,9406,18518
2023-08-23 13:28:49,58,60,9406,18518
2023-08-23 13:28:58,59,60,9406,18518
2023-08-23 13:29:01,59,61,9406,18718
2023-08-23 13:29:20,58,61,9406,18718
2023-08-23 13:29:35,59,61,9406,18718
2023-08-23 13:30:01,58,61,9406,18718
2023-08-23 13:30:04,58,60,9406,18718
2023-08-23 13:30:05,58,59,9406,18718
2023-08-23 13:30:05,57,59,9406,18718
2023-08-23 13:30:15,57,59,9406,18918
2023-08-23 13:30:15,57,58,9406,18918
2023-08-23 13:30:15,56,58,9406,18918
2023-08-23 13:30:25,55,58,9406,18918
2023-08-23 13:30:25,55,57,9406,18918
2023-08-23 13:30:28,56,57,9406,18918
2023-08-23 13:30:29,56,58,9406,18918
2023-08-23 13:30:37,56,57,9406,18918
2023-08-23 13:30:44,55,57,9406,18918
2023-08-23 13:31:00,56,57,9406,18918
2023-08-23 13:31:01,55,57,9406,19052
2023-08-23 13:31:02,56,57,9406,19052
2023-08-23 13:31:05,55,57,9406,19052
2023-08-23 13:31:07,55,56,9406,19052
2023-08-23 13:31:08,55,57,9406,19052
2023-08-23 13:31:08,54,57,9406,19052
2023-08-23 13:31:09,54,56,9406,19052
2023-08-23 13:31:10,54,57,9406,19052
2023-08-23 13:31:10,54,56,9406,19052
2023-08-23 13:31:42,53,56,9406,19052
2023-08-23 13:31:43,53,55,9406,19052
2023-08-23 13:31:54,54,55,9406,19052
2023-08-23 13:31:55,54,56,9406,19052
2023-08-23 13:31:59,54,55,9406,19052
2023-08-23 13:32:00,54,56,9406,19052
2023-08-23 13:32:01,54,55,9406,19052
2023-08-23 13:32:03,54,56,9406,19052
2023-08-23 13:32:09,53,56,9406,19052
2023-08-23 13:32:11,54,56,9406,19052
2023-08-23 13:32:12,55,56,9406,19052
2023-08-23 13:32:22,54,56,9406,19052
2023-08-23 13:32:29,53,56,9406,19052
2023-08-23 13:32:30,54,56,9406,19052
2023-08-23 13:32:35,53,56,9406,19052
2023-08-23 13:32:40,54,56,9406,19052
2023-08-23 13:32:41,54,55,9406,19052
2023-08-23 13:32:42,53,55,9406,19052
2023-08-23 13:32:47,54,55,9406,19052
2023-08-23 13:33:15,54,56,9406,19252
2023-08-23 13:33:16,53,56,9406,19252
2023-08-23 13:33:17,54,56,9406,19252
2023-08-23 13:33:26,54,56,9406,19282
2023-08-23 13:33:39,54,57,9406,19282
2023-08-23 13:33:56,54,58,9406,19282
2023-08-23 13:33:57,55,58,9406,19282
2023-08-23 13:35:08,56,58,9406,19282
2023-08-23 13:35:25,57,58,9406,19282
2023-08-23 13:35:30,56,58,9406,19282
2023-08-23 13:35:32,57,58,9406,19282
2023-08-23 13:35:33,56,58,9406,19282
2023-08-23 13:36:12,57,58,9406,19282
2023-08-23 13:36:16,56,58,9406,19282
2023-08-23 13:36:51,57,58,9406,19282
2023-08-23 13:36:51,57,59,9406,19282
2023-08-23 13:36:56,56,59,9406,19282
2023-08-23 13:37:00,56,58,9406,19282
2023-08-23 13:37:22,57,58,9406,19282
2023-08-23 13:37:22,57,59,9406,19282
2023-08-23 13:37:32,58,59,9406,19282
2023-08-23 13:37:40,57,59,9406,19282
2023-08-23 13:38:25,57,61,9406,19282
2023-08-23 13:38:25,57,60,9406,19282
2023-08-23 13:38:27,59,60,9406,19282
2023-08-23 13:39:32,57,60,9406,19282
2023-08-23 13:39:32,57,59,9406,19282
2023-08-23 13:39:50,58,59,9406,19282
2023-08-23 13:40:07,57,59,9406,19282
2023-08-23 13:40:08,58,59,9406,19282
2023-08-23 13:40:20,57,59,9406,19282
2023-08-23 13:40:21,58,59,9406,19282
2023-08-23 13:40:25,57,59,9406,19282
2023-08-23 13:40:35,58,59,9406,19282
2023-08-23 13:40:38,57,59,9406,19282
2023-08-23 13:41:14,57,58,9406,19282
2023-08-23 13:41:20,57,60,9406,19282
2023-08-23 13:41:20,57,59,9406,19282
2023-08-23 13:41:49,57,58,9406,19282
2023-08-23 13:41:55,56,58,9406,19282
2023-08-23 13:42:04,57,58,9406,19282
2023-08-23 13:42:04,57,60,9406,19282
2023-08-23 13:42:04,57,59,9406,19282
2023-08-23 13:42:18,56,59,9406,19282
2023-08-23 13:42:21,57,59,9406,19282
2023-08-23 13:42:54,56,59,9406,19282
2023-08-23 13:43:00,57,59,9406,19282
2023-08-23 13:43:11,56,59,9406,19282
2023-08-23 13:43:11,56,58,9406,19282
2023-08-23 13:44:25,56,57,9406,19282
2023-08-23 13:44:29,55,57,9406,19282
2023-08-23 13:45:02,56,57,9406,19282
2023-08-23 13:45:03,56,58,9406,19282
2023-08-23 13:46:45,55,58,9406,19282
2023-08-23 13:46:47,55,57,9406,19282
2023-08-23 13:47:07,54,57,9406,19282
2023-08-23 13:47:08,54,56,9406,19282
2023-08-23 13:47:21,54,57,9406,19282
2023-08-23 13:47:31,54,56,9406,19282
2023-08-23 13:47:46,53,56,9406,19282
2023-08-23 13:47:57,53,55,9406,19282
2023-08-23 13:47:59,52,55,9406,19282
2023-08-23 13:48:05,52,54,9406,19282
2023-08-23 13:48:09,51,54,9406,19282
2023-08-23 13:48:20,51,53,9406,19282
2023-08-23 13:48:25,51,54,9406,19282
2023-08-23 13:48:58,51,53,9406,19282
2023-08-23 13:49:00,51,54,9406,19282
2023-08-23 13:49:36,51,53,9406,19282
2023-08-23 13:50:00,50,53,9406,19282
2023-08-23 13:50:52,51,53,9406,19282
2023-08-23 13:50:55,51,55,9406,19282
2023-08-23 13:50:55,51,54,9406,19282
2023-08-23 13:51:13,51,53,9406,19282
2023-08-23 13:51:52,50,53,9406,19282
2023-08-23 13:51:53,51,53,9406,19282
2023-08-23 13:52:25,50,53,9406,19282
2023-08-23 13:52:38,50,54,9406,19282
2023-08-23 13:52:38,50,52,9406,19282
2023-08-23 13:52:48,50,54,9406,19282
2023-08-23 13:52:48,50,53,9406,19282
2023-08-23 13:52:48,51,53,9406,19282
2023-08-23 13:53:20,51,54,9406,19282
2023-08-23 13:53:20,51,52,9406,19282
2023-08-23 13:53:21,50,52,9406,19282
2023-08-23 13:53:21,51,52,9406,19282
2023-08-23 13:53:53,50,52,9406,19282
2023-08-23 13:53:57,50,51,9406,19282
2023-08-23 13:53:57,49,51,9406,19282
2023-08-23 13:53:57,50,51,9406,19282
2023-08-23 13:53:57,50,51,9156,19532
2023-08-23 13:53:59,50,54,9006,19682
2023-08-23 13:54:00,50,52,9006,19682
2023-08-23 13:54:01,50,51,9006,19682
2023-08-23 13:54:01,49,51,9006,19682
2023-08-23 13:54:08,49,52,9006,19682
2023-08-23 13:54:18,50,52,9006,19682
2023-08-23 13:54:22,50,55,9006,19682
2023-08-23 13:54:22,50,54,9006,19682
2023-08-23 13:54:24,50,55,9006,19682
2023-08-23 13:54:24,51,55,9006,19682
2023-08-23 13:54:37,51,54,9006,19682
2023-08-23 13:54:38,51,55,9006,19682
2023-08-23 13:54:46,51,56,9006,19682
2023-08-23 13:54:53,52,56,9006,19682
2023-08-23 13:55:05,52,55,9006,19682
2023-08-23 13:55:07,51,55,9006,19682
2023-08-23 13:55:29,51,54,9006,19682
2023-08-23 13:55:55,51,52,9006,19682
2023-08-23 13:55:55,50,52,9006,19682
2023-08-23 13:56:58,49,52,9006,19682
2023-08-23 13:57:00,49,51,9006,19682
2023-08-23 13:57:01,49,52,9006,19682
2023-08-23 13:57:07,50,52,9006,19682
2023-08-23 13:57:10,51,52,9006,19682
2023-08-23 13:57:17,51,55,9006,19682
2023-08-23 13:57:19,51,54,9006,19682
2023-08-23 13:57:20,51,55,9006,19682
2023-08-23 13:57:21,51,53,9006,19682
2023-08-23 13:57:29,51,55,9006,19682
2023-08-23 13:57:34,51,53,9006,19682
2023-08-23 13:57:38,51,55,9006,19682
2023-08-23 13:57:54,51,53,9006,19682
2023-08-23 13:58:12,51,55,9006,19682
2023-08-23 13:58:23,51,54,9006,19682
2023-08-23 13:58:25,51,55,9006,19682
2023-08-23 13:58:38,52,55,9006,19682
2023-08-23 13:58:50,52,54,9006,19682
2023-08-23 13:58:50,51,54,9006,19682
2023-08-23 13:58:51,51,55,9006,19682
2023-08-23 13:59:00,52,55,9006,19682
2023-08-23 13:59:10,52,56,9006,19682
2023-08-23 13:59:12,52,55,9006,19682
2023-08-23 13:59:13,52,56,9006,19682
2023-08-23 13:59:20,52,55,9006,19682
2023-08-23 14:00:05,52,56,9006,19682
2023-08-23 14:00:06,53,56,9006,19682
2023-08-23 14:00:10,53,57,9006,19682
2023-08-23 14:00:10,54,57,9006,19682
2023-08-23 14:00:13,54,56,9006,19682
2023-08-23 14:00:14,54,57,9006,19682
2023-08-23 14:00:17,55,57,9006,19682
2023-08-23 14:00:27,54,57,9006,19682
2023-08-23 14:00:27,55,57,9006,19682
2023-08-23 14:00:38,55,59,9006,19682
2023-08-23 14:00:53,56,59,9006,19682
2023-08-23 14:00:58,56,60,9006,19682
2023-08-23 14:01:03,56,59,9006,19682
2023-08-23 14:01:18,56,60,9006,19682
2023-08-23 14:01:45,57,60,9006,19682
2023-08-23 14:01:47,57,61,9006,19682
2023-08-23 14:02:07,57,60,9006,19682
2023-08-23 14:02:08,56,60,9006,19682
2023-08-23 14:02:30,56,59,9006,19682
2023-08-23 14:02:55,56,60,9006,19682
2023-08-23 14:02:58,56,58,9006,19682
2023-08-23 14:03:18,56,60,9006,19682
2023-08-23 14:03:19,56,58,9006,19682
2023-08-23 14:03:54,56,57,9006,19682
2023-08-23 14:03:54,55,57,9006,19682
2023-08-23 14:04:36,55,58,9006,19682
2023-08-23 14:04:37,55,57,9006,19682
2023-08-23 14:04:44,55,58,9006,19682
2023-08-23 14:05:03,56,58,9006,19682
2023-08-23 14:05:57,56,61,9006,19682
2023-08-23 14:05:57,56,60,9006,19682
2023-08-23 14:06:04,56,61,9006,19682
2023-08-23 14:06:05,57,61,9006,19682
2023-08-23 14:06:25,58,61,9006,19682
2023-08-23 14:06:27,58,62,9006,19682
2023-08-23 14:06:44,59,62,9006,19682
2023-08-23 14:07:11,60,62,9006,19682
2023-08-23 14:07:19,61,62,9006,19682
2023-08-23 14:07:41,61,62,9006,19882
2023-08-23 14:07:47,61,62,9006,20082
2023-08-23 14:07:55,61,64,9006,20082
2023-08-23 14:08:17,62,64,9006,20082
2023-08-23 14:08:21,61,64,9006,20082
2023-08-23 14:09:19,62,64,9006,20082
2023-08-23 14:09:24,61,64,9006,20082
2023-08-23 14:10:18,62,64,9006,20082
2023-08-23 14:10:41,63,64,9006,20082
2023-08-23 14:11:17,63,66,9006,20082
2023-08-23 14:11:22,63,67,9006,20082
2023-08-23 14:11:29,63,66,9006,20082
2023-08-23 14:12:19,63,65,9006,20082
2023-08-23 14:12:19,62,65,9006,20082
2023-08-23 14:12:26,62,66,9006,20082
2023-08-23 14:12:26,62,65,9006,20082
2023-08-23 14:12:28,62,66,9006,20082
2023-08-23 14:12:28,63,66,9006,20082
2023-08-23 14:13:01,65,66,9006,20082
2023-08-23 14:13:27,65,66,9006,20282
2023-08-23 14:13:42,65,66,9006,20482
2023-08-23 14:13:43,65,69,9006,20992
2023-08-23 14:13:44,66,69,9006,20992
2023-08-23 14:14:00,67,69,9006,20992
2023-08-23 14:14:01,67,70,9006,20992
2023-08-23 14:14:18,68,70,9006,20992
2023-08-23 14:14:27,67,70,9006,20992
2023-08-23 14:15:05,68,70,9006,20992
2023-08-23 14:15:22,69,70,9006,20992
2023-08-23 14:15:46,69,71,9006,20992
2023-08-23 14:16:52,68,71,9006,20992
2023-08-23 14:17:08,68,71,9006,21042
2023-08-23 14:17:09,68,70,9006,21042
2023-08-23 14:18:02,69,70,9006,21042
2023-08-23 14:18:05,69,71,9006,21042
2023-08-23 14:18:56,70,71,9006,21042
2023-08-23 14:18:56,70,71,9066,21102
2023-08-23 14:18:57,69,71,9066,21102
2023-08-23 14:20:25,70,71,9066,21102
2023-08-23 14:20:47,70,71,9126,21162
2023-08-23 14:21:49,70,72,9126,21162
2023-08-23 14:22:00,70,72,9126,21172
2023-08-23 14:23:53,71,72,9126,21172
2023-08-23 14:24:07,71,73,9127,21203
2023-08-23 14:25:00,70,73,9127,21203
2023-08-23 14:25:15,70,72,9127,21203
2023-08-23 14:25:25,69,72,9127,21203
2023-08-23 14:25:26,69,71,9127,21203
2023-08-23 14:25:27,69,70,9127,21203
2023-08-23 14:25:27,68,70,9127,21203
2023-08-23 14:25:30,68,71,9127,21203
2023-08-23 14:25:43,68,72,9127,21203
2023-08-23 14:25:54,68,71,9127,21203
2023-08-23 14:26:08,68,72,9127,21203
2023-08-23 14:26:12,68,71,9127,21203
2023-08-23 14:26:13,68,72,9127,21203
2023-08-23 14:26:17,69,72,9127,21203
2023-08-23 14:26:32,69,73,9127,21203
2023-08-23 14:26:34,69,72,9127,21203
2023-08-23 14:27:09,69,73,9127,21203
2023-08-23 14:27:18,71,73,9127,21203
2023-08-23 14:27:24,72,73,9127,21203
2023-08-23 14:27:26,72,74,9127,21203
2023-08-23 14:27:44,71,74,9127,21203
2023-08-23 14:27:45,71,73,9127,21203
2023-08-23 14:28:15,70,73,9127,21203
2023-08-23 14:28:15,70,72,9127,21203
2023-08-23 14:28:43,70,73,9127,21203
2023-08-23 14:28:44,70,72,9127,21203
2023-08-23 14:28:45,70,73,9127,21203
2023-08-23 14:28:49,70,72,9127,21203
2023-08-23 14:28:52,70,73,9127,21203
2023-08-23 14:29:15,71,73,9127,21203
2023-08-23 14:29:50,71,74,9127,21203
2023-08-23 14:30:00,72,74,9127,21203
2023-08-23 14:30:05,73,74,9127,21203
2023-08-23 14:30:28,73,75,9127,21203
2023-08-23 14:31:26,74,75,9127,21203
2023-08-23 14:32:39,73,75,9127,21203
2023-08-23 14:33:19,74,75,9127,21203
2023-08-23 14:36:45,73,75,9127,21203
2023-08-23 14:37:02,73,74,9127,21203
2023-08-23 14:37:02,73,74,9177,21253
2023-08-23 14:37:03,72,74,9177,21253
2023-08-23 14:37:15,72,73,9177,21253
2023-08-23 14:37:20,70,73,9177,21253
2023-08-23 14:37:20,71,73,9177,21253
2023-08-23 14:37:22,71,72,9177,21253
2023-08-23 14:38:13,70,72,9177,21253
2023-08-23 14:38:52,70,71,9177,21253
2023-08-23 14:38:54,69,71,9177,21253
2023-08-23 14:39:05,69,72,9177,21253
2023-08-23 14:39:05,70,72,9177,21253
2023-08-23 14:40:17,70,73,9177,21253
2023-08-23 14:40:17,71,73,9177,21253
2023-08-23 14:40:18,71,74,9177,21253
2023-08-23 14:40:27,72,74,9177,21253
2023-08-23 14:40:51,71,74,9177,21253
2023-08-23 14:40:53,71,73,9177,21253
2023-08-23 14:41:08,71,74,9177,21253
2023-08-23 14:42:12,72,74,9177,21253
2023-08-23 14:42:45,71,74,9177,21253
2023-08-23 14:42:57,71,73,9177,21253
2023-08-23 14:43:14,71,74,9177,21253
2023-08-23 14:44:09,72,74,9177,21253
2023-08-23 14:45:15,71,74,9177,21253
2023-08-23 14:45:36,72,74,9177,21253
2023-08-23 14:46:34,72,75,9177,21253
2023-08-23 14:46:55,73,75,9177,21253
2023-08-23 14:47:32,74,75,9177,21253
2023-08-23 14:47:43,74,76,8977,21453
2023-08-23 14:48:17,74,75,8977,21453
2023-08-23 14:48:59,74,76,8977,21453
2023-08-23 14:49:37,74,76,8977,21463
2023-08-23 14:51:04,75,76,8977,21463
2023-08-23 14:54:52,75,76,8977,21464
2023-08-23 14:57:18,75,77,8977,21464
2023-08-23 14:58:01,75,78,8977,21464
2023-08-23 14:58:01,76,78,8977,21464
2023-08-23 15:01:04,77,78,8977,21464
2023-08-23 15:01:14,77,79,8977,21464
2023-08-23 15:03:47,76,79,8977,21464
2023-08-23 15:04:08,76,78,8977,21464
2023-08-23 15:04:16,75,78,8977,21464
2023-08-23 15:04:19,75,77,8977,21464
2023-08-23 15:04:27,75,76,8977,21464
2023-08-23 15:04:28,75,77,8977,21464
2023-08-23 15:04:30,75,76,8977,21464
2023-08-23 15:04:31,74,76,8977,21464
2023-08-23 15:04:42,74,75,8977,21464
2023-08-23 15:04:44,74,76,8977,21464
2023-08-23 15:04:47,74,75,8977,21464
2023-08-23 15:04:49,73,75,8977,21464
2023-08-23 15:04:54,73,74,8977,21464
2023-08-23 15:05:02,73,75,8977,21464
2023-08-23 15:05:03,73,74,8977,21464
2023-08-23 15:05:05,73,75,8977,21464
2023-08-23 15:05:19,73,76,8977,21464
2023-08-23 15:05:19,74,76,8977,21464
2023-08-23 15:05:22,72,76,8977,21464
2023-08-23 15:05:22,73,76,8977,21464
2023-08-23 15:05:41,73,75,8977,21464
2023-08-23 15:05:48,73,76,8977,21464
2023-08-23 15:06:04,73,74,8977,21464
2023-08-23 15:06:04,71,74,8977,21464
2023-08-23 15:06:04,72,74,8977,21464
2023-08-23 15:06:07,72,73,8977,21464
2023-08-23 15:06:08,70,72,8977,21539
2023-08-23 15:06:08,71,72,8977,21539
2023-08-23 15:06:08,68,72,8977,21539
2023-08-23 15:06:10,70,71,8977,21539
2023-08-23 15:06:11,69,71,8977,21539
2023-08-23 15:06:13,69,72,8977,21539
2023-08-23 15:06:13,69,72,8827,21739
2023-08-23 15:06:14,69,70,8827,21739
2023-08-23 15:06:14,68,70,8827,21739
2023-08-23 15:06:19,68,72,8827,21739
2023-08-23 15:06:20,68,71,8827,21739
2023-08-23 15:06:21,68,72,8827,21739
2023-08-23 15:06:24,68,71,8827,21739
2023-08-23 15:06:33,68,72,8827,21739
2023-08-23 15:06:35,68,70,8827,21739
2023-08-23 15:06:42,67,70,8827,21739
2023-08-23 15:06:44,67,68,8827,21739
2023-08-23 15:06:44,66,68,8827,21739
2023-08-23 15:06:46,66,70,8827,21739
2023-08-23 15:06:46,67,70,8827,21739
2023-08-23 15:06:57,67,69,8827,21739
2023-08-23 15:06:57,66,69,8827,21739
2023-08-23 15:07:04,66,70,8827,21739
2023-08-23 15:07:04,67,70,8827,21739
2023-08-23 15:07:07,67,69,8827,21739
2023-08-23 15:07:07,66,69,8827,21739
2023-08-23 15:07:08,66,70,8827,21739
2023-08-23 15:07:09,66,69,8827,21739
2023-08-23 15:07:18,65,69,8827,21739
2023-08-23 15:07:20,65,68,8827,21739
2023-08-23 15:07:36,65,69,8827,21739
2023-08-23 15:07:56,65,68,8827,21739
2023-08-23 15:07:58,64,68,8827,21739
2023-08-23 15:08:01,64,69,8827,21739
2023-08-23 15:08:03,65,69,8827,21739
2023-08-23 15:08:04,66,69,8827,21739
2023-08-23 15:08:05,66,70,8827,21739
2023-08-23 15:08:14,66,69,8827,21739
2023-08-23 15:08:18,66,70,8827,21739
2023-08-23 15:08:21,67,70,8827,21739
2023-08-23 15:08:25,67,71,8827,21739
2023-08-23 15:08:25,68,71,8827,21739
2023-08-23 15:08:25,68,73,8827,21739
2023-08-23 15:08:25,68,72,8827,21739
2023-08-23 15:08:26,69,72,8827,21739
2023-08-23 15:08:46,70,72,8827,21739
2023-08-23 15:08:51,70,74,8827,21739
2023-08-23 15:08:51,70,73,8827,21739
2023-08-23 15:08:54,70,74,8827,21739
2023-08-23 15:08:54,70,72,8827,21739
2023-08-23 15:09:00,69,72,8827,21739
2023-08-23 15:09:06,68,72,8827,21739
2023-08-23 15:09:11,69,72,8827,21739
2023-08-23 15:09:19,68,72,8827,21739
2023-08-23 15:09:22,68,73,8827,21739
2023-08-23 15:09:22,68,71,8827,21739
2023-08-23 15:09:25,67,71,8827,21739
2023-08-23 15:09:43,67,72,8827,21739
2023-08-23 15:09:43,67,70,8827,21739
2023-08-23 15:09:52,66,70,8827,21739
2023-08-23 15:09:56,67,70,8827,21739
2023-08-23 15:10:02,67,72,8827,21739
2023-08-23 15:10:02,67,71,8827,21739
2023-08-23 15:10:11,67,72,8827,21739
2023-08-23 15:10:11,67,70,8827,21739
2023-08-23 15:10:15,66,70,8827,21739
2023-08-23 15:10:18,66,69,8827,21739
2023-08-23 15:10:24,66,68,8827,21739
2023-08-23 15:10:24,65,68,8827,21739
2023-08-23 15:10:36,65,69,8827,21739
2023-08-23 15:10:36,66,69,8827,21739
2023-08-23 15:10:39,66,70,8827,21789
2023-08-23 15:10:48,65,70,8827,21789
2023-08-23 15:10:48,65,69,8827,21789
2023-08-23 15:10:48,66,69,8827,21789
2023-08-23 15:11:09,65,69,8827,21789
2023-08-23 15:11:10,65,68,8827,21789
2023-08-23 15:11:17,64,68,8827,21789
2023-08-23 15:11:17,65,68,8827,21789
2023-08-23 15:11:21,65,67,8827,21789
2023-08-23 15:11:29,65,68,8827,21789
2023-08-23 15:11:30,66,68,8827,21789
2023-08-23 15:11:31,66,69,8827,21789
2023-08-23 15:11:31,66,70,8827,21789
2023-08-23 15:11:31,67,70,8827,21789
2023-08-23 15:11:50,66,70,8827,21789
2023-08-23 15:11:50,67,70,8827,21789
2023-08-23 15:11:59,67,72,8827,21789
2023-08-23 15:11:59,67,69,8827,21789
2023-08-23 15:12:02,65,69,8827,21789
2023-08-23 15:12:02,66,69,8827,21789
2023-08-23 15:12:06,65,69,8827,21789
2023-08-23 15:12:06,65,68,8827,21789
2023-08-23 15:12:06,66,68,8827,21789
2023-08-23 15:12:23,66,70,8827,21789
2023-08-23 15:12:23,65,70,8827,21789
2023-08-23 15:12:23,66,70,8827,21789
2023-08-23 15:12:23,66,69,8827,21789
2023-08-23 15:12:30,66,68,8827,21789
2023-08-23 15:12:30,65,68,8827,21789
2023-08-23 15:12:30,66,68,8827,21789
2023-08-23 15:12:46,66,70,8827,21789
2023-08-23 15:12:46,66,69,8827,21789
2023-08-23 15:12:47,65,69,8827,21789
2023-08-23 15:12:47,66,69,8827,21789
2023-08-23 15:12:49,65,69,8827,21789
2023-08-23 15:12:49,66,69,8827,21789
2023-08-23 15:12:59,65,69,8827,21789
2023-08-23 15:12:59,66,69,8827,21789
2023-08-23 15:12:59,67,69,8827,21789
2023-08-23 15:13:28,66,69,8827,21789
2023-08-23 15:13:28,67,69,8827,21789
2023-08-23 15:13:29,68,69,8827,21789
2023-08-23 15:13:29,68,73,8827,21789
2023-08-23 15:13:29,68,70,8827,21789
2023-08-23 15:13:31,70,73,8827,21914
2023-08-23 15:13:31,70,74,8827,21914
2023-08-23 15:13:34,70,73,8827,21914
2023-08-23 15:13:35,70,74,8827,21914
2023-08-23 15:13:36,70,73,8827,21914
2023-08-23 15:13:37,70,74,8827,21914
2023-08-23 15:13:42,69,74,8827,21914
2023-08-23 15:13:42,69,73,8827,21914
2023-08-23 15:13:43,68,73,8827,21914
2023-08-23 15:13:45,68,72,8827,21914
2023-08-23 15:13:49,67,72,8827,21914
2023-08-23 15:13:53,67,73,8827,21914
2023-08-23 15:13:53,67,70,8827,21914
2023-08-23 15:14:06,67,72,8827,21914
2023-08-23 15:14:06,68,72,8827,21914
2023-08-23 15:14:10,70,72,8827,21914
2023-08-23 15:14:15,70,73,8827,21914
2023-08-23 15:14:15,68,70,8827,21924
2023-08-23 15:14:15,67,70,8827,21924
2023-08-23 15:14:19,67,73,8827,21924
2023-08-23 15:14:19,67,72,8827,21924
2023-08-23 15:14:19,68,72,8827,21924
2023-08-23 15:14:20,68,73,8827,21924
2023-08-23 15:14:25,68,72,8827,21924
2023-08-23 15:14:26,68,73,8827,21924
2023-08-23 15:14:37,68,72,8827,21924
2023-08-23 15:14:40,68,73,8827,21924
2023-08-23 15:14:40,69,73,8827,21924
2023-08-23 15:14:41,69,74,8827,21924
2023-08-23 15:14:46,70,74,8827,21924
2023-08-23 15:14:54,70,73,8827,21924
2023-08-23 15:14:54,69,73,8827,21924
2023-08-23 15:15:14,69,72,8827,21924
2023-08-23 15:15:24,69,73,8827,21924
2023-08-23 15:15:29,69,72,8827,21924
2023-08-23 15:15:31,69,73,8827,21924
2023-08-23 15:15:34,69,72,8827,21924
2023-08-23 15:15:35,69,73,8827,21924
2023-08-23 15:15:43,69,72,8827,21924
2023-08-23 15:15:45,69,73,8827,21924
2023-08-23 15:15:45,69,70,8827,21924
2023-08-23 15:15:45,68,70,8827,21924
2023-08-23 15:15:49,68,69,8827,21924
2023-08-23 15:15:50,68,70,8827,21924
2023-08-23 15:15:51,68,69,8827,21924
2023-08-23 15:15:52,68,70,8827,21924
2023-08-23 15:16:02,68,69,8827,21924
2023-08-23 15:16:06,67,69,8827,21924
2023-08-23 15:16:24,67,70,8827,21924
2023-08-23 15:16:36,67,69,8827,21924
2023-08-23 15:16:44,66,69,8827,21924
2023-08-23 15:16:44,67,69,8827,21924
2023-08-23 15:16:45,67,70,8827,21924
2023-08-23 15:16:45,66,70,8702,22124
2023-08-23 15:16:45,66,67,8702,22124
2023-08-23 15:16:45,65,67,8702,22124
2023-08-23 15:16:45,64,67,8702,22124
2023-08-23 15:16:58,64,66,8702,22124
2023-08-23 15:17:00,64,67,8702,22124
2023-08-23 15:17:07,65,67,8702,22124
2023-08-23 15:17:26,64,67,8702,22124
2023-08-23 15:17:27,63,67,8702,22124
2023-08-23 15:17:33,65,67,8702,22124
2023-08-23 15:17:33,65,70,8702,22124
2023-08-23 15:17:33,65,68,8702,22124
2023-08-23 15:17:35,65,70,8702,22124
2023-08-23 15:17:35,65,69,8702,22124
2023-08-23 15:17:48,65,70,8702,22124
2023-08-23 15:17:48,65,68,8702,22124
2023-08-23 15:17:51,65,70,8702,22124
2023-08-23 15:17:51,65,69,8702,22124
2023-08-23 15:17:53,66,69,8702,22124
2023-08-23 15:18:14,67,69,8702,22124
2023-08-23 15:18:18,67,70,8702,22124
2023-08-23 15:18:20,67,69,8702,22124
2023-08-23 15:18:32,65,69,8702,22124
2023-08-23 15:18:32,66,69,8702,22124
2023-08-23 15:18:34,66,70,8702,22124
2023-08-23 15:18:34,66,68,8702,22124
2023-08-23 15:18:35,64,68,8702,22124
2023-08-23 15:18:35,65,68,8702,22124
2023-08-23 15:18:55,65,67,8702,22124
2023-08-23 15:19:04,65,69,8702,22124
2023-08-23 15:19:04,65,68,8702,22124
2023-08-23 15:19:21,65,69,8702,22124
2023-08-23 15:19:21,65,68,8702,22124
2023-08-23 15:19:21,65,67,8702,22124
2023-08-23 15:19:23,64,67,8702,22124
2023-08-23 15:19:26,64,66,8702,22124
2023-08-23 15:19:27,64,67,8502,22324
2023-08-23 15:19:42,64,70,8502,22324
2023-08-23 15:19:42,64,68,8502,22324
2023-08-23 15:19:42,65,68,8502,22324
2023-08-23 15:19:53,66,68,8502,22324
2023-08-23 15:19:56,65,68,8502,22324
2023-08-23 15:20:06,66,68,8502,22324
2023-08-23 15:20:07,66,70,8502,22324
2023-08-23 15:20:07,66,69,8502,22324
2023-08-23 15:20:08,68,69,8502,22324
2023-08-23 15:20:12,69,70,8502,22399
2023-08-23 15:20:25,68,70,8502,22399
2023-08-23 15:20:35,69,70,8502,22399
2023-08-23 15:20:39,68,70,8502,22399
2023-08-23 15:20:45,70,73,8602,22499
2023-08-23 15:21:13,70,74,8602,22499
2023-08-23 15:21:19,71,74,8602,22499
2023-08-23 15:21:19,71,75,8602,22499
2023-08-23 15:21:21,73,75,8602,22499
2023-08-23 15:21:21,73,76,8602,22499
2023-08-23 15:21:22,71,76,8602,22499
2023-08-23 15:21:22,71,77,8602,22499
2023-08-23 15:21:22,71,75,8602,22499
2023-08-23 15:21:27,72,75,8602,22499
2023-08-23 15:21:27,72,76,8602,22499
2023-08-23 15:21:29,73,76,8602,22499
2023-08-23 15:21:31,75,76,8602,22499
2023-08-23 15:21:31,75,77,8602,22499
2023-08-23 15:21:38,73,77,8602,22499
2023-08-23 15:22:00,72,77,8602,22499
2023-08-23 15:22:00,72,76,8602,22499
2023-08-23 15:22:10,72,79,8602,22499
2023-08-23 15:22:10,74,79,8602,22499
2023-08-23 15:22:10,74,77,8602,22499
2023-08-23 15:22:20,75,77,8602,22499
2023-08-23 15:22:23,74,77,8602,22499
2023-08-23 15:22:27,75,77,8602,22499
2023-08-23 15:22:28,75,79,8602,22499
2023-08-23 15:22:28,75,78,8602,22499
2023-08-23 15:22:33,76,78,8602,22499
2023-08-23 15:22:52,77,78,8602,22499
2023-08-23 15:22:52,77,79,8602,22499
2023-08-23 15:22:57,76,79,8602,22499
2023-08-23 15:23:00,77,79,8602,22499
2023-08-23 15:23:01,76,79,8602,22499
2023-08-23 15:23:09,75,79,8602,22499
2023-08-23 15:23:09,75,80,8602,22499
2023-08-23 15:23:09,75,78,8602,22499
2023-08-23 15:23:11,75,80,8602,22499
2023-08-23 15:23:11,75,79,8602,22499
2023-08-23 15:23:11,76,79,8602,22499
2023-08-23 15:23:14,77,79,8602,22499
2023-08-23 15:23:16,76,79,8602,22499
2023-08-23 15:23:20,75,79,8602,22499
2023-08-23 15:23:21,75,78,8602,22499
2023-08-23 15:23:24,79,80,8677,22574
2023-08-23 15:24:02,79,80,8677,22774
2023-08-23 15:24:02,80,81,8678,22775
2023-08-23 15:24:07,80,81,8678,22975
2023-08-23 15:24:18,79,81,8678,22975
2023-08-23 15:24:24,76,81,8678,22975
2023-08-23 15:24:40,78,81,8678,22975
2023-08-23 15:24:46,78,82,8678,22975
2023-08-23 15:24:48,78,81,8678,22975
2023-08-23 15:24:53,78,82,8678,22975
2023-08-23 15:24:56,78,81,8678,22975
2023-08-23 15:24:58,78,82,8678,22975
2023-08-23 15:25:02,78,81,8678,22975
2023-08-23 15:25:04,78,82,8678,22975
2023-08-23 15:25:13,79,82,8678,22975
2023-08-23 15:25:31,76,82,8678,22975
2023-08-23 15:25:31,75,82,8678,22975
2023-08-23 15:25:31,78,82,8678,22975
2023-08-23 15:25:43,78,81,8678,22975
2023-08-23 15:25:47,75,81,8678,22975
2023-08-23 15:25:47,74,81,8678,22975
2023-08-23 15:25:47,77,81,8678,22975
2023-08-23 15:25:49,74,81,8678,22975
2023-08-23 15:25:49,74,79,8678,22975
2023-08-23 15:25:49,76,79,8678,22975
2023-08-23 15:25:54,74,79,8678,22975
2023-08-23 15:25:54,77,79,8678,22975
2023-08-23 15:26:06,74,79,8678,22975
2023-08-23 15:26:06,73,79,8678,22975
2023-08-23 15:26:06,76,79,8678,22975
2023-08-23 15:26:12,74,79,8678,22975
2023-08-23 15:26:12,77,79,8678,22975
2023-08-23 15:26:14,74,79,8678,22975
2023-08-23 15:26:14,73,79,8678,22975
2023-08-23 15:26:14,76,79,8678,22975
2023-08-23 15:26:24,74,79,8678,22975
2023-08-23 15:26:24,77,79,8678,22975
2023-08-23 15:26:40,77,81,8678,22975
2023-08-23 15:26:40,74,81,8678,22975
2023-08-23 15:26:40,73,81,8678,22975
2023-08-23 15:26:40,75,81,8678,22975
2023-08-23 15:26:40,78,81,8678,22975
2023-08-23 15:26:59,75,81,8678,22975
2023-08-23 15:26:59,77,81,8678,22975
2023-08-23 15:27:00,75,81,8678,22975
2023-08-23 15:27:00,78,81,8678,22975
2023-08-23 15:27:02,78,82,8678,22975
2023-08-23 15:27:03,76,82,8678,22975
2023-08-23 15:27:03,79,82,8678,22975
2023-08-23 15:27:06,78,82,8678,22975
2023-08-23 15:27:06,80,82,8678,22975
2023-08-23 15:27:28,77,82,8678,22975
2023-08-23 15:27:28,79,82,8678,22975
2023-08-23 15:27:31,79,81,8678,22975
2023-08-23 15:27:32,79,82,8678,22975
2023-08-23 15:27:34,77,82,8678,22975
2023-08-23 15:27:34,80,82,8678,22975
2023-08-23 15:27:36,78,82,8678,22975
2023-08-23 15:27:36,81,82,8678,22975
2023-08-23 15:27:41,81,83,8678,22975
2023-08-23 15:27:41,81,84,8678,22975
2023-08-23 15:27:41,79,84,8678,22975
2023-08-23 15:27:41,82,84,8678,22975
2023-08-23 15:27:44,79,84,8678,22975
2023-08-23 15:27:44,77,84,8678,22975
2023-08-23 15:27:44,81,84,8678,22975
2023-08-23 15:27:46,81,83,8678,22975
2023-08-23 15:27:49,81,84,8678,22975
2023-08-23 15:27:59,79,84,8678,22975
2023-08-23 15:27:59,82,84,8678,22975
2023-08-23 15:28:06,79,84,8678,22975
2023-08-23 15:28:06,81,84,8678,22975
2023-08-23 15:28:11,79,84,8678,22975
2023-08-23 15:28:11,82,84,8678,22975
2023-08-23 15:28:13,79,84,8678,22975
2023-08-23 15:28:13,81,84,8678,22975
2023-08-23 15:28:16,79,84,8678,22975
2023-08-23 15:28:16,82,84,8678,22975
2023-08-23 15:28:18,79,84,8678,22975
2023-08-23 15:28:18,79,83,8678,22975
2023-08-23 15:28:18,81,83,8678,22975
2023-08-23 15:28:21,81,82,8678,22975
2023-08-23 15:28:28,78,82,8678,22975
2023-08-23 15:28:28,80,82,8678,22975
2023-08-23 15:28:33,77,80,8603,23050
2023-08-23 15:28:33,76,80,8603,23050
2023-08-23 15:28:47,73,80,8603,23050
2023-08-23 15:28:47,75,80,8603,23050
2023-08-23 15:28:50,75,79,8603,23050
2023-08-23 15:29:36,76,79,8603,23050
2023-08-23 15:29:37,75,79,8603,23050
2023-08-23 15:29:53,69,79,8603,23050
2023-08-23 15:29:53,74,79,8603,23050
2023-08-23 15:29:54,74,78,8603,23050
2023-08-23 15:29:55,74,79,8603,23050
2023-08-23 15:29:55,74,78,8603,23050
2023-08-23 15:30:01,74,79,8603,23050
2023-08-23 15:30:01,75,79,8603,23050
2023-08-23 15:30:02,76,79,8603,23050
2023-08-23 15:30:04,76,80,8603,23050
2023-08-23 15:30:06,77,80,8603,23050
2023-08-23 15:30:08,76,80,8603,23050
2023-08-23 15:30:22,77,80,8603,23050
2023-08-23 15:30:23,77,81,8603,23050
2023-08-23 15:30:23,77,82,8603,23050
2023-08-23 15:30:31,75,82,8603,23050
2023-08-23 15:30:31,78,82,8603,23050
2023-08-23 15:30:38,75,82,8603,23050
2023-08-23 15:30:38,77,82,8603,23050
2023-08-23 15:30:51,74,82,8603,23050
2023-08-23 15:30:51,78,82,8603,23050
2023-08-23 15:30:56,78,83,8603,23050
2023-08-23 15:30:56,79,83,8603,23050
2023-08-23 15:30:57,79,84,8603,23050
2023-08-23 15:30:57,78,84,8603,23050
2023-08-23 15:30:57,79,84,8603,23050
2023-08-23 15:30:57,80,84,8603,23050
2023-08-23 15:30:57,80,85,8603,23050
2023-08-23 15:31:00,81,85,8603,23050
2023-08-23 15:31:05,81,86,8603,23050
2023-08-23 15:31:08,82,86,8603,23050
2023-08-23 15:31:09,83,86,8603,23050
2023-08-23 15:31:09,83,87,8603,23050
2023-08-23 15:31:13,81,87,8603,23050
2023-08-23 15:31:13,82,87,8603,23050
2023-08-23 15:31:20,83,87,8603,23050
2023-08-23 15:31:24,81,87,8603,23050
2023-08-23 15:31:24,82,87,8603,23050
2023-08-23 15:31:27,82,86,8603,23050
2023-08-23 15:31:53,79,86,8603,23050
2023-08-23 15:31:53,81,86,8603,23050
2023-08-23 15:31:53,81,85,8603,23050
2023-08-23 15:31:58,78,85,8603,23050
2023-08-23 15:31:58,80,85,8603,23050
2023-08-23 15:31:58,80,84,8603,23050
2023-08-23 15:32:00,80,83,8603,23050
2023-08-23 15:32:00,79,83,8603,23050
2023-08-23 15:32:05,78,83,8603,23050
2023-08-23 15:32:06,76,83,8603,23050
2023-08-23 15:32:06,79,83,8603,23050
2023-08-23 15:32:13,76,83,8603,23050
2023-08-23 15:32:13,80,83,8603,23050
2023-08-23 15:32:14,80,84,8603,23050
2023-08-23 15:32:23,80,85,8603,23050
2023-08-23 15:32:26,81,85,8603,23050
2023-08-23 15:32:26,82,85,8603,23050
2023-08-23 15:32:34,82,86,8603,23050
2023-08-23 15:32:35,81,86,8603,23050
2023-08-23 15:32:35,83,86,8603,23050
2023-08-23 15:32:35,83,87,8603,23050
2023-08-23 15:32:46,81,87,8603,23050
2023-08-23 15:32:46,82,87,8603,23050
2023-08-23 15:32:47,82,86,8603,23050
2023-08-23 15:32:55,83,86,8603,23050
2023-08-23 15:32:55,83,87,8603,23050
2023-08-23 15:32:55,83,86,8603,23050
2023-08-23 15:33:01,81,86,8603,23050
2023-08-23 15:33:02,82,87,8603,23050
2023-08-23 15:33:02,82,86,8603,23050
2023-08-23 15:33:14,83,86,8603,23050
2023-08-23 15:33:15,83,87,8603,23050
2023-08-23 15:33:15,83,86,8603,23050
2023-08-23 15:33:18,80,86,8603,23050
2023-08-23 15:33:18,82,86,8603,23050
2023-08-23 15:33:36,81,86,8603,23050
2023-08-23 15:33:36,81,85,8603,23050
2023-08-23 15:33:52,80,85,8603,23050
2023-08-23 15:33:52,80,84,8603,23050
2023-08-23 15:33:56,80,83,8603,23050
2023-08-23 15:33:59,76,83,8603,23050
2023-08-23 15:34:15,80,83,8603,23050
2023-08-23 15:34:20,80,84,8603,23050
2023-08-23 15:34:40,79,84,8603,23050
2023-08-23 15:34:40,79,83,8603,23050
2023-08-23 15:34:43,76,83,8603,23050
2023-08-23 15:34:43,80,83,8603,23050
2023-08-23 15:34:44,80,85,8603,23050
2023-08-23 15:34:45,77,85,8603,23050
2023-08-23 15:34:45,81,85,8603,23050
2023-08-23 15:34:47,79,85,8603,23050
2023-08-23 15:34:47,82,85,8603,23050
2023-08-23 15:34:53,79,85,8603,23050
2023-08-23 15:34:53,81,85,8603,23050
2023-08-23 15:35:15,79,85,8603,23050
2023-08-23 15:35:15,82,85,8603,23050
2023-08-23 15:35:19,81,85,8603,23050
2023-08-23 15:35:26,82,85,8603,23050
2023-08-23 15:35:26,82,86,8603,23050
2023-08-23 15:35:27,82,87,8603,23050
2023-08-23 15:35:27,83,87,8603,23050
2023-08-23 15:35:27,83,88,8603,23050
2023-08-23 15:35:33,83,87,8603,23050
2023-08-23 15:35:34,83,88,8603,23050
2023-08-23 15:35:46,83,87,8603,23050
2023-08-23 15:35:47,83,88,8603,23050
2023-08-23 15:35:48,83,87,8603,23050
2023-08-23 15:35:50,83,88,8603,23050
2023-08-23 15:35:52,83,87,8603,23050
2023-08-23 15:35:54,82,87,8603,23050
2023-08-23 15:35:58,82,86,8603,23050
2023-08-23 15:36:02,79,86,8603,23050
2023-08-23 15:36:02,83,86,8603,23050
2023-08-23 15:36:07,82,86,8603,23050
2023-08-23 15:36:14,79,86,8603,23050
2023-08-23 15:36:14,81,86,8603,23050
2023-08-23 15:36:18,79,86,8603,23050
2023-08-23 15:36:18,82,86,8603,23050
2023-08-23 15:36:19,79,86,8603,23050
2023-08-23 15:36:19,81,86,8603,23050
2023-08-23 15:36:20,81,85,8603,23050
2023-08-23 15:36:35,77,85,8603,23050
2023-08-23 15:36:42,80,84,8603,23050
2023-08-23 15:36:43,80,85,8603,23050
2023-08-23 15:36:43,79,85,8603,23050
2023-08-23 15:36:44,79,84,8603,23050
2023-08-23 15:36:45,79,85,8603,23050
2023-08-23 15:36:45,79,83,8603,23050
2023-08-23 15:36:54,79,84,8603,23050
2023-08-23 15:36:54,76,84,8603,23050
2023-08-23 15:36:54,80,84,8603,23050
2023-08-23 15:37:07,80,85,8603,23050
2023-08-23 15:37:10,81,85,8603,23050
2023-08-23 15:37:13,76,85,8603,23050
2023-08-23 15:37:13,80,85,8603,23050
2023-08-23 15:37:13,80,84,8603,23050
2023-08-23 15:37:21,76,84,8603,23050
2023-08-23 15:37:21,79,84,8603,23050
2023-08-23 15:37:23,79,83,8603,23050
2023-08-23 15:37:25,79,84,8603,23050
2023-08-23 15:37:33,76,84,8603,23050
2023-08-23 15:37:33,80,84,8603,23050
2023-08-23 15:37:36,80,85,8603,23050
2023-08-23 15:37:45,81,85,8603,23050
2023-08-23 15:37:49,77,85,8603,23050
2023-08-23 15:37:49,80,85,8603,23050
2023-08-23 15:37:55,77,85,8603,23050
2023-08-23 15:37:55,81,85,8603,23050
2023-08-23 15:38:10,76,85,8603,23050
2023-08-23 15:38:10,77,85,8603,23050
2023-08-23 15:38:44,79,85,8603,23050
2023-08-23 15:38:45,79,83,8603,23050
2023-08-23 15:38:51,76,83,8603,23050
2023-08-23 15:38:51,78,83,8603,23050
2023-08-23 15:38:54,79,83,8603,23050
2023-08-23 15:39:14,78,83,8603,23050
2023-08-23 15:39:17,79,83,8603,23050
2023-08-23 15:39:23,76,83,8603,23050
2023-08-23 15:39:24,80,84,8603,23050
2023-08-23 15:39:34,79,84,8603,23050
2023-08-23 15:39:39,76,84,8603,23050
2023-08-23 15:39:48,79,84,8603,23050
2023-08-23 15:40:01,79,83,8603,23050
2023-08-23 15:40:02,79,83,8603,23055
2023-08-23 15:40:05,79,84,8603,23055
2023-08-23 15:40:05,76,84,8603,23055
2023-08-23 15:40:05,80,84,8603,23055
2023-08-23 15:40:12,76,84,8603,23055
2023-08-23 15:40:12,79,84,8603,23055
2023-08-23 15:40:21,79,83,8603,23055
2023-08-23 15:40:23,78,83,8603,23055
2023-08-23 15:40:32,75,83,8603,23055
2023-08-23 15:40:32,79,83,8603,23055
2023-08-23 15:40:34,75,83,8603,23055
2023-08-23 15:40:34,78,83,8603,23055
2023-08-23 15:40:35,78,82,8603,23055
2023-08-23 15:40:37,74,82,8603,23055
2023-08-23 15:40:37,77,82,8603,23055
2023-08-23 15:40:45,77,81,8603,23055
2023-08-23 15:40:47,73,81,8603,23055
2023-08-23 15:40:47,76,81,8603,23055
2023-08-23 15:40:52,76,80,8603,23055
2023-08-23 15:40:53,72,80,8603,23055
2023-08-23 15:40:54,76,80,8603,23055
2023-08-23 15:40:58,75,80,8603,23055
2023-08-23 15:41:01,76,80,8603,23055
2023-08-23 15:41:02,76,81,8603,23055
2023-08-23 15:41:02,77,81,8603,23055
2023-08-23 15:41:18,77,84,8603,23055
2023-08-23 15:41:18,76,84,8603,23055
2023-08-23 15:41:18,78,84,8603,23055
2023-08-23 15:41:18,79,84,8603,23055
2023-08-23 15:41:28,78,84,8603,23055
2023-08-23 15:41:28,78,83,8603,23055
2023-08-23 15:41:41,74,83,8603,23055
2023-08-23 15:41:41,77,83,8603,23055
2023-08-23 15:41:41,77,82,8603,23055
2023-08-23 15:41:49,77,81,8603,23055
2023-08-23 15:41:54,77,82,8603,23055
2023-08-23 15:41:56,74,82,8603,23055
2023-08-23 15:41:56,78,82,8603,23055
2023-08-23 15:42:14,75,82,8603,23055
2023-08-23 15:42:22,78,82,8603,23055
2023-08-23 15:42:27,78,83,8603,23055
2023-08-23 15:42:31,79,83,8603,23055
2023-08-23 15:42:33,79,84,8603,23055
2023-08-23 15:42:36,78,84,8603,23055
2023-08-23 15:42:36,78,83,8603,23055
2023-08-23 15:42:42,78,82,8603,23055
2023-08-23 15:42:42,77,82,8603,23055
2023-08-23 15:42:47,77,81,8603,23055
2023-08-23 15:42:47,76,81,8603,23055
2023-08-23 15:42:50,76,80,8603,23055
2023-08-23 15:43:06,75,80,8603,23055
2023-08-23 15:43:10,75,79,8603,23055
2023-08-23 15:43:28,72,79,8603,23055
2023-08-23 15:43:28,73,79,8603,23055
2023-08-23 15:43:28,73,78,8603,23055
2023-08-23 15:43:30,71,78,8603,23055
2023-08-23 15:43:30,71,77,8603,23055
2023-08-23 15:43:30,72,77,8603,23055
2023-08-23 15:43:32,71,77,8603,23055
2023-08-23 15:43:32,73,77,8603,23055
2023-08-23 15:43:33,73,78,8603,23055
2023-08-23 15:43:35,74,78,8603,23055
2023-08-23 15:43:41,74,79,8603,23055
2023-08-23 15:43:42,74,80,8603,23055
2023-08-23 15:43:42,75,80,8603,23055
2023-08-23 15:43:46,71,80,8603,23055
2023-08-23 15:43:48,71,80,8603,23055
2023-08-23 15:43:48,75,80,8603,23055
2023-08-23 15:43:50,76,80,8603,23055
2023-08-23 15:43:51,71,80,8603,23055
2023-08-23 15:43:51,75,80,8603,23055
2023-08-23 15:43:56,73,80,8603,23055
2023-08-23 15:43:56,74,80,8603,23055
2023-08-23 15:43:57,74,79,8603,23055
2023-08-23 15:44:00,75,79,8603,23055
2023-08-23 15:44:01,75,80,8603,23055
2023-08-23 15:44:06,75,81,8603,23055
2023-08-23 15:44:06,74,81,8603,23055
2023-08-23 15:44:10,75,81,8603,23055
2023-08-23 15:44:10,77,81,8603,23055
2023-08-23 15:44:11,77,82,8603,23055
2023-08-23 15:44:17,77,83,8603,23055
2023-08-23 15:44:17,78,83,8603,23055
2023-08-23 15:44:22,79,83,8603,23055
2023-08-23 15:44:23,79,84,8603,23055
2023-08-23 15:44:32,80,84,8603,23055
2023-08-23 15:44:34,79,84,8603,23055
2023-08-23 15:44:40,80,84,8603,23055
2023-08-23 15:44:44,80,85,8603,23055
2023-08-23 15:44:51,79,85,8603,23055
2023-08-23 15:44:52,78,85,8603,23055
2023-08-23 15:45:00,81,85,8603,23055
2023-08-23 15:45:06,81,86,8603,23055
2023-08-23 15:45:06,81,86,8603,23065
2023-08-23 15:45:07,81,87,8603,23079
2023-08-23 15:45:09,82,87,8603,23079
2023-08-23 15:45:23,83,87,8603,23079
2023-08-23 15:45:24,83,88,8603,23079
2023-08-23 15:45:27,82,88,8603,23079
2023-08-23 15:45:27,84,88,8603,23079
2023-08-23 15:45:30,82,88,8603,23079
2023-08-23 15:45:30,85,88,8603,23079
2023-08-23 15:45:33,86,88,8603,23079
2023-08-23 15:45:40,84,88,8603,23079
2023-08-23 15:45:40,85,88,8603,23079
2023-08-23 15:45:45,84,88,8603,23079
2023-08-23 15:45:45,86,88,8603,23079
2023-08-23 15:45:57,85,88,8603,23079
2023-08-23 15:46:09,86,88,8603,23079
2023-08-23 15:46:15,86,91,8604,23080
2023-08-23 15:46:16,87,91,8604,23080
2023-08-23 15:46:43,87,94,8604,23080
2023-08-23 15:46:43,87,93,8604,23080
2023-08-23 15:46:53,86,93,8604,23080
2023-08-23 15:46:53,86,91,8604,23080
2023-08-23 15:46:54,85,91,8604,23080
2023-08-23 15:46:54,85,90,8604,23080
2023-08-23 15:46:55,85,91,8604,23080
2023-08-23 15:46:56,86,91,8604,23080
2023-08-23 15:47:16,88,91,8604,23080
2023-08-23 15:47:24,88,90,8604,23080
2023-08-23 15:47:28,88,91,8604,23080
2023-08-23 15:47:41,87,91,8604,23130
2023-08-23 15:47:41,87,90,8604,23130
2023-08-23 15:47:42,87,91,8604,23130
2023-08-23 15:47:42,86,91,8604,23130
2023-08-23 15:47:42,86,89,8604,23130
2023-08-23 15:47:48,86,91,8604,23130
2023-08-23 15:47:48,86,90,8604,23130
2023-08-23 15:47:51,84,90,8604,23130
2023-08-23 15:47:51,87,90,8604,23130
2023-08-23 15:47:55,87,91,8604,23130
2023-08-23 15:47:55,86,91,8604,23130
2023-08-23 15:47:55,86,89,8604,23130
2023-08-23 15:48:06,86,91,8604,23130
2023-08-23 15:48:06,86,90,8604,23130
2023-08-23 15:48:08,84,90,8604,23130
2023-08-23 15:48:08,87,90,8604,23130
2023-08-23 15:48:10,86,90,8604,23130
2023-08-23 15:48:12,86,91,8604,23130
2023-08-23 15:48:12,86,89,8604,23130
2023-08-23 15:48:13,84,89,8604,23130
2023-08-23 15:48:13,85,89,8604,23130
2023-08-23 15:48:24,85,90,8604,23130
2023-08-23 15:48:24,85,88,8604,23130
2023-08-23 15:48:31,83,88,8604,23130
2023-08-23 15:48:31,84,88,8604,23130
2023-08-23 15:48:44,88,90,8604,23161
2023-08-23 15:48:53,88,91,8604,23161
2023-08-23 15:48:53,88,91,8604,23361
2023-08-23 15:49:00,88,92,8604,23361
2023-08-23 15:49:01,88,94,8604,23361
2023-08-23 15:49:01,88,93,8604,23361
2023-08-23 15:49:06,88,94,8604,23361
2023-08-23 15:49:14,89,94,8604,23361
2023-08-23 15:49:24,91,94,8604,23361
2023-08-23 15:50:15,94,95,8604,23611
2023-08-23 15:50:19,94,96,8604,23611
2023-08-23 15:50:37,94,96,8854,23861
2023-08-23 15:50:38,94,96,9004,24011
2023-08-23 15:50:45,95,96,9004,24011
2023-08-23 15:50:46,95,96,9153,24211
2023-08-23 15:51:05,96,97,9203,24261
2023-08-23 15:51:26,96,97,9403,24461
2023-08-23 15:51:56,96,97,9403,24467
2023-08-23 15:52:11,96,97,9603,24667
2023-08-23 15:52:12,96,97,9803,24867
2023-08-23 15:52:13,97,98,9815,24879
2023-08-23 15:52:34,97,98,9984,25048
2023-08-23 15:52:35,96,98,9984,25048
2023-08-23 15:53:21,95,98,9984,25048
2023-08-23 15:53:21,95,97,9984,25048
2023-08-23 15:53:23,95,98,9984,25048
2023-08-23 15:53:24,96,97,9984,25048
2023-08-23 15:53:24,96,98,9984,25048
2023-08-23 15:53:25,95,98,9984,25048
2023-08-23 15:53:28,96,98,9984,25048
2023-08-23 15:53:31,95,98,9984,25048
2023-08-23 15:53:31,96,98,9984,25048
2023-08-23 15:53:33,95,98,9984,25048
2023-08-23 15:53:33,96,98,9984,25048
2023-08-23 15:54:26,97,98,9984,25048
2023-08-23 15:54:39,97,99,9984,25048
2023-08-23 15:54:55,96,99,9984,25048
2023-08-23 15:55:03,96,98,9984,25048
2023-08-23 15:55:04,95,98,9984,25048
2023-08-23 15:55:07,96,98,9984,25048
2023-08-23 15:55:11,96,97,9984,25048
2023-08-23 15:55:11,93,97,9984,25048
2023-08-23 15:55:16,95,98,9984,25048
2023-08-23 15:55:25,95,96,9984,25048
2023-08-23 15:55:33,92,95,9984,25123
2023-08-23 15:55:34,92,96,9859,25248
2023-08-23 15:55:34,92,95,9859,25248
2023-08-23 15:55:35,92,96,9784,25323
2023-08-23 15:55:37,90,96,9784,25323
2023-08-23 15:55:37,90,95,9784,25323
2023-08-23 15:55:37,93,95,9784,25323
2023-08-23 15:55:37,93,96,9584,25523
2023-08-23 15:55:37,90,96,9584,25523
2023-08-23 15:55:50,94,97,9584,25523
2023-08-23 15:55:50,94,96,9584,25523
2023-08-23 15:56:07,94,97,9584,25523
2023-08-23 15:56:39,95,97,9584,25523
2023-08-23 15:56:40,94,97,9584,25523
2023-08-23 15:56:48,95,97,9584,25523
2023-08-23 15:56:52,94,97,9584,25523
2023-08-23 15:56:53,95,97,9584,25523
2023-08-23 15:56:54,96,97,9584,25523
2023-08-23 15:57:06,96,99,9584,25523
2023-08-23 15:57:06,96,98,9584,25523
2023-08-23 15:57:22,95,98,9584,25523
2023-08-23 15:57:33,95,99,9584,25598
2023-08-23 15:57:35,96,99,9584,25598
2023-08-23 15:57:36,95,99,9584,25598
2023-08-23 15:57:39,96,99,9584,25598
2023-08-23 15:57:54,97,99,9584,25598
2023-08-23 15:57:58,97,99,9884,25898
2023-08-23 15:58:00,97,100,9884,25898
2023-08-23 15:58:03,97,99,9884,25898
2023-08-23 15:58:07,97,100,9884,26098
2023-08-23 15:58:22,97,99,9884,26098
2023-08-23 15:58:38,97,100,9884,26098
2023-08-23 15:58:41,97,99,9884,26098
2023-08-23 15:58:43,97,100,9884,26098
2023-08-23 15:58:46,97,99,9884,26098
2023-08-23 15:58:59,97,100,9884,26098
2023-08-23 15:59:53,98,100,9884,26098
