datetime,bid,ask,open_interest,volume
2023-05-25 09:30:01,25,70,1924,3418
2023-05-25 09:30:01,25,69,1924,3418
2023-05-25 09:30:10,25,70,1924,3418
2023-05-25 09:30:10,25,69,1924,3418
2023-05-25 09:30:11,26,69,1924,3418
2023-05-25 09:30:26,27,69,1924,3418
2023-05-25 09:30:28,27,68,1924,3418
2023-05-25 09:30:28,27,67,1924,3418
2023-05-25 09:30:44,27,68,1924,3418
2023-05-25 09:30:44,27,67,1924,3418
2023-05-25 09:30:50,27,68,1924,3418
2023-05-25 09:30:54,27,68,1924,3418
2023-05-25 09:30:56,27,66,1924,3418
2023-05-25 09:30:56,27,65,1924,3418
2023-05-25 09:30:57,27,64,1924,3418
2023-05-25 09:30:57,27,63,1924,3418
2023-05-25 09:30:58,27,62,1924,3418
2023-05-25 09:30:58,27,61,1924,3418
2023-05-25 09:30:58,27,62,1924,3418
2023-05-25 09:30:59,27,60,1924,3418
2023-05-25 09:30:59,27,59,1924,3418
2023-05-25 09:31:00,27,58,1924,3418
2023-05-25 09:31:00,27,57,1924,3418
2023-05-25 09:31:01,27,56,1924,3418
2023-05-25 09:31:01,27,55,1924,3418
2023-05-25 09:31:02,27,54,1924,3418
2023-05-25 09:31:02,27,53,1924,3418
2023-05-25 09:31:03,27,52,1924,3418
2023-05-25 09:31:04,27,51,1924,3418
2023-05-25 09:31:04,26,27,1924,3423
2023-05-25 09:31:07,25,26,1924,3468
2023-05-25 09:31:08,25,27,1924,3468
2023-05-25 09:31:10,25,26,1924,3468
2023-05-25 09:31:24,25,26,1928,3668
2023-05-25 09:31:31,23,26,1928,3668
2023-05-25 09:31:33,24,26,1928,3668
2023-05-25 09:31:36,24,26,2128,3868
2023-05-25 09:31:38,24,26,2328,4068
2023-05-25 09:31:40,24,26,2528,4268
2023-05-25 09:31:41,24,27,2728,4468
2023-05-25 09:31:42,24,27,2928,4668
2023-05-25 09:31:44,24,27,3128,4868
2023-05-25 09:31:45,25,27,3128,4868
2023-05-25 09:31:45,26,27,3128,4868
2023-05-25 09:31:46,25,27,3128,4868
2023-05-25 09:31:47,26,27,3128,4868
2023-05-25 09:31:48,25,27,3128,4868
2023-05-25 09:31:49,26,27,3128,4868
2023-05-25 09:31:50,26,27,3328,5068
2023-05-25 09:31:52,25,27,3328,5068
2023-05-25 09:32:01,25,69,3528,5268
2023-05-25 09:32:01,25,68,3528,5268
2023-05-25 09:32:09,26,68,3528,5268
2023-05-25 09:32:10,25,68,3528,5268
2023-05-25 09:32:11,26,68,3528,5268
2023-05-25 09:32:12,25,68,3528,5268
2023-05-25 09:32:20,25,67,3528,5268
2023-05-25 09:32:20,25,66,3528,5268
2023-05-25 09:32:46,24,66,3528,5268
2023-05-25 09:32:47,24,65,3528,5268
2023-05-25 09:32:47,24,64,3528,5268
2023-05-25 09:32:52,24,47,3528,5268
2023-05-25 09:32:52,24,46,3528,5268
2023-05-25 09:32:54,24,45,3528,5268
2023-05-25 09:32:54,24,44,3528,5268
2023-05-25 09:32:54,24,44,3375,5421
2023-05-25 09:32:55,24,27,3375,5421
2023-05-25 09:32:55,24,26,3375,5421
2023-05-25 09:32:57,24,27,3375,5421
2023-05-25 09:32:57,24,26,3375,5421
2023-05-25 09:32:58,24,27,3375,5421
2023-05-25 09:32:59,24,26,3375,5421
2023-05-25 09:33:01,24,27,3375,5421
2023-05-25 09:33:02,24,26,3375,5421
2023-05-25 09:33:05,24,26,3175,5621
2023-05-25 09:33:13,24,25,3175,5621
2023-05-25 09:33:14,24,26,3175,5621
2023-05-25 09:33:19,24,25,3175,5621
2023-05-25 09:33:21,24,25,2975,5821
2023-05-25 09:33:47,24,25,2775,6021
2023-05-25 09:34:00,24,25,2575,6221
2023-05-25 09:34:16,25,26,2575,6366
2023-05-25 09:34:17,24,26,2575,6366
2023-05-25 09:34:24,24,25,2575,6366
2023-05-25 09:34:25,24,26,2575,6366
2023-05-25 09:35:05,25,26,2575,6366
2023-05-25 09:35:06,24,26,2575,6366
2023-05-25 09:35:20,25,26,2575,6366
2023-05-25 09:35:21,24,26,2575,6366
2023-05-25 09:35:27,25,26,2575,6366
2023-05-25 09:36:22,24,26,2579,6475
2023-05-25 09:36:25,24,25,2579,6475
2023-05-25 09:36:39,25,26,2734,6630
2023-05-25 09:36:39,24,26,2734,6630
2023-05-25 09:36:39,23,26,2753,6654
2023-05-25 09:36:40,24,26,2753,6654
2023-05-25 09:37:04,24,25,2753,6654
2023-05-25 09:37:16,23,25,2753,6659
2023-05-25 09:37:33,23,24,2753,6659
2023-05-25 09:37:33,23,24,2753,6754
2023-05-25 09:37:33,23,24,2753,6859
2023-05-25 09:37:34,23,24,2753,7109
2023-05-25 09:37:36,21,23,2703,7159
2023-05-25 09:37:41,21,24,2703,7159
2023-05-25 09:37:41,21,23,2703,7159
2023-05-25 09:39:13,21,23,2352,7510
2023-05-25 09:39:32,22,23,2352,7510
2023-05-25 09:40:44,22,23,2402,7560
2023-05-25 09:41:10,23,24,2518,7676
2023-05-25 09:41:10,22,24,2518,7676
2023-05-25 09:41:11,23,24,2518,7676
2023-05-25 09:41:29,24,25,2784,7942
2023-05-25 09:42:10,23,24,2818,7981
2023-05-25 09:43:23,23,25,2908,8090
2023-05-25 09:43:24,23,24,2908,8090
2023-05-25 09:43:26,23,25,2908,8090
2023-05-25 09:43:26,23,24,2908,8090
2023-05-25 09:43:51,24,25,2913,8095
2023-05-25 09:43:54,23,24,2913,8190
2023-05-25 09:43:54,23,25,2913,8190
2023-05-25 09:44:27,24,25,2913,8190
2023-05-25 09:45:01,25,26,2913,8385
2023-05-25 09:45:06,25,27,2913,8435
2023-05-25 09:45:08,26,27,2913,8435
2023-05-25 09:46:53,25,27,2913,8440
2023-05-25 09:47:57,26,27,2913,8440
2023-05-25 09:47:58,26,28,3158,8685
2023-05-25 09:48:03,27,28,3158,8685
2023-05-25 09:49:01,26,28,3158,8890
2023-05-25 09:49:01,26,27,3158,8890
2023-05-25 09:49:13,25,26,3158,8895
2023-05-25 09:49:13,25,26,2958,9095
2023-05-25 09:49:14,25,26,2958,9295
2023-05-25 09:49:16,24,25,2958,9405
2023-05-25 09:49:16,25,26,2958,9510
2023-05-25 09:49:17,25,26,2858,9610
2023-05-25 09:49:18,24,25,2813,9655
2023-05-25 09:49:18,24,26,2813,9655
2023-05-25 09:49:18,24,25,2813,9655
2023-05-25 09:49:42,23,24,2813,9660
2023-05-25 09:49:48,22,24,2813,9700
2023-05-25 09:50:19,22,23,2813,9700
2023-05-25 09:50:20,22,23,2484,10033
2023-05-25 09:50:27,22,23,2284,10233
2023-05-25 09:50:29,21,22,2252,10305
2023-05-25 09:50:29,21,23,2252,10305
2023-05-25 09:50:30,21,22,2252,10305
2023-05-25 09:50:36,21,22,2252,10555
2023-05-25 09:51:31,22,23,2212,10685
2023-05-25 09:56:32,23,24,2212,10815
2023-05-25 09:56:45,23,24,2012,11015
2023-05-25 09:56:46,22,24,2012,11015
2023-05-25 09:56:46,23,24,2012,11015
2023-05-25 09:56:52,23,24,2062,11065
2023-05-25 09:57:03,24,25,2062,11110
2023-05-25 09:59:22,23,24,2007,11165
2023-05-25 09:59:22,23,25,2007,11165
2023-05-25 09:59:32,23,24,2007,11165
2023-05-25 10:00:02,24,25,2012,11170
2023-05-25 10:00:02,23,25,2012,11170
2023-05-25 10:00:16,24,25,2012,11170
2023-05-25 10:00:21,24,26,2107,11265
2023-05-25 10:00:27,24,26,2112,11270
2023-05-25 10:00:31,25,26,2112,11270
2023-05-25 10:00:33,24,26,1912,11470
2023-05-25 10:00:33,25,26,1912,11470
2023-05-25 10:00:34,24,25,1907,11475
2023-05-25 10:00:34,25,26,1903,11670
2023-05-25 10:00:35,24,26,1903,11670
2023-05-25 10:00:35,24,25,1903,11670
2023-05-25 10:00:35,24,26,1903,11670
2023-05-25 10:00:36,25,26,1903,11670
2023-05-25 10:00:36,26,27,1903,11715
2023-05-25 10:01:02,26,27,1923,11915
2023-05-25 10:01:03,25,27,2123,12115
2023-05-25 10:01:04,25,27,2323,12315
2023-05-25 10:01:05,26,27,2323,12315
2023-05-25 10:01:05,25,26,2338,12330
2023-05-25 10:01:05,25,27,2338,12330
2023-05-25 10:01:06,25,27,2538,12530
2023-05-25 10:01:07,24,25,2553,12545
2023-05-25 10:01:07,24,27,2553,12545
2023-05-25 10:01:07,25,27,2553,12545
2023-05-25 10:01:08,25,27,2553,12745
2023-05-25 10:01:27,25,26,2553,12745
2023-05-25 10:01:27,25,26,2608,12945
2023-05-25 10:01:28,25,26,2808,13145
2023-05-25 10:01:29,24,26,2808,13145
2023-05-25 10:01:34,24,25,2808,13145
2023-05-25 10:01:39,24,26,2842,13439
2023-05-25 10:01:40,24,25,2842,13439
2023-05-25 10:02:20,24,25,2692,13639
2023-05-25 10:02:21,24,25,2532,13839
2023-05-25 10:02:22,24,25,2332,14039
2023-05-25 10:02:22,24,26,2332,14039
2023-05-25 10:02:23,24,25,2332,14039
2023-05-25 10:02:23,24,25,2197,14239
2023-05-25 10:02:23,24,26,2197,14239
2023-05-25 10:02:24,24,26,2197,14439
2023-05-25 10:02:27,24,25,2197,14439
2023-05-25 10:02:27,25,26,2197,14444
2023-05-25 10:02:27,24,26,2197,14444
2023-05-25 10:02:30,24,26,2197,14644
2023-05-25 10:02:36,25,26,2197,14644
2023-05-25 10:02:48,26,27,2197,14699
2023-05-25 10:02:48,25,27,2197,14699
2023-05-25 10:03:02,26,27,2197,14699
2023-05-25 10:03:14,26,28,2242,14744
2023-05-25 10:03:16,26,27,2242,14744
2023-05-25 10:03:17,26,28,2242,14744
2023-05-25 10:03:20,26,27,2242,14744
2023-05-25 10:03:21,26,28,2242,14944
2023-05-25 10:03:25,26,27,2242,14944
2023-05-25 10:03:54,27,28,2242,14949
2023-05-25 10:03:54,26,28,2242,14949
2023-05-25 10:03:54,27,28,2242,14949
2023-05-25 10:04:01,26,28,2242,14949
2023-05-25 10:04:01,27,28,2242,14949
2023-05-25 10:04:02,26,28,2242,14954
2023-05-25 10:04:11,27,28,2242,14954
2023-05-25 10:04:24,26,27,2242,14979
2023-05-25 10:04:24,26,28,2242,14979
2023-05-25 10:04:25,26,28,2242,15179
2023-05-25 10:04:26,26,28,2257,15379
2023-05-25 10:04:27,25,28,2257,15379
2023-05-25 10:04:27,26,28,2257,15379
2023-05-25 10:04:27,27,28,2257,15379
2023-05-25 10:04:48,26,27,2257,15434
2023-05-25 10:04:48,26,28,2257,15434
2023-05-25 10:04:49,26,27,2257,15434
2023-05-25 10:04:50,25,26,2257,15439
2023-05-25 10:04:50,25,27,2257,15439
2023-05-25 10:04:51,25,27,2367,15639
2023-05-25 10:04:52,25,27,2387,15839
2023-05-25 10:04:53,25,27,2387,16039
2023-05-25 10:04:54,24,25,2387,16159
2023-05-25 10:04:54,24,27,2387,16159
2023-05-25 10:04:54,25,27,2387,16159
2023-05-25 10:04:55,24,25,2402,16174
2023-05-25 10:04:55,24,27,2402,16174
2023-05-25 10:04:57,25,27,2402,16174
2023-05-25 10:04:57,25,27,2602,16374
2023-05-25 10:04:58,24,25,2617,16389
2023-05-25 10:04:58,24,25,2617,16394
2023-05-25 10:04:58,24,27,2617,16394
2023-05-25 10:05:06,25,27,2617,16394
2023-05-25 10:05:28,26,27,2617,16394
2023-05-25 10:05:28,26,27,2422,16594
2023-05-25 10:05:29,27,28,2362,16654
2023-05-25 10:05:29,26,28,2362,16654
2023-05-25 10:05:30,26,28,2242,16854
2023-05-25 10:05:31,26,28,2242,17054
2023-05-25 10:05:32,26,28,2242,17254
2023-05-25 10:05:33,26,29,2242,17254
2023-05-25 10:05:36,27,29,2242,17254
2023-05-25 10:05:41,26,29,2242,17254
2023-05-25 10:05:45,26,28,2242,17254
2023-05-25 10:05:45,26,28,2242,17304
2023-05-25 10:05:58,26,27,2242,17304
2023-05-25 10:06:04,25,26,2242,17309
2023-05-25 10:06:04,24,25,2242,17314
2023-05-25 10:06:13,25,26,2242,17464
2023-05-25 10:06:14,25,27,2242,17464
2023-05-25 10:06:21,25,26,2242,17464
2023-05-25 10:06:22,24,25,2242,17469
2023-05-25 10:06:22,24,26,2242,17469
2023-05-25 10:06:23,24,25,2242,17469
2023-05-25 10:06:52,23,24,2242,17519
2023-05-25 10:06:59,23,24,2242,17719
2023-05-25 10:07:01,24,25,2242,17724
2023-05-25 10:07:01,23,25,2242,17724
2023-05-25 10:07:02,23,24,2242,17724
2023-05-25 10:07:38,23,24,2242,18024
2023-05-25 10:10:02,23,24,2287,18224
2023-05-25 10:10:03,22,23,2287,18324
2023-05-25 10:10:50,21,23,2292,18449
2023-05-25 10:10:51,21,22,2292,18449
2023-05-25 10:11:23,20,21,2297,18454
2023-05-25 10:11:26,20,21,2097,18654
2023-05-25 10:13:18,19,21,2102,18659
2023-05-25 10:13:34,20,21,2102,18659
2023-05-25 10:15:43,20,21,2042,18859
2023-05-25 10:15:45,20,21,2042,19059
2023-05-25 10:15:46,20,22,2042,19059
2023-05-25 10:15:46,21,22,2042,19059
2023-05-25 10:16:08,21,23,2042,19359
2023-05-25 10:16:11,22,23,2042,19359
2023-05-25 10:16:14,21,23,2042,19359
2023-05-25 10:16:48,22,23,2042,19359
2023-05-25 10:16:57,21,23,2042,19359
2023-05-25 10:17:26,22,23,2042,19359
2023-05-25 10:17:31,21,23,2042,19359
2023-05-25 10:17:32,22,23,2042,19359
2023-05-25 10:17:33,21,23,2042,19359
2023-05-25 10:17:33,22,23,2042,19359
2023-05-25 10:17:35,23,24,2042,19449
2023-05-25 10:17:35,22,24,2042,19449
2023-05-25 10:18:01,23,24,2042,19449
2023-05-25 10:18:13,23,24,2042,19649
2023-05-25 10:18:14,24,25,2042,19734
2023-05-25 10:18:14,23,25,2042,19734
2023-05-25 10:18:35,23,24,2042,19734
2023-05-25 10:19:03,22,23,2042,19889
2023-05-25 10:19:22,21,22,2042,19894
2023-05-25 10:20:10,21,22,2042,20094
2023-05-25 10:20:12,21,22,2042,20140
2023-05-25 10:20:12,21,22,2042,20240
2023-05-25 10:20:16,20,21,2042,20274
2023-05-25 10:21:19,19,21,2042,20274
2023-05-25 10:21:21,19,20,2042,20274
2023-05-25 10:21:26,19,21,2042,20274
2023-05-25 10:22:13,19,20,2042,20274
2023-05-25 10:22:50,19,20,2042,20474
2023-05-25 10:25:58,19,20,2061,20493
2023-05-25 10:26:14,20,21,2061,20538
2023-05-25 10:26:15,19,21,2061,20538
2023-05-25 10:26:16,20,21,2061,20538
2023-05-25 10:26:51,21,22,2061,20583
2023-05-25 10:27:05,21,22,2081,20783
2023-05-25 10:27:06,21,23,2081,20783
2023-05-25 10:27:07,22,23,2081,20783
2023-05-25 10:27:07,22,23,2081,20828
2023-05-25 10:29:00,23,24,2126,20873
2023-05-25 10:29:00,22,24,2126,20873
2023-05-25 10:29:04,23,24,2126,20873
2023-05-25 10:29:07,24,25,2126,20918
2023-05-25 10:29:26,25,26,2171,20963
2023-05-25 10:29:26,24,26,2171,20963
2023-05-25 10:29:57,24,25,2171,20963
2023-05-25 10:29:57,24,25,2061,21163
2023-05-25 10:29:58,24,25,2061,21363
2023-05-25 10:29:59,23,24,2061,21373
2023-05-25 10:29:59,23,25,2061,21373
2023-05-25 10:31:05,23,24,2061,21373
2023-05-25 10:31:52,22,23,2061,21378
2023-05-25 10:32:03,22,23,2092,21578
2023-05-25 10:32:05,21,23,2092,21578
2023-05-25 10:32:06,21,22,2092,21578
2023-05-25 10:32:31,21,22,2061,21778
2023-05-25 10:32:38,21,22,2061,21978
2023-05-25 10:32:41,22,23,2061,22108
2023-05-25 10:32:41,21,23,2352,22498
2023-05-25 10:32:42,22,23,2352,22498
2023-05-25 10:32:52,23,24,2352,22503
2023-05-25 10:32:52,22,24,2352,22503
2023-05-25 10:32:58,23,24,2352,22503
2023-05-25 10:32:59,22,24,2352,22503
2023-05-25 10:33:00,23,24,2352,22503
2023-05-25 10:33:01,22,24,2352,22503
2023-05-25 10:33:01,22,23,2352,22503
2023-05-25 10:33:03,23,24,2337,22518
2023-05-25 10:33:03,22,24,2337,22518
2023-05-25 10:33:16,22,23,2337,22518
2023-05-25 10:33:35,22,23,2137,22718
2023-05-25 10:34:03,21,22,2107,22748
2023-05-25 10:34:44,22,23,2107,22758
2023-05-25 10:35:49,22,23,2061,22958
2023-05-25 10:36:44,21,22,2061,22963
2023-05-25 10:37:00,22,23,2061,23038
2023-05-25 10:38:24,23,24,2061,23043
2023-05-25 10:39:14,24,25,2061,23123
2023-05-25 10:39:14,23,25,2061,23123
2023-05-25 10:39:14,24,25,2061,23123
2023-05-25 10:39:16,25,26,2061,23133
2023-05-25 10:39:16,24,26,2061,23133
2023-05-25 10:39:48,25,26,2061,23133
2023-05-25 10:39:49,25,26,2061,23242
2023-05-25 10:39:49,25,26,2075,23351
2023-05-25 10:40:13,26,27,2075,23396
2023-05-25 10:40:13,25,27,2075,23396
2023-05-25 10:40:15,26,27,2075,23396
2023-05-25 10:40:25,27,28,2120,23441
2023-05-25 10:40:51,27,28,2175,23641
2023-05-25 10:41:59,28,29,2235,23701
2023-05-25 10:41:59,27,29,2235,23701
2023-05-25 10:42:12,27,28,2235,23701
2023-05-25 10:42:14,27,29,2578,24044
2023-05-25 10:42:17,27,29,2687,24153
2023-05-25 10:42:22,27,28,2687,24153
2023-05-25 10:42:27,26,28,2687,24158
2023-05-25 10:42:27,26,27,2687,24158
2023-05-25 10:43:00,26,27,2519,24358
2023-05-25 10:43:09,26,27,2519,24558
2023-05-25 10:43:11,27,29,2574,24613
2023-05-25 10:43:11,26,29,2574,24613
2023-05-25 10:43:11,26,28,2574,24613
2023-05-25 10:43:11,26,29,2574,24613
2023-05-25 10:43:21,27,29,2574,24613
2023-05-25 10:43:24,28,29,2574,24613
2023-05-25 10:43:25,27,29,2574,24643
2023-05-25 10:43:57,27,28,2574,24643
2023-05-25 10:43:57,27,28,2404,24843
2023-05-25 10:43:58,27,28,2522,25043
2023-05-25 10:43:59,27,28,2572,25243
2023-05-25 10:44:00,26,28,2715,25443
2023-05-25 10:44:01,26,28,2910,25643
2023-05-25 10:44:02,26,28,2915,25843
2023-05-25 10:44:03,26,28,2915,26043
2023-05-25 10:44:04,26,28,3015,26243
2023-05-25 10:44:05,25,28,3015,26243
2023-05-25 10:44:05,25,29,3015,26243
2023-05-25 10:44:30,25,28,3015,26243
2023-05-25 10:44:31,25,29,3015,26243
2023-05-25 10:44:34,26,29,3015,26243
2023-05-25 10:44:34,26,29,2860,26443
2023-05-25 10:44:36,26,29,2717,26643
2023-05-25 10:44:37,26,29,2517,26843
2023-05-25 10:44:38,26,30,2404,27043
2023-05-25 10:44:38,26,29,2404,27043
2023-05-25 10:44:39,27,29,2404,27043
2023-05-25 10:44:39,29,30,2404,27088
2023-05-25 10:44:39,27,30,2404,27088
2023-05-25 10:44:40,28,30,2404,27088
2023-05-25 10:44:45,27,30,2404,27088
2023-05-25 10:44:45,27,29,2404,27088
2023-05-25 10:44:45,27,30,2404,27088
2023-05-25 10:44:52,28,30,2404,27088
2023-05-25 10:44:53,27,30,2404,27088
2023-05-25 10:44:53,29,30,2404,27088
2023-05-25 10:44:53,27,30,2404,27107
2023-05-25 10:44:54,29,30,2404,27107
2023-05-25 10:44:54,29,30,2404,27119
2023-05-25 10:44:55,28,30,2404,27126
2023-05-25 10:44:55,28,29,2404,27126
2023-05-25 10:44:56,29,30,2404,27128
2023-05-25 10:44:56,29,30,2404,27140
2023-05-25 10:44:57,28,30,2404,27145
2023-05-25 10:44:57,29,30,2404,27145
2023-05-25 10:44:57,28,30,2404,27164
2023-05-25 10:44:58,29,30,2404,27164
2023-05-25 10:44:58,28,30,2404,27183
2023-05-25 10:44:59,29,30,2404,27183
2023-05-25 10:44:59,29,30,2404,27185
2023-05-25 10:45:00,29,30,2404,27191
2023-05-25 10:45:00,29,30,2404,27197
2023-05-25 10:45:01,28,30,2404,27202
2023-05-25 10:45:01,29,30,2404,27202
2023-05-25 10:45:04,30,31,2404,27247
2023-05-25 10:45:04,29,31,2404,27247
2023-05-25 10:45:05,29,32,2404,27447
2023-05-25 10:45:06,30,32,2404,27447
2023-05-25 10:45:07,31,32,2404,27447
2023-05-25 10:45:07,31,32,2404,27452
2023-05-25 10:45:09,30,32,2404,27452
2023-05-25 10:45:10,31,32,2404,27452
2023-05-25 10:45:18,31,32,2404,27652
2023-05-25 10:45:19,31,32,2404,27730
2023-05-25 10:45:20,31,32,2602,27930
2023-05-25 10:45:22,31,32,2802,28130
2023-05-25 10:45:23,32,33,2822,28150
2023-05-25 10:45:23,31,33,2822,28150
2023-05-25 10:45:25,30,33,2822,28150
2023-05-25 10:45:25,31,33,2822,28150
2023-05-25 10:46:35,31,33,2836,28169
2023-05-25 10:46:35,31,32,2836,28169
2023-05-25 10:46:36,31,33,2836,28169
2023-05-25 10:46:37,30,33,2836,28169
2023-05-25 10:46:38,30,32,2836,28169
2023-05-25 10:46:38,30,33,2836,28169
2023-05-25 10:46:39,30,33,2836,28188
2023-05-25 10:46:39,30,33,2836,28188
2023-05-25 10:46:40,30,33,2836,28388
2023-05-25 10:46:40,30,32,2836,28388
2023-05-25 10:46:40,30,33,2836,28388
2023-05-25 10:46:40,30,33,2836,28407
2023-05-25 10:46:40,30,32,2836,28407
2023-05-25 10:46:40,30,33,2836,28407
2023-05-25 10:46:41,30,32,2836,28407
2023-05-25 10:46:43,30,33,2836,28407
2023-05-25 10:46:44,30,32,2836,28407
2023-05-25 10:46:44,30,33,2836,28407
2023-05-25 10:47:10,30,32,2836,28407
2023-05-25 10:47:19,31,32,2836,28407
2023-05-25 10:49:00,30,31,2836,28412
2023-05-25 10:49:06,28,30,2836,28417
2023-05-25 10:49:43,28,29,2836,28417
2023-05-25 10:49:43,28,29,2636,28617
2023-05-25 10:49:44,28,30,2636,28617
2023-05-25 10:49:45,28,29,2636,28617
2023-05-25 10:49:45,28,29,2619,28817
2023-05-25 10:49:46,27,28,2642,28907
2023-05-25 10:49:46,27,29,2642,28907
2023-05-25 10:49:48,26,29,2642,29107
2023-05-25 10:49:49,26,29,2642,29307
2023-05-25 10:49:50,25,29,2817,29507
2023-05-25 10:49:51,26,29,2817,29507
2023-05-25 10:49:51,25,29,3017,29707
2023-05-25 10:49:52,25,28,3017,29707
2023-05-25 10:49:52,25,27,3017,29707
2023-05-25 10:49:52,25,27,3217,29907
2023-05-25 10:49:53,25,27,3417,30107
2023-05-25 10:49:54,24,25,3417,30286
2023-05-25 10:49:54,24,27,3417,30286
2023-05-25 10:49:59,24,27,3436,30386
2023-05-25 10:50:00,25,27,3436,30386
2023-05-25 10:50:00,24,27,3636,30586
2023-05-25 10:50:01,24,27,3686,30686
2023-05-25 10:50:02,25,27,3686,30686
2023-05-25 10:50:02,25,28,3686,30686
2023-05-25 10:50:02,25,26,3686,30686
2023-05-25 10:50:02,24,26,3886,30886
2023-05-25 10:50:03,24,27,3905,30986
2023-05-25 10:50:04,24,27,3905,31086
2023-05-25 10:50:05,24,28,3905,31086
2023-05-25 10:50:05,25,28,3905,31086
2023-05-25 10:50:35,26,28,3905,31086
2023-05-25 10:50:35,26,28,3705,31286
2023-05-25 10:50:36,26,28,3595,31486
2023-05-25 10:50:37,26,29,3395,31686
2023-05-25 10:50:38,26,29,3195,31886
2023-05-25 10:50:40,26,29,3042,32086
2023-05-25 10:50:41,29,30,3042,32131
2023-05-25 10:50:41,27,30,3042,32131
2023-05-25 10:50:42,28,30,3042,32131
2023-05-25 10:50:50,28,30,2897,32331
2023-05-25 10:50:54,29,30,2897,32331
2023-05-25 10:50:56,28,30,2897,32331
2023-05-25 10:50:56,29,30,2897,32331
2023-05-25 10:50:58,28,30,2897,32331
2023-05-25 10:51:01,29,30,2897,32331
2023-05-25 10:51:01,28,30,2897,32350
2023-05-25 10:51:03,28,30,2897,32369
2023-05-25 10:51:04,28,30,2897,32388
2023-05-25 10:51:19,29,30,2897,32388
2023-05-25 10:51:19,30,31,2897,32433
2023-05-25 10:51:19,29,31,2897,32433
2023-05-25 10:51:21,28,31,2897,32433
2023-05-25 10:51:25,29,31,2897,32433
2023-05-25 10:51:27,28,31,2897,32433
2023-05-25 10:51:35,29,31,2897,32433
2023-05-25 10:51:45,29,30,2897,32433
2023-05-25 10:51:46,29,31,2897,32433
2023-05-25 10:51:47,29,30,2897,32433
2023-05-25 10:52:47,28,29,2897,32438
2023-05-25 10:52:47,28,30,2897,32438
2023-05-25 10:52:48,27,28,3047,32593
2023-05-25 10:52:48,27,30,3047,32593
2023-05-25 10:52:49,27,30,3247,32793
2023-05-25 10:52:50,27,30,3447,32993
2023-05-25 10:53:07,27,28,3447,32993
2023-05-25 10:53:21,27,28,3247,33193
2023-05-25 10:53:22,27,28,3072,33393
2023-05-25 10:53:23,28,30,3072,33413
2023-05-25 10:53:23,27,30,3072,33413
2023-05-25 10:53:30,27,29,3072,33413
2023-05-25 10:53:30,27,30,3072,33613
2023-05-25 10:53:36,27,29,3072,33613
2023-05-25 10:54:36,28,29,3072,33613
2023-05-25 10:55:05,29,30,3072,33658
2023-05-25 10:55:05,28,30,3072,33658
2023-05-25 10:55:27,29,30,3072,33658
2023-05-25 10:55:28,29,30,2917,33858
2023-05-25 10:55:29,29,30,2804,34058
2023-05-25 10:55:35,30,31,2843,34158
2023-05-25 10:55:35,29,31,2843,34158
2023-05-25 10:56:05,29,30,2843,34158
2023-05-25 10:56:05,28,29,2838,34163
2023-05-25 10:56:05,28,30,2838,34163
2023-05-25 10:56:06,28,30,2804,34363
2023-05-25 10:56:07,28,30,2804,34563
2023-05-25 10:56:08,27,30,2804,34563
2023-05-25 10:56:08,27,30,2975,34763
2023-05-25 10:56:08,28,30,2975,34763
2023-05-25 10:56:09,27,28,2975,34768
2023-05-25 10:56:09,27,30,2975,34768
2023-05-25 10:56:10,26,30,3175,34968
2023-05-25 10:56:11,26,29,3175,34968
2023-05-25 10:56:12,26,28,3175,34968
2023-05-25 10:56:12,26,28,3370,35168
2023-05-25 10:56:13,26,28,3498,35368
2023-05-25 10:56:13,28,29,3517,35387
2023-05-25 10:56:14,28,29,3536,35406
2023-05-25 10:56:14,26,28,3598,35468
2023-05-25 10:56:14,26,29,3598,35468
2023-05-25 10:56:15,26,27,3598,35468
2023-05-25 10:56:15,26,27,3798,35668
2023-05-25 10:56:16,26,27,3998,35868
2023-05-25 10:56:17,26,27,4193,36068
2023-05-25 10:56:18,27,29,4212,36087
2023-05-25 10:56:18,27,29,4217,36092
2023-05-25 10:56:19,27,29,4217,36242
2023-05-25 10:56:19,28,29,4217,36242
2023-05-25 10:57:09,27,28,4212,36247
2023-05-25 10:57:09,27,28,4193,36266
2023-05-25 10:57:09,27,29,3993,36466
2023-05-25 10:57:10,28,29,3993,36466
2023-05-25 10:57:10,28,29,3798,36666
2023-05-25 10:57:11,29,30,3617,36862
2023-05-25 10:57:11,28,30,3617,36862
2023-05-25 10:57:11,28,29,3617,36862
2023-05-25 10:57:12,29,30,3567,36927
2023-05-25 10:57:12,28,30,3567,36927
2023-05-25 10:57:12,28,29,3567,36927
2023-05-25 10:57:12,28,30,3567,36927
2023-05-25 10:57:13,28,29,3567,36927
2023-05-25 10:57:13,29,30,3517,36977
2023-05-25 10:57:13,28,30,3517,36977
2023-05-25 10:57:14,28,29,3517,36977
2023-05-25 10:57:14,29,30,3496,37042
2023-05-25 10:57:14,28,30,3496,37042
2023-05-25 10:57:29,28,29,3496,37042
2023-05-25 10:57:32,27,28,3491,37047
2023-05-25 10:57:39,27,29,3491,37047
2023-05-25 10:57:44,27,28,3491,37047
2023-05-25 10:57:45,27,28,3691,37247
2023-05-25 10:57:46,26,27,3791,37397
2023-05-25 10:57:46,26,28,3791,37397
2023-05-25 10:57:47,26,28,3791,37597
2023-05-25 10:57:48,25,26,3836,37722
2023-05-25 10:57:48,25,28,3836,37722
2023-05-25 10:57:50,26,28,3836,37722
2023-05-25 10:57:50,25,28,4007,37922
2023-05-25 10:57:57,26,28,4007,37922
2023-05-25 10:58:36,27,28,4007,37922
2023-05-25 10:58:49,28,29,3962,38057
2023-05-25 10:58:49,27,29,3962,38057
2023-05-25 10:58:50,27,29,3897,38257
2023-05-25 10:58:51,27,29,3697,38457
2023-05-25 10:58:52,27,29,3497,38657
2023-05-25 10:59:23,27,28,3497,38657
2023-05-25 10:59:23,26,27,3662,38827
2023-05-25 10:59:23,26,28,3662,38827
2023-05-25 10:59:24,27,28,3662,38827
2023-05-25 10:59:24,26,28,3857,39027
2023-05-25 10:59:25,26,28,4057,39227
2023-05-25 10:59:26,26,29,4057,39227
2023-05-25 10:59:31,28,29,4057,39227
2023-05-25 11:00:08,29,30,4102,39272
2023-05-25 11:00:21,28,29,4097,39277
2023-05-25 11:00:54,29,30,4102,39282
2023-05-25 11:00:58,29,30,4134,39314
2023-05-25 11:01:02,28,30,4134,39314
2023-05-25 11:01:03,28,29,4134,39314
2023-05-25 11:01:06,29,30,4139,39364
2023-05-25 11:01:11,28,30,4139,39364
2023-05-25 11:01:11,29,30,4139,39364
2023-05-25 11:01:31,29,30,4214,39439
2023-05-25 11:01:33,30,31,4242,39467
2023-05-25 11:01:49,30,31,4287,39512
2023-05-25 11:03:30,29,31,4287,39512
2023-05-25 11:03:32,30,31,4287,39512
2023-05-25 11:04:08,31,32,4287,39557
2023-05-25 11:04:08,30,32,4287,39557
2023-05-25 11:04:09,30,32,4087,39757
2023-05-25 11:04:10,30,32,3947,39957
2023-05-25 11:04:10,31,32,3947,39957
2023-05-25 11:04:11,32,33,3862,40042
2023-05-25 11:04:11,31,33,3862,40042
2023-05-25 11:04:12,31,33,3662,40242
2023-05-25 11:04:13,31,33,3531,40442
2023-05-25 11:04:14,33,34,3531,40457
2023-05-25 11:04:14,31,34,3531,40457
2023-05-25 11:04:15,31,33,3531,40457
2023-05-25 11:04:15,33,34,3531,40517
2023-05-25 11:04:16,31,34,3531,40517
2023-05-25 11:04:16,31,33,3531,40517
2023-05-25 11:04:17,33,34,3531,40532
2023-05-25 11:04:17,31,34,3531,40532
2023-05-25 11:04:17,31,33,3531,40532
2023-05-25 11:04:18,31,34,3531,40732
2023-05-25 11:04:45,32,34,3531,40732
2023-05-25 11:05:00,32,34,3541,40742
2023-05-25 11:05:06,33,34,3541,40742
2023-05-25 11:05:24,33,34,3341,40942
2023-05-25 11:05:25,34,35,3341,40987
2023-05-25 11:05:25,33,35,3341,40987
2023-05-25 11:05:26,34,35,3341,40987
2023-05-25 11:06:26,34,35,3341,41187
2023-05-25 11:06:28,34,35,3201,41387
2023-05-25 11:06:29,34,35,3388,41587
2023-05-25 11:06:30,35,36,3388,41650
2023-05-25 11:06:30,34,36,3388,41650
2023-05-25 11:06:30,35,36,3388,41650
2023-05-25 11:07:20,35,36,3588,41850
2023-05-25 11:07:21,36,37,3588,41895
2023-05-25 11:08:03,36,37,3588,42020
2023-05-25 11:08:07,35,36,3523,42085
2023-05-25 11:08:10,35,37,3523,42085
2023-05-25 11:08:11,35,36,3523,42085
2023-05-25 11:08:50,35,36,3525,42087
2023-05-25 11:09:08,36,37,3525,42090
2023-05-25 11:09:28,36,37,3425,42190
2023-05-25 11:09:30,36,37,3325,42290
2023-05-25 11:09:32,35,36,3296,42322
2023-05-25 11:09:39,35,37,3296,42322
2023-05-25 11:10:07,36,37,3296,42322
2023-05-25 11:10:08,35,37,3296,42322
2023-05-25 11:10:32,36,37,3296,42322
2023-05-25 11:10:40,35,37,3296,42322
2023-05-25 11:10:40,36,37,3296,42322
2023-05-25 11:11:08,37,38,3341,42367
2023-05-25 11:11:15,38,39,3431,42457
2023-05-25 11:11:15,37,39,3431,42457
2023-05-25 11:11:15,37,38,3431,42457
2023-05-25 11:12:02,38,39,3431,42462
2023-05-25 11:12:10,38,39,3583,42662
2023-05-25 11:12:14,39,40,3728,42807
2023-05-25 11:12:14,38,40,3728,42807
2023-05-25 11:12:14,38,39,3728,42807
2023-05-25 11:12:15,39,40,3773,42852
2023-05-25 11:12:15,38,40,3773,42852
2023-05-25 11:12:27,39,40,3773,42852
2023-05-25 11:14:05,40,41,3773,42897
2023-05-25 11:14:07,41,42,3773,42942
2023-05-25 11:14:12,41,42,3773,43142
2023-05-25 11:14:16,40,41,3821,43202
2023-05-25 11:14:16,39,41,3821,43202
2023-05-25 11:15:48,40,41,3821,43202
2023-05-25 11:16:01,39,41,3821,43202
2023-05-25 11:16:09,40,41,3821,43202
2023-05-25 11:16:29,39,41,4046,43432
2023-05-25 11:16:30,39,40,4046,43432
2023-05-25 11:16:31,39,40,4041,43451
2023-05-25 11:16:31,38,40,4041,43451
2023-05-25 11:16:32,38,39,4041,43451
2023-05-25 11:16:32,38,39,4241,43651
2023-05-25 11:16:33,38,39,4431,43851
2023-05-25 11:16:33,38,40,4431,43851
2023-05-25 11:16:33,38,39,4431,43851
2023-05-25 11:16:40,36,39,4431,43851
2023-05-25 11:16:40,36,38,4431,43851
2023-05-25 11:16:55,36,38,4206,44076
2023-05-25 11:16:55,36,37,4206,44076
2023-05-25 11:17:11,36,37,4006,44276
2023-05-25 11:17:13,35,37,3931,44351
2023-05-25 11:17:13,35,36,3931,44351
2023-05-25 11:17:13,35,37,3931,44351
2023-05-25 11:17:13,34,37,3931,44351
2023-05-25 11:17:13,34,36,3931,44351
2023-05-25 11:17:14,34,36,3971,44391
2023-05-25 11:17:14,34,35,3971,44391
2023-05-25 11:17:14,34,35,3971,44591
2023-05-25 11:17:15,33,34,3971,44651
2023-05-25 11:17:15,33,35,3971,44651
2023-05-25 11:17:15,33,34,3971,44651
2023-05-25 11:17:15,33,35,3971,44651
2023-05-25 11:17:16,33,35,3974,44696
2023-05-25 11:17:16,32,33,3616,45054
2023-05-25 11:17:28,31,32,3351,45319
2023-05-25 11:17:40,31,32,3151,45519
2023-05-25 11:17:52,32,33,3026,45694
2023-05-25 11:17:58,31,32,3026,45699
2023-05-25 11:18:01,31,32,3056,45729
2023-05-25 11:18:04,29,32,3056,45729
2023-05-25 11:18:10,30,32,3056,45729
2023-05-25 11:18:45,31,32,3056,45729
2023-05-25 11:18:55,31,33,3079,45752
2023-05-25 11:20:01,31,32,3079,45752
2023-05-25 11:20:08,30,32,3079,45752
2023-05-25 11:20:49,31,32,3079,45752
2023-05-25 11:21:32,30,31,3079,45757
2023-05-25 11:21:52,29,31,3074,45772
2023-05-25 11:23:06,30,31,3074,45772
2023-05-25 11:23:24,29,31,3074,45772
2023-05-25 11:24:14,29,31,3051,45804
2023-05-25 11:25:11,31,32,3056,45809
2023-05-25 11:25:11,29,32,3056,45809
2023-05-25 11:25:32,30,32,3056,45809
2023-05-25 11:25:32,31,32,3056,45809
2023-05-25 11:25:39,30,32,3056,45809
2023-05-25 11:25:40,31,32,3056,45809
2023-05-25 11:25:40,32,33,3061,45814
2023-05-25 11:26:09,30,33,3056,45889
2023-05-25 11:26:14,30,32,3056,45889
2023-05-25 11:26:24,30,31,3056,45889
2023-05-25 11:26:40,30,31,3056,45904
2023-05-25 11:27:06,30,31,3056,45924
2023-05-25 11:27:52,29,30,3131,46004
2023-05-25 11:31:15,28,29,3141,46037
2023-05-25 11:31:31,26,28,3078,46120
2023-05-25 11:33:30,26,28,3048,46150
2023-05-25 11:33:31,26,28,3048,46300
2023-05-25 11:33:53,26,27,3048,46300
2023-05-25 11:33:59,25,27,3411,47002
2023-05-25 11:33:59,24,27,3411,47002
2023-05-25 11:34:01,24,26,3411,47002
2023-05-25 11:34:14,24,26,3411,47082
2023-05-25 11:34:14,24,26,3411,47162
2023-05-25 11:34:15,24,25,3411,47162
2023-05-25 11:34:18,24,25,3426,47177
2023-05-25 11:35:02,24,25,3626,47377
2023-05-25 11:35:03,22,25,3646,47397
2023-05-25 11:35:07,22,25,3627,47420
2023-05-25 11:35:14,23,25,3627,47420
2023-05-25 11:35:34,23,24,3627,47420
2023-05-25 11:36:14,22,24,3632,47425
2023-05-25 11:37:36,22,24,3671,47645
2023-05-25 11:37:36,22,23,3671,47645
2023-05-25 11:39:57,21,22,3677,47651
2023-05-25 11:40:13,21,22,3877,47851
2023-05-25 11:40:24,19,20,3877,47856
2023-05-25 11:40:43,18,19,3877,47861
2023-05-25 11:41:02,17,19,3877,47861
2023-05-25 11:41:49,18,19,3877,47861
2023-05-25 11:41:50,17,19,3877,47861
2023-05-25 11:41:58,18,19,3877,47861
2023-05-25 11:41:59,17,19,3877,47861
2023-05-25 11:42:20,18,19,3877,47861
2023-05-25 11:42:22,17,19,3877,47861
2023-05-25 11:42:24,18,19,3877,47861
2023-05-25 11:42:26,17,19,3877,47861
2023-05-25 11:42:34,18,19,3877,47861
2023-05-25 11:43:09,18,20,4190,48387
2023-05-25 11:44:47,18,20,4115,48462
2023-05-25 11:45:29,18,19,4115,48462
2023-05-25 11:45:30,18,20,4115,48462
2023-05-25 11:45:31,18,19,4115,48462
2023-05-25 11:45:34,18,20,4115,48462
2023-05-25 11:46:05,19,20,4115,48462
2023-05-25 11:46:15,18,19,4115,48481
2023-05-25 11:46:15,18,20,4115,48481
2023-05-25 11:46:48,18,19,4115,48481
2023-05-25 11:47:43,19,20,4120,48561
2023-05-25 11:47:50,19,21,4348,48789
2023-05-25 11:48:50,19,20,4348,48789
2023-05-25 11:48:57,18,20,4348,48794
2023-05-25 11:53:02,19,20,4348,48794
2023-05-25 11:53:03,19,20,4158,48994
2023-05-25 11:53:04,19,20,4158,49094
2023-05-25 11:53:04,20,22,4158,49179
2023-05-25 11:53:04,19,22,4158,49179
2023-05-25 11:53:04,20,22,4158,49179
2023-05-25 11:53:08,21,22,4158,49179
2023-05-25 11:53:10,21,22,4163,49379
2023-05-25 11:53:36,21,23,4238,49454
2023-05-25 11:54:16,21,22,4238,49454
2023-05-25 11:54:17,21,22,4428,49654
2023-05-25 11:54:19,20,22,4428,49654
2023-05-25 11:54:19,20,21,4428,49654
2023-05-25 11:54:29,20,22,4428,49654
2023-05-25 11:54:30,20,21,4428,49654
2023-05-25 11:54:32,18,21,4878,50109
2023-05-25 11:54:33,18,20,4878,50109
2023-05-25 11:57:04,18,19,4878,50109
2023-05-25 11:58:00,18,20,4883,50414
2023-05-25 11:58:36,19,20,4883,50414
2023-05-25 11:59:17,20,21,4883,50419
2023-05-25 12:00:00,20,21,4688,50619
2023-05-25 12:00:02,21,22,4605,50724
2023-05-25 12:00:07,22,23,4615,50734
2023-05-25 12:00:24,22,23,4618,50737
2023-05-25 12:00:44,22,24,4628,50747
2023-05-25 12:01:02,22,24,4678,50797
2023-05-25 12:01:08,24,25,4698,50817
2023-05-25 12:01:08,24,25,4733,50852
2023-05-25 12:01:17,24,25,4788,50907
2023-05-25 12:01:18,24,26,4788,50907
2023-05-25 12:01:31,24,25,4788,50907
2023-05-25 12:03:06,25,26,4818,50937
2023-05-25 12:03:06,25,26,4918,51037
2023-05-25 12:04:50,25,26,5003,51122
2023-05-25 12:05:34,26,27,5023,51142
2023-05-25 12:06:27,25,27,5023,51142
2023-05-25 12:07:47,25,26,5023,51142
2023-05-25 12:07:52,26,27,5043,51162
2023-05-25 12:07:52,25,27,5043,51162
2023-05-25 12:08:07,26,27,5043,51162
2023-05-25 12:08:13,27,28,5063,51182
2023-05-25 12:08:13,27,28,5092,51211
2023-05-25 12:09:22,25,27,5246,51397
2023-05-25 12:09:25,25,28,5246,51397
2023-05-25 12:09:25,25,27,5246,51397
2023-05-25 12:09:26,26,27,5246,51397
2023-05-25 12:10:13,26,27,5251,51597
2023-05-25 12:10:19,26,27,5251,51797
2023-05-25 12:10:20,26,27,5251,51897
2023-05-25 12:10:27,27,28,5221,51932
2023-05-25 12:10:27,26,28,5257,52097
2023-05-25 12:10:28,27,28,5257,52097
2023-05-25 12:10:34,28,29,5277,52117
2023-05-25 12:10:34,27,29,5277,52117
2023-05-25 12:10:41,27,30,5297,52487
2023-05-25 12:10:51,27,29,5297,52487
2023-05-25 12:10:58,28,29,5297,52487
2023-05-25 12:12:17,29,30,5302,52492
2023-05-25 12:12:23,29,31,5486,52717
2023-05-25 12:12:36,30,31,5486,52717
2023-05-25 12:12:39,31,33,5526,52807
2023-05-25 12:12:39,30,33,5526,52807
2023-05-25 12:12:45,30,32,5526,52807
2023-05-25 12:14:04,31,32,5526,52807
2023-05-25 12:14:08,30,32,5526,52807
2023-05-25 12:14:23,31,32,5526,52807
2023-05-25 12:14:29,31,32,5526,53257
2023-05-25 12:16:06,32,33,5546,53277
2023-05-25 12:16:06,31,33,5546,53277
2023-05-25 12:16:34,32,33,5546,53277
2023-05-25 12:16:40,32,33,5566,53477
2023-05-25 12:16:40,32,33,5502,53541
2023-05-25 12:16:57,32,33,5502,53741
2023-05-25 12:16:58,32,35,5502,53741
2023-05-25 12:16:58,33,35,5502,53741
2023-05-25 12:16:58,33,35,5507,53746
2023-05-25 12:17:35,33,35,5657,53896
2023-05-25 12:19:19,35,36,5677,53916
2023-05-25 12:19:30,36,37,5897,54186
2023-05-25 12:19:30,36,37,5917,54206
2023-05-25 12:19:30,36,37,6012,54301
2023-05-25 12:19:34,36,38,6012,54301
2023-05-25 12:19:35,36,37,6012,54301
2023-05-25 12:19:38,36,38,6174,54463
2023-05-25 12:20:06,37,38,6174,54463
2023-05-25 12:20:07,36,38,6174,54463
2023-05-25 12:20:28,38,39,6194,54858
2023-05-25 12:20:28,36,39,6374,55038
2023-05-25 12:20:59,37,39,6374,55038
2023-05-25 12:21:04,36,39,6377,55046
2023-05-25 12:21:06,37,39,6377,55046
2023-05-25 12:21:37,37,38,6377,55046
2023-05-25 12:22:39,37,38,6377,55047
2023-05-25 12:22:42,37,38,6273,55247
2023-05-25 12:22:43,38,39,6273,55252
2023-05-25 12:22:44,38,39,6263,55262
2023-05-25 12:23:26,40,41,6263,55302
2023-05-25 12:24:37,40,41,6263,55502
2023-05-25 12:24:52,40,41,6422,55702
2023-05-25 12:24:52,38,40,6557,55842
2023-05-25 12:24:54,38,39,6557,55842
2023-05-25 12:24:56,37,38,6552,55847
2023-05-25 12:25:52,37,38,6355,56047
2023-05-25 12:25:52,35,38,6355,56100
2023-05-25 12:25:52,35,37,6355,56100
2023-05-25 12:25:53,35,37,6205,56250
2023-05-25 12:25:53,35,36,6205,56250
2023-05-25 12:25:54,35,37,6205,56250
2023-05-25 12:25:57,34,37,6205,56250
2023-05-25 12:26:25,34,36,6205,56250
2023-05-25 12:27:02,35,36,6205,56250
2023-05-25 12:27:04,34,36,6205,56250
2023-05-25 12:27:06,35,36,6205,56250
2023-05-25 12:27:45,34,36,6205,56250
2023-05-25 12:27:53,34,35,6205,56250
2023-05-25 12:28:50,35,36,6061,56420
2023-05-25 12:28:52,34,36,6061,56420
2023-05-25 12:28:52,35,36,6061,56420
2023-05-25 12:28:52,35,36,6077,56436
2023-05-25 12:29:04,36,37,6077,56441
2023-05-25 12:30:24,37,38,6077,56536
2023-05-25 12:30:29,38,39,6077,56556
2023-05-25 12:30:42,36,37,6092,56631
2023-05-25 12:30:43,36,37,6086,56646
2023-05-25 12:30:44,36,38,6086,56646
2023-05-25 12:30:46,36,39,6086,56646
2023-05-25 12:30:55,36,38,6086,56646
2023-05-25 12:31:09,36,37,6086,56646
2023-05-25 12:34:11,35,37,6081,56801
2023-05-25 12:34:11,35,36,6081,56801
2023-05-25 12:34:14,34,35,6076,56806
2023-05-25 12:34:33,33,35,6076,56846
2023-05-25 12:34:33,33,34,6076,56846
2023-05-25 12:34:47,33,34,6276,57046
2023-05-25 12:34:47,33,34,6251,57246
2023-05-25 12:34:48,31,33,6251,57277
2023-05-25 12:34:49,30,33,6251,57277
2023-05-25 12:34:49,30,32,6251,57277
2023-05-25 12:35:09,31,32,6251,57277
2023-05-25 12:35:29,31,32,6051,57477
2023-05-25 12:35:32,32,34,5901,57647
2023-05-25 12:35:37,33,34,5901,57647
2023-05-25 12:38:00,33,34,5961,57707
2023-05-25 12:38:00,33,35,5961,57707
2023-05-25 12:38:54,33,34,5961,57707
2023-05-25 12:40:06,35,37,5986,57782
2023-05-25 12:40:21,36,37,5986,57782
2023-05-25 12:40:27,35,36,5986,57785
2023-05-25 12:40:27,35,37,5986,57785
2023-05-25 12:40:47,36,37,5986,57785
2023-05-25 12:40:53,36,37,5786,57985
2023-05-25 12:40:59,37,39,5826,58025
2023-05-25 12:41:31,37,38,5826,58025
2023-05-25 12:41:36,37,39,5826,58025
2023-05-25 12:41:54,37,38,5826,58025
2023-05-25 12:41:55,37,39,5826,58025
2023-05-25 12:41:56,37,38,5826,58025
2023-05-25 12:41:59,37,39,5826,58025
2023-05-25 12:42:00,37,38,5826,58025
2023-05-25 12:45:24,36,37,5816,58110
2023-05-25 12:45:24,36,38,5816,58110
2023-05-25 12:45:24,36,37,5816,58110
2023-05-25 12:45:26,36,38,5816,58110
2023-05-25 12:46:01,36,37,5816,58110
2023-05-25 12:46:09,35,36,5811,58115
2023-05-25 12:46:09,35,37,5811,58115
2023-05-25 12:47:03,36,37,5811,58115
2023-05-25 12:47:37,36,37,6061,58365
2023-05-25 12:47:37,35,37,6186,58495
2023-05-25 12:48:04,35,36,6186,58495
2023-05-25 12:49:11,35,36,6196,58515
2023-05-25 12:49:11,34,35,6201,58520
2023-05-25 12:50:28,35,36,6226,58560
2023-05-25 12:51:53,35,37,6231,58565
2023-05-25 12:52:31,36,37,6231,58565
2023-05-25 12:53:00,36,38,6236,58570
2023-05-25 12:54:28,36,37,6236,58570
2023-05-25 12:54:31,36,37,6281,58620
2023-05-25 12:54:31,35,36,6317,58656
2023-05-25 12:55:01,35,36,6317,58856
2023-05-25 12:55:03,34,35,6267,58906
2023-05-25 12:55:03,34,36,6267,58906
2023-05-25 12:55:03,34,35,6267,58906
2023-05-25 12:55:03,34,36,6267,58906
2023-05-25 12:55:05,34,35,6267,58906
2023-05-25 12:55:48,35,36,6287,58926
2023-05-25 12:56:19,35,37,6321,58960
2023-05-25 12:56:21,36,37,6321,58960
2023-05-25 12:56:21,36,37,6321,59160
2023-05-25 12:56:21,35,36,6336,59175
2023-05-25 12:56:25,35,36,6336,59375
2023-05-25 12:56:31,35,37,6341,59380
2023-05-25 12:56:32,36,37,6341,59380
2023-05-25 12:56:45,37,38,6361,59400
2023-05-25 12:56:45,36,38,6361,59400
2023-05-25 12:57:27,36,37,6361,59400
2023-05-25 12:57:58,35,36,6356,59405
2023-05-25 12:58:03,34,35,6351,59410
2023-05-25 12:58:07,35,36,6356,59420
2023-05-25 12:58:08,35,37,6356,59420
2023-05-25 12:59:01,35,37,6556,59620
2023-05-25 12:59:01,35,36,6556,59620
2023-05-25 12:59:05,34,35,6721,59790
2023-05-25 12:59:13,34,35,6721,59990
2023-05-25 12:59:13,33,35,6851,60190
2023-05-25 12:59:13,33,35,6951,60290
2023-05-25 12:59:13,33,34,6951,60290
2023-05-25 12:59:13,33,34,7051,60390
2023-05-25 12:59:13,33,35,7051,60390
2023-05-25 12:59:13,32,35,7051,60390
2023-05-25 12:59:14,32,34,7051,60390
2023-05-25 12:59:14,33,34,7051,60390
2023-05-25 12:59:14,33,34,7066,60405
2023-05-25 12:59:14,33,34,7066,60605
2023-05-25 12:59:14,33,35,7066,60605
2023-05-25 12:59:14,33,35,7066,60705
2023-05-25 12:59:14,33,34,7066,60705
2023-05-25 12:59:15,32,33,7066,60765
2023-05-25 12:59:15,32,34,7066,60765
2023-05-25 12:59:16,32,33,7066,60765
2023-05-25 12:59:16,32,34,7066,60765
2023-05-25 12:59:16,32,33,7066,60765
2023-05-25 12:59:17,31,32,7066,60769
2023-05-25 12:59:17,31,33,7066,60769
2023-05-25 12:59:17,31,32,7066,60769
2023-05-25 12:59:34,30,31,6760,61234
2023-05-25 12:59:34,29,31,6535,61459
2023-05-25 13:00:03,30,31,6535,61459
2023-05-25 13:00:20,30,31,6376,61659
2023-05-25 13:00:29,30,32,6382,61665
2023-05-25 13:00:41,31,32,6382,61665
2023-05-25 13:00:43,30,32,6382,61665
2023-05-25 13:00:43,31,32,6382,61665
2023-05-25 13:00:45,30,32,6382,61665
2023-05-25 13:01:31,30,31,6382,61665
2023-05-25 13:01:35,30,32,6382,61665
2023-05-25 13:01:38,30,31,6382,61665
2023-05-25 13:02:11,29,30,6382,61670
2023-05-25 13:02:12,29,30,6382,61675
2023-05-25 13:02:16,28,29,6357,61786
2023-05-25 13:02:16,28,30,6357,61786
2023-05-25 13:02:16,28,29,6357,61786
2023-05-25 13:02:16,28,30,6357,61786
2023-05-25 13:02:23,28,29,6357,61786
2023-05-25 13:02:39,28,30,6357,61786
2023-05-25 13:02:40,28,29,6357,61786
2023-05-25 13:03:28,29,30,6271,61907
2023-05-25 13:04:18,29,31,6412,62123
2023-05-25 13:05:21,29,30,6412,62123
2023-05-25 13:05:24,28,30,6400,62139
2023-05-25 13:05:48,28,29,6400,62139
2023-05-25 13:06:16,29,30,6405,62144
2023-05-25 13:06:16,28,30,6405,62144
2023-05-25 13:07:53,29,30,6405,62144
2023-05-25 13:07:55,29,31,6410,62224
2023-05-25 13:08:04,31,32,6430,62244
2023-05-25 13:09:14,32,33,6450,62264
2023-05-25 13:09:14,31,33,6450,62264
2023-05-25 13:09:48,31,32,6450,62264
2023-05-25 13:11:10,33,34,6475,62289
2023-05-25 13:12:46,35,36,6495,62309
2023-05-25 13:13:11,33,36,6625,62449
2023-05-25 13:13:16,33,35,6625,62449
2023-05-25 13:13:23,33,36,6625,62449
2023-05-25 13:13:29,33,35,6625,62449
2023-05-25 13:14:51,35,36,6645,62469
2023-05-25 13:15:37,36,38,6685,62509
2023-05-25 13:15:37,35,38,6685,62509
2023-05-25 13:16:01,36,38,6685,62509
2023-05-25 13:16:05,37,38,6685,62509
2023-05-25 13:16:12,39,40,6705,62529
2023-05-25 13:17:58,40,41,6725,62549
2023-05-25 13:17:58,39,41,6725,62549
2023-05-25 13:17:58,40,41,6725,62549
2023-05-25 13:18:01,41,42,6745,62569
2023-05-25 13:21:23,40,41,6745,62574
2023-05-25 13:21:48,41,42,6750,62579
2023-05-25 13:21:49,40,42,6750,62579
2023-05-25 13:21:57,41,42,6750,62579
2023-05-25 13:23:15,40,42,6750,62579
2023-05-25 13:24:07,42,43,6770,62609
2023-05-25 13:26:05,43,44,6790,62629
2023-05-25 13:26:05,42,44,6790,62629
2023-05-25 13:26:06,43,44,6790,62629
2023-05-25 13:26:06,43,45,6815,62704
2023-05-25 13:26:06,44,45,6815,62704
2023-05-25 13:26:21,43,44,6834,62728
2023-05-25 13:26:22,43,44,6853,62747
2023-05-25 13:26:22,44,45,6859,62753
2023-05-25 13:26:22,43,45,6859,62753
2023-05-25 13:26:24,44,45,6859,62753
2023-05-25 13:26:25,43,45,6859,62753
2023-05-25 13:26:26,43,44,6859,62753
2023-05-25 13:26:37,44,45,7054,62948
2023-05-25 13:26:37,43,45,7054,62948
2023-05-25 13:26:42,44,45,7054,62948
2023-05-25 13:26:43,45,46,7249,63143
2023-05-25 13:26:43,44,46,7249,63143
2023-05-25 13:26:43,45,46,7249,63143
2023-05-25 13:26:44,45,46,7374,63343
2023-05-25 13:26:46,45,47,7524,63493
2023-05-25 13:27:09,45,46,7524,63493
2023-05-25 13:27:13,46,47,7679,63648
2023-05-25 13:27:22,46,48,7979,63948
2023-05-25 13:27:24,47,48,7979,63948
2023-05-25 13:28:27,48,49,7894,64038
2023-05-25 13:28:29,47,49,7894,64038
2023-05-25 13:28:45,48,49,7894,64038
2023-05-25 13:29:33,48,49,7739,64193
2023-05-25 13:30:19,49,50,7589,64348
2023-05-25 13:30:20,48,50,7589,64348
2023-05-25 13:30:29,49,50,7589,64348
2023-05-25 13:31:26,50,51,7609,64368
2023-05-25 13:31:31,50,52,7609,64368
2023-05-25 13:31:32,50,51,7609,64368
2023-05-25 13:31:45,49,50,7814,64823
2023-05-25 13:32:03,50,51,7814,64833
2023-05-25 13:32:27,51,52,7819,64838
2023-05-25 13:32:30,51,52,7819,64848
2023-05-25 13:33:32,51,52,7819,65048
2023-05-25 13:33:33,50,51,7769,65098
2023-05-25 13:33:33,50,52,7769,65098
2023-05-25 13:33:33,50,51,7769,65098
2023-05-25 13:33:34,50,52,7769,65098
2023-05-25 13:33:34,50,51,7769,65098
2023-05-25 13:33:34,49,50,7740,65348
2023-05-25 13:36:08,48,49,7990,65598
2023-05-25 13:39:22,48,49,7790,65798
2023-05-25 13:39:57,49,50,7740,65848
2023-05-25 13:41:12,48,50,7740,65848
2023-05-25 13:41:15,48,49,7740,65848
2023-05-25 13:42:54,48,49,7540,66048
2023-05-25 13:43:02,48,49,7540,66050
2023-05-25 13:43:06,49,50,7567,66100
2023-05-25 13:43:06,48,50,7567,66100
2023-05-25 13:43:06,49,50,7567,66100
2023-05-25 13:43:06,48,50,7567,66100
2023-05-25 13:43:08,49,50,7567,66100
2023-05-25 13:43:23,49,51,7862,66395
2023-05-25 13:45:01,48,51,7862,66395
2023-05-25 13:46:35,48,51,8105,66638
2023-05-25 13:46:39,49,51,8105,66638
2023-05-25 13:46:40,49,52,8105,66638
2023-05-25 13:46:51,50,52,8105,66638
2023-05-25 13:47:02,51,52,8105,66638
2023-05-25 13:47:14,50,51,8085,66658
2023-05-25 13:47:58,51,52,8090,66663
2023-05-25 13:48:35,52,53,8110,66693
2023-05-25 13:50:25,52,54,8335,66968
2023-05-25 13:50:26,53,54,8335,66968
2023-05-25 13:50:37,52,53,8335,67233
2023-05-25 13:54:35,52,53,8335,67248
2023-05-25 13:54:36,52,53,8465,67448
2023-05-25 13:54:36,52,53,8465,67648
2023-05-25 13:54:38,51,52,8465,67733
2023-05-25 13:54:38,51,53,8465,67733
2023-05-25 13:54:38,51,52,8465,67733
2023-05-25 13:54:40,51,52,8465,67933
2023-05-25 13:54:41,50,51,8515,67983
2023-05-25 13:54:47,50,51,8515,68183
2023-05-25 13:54:47,48,51,8515,68183
2023-05-25 13:54:53,49,51,8515,68183
2023-05-25 13:55:13,50,51,8515,68183
2023-05-25 13:55:35,49,51,8520,68188
2023-05-25 13:55:35,49,51,8520,68198
2023-05-25 13:56:02,50,51,8520,68198
2023-05-25 13:56:07,50,51,8520,68206
2023-05-25 13:56:23,49,50,8520,68211
2023-05-25 13:56:30,50,51,8475,68256
2023-05-25 13:56:31,49,51,8475,68256
2023-05-25 13:56:31,50,51,8475,68256
2023-05-25 13:56:44,50,51,8475,68281
2023-05-25 13:57:42,49,50,8475,68286
2023-05-25 13:58:02,49,50,8275,68486
2023-05-25 13:58:07,50,51,8080,68681
2023-05-25 13:58:34,51,52,8080,68931
2023-05-25 13:58:56,51,52,8080,69131
2023-05-25 13:59:03,52,53,8080,69181
2023-05-25 13:59:03,51,53,8080,69181
2023-05-25 13:59:03,52,53,8080,69181
2023-05-25 13:59:51,52,53,8183,69381
2023-05-25 13:59:57,53,54,8183,69431
2023-05-25 14:00:02,53,54,8333,69581
2023-05-25 14:00:03,54,55,8433,69681
2023-05-25 14:00:03,53,55,8433,69681
2023-05-25 14:00:04,54,55,8433,69681
2023-05-25 14:00:08,56,57,8433,69833
2023-05-25 14:00:09,56,57,8433,70033
2023-05-25 14:00:10,57,58,8258,70228
2023-05-25 14:00:19,58,59,8258,70268
2023-05-25 14:00:41,57,58,8256,70270
2023-05-25 14:00:41,57,59,8256,70270
2023-05-25 14:00:43,57,59,8220,70470
2023-05-25 14:00:44,57,58,8220,70470
2023-05-25 14:00:44,56,57,8218,70489
2023-05-25 14:00:44,56,58,8218,70489
2023-05-25 14:00:45,57,58,8218,70489
2023-05-25 14:00:45,56,57,8233,70504
2023-05-25 14:00:46,56,57,8233,70704
2023-05-25 14:00:48,56,57,8233,70904
2023-05-25 14:00:50,55,56,8083,71069
2023-05-25 14:00:50,55,57,8083,71069
2023-05-25 14:00:52,55,57,8083,71269
2023-05-25 14:00:55,56,57,8083,71269
2023-05-25 14:00:56,55,56,8083,71284
2023-05-25 14:00:56,55,57,8083,71284
2023-05-25 14:00:57,56,57,8083,71284
2023-05-25 14:00:58,55,57,8083,71284
2023-05-25 14:00:58,55,56,8083,71284
2023-05-25 14:00:58,55,57,8083,71284
2023-05-25 14:01:03,55,56,8083,71284
2023-05-25 14:01:05,55,56,8083,71484
2023-05-25 14:01:06,54,55,8098,71649
2023-05-25 14:01:18,54,55,8100,71749
2023-05-25 14:01:20,54,55,8100,71849
2023-05-25 14:01:22,54,55,8100,71949
2023-05-25 14:01:24,54,55,8100,72049
2023-05-25 14:01:25,54,55,8102,72149
2023-05-25 14:01:26,54,55,8102,72249
2023-05-25 14:01:27,54,56,8102,72249
2023-05-25 14:01:28,55,56,8102,72249
2023-05-25 14:01:29,54,55,8102,72349
2023-05-25 14:01:29,54,56,8102,72449
2023-05-25 14:01:30,54,55,8102,72449
2023-05-25 14:01:30,55,56,8104,72451
2023-05-25 14:01:31,54,55,8202,72549
2023-05-25 14:01:32,54,55,8302,72649
2023-05-25 14:01:33,54,55,8402,72749
2023-05-25 14:01:34,54,55,8502,72849
2023-05-25 14:01:48,54,55,8302,73049
2023-05-25 14:01:49,53,54,8202,73149
2023-05-25 14:01:54,53,54,8465,73427
2023-05-25 14:02:24,53,54,8506,73760
2023-05-25 14:02:40,54,55,8543,73823
2023-05-25 14:02:40,53,55,8543,73823
2023-05-25 14:02:43,53,55,8679,73969
2023-05-25 14:02:43,54,55,8679,73969
2023-05-25 14:02:46,54,55,8879,74169
2023-05-25 14:02:48,54,55,9079,74369
2023-05-25 14:02:49,54,55,9189,74569
2023-05-25 14:02:52,55,56,9228,74608
2023-05-25 14:02:52,54,56,9228,74608
2023-05-25 14:03:03,54,56,9374,74754
2023-05-25 14:03:03,55,56,9374,74754
2023-05-25 14:03:07,55,56,9666,75046
2023-05-25 14:03:35,55,56,9999,75379
2023-05-25 14:06:11,54,55,9892,75486
2023-05-25 14:06:11,54,56,9892,75486
2023-05-25 14:06:12,54,55,9892,75486
2023-05-25 14:06:41,55,56,9873,75544
2023-05-25 14:06:41,54,55,9873,75686
2023-05-25 14:06:56,54,55,9873,75697
2023-05-25 14:06:56,54,55,9873,75701
2023-05-25 14:07:33,55,56,9873,75714
2023-05-25 14:08:04,54,56,9873,75751
2023-05-25 14:08:51,54,56,9873,75753
2023-05-25 14:08:55,54,55,9873,75753
2023-05-25 14:08:56,53,54,9860,75843
2023-05-25 14:08:56,53,55,9860,75843
2023-05-25 14:08:58,53,55,9860,75923
2023-05-25 14:08:58,53,54,9860,75923
2023-05-25 14:08:59,53,54,9875,75938
2023-05-25 14:09:04,53,54,9880,75963
2023-05-25 14:09:04,53,54,9742,76101
2023-05-25 14:09:04,52,53,9742,76143
2023-05-25 14:09:58,52,53,9742,76153
2023-05-25 14:10:01,52,53,9680,76353
2023-05-25 14:10:11,53,54,9645,76425
2023-05-25 14:11:52,53,54,9663,76443
2023-05-25 14:12:15,53,54,9663,76459
2023-05-25 14:12:15,53,54,9663,76475
2023-05-25 14:13:07,53,54,9663,76485
2023-05-25 14:13:53,53,54,9663,76495
2023-05-25 14:13:54,53,54,9663,76505
2023-05-25 14:13:54,54,55,9687,76529
2023-05-25 14:13:54,53,55,9687,76529
2023-05-25 14:13:55,54,55,9687,76529
2023-05-25 14:14:13,55,56,9821,76663
2023-05-25 14:14:13,54,56,9821,76663
2023-05-25 14:14:21,55,56,9821,76663
2023-05-25 14:14:27,56,57,9835,76677
2023-05-25 14:14:27,55,57,9835,76677
2023-05-25 14:14:56,56,57,9835,76677
2023-05-25 14:15:32,57,58,9835,76681
2023-05-25 14:15:42,58,59,9835,76683
2023-05-25 14:16:54,58,60,9835,76885
2023-05-25 14:17:25,59,60,9835,76885
2023-05-25 14:17:31,59,61,9825,77297
2023-05-25 14:17:46,59,61,9861,77333
2023-05-25 14:18:02,59,61,9861,77344
2023-05-25 14:19:03,60,61,9861,77344
2023-05-25 14:20:02,60,62,10263,77746
2023-05-25 14:20:19,60,62,10263,77750
2023-05-25 14:20:29,60,61,10263,77750
2023-05-25 14:20:36,60,62,10263,77750
2023-05-25 14:20:43,60,61,10263,77750
2023-05-25 14:22:39,61,62,10080,77935
2023-05-25 14:22:40,60,62,10080,77935
2023-05-25 14:24:08,61,62,10080,77935
2023-05-25 14:24:13,60,62,10080,77935
2023-05-25 14:24:29,60,62,10080,78085
2023-05-25 14:24:29,60,62,10021,78144
2023-05-25 14:24:29,60,61,10021,78144
2023-05-25 14:25:54,59,61,10021,78218
2023-05-25 14:25:59,60,61,10021,78218
2023-05-25 14:26:39,61,62,10021,78240
2023-05-25 14:26:41,60,62,10021,78240
2023-05-25 14:26:42,61,62,10021,78240
2023-05-25 14:27:32,61,63,10061,78280
2023-05-25 14:29:47,61,62,10061,78280
2023-05-25 14:29:55,60,61,9999,78342
2023-05-25 14:29:55,60,62,9999,78342
2023-05-25 14:30:07,61,62,9999,78342
2023-05-25 14:30:07,61,62,9999,78363
2023-05-25 14:30:08,60,62,9999,78363
2023-05-25 14:30:08,61,62,9999,78363
2023-05-25 14:30:09,61,62,10003,78382
2023-05-25 14:30:09,61,62,10004,78401
2023-05-25 14:30:10,60,62,10004,78401
2023-05-25 14:30:11,61,62,10004,78401
2023-05-25 14:30:11,61,62,10004,78420
2023-05-25 14:30:12,60,62,10004,78420
2023-05-25 14:30:21,60,61,10004,78420
2023-05-25 14:30:33,61,62,9999,78476
2023-05-25 14:30:34,60,62,9999,78476
2023-05-25 14:30:50,60,61,9999,78476
2023-05-25 14:30:55,60,61,9999,78496
2023-05-25 14:31:14,58,60,9977,78518
2023-05-25 14:31:14,58,61,9977,78518
2023-05-25 14:31:14,58,59,9977,78518
2023-05-25 14:31:21,58,59,9777,78718
2023-05-25 14:31:22,57,59,9785,78755
2023-05-25 14:31:22,58,59,9785,78755
2023-05-25 14:31:22,57,59,9805,78775
2023-05-25 14:31:23,57,58,9805,78775
2023-05-25 14:31:26,58,59,9805,78791
2023-05-25 14:31:26,58,59,9777,78855
2023-05-25 14:31:27,57,59,9777,78855
2023-05-25 14:31:55,57,58,9777,78855
2023-05-25 14:31:56,56,57,9741,78897
2023-05-25 14:31:56,56,58,9741,78897
2023-05-25 14:32:30,56,57,9741,78897
2023-05-25 14:32:32,57,58,9722,78931
2023-05-25 14:32:32,57,58,9703,78950
2023-05-25 14:32:32,56,57,9556,79097
2023-05-25 14:32:32,56,58,9556,79097
2023-05-25 14:32:33,56,57,9556,79097
2023-05-25 14:32:43,55,56,9556,79119
2023-05-25 14:32:43,55,57,9556,79119
2023-05-25 14:32:43,55,56,9556,79119
2023-05-25 14:32:44,54,56,9356,79319
2023-05-25 14:32:45,54,55,9356,79319
2023-05-25 14:32:46,53,55,9356,79319
2023-05-25 14:32:52,54,55,9356,79319
2023-05-25 14:33:24,53,55,9396,79359
2023-05-25 14:33:24,52,53,9416,79379
2023-05-25 14:33:25,51,53,9416,79379
2023-05-25 14:33:25,51,53,9467,79430
2023-05-25 14:33:26,51,52,9467,79430
2023-05-25 14:33:26,49,51,9467,79597
2023-05-25 14:33:26,49,52,9467,79597
2023-05-25 14:33:26,49,51,9467,79597
2023-05-25 14:33:31,48,51,10012,80142
2023-05-25 14:33:31,48,50,10012,80142
2023-05-25 14:33:32,47,50,10012,80142
2023-05-25 14:33:33,47,49,10012,80142
2023-05-25 14:33:34,47,49,10012,80157
2023-05-25 14:33:34,47,49,10012,80162
2023-05-25 14:33:35,47,49,10012,80172
2023-05-25 14:33:35,45,49,10012,80172
2023-05-25 14:33:35,45,47,10012,80172
2023-05-25 14:33:36,47,48,10027,80187
2023-05-25 14:33:37,45,48,10032,80192
2023-05-25 14:33:37,45,47,10032,80192
2023-05-25 14:33:40,45,47,10044,80204
2023-05-25 14:33:45,45,47,10052,80221
2023-05-25 14:33:48,46,47,10052,80221
2023-05-25 14:33:48,46,47,10052,80236
2023-05-25 14:34:20,45,47,10059,80243
2023-05-25 14:34:20,45,46,10059,80243
2023-05-25 14:34:22,42,46,10079,80263
2023-05-25 14:34:22,42,44,10079,80263
2023-05-25 14:34:24,42,45,10079,80263
2023-05-25 14:34:26,43,45,10079,80263
2023-05-25 14:34:29,44,45,10079,80263
2023-05-25 14:34:29,43,45,10079,80276
2023-05-25 14:34:40,44,45,10079,80276
2023-05-25 14:34:43,45,46,10079,80426
2023-05-25 14:34:43,44,46,10079,80426
2023-05-25 14:34:44,45,46,10079,80426
2023-05-25 14:34:55,45,49,10229,80576
2023-05-25 14:35:01,46,49,10229,80576
2023-05-25 14:35:04,45,49,10229,80576
2023-05-25 14:35:09,45,48,10229,80576
2023-05-25 14:35:10,45,47,10229,80576
2023-05-25 14:35:15,45,46,10229,80576
2023-05-25 14:35:35,44,46,10229,80578
2023-05-25 14:35:35,44,46,10229,80665
2023-05-25 14:35:36,44,45,10229,80665
2023-05-25 14:35:37,41,45,10229,80665
2023-05-25 14:35:37,41,44,10229,80665
2023-05-25 14:35:38,41,43,10229,80665
2023-05-25 14:35:38,41,44,10229,80665
2023-05-25 14:35:42,41,43,10229,80665
2023-05-25 14:35:43,41,42,10229,80665
2023-05-25 14:35:46,41,44,10229,80665
2023-05-25 14:35:48,41,43,10229,80665
2023-05-25 14:35:54,41,42,10229,80665
2023-05-25 14:36:00,41,43,10229,80665
2023-05-25 14:36:01,41,42,10229,80665
2023-05-25 14:36:04,41,42,10229,80667
2023-05-25 14:36:06,40,41,10166,80811
2023-05-25 14:36:06,40,42,10166,80811
2023-05-25 14:36:13,40,41,10166,80811
2023-05-25 14:36:17,40,42,10166,80811
2023-05-25 14:36:23,41,42,10166,80811
2023-05-25 14:36:27,40,42,10166,80811
2023-05-25 14:36:29,41,42,10166,80811
2023-05-25 14:36:34,41,42,10164,80813
2023-05-25 14:36:38,42,43,10085,80938
2023-05-25 14:36:38,41,42,10085,81013
2023-05-25 14:37:00,41,43,10135,81063
2023-05-25 14:37:07,41,43,10062,81263
2023-05-25 14:37:07,42,43,10062,81263
2023-05-25 14:37:17,42,44,10064,81400
2023-05-25 14:37:21,42,43,10064,81400
2023-05-25 14:37:21,41,43,10064,81400
2023-05-25 14:37:36,43,44,10066,81402
2023-05-25 14:37:36,43,44,10083,81419
2023-05-25 14:37:41,42,44,10089,81427
2023-05-25 14:40:02,42,44,10104,81442
2023-05-25 14:40:16,42,43,10104,81442
2023-05-25 14:40:19,42,44,10104,81442
2023-05-25 14:40:28,43,44,10104,81442
2023-05-25 14:40:29,43,45,9854,81697
2023-05-25 14:40:34,44,45,9854,81697
2023-05-25 14:40:35,43,45,9854,81697
2023-05-25 14:40:38,43,46,9874,81717
2023-05-25 14:41:16,43,45,9874,81717
2023-05-25 14:41:17,43,44,9874,81717
2023-05-25 14:41:21,43,45,9874,81717
2023-05-25 14:41:33,43,44,9874,81717
2023-05-25 14:41:53,43,45,9876,81866
2023-05-25 14:42:23,43,44,9876,81866
2023-05-25 14:42:29,42,43,9874,81868
2023-05-25 14:42:29,42,44,9874,81868
2023-05-25 14:42:29,42,43,9874,81868
2023-05-25 14:42:32,40,43,9877,81875
2023-05-25 14:42:36,40,42,9877,81875
2023-05-25 14:42:36,37,42,9881,81879
2023-05-25 14:42:36,40,42,9881,81879
2023-05-25 14:42:40,40,41,9881,81879
2023-05-25 14:42:48,40,41,9866,81894
2023-05-25 14:42:52,37,41,9866,81894
2023-05-25 14:43:11,37,40,9866,81894
2023-05-25 14:43:12,37,39,9866,81894
2023-05-25 14:43:16,37,38,9866,81894
2023-05-25 14:43:22,37,39,9866,81894
2023-05-25 14:43:23,37,38,9866,81894
2023-05-25 14:43:24,37,39,9866,81894
2023-05-25 14:43:29,35,39,9866,81894
2023-05-25 14:43:39,35,39,9866,81897
2023-05-25 14:43:48,36,39,9866,81897
2023-05-25 14:43:48,37,39,9866,81897
2023-05-25 14:43:52,36,39,9866,81897
2023-05-25 14:43:56,37,39,9866,81897
2023-05-25 14:44:40,38,39,9866,81897
2023-05-25 14:44:41,39,40,9868,81899
2023-05-25 14:44:42,39,40,9930,81961
2023-05-25 14:44:42,38,40,9966,81997
2023-05-25 14:46:10,38,39,9966,81997
2023-05-25 14:46:24,38,39,9966,82056
2023-05-25 14:46:24,38,39,9966,82130
2023-05-25 14:46:31,37,38,9949,82147
2023-05-25 14:46:31,37,39,9949,82147
2023-05-25 14:46:31,37,38,9949,82147
2023-05-25 14:46:36,37,38,9949,82181
2023-05-25 14:46:36,37,38,9949,82200
2023-05-25 14:46:37,37,38,9949,82219
2023-05-25 14:46:37,34,37,9865,82303
2023-05-25 14:46:37,34,38,9865,82303
2023-05-25 14:46:37,34,36,9865,82303
2023-05-25 14:46:39,34,37,9865,82303
2023-05-25 14:46:40,35,37,9865,82303
2023-05-25 14:46:40,35,36,9865,82303
2023-05-25 14:46:43,34,36,9865,82303
2023-05-25 14:46:45,35,36,9865,82303
2023-05-25 14:47:14,35,36,9865,82318
2023-05-25 14:47:14,35,36,9872,82333
2023-05-25 14:47:15,34,36,9878,82339
2023-05-25 14:47:15,34,35,9878,82339
2023-05-25 14:47:16,33,34,9878,82478
2023-05-25 14:47:16,33,35,9878,82478
2023-05-25 14:47:16,33,34,9878,82478
2023-05-25 14:48:08,33,34,9891,82503
2023-05-25 14:48:09,33,35,9891,82641
2023-05-25 14:48:37,34,35,9891,82641
2023-05-25 14:48:40,35,38,9924,82676
2023-05-25 14:48:40,34,38,9924,82676
2023-05-25 14:48:40,35,38,9924,82676
2023-05-25 14:48:46,36,38,9924,82676
2023-05-25 14:48:48,37,38,9924,82676
2023-05-25 14:48:49,38,39,9944,82830
2023-05-25 14:48:49,37,39,9944,82830
2023-05-25 14:48:49,38,39,9944,82830
2023-05-25 14:48:49,38,39,9944,82858
2023-05-25 14:48:50,39,40,9944,82908
2023-05-25 14:48:50,38,40,9944,82908
2023-05-25 14:48:50,39,40,9944,82908
2023-05-25 14:48:54,40,42,9944,82952
2023-05-25 14:48:54,39,42,9944,82952
2023-05-25 14:48:54,40,42,9944,82952
2023-05-25 14:48:55,41,42,9944,82952
2023-05-25 14:48:55,41,42,9956,82964
2023-05-25 14:48:56,40,42,9956,82964
2023-05-25 14:49:01,41,42,9956,82964
2023-05-25 14:49:05,40,42,9956,82964
2023-05-25 14:49:16,40,41,9956,82964
2023-05-25 14:49:20,38,40,9969,83024
2023-05-25 14:49:22,38,39,9969,83024
2023-05-25 14:49:23,38,39,9969,83036
2023-05-25 14:49:24,34,39,9969,83036
2023-05-25 14:49:24,33,39,9969,83036
2023-05-25 14:49:24,33,38,9969,83036
2023-05-25 14:49:24,33,37,9969,83036
2023-05-25 14:49:25,34,37,9969,83036
2023-05-25 14:50:02,34,36,9969,83036
2023-05-25 14:50:05,34,37,9969,83036
2023-05-25 14:50:06,34,36,9969,83036
2023-05-25 14:50:43,35,36,9969,83036
2023-05-25 14:50:45,36,37,9956,83076
2023-05-25 14:51:14,36,39,9978,83098
2023-05-25 14:51:27,37,39,9978,83098
2023-05-25 14:51:37,36,39,9978,83098
2023-05-25 14:52:02,36,38,9978,83098
2023-05-25 14:52:18,36,38,9993,83113
2023-05-25 14:52:21,37,38,9993,83113
2023-05-25 14:52:25,37,39,9998,83118
2023-05-25 14:52:30,37,40,9998,83158
2023-05-25 14:52:43,38,40,9998,83158
2023-05-25 14:52:50,39,40,9998,83158
2023-05-25 14:52:52,39,41,9998,83178
2023-05-25 14:52:53,40,41,9998,83178
2023-05-25 14:53:01,40,42,9998,83198
2023-05-25 14:53:03,41,42,9998,83198
2023-05-25 14:53:05,40,42,9998,83198
2023-05-25 14:53:10,40,44,10018,83218
2023-05-25 14:53:16,40,43,10018,83218
2023-05-25 14:53:21,40,42,10018,83218
2023-05-25 14:53:22,40,42,10016,83233
2023-05-25 14:53:23,37,42,10016,83233
2023-05-25 14:53:23,38,42,10016,83233
2023-05-25 14:54:21,38,43,10018,83235
2023-05-25 14:54:25,39,43,10018,83235
2023-05-25 14:55:05,39,42,10018,83235
2023-05-25 14:55:55,39,41,10018,83235
2023-05-25 14:55:56,39,40,10018,83235
2023-05-25 14:56:03,38,40,10018,83235
2023-05-25 14:56:50,38,39,10018,83235
2023-05-25 14:56:53,37,38,10016,83237
2023-05-25 14:56:53,37,39,10016,83237
2023-05-25 14:56:56,35,39,10016,83237
2023-05-25 14:57:55,35,38,10016,83237
2023-05-25 14:57:59,33,38,10016,83237
2023-05-25 14:58:00,34,38,10016,83237
2023-05-25 14:58:43,36,38,10016,83237
2023-05-25 14:59:42,37,38,10016,83237
2023-05-25 14:59:46,37,39,10020,83252
2023-05-25 15:00:01,38,39,10020,83252
2023-05-25 15:00:08,38,39,10020,83277
2023-05-25 15:00:08,38,39,10022,83279
2023-05-25 15:00:08,38,41,10022,83293
2023-05-25 15:00:08,39,41,10022,83293
2023-05-25 15:00:08,40,41,10022,83293
2023-05-25 15:00:09,40,43,10022,83293
2023-05-25 15:00:11,40,41,10022,83293
2023-05-25 15:00:11,41,43,10024,83295
2023-05-25 15:00:11,40,43,10024,83295
2023-05-25 15:00:11,41,43,10024,83295
2023-05-25 15:00:13,41,44,10024,83295
2023-05-25 15:00:14,41,43,10024,83295
2023-05-25 15:00:24,41,42,10024,83295
2023-05-25 15:00:31,41,42,10022,83297
2023-05-25 15:00:31,41,42,10022,83336
2023-05-25 15:00:33,40,42,10022,83336
2023-05-25 15:00:37,40,41,10022,83336
2023-05-25 15:01:11,41,42,10024,83338
2023-05-25 15:01:19,41,43,10026,83340
2023-05-25 15:01:34,41,42,10026,83340
2023-05-25 15:01:54,40,42,10026,83340
2023-05-25 15:01:54,40,41,10026,83340
2023-05-25 15:01:54,38,41,10026,83340
2023-05-25 15:01:57,38,42,10026,83340
2023-05-25 15:02:25,38,41,10026,83340
2023-05-25 15:02:32,38,40,10026,83340
2023-05-25 15:02:34,38,41,10026,83340
2023-05-25 15:02:39,38,40,10026,83340
2023-05-25 15:02:42,38,41,10026,83340
2023-05-25 15:02:42,38,40,10026,83340
2023-05-25 15:02:43,38,41,10026,83340
2023-05-25 15:02:51,38,40,10026,83340
2023-05-25 15:02:53,38,39,10026,83340
2023-05-25 15:02:58,38,40,10026,83340
2023-05-25 15:02:59,38,41,10026,83340
2023-05-25 15:02:59,38,39,10026,83340
2023-05-25 15:03:42,39,42,10026,83342
2023-05-25 15:03:55,40,42,10026,83342
2023-05-25 15:04:00,41,42,10026,83342
2023-05-25 15:04:14,41,42,10028,83344
2023-05-25 15:04:25,42,46,10028,83344
2023-05-25 15:04:27,42,45,10028,83344
2023-05-25 15:04:30,41,45,10028,83344
2023-05-25 15:04:30,41,46,10028,83344
2023-05-25 15:04:41,42,46,10028,83344
2023-05-25 15:04:47,43,46,10028,83344
2023-05-25 15:04:47,44,46,10028,83344
2023-05-25 15:04:48,45,46,10028,83344
2023-05-25 15:05:01,45,50,10048,83364
2023-05-25 15:05:01,46,50,10048,83364
2023-05-25 15:05:02,47,50,10048,83364
2023-05-25 15:05:03,48,50,10048,83364
2023-05-25 15:05:05,47,50,10048,83364
2023-05-25 15:05:09,46,50,10048,83364
2023-05-25 15:05:09,47,50,10048,83364
2023-05-25 15:05:11,47,49,10048,83364
2023-05-25 15:05:11,47,50,10048,83364
2023-05-25 15:05:11,47,48,10048,83364
2023-05-25 15:05:13,47,50,10048,83364
2023-05-25 15:05:13,47,49,10048,83364
2023-05-25 15:05:14,47,48,10048,83364
2023-05-25 15:05:19,47,49,10048,83364
2023-05-25 15:05:23,48,49,10048,83364
2023-05-25 15:05:27,49,50,10068,83384
2023-05-25 15:05:27,48,50,10068,83384
2023-05-25 15:05:30,49,50,10068,83384
2023-05-25 15:05:32,49,51,10088,83404
2023-05-25 15:05:32,50,51,10088,83404
2023-05-25 15:05:32,49,51,10088,83404
2023-05-25 15:05:32,50,51,10088,83404
2023-05-25 15:05:33,51,52,10123,83439
2023-05-25 15:05:33,50,52,10123,83439
2023-05-25 15:05:33,51,52,10123,83439
2023-05-25 15:05:35,50,52,10123,83439
2023-05-25 15:05:47,50,51,10123,83439
2023-05-25 15:05:51,48,51,10123,83439
2023-05-25 15:05:52,49,51,10123,83439
2023-05-25 15:05:53,48,51,10123,83439
2023-05-25 15:05:53,49,51,10123,83439
2023-05-25 15:05:54,49,50,10123,83439
2023-05-25 15:05:55,48,50,10123,83439
2023-05-25 15:05:56,48,49,10123,83439
2023-05-25 15:06:02,46,49,10121,83441
2023-05-25 15:06:04,47,49,10121,83441
2023-05-25 15:06:07,47,48,10121,83441
2023-05-25 15:06:08,47,48,10221,83541
2023-05-25 15:06:09,47,49,10221,83541
2023-05-25 15:06:11,47,49,10221,83554
2023-05-25 15:06:15,47,49,10321,83654
2023-05-25 15:06:15,48,49,10321,83654
2023-05-25 15:06:16,49,50,10425,83758
2023-05-25 15:06:16,48,50,10425,83758
2023-05-25 15:06:17,48,51,10425,83758
2023-05-25 15:06:24,49,51,10425,83758
2023-05-25 15:06:26,50,51,10425,83758
2023-05-25 15:06:29,51,52,10427,83760
2023-05-25 15:06:29,50,52,10427,83760
2023-05-25 15:06:30,52,53,10427,83800
2023-05-25 15:06:30,50,53,10427,83800
2023-05-25 15:06:32,50,53,10440,83813
2023-05-25 15:06:35,51,53,10440,83813
2023-05-25 15:06:36,52,53,10440,83813
2023-05-25 15:06:36,53,54,10442,83815
2023-05-25 15:06:36,52,54,10442,83815
2023-05-25 15:06:37,52,53,10442,83815
2023-05-25 15:06:38,53,54,10462,83835
2023-05-25 15:06:38,52,54,10462,83835
2023-05-25 15:06:41,52,54,10662,84035
2023-05-25 15:06:43,53,54,10662,84035
2023-05-25 15:06:47,54,58,10702,84075
2023-05-25 15:06:47,53,58,10702,84075
2023-05-25 15:07:03,53,57,10702,84075
2023-05-25 15:07:13,54,57,10702,84075
2023-05-25 15:07:16,56,57,10702,84075
2023-05-25 15:07:56,57,58,10702,84077
2023-05-25 15:07:57,56,58,10702,84077
2023-05-25 15:08:04,57,58,10702,84077
2023-05-25 15:08:06,56,58,10702,84077
2023-05-25 15:08:17,56,58,10502,84277
2023-05-25 15:08:18,54,58,10502,84277
2023-05-25 15:08:28,56,58,10502,84277
2023-05-25 15:08:35,57,58,10502,84277
2023-05-25 15:09:40,59,61,10502,84297
2023-05-25 15:09:50,60,61,10502,84297
2023-05-25 15:09:51,60,61,10482,84317
2023-05-25 15:10:04,62,66,10452,84387
2023-05-25 15:10:05,63,66,10452,84387
2023-05-25 15:10:13,64,66,10452,84387
2023-05-25 15:10:14,65,66,10452,84387
2023-05-25 15:10:25,64,66,10452,84387
2023-05-25 15:10:31,63,66,10452,84387
2023-05-25 15:11:12,63,66,10439,84400
2023-05-25 15:11:32,64,66,10439,84400
2023-05-25 15:11:34,65,66,10439,84400
2023-05-25 15:11:52,65,66,10404,84450
2023-05-25 15:12:10,66,67,10406,84452
2023-05-25 15:12:10,65,67,10406,84452
2023-05-25 15:12:48,67,68,10408,84454
2023-05-25 15:12:48,65,68,10408,84454
2023-05-25 15:13:02,66,68,10408,84454
2023-05-25 15:13:04,67,68,10408,84454
2023-05-25 15:13:04,68,69,10428,84474
2023-05-25 15:13:04,67,69,10428,84474
2023-05-25 15:13:06,69,70,10432,84478
2023-05-25 15:13:06,67,70,10432,84478
2023-05-25 15:13:07,67,69,10432,84478
2023-05-25 15:13:14,67,70,10432,84478
2023-05-25 15:13:14,67,68,10432,84478
2023-05-25 15:13:32,64,68,10432,84478
2023-05-25 15:13:33,65,68,10432,84478
2023-05-25 15:13:34,65,67,10432,84478
2023-05-25 15:13:35,65,68,10432,84478
2023-05-25 15:13:35,65,66,10432,84478
2023-05-25 15:13:36,64,66,10432,84478
2023-05-25 15:13:36,64,67,10432,84478
2023-05-25 15:13:36,64,65,10432,84478
2023-05-25 15:13:40,64,66,10432,84478
2023-05-25 15:13:40,64,66,10417,84493
2023-05-25 15:13:42,64,65,10417,84493
2023-05-25 15:13:46,62,65,10417,84493
2023-05-25 15:13:52,62,64,10417,84493
2023-05-25 15:13:54,62,64,10417,84588
2023-05-25 15:14:08,63,64,10417,84588
2023-05-25 15:14:10,64,65,10419,84590
2023-05-25 15:14:10,63,65,10419,84590
2023-05-25 15:14:11,64,65,10419,84590
2023-05-25 15:14:12,65,67,10423,84594
2023-05-25 15:14:12,64,67,10423,84594
2023-05-25 15:14:42,64,66,10423,84594
2023-05-25 15:14:51,64,66,10398,84619
2023-05-25 15:15:03,63,66,10398,84619
2023-05-25 15:15:03,63,67,10398,84619
2023-05-25 15:15:05,63,66,10398,84619
2023-05-25 15:15:26,63,65,10398,84619
2023-05-25 15:15:26,62,63,10248,84769
2023-05-25 15:15:26,62,65,10248,84769
2023-05-25 15:15:27,62,64,10248,84769
2023-05-25 15:15:29,59,62,10160,84919
2023-05-25 15:15:29,59,64,10160,84919
2023-05-25 15:15:29,59,63,10160,84919
2023-05-25 15:15:30,59,62,10160,84919
2023-05-25 15:15:35,59,61,10160,84919
2023-05-25 15:15:36,59,60,10160,84919
2023-05-25 15:15:37,56,59,10160,84939
2023-05-25 15:15:37,56,60,10160,84939
2023-05-25 15:15:37,56,59,10160,84939
2023-05-25 15:15:37,56,60,10160,84939
2023-05-25 15:15:40,54,60,10160,84939
2023-05-25 15:15:40,54,59,10160,84939
2023-05-25 15:15:41,54,58,10160,84939
2023-05-25 15:15:43,54,58,10158,84941
2023-05-25 15:15:49,54,60,10158,84941
2023-05-25 15:15:51,54,59,10158,84941
2023-05-25 15:15:54,57,59,10158,84941
2023-05-25 15:15:54,57,59,10158,84978
2023-05-25 15:15:54,57,59,10158,85015
2023-05-25 15:15:55,57,60,10158,85015
2023-05-25 15:15:56,56,60,10158,85015
2023-05-25 15:15:57,57,60,10158,85015
2023-05-25 15:15:57,57,59,10158,85015
2023-05-25 15:16:13,58,59,10158,85015
2023-05-25 15:16:56,57,59,10158,85015
2023-05-25 15:17:01,57,58,10158,85015
2023-05-25 15:17:04,56,57,10158,85035
2023-05-25 15:17:04,56,58,10158,85035
2023-05-25 15:17:04,56,57,10158,85035
2023-05-25 15:17:12,52,57,10158,85035
2023-05-25 15:17:13,54,57,10158,85035
2023-05-25 15:17:21,56,57,10158,85035
2023-05-25 15:17:52,56,57,10057,85235
2023-05-25 15:17:53,57,59,10059,85237
2023-05-25 15:17:53,56,59,10059,85237
2023-05-25 15:17:53,57,59,10059,85237
2023-05-25 15:17:53,58,59,10059,85237
2023-05-25 15:17:54,59,60,10188,85366
2023-05-25 15:17:54,58,60,10188,85366
2023-05-25 15:18:13,58,61,10317,85495
2023-05-25 15:18:22,59,61,10317,85495
2023-05-25 15:18:23,60,61,10317,85495
2023-05-25 15:18:36,61,62,10357,85535
2023-05-25 15:18:36,60,62,10357,85535
2023-05-25 15:18:37,61,62,10357,85535
2023-05-25 15:18:37,62,63,10359,85537
2023-05-25 15:18:37,61,63,10359,85537
2023-05-25 15:18:39,63,64,10379,85557
2023-05-25 15:18:39,62,64,10379,85557
2023-05-25 15:18:40,63,64,10379,85557
2023-05-25 15:18:54,60,64,10379,85557
2023-05-25 15:18:55,61,64,10379,85557
2023-05-25 15:19:03,60,64,10379,85557
2023-05-25 15:19:04,61,64,10379,85557
2023-05-25 15:19:05,60,64,10379,85557
2023-05-25 15:19:07,61,64,10379,85557
2023-05-25 15:19:30,61,63,10379,85557
2023-05-25 15:19:32,61,62,10379,85557
2023-05-25 15:19:36,60,62,10379,85557
2023-05-25 15:19:36,56,62,10379,85557
2023-05-25 15:19:37,57,62,10379,85557
2023-05-25 15:19:38,57,63,10379,85557
2023-05-25 15:19:38,57,62,10379,85557
2023-05-25 15:19:50,58,62,10379,85557
2023-05-25 15:19:58,59,62,10379,85557
2023-05-25 15:20:02,58,62,10379,85557
2023-05-25 15:20:03,59,62,10379,85557
2023-05-25 15:20:15,60,62,10379,85557
2023-05-25 15:20:29,59,62,10379,85557
2023-05-25 15:20:35,60,62,10379,85557
2023-05-25 15:20:39,59,62,10379,85557
2023-05-25 15:20:39,60,62,10379,85557
2023-05-25 15:20:42,60,63,10381,85559
2023-05-25 15:20:50,61,63,10381,85559
2023-05-25 15:20:51,62,63,10381,85559
2023-05-25 15:21:08,63,64,10383,85561
2023-05-25 15:21:09,62,64,10383,85561
2023-05-25 15:21:09,63,64,10383,85561
2023-05-25 15:21:11,63,65,10385,85563
2023-05-25 15:21:11,64,65,10385,85563
2023-05-25 15:21:42,64,66,10387,85565
2023-05-25 15:21:45,64,67,10387,85565
2023-05-25 15:21:45,65,67,10387,85565
2023-05-25 15:21:49,66,67,10387,85565
2023-05-25 15:21:51,67,68,10393,85571
2023-05-25 15:21:51,66,68,10393,85571
2023-05-25 15:21:55,67,68,10393,85571
2023-05-25 15:22:50,68,69,10413,85591
2023-05-25 15:23:29,69,70,10433,85611
2023-05-25 15:24:11,70,71,10463,85643
2023-05-25 15:24:35,70,71,10562,85743
2023-05-25 15:24:59,70,71,10380,85943
2023-05-25 15:25:00,69,70,10262,86061
2023-05-25 15:25:00,69,71,10262,86061
2023-05-25 15:25:04,69,70,10262,86061
2023-05-25 15:25:06,67,69,10139,86241
2023-05-25 15:25:06,67,70,10139,86241
2023-05-25 15:25:06,66,70,10139,86241
2023-05-25 15:25:06,66,69,10139,86241
2023-05-25 15:25:08,65,69,10139,86241
2023-05-25 15:25:20,65,68,10139,86241
2023-05-25 15:25:27,65,67,10139,86241
2023-05-25 15:25:29,65,66,10139,86241
2023-05-25 15:25:34,61,66,10139,86241
2023-05-25 15:25:35,62,66,10139,86241
2023-05-25 15:25:45,63,66,10139,86241
2023-05-25 15:25:49,64,66,10139,86241
2023-05-25 15:25:54,63,66,10139,86241
2023-05-25 15:26:22,64,66,10139,86241
2023-05-25 15:26:24,63,66,10139,86241
2023-05-25 15:26:28,64,66,10139,86241
2023-05-25 15:26:34,65,66,10139,86241
2023-05-25 15:26:42,66,67,10139,86243
2023-05-25 15:26:42,65,67,10139,86243
2023-05-25 15:26:43,66,67,10139,86243
2023-05-25 15:27:09,67,68,10139,86245
2023-05-25 15:27:09,66,68,10139,86245
2023-05-25 15:27:11,67,68,10139,86245
2023-05-25 15:27:13,68,69,10139,86247
2023-05-25 15:27:13,67,69,10139,86247
2023-05-25 15:27:15,68,69,10139,86247
2023-05-25 15:27:16,69,70,10139,86267
2023-05-25 15:27:16,68,70,10139,86267
2023-05-25 15:27:16,69,70,10139,86267
2023-05-25 15:27:17,70,72,10158,86287
2023-05-25 15:27:17,69,72,10158,86287
2023-05-25 15:27:20,70,72,10158,86287
2023-05-25 15:27:20,71,72,10158,86287
2023-05-25 15:27:20,72,76,10198,86327
2023-05-25 15:27:20,71,76,10198,86327
2023-05-25 15:27:31,72,76,10198,86327
2023-05-25 15:27:53,73,76,10198,86327
2023-05-25 15:27:53,74,76,10198,86327
2023-05-25 15:27:59,73,76,10198,86327
2023-05-25 15:27:59,74,76,10198,86327
2023-05-25 15:28:04,75,76,10198,86327
2023-05-25 15:28:05,76,78,10198,86347
2023-05-25 15:28:05,77,78,10198,86347
2023-05-25 15:28:06,78,80,10198,86367
2023-05-25 15:28:07,79,80,10198,86367
2023-05-25 15:28:07,79,80,10198,86392
2023-05-25 15:28:07,80,81,10198,86487
2023-05-25 15:28:07,79,81,10198,86487
2023-05-25 15:28:07,79,80,10198,86487
2023-05-25 15:28:08,79,80,10213,86502
2023-05-25 15:28:08,79,80,10238,86527
2023-05-25 15:28:08,79,82,10240,86529
2023-05-25 15:28:08,80,82,10240,86529
2023-05-25 15:28:08,79,82,10240,86529
2023-05-25 15:28:09,79,83,10240,86529
2023-05-25 15:28:09,80,83,10240,86529
2023-05-25 15:28:09,79,80,10255,86544
2023-05-25 15:28:09,79,83,10260,86549
2023-05-25 15:28:09,80,83,10260,86549
2023-05-25 15:28:10,81,83,10260,86549
2023-05-25 15:28:12,80,83,10260,86549
2023-05-25 15:28:12,79,83,10260,86549
2023-05-25 15:28:13,81,83,10260,86549
2023-05-25 15:28:20,81,82,10260,86549
2023-05-25 15:28:26,82,83,10460,86754
2023-05-25 15:28:44,81,83,10460,86754
2023-05-25 15:28:44,78,83,10460,86754
2023-05-25 15:28:44,78,82,10460,86754
2023-05-25 15:28:44,78,83,10460,86754
2023-05-25 15:28:44,78,81,10460,86754
2023-05-25 15:28:49,78,80,10460,86754
2023-05-25 15:28:55,78,81,10460,86754
2023-05-25 15:29:15,79,81,10460,86754
2023-05-25 15:29:20,78,81,10460,86754
2023-05-25 15:29:20,79,81,10460,86754
2023-05-25 15:29:24,78,81,10460,86754
2023-05-25 15:29:24,78,80,10460,86754
2023-05-25 15:29:30,78,81,10460,86754
2023-05-25 15:29:30,78,79,10460,86754
2023-05-25 15:29:32,78,81,10460,86754
2023-05-25 15:29:32,78,80,10460,86754
2023-05-25 15:29:38,78,79,10460,86754
2023-05-25 15:30:05,78,79,10425,86789
2023-05-25 15:30:05,78,79,10373,86841
2023-05-25 15:30:23,77,78,10310,86904
2023-05-25 15:30:34,77,78,10310,86914
2023-05-25 15:31:02,78,79,10312,86916
2023-05-25 15:31:02,77,79,10312,86916
2023-05-25 15:31:03,78,79,10312,86916
2023-05-25 15:31:10,79,80,10314,86918
2023-05-25 15:31:10,78,80,10314,86918
2023-05-25 15:31:11,79,80,10314,86918
2023-05-25 15:31:15,79,80,10315,86919
2023-05-25 15:31:22,80,81,10334,86938
2023-05-25 15:31:22,79,81,10334,86938
2023-05-25 15:31:31,80,81,10334,86938
2023-05-25 15:31:48,81,83,10354,86958
2023-05-25 15:31:48,80,83,10354,86958
2023-05-25 15:31:54,81,83,10354,86958
2023-05-25 15:32:02,82,83,10354,86958
2023-05-25 15:32:09,83,84,10574,87178
2023-05-25 15:32:19,83,84,10774,87378
2023-05-25 15:32:43,83,84,10774,87380
2023-05-25 15:33:00,82,84,10774,87380
2023-05-25 15:33:11,81,84,10774,87380
2023-05-25 15:33:12,82,84,10774,87380
2023-05-25 15:33:20,82,83,10774,87380
2023-05-25 15:33:36,82,83,10774,87395
2023-05-25 15:33:37,81,83,10774,87395
2023-05-25 15:33:37,79,83,10774,87395
2023-05-25 15:33:43,80,83,10774,87395
2023-05-25 15:33:43,80,83,10774,87403
2023-05-25 15:33:44,79,83,10774,87403
2023-05-25 15:33:44,81,83,10774,87403
2023-05-25 15:33:45,79,83,10774,87403
2023-05-25 15:33:45,79,82,10774,87403
2023-05-25 15:33:46,79,82,10774,87428
2023-05-25 15:33:48,79,82,10774,87453
2023-05-25 15:33:48,79,80,10774,87453
2023-05-25 15:33:48,78,80,10800,87520
2023-05-25 15:33:48,78,81,10800,87520
2023-05-25 15:33:48,78,80,10800,87520
2023-05-25 15:33:54,78,79,10800,87520
2023-05-25 15:33:55,78,80,10800,87520
2023-05-25 15:34:00,79,80,10800,87520
2023-05-25 15:34:01,78,80,10800,87520
2023-05-25 15:34:02,78,80,10800,87521
2023-05-25 15:34:03,78,79,10800,87521
2023-05-25 15:34:13,78,79,10600,87721
2023-05-25 15:34:38,77,79,10620,87921
2023-05-25 15:34:47,77,79,10620,87922
2023-05-25 15:34:54,78,79,10620,87922
2023-05-25 15:34:56,77,79,10620,87922
2023-05-25 15:35:00,78,79,10620,87922
2023-05-25 15:35:12,79,80,10648,87994
2023-05-25 15:35:13,78,80,10648,87994
2023-05-25 15:35:13,79,80,10648,87994
2023-05-25 15:35:14,78,80,10648,87994
2023-05-25 15:35:21,78,79,10648,87994
2023-05-25 15:35:28,77,79,10648,87996
2023-05-25 15:35:28,77,78,10648,87996
2023-05-25 15:35:30,77,78,10648,88021
2023-05-25 15:35:30,73,78,10661,88035
2023-05-25 15:35:30,73,76,10661,88035
2023-05-25 15:35:32,74,76,10661,88035
2023-05-25 15:35:33,74,77,10661,88035
2023-05-25 15:35:33,75,77,10661,88035
2023-05-25 15:35:33,75,78,10661,88035
2023-05-25 15:35:33,75,76,10661,88035
2023-05-25 15:35:44,74,75,10681,88096
2023-05-25 15:36:02,74,75,10682,88097
2023-05-25 15:36:13,76,77,10649,88205
2023-05-25 15:36:13,76,78,10649,88205
2023-05-25 15:36:13,76,79,10649,88205
2023-05-25 15:36:14,75,79,10649,88205
2023-05-25 15:36:16,76,79,10649,88205
2023-05-25 15:36:25,77,79,10649,88205
2023-05-25 15:36:27,78,79,10649,88205
2023-05-25 15:36:45,78,79,10849,88405
2023-05-25 15:37:27,79,82,10851,88407
2023-05-25 15:37:43,80,82,10851,88407
2023-05-25 15:37:48,80,81,10851,88407
2023-05-25 15:37:50,80,82,11051,88607
2023-05-25 15:37:52,80,81,11051,88607
2023-05-25 15:37:53,81,82,11053,88609
2023-05-25 15:37:53,80,82,11053,88609
2023-05-25 15:38:00,81,82,11053,88609
2023-05-25 15:38:01,82,85,11055,88611
2023-05-25 15:38:01,81,85,11055,88611
2023-05-25 15:38:02,82,85,11055,88611
2023-05-25 15:38:03,83,85,11055,88611
2023-05-25 15:38:04,82,85,11055,88611
2023-05-25 15:38:05,81,85,11055,88611
2023-05-25 15:38:05,82,85,11055,88611
2023-05-25 15:38:06,83,85,11055,88611
2023-05-25 15:38:09,81,85,11055,88611
2023-05-25 15:38:10,82,85,11055,88611
2023-05-25 15:38:14,82,85,11081,88637
2023-05-25 15:38:27,82,84,11081,88637
2023-05-25 15:38:44,84,85,11083,88640
2023-05-25 15:38:44,82,85,11083,88640
2023-05-25 15:39:15,82,84,11083,88640
2023-05-25 15:39:15,83,84,11083,88640
2023-05-25 15:39:16,82,84,11083,88640
2023-05-25 15:39:17,82,83,11083,88640
2023-05-25 15:39:20,82,84,11083,88640
2023-05-25 15:39:23,82,83,11083,88640
2023-05-25 15:39:31,81,83,11083,88640
2023-05-25 15:39:31,80,83,11083,88640
2023-05-25 15:39:32,81,83,11083,88640
2023-05-25 15:39:59,82,83,11083,88640
2023-05-25 15:39:59,83,86,11085,88643
2023-05-25 15:39:59,82,86,11085,88643
2023-05-25 15:40:12,83,86,11085,88643
2023-05-25 15:40:20,84,86,11085,88643
2023-05-25 15:40:38,84,85,11085,88643
2023-05-25 15:40:55,81,85,11085,88643
2023-05-25 15:40:55,82,85,11085,88643
2023-05-25 15:41:01,82,84,11085,88643
2023-05-25 15:41:01,81,84,11085,88643
2023-05-25 15:41:07,81,85,11085,88643
2023-05-25 15:41:11,81,84,11085,88643
2023-05-25 15:41:23,81,83,11085,88643
2023-05-25 15:41:25,83,84,11085,88645
2023-05-25 15:41:25,81,84,11085,88645
2023-05-25 15:41:27,82,84,11085,88645
2023-05-25 15:41:27,83,84,11085,88645
2023-05-25 15:41:44,84,85,11087,88649
2023-05-25 15:41:45,83,85,11087,88649
2023-05-25 15:41:45,84,85,11087,88649
2023-05-25 15:41:45,84,85,11087,88651
2023-05-25 15:41:47,85,86,11107,88673
2023-05-25 15:41:47,84,86,11107,88673
2023-05-25 15:41:48,85,86,11107,88673
2023-05-25 15:41:49,84,86,11107,88673
2023-05-25 15:41:49,85,86,11107,88673
2023-05-25 15:42:10,85,86,11107,88674
2023-05-25 15:42:20,86,87,11127,88698
2023-05-25 15:42:31,88,89,11329,88902
2023-05-25 15:42:42,89,90,11529,89102
2023-05-25 15:42:42,89,90,11549,89122
2023-05-25 15:42:48,90,91,11769,89342
2023-05-25 15:42:49,90,91,11870,89443
2023-05-25 15:43:00,90,91,11870,89447
2023-05-25 15:43:21,89,90,12170,89749
2023-05-25 15:43:21,88,90,12170,89749
2023-05-25 15:43:33,88,89,12170,89749
2023-05-25 15:44:06,89,90,12172,89755
2023-05-25 15:44:28,89,90,12672,90255
2023-05-25 15:44:32,89,90,12857,90440
2023-05-25 15:44:49,89,90,12957,90540
2023-05-25 15:44:55,91,92,13361,90952
2023-05-25 15:44:56,91,92,13361,91152
2023-05-25 15:44:57,91,92,13361,91352
2023-05-25 15:44:58,90,91,13359,91542
2023-05-25 15:44:58,90,92,13359,91542
2023-05-25 15:44:59,89,92,13359,91546
2023-05-25 15:45:02,90,92,13359,91546
2023-05-25 15:45:18,90,91,13359,91546
2023-05-25 15:45:24,90,92,13350,91646
2023-05-25 15:45:46,92,93,13481,91796
2023-05-25 15:45:47,92,94,13481,91796
2023-05-25 15:45:47,92,93,13481,91796
2023-05-25 15:45:47,92,93,13481,91815
2023-05-25 15:45:47,92,93,13602,92015
2023-05-25 15:45:51,92,93,13802,92215
2023-05-25 15:46:02,92,93,13802,92223
2023-05-25 15:46:03,92,93,13802,92224
2023-05-25 15:46:08,91,92,13802,92226
2023-05-25 15:46:09,91,93,13802,92226
2023-05-25 15:46:11,93,94,13796,92271
2023-05-25 15:46:11,93,94,13796,92286
2023-05-25 15:46:11,93,95,13796,92286
2023-05-25 15:46:11,93,96,13796,92286
2023-05-25 15:46:12,93,96,13796,92305
2023-05-25 15:46:12,91,93,13796,92486
2023-05-25 15:46:12,91,96,13796,92486
2023-05-25 15:46:12,91,97,13796,92486
2023-05-25 15:46:12,91,96,13796,92486
2023-05-25 15:46:12,91,95,13796,92486
2023-05-25 15:46:12,91,93,13796,92486
2023-05-25 15:46:13,91,94,13796,92486
2023-05-25 15:46:15,91,92,13796,92486
2023-05-25 15:46:16,91,94,13822,92512
2023-05-25 15:46:17,91,92,13822,92512
2023-05-25 15:46:20,92,94,13822,92531
2023-05-25 15:46:20,92,94,13822,92550
2023-05-25 15:46:20,91,92,13822,92734
2023-05-25 15:46:20,91,94,13822,92734
2023-05-25 15:46:23,91,93,13822,92734
2023-05-25 15:46:27,91,93,13823,92735
2023-05-25 15:46:31,92,93,13823,92735
2023-05-25 15:46:44,93,94,14225,93137
2023-05-25 15:47:01,93,94,14227,93139
2023-05-25 15:47:18,93,94,14228,93140
2023-05-25 15:47:21,94,99,14245,93157
2023-05-25 15:47:26,94,98,14245,93157
2023-05-25 15:47:27,94,97,14245,93157
2023-05-25 15:47:33,94,97,14445,93357
2023-05-25 15:47:41,93,94,14528,93442
2023-05-25 15:47:41,93,97,14528,93442
2023-05-25 15:48:03,93,97,14533,93447
2023-05-25 15:48:06,95,97,14533,93447
2023-05-25 15:48:06,95,97,14533,93468
2023-05-25 15:48:07,94,97,14533,93468
2023-05-25 15:48:07,94,95,14533,93468
2023-05-25 15:48:07,93,95,14533,93668
2023-05-25 15:48:08,93,95,14533,93670
2023-05-25 15:48:08,93,95,14533,93689
2023-05-25 15:48:09,93,95,14533,93708
2023-05-25 15:48:11,93,95,14533,93727
2023-05-25 15:48:12,93,95,14533,93746
2023-05-25 15:48:13,93,95,14533,93765
2023-05-25 15:48:15,93,95,14533,93784
2023-05-25 15:48:16,93,95,14533,93803
2023-05-25 15:48:18,93,95,14533,93822
2023-05-25 15:48:18,94,95,14533,93822
2023-05-25 15:48:18,93,95,14533,94022
2023-05-25 15:48:19,93,95,14533,94091
2023-05-25 15:48:19,93,95,14533,94110
2023-05-25 15:48:20,92,93,14533,94205
2023-05-25 15:48:20,92,95,14533,94205
2023-05-25 15:48:20,91,95,14533,94205
2023-05-25 15:48:22,91,95,14538,94210
2023-05-25 15:48:31,91,94,14538,94210
2023-05-25 15:48:32,91,93,14538,94210
2023-05-25 15:48:32,91,93,14538,94410
2023-05-25 15:48:33,91,93,14538,94429
2023-05-25 15:48:34,91,93,14438,94529
2023-05-25 15:48:34,90,91,14438,94560
2023-05-25 15:48:34,90,93,14438,94560
2023-05-25 15:48:35,90,93,14438,94579
2023-05-25 15:48:35,90,93,14438,94598
2023-05-25 15:48:35,88,90,14438,94760
2023-05-25 15:48:36,88,93,14438,94760
2023-05-25 15:48:36,89,93,14438,94760
2023-05-25 15:48:37,88,93,14438,94760
2023-05-25 15:48:37,88,94,14438,94760
2023-05-25 15:48:40,89,94,14438,94760
2023-05-25 15:48:46,90,94,14438,94760
2023-05-25 15:48:53,90,93,14438,94760
2023-05-25 15:48:55,90,93,14438,94761
2023-05-25 15:49:06,90,92,14438,94761
2023-05-25 15:49:12,90,92,14438,94762
2023-05-25 15:49:14,87,92,14438,94762
2023-05-25 15:49:16,87,91,14438,94762
2023-05-25 15:49:17,87,91,14438,94942
2023-05-25 15:49:19,87,90,14438,94942
2023-05-25 15:49:22,87,91,14438,94942
2023-05-25 15:49:25,87,91,14439,94943
2023-05-25 15:49:26,87,90,14439,94943
2023-05-25 15:49:27,83,84,14465,95211
2023-05-25 15:49:30,82,84,14465,95211
2023-05-25 15:49:31,83,84,14465,95211
2023-05-25 15:49:32,83,84,14466,95212
2023-05-25 15:49:38,83,87,14479,95227
2023-05-25 15:49:38,84,87,14479,95227
2023-05-25 15:49:39,85,87,14479,95227
2023-05-25 15:49:39,85,88,14479,95227
2023-05-25 15:49:44,85,88,14479,95228
2023-05-25 15:49:57,86,88,14479,95228
2023-05-25 15:49:58,87,88,14479,95228
2023-05-25 15:49:59,86,88,14479,95228
2023-05-25 15:50:02,86,87,14479,95228
2023-05-25 15:50:02,83,86,14479,95248
2023-05-25 15:50:03,83,85,14479,95248
2023-05-25 15:50:03,83,85,14479,95263
2023-05-25 15:50:03,83,85,14479,95277
2023-05-25 15:50:03,82,83,14479,95311
2023-05-25 15:50:05,79,83,14479,95311
2023-05-25 15:50:05,80,83,14479,95311
2023-05-25 15:50:05,81,83,14479,95311
2023-05-25 15:50:05,81,83,14479,95313
2023-05-25 15:50:07,79,83,14479,95313
2023-05-25 15:50:08,79,85,14479,95313
2023-05-25 15:50:09,79,85,14479,95314
2023-05-25 15:50:09,79,83,14479,95314
2023-05-25 15:50:11,79,82,14479,95314
2023-05-25 15:50:12,79,80,14479,95314
2023-05-25 15:50:12,77,80,14483,95318
2023-05-25 15:50:12,77,79,14483,95318
2023-05-25 15:50:14,76,79,14483,95318
2023-05-25 15:50:14,74,79,14483,95318
2023-05-25 15:50:14,74,78,14483,95318
2023-05-25 15:50:15,71,78,14483,95318
2023-05-25 15:50:15,75,78,14483,95318
2023-05-25 15:50:15,75,79,14483,95318
2023-05-25 15:50:16,75,77,14483,95318
2023-05-25 15:50:17,74,77,14483,95318
2023-05-25 15:50:17,76,77,14483,95318
2023-05-25 15:50:18,74,77,14483,95318
2023-05-25 15:50:18,75,77,14483,95318
2023-05-25 15:50:20,75,78,14483,95318
2023-05-25 15:50:20,75,79,14483,95318
2023-05-25 15:50:20,74,79,14483,95318
2023-05-25 15:50:20,76,79,14483,95318
2023-05-25 15:50:21,74,79,14483,95318
2023-05-25 15:50:21,75,79,14483,95318
2023-05-25 15:50:23,74,79,14483,95318
2023-05-25 15:50:23,76,79,14483,95318
2023-05-25 15:50:24,74,79,14483,95318
2023-05-25 15:50:24,77,79,14483,95318
2023-05-25 15:50:25,75,79,14483,95318
2023-05-25 15:50:25,78,79,14483,95318
2023-05-25 15:50:31,78,79,14479,95322
2023-05-25 15:50:32,78,79,14479,95347
2023-05-25 15:50:32,78,82,14488,95361
2023-05-25 15:50:33,79,82,14488,95361
2023-05-25 15:50:33,80,82,14488,95361
2023-05-25 15:50:33,80,83,14488,95361
2023-05-25 15:50:33,80,83,14488,95364
2023-05-25 15:50:34,80,84,14488,95364
2023-05-25 15:50:34,78,79,14515,95391
2023-05-25 15:50:35,80,84,14515,95403
2023-05-25 15:50:36,81,84,14515,95403
2023-05-25 15:50:45,82,84,14515,95403
2023-05-25 15:50:54,82,84,14515,95404
2023-05-25 15:51:11,83,84,14515,95404
2023-05-25 15:51:11,84,87,14515,95409
2023-05-25 15:51:12,85,87,14515,95409
2023-05-25 15:51:12,85,92,14515,95409
2023-05-25 15:51:12,85,89,14515,95409
2023-05-25 15:51:12,85,89,14440,95484
2023-05-25 15:51:15,86,89,14440,95484
2023-05-25 15:51:17,85,89,14440,95484
2023-05-25 15:51:19,85,89,14437,95487
2023-05-25 15:51:20,85,92,14437,95556
2023-05-25 15:51:20,86,92,14437,95556
2023-05-25 15:51:20,89,92,14437,95556
2023-05-25 15:51:23,89,92,14437,95557
2023-05-25 15:51:30,86,89,14437,95626
2023-05-25 15:51:40,86,89,14437,95628
2023-05-25 15:51:47,86,88,14437,95628
2023-05-25 15:51:48,82,88,14437,95669
2023-05-25 15:51:51,80,88,14437,95669
2023-05-25 15:51:51,80,86,14437,95669
2023-05-25 15:51:52,79,86,14437,95669
2023-05-25 15:51:53,78,85,14437,95669
2023-05-25 15:51:55,77,85,14437,95669
2023-05-25 15:51:55,77,84,14437,95669
2023-05-25 15:51:58,79,84,14437,95669
2023-05-25 15:51:58,79,85,14437,95669
2023-05-25 15:52:00,79,85,14438,95670
2023-05-25 15:52:00,81,85,14438,95670
2023-05-25 15:52:01,79,85,14438,95670
2023-05-25 15:52:01,79,84,14438,95670
2023-05-25 15:52:01,80,84,14438,95670
2023-05-25 15:52:02,80,81,14438,95670
2023-05-25 15:52:02,79,81,14438,95672
2023-05-25 15:52:03,79,80,14438,95672
2023-05-25 15:52:03,79,81,14438,95672
2023-05-25 15:52:04,77,81,14438,95672
2023-05-25 15:52:05,77,82,14438,95672
2023-05-25 15:52:05,77,83,14438,95672
2023-05-25 15:52:05,75,83,14438,95672
2023-05-25 15:52:05,77,83,14438,95672
2023-05-25 15:52:05,79,83,14438,95672
2023-05-25 15:52:05,79,81,14438,95672
2023-05-25 15:52:13,77,81,14438,95672
2023-05-25 15:52:13,80,81,14438,95672
2023-05-25 15:52:15,77,81,14438,95672
2023-05-25 15:52:15,77,81,14438,95673
2023-05-25 15:52:15,77,81,14438,95675
2023-05-25 15:52:16,80,81,14438,95675
2023-05-25 15:52:20,78,81,14438,95675
2023-05-25 15:52:20,79,81,14438,95675
2023-05-25 15:52:21,80,81,14438,95675
2023-05-25 15:52:21,80,86,14439,95676
2023-05-25 15:52:21,80,85,14439,95676
2023-05-25 15:52:22,80,85,14449,95686
2023-05-25 15:52:23,79,85,14449,95686
2023-05-25 15:52:23,78,85,14449,95686
2023-05-25 15:52:23,78,86,14449,95686
2023-05-25 15:52:23,78,84,14449,95686
2023-05-25 15:52:23,78,84,14449,95692
2023-05-25 15:52:24,80,84,14449,95692
2023-05-25 15:52:25,80,85,14449,95692
2023-05-25 15:52:25,80,83,14449,95692
2023-05-25 15:52:26,80,85,14449,95692
2023-05-25 15:52:26,80,82,14449,95692
2023-05-25 15:52:26,80,85,14449,95697
2023-05-25 15:52:36,76,85,14449,95697
2023-05-25 15:52:36,78,85,14449,95697
2023-05-25 15:52:55,78,85,14450,95698
2023-05-25 15:53:01,79,85,14450,95698
2023-05-25 15:53:01,80,85,14450,95698
2023-05-25 15:53:01,81,85,14450,95698
2023-05-25 15:53:02,82,85,14450,95698
2023-05-25 15:53:02,83,85,14450,95698
2023-05-25 15:53:06,82,85,14450,95698
2023-05-25 15:53:07,82,84,14450,95698
2023-05-25 15:53:08,83,84,14450,95698
2023-05-25 15:53:11,82,84,14450,95698
2023-05-25 15:53:13,80,84,14450,95698
2023-05-25 15:53:16,79,84,14450,95698
2023-05-25 15:53:21,79,83,14450,95698
2023-05-25 15:53:23,80,83,14450,95698
2023-05-25 15:53:24,79,83,14450,95698
2023-05-25 15:53:32,78,83,14450,95698
2023-05-25 15:53:34,78,82,14450,95698
2023-05-25 15:53:35,77,82,14450,95698
2023-05-25 15:53:36,78,82,14450,95698
2023-05-25 15:53:37,77,82,14450,95698
2023-05-25 15:53:37,77,82,14450,95699
2023-05-25 15:53:42,78,82,14450,95699
2023-05-25 15:53:47,79,82,14450,95699
2023-05-25 15:53:48,79,81,14450,95699
2023-05-25 15:53:48,78,81,14450,95699
2023-05-25 15:53:48,78,81,14450,95700
2023-05-25 15:53:57,78,81,14450,95701
2023-05-25 15:54:00,78,80,14450,95701
2023-05-25 15:54:04,76,80,14450,95701
2023-05-25 15:54:13,76,79,14450,95701
2023-05-25 15:54:16,76,81,14450,95706
2023-05-25 15:54:26,76,78,14450,95706
2023-05-25 15:54:39,68,78,14446,95710
2023-05-25 15:54:41,67,78,14446,95710
2023-05-25 15:54:41,64,78,14446,95710
2023-05-25 15:54:43,73,78,14446,95710
2023-05-25 15:54:51,73,77,14446,95710
2023-05-25 15:54:51,62,73,14444,95712
2023-05-25 15:54:53,61,73,14444,95712
2023-05-25 15:54:53,64,73,14444,95712
2023-05-25 15:54:56,64,77,14444,95712
2023-05-25 15:54:59,66,77,14444,95712
2023-05-25 15:55:00,68,77,14444,95712
2023-05-25 15:55:01,72,77,14444,95712
2023-05-25 15:55:04,64,77,14444,95714
2023-05-25 15:55:05,66,77,14444,95714
2023-05-25 15:55:05,70,77,14444,95714
2023-05-25 15:55:05,70,72,14444,95714
2023-05-25 15:55:09,70,72,14444,95715
2023-05-25 15:55:10,70,75,14444,95715
2023-05-25 15:55:10,70,72,14444,95715
2023-05-25 15:55:17,62,70,14441,95719
2023-05-25 15:55:19,61,70,14441,95719
2023-05-25 15:55:19,64,70,14441,95719
2023-05-25 15:55:21,63,70,14441,95719
2023-05-25 15:55:21,66,70,14441,95719
2023-05-25 15:55:22,66,71,14441,95719
2023-05-25 15:55:22,66,70,14441,95719
2023-05-25 15:55:23,66,70,14441,95720
2023-05-25 15:55:31,67,70,14441,95720
2023-05-25 15:55:32,70,71,14441,95725
2023-05-25 15:55:32,70,77,14450,95746
2023-05-25 15:55:33,73,77,14450,95746
2023-05-25 15:55:34,74,77,14450,95746
2023-05-25 15:55:35,74,77,14450,95749
2023-05-25 15:55:38,73,77,14450,95749
2023-05-25 15:55:40,73,77,14450,95751
2023-05-25 15:55:47,73,74,14450,95751
2023-05-25 15:55:47,65,73,14443,95758
2023-05-25 15:55:47,65,72,14443,95758
2023-05-25 15:55:50,65,73,14443,95758
2023-05-25 15:55:52,64,73,14443,95758
2023-05-25 15:55:52,64,75,14443,95758
2023-05-25 15:55:52,63,75,14443,95758
2023-05-25 15:55:52,59,75,14443,95758
2023-05-25 15:55:53,46,75,14443,95758
2023-05-25 15:55:53,57,75,14443,95758
2023-05-25 15:55:53,57,72,14443,95758
2023-05-25 15:55:53,57,66,14443,95758
2023-05-25 15:55:53,68,72,14440,95761
2023-05-25 15:55:53,57,66,14436,95765
2023-05-25 15:55:54,57,72,14436,95765
2023-05-25 15:55:54,57,73,14436,95765
2023-05-25 15:55:54,57,63,14436,95765
2023-05-25 15:55:54,57,73,14436,95765
2023-05-25 15:55:54,57,64,14436,95765
2023-05-25 15:55:55,55,64,14436,95765
2023-05-25 15:55:55,61,64,14436,95765
2023-05-25 15:55:55,61,75,14436,95765
2023-05-25 15:55:56,61,68,14436,95765
2023-05-25 15:55:56,61,64,14436,95765
2023-05-25 15:55:56,61,75,14445,95791
2023-05-25 15:55:58,63,75,14445,95791
2023-05-25 15:55:59,70,75,14445,95791
2023-05-25 15:56:03,72,75,14445,95791
2023-05-25 15:56:03,72,75,14441,95795
2023-05-25 15:56:07,73,75,14441,95795
2023-05-25 15:56:08,74,75,14441,95795
2023-05-25 15:56:11,74,81,14443,95807
2023-05-25 15:56:14,73,81,14443,95807
2023-05-25 15:56:14,72,81,14443,95807
2023-05-25 15:56:14,72,79,14443,95807
2023-05-25 15:56:17,71,79,14443,95807
2023-05-25 15:56:17,74,79,14443,95807
2023-05-25 15:56:24,72,79,14443,95807
2023-05-25 15:56:25,72,78,14443,95807
2023-05-25 15:56:28,72,79,14443,95807
2023-05-25 15:56:32,72,78,14443,95807
2023-05-25 15:56:32,72,78,14443,95808
2023-05-25 15:56:33,69,78,14443,95808
2023-05-25 15:56:33,70,78,14443,95808
2023-05-25 15:56:33,70,79,14443,95808
2023-05-25 15:56:33,70,77,14443,95808
2023-05-25 15:56:34,68,77,14443,95808
2023-05-25 15:56:34,68,79,14443,95808
2023-05-25 15:56:34,68,76,14443,95808
2023-05-25 15:56:38,66,76,14443,95808
2023-05-25 15:56:41,67,76,14443,95808
2023-05-25 15:56:41,67,73,14443,95808
2023-05-25 15:56:42,63,73,14443,95808
2023-05-25 15:56:42,65,73,14443,95808
2023-05-25 15:56:42,65,76,14443,95808
2023-05-25 15:56:42,65,72,14443,95808
2023-05-25 15:56:43,65,76,14443,95808
2023-05-25 15:56:43,65,70,14443,95808
2023-05-25 15:56:44,65,76,14443,95808
2023-05-25 15:56:44,65,71,14443,95808
2023-05-25 15:56:45,65,76,14443,95808
2023-05-25 15:56:45,65,72,14443,95808
2023-05-25 15:56:45,65,76,14443,95808
2023-05-25 15:56:45,65,71,14443,95808
2023-05-25 15:56:47,65,71,14443,95813
2023-05-25 15:56:49,68,71,14443,95813
2023-05-25 15:56:49,68,72,14443,95813
2023-05-25 15:56:57,65,72,14443,95813
2023-05-25 15:56:57,70,72,14443,95813
2023-05-25 15:57:01,69,72,14443,95813
2023-05-25 15:57:02,69,71,14443,95813
2023-05-25 15:57:02,69,72,14443,95813
2023-05-25 15:57:02,69,70,14443,95813
2023-05-25 15:57:02,69,70,14466,95836
2023-05-25 15:57:04,69,72,14466,95836
2023-05-25 15:57:04,69,72,14466,95842
2023-05-25 15:57:05,68,72,14466,95842
2023-05-25 15:57:07,60,72,14466,95846
2023-05-25 15:57:08,60,68,14466,95846
2023-05-25 15:57:09,62,68,14466,95846
2023-05-25 15:57:13,62,72,14466,95846
2023-05-25 15:57:13,62,79,14466,95846
2023-05-25 15:57:13,63,79,14466,95846
2023-05-25 15:57:14,66,79,14466,95846
2023-05-25 15:57:14,66,81,14466,95846
2023-05-25 15:57:15,63,81,14466,95846
2023-05-25 15:57:17,68,77,14466,95846
2023-05-25 15:57:18,70,77,14466,95846
2023-05-25 15:57:20,68,77,14466,95846
2023-05-25 15:57:22,73,77,14466,95846
2023-05-25 15:57:23,71,77,14466,95846
2023-05-25 15:57:23,71,84,14470,95856
2023-05-25 15:57:27,68,84,14470,95856
2023-05-25 15:57:27,74,84,14470,95856
2023-05-25 15:57:28,76,84,14470,95856
2023-05-25 15:57:29,71,84,14470,95856
2023-05-25 15:57:29,80,84,14470,95856
2023-05-25 15:57:29,80,84,14470,95906
2023-05-25 15:57:30,76,84,14470,95906
2023-05-25 15:57:35,76,81,14470,95906
2023-05-25 15:57:41,73,81,14470,95906
2023-05-25 15:57:41,74,81,14470,95906
2023-05-25 15:57:44,76,81,14470,95906
2023-05-25 15:57:48,76,84,14472,95908
2023-05-25 15:57:56,80,84,14472,95908
2023-05-25 15:57:56,76,84,14552,95988
2023-05-25 15:57:57,75,84,14552,95988
2023-05-25 15:57:58,78,83,14552,95988
2023-05-25 15:58:02,76,83,14552,95988
2023-05-25 15:58:02,71,83,14552,95988
2023-05-25 15:58:04,70,83,14552,95988
2023-05-25 15:58:04,73,83,14552,95988
2023-05-25 15:58:05,71,83,14552,95988
2023-05-25 15:58:05,75,83,14552,95988
2023-05-25 15:58:08,75,83,14553,95989
2023-05-25 15:58:10,77,83,14553,95989
2023-05-25 15:58:10,78,83,14553,95989
2023-05-25 15:58:13,79,83,14553,95989
2023-05-25 15:58:24,81,83,14553,95989
2023-05-25 15:58:27,79,83,14553,95989
2023-05-25 15:58:27,84,88,14549,95996
2023-05-25 15:58:28,88,91,14541,96004
2023-05-25 15:58:29,89,91,14541,96004
2023-05-25 15:58:29,88,91,14441,96104
2023-05-25 15:58:30,86,91,14441,96104
2023-05-25 15:58:30,82,91,14441,96104
2023-05-25 15:58:30,83,91,14441,96104
2023-05-25 15:58:30,84,91,14441,96104
2023-05-25 15:58:30,85,91,14441,96104
2023-05-25 15:58:30,86,91,14441,96104
2023-05-25 15:58:33,85,91,14441,96104
2023-05-25 15:58:34,85,92,14443,96115
2023-05-25 15:58:37,83,92,14443,96115
2023-05-25 15:58:38,82,92,14443,96115
2023-05-25 15:58:38,82,89,14443,96115
2023-05-25 15:58:42,82,89,14443,96125
2023-05-25 15:58:42,83,89,14443,96125
2023-05-25 15:58:44,84,89,14443,96125
2023-05-25 15:58:45,85,89,14443,96125
2023-05-25 15:58:46,86,89,14443,96125
2023-05-25 15:58:48,86,89,14443,96136
2023-05-25 15:58:49,87,89,14443,96136
2023-05-25 15:58:53,87,92,14447,97119
2023-05-25 15:58:54,89,92,14447,97119
2023-05-25 15:59:06,84,92,14447,97119
2023-05-25 15:59:14,84,92,14447,97134
2023-05-25 15:59:17,84,89,14447,97134
2023-05-25 15:59:24,84,92,14447,97144
2023-05-25 15:59:37,84,93,14451,97152
2023-05-25 15:59:42,84,94,14453,97172
2023-05-25 15:59:43,99,100,14453,97191
2023-05-25 15:59:43,99,100,14522,97260
2023-05-25 15:59:43,99,100,14572,97310
2023-05-25 15:59:44,99,100,14792,97530
2023-05-25 15:59:45,99,100,14807,97545
2023-05-25 15:59:46,99,100,14822,97560
2023-05-25 15:59:47,99,100,14837,97575
2023-05-25 15:59:48,99,100,14852,97590
2023-05-25 15:59:48,99,100,14902,97640
2023-05-25 15:59:49,93,100,14902,97640
2023-05-25 15:59:52,93,98,14902,97640
2023-05-25 15:59:53,93,96,14902,97640
2023-05-25 15:59:53,93,94,14902,97640
2023-05-25 15:59:53,84,94,14910,97648
2023-05-25 15:59:54,91,94,14910,97648
2023-05-25 15:59:54,91,95,14910,97648
2023-05-25 15:59:54,91,98,14910,97648
2023-05-25 15:59:54,84,98,14910,97648
2023-05-25 15:59:54,92,98,14910,97648
2023-05-25 15:59:55,92,99,14910,97648
2023-05-25 15:59:55,92,94,14910,97648
2023-05-25 15:59:56,88,94,14910,97648
2023-05-25 15:59:56,94,99,14910,97650
2023-05-25 15:59:56,88,99,14910,97650
2023-05-25 15:59:57,98,99,14910,97650
2023-05-25 15:59:59,89,99,14904,97656
