datetime,bid,ask,open_interest,volume
2023-05-25 09:30:01,12,39,1642,2018
2023-05-25 09:30:01,12,40,1642,2018
2023-05-25 09:30:08,12,39,1642,2018
2023-05-25 09:30:10,12,40,1642,2018
2023-05-25 09:30:11,13,40,1642,2018
2023-05-25 09:30:17,13,39,1642,2018
2023-05-25 09:30:17,13,40,1642,2018
2023-05-25 09:30:29,12,40,1642,2018
2023-05-25 09:30:29,14,40,1642,2018
2023-05-25 09:30:44,14,39,1642,2018
2023-05-25 09:30:44,14,40,1642,2018
2023-05-25 09:30:50,14,39,1642,2018
2023-05-25 09:30:50,14,40,1642,2018
2023-05-25 09:30:54,14,39,1642,2018
2023-05-25 09:30:54,14,40,1642,2018
2023-05-25 09:30:57,14,39,1642,2018
2023-05-25 09:30:59,14,38,1642,2018
2023-05-25 09:30:59,14,37,1642,2018
2023-05-25 09:31:00,14,36,1642,2018
2023-05-25 09:31:02,14,40,1642,2018
2023-05-25 09:31:02,14,35,1642,2018
2023-05-25 09:31:04,26,35,1642,2018
2023-05-25 09:31:04,27,35,1642,2018
2023-05-25 09:31:04,28,29,1642,2018
2023-05-25 09:31:05,29,30,1661,2037
2023-05-25 09:31:06,29,30,1680,2056
2023-05-25 09:31:06,28,29,1742,2118
2023-05-25 09:31:06,28,30,1742,2118
2023-05-25 09:31:07,28,31,1742,2118
2023-05-25 09:31:08,28,30,1742,2118
2023-05-25 09:31:08,28,29,1742,2118
2023-05-25 09:31:10,29,31,1761,2137
2023-05-25 09:31:10,29,31,1780,2156
2023-05-25 09:31:10,28,29,1842,2218
2023-05-25 09:31:10,28,31,1842,2218
2023-05-25 09:31:11,28,29,1842,2218
2023-05-25 09:31:12,29,31,1861,2237
2023-05-25 09:31:13,29,30,1861,2237
2023-05-25 09:31:13,28,29,1942,2318
2023-05-25 09:31:14,28,30,1942,2318
2023-05-25 09:31:25,30,31,1961,2337
2023-05-25 09:31:26,28,31,1961,2337
2023-05-25 09:31:26,30,31,1961,2337
2023-05-25 09:31:28,30,31,1961,2537
2023-05-25 09:31:30,30,31,1961,2737
2023-05-25 09:31:34,28,30,1961,2837
2023-05-25 09:31:34,28,31,2061,2937
2023-05-25 09:31:35,28,30,2061,2937
2023-05-25 09:31:36,30,31,2080,2956
2023-05-25 09:31:41,28,30,2125,3109
2023-05-25 09:31:41,28,31,2125,3109
2023-05-25 09:33:01,29,31,2125,3109
2023-05-25 09:33:18,29,30,2125,3109
2023-05-25 09:33:19,29,31,2125,3109
2023-05-25 09:33:19,29,31,2120,3309
2023-05-25 09:33:22,31,32,2080,3554
2023-05-25 09:33:34,29,31,2125,3604
2023-05-25 09:34:14,30,31,2125,3604
2023-05-25 09:34:16,29,31,2125,3604
2023-05-25 09:34:17,30,31,2125,3604
2023-05-25 09:34:18,29,31,2125,3604
2023-05-25 09:34:19,30,31,2125,3604
2023-05-25 09:36:25,31,32,2080,3654
2023-05-25 09:37:33,30,32,2120,3749
2023-05-25 09:37:33,30,32,2120,3854
2023-05-25 09:37:34,30,31,2120,3854
2023-05-25 09:41:25,30,31,2080,4054
2023-05-25 09:41:33,30,32,2080,4054
2023-05-25 09:43:45,31,32,2080,4054
2023-05-25 09:44:58,31,32,2080,4254
2023-05-25 09:45:51,32,33,2080,4259
2023-05-25 09:49:14,33,34,2080,4264
2023-05-25 09:49:14,32,34,2080,4264
2023-05-25 09:49:16,33,34,2080,4264
2023-05-25 09:52:58,33,34,2108,4292
2023-05-25 09:57:03,34,35,2108,4297
2023-05-25 09:59:06,35,36,2108,4302
2023-05-25 10:02:36,36,37,2108,4326
2023-05-25 10:02:36,36,37,2108,4345
2023-05-25 10:02:36,35,36,2108,4352
2023-05-25 10:02:36,35,37,2108,4352
2023-05-25 10:02:37,35,36,2108,4352
2023-05-25 10:04:02,35,36,2108,4357
2023-05-25 10:05:45,36,37,2108,4386
2023-05-25 10:05:45,36,37,2108,4405
2023-05-25 10:05:45,35,36,2108,4407
2023-05-25 10:05:45,35,37,2108,4407
2023-05-25 10:05:46,35,36,2108,4407
2023-05-25 10:06:24,35,36,2108,4507
2023-05-25 10:15:23,36,37,2108,4512
2023-05-25 10:15:31,35,36,2108,4637
2023-05-25 10:15:31,35,37,2108,4637
2023-05-25 10:15:44,36,37,2108,4637
2023-05-25 10:15:45,35,36,2108,4642
2023-05-25 10:15:45,35,37,2108,4642
2023-05-25 10:15:45,36,37,2108,4642
2023-05-25 10:15:46,35,37,2148,4842
2023-05-25 10:15:47,36,37,2148,4842
2023-05-25 10:15:47,35,36,2148,4847
2023-05-25 10:15:47,35,37,2148,4847
2023-05-25 10:15:48,36,37,2148,4847
2023-05-25 10:15:48,35,36,2148,4852
2023-05-25 10:15:48,35,37,2148,4852
2023-05-25 10:15:49,36,37,2148,4852
2023-05-25 10:15:49,35,36,2148,4857
2023-05-25 10:15:49,35,37,2148,4857
2023-05-25 10:15:50,36,37,2148,4857
2023-05-25 10:15:50,35,36,2148,4862
2023-05-25 10:15:50,35,37,2148,4862
2023-05-25 10:15:51,36,37,2148,4862
2023-05-25 10:15:51,35,36,2148,4867
2023-05-25 10:15:51,35,37,2148,4867
2023-05-25 10:15:52,36,37,2148,4867
2023-05-25 10:15:52,35,36,2148,4872
2023-05-25 10:15:52,35,37,2148,4872
2023-05-25 10:15:53,36,37,2148,4872
2023-05-25 10:16:17,35,36,2193,4922
2023-05-25 10:16:17,35,37,2193,4922
2023-05-25 10:16:18,36,37,2193,4922
2023-05-25 10:16:18,35,36,2193,4927
2023-05-25 10:16:18,35,37,2193,4927
2023-05-25 10:16:19,36,37,2193,4927
2023-05-25 10:16:19,35,36,2193,4932
2023-05-25 10:16:19,35,37,2193,4932
2023-05-25 10:16:20,36,37,2193,4932
2023-05-25 10:16:21,35,36,2193,4937
2023-05-25 10:16:21,35,37,2193,4937
2023-05-25 10:16:22,36,37,2193,4937
2023-05-25 10:16:23,35,36,2193,4942
2023-05-25 10:16:23,35,37,2193,4942
2023-05-25 10:16:24,35,36,2193,4942
2023-05-25 10:16:24,35,36,2188,4947
2023-05-25 10:16:25,35,36,2183,4952
2023-05-25 10:16:26,35,36,2178,4957
2023-05-25 10:16:27,35,36,2173,4962
2023-05-25 10:16:28,35,36,2168,4967
2023-05-25 10:16:29,35,36,2163,4972
2023-05-25 10:16:30,35,36,2158,4977
2023-05-25 10:16:31,35,36,2153,4982
2023-05-25 10:16:32,35,36,2148,4987
2023-05-25 10:16:33,35,36,2143,4992
2023-05-25 10:16:34,36,37,2108,5087
2023-05-25 10:17:06,35,37,2205,5342
2023-05-25 10:17:37,35,36,2205,5342
2023-05-25 10:18:08,36,37,2205,5411
2023-05-25 10:20:12,36,37,2205,5457
2023-05-25 10:22:13,35,36,2205,5461
2023-05-25 10:26:17,36,37,2205,5586
2023-05-25 10:26:17,35,37,2205,5586
2023-05-25 10:26:29,35,37,2218,5599
2023-05-25 10:26:47,35,36,2218,5599
2023-05-25 10:27:07,36,37,2218,5604
2023-05-25 10:28:42,36,38,2315,5701
2023-05-25 10:28:46,36,37,2315,5701
2023-05-25 10:28:46,36,37,2315,5901
2023-05-25 10:29:37,36,38,2320,5906
2023-05-25 10:29:58,37,38,2320,5906
2023-05-25 10:30:07,37,38,2520,6106
2023-05-25 10:30:08,36,37,2520,6276
2023-05-25 10:30:08,36,38,2520,6276
2023-05-25 10:30:39,37,38,2520,6276
2023-05-25 10:30:40,36,38,2520,6276
2023-05-25 10:31:00,37,38,2520,6276
2023-05-25 10:31:02,36,38,2520,6276
2023-05-25 10:31:03,37,38,2520,6276
2023-05-25 10:32:32,37,38,2320,6476
2023-05-25 10:35:12,37,38,2515,6676
2023-05-25 10:35:13,37,38,2715,6876
2023-05-25 10:36:15,37,38,2515,7076
2023-05-25 10:36:46,37,38,2715,7276
2023-05-25 10:37:17,37,38,2515,7476
2023-05-25 10:37:42,38,39,2430,7616
2023-05-25 10:37:42,37,39,2430,7616
2023-05-25 10:37:48,38,39,2430,7616
2023-05-25 10:38:30,37,38,2430,7741
2023-05-25 10:38:30,37,39,2430,7741
2023-05-25 10:38:31,37,39,2625,7941
2023-05-25 10:39:16,38,39,2625,7941
2023-05-25 10:39:21,38,39,2425,8141
2023-05-25 10:39:24,38,39,2263,8341
2023-05-25 10:39:27,38,39,2223,8541
2023-05-25 10:39:49,38,39,2266,8650
2023-05-25 10:39:49,38,39,2375,8759
2023-05-25 10:39:57,38,39,2575,8959
2023-05-25 10:39:58,38,39,2757,9159
2023-05-25 10:40:29,38,39,2757,9359
2023-05-25 10:40:33,38,39,2769,9371
2023-05-25 10:42:17,38,39,2798,9480
2023-05-25 10:42:18,38,40,2896,9578
2023-05-25 10:42:27,39,40,2896,9578
2023-05-25 10:42:27,39,40,2901,9583
2023-05-25 10:43:25,39,40,2901,9613
2023-05-25 10:44:53,39,40,2901,9632
2023-05-25 10:44:54,39,40,2901,9644
2023-05-25 10:44:55,39,40,2901,9651
2023-05-25 10:44:55,39,40,2901,9653
2023-05-25 10:44:56,39,40,2901,9665
2023-05-25 10:44:57,39,40,2901,9670
2023-05-25 10:44:57,39,40,2901,9689
2023-05-25 10:44:58,39,40,2918,9708
2023-05-25 10:44:59,39,40,2920,9710
2023-05-25 10:45:00,38,40,2926,9716
2023-05-25 10:45:00,38,39,2926,9716
2023-05-25 10:45:01,38,39,2931,9721
2023-05-25 10:45:07,38,39,2936,9726
2023-05-25 10:45:19,37,39,3014,9804
2023-05-25 10:45:48,38,39,3014,9804
2023-05-25 10:46:35,38,39,3033,9823
2023-05-25 10:46:39,38,39,3052,9842
2023-05-25 10:46:40,38,39,3252,10042
2023-05-25 10:46:40,38,39,3271,10061
2023-05-25 10:46:41,37,39,3271,10061
2023-05-25 10:47:11,38,39,3271,10061
2023-05-25 10:49:00,38,39,3313,10261
2023-05-25 10:49:01,39,40,3332,10280
2023-05-25 10:51:01,39,40,3351,10299
2023-05-25 10:51:03,39,40,3370,10318
2023-05-25 10:51:04,39,40,3377,10337
2023-05-25 10:53:07,39,40,3377,10412
2023-05-25 10:53:36,39,40,3377,10457
2023-05-25 10:53:38,39,40,3421,10502
2023-05-25 10:53:39,40,41,3462,10543
2023-05-25 10:56:34,40,41,3462,10843
2023-05-25 10:58:36,41,42,3467,10848
2023-05-25 11:00:06,40,41,3339,10976
2023-05-25 11:00:07,40,42,3339,10976
2023-05-25 11:00:10,40,41,3339,10976
2023-05-25 11:00:11,40,42,3339,10976
2023-05-25 11:01:11,40,41,3339,10976
2023-05-25 11:01:49,40,41,3379,11021
2023-05-25 11:04:30,41,42,3339,11156
2023-05-25 11:04:30,40,42,3339,11156
2023-05-25 11:05:10,40,41,3339,11156
2023-05-25 11:05:15,40,42,3339,11156
2023-05-25 11:05:21,40,41,3339,11156
2023-05-25 11:07:20,39,40,3249,11246
2023-05-25 11:08:09,40,41,3249,11336
2023-05-25 11:08:09,39,41,3249,11336
2023-05-25 11:10:54,39,40,3249,11336
2023-05-25 11:11:08,40,41,3294,11381
2023-05-25 11:11:41,39,40,3289,11416
2023-05-25 11:12:14,38,40,3289,11461
2023-05-25 11:12:31,38,39,3289,11461
2023-05-25 11:12:35,38,40,3289,11461
2023-05-25 11:12:37,38,40,3298,11475
2023-05-25 11:13:58,38,39,3298,11475
2023-05-25 11:13:59,38,40,3298,11475
2023-05-25 11:13:59,38,39,3298,11475
2023-05-25 11:14:06,36,38,3293,11546
2023-05-25 11:14:07,37,38,3293,11546
2023-05-25 11:15:31,36,37,3283,11631
2023-05-25 11:15:32,35,37,3283,11631
2023-05-25 11:16:02,36,37,3283,11631
2023-05-25 11:16:09,36,38,3418,11781
2023-05-25 11:16:29,37,38,3418,11781
2023-05-25 11:16:31,38,39,3463,11826
2023-05-25 11:16:32,38,39,3508,11871
2023-05-25 11:16:32,38,40,3508,11871
2023-05-25 11:16:33,39,40,3508,11871
2023-05-25 11:16:33,39,40,3353,12071
2023-05-25 11:16:34,39,40,3153,12271
2023-05-25 11:16:35,39,42,3153,12271
2023-05-25 11:16:51,40,42,3153,12271
2023-05-25 11:16:52,41,42,3153,12271
2023-05-25 11:17:13,41,42,3153,12371
2023-05-25 11:17:13,42,43,3153,12416
2023-05-25 11:17:13,41,43,3153,12416
2023-05-25 11:17:14,42,43,3153,12416
2023-05-25 11:17:14,42,43,3193,12456
2023-05-25 11:17:14,42,44,2993,12656
2023-05-25 11:17:15,43,44,2993,12656
2023-05-25 11:17:16,43,44,3038,12701
2023-05-25 11:20:44,42,44,3038,12701
2023-05-25 11:21:09,42,43,3038,12701
2023-05-25 11:26:52,42,44,3038,12750
2023-05-25 11:28:12,44,45,3281,13195
2023-05-25 11:28:28,43,44,3276,13350
2023-05-25 11:31:15,44,45,3126,13505
2023-05-25 11:31:34,44,45,3126,13711
2023-05-25 11:33:12,44,46,3222,13981
2023-05-25 11:33:19,45,46,3222,13981
2023-05-25 11:33:31,45,46,3222,14131
2023-05-25 11:34:14,45,46,3222,14211
2023-05-25 11:34:14,45,46,3222,14291
2023-05-25 11:34:18,45,46,3222,14306
2023-05-25 11:35:46,45,46,3209,14319
2023-05-25 11:37:36,45,46,3209,14539
2023-05-25 11:39:17,45,46,3214,14544
2023-05-25 11:41:02,44,45,3214,14559
2023-05-25 11:42:20,44,46,3214,14559
2023-05-25 11:47:54,45,46,3214,14559
2023-05-25 11:48:00,44,46,3214,14559
2023-05-25 11:48:00,45,46,3214,14559
2023-05-25 11:49:31,45,46,3217,14562
2023-05-25 11:50:19,44,46,3217,14562
2023-05-25 11:53:06,45,46,3217,14562
2023-05-25 11:53:08,45,46,3217,14762
2023-05-25 11:54:53,44,45,3217,14862
2023-05-25 11:59:32,45,46,3217,14912
2023-05-25 11:59:32,44,46,3217,14912
2023-05-25 12:00:11,45,46,3217,14912
2023-05-25 12:01:08,45,46,3217,14947
2023-05-25 12:03:06,46,47,3217,14997
2023-05-25 12:03:06,45,47,3316,15097
2023-05-25 12:04:42,45,47,3320,15101
2023-05-25 12:04:50,46,47,3320,15101
2023-05-25 12:04:50,46,47,3320,15186
2023-05-25 12:04:51,45,47,3320,15186
2023-05-25 12:06:15,45,48,3761,15632
2023-05-25 12:06:16,46,48,3761,15632
2023-05-25 12:08:13,46,48,3761,15661
2023-05-25 12:09:35,47,48,3761,15661
2023-05-25 12:10:27,47,48,3836,15826
2023-05-25 12:11:12,46,47,3806,15856
2023-05-25 12:12:27,46,47,3896,16056
2023-05-25 12:12:36,45,47,3896,16056
2023-05-25 12:12:47,46,47,3896,16056
2023-05-25 12:16:36,46,47,4096,16256
2023-05-25 12:16:39,45,46,4276,16436
2023-05-25 12:16:39,45,47,4276,16436
2023-05-25 12:16:46,46,47,4276,16436
2023-05-25 12:16:49,45,47,4276,16436
2023-05-25 12:16:57,45,46,4276,16436
2023-05-25 12:16:58,46,47,4295,16455
2023-05-25 12:16:59,46,47,4314,16474
2023-05-25 12:16:59,45,46,4501,16661
2023-05-25 12:16:59,45,47,4501,16661
2023-05-25 12:17:00,45,46,4501,16661
2023-05-25 12:17:02,45,46,4526,16861
2023-05-25 12:17:05,44,46,4326,17111
2023-05-25 12:17:21,44,45,4326,17111
2023-05-25 12:17:44,44,45,4216,17311
2023-05-25 12:18:37,45,46,4286,17491
2023-05-25 12:18:38,44,46,4286,17491
2023-05-25 12:19:22,44,46,4460,17665
2023-05-25 12:19:30,44,45,4460,17665
2023-05-25 12:19:30,44,45,4460,17685
2023-05-25 12:19:30,44,45,4460,17780
2023-05-25 12:19:30,44,46,4460,17780
2023-05-25 12:19:35,43,44,4460,17849
2023-05-25 12:19:35,43,46,4460,17849
2023-05-25 12:19:37,43,45,4460,17849
2023-05-25 12:20:28,43,45,4640,18029
2023-05-25 12:21:06,43,45,4660,18474
2023-05-25 12:22:34,43,44,4660,18474
2023-05-25 12:22:43,43,44,4655,18674
2023-05-25 12:22:43,41,44,4655,18674
2023-05-25 12:23:19,41,43,4655,18674
2023-05-25 12:23:22,41,42,4655,18674
2023-05-25 12:23:26,40,41,4625,18904
2023-05-25 12:24:10,39,40,4625,18909
2023-05-25 12:24:52,39,40,5025,19309
2023-05-25 12:24:52,39,40,5225,19509
2023-05-25 12:24:53,39,40,5250,19534
2023-05-25 12:24:54,39,40,5450,19734
2023-05-25 12:24:54,40,41,5480,19764
2023-05-25 12:24:57,41,42,5505,19789
2023-05-25 12:25:20,40,41,5505,19794
2023-05-25 12:25:31,40,41,5605,19894
2023-05-25 12:25:32,41,42,5680,19969
2023-05-25 12:25:52,42,43,5680,19989
2023-05-25 12:25:52,41,43,5680,19989
2023-05-25 12:25:52,41,42,5680,19989
2023-05-25 12:25:52,41,42,5695,20004
2023-05-25 12:25:53,41,43,5733,20079
2023-05-25 12:25:54,42,43,5733,20079
2023-05-25 12:28:13,42,44,5753,20139
2023-05-25 12:28:18,42,43,5753,20139
2023-05-25 12:29:08,42,43,5753,20239
2023-05-25 12:30:01,41,42,5743,20249
2023-05-25 12:30:41,40,41,5878,20414
2023-05-25 12:30:42,40,41,6278,20814
2023-05-25 12:30:44,40,41,6378,20914
2023-05-25 12:30:46,40,41,6478,21014
2023-05-25 12:31:09,40,41,6718,21314
2023-05-25 12:31:15,41,42,6783,21379
2023-05-25 12:33:22,42,43,6783,21419
2023-05-25 12:33:22,41,43,6783,21419
2023-05-25 12:34:13,42,43,6783,21419
2023-05-25 12:34:25,43,44,6783,21549
2023-05-25 12:34:25,42,44,6783,21549
2023-05-25 12:34:33,43,44,6783,21549
2023-05-25 12:34:33,43,44,6823,21589
2023-05-25 12:34:33,43,44,6863,21629
2023-05-25 12:34:48,44,46,6883,21799
2023-05-25 12:34:49,43,46,6883,21799
2023-05-25 12:34:49,44,46,6883,21799
2023-05-25 12:34:49,44,45,6883,21799
2023-05-25 12:40:01,44,45,6683,21999
2023-05-25 12:40:29,43,44,6653,22104
2023-05-25 12:40:38,43,44,6623,22304
2023-05-25 12:40:53,42,43,6623,22334
2023-05-25 12:40:54,42,44,6623,22334
2023-05-25 12:40:56,42,43,6623,22334
2023-05-25 12:40:57,42,44,6623,22334
2023-05-25 12:40:58,42,43,6623,22334
2023-05-25 12:45:03,42,43,6648,22559
2023-05-25 12:45:09,43,44,6645,22577
2023-05-25 12:45:09,42,44,6645,22577
2023-05-25 12:45:37,43,44,6645,22577
2023-05-25 12:45:55,43,45,6885,22821
2023-05-25 12:46:35,43,44,6885,22821
2023-05-25 12:47:04,44,45,6890,22830
2023-05-25 12:47:37,44,45,7090,23080
2023-05-25 12:47:37,44,45,7090,23210
2023-05-25 12:48:29,45,46,7110,23235
2023-05-25 12:49:10,45,46,6985,23435
2023-05-25 12:49:11,45,46,7005,23455
2023-05-25 12:49:11,45,46,7025,23475
2023-05-25 12:49:25,44,46,7025,23475
2023-05-25 12:51:42,44,45,7025,23475
2023-05-25 12:54:31,45,46,7025,23499
2023-05-25 12:54:31,45,46,7075,23549
2023-05-25 12:54:31,44,45,7076,23550
2023-05-25 12:54:34,45,46,7056,23619
2023-05-25 12:54:34,44,46,7056,23619
2023-05-25 12:54:53,45,46,7056,23619
2023-05-25 12:54:57,46,47,6955,23720
2023-05-25 12:54:57,45,47,6955,23720
2023-05-25 12:55:05,46,47,6955,23720
2023-05-25 12:55:46,46,47,6955,23920
2023-05-25 12:56:21,45,46,6955,23925
2023-05-25 12:56:21,45,46,7155,24125
2023-05-25 12:56:21,44,45,7205,24175
2023-05-25 12:56:41,43,45,7205,24175
2023-05-25 12:57:16,43,44,7205,24175
2023-05-25 12:57:53,44,45,7205,24224
2023-05-25 12:58:06,45,47,7156,24423
2023-05-25 12:58:06,44,47,7156,24423
2023-05-25 12:58:06,45,47,7156,24423
2023-05-25 12:59:02,46,47,7156,24423
2023-05-25 12:59:13,46,47,7156,24623
2023-05-25 12:59:13,48,49,7156,24674
2023-05-25 12:59:13,48,49,7256,24774
2023-05-25 12:59:13,48,49,7356,24874
2023-05-25 12:59:14,47,48,7356,25023
2023-05-25 12:59:16,48,49,7205,25174
2023-05-25 12:59:16,47,49,7205,25174
2023-05-25 12:59:18,47,48,7205,25174
2023-05-25 12:59:34,49,50,7205,25414
2023-05-25 12:59:34,49,50,7210,25419
2023-05-25 12:59:34,49,50,7213,25422
2023-05-25 12:59:34,49,50,7217,25426
2023-05-25 13:00:06,47,49,7217,25619
2023-05-25 13:00:07,47,50,7217,25619
2023-05-25 13:00:07,47,49,7217,25619
2023-05-25 13:00:37,47,48,7217,25619
2023-05-25 13:01:05,48,49,7189,25647
2023-05-25 13:01:05,47,49,7189,25647
2023-05-25 13:01:19,47,48,7189,25647
2023-05-25 13:01:21,48,49,7181,25655
2023-05-25 13:01:21,47,49,7181,25655
2023-05-25 13:01:27,48,49,7181,25655
2023-05-25 13:01:44,49,50,7006,25830
2023-05-25 13:01:44,48,50,7006,25830
2023-05-25 13:02:06,49,50,7006,25830
2023-05-25 13:05:50,49,50,7006,25847
2023-05-25 13:05:51,50,51,7006,25850
2023-05-25 13:07:56,49,50,7006,25920
2023-05-25 13:07:57,49,51,7006,25920
2023-05-25 13:07:58,49,50,7006,25920
2023-05-25 13:09:01,48,49,7006,25990
2023-05-25 13:09:01,48,49,7570,26554
2023-05-25 13:11:39,47,48,7570,26564
2023-05-25 13:12:46,46,47,7570,26739
2023-05-25 13:14:51,47,48,7570,26934
2023-05-25 13:15:25,46,48,7570,26934
2023-05-25 13:15:25,46,47,7570,26934
2023-05-25 13:15:28,46,48,7570,26934
2023-05-25 13:15:36,46,47,7570,26934
2023-05-25 13:15:41,46,48,7570,26934
2023-05-25 13:15:59,46,47,7570,26934
2023-05-25 13:16:05,45,46,7570,26954
2023-05-25 13:16:07,44,45,7570,26979
2023-05-25 13:16:08,44,46,7570,26979
2023-05-25 13:16:36,44,45,7570,26979
2023-05-25 13:17:03,43,45,7570,27154
2023-05-25 13:17:57,43,44,7570,27154
2023-05-25 13:18:14,42,43,7570,27159
2023-05-25 13:20:06,42,43,7570,27309
2023-05-25 13:24:04,41,43,7570,27309
2023-05-25 13:24:07,42,43,7570,27309
2023-05-25 13:24:33,42,43,7570,27329
2023-05-25 13:25:59,41,42,7570,27409
2023-05-25 13:26:03,40,41,7570,27509
2023-05-25 13:26:31,40,41,7570,27609
2023-05-25 13:26:34,40,41,7570,27709
2023-05-25 13:26:41,39,40,7570,27764
2023-05-25 13:26:42,38,39,7570,27799
2023-05-25 13:26:46,36,39,7570,27799
2023-05-25 13:26:46,38,39,7570,27799
2023-05-25 13:26:46,38,39,7570,27814
2023-05-25 13:26:50,38,39,7770,28014
2023-05-25 13:27:03,36,38,7770,28044
2023-05-25 13:27:24,36,37,7770,28044
2023-05-25 13:27:24,36,37,7770,28049
2023-05-25 13:28:23,37,38,7770,28219
2023-05-25 13:30:46,36,37,7775,28224
2023-05-25 13:30:46,36,38,7775,28224
2023-05-25 13:30:46,36,37,7775,28224
2023-05-25 13:31:26,35,36,7775,28229
2023-05-25 13:32:07,35,36,7775,28234
2023-05-25 13:32:27,34,35,7775,28239
2023-05-25 13:32:35,33,34,7780,28244
2023-05-25 13:32:35,33,35,7780,28244
2023-05-25 13:32:35,33,34,7780,28244
2023-05-25 13:32:36,33,35,7780,28244
2023-05-25 13:33:32,34,35,7780,28244
2023-05-25 13:33:32,34,35,7780,28444
2023-05-25 13:33:32,34,35,7780,28469
2023-05-25 13:33:33,34,35,7780,28494
2023-05-25 13:33:34,35,36,7780,28564
2023-05-25 13:33:34,36,37,7780,28584
2023-05-25 13:33:34,36,37,7825,28629
2023-05-25 13:36:38,37,38,7825,28699
2023-05-25 13:37:08,36,37,7840,28714
2023-05-25 13:37:08,36,38,7840,28714
2023-05-25 13:37:39,37,38,7840,28714
2023-05-25 13:37:42,36,37,7990,28864
2023-05-25 13:37:42,36,38,7990,28864
2023-05-25 13:38:40,37,38,7990,28864
2023-05-25 13:38:42,37,38,7990,28964
2023-05-25 13:38:42,37,39,8050,29034
2023-05-25 13:39:28,36,37,8050,29039
2023-05-25 13:39:28,36,39,8050,29039
2023-05-25 13:39:29,37,39,8050,29039
2023-05-25 13:39:43,36,39,8050,29039
2023-05-25 13:40:00,36,38,8050,29039
2023-05-25 13:40:00,35,38,8050,29039
2023-05-25 13:40:02,35,37,8050,29039
2023-05-25 13:40:12,34,37,8050,29039
2023-05-25 13:40:41,35,37,8050,29039
2023-05-25 13:40:43,34,37,8050,29039
2023-05-25 13:41:03,35,37,8050,29039
2023-05-25 13:41:15,36,37,8050,29039
2023-05-25 13:41:26,37,39,8055,29044
2023-05-25 13:41:31,36,39,8055,29044
2023-05-25 13:41:32,37,39,8055,29044
2023-05-25 13:41:48,36,39,8055,29044
2023-05-25 13:42:53,36,38,8055,29044
2023-05-25 13:43:05,36,37,8055,29044
2023-05-25 13:43:06,35,37,8055,29044
2023-05-25 13:43:21,34,37,8055,29044
2023-05-25 13:43:22,34,37,8073,29062
2023-05-25 13:44:10,35,37,8073,29062
2023-05-25 13:44:14,34,37,8073,29062
2023-05-25 13:44:28,35,37,8073,29062
2023-05-25 13:45:00,37,38,8093,29082
2023-05-25 13:45:04,35,38,8093,29082
2023-05-25 13:45:05,37,38,8093,29082
2023-05-25 13:45:12,35,38,8093,29082
2023-05-25 13:46:26,36,38,8093,29082
2023-05-25 13:46:37,38,39,8113,29102
2023-05-25 13:46:41,36,39,8113,29102
2023-05-25 13:46:41,38,39,8113,29102
2023-05-25 13:46:46,36,39,8113,29102
2023-05-25 13:47:06,35,39,8113,29102
2023-05-25 13:47:38,35,38,8113,29102
2023-05-25 13:47:48,34,38,8113,29102
2023-05-25 13:48:03,34,37,8113,29102
2023-05-25 13:48:11,36,37,8113,29102
2023-05-25 13:48:14,36,37,8313,29302
2023-05-25 13:48:16,34,36,8488,29477
2023-05-25 13:48:16,34,37,8488,29477
2023-05-25 13:48:27,34,36,8488,29477
2023-05-25 13:49:36,35,36,8488,29477
2023-05-25 13:50:08,35,36,8688,29677
2023-05-25 13:50:36,33,36,8588,29887
2023-05-25 13:50:41,34,36,8588,29887
2023-05-25 13:50:41,35,36,8588,29887
2023-05-25 13:51:16,36,37,8588,29907
2023-05-25 13:51:25,35,37,8588,29907
2023-05-25 13:51:25,35,36,8588,29907
2023-05-25 13:51:25,34,36,8588,29907
2023-05-25 13:51:30,34,37,8588,29907
2023-05-25 13:51:30,34,35,8588,29907
2023-05-25 13:51:53,35,36,8588,29927
2023-05-25 13:51:57,36,37,8588,29947
2023-05-25 13:52:07,35,37,8588,29947
2023-05-25 13:52:52,35,36,8588,29947
2023-05-25 13:53:01,34,36,8588,29947
2023-05-25 13:53:23,36,37,8588,29967
2023-05-25 13:53:32,34,37,8588,29967
2023-05-25 13:53:55,35,37,8588,29967
2023-05-25 13:54:08,37,38,8593,30002
2023-05-25 13:54:24,38,39,8613,30022
2023-05-25 13:54:27,37,39,8613,30022
2023-05-25 13:54:35,38,39,8613,30022
2023-05-25 13:54:35,37,39,8628,30037
2023-05-25 13:54:36,38,39,8628,30037
2023-05-25 13:54:36,37,39,8828,30237
2023-05-25 13:54:36,38,39,8828,30237
2023-05-25 13:54:42,37,39,8828,30237
2023-05-25 13:54:45,38,39,8828,30237
2023-05-25 13:54:51,39,41,8848,30257
2023-05-25 13:54:57,39,40,8848,30257
2023-05-25 13:54:59,40,41,8848,30272
2023-05-25 13:55:02,39,41,8848,30272
2023-05-25 13:55:05,37,41,8848,30272
2023-05-25 13:55:07,38,41,8848,30272
2023-05-25 13:55:08,37,41,8848,30272
2023-05-25 13:55:10,37,40,8848,30272
2023-05-25 13:55:10,38,40,8848,30272
2023-05-25 13:55:34,38,41,8868,30292
2023-05-25 13:55:35,40,41,8868,30292
2023-05-25 13:55:35,40,41,8873,30297
2023-05-25 13:55:35,40,41,8883,30307
2023-05-25 13:55:43,38,41,8883,30307
2023-05-25 13:56:00,38,40,8883,30307
2023-05-25 13:56:13,37,40,8883,30307
2023-05-25 13:57:38,40,41,8888,30312
2023-05-25 13:57:57,39,40,8883,30317
2023-05-25 13:58:04,39,40,8883,30517
2023-05-25 13:58:17,37,40,8883,30517
2023-05-25 13:58:21,37,39,8883,30517
2023-05-25 13:58:34,34,39,8878,30522
2023-05-25 13:58:34,35,39,8878,30522
2023-05-25 13:58:34,35,38,8878,30522
2023-05-25 13:58:44,35,38,8878,30534
2023-05-25 13:59:01,35,36,8878,30534
2023-05-25 13:59:50,35,36,8818,30734
2023-05-25 14:00:02,34,35,8818,30779
2023-05-25 14:00:04,32,35,8818,30779
2023-05-25 14:00:04,32,34,8818,30779
2023-05-25 14:00:07,32,33,8818,30779
2023-05-25 14:00:08,32,33,8818,30979
2023-05-25 14:00:08,30,33,8922,31179
2023-05-25 14:00:08,30,32,8922,31179
2023-05-25 14:00:09,30,31,8922,31179
2023-05-25 14:00:09,30,31,8947,31204
2023-05-25 14:00:09,30,31,8972,31229
2023-05-25 14:00:09,30,31,8997,31254
2023-05-25 14:00:10,30,31,9197,31454
2023-05-25 14:00:10,30,31,9222,31479
2023-05-25 14:00:10,30,31,9247,31504
2023-05-25 14:00:10,30,31,9272,31529
2023-05-25 14:00:12,28,31,9272,31529
2023-05-25 14:00:12,27,31,9272,31529
2023-05-25 14:00:12,27,30,9272,31529
2023-05-25 14:00:12,27,29,9272,31529
2023-05-25 14:00:13,27,29,9274,31531
2023-05-25 14:00:14,26,29,9274,31531
2023-05-25 14:00:14,26,28,9274,31531
2023-05-25 14:00:17,24,28,9274,31531
2023-05-25 14:00:17,26,28,9274,31531
2023-05-25 14:00:18,26,27,9274,31531
2023-05-25 14:00:18,23,26,9276,31533
2023-05-25 14:00:19,23,27,9276,31533
2023-05-25 14:00:19,23,26,9276,31533
2023-05-25 14:00:19,23,25,9276,31533
2023-05-25 14:00:22,23,24,9276,31533
2023-05-25 14:00:26,20,23,9296,31553
2023-05-25 14:00:27,18,23,9296,31553
2023-05-25 14:00:27,18,22,9296,31553
2023-05-25 14:00:27,18,21,9296,31553
2023-05-25 14:00:27,18,20,9296,31553
2023-05-25 14:00:27,18,21,9296,31553
2023-05-25 14:00:28,18,20,9296,31553
2023-05-25 14:00:29,17,20,9296,31553
2023-05-25 14:00:29,17,19,9296,31553
2023-05-25 14:00:34,18,19,9296,31553
2023-05-25 14:00:36,17,19,9296,31553
2023-05-25 14:00:37,18,19,9296,31553
2023-05-25 14:00:38,19,20,9294,31570
2023-05-25 14:00:39,19,21,9294,31570
2023-05-25 14:00:40,20,21,9294,31570
2023-05-25 14:00:40,20,22,9294,31570
2023-05-25 14:00:41,20,23,9294,31570
2023-05-25 14:00:45,20,22,9294,31570
2023-05-25 14:00:45,20,21,9294,31570
2023-05-25 14:00:58,20,22,9294,31570
2023-05-25 14:01:00,20,21,9294,31570
2023-05-25 14:01:02,19,20,9294,31590
2023-05-25 14:01:05,20,21,9114,31770
2023-05-25 14:01:05,20,22,9114,31770
2023-05-25 14:01:05,19,20,9094,31790
2023-05-25 14:01:06,19,20,9094,31870
2023-05-25 14:01:08,19,21,9094,31939
2023-05-25 14:01:10,19,20,9094,31939
2023-05-25 14:01:23,18,19,9090,31945
2023-05-25 14:01:29,18,20,9090,31945
2023-05-25 14:01:36,18,19,9090,31945
2023-05-25 14:01:36,17,19,9090,31945
2023-05-25 14:01:37,17,18,9090,31945
2023-05-25 14:01:39,17,19,9090,31945
2023-05-25 14:01:40,17,19,9090,32045
2023-05-25 14:01:42,17,19,9090,32145
2023-05-25 14:01:44,17,19,9040,32245
2023-05-25 14:02:00,18,19,9040,32245
2023-05-25 14:02:08,19,20,9020,32265
2023-05-25 14:02:30,20,22,9000,32285
2023-05-25 14:02:30,19,22,9000,32285
2023-05-25 14:02:30,21,22,9000,32285
2023-05-25 14:02:43,20,21,8901,32386
2023-05-25 14:03:01,20,21,8814,32586
2023-05-25 14:03:01,20,23,8814,32786
2023-05-25 14:03:01,21,23,8814,32786
2023-05-25 14:03:03,21,25,8814,32786
2023-05-25 14:03:03,21,23,8814,32786
2023-05-25 14:03:04,22,23,8814,32786
2023-05-25 14:03:04,22,23,8814,32801
2023-05-25 14:03:04,22,23,8814,32816
2023-05-25 14:03:04,21,23,8814,32816
2023-05-25 14:03:05,21,23,8814,33016
2023-05-25 14:03:05,21,23,8814,33041
2023-05-25 14:03:05,22,23,8814,33041
2023-05-25 14:03:07,22,23,8614,33241
2023-05-25 14:03:10,23,25,8614,33317
2023-05-25 14:03:44,23,25,8614,33327
2023-05-25 14:03:53,24,25,8614,33327
2023-05-25 14:04:04,25,26,8614,33422
2023-05-25 14:04:10,24,26,8614,33422
2023-05-25 14:04:19,26,27,8630,33462
2023-05-25 14:04:20,24,26,8630,33522
2023-05-25 14:04:21,24,27,8630,33522
2023-05-25 14:04:21,26,27,8630,33522
2023-05-25 14:04:32,24,27,8630,33522
2023-05-25 14:04:48,24,26,8630,33522
2023-05-25 14:04:48,24,26,8630,33622
2023-05-25 14:04:57,24,26,8630,33642
2023-05-25 14:04:58,25,26,8630,33642
2023-05-25 14:05:05,25,26,8660,33672
2023-05-25 14:05:08,26,27,8662,33674
2023-05-25 14:05:13,25,27,8662,33674
2023-05-25 14:05:13,26,27,8662,33674
2023-05-25 14:05:21,25,26,8677,33691
2023-05-25 14:05:22,27,28,8700,33729
2023-05-25 14:05:29,27,28,8715,33744
2023-05-25 14:05:29,28,30,8735,33764
2023-05-25 14:06:09,29,30,8735,33764
2023-05-25 14:06:12,30,33,8735,33784
2023-05-25 14:06:12,29,33,8735,33784
2023-05-25 14:06:12,30,33,8735,33784
2023-05-25 14:06:12,31,33,8735,33784
2023-05-25 14:06:53,31,33,8735,33884
2023-05-25 14:06:55,31,33,8735,33984
2023-05-25 14:06:56,33,35,8755,34004
2023-05-25 14:06:56,33,35,8766,34015
2023-05-25 14:06:56,33,35,8770,34019
2023-05-25 14:06:59,31,35,8770,34019
2023-05-25 14:07:23,31,34,8770,34019
2023-05-25 14:07:41,31,33,8770,34019
2023-05-25 14:07:43,30,33,8770,34019
2023-05-25 14:07:57,30,31,8770,34019
2023-05-25 14:07:59,31,33,8770,34022
2023-05-25 14:08:03,33,34,8772,34024
2023-05-25 14:08:04,33,34,8809,34061
2023-05-25 14:08:08,31,34,8809,34061
2023-05-25 14:08:11,34,35,8829,34081
2023-05-25 14:08:14,34,35,8829,34097
2023-05-25 14:08:16,31,35,8829,34097
2023-05-25 14:08:16,34,35,8829,34097
2023-05-25 14:08:21,31,34,8827,34099
2023-05-25 14:08:31,34,35,8829,34102
2023-05-25 14:08:34,31,35,8829,34102
2023-05-25 14:08:39,32,35,8829,34102
2023-05-25 14:08:55,33,35,8829,34102
2023-05-25 14:08:55,35,37,8849,34122
2023-05-25 14:08:58,34,37,8929,34202
2023-05-25 14:08:59,35,37,8929,34202
2023-05-25 14:08:59,34,37,8944,34217
2023-05-25 14:09:00,35,37,8944,34217
2023-05-25 14:09:02,35,37,8963,34317
2023-05-25 14:09:04,35,37,8988,34342
2023-05-25 14:09:04,36,37,8988,34342
2023-05-25 14:09:04,36,37,9168,34522
2023-05-25 14:09:58,36,37,9178,34532
2023-05-25 14:10:02,33,36,9176,34534
2023-05-25 14:10:02,33,37,9176,34534
2023-05-25 14:10:02,33,35,9176,34534
2023-05-25 14:10:07,34,35,9176,34534
2023-05-25 14:10:08,35,37,9176,34547
2023-05-25 14:10:09,35,37,9178,34549
2023-05-25 14:10:10,35,36,9178,34549
2023-05-25 14:10:13,34,36,9178,34549
2023-05-25 14:10:14,35,36,9178,34549
2023-05-25 14:10:58,34,35,9178,34551
2023-05-25 14:10:58,34,36,9178,34551
2023-05-25 14:11:05,34,35,9178,34551
2023-05-25 14:11:09,32,35,9178,34551
2023-05-25 14:11:21,33,35,9178,34551
2023-05-25 14:11:23,33,34,9178,34551
2023-05-25 14:11:26,34,35,9178,34554
2023-05-25 14:11:38,32,35,9178,34554
2023-05-25 14:12:02,33,35,9178,34554
2023-05-25 14:12:06,34,35,9178,34554
2023-05-25 14:12:15,35,36,9180,34556
2023-05-25 14:12:15,35,36,9196,34572
2023-05-25 14:12:15,35,36,9212,34588
2023-05-25 14:12:51,34,35,9212,34590
2023-05-25 14:12:51,34,36,9212,34590
2023-05-25 14:13:04,32,36,9212,34590
2023-05-25 14:13:09,32,35,9212,34590
2023-05-25 14:13:22,32,35,9212,34606
2023-05-25 14:13:55,32,34,9212,34606
2023-05-25 14:14:20,32,33,9212,34606
2023-05-25 14:14:27,29,32,9210,34608
2023-05-25 14:15:28,29,31,9210,34608
2023-05-25 14:15:33,29,30,9210,34608
2023-05-25 14:15:35,28,29,9210,34648
2023-05-25 14:15:35,28,30,9210,34648
2023-05-25 14:15:37,28,29,9210,34648
2023-05-25 14:15:39,27,28,9275,34773
2023-05-25 14:15:39,27,29,9275,34773
2023-05-25 14:15:39,25,29,9275,34773
2023-05-25 14:15:39,25,28,9275,34773
2023-05-25 14:15:39,27,28,9275,34773
2023-05-25 14:15:39,27,29,9275,34773
2023-05-25 14:15:39,27,28,9275,34773
2023-05-25 14:15:47,24,27,9340,34840
2023-05-25 14:15:47,24,28,9340,34840
2023-05-25 14:15:47,24,27,9340,34840
2023-05-25 14:16:16,25,27,9340,34840
2023-05-25 14:16:24,24,27,9340,34840
2023-05-25 14:16:25,25,27,9340,34840
2023-05-25 14:16:27,24,27,9340,34840
2023-05-25 14:16:51,24,27,9342,34845
2023-05-25 14:16:55,24,26,9342,34845
2023-05-25 14:17:23,22,24,9600,35150
2023-05-25 14:17:44,23,24,9600,35150
2023-05-25 14:17:46,24,25,9602,35152
2023-05-25 14:17:46,24,25,9638,35188
2023-05-25 14:17:51,23,25,9638,35188
2023-05-25 14:17:51,24,25,9638,35188
2023-05-25 14:18:08,23,24,9638,35190
2023-05-25 14:18:15,22,24,9638,35192
2023-05-25 14:18:41,21,24,9838,35412
2023-05-25 14:18:53,22,24,9838,35412
2023-05-25 14:18:56,21,24,9853,35427
2023-05-25 14:19:04,21,23,9853,35427
2023-05-25 14:19:05,21,23,9953,35527
2023-05-25 14:19:07,21,23,10053,35627
2023-05-25 14:19:08,21,23,10153,35727
2023-05-25 14:19:10,21,23,10253,35827
2023-05-25 14:19:11,21,24,10353,35927
2023-05-25 14:19:12,21,23,10353,35927
2023-05-25 14:19:23,23,24,10355,35944
2023-05-25 14:19:38,24,25,10357,35946
2023-05-25 14:19:43,23,25,10357,35946
2023-05-25 14:19:43,24,25,10357,35946
2023-05-25 14:19:50,23,24,10357,35948
2023-05-25 14:20:32,23,25,10361,36010
2023-05-25 14:20:32,24,25,10361,36010
2023-05-25 14:20:34,24,26,10361,36010
2023-05-25 14:20:35,25,26,10361,36010
2023-05-25 14:20:52,26,27,10388,36037
2023-05-25 14:21:04,27,30,10410,36059
2023-05-25 14:21:05,27,29,10410,36059
2023-05-25 14:21:14,27,28,10410,36059
2023-05-25 14:23:02,26,28,10410,36059
2023-05-25 14:23:04,26,27,10410,36059
2023-05-25 14:23:29,25,27,10410,36061
2023-05-25 14:23:30,26,27,10410,36061
2023-05-25 14:23:53,25,26,10410,36063
2023-05-25 14:24:06,23,26,10410,36085
2023-05-25 14:24:07,25,26,10410,36085
2023-05-25 14:24:27,25,26,10435,36110
2023-05-25 14:24:27,26,27,10435,36285
2023-05-25 14:24:28,27,28,10435,36287
2023-05-25 14:24:28,26,28,10435,36287
2023-05-25 14:24:28,26,30,10435,36287
2023-05-25 14:24:29,27,30,10435,36287
2023-05-25 14:24:29,28,30,10435,36287
2023-05-25 14:24:29,28,30,10585,36437
2023-05-25 14:24:38,28,29,10585,36437
2023-05-25 14:24:41,29,30,10585,36462
2023-05-25 14:24:56,28,29,10585,36464
2023-05-25 14:25:25,29,30,10605,36484
2023-05-25 14:25:44,28,29,10605,36486
2023-05-25 14:25:46,28,29,10705,36586
2023-05-25 14:25:47,29,30,10803,36684
2023-05-25 14:25:54,30,31,10823,36704
2023-05-25 14:25:54,30,31,10897,36778
2023-05-25 14:26:08,29,31,10897,36778
2023-05-25 14:26:08,29,30,10897,36778
2023-05-25 14:26:12,28,29,10895,36780
2023-05-25 14:26:19,26,29,10895,36780
2023-05-25 14:26:20,27,29,10895,36780
2023-05-25 14:26:21,27,28,10895,36780
2023-05-25 14:26:21,26,28,10895,36780
2023-05-25 14:26:29,26,28,10995,36880
2023-05-25 14:26:30,26,29,11095,36980
2023-05-25 14:26:31,26,28,11095,36980
2023-05-25 14:26:45,26,27,11095,36980
2023-05-25 14:26:51,26,28,11095,36980
2023-05-25 14:26:57,26,27,11095,36980
2023-05-25 14:27:06,23,27,11095,36980
2023-05-25 14:27:07,23,26,11095,36980
2023-05-25 14:27:11,23,25,11095,36980
2023-05-25 14:27:12,23,26,11095,36980
2023-05-25 14:27:59,24,26,11095,36980
2023-05-25 14:28:14,25,26,11095,36980
2023-05-25 14:28:48,25,26,11095,36981
2023-05-25 14:29:17,26,27,11097,36983
2023-05-25 14:29:20,25,27,11097,36983
2023-05-25 14:29:21,26,27,11097,36983
2023-05-25 14:29:33,25,27,11097,36983
2023-05-25 14:29:47,26,27,11097,36983
2023-05-25 14:29:48,27,28,11097,37015
2023-05-25 14:29:48,26,28,11097,37015
2023-05-25 14:29:48,27,28,11097,37015
2023-05-25 14:29:48,27,30,11097,37015
2023-05-25 14:29:48,27,32,11097,37015
2023-05-25 14:29:49,27,31,11097,37015
2023-05-25 14:29:58,28,31,11097,37015
2023-05-25 14:30:07,27,31,11097,37036
2023-05-25 14:30:08,28,31,11097,37036
2023-05-25 14:30:09,27,31,11097,37055
2023-05-25 14:30:09,28,31,11097,37055
2023-05-25 14:30:09,27,31,11097,37074
2023-05-25 14:30:10,28,31,11097,37074
2023-05-25 14:30:11,27,31,11097,37093
2023-05-25 14:30:12,28,31,11097,37093
2023-05-25 14:30:44,28,31,11097,37203
2023-05-25 14:30:55,31,33,11117,37223
2023-05-25 14:30:55,31,33,11137,37243
2023-05-25 14:30:59,28,33,11137,37243
2023-05-25 14:31:00,29,33,11137,37243
2023-05-25 14:31:04,28,33,11137,37243
2023-05-25 14:31:10,28,30,11137,37243
2023-05-25 14:31:11,30,33,11147,37253
2023-05-25 14:31:14,31,33,11147,37253
2023-05-25 14:31:16,33,35,11167,37273
2023-05-25 14:31:17,33,34,11167,37273
2023-05-25 14:31:21,34,35,11174,37280
2023-05-25 14:31:22,34,35,11211,37317
2023-05-25 14:31:22,34,35,11231,37337
2023-05-25 14:31:22,34,35,11251,37357
2023-05-25 14:31:23,33,35,11267,37373
2023-05-25 14:31:36,32,35,11267,37373
2023-05-25 14:31:55,33,35,11267,37373
2023-05-25 14:31:56,34,35,11267,37373
2023-05-25 14:31:56,34,35,11267,37473
2023-05-25 14:31:59,35,37,11287,37493
2023-05-25 14:32:04,34,37,11287,37493
2023-05-25 14:32:04,35,37,11287,37493
2023-05-25 14:32:13,34,37,11287,37493
2023-05-25 14:32:42,35,37,11287,37493
2023-05-25 14:32:42,36,37,11287,37493
2023-05-25 14:32:44,37,41,11177,37623
2023-05-25 14:32:46,37,40,11177,37623
2023-05-25 14:33:24,38,40,11177,37623
2023-05-25 14:33:24,38,40,11217,37663
2023-05-25 14:33:24,38,40,11252,37698
2023-05-25 14:33:25,40,41,11292,37847
2023-05-25 14:33:25,40,43,11312,37867
2023-05-25 14:33:25,39,43,11363,37918
2023-05-25 14:33:26,40,43,11363,37918
2023-05-25 14:33:26,39,43,11378,37933
2023-05-25 14:33:32,41,43,11378,37933
2023-05-25 14:33:32,41,43,11378,37958
2023-05-25 14:33:32,41,45,11378,37958
2023-05-25 14:33:32,41,43,11378,37958
2023-05-25 14:33:33,42,43,11378,37958
2023-05-25 14:33:33,42,47,11398,37978
2023-05-25 14:33:33,43,47,11398,37978
2023-05-25 14:33:33,42,47,11398,37978
2023-05-25 14:33:33,43,47,11398,37978
2023-05-25 14:33:33,44,47,11398,37978
2023-05-25 14:33:34,43,47,11413,37993
2023-05-25 14:33:34,45,47,11413,37993
2023-05-25 14:33:34,45,47,11418,37998
2023-05-25 14:33:35,44,47,11428,38008
2023-05-25 14:33:35,44,46,11428,38008
2023-05-25 14:33:37,44,47,11428,38008
2023-05-25 14:33:37,45,47,11428,38008
2023-05-25 14:33:37,45,47,11433,38013
2023-05-25 14:33:40,45,46,11433,38013
2023-05-25 14:33:40,44,46,11443,38025
2023-05-25 14:33:45,44,45,11443,38025
2023-05-25 14:33:45,43,45,11458,38042
2023-05-25 14:33:48,42,45,11473,38057
2023-05-25 14:33:50,42,44,11473,38057
2023-05-25 14:33:52,42,44,11473,38157
2023-05-25 14:33:54,41,44,11473,38157
2023-05-25 14:33:57,42,44,11473,38157
2023-05-25 14:34:16,42,43,11473,38157
2023-05-25 14:34:16,43,44,11473,38187
2023-05-25 14:34:17,42,44,11473,38187
2023-05-25 14:34:20,43,44,11473,38187
2023-05-25 14:34:21,44,45,11473,38207
2023-05-25 14:34:21,43,45,11473,38207
2023-05-25 14:34:22,43,44,11473,38207
2023-05-25 14:34:22,43,44,11488,38222
2023-05-25 14:34:22,43,45,11493,38227
2023-05-25 14:34:22,44,45,11493,38227
2023-05-25 14:34:23,45,47,11495,38229
2023-05-25 14:34:29,45,46,11495,38229
2023-05-25 14:34:29,45,46,11495,38242
2023-05-25 14:34:40,41,46,11495,38242
2023-05-25 14:34:40,41,45,11495,38242
2023-05-25 14:34:40,42,45,11495,38242
2023-05-25 14:34:41,42,44,11495,38242
2023-05-25 14:34:46,42,44,11479,38258
2023-05-25 14:34:47,42,43,11479,38258
2023-05-25 14:35:06,43,45,11481,38260
2023-05-25 14:35:06,43,44,11481,38260
2023-05-25 14:35:09,43,45,11481,38260
2023-05-25 14:35:16,45,46,11481,38280
2023-05-25 14:35:16,43,46,11481,38280
2023-05-25 14:35:25,44,46,11481,38280
2023-05-25 14:35:35,45,46,11481,38280
2023-05-25 14:35:35,45,46,11568,38367
2023-05-25 14:35:37,46,47,11568,38387
2023-05-25 14:35:37,45,47,11568,38387
2023-05-25 14:35:38,47,48,11568,38407
2023-05-25 14:35:38,45,48,11568,38407
2023-05-25 14:35:38,46,48,11568,38407
2023-05-25 14:35:39,47,48,11568,38407
2023-05-25 14:35:44,48,50,11565,38430
2023-05-25 14:35:44,47,50,11565,38430
2023-05-25 14:36:02,48,50,11565,38430
2023-05-25 14:36:09,47,50,11565,38430
2023-05-25 14:36:13,48,50,11565,38430
2023-05-25 14:36:18,48,50,11565,38432
2023-05-25 14:36:33,48,49,11565,38432
2023-05-25 14:36:38,47,48,11415,38582
2023-05-25 14:37:07,47,48,11371,38782
2023-05-25 14:37:07,47,48,11266,38887
2023-05-25 14:37:07,44,47,11265,38888
2023-05-25 14:37:08,44,48,11265,38888
2023-05-25 14:37:08,44,47,11265,38888
2023-05-25 14:37:08,44,46,11265,38888
2023-05-25 14:37:11,45,46,11265,38888
2023-05-25 14:37:19,46,47,11267,38890
2023-05-25 14:37:24,47,49,11267,38910
2023-05-25 14:37:24,46,49,11267,38910
2023-05-25 14:37:24,47,49,11267,38910
2023-05-25 14:37:36,46,49,11282,38927
2023-05-25 14:37:37,46,48,11282,38927
2023-05-25 14:37:41,47,48,11282,38927
2023-05-25 14:37:41,47,48,11290,38935
2023-05-25 14:40:20,47,48,11287,38938
2023-05-25 14:40:28,47,48,11272,38953
2023-05-25 14:40:28,47,48,11268,39022
2023-05-25 14:40:33,46,48,11387,39141
2023-05-25 14:40:33,46,47,11387,39141
2023-05-25 14:40:36,44,47,11387,39141
2023-05-25 14:40:40,45,47,11387,39141
2023-05-25 14:40:46,44,47,11387,39141
2023-05-25 14:40:48,45,47,11387,39141
2023-05-25 14:40:53,45,46,11387,39141
2023-05-25 14:41:17,46,47,11387,39166
2023-05-25 14:42:08,46,47,11387,39186
2023-05-25 14:42:16,46,48,11387,39188
2023-05-25 14:42:17,47,48,11387,39188
2023-05-25 14:42:32,47,51,11387,39211
2023-05-25 14:42:32,48,51,11387,39211
2023-05-25 14:42:32,49,51,11387,39211
2023-05-25 14:42:32,49,51,11394,39218
2023-05-25 14:42:36,50,51,11394,39218
2023-05-25 14:42:36,50,51,11398,39222
2023-05-25 14:42:39,49,51,11398,39222
2023-05-25 14:42:40,50,51,11398,39222
2023-05-25 14:43:12,51,52,11398,39389
2023-05-25 14:44:19,51,52,11398,39394
2023-05-25 14:44:31,50,51,11398,39473
2023-05-25 14:44:42,50,51,11460,39535
2023-05-25 14:44:42,49,50,11482,39557
2023-05-25 14:46:11,50,51,11376,39677
2023-05-25 14:46:11,49,51,11376,39677
2023-05-25 14:46:11,50,51,11376,39677
2023-05-25 14:46:16,51,52,11354,39699
2023-05-25 14:46:16,50,52,11354,39699
2023-05-25 14:46:16,51,52,11354,39699
2023-05-25 14:46:24,51,52,11413,39758
2023-05-25 14:46:24,51,52,11487,39832
2023-05-25 14:46:27,50,52,11487,39832
2023-05-25 14:46:27,51,52,11487,39832
2023-05-25 14:46:34,52,53,11462,39857
2023-05-25 14:46:34,51,53,11462,39857
2023-05-25 14:46:34,52,53,11462,39857
2023-05-25 14:46:36,51,53,11477,39891
2023-05-25 14:46:36,52,53,11477,39891
2023-05-25 14:46:36,51,53,11477,39910
2023-05-25 14:46:37,51,52,11477,39910
2023-05-25 14:46:37,51,53,11477,39929
2023-05-25 14:46:37,52,53,11477,39929
2023-05-25 14:46:37,51,53,11477,39929
2023-05-25 14:46:38,52,53,11477,39929
2023-05-25 14:46:40,51,53,11477,39929
2023-05-25 14:46:51,52,53,11477,39929
2023-05-25 14:47:13,53,56,11468,39938
2023-05-25 14:47:13,52,56,11468,39938
2023-05-25 14:47:13,53,56,11468,39938
2023-05-25 14:47:14,52,56,11483,39953
2023-05-25 14:47:14,53,56,11483,39953
2023-05-25 14:47:14,53,56,11498,39968
2023-05-25 14:47:14,54,56,11498,39968
2023-05-25 14:47:15,54,56,11504,39974
2023-05-25 14:47:15,55,56,11504,39974
2023-05-25 14:47:16,55,56,11504,39980
2023-05-25 14:47:16,54,56,11504,39980
2023-05-25 14:47:17,54,55,11504,39980
2023-05-25 14:48:01,53,55,11504,39980
2023-05-25 14:48:13,53,54,11504,39980
2023-05-25 14:48:16,53,55,11504,39980
2023-05-25 14:48:34,53,54,11504,39980
2023-05-25 14:48:37,52,54,11504,39980
2023-05-25 14:48:38,52,53,11504,39980
2023-05-25 14:48:48,51,52,11504,40008
2023-05-25 14:48:49,50,51,11504,40036
2023-05-25 14:48:49,48,51,11504,40036
2023-05-25 14:48:50,48,49,11504,40036
2023-05-25 14:48:55,48,49,11516,40048
2023-05-25 14:49:01,48,49,11516,40110
2023-05-25 14:49:01,48,49,11516,40133
2023-05-25 14:49:20,49,50,11516,40185
2023-05-25 14:49:20,50,51,11516,40253
2023-05-25 14:49:22,50,51,11541,40278
2023-05-25 14:49:24,50,52,11544,40281
2023-05-25 14:49:24,51,52,11544,40281
2023-05-25 14:49:24,51,54,11544,40281
2023-05-25 14:49:25,52,54,11544,40281
2023-05-25 14:49:25,53,54,11544,40281
2023-05-25 14:50:45,52,53,11544,40373
2023-05-25 14:51:27,51,52,11544,40465
2023-05-25 14:51:47,51,52,11544,40468
2023-05-25 14:52:41,50,52,11544,40468
2023-05-25 14:52:42,50,51,11544,40468
2023-05-25 14:52:52,49,50,11544,40488
2023-05-25 14:52:55,47,50,11544,40488
2023-05-25 14:52:55,47,51,11544,40488
2023-05-25 14:52:55,47,49,11544,40488
2023-05-25 14:52:55,48,49,11544,40488
2023-05-25 14:52:59,47,49,11544,40488
2023-05-25 14:53:01,47,50,11544,40488
2023-05-25 14:53:01,47,48,11544,40488
2023-05-25 14:53:05,47,50,11544,40488
2023-05-25 14:53:05,47,49,11544,40488
2023-05-25 14:53:06,47,50,11544,40488
2023-05-25 14:53:09,48,50,11544,40488
2023-05-25 14:53:21,49,50,11544,40488
2023-05-25 14:54:31,48,50,11544,40488
2023-05-25 14:54:31,48,49,11544,40488
2023-05-25 14:55:06,49,50,11407,40625
2023-05-25 14:55:06,48,50,11407,40625
2023-05-25 14:55:06,49,50,11407,40625
2023-05-25 14:55:55,50,51,11407,40762
2023-05-25 14:55:58,51,54,11382,40899
2023-05-25 14:55:58,50,54,11382,40899
2023-05-25 14:55:58,51,54,11382,40899
2023-05-25 14:55:58,52,54,11382,40899
2023-05-25 14:56:48,53,54,11382,40899
2023-05-25 14:57:57,53,55,11402,40919
2023-05-25 14:57:57,54,55,11402,40919
2023-05-25 14:58:08,54,55,11415,40937
2023-05-25 14:59:09,54,55,11248,41137
2023-05-25 15:00:06,54,55,11233,41152
2023-05-25 15:00:06,54,55,11225,41160
2023-05-25 15:00:07,54,55,11148,41360
2023-05-25 15:00:07,53,54,11175,41387
2023-05-25 15:00:08,53,55,11175,41387
2023-05-25 15:00:08,53,54,11175,41387
2023-05-25 15:00:09,50,53,11325,41537
2023-05-25 15:00:09,50,54,11325,41537
2023-05-25 15:00:09,50,52,11325,41537
2023-05-25 15:00:09,49,52,11325,41537
2023-05-25 15:00:12,49,51,11325,41537
2023-05-25 15:00:14,49,52,11325,41537
2023-05-25 15:00:14,49,51,11325,41537
2023-05-25 15:00:23,50,51,11325,41537
2023-05-25 15:00:30,51,52,11325,41687
2023-05-25 15:00:46,52,54,11175,41837
2023-05-25 15:00:46,51,54,11175,41837
2023-05-25 15:00:46,52,54,11175,41837
2023-05-25 15:00:59,52,53,11175,41837
2023-05-25 15:01:07,52,53,11175,41947
2023-05-25 15:01:14,49,53,11175,41947
2023-05-25 15:01:14,49,52,11175,41947
2023-05-25 15:01:20,49,53,11175,41947
2023-05-25 15:01:23,49,52,11175,41947
2023-05-25 15:01:24,49,53,11175,41947
2023-05-25 15:01:25,50,53,11175,41947
2023-05-25 15:01:27,50,53,11175,41950
2023-05-25 15:01:29,50,52,11175,41950
2023-05-25 15:01:34,50,53,11175,41950
2023-05-25 15:01:34,51,53,11175,41950
2023-05-25 15:01:35,52,53,11175,41950
2023-05-25 15:02:34,53,54,11173,41952
2023-05-25 15:02:34,52,54,11173,41952
2023-05-25 15:02:34,53,54,11173,41952
2023-05-25 15:02:51,54,55,11173,41960
2023-05-25 15:03:54,54,55,11173,41963
2023-05-25 15:03:56,54,55,11173,41998
2023-05-25 15:03:59,51,55,11173,41998
2023-05-25 15:03:59,51,54,11173,41998
2023-05-25 15:04:09,51,53,11173,41998
2023-05-25 15:04:20,51,52,11173,41998
2023-05-25 15:04:22,51,53,11173,41998
2023-05-25 15:04:33,48,53,11173,41998
2023-05-25 15:04:33,49,53,11173,41998
2023-05-25 15:04:47,49,51,11173,41998
2023-05-25 15:04:48,49,50,11173,41998
2023-05-25 15:04:48,44,50,11173,41998
2023-05-25 15:04:49,46,50,11173,41998
2023-05-25 15:04:53,46,51,11173,41998
2023-05-25 15:04:57,46,50,11173,41998
2023-05-25 15:05:01,46,49,11173,41998
2023-05-25 15:05:02,46,48,11173,41998
2023-05-25 15:05:05,43,48,11173,41998
2023-05-25 15:05:11,44,48,11173,41998
2023-05-25 15:05:12,43,48,11173,41998
2023-05-25 15:05:24,43,47,11173,41998
2023-05-25 15:05:30,43,46,11173,41998
2023-05-25 15:05:31,43,45,11173,41998
2023-05-25 15:05:32,43,44,11173,41998
2023-05-25 15:05:35,43,45,11173,41998
2023-05-25 15:05:36,43,44,11173,41998
2023-05-25 15:05:38,43,45,11173,41998
2023-05-25 15:05:39,43,44,11173,41998
2023-05-25 15:05:40,43,45,11173,41998
2023-05-25 15:05:47,40,45,11173,41998
2023-05-25 15:05:55,41,45,11173,41998
2023-05-25 15:05:58,40,45,11173,41998
2023-05-25 15:06:01,41,45,11173,41998
2023-05-25 15:06:13,41,44,11173,41998
2023-05-25 15:06:17,40,44,11173,41998
2023-05-25 15:06:23,41,44,11173,41998
2023-05-25 15:06:27,40,44,11173,41998
2023-05-25 15:06:30,40,43,11173,41998
2023-05-25 15:06:35,40,42,11173,41998
2023-05-25 15:06:37,40,41,11173,41998
2023-05-25 15:07:01,37,41,11173,41998
2023-05-25 15:07:02,37,42,11173,41998
2023-05-25 15:07:03,37,41,11173,41998
2023-05-25 15:07:16,37,39,11173,41998
2023-05-25 15:07:17,34,39,11173,41998
2023-05-25 15:07:18,34,37,11173,41998
2023-05-25 15:07:23,34,37,11273,42098
2023-05-25 15:07:24,34,37,11373,42198
2023-05-25 15:07:26,37,39,11401,42226
2023-05-25 15:07:30,35,39,11401,42226
2023-05-25 15:07:41,36,39,11401,42226
2023-05-25 15:07:44,39,40,11401,42246
2023-05-25 15:07:49,36,40,11401,42246
2023-05-25 15:07:49,39,40,11401,42246
2023-05-25 15:07:55,35,40,11401,42246
2023-05-25 15:07:58,36,40,11401,42246
2023-05-25 15:08:19,40,41,11401,42266
2023-05-25 15:08:24,36,41,11401,42266
2023-05-25 15:08:24,37,41,11401,42266
2023-05-25 15:08:25,40,41,11401,42266
2023-05-25 15:08:32,34,41,11401,42266
2023-05-25 15:08:33,35,41,11401,42266
2023-05-25 15:08:37,35,40,11401,42266
2023-05-25 15:09:26,35,39,11401,42266
2023-05-25 15:09:30,34,39,11401,42266
2023-05-25 15:09:40,33,39,11401,42266
2023-05-25 15:09:49,33,38,11401,42266
2023-05-25 15:09:49,33,37,11401,42266
2023-05-25 15:10:01,33,36,11401,42266
2023-05-25 15:10:01,33,35,11401,42266
2023-05-25 15:10:05,30,35,11401,42266
2023-05-25 15:10:06,30,34,11401,42266
2023-05-25 15:10:07,30,33,11401,42266
2023-05-25 15:10:14,30,32,11401,42266
2023-05-25 15:10:14,30,31,11401,42266
2023-05-25 15:10:16,24,30,11551,42416
2023-05-25 15:10:16,24,31,11551,42416
2023-05-25 15:10:18,25,31,11551,42416
2023-05-25 15:10:31,26,31,11551,42416
2023-05-25 15:10:36,27,31,11551,42416
2023-05-25 15:10:41,26,31,11551,42416
2023-05-25 15:10:46,27,31,11551,42416
2023-05-25 15:11:09,26,31,11553,42437
2023-05-25 15:11:10,28,31,11553,42437
2023-05-25 15:11:41,28,30,11553,42437
2023-05-25 15:11:44,24,30,11553,42437
2023-05-25 15:11:46,24,29,11553,42437
2023-05-25 15:12:27,24,29,11535,42455
2023-05-25 15:13:02,24,28,11535,42455
2023-05-25 15:13:03,24,27,11535,42455
2023-05-25 15:13:17,24,29,11535,42455
2023-05-25 15:13:18,24,28,11535,42455
2023-05-25 15:13:27,24,29,11535,42455
2023-05-25 15:13:29,24,28,11535,42455
2023-05-25 15:13:35,26,28,11535,42455
2023-05-25 15:13:35,27,28,11535,42455
2023-05-25 15:13:36,27,29,11535,42482
2023-05-25 15:13:38,28,29,11535,42482
2023-05-25 15:13:40,28,34,11535,42503
2023-05-25 15:13:40,29,34,11535,42503
2023-05-25 15:13:40,29,33,11535,42503
2023-05-25 15:13:41,30,33,11535,42503
2023-05-25 15:13:46,29,33,11535,42503
2023-05-25 15:13:47,30,33,11535,42503
2023-05-25 15:13:47,27,33,11575,42543
2023-05-25 15:13:49,28,33,11575,42543
2023-05-25 15:13:50,29,33,11575,42543
2023-05-25 15:13:52,30,33,11575,42543
2023-05-25 15:13:54,36,37,11442,42676
2023-05-25 15:13:54,30,37,11442,42771
2023-05-25 15:13:54,31,37,11442,42771
2023-05-25 15:13:56,31,36,11442,42771
2023-05-25 15:14:05,28,36,11442,42771
2023-05-25 15:14:05,29,36,11442,42771
2023-05-25 15:14:06,29,35,11442,42771
2023-05-25 15:14:07,29,34,11442,42771
2023-05-25 15:14:11,29,33,11442,42771
2023-05-25 15:14:13,29,32,11442,42771
2023-05-25 15:14:16,25,32,11442,42771
2023-05-25 15:14:21,26,32,11442,42771
2023-05-25 15:14:26,27,32,11442,42771
2023-05-25 15:14:31,26,32,11442,42771
2023-05-25 15:14:31,27,32,11442,42771
2023-05-25 15:14:38,28,32,11442,42771
2023-05-25 15:14:43,29,32,11442,42771
2023-05-25 15:14:47,29,32,11442,42786
2023-05-25 15:14:52,32,36,11482,42846
2023-05-25 15:14:57,29,36,11482,42846
2023-05-25 15:14:58,32,36,11482,42846
2023-05-25 15:15:03,32,35,11482,42846
2023-05-25 15:15:08,28,35,11482,42873
2023-05-25 15:15:09,29,35,11482,42873
2023-05-25 15:15:21,30,35,11482,42873
2023-05-25 15:15:23,31,35,11482,42873
2023-05-25 15:15:24,31,36,11482,42913
2023-05-25 15:15:28,32,36,11482,42913
2023-05-25 15:15:29,33,36,11482,42913
2023-05-25 15:15:29,33,38,11482,42933
2023-05-25 15:15:29,34,38,11482,42933
2023-05-25 15:15:33,34,35,11482,42933
2023-05-25 15:15:33,35,38,11481,42934
2023-05-25 15:15:34,34,38,11481,42934
2023-05-25 15:15:35,35,38,11481,42934
2023-05-25 15:15:35,36,38,11481,42934
2023-05-25 15:15:36,37,38,11481,42934
2023-05-25 15:15:36,38,42,11461,42974
2023-05-25 15:15:36,37,42,11461,42974
2023-05-25 15:15:41,38,42,11461,42974
2023-05-25 15:15:41,39,42,11461,42974
2023-05-25 15:15:43,37,42,11461,42974
2023-05-25 15:15:44,38,42,11461,42974
2023-05-25 15:15:49,38,41,11461,42974
2023-05-25 15:15:53,41,42,11461,42976
2023-05-25 15:15:54,41,42,11481,42996
2023-05-25 15:15:54,41,42,11518,43033
2023-05-25 15:15:54,41,42,11555,43070
2023-05-25 15:15:58,38,42,11555,43070
2023-05-25 15:16:00,37,42,11555,43070
2023-05-25 15:16:00,33,42,11555,43070
2023-05-25 15:16:00,34,42,11555,43070
2023-05-25 15:16:03,35,42,11555,43070
2023-05-25 15:16:04,36,42,11555,43070
2023-05-25 15:16:12,36,41,11555,43070
2023-05-25 15:16:13,36,40,11555,43070
2023-05-25 15:16:20,34,40,11555,43070
2023-05-25 15:16:20,31,40,11555,43070
2023-05-25 15:16:20,35,40,11555,43070
2023-05-25 15:16:27,35,39,11555,43070
2023-05-25 15:16:29,31,39,11555,43070
2023-05-25 15:16:30,31,40,11555,43070
2023-05-25 15:16:30,32,40,11555,43070
2023-05-25 15:16:32,32,39,11555,43070
2023-05-25 15:16:34,32,40,11555,43070
2023-05-25 15:16:34,32,39,11555,43070
2023-05-25 15:16:52,33,39,11555,43070
2023-05-25 15:16:55,34,39,11555,43070
2023-05-25 15:16:55,34,42,11559,43090
2023-05-25 15:16:56,35,42,11559,43090
2023-05-25 15:17:01,36,42,11559,43090
2023-05-25 15:17:01,37,42,11559,43090
2023-05-25 15:17:13,37,40,11559,43090
2023-05-25 15:17:15,40,42,11597,43128
2023-05-25 15:17:20,37,42,11597,43128
2023-05-25 15:17:20,38,42,11597,43128
2023-05-25 15:17:21,37,42,11597,43128
2023-05-25 15:17:50,37,41,11597,43128
2023-05-25 15:17:52,37,39,11597,43128
2023-05-25 15:17:53,37,38,11597,43128
2023-05-25 15:18:04,37,39,11597,43128
2023-05-25 15:18:05,32,39,11597,43128
2023-05-25 15:18:06,32,38,11597,43128
2023-05-25 15:18:34,32,37,11597,43128
2023-05-25 15:18:37,32,36,11597,43128
2023-05-25 15:18:38,32,35,11597,43128
2023-05-25 15:18:50,32,37,11597,43128
2023-05-25 15:18:51,32,36,11597,43128
2023-05-25 15:18:51,32,35,11597,43128
2023-05-25 15:19:26,33,35,11597,43128
2023-05-25 15:19:27,34,35,11597,43128
2023-05-25 15:19:28,35,37,11599,43130
2023-05-25 15:19:32,37,41,11601,43132
2023-05-25 15:19:39,35,41,11601,43132
2023-05-25 15:19:39,36,41,11601,43132
2023-05-25 15:19:40,35,41,11601,43132
2023-05-25 15:19:41,36,41,11601,43132
2023-05-25 15:19:50,36,39,11601,43132
2023-05-25 15:19:59,35,39,11601,43132
2023-05-25 15:19:59,32,39,11601,43132
2023-05-25 15:20:00,33,39,11601,43132
2023-05-25 15:20:36,33,38,11601,43132
2023-05-25 15:20:39,33,39,11601,43132
2023-05-25 15:20:41,33,38,11601,43132
2023-05-25 15:20:46,33,37,11601,43132
2023-05-25 15:20:56,33,36,11601,43132
2023-05-25 15:21:07,33,35,11601,43132
2023-05-25 15:21:10,33,34,11601,43132
2023-05-25 15:21:11,32,33,11619,43198
2023-05-25 15:21:11,32,34,11619,43198
2023-05-25 15:21:14,32,33,11619,43198
2023-05-25 15:21:23,29,33,11687,43286
2023-05-25 15:21:27,28,33,11687,43286
2023-05-25 15:21:35,31,33,11687,43286
2023-05-25 15:21:47,31,32,11687,43286
2023-05-25 15:21:48,25,31,11705,43317
2023-05-25 15:21:48,25,32,11705,43317
2023-05-25 15:21:51,25,31,11705,43317
2023-05-25 15:21:51,24,31,11705,43317
2023-05-25 15:21:51,25,31,11705,43317
2023-05-25 15:22:23,26,31,11705,43317
2023-05-25 15:23:18,26,30,11705,43317
2023-05-25 15:23:21,25,30,11705,43317
2023-05-25 15:23:48,26,30,11705,43317
2023-05-25 15:23:49,25,30,11705,43317
2023-05-25 15:23:50,26,30,11705,43317
2023-05-25 15:25:05,27,30,11705,43317
2023-05-25 15:25:06,28,30,11705,43317
2023-05-25 15:25:11,30,31,11685,43337
2023-05-25 15:25:11,28,31,11685,43337
2023-05-25 15:25:14,28,34,11685,43357
2023-05-25 15:25:22,29,34,11685,43357
2023-05-25 15:25:23,30,34,11685,43357
2023-05-25 15:25:28,31,34,11685,43357
2023-05-25 15:25:29,30,34,11685,43357
2023-05-25 15:25:29,32,34,11685,43357
2023-05-25 15:25:45,32,37,11695,43387
2023-05-25 15:25:49,32,36,11695,43387
2023-05-25 15:25:51,32,35,11695,43387
2023-05-25 15:25:52,30,35,11695,43387
2023-05-25 15:25:52,31,35,11695,43387
2023-05-25 15:25:53,30,35,11695,43387
2023-05-25 15:25:55,31,35,11695,43387
2023-05-25 15:26:09,31,34,11695,43387
2023-05-25 15:26:37,30,34,11695,43387
2023-05-25 15:26:37,28,34,11695,43387
2023-05-25 15:26:41,28,33,11695,43387
2023-05-25 15:26:48,26,33,11695,43387
2023-05-25 15:27:11,26,32,11695,43387
2023-05-25 15:27:12,27,32,11695,43387
2023-05-25 15:27:13,27,31,11695,43387
2023-05-25 15:27:15,27,30,11695,43387
2023-05-25 15:27:15,26,30,11695,43387
2023-05-25 15:27:17,26,29,11695,43387
2023-05-25 15:27:19,24,29,11695,43387
2023-05-25 15:27:20,24,28,11695,43387
2023-05-25 15:27:33,24,27,11695,43387
2023-05-25 15:27:43,24,26,11695,43387
2023-05-25 15:27:46,24,26,11813,43587
2023-05-25 15:27:47,22,24,11835,43609
2023-05-25 15:27:47,22,26,11835,43609
2023-05-25 15:27:49,25,26,11835,43609
2023-05-25 15:27:50,22,25,11835,43629
2023-05-25 15:27:50,22,26,11835,43629
2023-05-25 15:27:53,22,25,11835,43629
2023-05-25 15:27:54,22,24,11835,43629
2023-05-25 15:28:04,19,22,11835,43750
2023-05-25 15:28:05,19,21,11835,43750
2023-05-25 15:28:05,19,20,11835,43750
2023-05-25 15:28:06,18,19,11835,43790
2023-05-25 15:28:07,18,19,11835,43990
2023-05-25 15:28:07,18,19,11795,44030
2023-05-25 15:28:07,18,19,11795,44055
2023-05-25 15:28:07,17,19,11795,44097
2023-05-25 15:28:08,17,18,11795,44097
2023-05-25 15:28:08,17,18,11995,44297
2023-05-25 15:28:08,17,18,12007,44317
2023-05-25 15:28:08,16,18,12010,44320
2023-05-25 15:28:08,16,17,12010,44320
2023-05-25 15:28:09,15,17,12010,44320
2023-05-25 15:28:09,15,16,12010,44320
2023-05-25 15:28:09,15,16,12210,44520
2023-05-25 15:28:11,14,15,12260,44570
2023-05-25 15:28:11,14,16,12260,44570
2023-05-25 15:28:12,14,17,12260,44570
2023-05-25 15:28:13,14,16,12260,44570
2023-05-25 15:28:15,15,16,12260,44570
2023-05-25 15:28:17,14,16,12260,44570
2023-05-25 15:28:25,15,16,12260,44570
2023-05-25 15:28:36,10,16,12220,45165
2023-05-25 15:28:37,11,16,12220,45165
2023-05-25 15:28:37,12,16,12220,45165
2023-05-25 15:28:38,13,16,12220,45165
2023-05-25 15:28:39,12,16,12220,45165
2023-05-25 15:28:42,13,16,12220,45165
2023-05-25 15:28:59,13,15,12220,45165
2023-05-25 15:29:02,13,16,12220,45165
2023-05-25 15:29:02,13,14,12220,45165
2023-05-25 15:29:03,14,16,12184,45201
2023-05-25 15:29:03,13,16,12184,45201
2023-05-25 15:29:06,13,16,12184,45221
2023-05-25 15:29:25,13,17,12184,45263
2023-05-25 15:30:04,14,17,12184,45263
2023-05-25 15:30:05,15,17,12184,45263
2023-05-25 15:30:05,17,18,12064,45383
2023-05-25 15:30:05,15,18,12064,45383
2023-05-25 15:30:07,16,18,12064,45383
2023-05-25 15:30:07,18,19,11982,45483
2023-05-25 15:30:07,16,19,11982,45483
2023-05-25 15:30:09,17,19,11982,45483
2023-05-25 15:30:18,19,20,11982,45541
2023-05-25 15:30:22,20,22,11982,45619
2023-05-25 15:30:22,19,22,11982,45619
2023-05-25 15:30:33,19,21,11982,45619
2023-05-25 15:30:35,16,21,11982,45640
2023-05-25 15:30:36,16,20,11982,45640
2023-05-25 15:30:37,17,20,11982,45640
2023-05-25 15:30:41,17,21,11982,45640
2023-05-25 15:30:43,17,20,11982,45640
2023-05-25 15:30:45,19,20,11982,45640
2023-05-25 15:30:48,19,21,11982,45640
2023-05-25 15:31:02,14,19,11983,45643
2023-05-25 15:31:03,15,19,11983,45643
2023-05-25 15:31:13,15,18,11983,45643
2023-05-25 15:31:16,12,18,11983,45643
2023-05-25 15:31:18,13,18,11983,45643
2023-05-25 15:31:34,13,15,11983,45643
2023-05-25 15:31:42,12,15,11983,45643
2023-05-25 15:31:58,11,15,11983,45643
2023-05-25 15:32:13,11,14,11983,45643
2023-05-25 15:32:13,10,14,11983,45643
2023-05-25 15:32:15,10,12,11983,45643
2023-05-25 15:32:59,10,12,11983,45793
2023-05-25 15:33:03,9,12,11983,45793
2023-05-25 15:33:04,10,12,11983,45793
2023-05-25 15:33:20,11,12,11983,45793
2023-05-25 15:33:22,11,15,11983,45852
2023-05-25 15:33:22,11,16,11983,45852
2023-05-25 15:33:22,12,16,11983,45852
2023-05-25 15:33:23,13,16,11983,45852
2023-05-25 15:33:23,13,17,11983,45852
2023-05-25 15:33:26,13,18,11983,45852
2023-05-25 15:33:26,13,17,11983,45852
2023-05-25 15:33:30,13,18,11985,45854
2023-05-25 15:33:36,14,18,11985,45854
2023-05-25 15:33:36,13,18,12000,45869
2023-05-25 15:33:37,13,16,12000,45869
2023-05-25 15:33:37,14,16,12000,45869
2023-05-25 15:33:44,15,16,12000,45869
2023-05-25 15:33:44,15,20,12002,45871
2023-05-25 15:33:44,16,20,12002,45871
2023-05-25 15:33:45,17,20,12002,45871
2023-05-25 15:33:45,18,20,12002,45871
2023-05-25 15:33:46,19,20,12002,45871
2023-05-25 15:33:48,20,21,11936,45937
2023-05-25 15:33:48,19,21,11936,45937
2023-05-25 15:33:48,19,20,11936,45937
2023-05-25 15:33:49,20,22,11936,46006
2023-05-25 15:33:49,19,22,11936,46006
2023-05-25 15:33:51,19,24,11936,46006
2023-05-25 15:33:51,19,21,11936,46006
2023-05-25 15:33:54,16,21,11966,46057
2023-05-25 15:33:55,16,20,11966,46057
2023-05-25 15:33:56,17,20,11966,46057
2023-05-25 15:33:56,17,21,11966,46057
2023-05-25 15:33:56,17,19,11966,46057
2023-05-25 15:34:01,17,21,11966,46057
2023-05-25 15:34:01,17,20,11966,46057
2023-05-25 15:34:02,20,23,11919,46104
2023-05-25 15:34:02,17,23,11919,46104
2023-05-25 15:34:03,17,19,11919,46104
2023-05-25 15:34:03,18,19,11919,46104
2023-05-25 15:34:04,19,23,11919,46106
2023-05-25 15:34:04,18,23,11919,46106
2023-05-25 15:34:05,18,24,11919,46106
2023-05-25 15:34:06,18,23,11919,46106
2023-05-25 15:34:54,18,22,11919,46106
2023-05-25 15:35:01,17,22,11919,46106
2023-05-25 15:35:01,14,22,11919,46106
2023-05-25 15:35:02,14,21,11919,46106
2023-05-25 15:35:06,14,20,11919,46106
2023-05-25 15:35:07,14,19,11919,46106
2023-05-25 15:35:11,14,20,11919,46106
2023-05-25 15:35:13,14,19,11919,46106
2023-05-25 15:35:13,12,19,11919,46106
2023-05-25 15:35:14,13,19,11919,46106
2023-05-25 15:35:14,13,21,11919,46106
2023-05-25 15:35:15,13,20,11919,46106
2023-05-25 15:35:24,16,20,11919,46106
2023-05-25 15:35:26,20,22,11921,46108
2023-05-25 15:35:34,22,26,11941,46129
2023-05-25 15:35:34,22,25,11941,46129
2023-05-25 15:35:46,17,25,11941,46129
2023-05-25 15:35:58,17,24,11941,46129
2023-05-25 15:36:15,17,23,11941,46129
2023-05-25 15:36:25,17,21,11941,46129
2023-05-25 15:36:25,16,21,11941,46129
2023-05-25 15:36:26,13,21,11941,46129
2023-05-25 15:36:26,14,21,11941,46129
2023-05-25 15:36:27,14,20,11941,46129
2023-05-25 15:36:29,14,21,11941,46129
2023-05-25 15:36:41,12,21,11941,46129
2023-05-25 15:36:43,12,20,11941,46129
2023-05-25 15:36:44,12,19,11941,46129
2023-05-25 15:36:46,12,19,11941,46231
2023-05-25 15:36:47,12,20,11941,46231
2023-05-25 15:36:49,12,19,11941,46231
2023-05-25 15:36:53,12,20,11941,46231
2023-05-25 15:36:53,12,19,11941,46231
2023-05-25 15:37:05,14,19,11941,46231
2023-05-25 15:37:08,13,19,11941,46231
2023-05-25 15:37:08,12,19,11941,46231
2023-05-25 15:37:13,14,19,11941,46231
2023-05-25 15:37:33,15,19,11941,46231
2023-05-25 15:37:43,14,19,11941,46231
2023-05-25 15:37:46,12,19,11941,46231
2023-05-25 15:37:50,12,18,11941,46231
2023-05-25 15:38:01,12,17,11941,46231
2023-05-25 15:38:02,10,17,11941,46231
2023-05-25 15:38:06,10,17,12261,46581
2023-05-25 15:38:07,10,14,12261,46581
2023-05-25 15:38:12,10,14,12261,46582
2023-05-25 15:38:42,10,13,12261,46582
2023-05-25 15:38:47,10,14,12261,46582
2023-05-25 15:39:15,11,14,12261,46582
2023-05-25 15:39:15,12,14,12261,46582
2023-05-25 15:39:17,12,18,12261,46602
2023-05-25 15:39:19,13,18,12261,46602
2023-05-25 15:39:23,12,18,12261,46602
2023-05-25 15:39:24,13,18,12261,46602
2023-05-25 15:39:39,13,16,12261,46602
2023-05-25 15:40:00,13,15,12261,46602
2023-05-25 15:40:02,12,15,12261,46602
2023-05-25 15:40:02,9,15,12261,46602
2023-05-25 15:40:03,10,15,12261,46602
2023-05-25 15:40:20,10,13,12261,46602
2023-05-25 15:40:44,11,13,12261,46602
2023-05-25 15:40:45,12,13,12261,46602
2023-05-25 15:40:56,11,13,12360,46720
2023-05-25 15:40:57,12,13,12360,46720
2023-05-25 15:41:01,13,14,12358,46722
2023-05-25 15:41:01,12,14,12358,46722
2023-05-25 15:41:17,12,13,12358,46722
2023-05-25 15:41:33,9,13,12358,46722
2023-05-25 15:41:33,9,12,12358,46722
2023-05-25 15:41:34,10,12,12358,46722
2023-05-25 15:41:43,10,13,12358,46722
2023-05-25 15:41:43,10,11,12358,46722
2023-05-25 15:41:44,9,11,12358,46722
2023-05-25 15:41:44,9,13,12358,46722
2023-05-25 15:41:44,9,14,12358,46722
2023-05-25 15:41:44,9,10,12358,46722
2023-05-25 15:41:45,10,14,12358,46737
2023-05-25 15:41:45,10,11,12358,46737
2023-05-25 15:42:18,9,11,12358,46911
2023-05-25 15:42:42,9,10,12358,46911
2023-05-25 15:42:49,5,10,12459,47012
2023-05-25 15:42:49,6,10,12459,47012
2023-05-25 15:43:20,7,10,12459,47012
2023-05-25 15:43:36,6,10,12479,47058
2023-05-25 15:43:37,8,10,12479,47058
2023-05-25 15:43:43,6,10,12479,47058
2023-05-25 15:43:44,5,10,12479,47058
2023-05-25 15:43:44,8,10,12479,47058
2023-05-25 15:44:19,5,10,12479,47058
2023-05-25 15:44:20,6,10,12479,47058
2023-05-25 15:44:28,6,9,12479,47058
2023-05-25 15:44:32,5,9,12479,47058
2023-05-25 15:44:32,6,9,12479,47058
2023-05-25 15:44:40,6,8,12479,47058
2023-05-25 15:44:49,6,9,12479,47058
2023-05-25 15:45:10,5,9,12499,47097
2023-05-25 15:45:10,7,9,12499,47097
2023-05-25 15:45:44,4,9,12499,47097
2023-05-25 15:45:44,5,9,12499,47097
2023-05-25 15:46:07,5,9,12480,47125
2023-05-25 15:46:27,5,9,12480,47141
2023-05-25 15:46:33,5,8,12480,47141
2023-05-25 15:47:09,4,8,12500,47161
2023-05-25 15:47:59,5,8,12500,47161
2023-05-25 15:48:06,4,8,12502,47182
2023-05-25 15:48:07,6,8,12502,47182
2023-05-25 15:48:07,4,8,12502,47201
2023-05-25 15:48:08,7,8,12502,47201
2023-05-25 15:48:08,4,8,12502,47220
2023-05-25 15:48:09,7,8,12502,47220
2023-05-25 15:48:09,4,8,12502,47239
2023-05-25 15:48:10,7,8,12502,47239
2023-05-25 15:48:11,4,8,12502,47258
2023-05-25 15:48:12,7,8,12502,47258
2023-05-25 15:48:12,4,8,12502,47277
2023-05-25 15:48:13,7,8,12502,47277
2023-05-25 15:48:13,4,8,12502,47296
2023-05-25 15:48:15,7,8,12502,47296
2023-05-25 15:48:15,4,8,12502,47315
2023-05-25 15:48:16,7,8,12502,47315
2023-05-25 15:48:16,4,8,12502,47334
2023-05-25 15:48:17,7,8,12502,47334
2023-05-25 15:48:18,4,8,12502,47353
2023-05-25 15:48:19,7,8,12502,47353
2023-05-25 15:48:19,8,9,12371,47484
2023-05-25 15:48:19,7,9,12371,47484
2023-05-25 15:48:19,7,8,12371,47484
2023-05-25 15:48:19,4,8,12371,47503
2023-05-25 15:48:20,7,8,12371,47503
2023-05-25 15:48:20,8,9,12371,47572
2023-05-25 15:48:20,7,9,12371,47572
2023-05-25 15:48:27,4,9,12373,47593
2023-05-25 15:48:28,7,9,12373,47593
2023-05-25 15:48:31,9,10,12240,47726
2023-05-25 15:48:31,7,10,12240,47726
2023-05-25 15:48:32,10,13,12225,47859
2023-05-25 15:48:32,7,13,12225,47859
2023-05-25 15:48:32,7,11,12225,47859
2023-05-25 15:48:33,8,11,12225,47859
2023-05-25 15:48:33,9,11,12225,47859
2023-05-25 15:48:33,8,11,12225,47878
2023-05-25 15:48:34,7,11,12225,47878
2023-05-25 15:48:35,10,11,12225,47878
2023-05-25 15:48:35,7,11,12225,47897
2023-05-25 15:48:35,7,10,12225,47897
2023-05-25 15:48:36,7,11,12225,47916
2023-05-25 15:48:36,10,11,12225,47916
2023-05-25 15:48:36,7,11,12225,47916
2023-05-25 15:48:37,10,11,12225,47916
2023-05-25 15:48:39,11,13,12225,47956
2023-05-25 15:48:39,10,13,12225,47956
2023-05-25 15:48:40,10,12,12225,47956
2023-05-25 15:48:40,7,12,12225,47956
2023-05-25 15:48:41,8,12,12225,47956
2023-05-25 15:48:47,8,11,12225,47956
2023-05-25 15:49:10,8,13,12227,47958
2023-05-25 15:49:16,9,13,12227,47958
2023-05-25 15:49:17,10,13,12227,47958
2023-05-25 15:49:17,13,16,12227,47978
2023-05-25 15:49:17,10,16,12227,47978
2023-05-25 15:49:17,10,13,12227,47978
2023-05-25 15:49:19,13,16,12227,48158
2023-05-25 15:49:19,10,16,12227,48158
2023-05-25 15:49:27,11,16,12227,48158
2023-05-25 15:49:27,16,18,12227,48178
2023-05-25 15:49:27,11,18,12227,48178
2023-05-25 15:49:29,12,18,12227,48178
2023-05-25 15:49:39,12,17,12227,48178
2023-05-25 15:49:47,12,16,12227,48178
2023-05-25 15:49:57,12,15,12227,48178
2023-05-25 15:49:57,5,15,12227,48178
2023-05-25 15:49:59,6,15,12227,48178
2023-05-25 15:50:01,7,15,12227,48178
2023-05-25 15:50:01,8,15,12227,48178
2023-05-25 15:50:01,8,16,12227,48178
2023-05-25 15:50:01,9,16,12227,48178
2023-05-25 15:50:02,10,16,12227,48178
2023-05-25 15:50:02,11,16,12227,48178
2023-05-25 15:50:02,12,16,12227,48178
2023-05-25 15:50:03,16,17,12229,48192
2023-05-25 15:50:04,17,18,12249,48275
2023-05-25 15:50:05,17,22,12249,48275
2023-05-25 15:50:05,17,20,12249,48275
2023-05-25 15:50:05,17,19,12249,48275
2023-05-25 15:50:07,17,22,12249,48275
2023-05-25 15:50:09,12,22,12249,48275
2023-05-25 15:50:10,13,22,12249,48275
2023-05-25 15:50:11,14,22,12249,48275
2023-05-25 15:50:11,15,22,12249,48275
2023-05-25 15:50:12,16,22,12249,48275
2023-05-25 15:50:12,17,22,12249,48275
2023-05-25 15:50:12,18,22,12249,48275
2023-05-25 15:50:13,19,22,12249,48275
2023-05-25 15:50:15,18,22,12249,48275
2023-05-25 15:50:16,22,27,12251,48277
2023-05-25 15:50:20,19,27,12251,48277
2023-05-25 15:50:20,17,27,12251,48277
2023-05-25 15:50:21,18,27,12251,48277
2023-05-25 15:50:23,17,27,12251,48277
2023-05-25 15:50:24,16,27,12251,48277
2023-05-25 15:50:25,16,24,12251,48277
2023-05-25 15:50:25,15,24,12251,48277
2023-05-25 15:50:25,14,24,12251,48277
2023-05-25 15:50:25,14,24,12251,48287
2023-05-25 15:50:30,13,24,12251,48287
2023-05-25 15:50:31,12,24,12251,48287
2023-05-25 15:50:31,12,23,12251,48287
2023-05-25 15:50:32,12,20,12251,48287
2023-05-25 15:50:32,9,20,12251,48287
2023-05-25 15:50:32,10,20,12251,48287
2023-05-25 15:50:33,10,19,12251,48287
2023-05-25 15:50:36,10,18,12251,48287
2023-05-25 15:50:44,10,17,12251,48287
2023-05-25 15:50:46,10,16,12251,48287
2023-05-25 15:50:48,10,17,12251,48287
2023-05-25 15:51:00,10,16,12251,48287
2023-05-25 15:51:01,10,18,12251,48287
2023-05-25 15:51:10,10,17,12251,48287
2023-05-25 15:51:11,10,15,12251,48287
2023-05-25 15:51:12,10,14,12251,48287
2023-05-25 15:51:13,10,13,12251,48287
2023-05-25 15:51:14,9,13,12201,48337
2023-05-25 15:51:31,9,15,12201,48337
2023-05-25 15:51:39,9,16,12201,48337
2023-05-25 15:51:39,9,17,12201,48337
2023-05-25 15:51:48,10,17,12201,48337
2023-05-25 15:51:51,10,19,12201,48337
2023-05-25 15:51:51,11,19,12201,48337
2023-05-25 15:51:51,12,19,12201,48337
2023-05-25 15:51:52,12,20,12201,48337
2023-05-25 15:51:52,13,20,12201,48337
2023-05-25 15:51:52,13,21,12201,48337
2023-05-25 15:51:55,14,21,12201,48337
2023-05-25 15:51:58,13,21,12201,48337
2023-05-25 15:52:01,14,21,12201,48337
2023-05-25 15:52:01,15,21,12201,48337
2023-05-25 15:52:02,15,24,12201,48337
2023-05-25 15:52:02,16,24,12201,48337
2023-05-25 15:52:02,17,24,12201,48337
2023-05-25 15:52:02,17,25,12201,48337
2023-05-25 15:52:02,18,25,12201,48337
2023-05-25 15:52:03,17,25,12201,48337
2023-05-25 15:52:05,17,23,12201,48337
2023-05-25 15:52:05,15,23,12201,48337
2023-05-25 15:52:06,16,23,12201,48337
2023-05-25 15:52:11,15,23,12201,48337
2023-05-25 15:52:13,15,24,12201,48337
2023-05-25 15:52:13,15,21,12201,48337
2023-05-25 15:52:13,13,21,12201,48337
2023-05-25 15:52:13,15,21,12201,48337
2023-05-25 15:52:20,15,19,12201,48337
2023-05-25 15:52:26,15,20,12201,48337
2023-05-25 15:52:26,15,21,12201,48337
2023-05-25 15:52:32,13,21,12201,48337
2023-05-25 15:52:35,13,20,12201,48337
2023-05-25 15:52:41,14,20,12201,48337
2023-05-25 15:52:42,13,20,12201,48337
2023-05-25 15:52:53,14,20,12201,48337
2023-05-25 15:52:54,15,20,12201,48337
2023-05-25 15:52:54,16,20,12201,48337
2023-05-25 15:52:56,20,24,12201,48338
2023-05-25 15:52:56,20,22,12201,48338
2023-05-25 15:53:01,13,22,12201,48338
2023-05-25 15:53:01,13,17,12201,48338
2023-05-25 15:53:02,13,15,12201,48338
2023-05-25 15:53:04,10,15,12151,48388
2023-05-25 15:53:05,10,15,12151,48401
2023-05-25 15:53:13,10,16,12151,48401
2023-05-25 15:53:13,10,17,12151,48401
2023-05-25 15:53:13,10,18,12151,48401
2023-05-25 15:53:16,11,18,12151,48401
2023-05-25 15:53:16,13,18,12151,48401
2023-05-25 15:53:24,13,19,12151,48401
2023-05-25 15:53:24,14,19,12151,48401
2023-05-25 15:53:24,14,20,12151,48401
2023-05-25 15:53:24,14,21,12151,48401
2023-05-25 15:53:25,15,21,12151,48401
2023-05-25 15:53:28,14,21,12151,48401
2023-05-25 15:53:29,15,21,12151,48401
2023-05-25 15:53:31,15,19,12151,48401
2023-05-25 15:53:35,15,20,12151,48401
2023-05-25 15:53:43,15,19,12151,48401
2023-05-25 15:54:01,16,19,12151,48401
2023-05-25 15:54:01,16,20,12151,48401
2023-05-25 15:54:02,16,19,12151,48401
2023-05-25 15:54:13,15,19,12151,48401
2023-05-25 15:54:14,16,19,12151,48401
2023-05-25 15:54:23,14,19,12151,48401
2023-05-25 15:54:27,15,19,12151,48401
2023-05-25 15:54:28,16,19,12151,48401
2023-05-25 15:54:29,16,20,12034,48520
2023-05-25 15:54:29,17,20,12034,48520
2023-05-25 15:54:33,18,20,12034,48520
2023-05-25 15:54:33,19,20,12034,48520
2023-05-25 15:54:34,19,20,12034,48545
2023-05-25 15:54:34,19,20,12034,48570
2023-05-25 15:54:34,19,20,12034,48595
2023-05-25 15:54:35,19,25,12036,48600
2023-05-25 15:54:35,20,25,12036,48600
2023-05-25 15:54:35,21,25,12036,48600
2023-05-25 15:54:35,22,25,12036,48600
2023-05-25 15:54:35,23,25,12036,48600
2023-05-25 15:54:35,23,26,12036,48600
2023-05-25 15:54:36,22,26,12036,48600
2023-05-25 15:54:36,22,27,12036,48600
2023-05-25 15:54:36,22,25,12036,48600
2023-05-25 15:54:38,21,25,12036,48600
2023-05-25 15:54:39,21,27,12036,48600
2023-05-25 15:54:39,21,24,12036,48600
2023-05-25 15:54:41,22,24,12036,48600
2023-05-25 15:54:41,23,24,12036,48600
2023-05-25 15:54:41,23,25,12036,48600
2023-05-25 15:54:42,24,25,12036,48600
2023-05-25 15:54:43,25,28,12038,48602
2023-05-25 15:54:44,25,31,12038,48602
2023-05-25 15:54:44,25,27,12038,48602
2023-05-25 15:54:45,25,29,12038,48602
2023-05-25 15:54:45,25,26,12038,48602
2023-05-25 15:54:48,22,26,12038,48602
2023-05-25 15:54:48,21,26,12038,48602
2023-05-25 15:54:48,21,25,12038,48602
2023-05-25 15:54:49,22,25,12038,48602
2023-05-25 15:54:49,23,25,12038,48602
2023-05-25 15:54:49,24,25,12038,48602
2023-05-25 15:54:49,24,26,12038,48602
2023-05-25 15:54:50,25,26,12038,48602
2023-05-25 15:54:52,26,29,12040,48604
2023-05-25 15:54:53,26,32,12040,48604
2023-05-25 15:54:53,26,28,12040,48604
2023-05-25 15:54:54,24,28,12040,48604
2023-05-25 15:54:56,24,28,12060,48704
2023-05-25 15:54:56,23,28,12060,48704
2023-05-25 15:54:56,23,27,12060,48704
2023-05-25 15:54:56,22,27,12060,48704
2023-05-25 15:54:57,22,28,12060,48704
2023-05-25 15:54:57,22,26,12060,48704
2023-05-25 15:54:57,27,28,12065,48709
2023-05-25 15:55:00,27,28,12090,48734
2023-05-25 15:55:00,27,28,12115,48759
2023-05-25 15:55:01,27,28,12140,48784
2023-05-25 15:55:02,24,28,12140,48784
2023-05-25 15:55:02,27,28,12140,48784
2023-05-25 15:55:03,26,28,12140,48784
2023-05-25 15:55:03,25,28,12140,48784
2023-05-25 15:55:03,28,31,12140,48786
2023-05-25 15:55:03,25,31,12140,48786
2023-05-25 15:55:03,29,31,12140,48786
2023-05-25 15:55:04,29,31,12140,48788
2023-05-25 15:55:04,24,31,12140,48788
2023-05-25 15:55:04,28,31,12140,48788
2023-05-25 15:55:05,28,32,12140,48788
2023-05-25 15:55:05,23,28,12069,48859
2023-05-25 15:55:05,20,28,12069,48859
2023-05-25 15:55:06,20,29,12069,48859
2023-05-25 15:55:06,19,29,12069,48859
2023-05-25 15:55:06,19,27,12069,48859
2023-05-25 15:55:07,18,27,12069,48859
2023-05-25 15:55:08,19,27,12069,48859
2023-05-25 15:55:08,20,27,12069,48859
2023-05-25 15:55:08,21,27,12069,48859
2023-05-25 15:55:08,21,28,12069,48859
2023-05-25 15:55:08,21,29,12069,48859
2023-05-25 15:55:08,21,30,12069,48859
2023-05-25 15:55:09,21,31,12069,48859
2023-05-25 15:55:09,22,31,12069,48859
2023-05-25 15:55:09,23,31,12069,48859
2023-05-25 15:55:09,23,30,12069,48859
2023-05-25 15:55:10,24,30,12069,48859
2023-05-25 15:55:10,25,30,12069,48859
2023-05-25 15:55:11,24,30,12054,48874
2023-05-25 15:55:11,24,29,12054,48874
2023-05-25 15:55:13,23,29,12054,48874
2023-05-25 15:55:13,23,30,12054,48874
2023-05-25 15:55:13,23,28,12054,48874
2023-05-25 15:55:14,24,28,12054,48874
2023-05-25 15:55:14,24,29,12054,48874
2023-05-25 15:55:15,25,29,12054,48874
2023-05-25 15:55:15,25,30,12054,48874
2023-05-25 15:55:15,25,35,12073,48893
2023-05-25 15:55:15,29,35,12073,48893
2023-05-25 15:55:18,29,34,12073,48893
2023-05-25 15:55:19,29,33,12073,48893
2023-05-25 15:55:20,23,33,12073,48893
2023-05-25 15:55:20,23,32,12073,48893
2023-05-25 15:55:21,23,31,12073,48893
2023-05-25 15:55:21,20,31,12073,48893
2023-05-25 15:55:21,20,30,12073,48893
2023-05-25 15:55:22,20,29,12073,48893
2023-05-25 15:55:22,19,29,12073,48893
2023-05-25 15:55:23,20,29,12073,48893
2023-05-25 15:55:23,20,30,12073,48893
2023-05-25 15:55:24,20,31,12073,48893
2023-05-25 15:55:25,21,31,12073,48893
2023-05-25 15:55:25,20,31,12058,48908
2023-05-25 15:55:25,20,26,12058,48908
2023-05-25 15:55:28,26,32,12073,48923
2023-05-25 15:55:29,26,31,12073,48923
2023-05-25 15:55:29,26,30,12073,48923
2023-05-25 15:55:30,26,29,12073,48923
2023-05-25 15:55:31,20,29,12073,48923
2023-05-25 15:55:32,20,28,12073,48923
2023-05-25 15:55:32,20,26,12073,48923
2023-05-25 15:55:33,20,25,12073,48923
2023-05-25 15:55:33,20,23,12073,48923
2023-05-25 15:55:33,15,23,12073,48923
2023-05-25 15:55:34,17,23,12073,48923
2023-05-25 15:55:34,17,22,12073,48923
2023-05-25 15:55:36,17,22,12043,48953
2023-05-25 15:55:38,17,23,12043,48953
2023-05-25 15:55:39,17,24,12043,48953
2023-05-25 15:55:46,18,24,12043,48953
2023-05-25 15:55:46,19,24,12043,48953
2023-05-25 15:55:46,20,24,12043,48953
2023-05-25 15:55:46,21,24,12043,48953
2023-05-25 15:55:48,24,32,12045,48955
2023-05-25 15:55:52,25,32,12045,48955
2023-05-25 15:55:52,26,32,12045,48955
2023-05-25 15:55:52,27,32,12045,48955
2023-05-25 15:55:52,28,32,12045,48955
2023-05-25 15:55:53,29,32,12045,48955
2023-05-25 15:55:53,30,32,12045,48955
2023-05-25 15:55:54,29,32,12045,48955
2023-05-25 15:55:54,28,32,12045,48955
2023-05-25 15:55:54,32,40,12047,48957
2023-05-25 15:55:55,32,42,12047,48957
2023-05-25 15:55:55,32,36,12047,48957
2023-05-25 15:55:59,23,36,12047,48957
2023-05-25 15:55:59,23,34,12047,48957
2023-05-25 15:56:00,21,34,12047,48957
2023-05-25 15:56:01,21,31,12047,48957
2023-05-25 15:56:01,19,31,12047,48957
2023-05-25 15:56:03,19,32,12047,48957
2023-05-25 15:56:03,19,25,12047,48957
2023-05-25 15:56:03,11,25,12047,48957
2023-05-25 15:56:03,12,25,12047,48957
2023-05-25 15:56:03,13,25,12047,48957
2023-05-25 15:56:04,12,25,12047,48957
2023-05-25 15:56:05,11,25,12047,48957
2023-05-25 15:56:07,11,24,12047,48957
2023-05-25 15:56:08,20,24,12047,48957
2023-05-25 15:56:08,20,23,12047,48957
2023-05-25 15:56:11,20,23,12027,48977
2023-05-25 15:56:13,11,23,12027,48977
2023-05-25 15:56:14,11,25,12027,48977
2023-05-25 15:56:14,12,25,12027,48977
2023-05-25 15:56:14,18,25,12027,48977
2023-05-25 15:56:17,18,26,12027,48977
2023-05-25 15:56:17,18,23,12027,48977
2023-05-25 15:56:24,18,24,12027,48977
2023-05-25 15:56:24,18,25,12027,48977
2023-05-25 15:56:32,16,25,12027,48977
2023-05-25 15:56:32,20,25,12027,48977
2023-05-25 15:56:33,20,27,12027,48977
2023-05-25 15:56:39,20,27,12027,49077
2023-05-25 15:56:40,20,28,12027,49077
2023-05-25 15:56:40,20,29,12027,49077
2023-05-25 15:56:41,21,29,12027,49077
2023-05-25 15:56:41,21,30,12027,49077
2023-05-25 15:56:41,21,31,12027,49077
2023-05-25 15:56:41,21,32,12027,49077
2023-05-25 15:56:42,22,32,12027,49077
2023-05-25 15:56:42,22,34,12027,49077
2023-05-25 15:56:42,23,34,12027,49077
2023-05-25 15:56:43,24,34,12027,49077
2023-05-25 15:56:43,24,35,12027,49077
2023-05-25 15:56:43,25,36,12027,49077
2023-05-25 15:56:43,25,32,12027,49077
2023-05-25 15:56:56,32,33,12044,49094
2023-05-25 15:56:57,25,31,12052,49102
2023-05-25 15:56:57,25,33,12052,49102
2023-05-25 15:56:57,25,32,12052,49102
2023-05-25 15:57:00,26,32,12052,49102
2023-05-25 15:57:01,26,33,12052,49102
2023-05-25 15:57:02,31,33,12052,49102
2023-05-25 15:57:02,26,33,12052,49102
2023-05-25 15:57:02,32,33,12052,49102
2023-05-25 15:57:02,26,33,12052,49125
2023-05-25 15:57:03,27,33,12052,49125
2023-05-25 15:57:03,28,33,12052,49125
2023-05-25 15:57:05,26,33,12052,49125
2023-05-25 15:57:06,32,33,12052,49125
2023-05-25 15:57:07,32,44,12052,49127
2023-05-25 15:57:07,32,38,12052,49127
2023-05-25 15:57:07,33,38,12052,49127
2023-05-25 15:57:07,33,38,12056,49131
2023-05-25 15:57:09,33,42,12056,49131
2023-05-25 15:57:09,33,34,12056,49131
2023-05-25 15:57:10,34,38,12058,49133
2023-05-25 15:57:14,34,37,12058,49133
2023-05-25 15:57:15,25,37,12058,49133
2023-05-25 15:57:15,25,36,12058,49133
2023-05-25 15:57:15,23,36,12058,49133
2023-05-25 15:57:15,23,35,12058,49133
2023-05-25 15:57:16,22,35,12058,49133
2023-05-25 15:57:17,23,35,12058,49133
2023-05-25 15:57:17,23,34,12058,49133
2023-05-25 15:57:18,23,33,12058,49133
2023-05-25 15:57:19,23,32,12058,49133
2023-05-25 15:57:20,23,29,12058,49133
2023-05-25 15:57:20,23,28,12058,49133
2023-05-25 15:57:21,23,29,12058,49133
2023-05-25 15:57:24,23,30,12058,49133
2023-05-25 15:57:24,23,31,12058,49133
2023-05-25 15:57:24,23,32,12058,49133
2023-05-25 15:57:26,23,31,12058,49133
2023-05-25 15:57:27,23,30,12058,49133
2023-05-25 15:57:28,23,28,12058,49133
2023-05-25 15:57:29,23,24,12058,49133
2023-05-25 15:57:29,16,24,12058,49183
2023-05-25 15:57:29,15,24,12058,49183
2023-05-25 15:57:29,12,24,12058,49183
2023-05-25 15:57:31,11,24,12058,49183
2023-05-25 15:57:31,11,23,12058,49183
2023-05-25 15:57:31,10,23,12058,49183
2023-05-25 15:57:32,11,23,12058,49183
2023-05-25 15:57:32,11,24,12058,49183
2023-05-25 15:57:35,19,24,12058,49183
2023-05-25 15:57:35,19,23,12058,49183
2023-05-25 15:57:36,19,24,12058,49183
2023-05-25 15:57:38,19,25,12058,49183
2023-05-25 15:57:38,19,26,12058,49183
2023-05-25 15:57:43,14,26,12058,49183
2023-05-25 15:57:43,13,26,12058,49183
2023-05-25 15:57:43,21,26,12058,49183
2023-05-25 15:57:44,21,24,12058,49183
2023-05-25 15:57:56,21,24,12092,49263
2023-05-25 15:57:57,21,25,12092,49263
2023-05-25 15:57:57,21,22,12092,49263
2023-05-25 15:57:57,21,22,12092,49273
2023-05-25 15:58:02,21,25,12092,49273
2023-05-25 15:58:10,21,23,12092,49273
2023-05-25 15:58:14,10,20,12092,49283
2023-05-25 15:58:14,9,20,12092,49283
2023-05-25 15:58:17,10,20,12092,49283
2023-05-25 15:58:26,10,19,12092,49283
2023-05-25 15:58:27,10,17,12092,49283
2023-05-25 15:58:28,10,12,12092,49283
2023-05-25 15:58:37,10,14,12092,49283
2023-05-25 15:58:40,9,14,12142,49333
2023-05-25 15:58:45,9,15,12142,49333
2023-05-25 15:58:49,9,10,12142,49333
2023-05-25 15:58:56,9,12,12142,49333
2023-05-25 15:59:02,9,12,12142,49358
2023-05-25 15:59:03,9,13,12142,49358
2023-05-25 15:59:03,9,14,12142,49358
2023-05-25 15:59:03,9,15,12142,49358
2023-05-25 15:59:06,9,16,12142,49358
2023-05-25 15:59:06,9,17,12142,49358
2023-05-25 15:59:07,9,15,12142,49358
2023-05-25 15:59:10,9,17,12261,49560
2023-05-25 15:59:10,11,17,12261,49560
2023-05-25 15:59:11,9,17,12261,49560
2023-05-25 15:59:11,12,17,12261,49560
2023-05-25 15:59:12,12,18,12261,49560
2023-05-25 15:59:12,12,19,12261,49560
2023-05-25 15:59:12,9,19,12261,49560
2023-05-25 15:59:12,14,19,12261,49560
2023-05-25 15:59:13,14,20,12261,49560
2023-05-25 15:59:13,10,20,12261,49560
2023-05-25 15:59:13,15,20,12261,49560
2023-05-25 15:59:13,15,17,12261,49560
2023-05-25 15:59:14,11,17,12261,49560
2023-05-25 15:59:14,16,17,12261,49560
2023-05-25 15:59:14,11,17,12261,49575
2023-05-25 15:59:15,10,17,12261,49575
2023-05-25 15:59:16,9,17,12261,49575
2023-05-25 15:59:17,9,16,12261,49575
2023-05-25 15:59:18,9,17,12261,49575
2023-05-25 15:59:21,9,16,12261,49575
2023-05-25 15:59:23,9,17,12261,49575
2023-05-25 15:59:24,9,16,12261,49575
2023-05-25 15:59:30,9,15,12261,49575
2023-05-25 15:59:43,4,15,12311,49644
2023-05-25 15:59:43,4,9,12311,49644
2023-05-25 15:59:44,2,9,12311,49864
2023-05-25 15:59:44,1,9,12311,49879
2023-05-25 15:59:46,2,9,12311,49879
2023-05-25 15:59:46,3,9,12311,49879
2023-05-25 15:59:46,4,9,12311,49879
2023-05-25 15:59:46,5,9,12311,49879
2023-05-25 15:59:46,6,9,12311,49879
2023-05-25 15:59:46,5,9,12316,49894
2023-05-25 15:59:47,4,9,12331,49909
2023-05-25 15:59:47,5,9,12331,49909
2023-05-25 15:59:47,6,9,12331,49909
2023-05-25 15:59:48,6,9,12346,49924
2023-05-25 15:59:48,6,8,12346,49924
2023-05-25 15:59:48,1,8,12396,49974
2023-05-25 15:59:49,1,9,12396,49974
2023-05-25 15:59:50,1,4,12396,49974
2023-05-25 15:59:51,1,4,12396,50229
2023-05-25 15:59:51,1,9,12396,50229
2023-05-25 15:59:51,1,6,12396,50229
2023-05-25 15:59:52,2,6,12396,50229
2023-05-25 15:59:52,3,6,12396,50229
2023-05-25 15:59:52,3,9,12396,50229
2023-05-25 15:59:53,4,9,12396,50229
2023-05-25 15:59:54,3,9,12411,50244
2023-05-25 15:59:54,4,9,12411,50244
2023-05-25 15:59:56,1,4,12411,50246
2023-05-25 15:59:56,1,9,12411,50246
2023-05-25 15:59:56,1,4,12411,50246
2023-05-25 15:59:56,1,3,12411,50246
2023-05-25 15:59:57,1,3,12411,50283
2023-05-25 15:59:57,1,4,12411,50283
2023-05-25 15:59:57,1,2,12411,50283
2023-05-25 15:59:59,1,2,12411,50599
