datetime,bid,ask,open_interest,volume
2023-08-21 09:31:00,29,30,2,2
2023-08-21 09:31:00,30,33,3,3
2023-08-21 09:31:00,30,32,3,3
2023-08-21 09:31:05,29,32,3,3
2023-08-21 09:31:16,29,32,203,203
2023-08-21 09:31:16,30,32,203,203
2023-08-21 09:31:17,29,32,203,203
2023-08-21 09:31:28,29,30,203,203
2023-08-21 09:31:51,30,32,303,303
2023-08-21 09:32:28,30,32,303,455
2023-08-21 09:33:45,29,32,303,455
2023-08-21 09:33:54,30,32,303,455
2023-08-21 09:33:58,29,32,303,455
2023-08-21 09:34:05,30,32,303,455
2023-08-21 09:34:06,29,32,303,455
2023-08-21 09:34:10,29,31,303,455
2023-08-21 09:34:22,29,32,303,455
2023-08-21 09:34:23,29,31,303,455
2023-08-21 09:34:34,29,32,303,455
2023-08-21 09:34:35,29,31,303,455
2023-08-21 09:34:49,29,30,303,455
2023-08-21 09:35:02,28,30,303,455
2023-08-21 09:35:37,28,29,303,455
2023-08-21 09:36:29,27,29,303,455
2023-08-21 09:36:31,27,30,303,455
2023-08-21 09:36:32,27,29,303,455
2023-08-21 09:36:41,28,29,303,455
2023-08-21 09:36:41,28,30,303,455
2023-08-21 09:36:42,28,29,303,455
2023-08-21 09:37:33,27,29,303,455
2023-08-21 09:37:34,27,30,303,455
2023-08-21 09:37:34,27,29,303,455
2023-08-21 09:37:53,27,28,303,455
2023-08-21 09:38:04,27,29,303,455
2023-08-21 09:38:05,27,28,303,455
2023-08-21 09:38:32,27,28,363,515
2023-08-21 09:39:06,27,29,363,515
2023-08-21 09:39:06,27,28,363,515
2023-08-21 09:39:18,27,28,413,565
2023-08-21 09:39:18,27,28,434,586
2023-08-21 09:39:19,27,28,484,636
2023-08-21 09:39:20,26,28,484,636
2023-08-21 09:39:23,26,27,484,636
2023-08-21 09:39:24,26,27,584,736
2023-08-21 09:39:25,26,27,634,786
2023-08-21 09:39:26,26,27,684,836
2023-08-21 09:39:27,26,27,734,886
2023-08-21 09:39:28,26,27,784,936
2023-08-21 09:39:29,26,27,834,986
2023-08-21 09:39:30,25,27,884,1036
2023-08-21 09:39:31,25,28,884,1036
2023-08-21 09:39:42,25,27,884,1036
2023-08-21 09:40:01,25,28,884,1036
2023-08-21 09:40:04,24,28,1959,2111
2023-08-21 09:40:04,24,27,1959,2111
2023-08-21 09:40:04,25,27,1959,2111
2023-08-21 09:40:05,25,26,1959,2111
2023-08-21 09:40:05,25,27,1959,2159
2023-08-21 09:40:06,25,26,1959,2159
2023-08-21 09:40:06,24,26,1959,2159
2023-08-21 09:40:07,24,27,1959,2159
2023-08-21 09:40:10,24,26,1959,2159
2023-08-21 09:40:11,24,27,1959,2159
2023-08-21 09:40:23,24,26,1959,2159
2023-08-21 09:40:24,24,26,1959,2409
2023-08-21 09:40:25,24,27,1959,2559
2023-08-21 09:40:26,25,27,1959,2559
2023-08-21 09:40:29,25,26,1959,2559
2023-08-21 09:40:29,24,26,1959,2559
2023-08-21 09:40:31,24,27,1959,2607
2023-08-21 09:40:32,24,26,1959,2607
2023-08-21 09:40:43,24,27,1959,2607
2023-08-21 09:40:46,24,26,1959,2607
2023-08-21 09:40:51,24,27,1959,2607
2023-08-21 09:40:52,24,26,1959,2607
2023-08-21 09:40:52,24,27,1959,2807
2023-08-21 09:40:54,24,26,1959,2807
2023-08-21 09:40:55,24,27,1959,2807
2023-08-21 09:41:06,25,27,1959,2807
2023-08-21 09:41:09,25,28,1959,2807
2023-08-21 09:41:12,25,27,1959,2807
2023-08-21 09:41:17,25,28,1959,2807
2023-08-21 09:41:53,25,27,1959,2807
2023-08-21 09:41:56,25,28,1959,2807
2023-08-21 09:41:57,25,27,1959,2807
2023-08-21 09:42:07,24,27,1959,2807
2023-08-21 09:42:13,24,26,1959,2807
2023-08-21 09:42:14,24,27,1959,3007
2023-08-21 09:42:28,25,27,1959,3007
2023-08-21 09:42:32,25,28,1959,3007
2023-08-21 09:42:36,25,27,1959,3007
2023-08-21 09:42:48,25,28,1959,3007
2023-08-21 09:42:49,25,27,1959,3007
2023-08-21 09:42:52,25,28,1959,3007
2023-08-21 09:42:53,25,27,1959,3007
2023-08-21 09:43:00,25,28,1959,3007
2023-08-21 09:43:03,25,27,1959,3007
2023-08-21 09:43:12,25,28,1959,3007
2023-08-21 09:43:13,25,27,1959,3007
2023-08-21 09:43:14,25,28,1959,3007
2023-08-21 09:43:21,25,27,1959,3007
2023-08-21 09:43:24,25,28,1959,3007
2023-08-21 09:43:38,25,27,1959,3007
2023-08-21 09:44:30,25,28,1959,3007
2023-08-21 09:44:49,26,28,1959,3007
2023-08-21 09:44:57,26,29,1959,3007
2023-08-21 09:45:00,26,28,1959,3007
2023-08-21 09:45:01,25,28,1959,3007
2023-08-21 09:45:22,25,29,1959,3007
2023-08-21 09:45:24,26,29,1959,3007
2023-08-21 09:45:26,26,28,1959,3007
2023-08-21 09:45:29,26,29,1959,3007
2023-08-21 09:45:32,27,29,1959,3007
2023-08-21 09:45:39,28,29,1959,3007
2023-08-21 09:45:41,28,30,1959,3007
2023-08-21 09:46:46,28,29,1959,3007
2023-08-21 09:46:49,27,29,1959,3007
2023-08-21 09:47:32,27,30,1959,3007
2023-08-21 09:47:43,28,30,1959,3007
2023-08-21 09:48:12,29,30,1959,3007
2023-08-21 09:48:32,29,31,1959,3207
2023-08-21 09:49:45,28,31,1959,3207
2023-08-21 09:49:45,28,30,1959,3207
2023-08-21 09:50:43,28,31,1959,3207
2023-08-21 09:50:44,28,30,1959,3207
2023-08-21 09:50:53,28,31,2158,3407
2023-08-21 09:50:54,29,31,2158,3407
2023-08-21 09:50:57,28,31,2158,3407
2023-08-21 09:51:05,29,31,2158,3407
2023-08-21 09:51:07,30,31,2158,3407
2023-08-21 09:51:15,29,31,2158,3407
2023-08-21 09:51:25,28,31,2158,3407
2023-08-21 09:51:26,28,30,2158,3407
2023-08-21 09:52:34,28,31,2158,3407
2023-08-21 09:52:35,28,30,2158,3407
2023-08-21 09:52:36,28,31,2158,3407
2023-08-21 09:52:39,28,30,2158,3407
2023-08-21 09:53:23,28,29,2158,3407
2023-08-21 09:53:25,28,30,2158,3407
2023-08-21 09:53:25,27,30,2158,3407
2023-08-21 09:53:27,27,29,2158,3407
2023-08-21 09:53:29,27,30,2158,3407
2023-08-21 09:53:35,27,29,2158,3407
2023-08-21 09:53:36,27,30,2158,3407
2023-08-21 09:53:51,28,30,2158,3407
2023-08-21 09:53:55,27,30,2158,3407
2023-08-21 09:54:05,27,29,2158,3407
2023-08-21 09:54:20,27,30,2158,3407
2023-08-21 09:55:28,27,29,2158,3407
2023-08-21 09:56:00,27,28,2158,3407
2023-08-21 09:56:14,26,28,2158,3407
2023-08-21 09:56:15,26,28,2218,3467
2023-08-21 09:56:16,26,27,2218,3467
2023-08-21 09:56:16,26,28,2218,3667
2023-08-21 09:56:17,26,28,2235,3684
2023-08-21 09:56:19,26,28,2247,3696
2023-08-21 09:56:20,26,28,2261,3710
2023-08-21 09:56:24,26,28,2266,3715
2023-08-21 09:56:26,26,28,2273,3722
2023-08-21 09:56:32,26,28,2343,3792
2023-08-21 09:56:32,26,28,2363,3812
2023-08-21 09:56:33,26,27,2363,3812
2023-08-21 09:56:36,25,27,2363,3812
2023-08-21 09:56:50,25,27,2483,3932
2023-08-21 09:56:50,25,26,2483,3932
2023-08-21 09:56:51,25,27,2483,4052
2023-08-21 09:56:58,25,26,2483,4052
2023-08-21 09:57:00,24,26,2483,4052
2023-08-21 09:57:48,24,26,2526,4095
2023-08-21 09:57:49,24,26,2568,4137
2023-08-21 09:57:50,24,26,2610,4179
2023-08-21 09:58:04,24,25,2610,4179
2023-08-21 09:58:19,24,26,2610,4179
2023-08-21 09:58:24,24,25,2610,4179
2023-08-21 09:58:25,24,26,2610,4179
2023-08-21 09:58:30,24,25,2610,4179
2023-08-21 09:58:33,23,25,2610,4179
2023-08-21 09:59:08,23,24,2610,4179
2023-08-21 09:59:12,22,24,2610,4179
2023-08-21 09:59:32,22,25,2610,4379
2023-08-21 09:59:43,22,24,2610,4379
2023-08-21 09:59:53,22,23,2610,4379
2023-08-21 09:59:54,21,23,2610,4379
2023-08-21 10:00:00,21,22,2610,4379
2023-08-21 10:00:01,20,22,2610,4379
2023-08-21 10:00:10,20,23,2610,4379
2023-08-21 10:00:13,21,23,2610,4379
2023-08-21 10:01:25,20,23,2610,4379
2023-08-21 10:01:33,20,23,2611,4380
2023-08-21 10:01:33,20,22,2611,4380
2023-08-21 10:02:01,20,23,2611,4380
2023-08-21 10:02:15,20,22,2611,4380
2023-08-21 10:02:24,20,23,2611,4380
2023-08-21 10:02:25,21,23,2611,4380
2023-08-21 10:03:01,21,22,2611,4380
2023-08-21 10:03:49,21,24,2611,4380
2023-08-21 10:03:49,21,23,2611,4380
2023-08-21 10:04:10,21,22,2611,4380
2023-08-21 10:04:29,20,22,2611,4380
2023-08-21 10:04:57,20,21,2611,4380
2023-08-21 10:05:04,19,21,2611,4380
2023-08-21 10:05:04,19,20,2611,4380
2023-08-21 10:05:31,19,21,2611,4581
2023-08-21 10:05:44,20,21,2611,4581
2023-08-21 10:05:44,20,21,2621,4591
2023-08-21 10:05:58,19,21,2660,4630
2023-08-21 10:06:08,19,20,2660,4630
2023-08-21 10:06:15,18,20,2760,4730
2023-08-21 10:06:20,18,19,2760,4730
2023-08-21 10:06:22,18,19,2820,4790
2023-08-21 10:06:28,18,19,2861,4831
2023-08-21 10:06:28,18,19,2890,4860
2023-08-21 10:06:28,17,19,2910,4880
2023-08-21 10:06:44,17,20,2910,4880
2023-08-21 10:06:46,17,19,2910,4880
2023-08-21 10:07:01,17,18,2910,4880
2023-08-21 10:07:04,17,18,2970,4940
2023-08-21 10:07:12,17,19,2970,4940
2023-08-21 10:07:26,17,20,2970,4940
2023-08-21 10:07:31,17,19,2970,4940
2023-08-21 10:07:41,17,20,2970,4940
2023-08-21 10:07:46,18,20,2970,4940
2023-08-21 10:07:57,18,21,2970,4940
2023-08-21 10:08:55,18,20,2970,4940
2023-08-21 10:08:56,18,21,2970,4940
2023-08-21 10:09:01,18,20,2970,4940
2023-08-21 10:09:04,17,20,2970,4940
2023-08-21 10:09:05,17,19,2970,4940
2023-08-21 10:09:10,17,20,2970,4940
2023-08-21 10:09:24,17,19,2970,4940
2023-08-21 10:09:34,17,20,2970,4940
2023-08-21 10:09:43,18,20,2970,4940
2023-08-21 10:09:43,18,21,2970,4940
2023-08-21 10:09:53,18,20,2970,4940
2023-08-21 10:09:59,18,21,2970,4940
2023-08-21 10:10:00,18,20,2970,4940
2023-08-21 10:10:10,18,21,2970,4940
2023-08-21 10:10:25,19,21,2970,4940
2023-08-21 10:10:34,19,22,2970,4940
2023-08-21 10:11:00,20,22,2970,4940
2023-08-21 10:11:02,20,23,2970,4940
2023-08-21 10:11:07,21,23,2970,4940
2023-08-21 10:11:56,20,23,2970,4940
2023-08-21 10:12:02,21,23,2970,4940
2023-08-21 10:12:22,20,23,2970,4940
2023-08-21 10:12:50,21,23,2970,4940
2023-08-21 10:13:55,21,24,2970,4940
2023-08-21 10:13:55,22,24,2970,4940
2023-08-21 10:14:04,23,24,2970,4940
2023-08-21 10:14:07,23,25,2970,5140
2023-08-21 10:14:28,23,26,2970,5140
2023-08-21 10:14:28,24,26,2970,5140
2023-08-21 10:15:01,25,26,2970,5140
2023-08-21 10:15:03,24,26,2970,5140
2023-08-21 10:15:03,24,25,2970,5140
2023-08-21 10:15:04,24,26,2986,5156
2023-08-21 10:15:08,24,26,3005,5175
2023-08-21 10:15:08,24,26,3024,5194
2023-08-21 10:15:16,25,26,3024,5194
2023-08-21 10:15:22,25,27,3024,5194
2023-08-21 10:15:26,25,28,3024,5194
2023-08-21 10:15:31,26,28,3024,5194
2023-08-21 10:15:33,27,28,3024,5194
2023-08-21 10:15:42,27,28,3043,5213
2023-08-21 10:16:17,25,28,3043,5213
2023-08-21 10:16:32,26,28,3043,5213
2023-08-21 10:16:45,26,29,3043,5213
2023-08-21 10:16:59,27,29,3043,5213
2023-08-21 10:17:04,27,29,3060,5230
2023-08-21 10:17:52,26,29,3060,5230
2023-08-21 10:18:38,26,28,3060,5230
2023-08-21 10:18:45,25,28,3060,5230
2023-08-21 10:18:51,26,28,3060,5230
2023-08-21 10:19:16,26,29,3060,5230
2023-08-21 10:19:21,27,29,3060,5230
2023-08-21 10:19:22,26,29,3060,5230
2023-08-21 10:19:27,27,29,3060,5230
2023-08-21 10:19:28,26,29,3060,5230
2023-08-21 10:19:29,27,29,3060,5230
2023-08-21 10:19:33,26,29,3060,5230
2023-08-21 10:19:50,26,28,3060,5230
2023-08-21 10:19:52,25,28,3060,5230
2023-08-21 10:19:53,26,28,3060,5230
2023-08-21 10:20:15,26,29,3060,5230
2023-08-21 10:20:23,27,29,3060,5230
2023-08-21 10:20:40,28,29,3060,5230
2023-08-21 10:20:41,28,30,3060,5230
2023-08-21 10:20:42,28,30,3090,5260
2023-08-21 10:20:52,27,30,3090,5260
2023-08-21 10:20:52,27,29,3090,5260
2023-08-21 10:21:03,26,29,3090,5260
2023-08-21 10:21:05,27,29,3090,5260
2023-08-21 10:21:13,26,29,3090,5260
2023-08-21 10:21:21,27,29,3090,5260
2023-08-21 10:21:21,27,29,3090,5460
2023-08-21 10:21:24,26,29,3090,5460
2023-08-21 10:21:25,27,29,3090,5460
2023-08-21 10:21:48,27,30,3090,5460
2023-08-21 10:22:05,27,29,3090,5460
2023-08-21 10:22:08,27,30,3090,5460
2023-08-21 10:22:29,28,30,3090,5460
2023-08-21 10:22:39,28,31,3090,5460
2023-08-21 10:22:41,29,31,3090,5460
2023-08-21 10:23:17,29,30,3090,5460
2023-08-21 10:23:26,28,30,3090,5460
2023-08-21 10:23:52,27,30,3090,5460
2023-08-21 10:23:58,27,29,3090,5460
2023-08-21 10:24:15,28,29,3090,5460
2023-08-21 10:24:15,28,30,3090,5460
2023-08-21 10:24:24,29,30,3090,5460
2023-08-21 10:24:42,29,30,3290,5660
2023-08-21 10:24:43,29,31,3490,5860
2023-08-21 10:24:45,30,31,3490,5860
2023-08-21 10:24:47,30,31,3610,5980
2023-08-21 10:24:51,30,32,3610,5980
2023-08-21 10:25:15,31,32,3610,5980
2023-08-21 10:25:21,31,33,3610,5980
2023-08-21 10:25:31,32,33,3610,5980
2023-08-21 10:25:31,32,34,3610,5980
2023-08-21 10:25:32,32,35,3610,5980
2023-08-21 10:25:49,32,35,3610,5980
2023-08-21 10:25:49,33,35,3610,5980
2023-08-21 10:27:12,33,35,3810,6180
2023-08-21 10:32:35,32,35,3810,6180
2023-08-21 10:32:36,33,35,3810,6180
2023-08-21 10:33:50,32,35,3810,6180
2023-08-21 10:34:00,32,34,3810,6180
2023-08-21 10:34:49,32,35,3810,6180
2023-08-21 10:35:02,33,35,3810,6180
2023-08-21 10:35:50,32,35,3810,6180
2023-08-21 10:35:58,32,34,3810,6180
2023-08-21 10:36:35,32,35,3810,6180
2023-08-21 10:36:53,32,34,3810,6180
2023-08-21 10:36:55,32,35,3810,6180
2023-08-21 10:36:56,32,34,3810,6180
2023-08-21 10:36:58,32,35,3810,6180
2023-08-21 10:37:09,33,35,3810,6180
2023-08-21 10:38:54,32,35,3810,6180
2023-08-21 10:39:29,33,35,3810,6180
2023-08-21 10:40:16,32,35,3810,6180
2023-08-21 10:40:18,32,34,3810,6180
2023-08-21 10:40:48,32,33,3810,6180
2023-08-21 10:40:52,32,34,3810,6180
2023-08-21 10:40:53,32,33,3810,6180
2023-08-21 10:40:56,32,33,3870,6240
2023-08-21 10:41:22,32,34,3870,6240
2023-08-21 10:41:24,32,33,3870,6240
2023-08-21 10:41:28,31,33,3870,6240
2023-08-21 10:41:49,31,34,3870,6240
2023-08-21 10:42:22,31,33,3870,6240
2023-08-21 10:42:42,31,34,3870,6240
2023-08-21 10:43:25,31,33,3870,6240
2023-08-21 10:43:40,31,32,3870,6240
2023-08-21 10:43:53,31,33,3870,6240
2023-08-21 10:44:01,31,34,3870,6240
2023-08-21 10:44:02,31,33,3870,6240
2023-08-21 10:44:08,31,33,3870,6440
2023-08-21 10:44:09,31,34,3870,6440
2023-08-21 10:44:36,32,34,3870,6440
2023-08-21 10:44:53,32,34,3870,6560
2023-08-21 10:45:06,32,35,3870,6560
2023-08-21 10:45:18,33,35,3870,6560
2023-08-21 10:45:37,32,35,3870,6560
2023-08-21 10:45:45,32,34,3870,6560
2023-08-21 10:46:13,31,34,3870,6560
2023-08-21 10:46:40,31,33,3870,6560
2023-08-21 10:47:01,31,32,3870,6560
2023-08-21 10:47:03,31,32,3990,6680
2023-08-21 10:47:03,31,32,4050,6740
2023-08-21 10:47:04,30,32,4050,6740
2023-08-21 10:47:38,30,33,4050,6740
2023-08-21 10:47:53,31,33,4050,6740
2023-08-21 10:48:08,30,33,4050,6740
2023-08-21 10:48:52,31,33,4050,6740
2023-08-21 10:49:01,31,34,4050,6740
2023-08-21 10:49:23,31,35,4050,6740
2023-08-21 10:49:23,32,35,4050,6740
2023-08-21 10:49:23,33,35,4050,6740
2023-08-21 10:50:01,32,35,4050,6740
2023-08-21 10:50:01,32,34,4050,6740
2023-08-21 10:50:11,32,35,4050,6740
2023-08-21 10:50:42,33,35,4050,6740
2023-08-21 10:50:54,34,35,4050,6740
2023-08-21 10:51:21,34,36,4050,6740
2023-08-21 10:52:05,34,36,4050,6892
2023-08-21 10:53:11,34,35,4050,6892
2023-08-21 10:53:13,33,35,4050,6892
2023-08-21 10:53:53,33,36,4050,6892
2023-08-21 10:54:05,33,35,4050,6892
2023-08-21 10:54:41,33,36,4050,6892
2023-08-21 10:54:46,33,35,4050,6892
2023-08-21 10:54:48,33,36,4050,6892
2023-08-21 10:54:49,33,35,4050,6892
2023-08-21 10:54:54,33,36,4050,6892
2023-08-21 10:55:04,34,36,4050,6892
2023-08-21 10:55:14,34,36,4050,7225
2023-08-21 10:55:46,34,35,4050,7225
2023-08-21 10:58:00,34,36,4250,7425
2023-08-21 10:59:22,34,37,4250,7425
2023-08-21 10:59:54,35,37,4250,7425
2023-08-21 10:59:56,35,37,4310,7485
2023-08-21 10:59:56,35,37,4430,7605
2023-08-21 10:59:57,34,37,4430,7605
2023-08-21 11:00:01,35,37,4430,7605
2023-08-21 11:01:16,34,37,4430,7605
2023-08-21 11:01:16,34,36,4430,7605
2023-08-21 11:01:26,34,37,4430,7605
2023-08-21 11:01:32,34,36,4430,7605
2023-08-21 11:03:05,34,35,4430,7605
2023-08-21 11:03:23,34,36,4430,7605
2023-08-21 11:03:30,34,35,4430,7605
2023-08-21 11:03:38,33,35,4430,7605
2023-08-21 11:05:16,33,34,4430,7605
2023-08-21 11:05:27,33,35,4430,7605
2023-08-21 11:05:57,33,36,4430,7605
2023-08-21 11:06:01,33,35,4430,7605
2023-08-21 11:06:08,33,36,4430,7605
2023-08-21 11:06:13,34,36,4430,7605
2023-08-21 11:06:23,33,36,4430,7605
2023-08-21 11:06:34,34,36,4430,7605
2023-08-21 11:07:09,33,36,4430,7605
2023-08-21 11:07:16,34,36,4430,7605
2023-08-21 11:07:46,34,37,4430,7605
2023-08-21 11:07:47,34,36,4430,7605
2023-08-21 11:07:56,34,37,4430,7605
2023-08-21 11:08:02,35,37,4430,7605
2023-08-21 11:08:18,36,37,4430,7605
2023-08-21 11:08:19,35,37,4430,7605
2023-08-21 11:08:54,36,37,4430,7605
2023-08-21 11:08:55,35,37,4430,7605
2023-08-21 11:08:56,36,37,4430,7605
2023-08-21 11:08:57,35,37,4430,7605
2023-08-21 11:08:58,36,37,4430,7605
2023-08-21 11:08:59,35,37,4430,7605
2023-08-21 11:09:00,36,37,4430,7605
2023-08-21 11:09:01,35,37,4430,7605
2023-08-21 11:09:19,36,37,4430,7605
2023-08-21 11:09:20,35,37,4430,7605
2023-08-21 11:09:34,36,37,4430,7605
2023-08-21 11:09:51,37,38,4430,7608
2023-08-21 11:09:52,36,38,4430,7608
2023-08-21 11:10:41,37,38,4430,7608
2023-08-21 11:10:44,37,38,4490,7668
2023-08-21 11:15:07,37,39,4490,7668
2023-08-21 11:15:09,38,39,4490,7668
2023-08-21 11:15:10,37,39,4490,7668
2023-08-21 11:15:11,38,39,4490,7668
2023-08-21 11:15:12,37,39,4490,7668
2023-08-21 11:15:13,38,39,4490,7668
2023-08-21 11:15:14,37,39,4490,7668
2023-08-21 11:15:15,38,39,4490,7668
2023-08-21 11:15:16,37,39,4490,7668
2023-08-21 11:15:17,38,39,4490,7668
2023-08-21 11:15:17,38,39,4490,7706
2023-08-21 11:15:18,37,39,4490,7706
2023-08-21 11:15:38,38,39,4490,7706
2023-08-21 11:15:39,37,39,4490,7706
2023-08-21 11:15:41,38,39,4490,7706
2023-08-21 11:15:42,37,39,4490,7724
2023-08-21 11:15:43,38,39,4490,7724
2023-08-21 11:15:52,37,39,4490,7724
2023-08-21 11:15:53,38,39,4490,7724
2023-08-21 11:15:53,37,38,4490,7738
2023-08-21 11:16:14,37,39,4490,7764
2023-08-21 11:16:14,37,39,4528,7802
2023-08-21 11:16:16,38,39,4528,7802
2023-08-21 11:17:10,37,39,4528,7802
2023-08-21 11:17:11,38,39,4528,7802
2023-08-21 11:17:12,37,39,4528,7802
2023-08-21 11:17:12,37,39,4528,8135
2023-08-21 11:17:13,38,39,4528,8135
2023-08-21 11:17:20,37,39,4528,8135
2023-08-21 11:17:21,38,39,4528,8135
2023-08-21 11:17:26,37,39,4528,8135
2023-08-21 11:17:27,38,39,4528,8135
2023-08-21 11:17:31,38,40,4528,8402
2023-08-21 11:17:45,37,40,4528,8402
2023-08-21 11:17:48,38,40,4528,8402
2023-08-21 11:17:53,37,40,4528,8402
2023-08-21 11:19:58,38,40,4528,8402
2023-08-21 11:20:03,37,40,4528,8402
2023-08-21 11:20:04,38,40,4528,8402
2023-08-21 11:20:05,37,40,4528,8402
2023-08-21 11:20:10,38,40,4528,8402
2023-08-21 11:20:30,37,40,4528,8402
2023-08-21 11:20:34,38,40,4528,8402
2023-08-21 11:20:45,37,40,4528,8402
2023-08-21 11:20:47,38,40,4528,8402
2023-08-21 11:21:56,37,40,4528,8402
2023-08-21 11:22:00,38,40,4528,8402
2023-08-21 11:22:28,37,40,4528,8402
2023-08-21 11:22:35,37,39,4528,8402
2023-08-21 11:22:40,37,40,4528,8402
2023-08-21 11:22:41,37,39,4528,8402
2023-08-21 11:22:42,37,40,4528,8402
2023-08-21 11:22:45,38,40,4528,8402
2023-08-21 11:22:46,37,40,4528,8402
2023-08-21 11:22:47,38,40,4528,8402
2023-08-21 11:23:04,37,40,4528,8402
2023-08-21 11:23:05,39,40,4528,8402
2023-08-21 11:30:40,39,40,4588,8462
2023-08-21 11:33:36,39,41,5130,9666
2023-08-21 11:34:27,39,40,5130,9666
2023-08-21 11:34:28,39,41,5130,9666
2023-08-21 11:34:29,39,40,5130,9666
2023-08-21 11:34:30,39,41,5130,9666
2023-08-21 11:34:55,39,40,5130,9666
2023-08-21 11:38:16,40,41,5130,9766
2023-08-21 11:39:34,40,41,5230,9866
2023-08-21 11:39:47,40,42,5327,9963
2023-08-21 11:40:50,41,42,5327,9963
2023-08-21 11:41:13,41,42,5327,10163
2023-08-21 11:44:03,41,42,5327,10223
2023-08-21 11:44:22,41,42,5327,10233
2023-08-21 11:44:24,41,42,5327,10293
2023-08-21 11:44:40,41,42,5327,10353
2023-08-21 11:45:02,40,42,5327,10363
2023-08-21 11:45:02,40,41,5327,10363
2023-08-21 11:53:37,41,42,5327,10373
2023-08-21 11:56:39,41,43,6485,11531
2023-08-21 11:57:24,42,43,6485,11531
2023-08-21 11:57:24,42,43,6485,11543
2023-08-21 11:57:26,42,43,6485,11555
2023-08-21 11:57:30,42,43,6485,11567
2023-08-21 11:57:46,42,43,6485,11579
2023-08-21 11:57:48,42,43,6485,11587
2023-08-21 11:57:54,42,43,6485,11599
2023-08-21 11:58:18,42,43,6501,11615
2023-08-21 12:00:33,42,44,6752,11866
2023-08-21 12:00:46,42,44,6752,11926
2023-08-21 12:01:27,43,44,6752,11926
2023-08-21 12:06:45,43,44,6752,12086
2023-08-21 12:08:55,43,44,6807,12141
2023-08-21 12:10:23,43,45,6807,12141
2023-08-21 12:10:23,43,44,6807,12141
2023-08-21 12:10:41,43,45,6807,12141
2023-08-21 12:10:41,43,44,6807,12141
2023-08-21 12:10:48,43,45,6807,12141
2023-08-21 12:10:48,43,44,6807,12141
2023-08-21 12:11:19,43,45,6807,12141
2023-08-21 12:11:20,43,44,6807,12141
2023-08-21 12:11:39,43,45,6807,12141
2023-08-21 12:11:40,43,44,6807,12141
2023-08-21 12:12:18,43,45,6807,12141
2023-08-21 12:12:18,43,44,6807,12141
2023-08-21 12:13:05,43,45,6807,12141
2023-08-21 12:13:06,43,44,6807,12141
2023-08-21 12:13:11,43,45,6807,12141
2023-08-21 12:13:12,43,44,6807,12141
2023-08-21 12:13:17,43,45,6807,12141
2023-08-21 12:13:17,43,44,6807,12141
2023-08-21 12:13:45,42,44,6807,12141
2023-08-21 12:14:06,43,44,6807,12141
2023-08-21 12:15:00,43,45,6807,12141
2023-08-21 12:15:00,43,44,6807,12141
2023-08-21 12:15:06,43,44,6807,12201
2023-08-21 12:15:11,43,45,6807,12201
2023-08-21 12:15:11,43,44,6807,12201
2023-08-21 12:15:18,42,44,6807,12201
2023-08-21 12:15:35,43,44,6807,12201
2023-08-21 12:15:42,42,44,6807,12201
2023-08-21 12:16:05,43,44,6807,12201
2023-08-21 12:16:06,42,44,6807,12201
2023-08-21 12:16:34,43,44,6807,12201
2023-08-21 12:16:41,42,44,6807,12201
2023-08-21 12:16:52,42,43,6807,12201
2023-08-21 12:17:06,42,43,6807,12401
2023-08-21 12:17:07,42,45,6807,12401
2023-08-21 12:17:07,42,44,6807,12401
2023-08-21 12:17:31,42,43,6807,12401
2023-08-21 12:17:36,41,43,6807,12401
2023-08-21 12:17:36,41,43,6807,12401
2023-08-21 12:17:43,42,43,6807,12401
2023-08-21 12:17:45,41,43,6807,12401
2023-08-21 12:17:51,42,43,6807,12401
2023-08-21 12:18:06,42,43,6807,12430
2023-08-21 12:18:07,41,43,6807,12430
2023-08-21 12:18:13,41,44,6807,12430
2023-08-21 12:18:13,41,43,6807,12430
2023-08-21 12:19:14,41,44,6807,12430
2023-08-21 12:19:14,41,43,6807,12430
2023-08-21 12:19:15,42,43,6807,12430
2023-08-21 12:19:16,41,43,6607,12630
2023-08-21 12:19:37,40,41,6607,12900
2023-08-21 12:19:46,40,41,6607,13100
2023-08-21 12:20:34,40,42,6607,13100
2023-08-21 12:20:38,40,41,6607,13100
2023-08-21 12:20:41,39,41,6407,13300
2023-08-21 12:20:48,39,41,6407,13318
2023-08-21 12:20:54,39,42,6407,13318
2023-08-21 12:20:54,39,41,6407,13318
2023-08-21 12:22:11,39,40,6407,13318
2023-08-21 12:22:11,38,40,6407,13318
2023-08-21 12:22:38,37,40,6407,13318
2023-08-21 12:22:38,37,39,6407,13318
2023-08-21 12:22:41,37,39,6407,13368
2023-08-21 12:22:42,37,39,6407,13418
2023-08-21 12:22:43,37,39,6407,13468
2023-08-21 12:22:44,36,39,6407,13518
2023-08-21 12:22:48,36,38,6407,13518
2023-08-21 12:22:53,35,38,6407,13518
2023-08-21 12:22:53,35,37,6407,13518
2023-08-21 12:22:54,35,38,6407,13518
2023-08-21 12:22:55,35,37,6407,13518
2023-08-21 12:22:56,35,38,6407,13518
2023-08-21 12:23:14,35,37,6407,13518
2023-08-21 12:23:22,35,38,6407,13518
2023-08-21 12:24:02,35,37,6407,13518
2023-08-21 12:24:10,34,37,6407,13518
2023-08-21 12:24:19,34,38,6407,13518
2023-08-21 12:24:26,34,37,6407,13518
2023-08-21 12:24:27,34,38,6407,13518
2023-08-21 12:24:38,34,37,6407,13518
2023-08-21 12:25:24,34,36,6407,13518
2023-08-21 12:26:14,33,36,6407,13518
2023-08-21 12:26:41,33,36,6423,13577
2023-08-21 12:27:26,33,35,6423,13577
2023-08-21 12:27:27,33,36,6423,13577
2023-08-21 12:28:01,33,35,6423,13577
2023-08-21 12:28:01,33,35,6423,13632
2023-08-21 12:28:03,32,35,6423,13632
2023-08-21 12:28:21,32,36,6423,13632
2023-08-21 12:28:37,32,35,6423,13632
2023-08-21 12:29:52,32,34,6423,13632
2023-08-21 12:29:54,32,35,6423,13632
2023-08-21 12:30:07,32,34,6423,13632
2023-08-21 12:30:13,31,34,6423,13632
2023-08-21 12:30:17,34,35,6423,13687
2023-08-21 12:30:17,34,35,6543,13807
2023-08-21 12:30:18,34,35,6582,13862
2023-08-21 12:30:18,31,35,6582,13882
2023-08-21 12:30:19,31,34,6582,13882
2023-08-21 12:31:49,32,34,6582,13882
2023-08-21 12:31:49,32,35,6582,13882
2023-08-21 12:32:01,33,35,6582,13882
2023-08-21 12:32:04,33,36,6582,13882
2023-08-21 12:32:11,32,36,6582,13882
2023-08-21 12:32:14,33,36,6582,13882
2023-08-21 12:32:22,34,36,6582,13882
2023-08-21 12:32:25,33,36,6582,13882
2023-08-21 12:32:26,34,36,6582,13882
2023-08-21 12:32:26,34,37,6582,13882
2023-08-21 12:32:27,33,37,6582,13882
2023-08-21 12:32:31,33,36,6582,13882
2023-08-21 12:33:42,32,36,6582,13882
2023-08-21 12:33:45,33,36,6582,13882
2023-08-21 12:33:52,32,36,6582,13882
2023-08-21 12:33:57,32,35,6582,13882
2023-08-21 12:35:06,33,35,6582,13882
2023-08-21 12:35:11,33,36,6582,13882
2023-08-21 12:35:17,32,36,6582,13882
2023-08-21 12:35:18,32,35,6582,13882
2023-08-21 12:35:27,33,35,6582,13882
2023-08-21 12:35:33,33,36,6582,13882
2023-08-21 12:36:14,32,36,6582,13882
2023-08-21 12:36:19,32,35,6582,13882
2023-08-21 12:36:59,31,35,6582,13882
2023-08-21 12:37:01,31,34,6582,13882
2023-08-21 12:37:18,32,34,6582,13882
2023-08-21 12:37:21,32,35,6582,13882
2023-08-21 12:38:00,33,35,6582,13882
2023-08-21 12:38:02,33,36,6582,13882
2023-08-21 12:38:21,34,36,6582,13882
2023-08-21 12:38:21,34,37,6582,13882
2023-08-21 12:38:37,33,37,6582,13882
2023-08-21 12:38:40,33,36,6582,13882
2023-08-21 12:39:03,32,36,6582,13882
2023-08-21 12:39:04,32,35,6582,13882
2023-08-21 12:39:54,31,35,6582,13882
2023-08-21 12:39:55,32,35,6582,13882
2023-08-21 12:39:56,31,35,6582,13882
2023-08-21 12:39:58,32,35,6582,13882
2023-08-21 12:40:19,31,35,6582,13882
2023-08-21 12:40:26,31,34,6582,13882
2023-08-21 12:41:15,32,34,6582,13882
2023-08-21 12:41:17,32,35,6582,13882
2023-08-21 12:41:32,31,35,6582,13882
2023-08-21 12:41:59,31,34,6582,13882
2023-08-21 12:42:14,31,33,6582,13882
2023-08-21 12:42:26,31,34,6582,13882
2023-08-21 12:43:09,31,33,6582,13882
2023-08-21 12:43:18,30,33,6582,13882
2023-08-21 12:43:28,30,32,6582,13882
2023-08-21 12:43:41,29,32,6582,13882
2023-08-21 12:45:13,29,31,6582,13882
2023-08-21 12:45:22,29,32,6582,13882
2023-08-21 12:45:36,29,31,6582,13882
2023-08-21 12:46:14,29,32,6582,13882
2023-08-21 12:47:00,29,31,6582,13882
2023-08-21 12:47:32,28,31,6582,13882
2023-08-21 12:47:35,28,30,6582,13882
2023-08-21 12:47:39,27,30,6582,13882
2023-08-21 12:48:03,27,29,6582,13882
2023-08-21 12:48:04,26,29,6582,13882
2023-08-21 12:48:12,26,28,6582,13882
2023-08-21 12:48:18,26,29,6582,13882
2023-08-21 12:48:19,26,28,6582,13882
2023-08-21 12:48:21,26,29,6582,13882
2023-08-21 12:49:32,26,28,6582,13882
2023-08-21 12:49:52,25,28,6582,13882
2023-08-21 12:50:11,25,29,6582,13882
2023-08-21 12:50:15,26,29,6582,13882
2023-08-21 12:51:43,26,30,6582,13882
2023-08-21 12:51:50,27,30,6582,13882
2023-08-21 12:52:06,27,31,6582,13882
2023-08-21 12:52:19,27,30,6582,13882
2023-08-21 12:52:41,27,31,6582,13882
2023-08-21 12:53:00,27,30,6582,13882
2023-08-21 12:53:09,27,31,6582,13882
2023-08-21 12:53:13,28,31,6582,13882
2023-08-21 12:53:37,28,30,6582,13882
2023-08-21 12:53:37,27,30,6582,13882
2023-08-21 12:54:00,27,29,6582,13882
2023-08-21 12:54:47,27,31,6582,13882
2023-08-21 12:55:18,28,31,6582,13882
2023-08-21 12:55:44,28,32,6582,13882
2023-08-21 12:55:48,28,31,6582,13882
2023-08-21 12:56:05,27,31,6582,13882
2023-08-21 12:56:06,27,30,6582,13882
2023-08-21 12:56:30,26,30,6582,13882
2023-08-21 12:56:32,26,29,6582,13882
2023-08-21 12:58:15,25,29,6582,13882
2023-08-21 12:58:17,25,28,6582,13882
2023-08-21 12:58:42,25,27,6582,13882
2023-08-21 12:59:11,24,27,6582,13882
2023-08-21 12:59:12,24,26,6582,13882
2023-08-21 12:59:16,23,26,6582,13882
2023-08-21 12:59:23,23,25,6582,13882
2023-08-21 12:59:40,22,25,6582,13882
2023-08-21 12:59:49,23,25,6582,13882
2023-08-21 12:59:50,23,26,6582,13882
2023-08-21 13:00:22,22,26,6582,13882
2023-08-21 13:00:53,23,26,6582,13882
2023-08-21 13:01:04,22,26,6582,13882
2023-08-21 13:01:06,22,25,6582,13882
2023-08-21 13:01:10,22,24,6582,13882
2023-08-21 13:01:13,21,24,6582,13882
2023-08-21 13:01:19,22,24,6582,13882
2023-08-21 13:01:41,22,25,6582,13882
2023-08-21 13:02:12,21,25,6582,13882
2023-08-21 13:02:26,21,24,6582,13882
2023-08-21 13:03:01,21,25,6582,13882
2023-08-21 13:03:02,22,25,6582,13882
2023-08-21 13:03:07,23,25,6582,13882
2023-08-21 13:03:10,24,25,6582,13882
2023-08-21 13:03:12,24,27,6582,13882
2023-08-21 13:03:21,25,27,6582,13882
2023-08-21 13:03:37,24,27,6582,13882
2023-08-21 13:04:36,24,28,6582,13882
2023-08-21 13:04:36,25,28,6582,13882
2023-08-21 13:04:45,25,29,6582,13882
2023-08-21 13:04:52,26,29,6582,13882
2023-08-21 13:05:01,26,30,6582,13882
2023-08-21 13:05:30,26,29,6582,13882
2023-08-21 13:05:32,25,29,6582,13882
2023-08-21 13:05:34,25,28,6582,13882
2023-08-21 13:05:55,24,28,6582,13882
2023-08-21 13:06:02,24,27,6582,13882
2023-08-21 13:06:16,23,27,6582,13882
2023-08-21 13:06:16,23,26,6582,13882
2023-08-21 13:07:08,23,25,6582,13882
2023-08-21 13:07:56,22,25,6582,13882
2023-08-21 13:08:13,23,25,6582,13882
2023-08-21 13:08:17,22,25,6582,13882
2023-08-21 13:09:03,21,25,6582,13882
2023-08-21 13:09:16,21,24,6582,13882
2023-08-21 13:09:32,21,25,6582,13882
2023-08-21 13:09:43,22,25,6582,13882
2023-08-21 13:10:02,22,24,6582,13882
2023-08-21 13:10:10,21,24,6582,13882
2023-08-21 13:10:17,21,25,6582,13882
2023-08-21 13:10:17,22,25,6582,13882
2023-08-21 13:10:22,22,24,6582,13882
2023-08-21 13:10:22,21,24,6582,13882
2023-08-21 13:11:02,21,25,6582,13882
2023-08-21 13:11:04,21,24,6582,13882
2023-08-21 13:11:07,21,25,6582,13882
2023-08-21 13:11:17,22,25,6582,13882
2023-08-21 13:11:44,23,25,6582,13882
2023-08-21 13:11:47,22,25,6582,13882
2023-08-21 13:13:08,21,25,6582,13882
2023-08-21 13:13:16,22,25,6582,13882
2023-08-21 13:13:30,23,25,6582,13882
2023-08-21 13:14:02,23,25,6582,13914
2023-08-21 13:14:19,24,25,6582,13914
2023-08-21 13:14:23,24,25,6832,14164
2023-08-21 13:14:24,24,25,7082,14414
2023-08-21 13:14:26,24,25,7332,14664
2023-08-21 13:14:27,24,25,7582,14914
2023-08-21 13:14:28,24,25,7832,15164
2023-08-21 13:14:37,24,25,8082,15414
2023-08-21 13:14:38,24,25,8332,15664
2023-08-21 13:15:27,23,25,8332,15664
2023-08-21 13:15:55,22,25,8332,15664
2023-08-21 13:15:58,23,25,8332,15664
2023-08-21 13:16:09,22,25,8332,15664
2023-08-21 13:16:23,23,25,8332,15664
2023-08-21 13:17:27,22,25,8332,15664
2023-08-21 13:17:39,22,24,8332,15664
2023-08-21 13:17:39,21,24,8332,15664
2023-08-21 13:17:46,21,23,8332,15664
2023-08-21 13:17:52,21,23,8360,15699
2023-08-21 13:18:04,21,24,8360,15699
2023-08-21 13:18:10,21,23,8360,15699
2023-08-21 13:18:13,21,23,8394,15733
2023-08-21 13:18:24,21,24,8394,15733
2023-08-21 13:18:38,21,23,8394,15733
2023-08-21 13:18:39,20,23,8394,15733
2023-08-21 13:18:42,20,22,8394,15733
2023-08-21 13:18:46,19,22,8394,15733
2023-08-21 13:19:02,20,22,8394,15733
2023-08-21 13:19:11,19,22,8394,15733
2023-08-21 13:19:17,19,21,8394,15733
2023-08-21 13:19:32,18,21,8394,15733
2023-08-21 13:19:37,18,20,8394,15733
2023-08-21 13:19:37,17,20,8394,15733
2023-08-21 13:19:49,17,19,8394,15733
2023-08-21 13:20:02,17,18,8394,15733
2023-08-21 13:20:02,16,18,8434,15773
2023-08-21 13:20:04,16,18,8467,15806
2023-08-21 13:20:15,16,17,8467,15806
2023-08-21 13:20:19,16,17,8490,15829
2023-08-21 13:20:20,16,18,8490,15829
2023-08-21 13:20:21,16,17,8490,15829
2023-08-21 13:20:21,16,17,8515,15854
2023-08-21 13:20:21,16,17,8525,15864
2023-08-21 13:20:23,16,18,8525,15864
2023-08-21 13:20:47,16,17,8525,15864
2023-08-21 13:20:54,15,16,8525,15923
2023-08-21 13:20:55,15,17,8525,15923
2023-08-21 13:21:16,15,16,8525,15923
2023-08-21 13:21:16,15,16,8645,16043
2023-08-21 13:21:30,15,16,8688,16086
2023-08-21 13:21:32,15,16,8729,16127
2023-08-21 13:21:34,15,17,8729,16127
2023-08-21 13:21:36,15,16,8729,16127
2023-08-21 13:21:37,15,16,8744,16142
2023-08-21 13:21:47,15,17,8744,16142
2023-08-21 13:22:11,15,18,8744,16142
2023-08-21 13:22:34,15,17,8744,16142
2023-08-21 13:22:43,15,18,8744,16142
2023-08-21 13:22:59,15,17,8744,16142
2023-08-21 13:23:42,15,16,8744,16142
2023-08-21 13:23:53,15,17,8744,16142
2023-08-21 13:23:54,15,16,8744,16142
2023-08-21 13:24:04,13,16,8779,16177
2023-08-21 13:24:08,13,15,8779,16177
2023-08-21 13:24:09,12,15,8779,16177
2023-08-21 13:24:10,12,14,8779,16177
2023-08-21 13:25:39,12,14,8839,16237
2023-08-21 13:25:40,12,13,8839,16237
2023-08-21 13:25:40,11,12,9026,16427
2023-08-21 13:25:40,10,12,9026,16427
2023-08-21 13:25:41,10,13,9026,16427
2023-08-21 13:25:41,10,12,9026,16427
2023-08-21 13:25:57,10,12,9026,16428
2023-08-21 13:26:07,9,12,9026,16428
2023-08-21 13:26:07,9,11,9026,16428
2023-08-21 13:26:16,9,10,9026,16428
2023-08-21 13:26:16,9,10,9146,16548
2023-08-21 13:26:29,9,10,9266,16668
2023-08-21 13:26:39,9,11,9266,16668
2023-08-21 13:26:39,9,10,9266,16668
2023-08-21 13:26:41,9,11,9266,16668
2023-08-21 13:27:11,9,12,9266,16668
2023-08-21 13:27:15,9,11,9266,16668
2023-08-21 13:27:18,9,12,9266,16668
2023-08-21 13:27:29,10,12,9266,16668
2023-08-21 13:27:49,9,12,9266,16668
2023-08-21 13:28:21,10,12,9266,16668
2023-08-21 13:28:24,10,13,9266,16668
2023-08-21 13:28:32,10,12,9266,16668
2023-08-21 13:28:34,9,12,9266,16668
2023-08-21 13:29:14,9,11,9266,16668
2023-08-21 13:29:16,9,12,9266,16668
2023-08-21 13:29:57,9,13,9266,16668
2023-08-21 13:29:59,9,12,9266,16668
2023-08-21 13:30:01,9,13,9266,16668
2023-08-21 13:30:02,9,12,9266,16668
2023-08-21 13:30:17,9,13,9266,16668
2023-08-21 13:30:17,10,13,9266,16668
2023-08-21 13:31:12,10,12,9266,16668
2023-08-21 13:31:13,9,12,9266,16668
2023-08-21 13:31:46,9,11,9266,16668
2023-08-21 13:32:09,9,12,9266,16668
2023-08-21 13:32:22,9,11,9266,16668
2023-08-21 13:32:54,9,10,9266,16668
2023-08-21 13:33:05,8,10,9276,16678
2023-08-21 13:33:10,8,9,9276,16678
2023-08-21 13:33:10,7,9,9276,16678
2023-08-21 13:34:25,8,9,9276,16678
2023-08-21 13:34:25,7,9,9276,16695
2023-08-21 13:34:27,8,9,9276,16695
2023-08-21 13:34:27,7,9,9276,16705
2023-08-21 13:35:32,8,9,9276,16705
2023-08-21 13:35:33,7,9,9276,16705
2023-08-21 13:35:54,7,8,9276,16705
2023-08-21 13:36:07,7,9,9276,16905
2023-08-21 13:38:01,7,8,9276,16905
2023-08-21 13:38:50,6,7,9387,17016
2023-08-21 13:38:51,6,8,9387,17016
2023-08-21 13:39:19,7,8,9387,17016
2023-08-21 13:39:20,6,8,9387,17016
2023-08-21 13:39:21,7,8,9387,17016
2023-08-21 13:39:22,6,8,9387,17016
2023-08-21 13:39:23,7,8,9387,17016
2023-08-21 13:39:24,6,8,9387,17016
2023-08-21 13:39:25,7,8,9387,17016
2023-08-21 13:39:26,6,8,9387,17016
2023-08-21 13:39:27,7,8,9387,17016
2023-08-21 13:39:28,6,8,9387,17016
2023-08-21 13:39:29,7,8,9387,17016
2023-08-21 13:39:30,6,8,9387,17016
2023-08-21 13:39:31,7,8,9387,17016
2023-08-21 13:39:32,6,8,9387,17016
2023-08-21 13:39:33,7,8,9387,17016
2023-08-21 13:39:34,6,8,9387,17016
2023-08-21 13:39:35,7,8,9387,17016
2023-08-21 13:39:36,6,8,9387,17016
2023-08-21 13:39:37,7,8,9387,17016
2023-08-21 13:39:38,6,8,9387,17016
2023-08-21 13:39:39,7,8,9387,17016
2023-08-21 13:39:40,6,8,9387,17016
2023-08-21 13:39:41,7,8,9387,17016
2023-08-21 13:39:42,6,8,9387,17016
2023-08-21 13:39:43,7,8,9387,17016
2023-08-21 13:39:44,6,8,9387,17016
2023-08-21 13:39:45,7,8,9387,17016
2023-08-21 13:39:46,6,8,9387,17016
2023-08-21 13:39:47,7,8,9387,17016
2023-08-21 13:39:48,6,8,9387,17016
2023-08-21 13:39:48,6,9,9387,17016
2023-08-21 13:39:49,7,9,9387,17016
2023-08-21 13:40:04,6,9,9387,17016
2023-08-21 13:40:05,7,9,9387,17016
2023-08-21 13:40:06,6,9,9387,17016
2023-08-21 13:40:07,7,9,9387,17016
2023-08-21 13:40:08,6,9,9387,17016
2023-08-21 13:40:08,6,8,9387,17016
2023-08-21 13:40:17,6,8,9587,17216
2023-08-21 13:40:49,6,7,9587,17216
2023-08-21 13:42:59,6,7,9787,17416
2023-08-21 13:43:26,5,6,9837,17466
2023-08-21 13:44:41,5,7,10037,17666
2023-08-21 13:44:56,5,6,10037,17666
2023-08-21 13:45:21,5,6,10037,17667
2023-08-21 13:45:38,5,6,10038,17668
2023-08-21 13:45:55,5,6,10039,17669
2023-08-21 13:46:12,5,6,10040,17670
2023-08-21 13:46:30,5,6,10041,17671
2023-08-21 13:46:47,5,6,10042,17672
2023-08-21 13:47:04,5,6,10043,17673
2023-08-21 13:47:30,5,7,10043,17673
2023-08-21 13:47:31,6,7,10043,17673
2023-08-21 13:47:32,5,7,10043,17673
2023-08-21 13:47:33,6,7,10043,17673
2023-08-21 13:47:34,5,7,10043,17673
2023-08-21 13:47:35,6,7,10043,17673
2023-08-21 13:47:36,5,7,10043,17673
2023-08-21 13:47:37,6,7,10043,17673
2023-08-21 13:47:38,5,7,10043,17673
2023-08-21 13:47:39,6,7,10043,17673
2023-08-21 13:47:40,5,7,10043,17673
2023-08-21 13:47:41,6,7,10043,17673
2023-08-21 13:47:42,5,7,10043,17673
2023-08-21 13:47:43,6,7,10043,17673
2023-08-21 13:47:44,5,7,10043,17673
2023-08-21 13:47:45,6,7,10043,17673
2023-08-21 13:47:46,5,7,10043,17673
2023-08-21 13:47:53,6,7,10043,17673
2023-08-21 13:47:54,5,7,10043,17673
2023-08-21 13:47:55,6,7,10043,17673
2023-08-21 13:47:56,5,7,10043,17673
2023-08-21 13:47:57,6,7,10043,17673
2023-08-21 13:47:58,5,7,10043,17673
2023-08-21 13:47:59,6,7,10043,17673
2023-08-21 13:48:00,5,7,10043,17673
2023-08-21 13:48:17,5,6,10043,17673
2023-08-21 13:48:32,5,7,10043,17673
2023-08-21 13:48:33,6,7,10043,17673
2023-08-21 13:48:34,5,7,10043,17673
2023-08-21 13:48:35,6,7,10043,17673
2023-08-21 13:48:36,5,7,10043,17673
2023-08-21 13:48:37,6,7,10043,17673
2023-08-21 13:48:38,5,7,10043,17673
2023-08-21 13:48:39,6,7,10043,17673
2023-08-21 13:48:40,5,7,10043,17673
2023-08-21 13:48:49,6,7,10043,17673
2023-08-21 13:48:50,5,7,10043,17673
2023-08-21 13:48:51,6,7,10043,17673
2023-08-21 13:48:52,5,7,10043,17673
2023-08-21 13:48:53,6,7,10043,17673
2023-08-21 13:48:54,5,7,10043,17673
2023-08-21 13:48:55,6,7,10043,17673
2023-08-21 13:48:56,5,7,10043,17673
2023-08-21 13:48:57,6,7,10043,17673
2023-08-21 13:48:58,5,7,10043,17673
2023-08-21 13:49:00,6,7,10043,17673
2023-08-21 13:49:01,5,7,10043,17673
2023-08-21 13:49:02,6,7,10043,17673
2023-08-21 13:49:03,5,7,10043,17673
2023-08-21 13:49:04,6,7,10043,17673
2023-08-21 13:49:05,5,7,10043,17673
2023-08-21 13:49:06,6,7,10043,17673
2023-08-21 13:49:07,5,7,10043,17673
2023-08-21 13:49:08,6,7,10043,17673
2023-08-21 13:49:09,5,7,10043,17673
2023-08-21 13:49:10,6,7,10043,17673
2023-08-21 13:49:11,5,7,10043,17673
2023-08-21 13:49:12,6,7,10043,17673
2023-08-21 13:49:13,5,7,10043,17673
2023-08-21 13:49:14,6,7,10043,17673
2023-08-21 13:49:15,5,7,10043,17673
2023-08-21 13:49:16,6,7,10043,17673
2023-08-21 13:49:17,5,7,10043,17673
2023-08-21 13:49:48,6,7,10043,17673
2023-08-21 13:49:49,5,7,10043,17673
2023-08-21 13:49:50,6,7,10043,17673
2023-08-21 13:49:51,5,7,10043,17673
2023-08-21 13:49:53,6,7,10043,17673
2023-08-21 13:49:54,5,7,10043,17673
2023-08-21 13:49:55,6,7,10043,17673
2023-08-21 13:49:56,5,7,10043,17673
2023-08-21 13:49:57,6,7,10043,17673
2023-08-21 13:49:58,5,7,10043,17673
2023-08-21 13:50:04,5,6,10043,17673
2023-08-21 13:51:30,5,7,10043,17673
2023-08-21 13:51:31,6,7,10043,17673
2023-08-21 13:51:32,5,7,10043,17673
2023-08-21 13:51:34,6,7,10043,17673
2023-08-21 13:51:35,5,7,10043,17673
2023-08-21 13:51:36,6,7,10043,17673
2023-08-21 13:51:37,5,7,10043,17673
2023-08-21 13:51:38,6,7,10043,17673
2023-08-21 13:51:39,5,7,10043,17673
2023-08-21 13:51:40,6,7,10043,17673
2023-08-21 13:51:41,5,7,10043,17673
2023-08-21 13:51:42,6,7,10043,17673
2023-08-21 13:51:43,5,7,10043,17673
2023-08-21 13:51:44,6,7,10043,17673
2023-08-21 13:51:45,5,7,10043,17673
2023-08-21 13:51:46,6,7,10043,17673
2023-08-21 13:51:47,5,7,10043,17673
2023-08-21 13:51:48,6,7,10043,17673
2023-08-21 13:51:49,5,7,10043,17673
2023-08-21 13:51:50,6,7,10043,17673
2023-08-21 13:51:51,5,7,10043,17673
2023-08-21 13:51:52,6,7,10043,17673
2023-08-21 13:51:53,5,7,10043,17673
2023-08-21 13:51:54,6,7,10043,17673
2023-08-21 13:51:55,5,7,10043,17673
2023-08-21 13:51:56,6,7,10043,17673
2023-08-21 13:51:57,5,7,10043,17673
2023-08-21 13:51:58,6,7,10043,17673
2023-08-21 13:51:59,5,7,10043,17673
2023-08-21 13:52:00,6,7,10043,17673
2023-08-21 13:52:01,5,7,10043,17673
2023-08-21 13:52:02,6,7,10043,17673
2023-08-21 13:52:03,5,7,10043,17673
2023-08-21 13:52:11,6,7,10043,17673
2023-08-21 13:52:12,5,7,10043,17673
2023-08-21 13:52:13,6,7,10043,17673
2023-08-21 13:52:14,5,7,10043,17673
2023-08-21 13:52:26,6,7,10043,17673
2023-08-21 13:52:34,6,8,10043,17673
2023-08-21 13:52:39,7,8,10043,17673
2023-08-21 13:52:53,6,8,10043,17673
2023-08-21 13:52:54,7,8,10043,17673
2023-08-21 13:52:55,6,8,10043,17673
2023-08-21 13:52:56,7,8,10043,17673
2023-08-21 13:52:57,6,8,10043,17673
2023-08-21 13:52:58,7,8,10043,17673
2023-08-21 13:52:59,6,8,10043,17673
2023-08-21 13:53:01,7,8,10043,17673
2023-08-21 13:53:02,6,8,10043,17673
2023-08-21 13:53:03,7,8,10043,17673
2023-08-21 13:53:04,6,8,10043,17673
2023-08-21 13:53:05,7,8,10043,17673
2023-08-21 13:53:06,6,8,10043,17673
2023-08-21 13:53:07,7,8,10043,17673
2023-08-21 13:53:08,6,8,10043,17673
2023-08-21 13:53:10,7,8,10043,17673
2023-08-21 13:53:11,6,8,10043,17673
2023-08-21 13:53:12,7,8,10043,17673
2023-08-21 13:53:13,6,8,10043,17673
2023-08-21 13:53:15,6,7,10043,17673
2023-08-21 13:53:18,6,8,10043,17673
2023-08-21 13:55:23,6,9,10043,18273
2023-08-21 13:55:24,7,9,10043,18273
2023-08-21 13:56:08,6,9,10043,18273
2023-08-21 13:56:08,7,9,10043,18273
2023-08-21 13:56:36,8,9,10043,18273
2023-08-21 13:56:46,8,10,10043,18273
2023-08-21 13:57:21,8,11,10043,18273
2023-08-21 13:57:21,8,10,10043,18273
2023-08-21 13:58:06,9,10,10043,18273
2023-08-21 13:58:08,9,11,10043,18273
2023-08-21 13:58:10,8,11,10043,18273
2023-08-21 13:58:11,8,10,10043,18273
2023-08-21 13:58:17,8,11,10043,18273
2023-08-21 13:58:17,8,10,10043,18273
2023-08-21 13:58:41,8,11,10043,18273
2023-08-21 13:58:41,8,10,10043,18273
2023-08-21 13:58:43,9,10,10043,18273
2023-08-21 13:58:43,9,11,10043,18273
2023-08-21 13:59:02,8,11,9843,18473
2023-08-21 13:59:03,8,10,9843,18473
2023-08-21 13:59:05,8,11,9843,18473
2023-08-21 13:59:05,8,10,9843,18473
2023-08-21 13:59:10,8,11,9843,18473
2023-08-21 13:59:11,8,10,9843,18473
2023-08-21 13:59:11,8,9,9843,18473
2023-08-21 13:59:20,7,9,9843,18473
2023-08-21 13:59:21,7,10,9843,18473
2023-08-21 13:59:21,7,9,9843,18473
2023-08-21 13:59:31,7,10,9843,18473
2023-08-21 13:59:31,7,9,9843,18473
2023-08-21 14:00:02,6,9,9843,18473
2023-08-21 14:00:02,6,8,9843,18473
2023-08-21 14:00:30,6,9,9843,18473
2023-08-21 14:00:30,6,8,9843,18473
2023-08-21 14:00:38,6,9,9843,18473
2023-08-21 14:00:38,6,8,9843,18473
2023-08-21 14:01:11,6,7,9843,18473
2023-08-21 14:01:12,5,7,9843,18473
2023-08-21 14:03:29,5,8,9843,18473
2023-08-21 14:03:29,6,8,9843,18473
2023-08-21 14:04:01,6,9,9843,18473
2023-08-21 14:04:04,7,9,9843,18473
2023-08-21 14:04:10,6,9,9843,18473
2023-08-21 14:04:15,6,8,9843,18473
2023-08-21 14:04:33,5,8,9843,18473
2023-08-21 14:05:00,5,7,9843,18473
2023-08-21 14:05:15,5,8,9843,18473
2023-08-21 14:05:18,6,8,9843,18473
2023-08-21 14:05:34,5,8,9843,18473
2023-08-21 14:05:38,5,7,9843,18473
2023-08-21 14:05:43,6,7,9843,18473
2023-08-21 14:05:44,6,8,9843,18473
2023-08-21 14:06:14,5,8,9843,18473
2023-08-21 14:06:15,5,7,9843,18473
2023-08-21 14:06:17,5,8,9843,18473
2023-08-21 14:06:17,5,7,9843,18473
2023-08-21 14:06:25,5,8,9843,18473
2023-08-21 14:06:25,5,7,9843,18473
2023-08-21 14:06:52,5,6,9843,18473
2023-08-21 14:07:02,5,7,9843,18473
2023-08-21 14:07:02,5,6,9843,18473
2023-08-21 14:07:14,5,7,9843,18473
2023-08-21 14:07:23,5,7,9858,18488
2023-08-21 14:07:34,5,6,9858,18488
2023-08-21 14:07:42,5,7,9858,18488
2023-08-21 14:08:07,5,6,9858,18488
2023-08-21 14:08:09,5,7,9858,18488
2023-08-21 14:08:09,5,6,9858,18488
2023-08-21 14:08:12,5,7,9858,18488
2023-08-21 14:08:12,5,6,9858,18488
2023-08-21 14:08:15,4,6,9858,18704
2023-08-21 14:08:28,4,7,9858,18704
2023-08-21 14:08:28,4,6,9858,18704
2023-08-21 14:08:53,4,7,9858,18704
2023-08-21 14:08:53,4,6,9858,18704
2023-08-21 14:08:58,4,7,9858,18704
2023-08-21 14:08:58,4,6,9858,18704
2023-08-21 14:09:31,4,7,9858,18704
2023-08-21 14:09:31,5,7,9858,18704
2023-08-21 14:09:48,4,7,9858,18704
2023-08-21 14:09:48,4,6,9858,18704
2023-08-21 14:10:05,4,7,9858,18704
2023-08-21 14:10:05,4,6,9858,18704
2023-08-21 14:10:11,4,7,9858,18704
2023-08-21 14:10:11,4,6,9858,18704
2023-08-21 14:10:28,4,5,9858,18704
2023-08-21 14:10:45,4,6,9858,18704
2023-08-21 14:10:56,4,5,9858,18704
2023-08-21 14:11:12,4,6,9858,18704
2023-08-21 14:11:12,4,5,9858,18704
2023-08-21 14:11:33,4,6,9858,18704
2023-08-21 14:11:34,4,5,9858,18704
2023-08-21 14:11:42,4,6,9858,18704
2023-08-21 14:11:42,4,5,9858,18704
2023-08-21 14:17:07,4,5,10058,18904
2023-08-21 14:17:17,4,5,10071,18917
2023-08-21 14:17:31,3,4,10071,18954
2023-08-21 14:19:15,3,5,10071,18954
2023-08-21 14:20:07,3,5,10271,19154
2023-08-21 14:20:09,3,5,10331,19214
2023-08-21 14:20:19,3,5,10391,19274
2023-08-21 14:20:36,3,5,10451,19334
2023-08-21 14:20:54,2,3,10571,19454
2023-08-21 14:20:55,2,5,10571,19454
2023-08-21 14:21:17,2,3,10571,19454
2023-08-21 14:21:22,3,4,10571,19654
2023-08-21 14:21:22,3,4,10571,19664
2023-08-21 14:27:21,3,5,10771,19864
2023-08-21 14:28:47,3,6,10771,19864
2023-08-21 14:29:23,3,6,10771,19875
2023-08-21 14:30:02,3,4,10771,19875
2023-08-21 14:30:07,3,4,10771,19935
2023-08-21 14:30:41,3,4,10771,19995
2023-08-21 14:31:39,3,5,10771,19995
2023-08-21 14:31:52,3,4,10771,19995
2023-08-21 14:33:32,3,5,10771,19995
2023-08-21 14:34:35,3,4,10771,19995
2023-08-21 14:35:32,3,4,10771,20055
2023-08-21 14:36:21,2,4,10197,20740
2023-08-21 14:36:26,2,5,10197,20740
2023-08-21 14:40:50,2,3,10197,20740
2023-08-21 14:41:41,2,3,10181,20756
2023-08-21 14:43:26,2,3,10181,20816
2023-08-21 14:46:52,2,3,10181,20891
2023-08-21 14:46:58,1,3,10181,20940
2023-08-21 14:49:33,1,2,10181,20940
2023-08-21 15:02:02,1,2,10181,20945
2023-08-21 15:03:16,1,2,10181,21095
2023-08-21 15:03:17,0,2,10181,21095
2023-08-21 15:10:33,0,1,10181,21095
2023-08-21 15:16:00,1,2,10181,21098
2023-08-21 15:17:22,0,2,10181,21154
2023-08-21 15:51:09,0,1,10181,21154
