datetime,bid,ask,open_interest,volume
2023-09-27 09:30:16,8,27,1472,1681
2023-09-27 09:30:23,21,27,1472,1681
2023-09-27 09:31:00,26,27,1472,1681
2023-09-27 09:31:00,27,28,1472,1950
2023-09-27 09:31:04,26,28,1472,1950
2023-09-27 09:31:06,27,28,1472,1950
2023-09-27 09:31:07,26,28,1472,1950
2023-09-27 09:31:19,25,28,1472,1950
2023-09-27 09:31:24,26,28,1472,1950
2023-09-27 09:31:39,25,26,1472,2550
2023-09-27 09:31:51,25,26,1472,2750
2023-09-27 09:32:07,25,29,1472,2950
2023-09-27 09:32:15,25,28,1472,2950
2023-09-27 09:32:29,25,29,1472,2950
2023-09-27 09:32:32,25,28,1472,2950
2023-09-27 09:32:54,25,29,1472,2950
2023-09-27 09:32:57,27,29,1472,2950
2023-09-27 09:33:29,27,28,1472,2950
2023-09-27 09:33:30,27,29,1472,2950
2023-09-27 09:34:04,27,28,1472,2950
2023-09-27 09:34:12,27,29,1472,2950
2023-09-27 09:35:03,27,29,1473,2951
2023-09-27 09:35:07,27,28,1473,2951
2023-09-27 09:35:08,27,29,1473,2951
2023-09-27 09:35:10,27,28,1473,2951
2023-09-27 09:35:30,26,27,1672,3150
2023-09-27 09:35:31,25,27,1672,3150
2023-09-27 09:35:53,27,29,1673,3151
2023-09-27 09:37:34,27,29,1773,3251
2023-09-27 09:37:34,27,28,1773,3251
2023-09-27 09:37:49,27,29,1773,3251
2023-09-27 09:40:02,27,28,1773,3251
2023-09-27 09:40:10,27,29,1773,3251
2023-09-27 09:41:43,27,28,1773,3251
2023-09-27 09:41:46,27,29,1773,3251
2023-09-27 09:42:16,27,28,1773,3251
2023-09-27 09:42:18,27,29,1773,3251
2023-09-27 09:42:19,27,28,1773,3251
2023-09-27 09:42:20,27,29,1773,3251
2023-09-27 09:42:32,27,28,1773,3251
2023-09-27 09:43:21,26,28,1773,3251
2023-09-27 09:43:36,26,29,1773,3251
2023-09-27 09:43:40,27,29,1773,3251
2023-09-27 09:43:59,27,28,1773,3251
2023-09-27 09:44:00,27,29,1773,3251
2023-09-27 09:44:03,27,28,1773,3251
2023-09-27 09:44:05,26,28,1773,3251
2023-09-27 09:44:08,26,29,1773,3251
2023-09-27 09:44:17,27,29,1773,3251
2023-09-27 09:44:30,27,28,1773,3251
2023-09-27 09:44:31,26,28,1773,3251
2023-09-27 09:44:46,26,27,1773,3251
2023-09-27 09:44:57,25,27,1773,3251
2023-09-27 09:45:01,25,26,1773,3251
2023-09-27 09:45:02,24,26,1773,3251
2023-09-27 09:45:06,24,25,1773,3251
2023-09-27 09:45:09,23,25,1773,3251
2023-09-27 09:45:34,23,26,1773,3251
2023-09-27 09:45:40,24,26,1773,3251
2023-09-27 09:48:08,24,27,1773,3251
2023-09-27 09:48:10,25,27,1773,3251
2023-09-27 09:48:33,24,27,1773,3251
2023-09-27 09:48:33,24,26,1773,3251
2023-09-27 09:48:47,24,27,1773,3251
2023-09-27 09:48:54,25,27,1773,3251
2023-09-27 09:48:56,25,28,1773,3251
2023-09-27 09:48:59,25,27,1773,3251
2023-09-27 09:49:06,25,28,1773,3251
2023-09-27 09:49:11,25,27,1773,3251
2023-09-27 09:49:13,25,28,1773,3251
2023-09-27 09:49:19,26,28,1773,3251
2023-09-27 09:49:22,26,29,1773,3251
2023-09-27 09:49:50,27,29,1773,3251
2023-09-27 09:51:11,27,28,1773,3251
2023-09-27 09:51:12,27,29,1773,3251
2023-09-27 09:51:18,27,28,1773,3251
2023-09-27 09:51:21,26,28,1773,3251
2023-09-27 09:51:36,26,29,1773,3251
2023-09-27 09:51:45,26,28,1773,3251
2023-09-27 09:52:28,26,29,1773,3251
2023-09-27 09:52:32,26,28,1773,3251
2023-09-27 09:52:34,26,29,1773,3251
2023-09-27 09:52:55,26,28,1773,3251
2023-09-27 09:53:06,26,29,1773,3251
2023-09-27 09:53:23,26,28,1773,3251
2023-09-27 09:53:31,26,27,1773,3251
2023-09-27 09:53:53,26,28,1773,3251
2023-09-27 09:54:00,26,27,1773,3251
2023-09-27 09:54:03,26,28,1773,3251
2023-09-27 09:54:26,26,27,1773,3251
2023-09-27 09:54:33,26,28,1773,3251
2023-09-27 09:54:34,26,27,1773,3251
2023-09-27 09:54:39,26,28,1773,3251
2023-09-27 09:54:56,26,27,1773,3251
2023-09-27 09:54:58,26,28,1773,3251
2023-09-27 09:55:20,26,29,1773,3251
2023-09-27 09:55:39,26,28,1773,3251
2023-09-27 09:55:45,26,29,1773,3251
2023-09-27 09:55:56,26,28,1773,3251
2023-09-27 09:56:09,26,29,1773,3251
2023-09-27 09:56:12,26,28,1773,3251
2023-09-27 09:56:17,26,29,1773,3251
2023-09-27 09:56:30,27,29,1773,3251
2023-09-27 09:57:11,28,29,1773,3251
2023-09-27 10:01:01,28,30,1773,3251
2023-09-27 10:01:43,29,30,1773,3251
2023-09-27 10:01:43,29,31,1773,3451
2023-09-27 10:01:51,29,30,1773,3451
2023-09-27 10:01:59,29,31,1953,3631
2023-09-27 10:01:59,29,30,1953,3631
2023-09-27 10:02:01,29,30,2153,3831
2023-09-27 10:02:01,29,31,2153,3831
2023-09-27 10:02:03,30,31,2153,3831
2023-09-27 10:02:22,30,32,2153,3831
2023-09-27 10:02:25,30,31,2153,3831
2023-09-27 10:02:32,30,32,2377,4055
2023-09-27 10:02:33,30,31,2377,4055
2023-09-27 10:02:58,30,31,2577,4255
2023-09-27 10:03:01,30,32,2577,4255
2023-09-27 10:03:04,30,31,2577,4255
2023-09-27 10:03:09,30,32,2577,4255
2023-09-27 10:03:11,30,31,2577,4255
2023-09-27 10:03:12,30,32,2577,4255
2023-09-27 10:03:13,30,31,2577,4255
2023-09-27 10:03:14,30,32,2577,4255
2023-09-27 10:03:17,30,31,2577,4255
2023-09-27 10:03:30,30,32,2577,4255
2023-09-27 10:03:31,30,31,2577,4255
2023-09-27 10:03:32,30,32,2577,4255
2023-09-27 10:03:34,30,31,2577,4255
2023-09-27 10:03:35,30,32,2577,4255
2023-09-27 10:03:36,30,31,2577,4255
2023-09-27 10:04:09,30,32,2577,4255
2023-09-27 10:04:10,30,31,2577,4255
2023-09-27 10:04:25,30,32,2577,4255
2023-09-27 10:04:29,30,31,2577,4255
2023-09-27 10:04:31,30,32,2577,4255
2023-09-27 10:04:43,30,31,2577,4255
2023-09-27 10:05:23,30,32,2577,4255
2023-09-27 10:05:24,30,31,2577,4255
2023-09-27 10:05:25,30,32,2577,4255
2023-09-27 10:05:26,30,31,2577,4255
2023-09-27 10:05:44,30,32,2577,4255
2023-09-27 10:05:45,30,31,2577,4255
2023-09-27 10:05:47,30,32,2577,4255
2023-09-27 10:05:54,30,31,2577,4255
2023-09-27 10:06:05,30,32,2577,4255
2023-09-27 10:06:06,30,31,2577,4255
2023-09-27 10:06:17,30,31,2777,4455
2023-09-27 10:06:18,30,32,2777,4455
2023-09-27 10:06:20,30,31,2777,4455
2023-09-27 10:06:22,30,32,2777,4455
2023-09-27 10:06:28,31,32,2777,4455
2023-09-27 10:06:29,30,32,2777,4455
2023-09-27 10:06:32,30,31,2777,4455
2023-09-27 10:07:17,30,32,2777,4455
2023-09-27 10:07:19,31,32,2777,4455
2023-09-27 10:09:00,31,33,2777,4455
2023-09-27 10:09:01,31,32,2777,4455
2023-09-27 10:09:37,30,32,2977,4655
2023-09-27 10:09:38,30,31,2977,4655
2023-09-27 10:09:43,30,31,3227,4905
2023-09-27 10:09:43,30,32,3227,4905
2023-09-27 10:09:45,31,32,3227,4905
2023-09-27 10:09:47,31,33,3227,4905
2023-09-27 10:09:51,30,33,3227,5087
2023-09-27 10:09:52,30,32,3227,5087
2023-09-27 10:09:54,30,33,3227,5087
2023-09-27 10:09:54,31,33,3227,5087
2023-09-27 10:09:59,30,33,3227,5087
2023-09-27 10:09:59,30,32,3227,5087
2023-09-27 10:10:02,30,31,3227,5087
2023-09-27 10:10:03,30,32,3227,5087
2023-09-27 10:10:04,31,32,3227,5087
2023-09-27 10:10:06,30,32,3227,5087
2023-09-27 10:10:08,31,32,3227,5087
2023-09-27 10:10:09,31,33,3227,5087
2023-09-27 10:10:22,31,32,3227,5087
2023-09-27 10:10:24,30,32,3227,5087
2023-09-27 10:10:27,31,32,3227,5087
2023-09-27 10:10:28,31,33,3227,5087
2023-09-27 10:10:29,31,32,3227,5087
2023-09-27 10:10:30,31,33,3227,5087
2023-09-27 10:10:32,31,32,3227,5087
2023-09-27 10:10:34,31,33,3227,5087
2023-09-27 10:10:35,31,32,3227,5087
2023-09-27 10:10:37,31,33,3227,5087
2023-09-27 10:10:38,31,32,3227,5087
2023-09-27 10:10:39,31,33,3227,5087
2023-09-27 10:10:47,31,32,3227,5087
2023-09-27 10:10:48,31,33,3227,5087
2023-09-27 10:10:49,31,32,3227,5087
2023-09-27 10:10:50,31,33,3227,5087
2023-09-27 10:10:57,32,33,3227,5087
2023-09-27 10:13:52,31,33,3627,5487
2023-09-27 10:13:53,31,32,3627,5487
2023-09-27 10:13:58,31,33,3627,5487
2023-09-27 10:13:59,32,33,3627,5487
2023-09-27 10:14:40,31,33,3627,5487
2023-09-27 10:14:42,32,33,3627,5487
2023-09-27 10:15:01,31,33,3627,5487
2023-09-27 10:15:01,31,34,3427,5687
2023-09-27 10:15:02,32,34,3427,5687
2023-09-27 10:15:02,33,34,3427,5687
2023-09-27 10:15:03,32,34,3427,5687
2023-09-27 10:15:08,33,34,3427,5687
2023-09-27 10:15:14,33,34,3427,5787
2023-09-27 10:15:15,32,34,3427,5787
2023-09-27 10:15:22,33,34,3427,5787
2023-09-27 10:15:23,32,34,3427,5787
2023-09-27 10:15:26,32,33,3427,5787
2023-09-27 10:15:27,32,34,3427,5787
2023-09-27 10:15:33,32,33,3427,5787
2023-09-27 10:15:43,32,34,3427,5787
2023-09-27 10:15:44,32,33,3427,5787
2023-09-27 10:15:45,32,34,3427,5787
2023-09-27 10:15:53,32,33,3427,5787
2023-09-27 10:16:03,32,33,3495,5855
2023-09-27 10:16:06,31,33,3495,5855
2023-09-27 10:16:08,31,34,3495,5855
2023-09-27 10:16:08,32,34,3495,5855
2023-09-27 10:16:16,32,33,3495,5855
2023-09-27 10:16:17,31,33,3495,5855
2023-09-27 10:16:21,32,33,3495,5855
2023-09-27 10:16:23,31,33,3495,5855
2023-09-27 10:16:24,32,33,3495,5855
2023-09-27 10:16:31,31,33,3495,5855
2023-09-27 10:16:32,32,33,3495,5855
2023-09-27 10:16:35,32,34,3495,5855
2023-09-27 10:16:38,32,33,3495,5855
2023-09-27 10:16:39,32,34,3495,5855
2023-09-27 10:16:40,32,33,3495,5855
2023-09-27 10:16:41,32,34,3495,5855
2023-09-27 10:16:52,32,33,3495,5855
2023-09-27 10:16:54,32,34,3495,5855
2023-09-27 10:16:55,32,33,3495,5855
2023-09-27 10:16:57,32,34,3495,5855
2023-09-27 10:16:58,32,33,3495,5855
2023-09-27 10:16:59,32,34,3495,5855
2023-09-27 10:17:17,32,33,3495,5855
2023-09-27 10:17:21,31,33,3495,5855
2023-09-27 10:17:21,31,33,3595,5955
2023-09-27 10:17:22,31,34,3595,5955
2023-09-27 10:17:22,32,34,3595,5955
2023-09-27 10:17:24,32,33,3595,5955
2023-09-27 10:17:25,32,34,3595,5955
2023-09-27 10:17:27,32,33,3595,5955
2023-09-27 10:17:31,32,34,3595,5955
2023-09-27 10:17:33,32,33,3595,5955
2023-09-27 10:17:35,32,34,3595,5955
2023-09-27 10:17:57,33,34,3595,5955
2023-09-27 10:18:26,32,33,3599,5959
2023-09-27 10:18:27,32,34,3599,5959
2023-09-27 10:18:40,32,33,3599,5959
2023-09-27 10:18:41,32,34,3599,5959
2023-09-27 10:18:43,32,33,3599,5959
2023-09-27 10:18:44,32,34,3599,5959
2023-09-27 10:18:46,32,33,3599,5959
2023-09-27 10:18:59,31,33,3599,5959
2023-09-27 10:19:30,32,33,3599,5959
2023-09-27 10:19:31,31,33,3599,5959
2023-09-27 10:19:48,32,33,3599,5959
2023-09-27 10:19:52,31,33,3599,5959
2023-09-27 10:20:51,32,33,3599,5959
2023-09-27 10:20:51,32,34,3599,5959
2023-09-27 10:20:52,32,33,3599,5959
2023-09-27 10:21:39,31,33,3599,5959
2023-09-27 10:21:48,32,33,3599,5959
2023-09-27 10:21:50,31,33,3599,5959
2023-09-27 10:22:17,30,33,3599,5959
2023-09-27 10:22:18,30,32,3599,5959
2023-09-27 10:22:18,30,32,3599,5963
2023-09-27 10:22:19,31,32,3599,5963
2023-09-27 10:22:23,30,32,3599,5963
2023-09-27 10:22:24,31,32,3599,5963
2023-09-27 10:23:38,30,32,3599,5963
2023-09-27 10:23:38,30,31,3599,5963
2023-09-27 10:23:39,29,31,3599,5963
2023-09-27 10:23:40,30,31,3599,5963
2023-09-27 10:23:44,31,32,3595,5967
2023-09-27 10:23:45,30,32,3595,5967
2023-09-27 10:23:46,31,32,3595,5967
2023-09-27 10:23:50,31,32,3395,6167
2023-09-27 10:23:54,31,33,3395,6167
2023-09-27 10:23:56,31,32,3395,6167
2023-09-27 10:23:57,31,33,3395,6167
2023-09-27 10:23:58,32,33,3395,6167
2023-09-27 10:24:02,31,33,3395,6167
2023-09-27 10:24:06,31,32,3395,6167
2023-09-27 10:24:07,31,33,3395,6167
2023-09-27 10:24:30,31,32,3395,6167
2023-09-27 10:24:31,31,33,3395,6167
2023-09-27 10:24:33,31,32,3395,6167
2023-09-27 10:24:34,31,33,3395,6167
2023-09-27 10:24:38,30,33,3395,6167
2023-09-27 10:24:38,30,32,3395,6167
2023-09-27 10:24:40,31,32,3395,6167
2023-09-27 10:24:41,31,33,3395,6167
2023-09-27 10:24:49,31,32,3395,6167
2023-09-27 10:24:52,31,33,3395,6167
2023-09-27 10:24:55,31,32,3395,6167
2023-09-27 10:24:57,31,33,3395,6167
2023-09-27 10:25:28,31,33,3495,6267
2023-09-27 10:27:35,31,32,3495,6267
2023-09-27 10:27:55,30,32,3495,6267
2023-09-27 10:27:57,31,32,3495,6267
2023-09-27 10:27:58,30,32,3495,6267
2023-09-27 10:27:59,31,32,3495,6267
2023-09-27 10:28:02,31,32,3295,6467
2023-09-27 10:28:02,30,32,3295,6467
2023-09-27 10:28:41,31,32,3295,6467
2023-09-27 10:28:42,31,33,3295,6467
2023-09-27 10:28:43,31,32,3295,6467
2023-09-27 10:28:44,31,33,3295,6467
2023-09-27 10:29:50,31,32,3295,6467
2023-09-27 10:30:06,31,33,3295,6467
2023-09-27 10:30:08,32,33,3295,6467
2023-09-27 10:30:15,31,33,3295,6467
2023-09-27 10:30:18,32,33,3295,6467
2023-09-27 10:30:22,31,33,3295,6467
2023-09-27 10:30:25,32,33,3295,6467
2023-09-27 10:30:26,31,33,3295,6467
2023-09-27 10:30:28,32,33,3295,6467
2023-09-27 10:30:32,32,33,3095,6667
2023-09-27 10:30:32,31,33,3095,6667
2023-09-27 10:30:33,31,32,3095,6667
2023-09-27 10:31:01,31,33,3095,6667
2023-09-27 10:31:03,31,32,3095,6667
2023-09-27 10:31:18,31,33,3095,6667
2023-09-27 10:31:25,31,32,3095,6667
2023-09-27 10:31:26,31,33,3095,6667
2023-09-27 10:31:44,32,33,3095,6667
2023-09-27 10:32:32,32,33,3155,6727
2023-09-27 10:32:48,32,34,3155,6727
2023-09-27 10:32:49,32,33,3155,6727
2023-09-27 10:33:41,32,34,3155,6727
2023-09-27 10:33:42,32,33,3155,6727
2023-09-27 10:34:04,31,33,3155,6727
2023-09-27 10:34:05,31,32,3155,6727
2023-09-27 10:34:20,30,32,3155,6727
2023-09-27 10:34:29,31,32,3155,6727
2023-09-27 10:34:31,30,32,3155,6727
2023-09-27 10:34:36,30,31,3155,6727
2023-09-27 10:34:37,30,32,3155,6727
2023-09-27 10:34:38,30,31,3155,6727
2023-09-27 10:34:55,30,32,3155,6727
2023-09-27 10:34:56,30,31,3155,6727
2023-09-27 10:35:22,30,32,3155,6727
2023-09-27 10:35:24,31,32,3155,6727
2023-09-27 10:35:30,31,32,3156,6728
2023-09-27 10:35:31,31,32,3157,6729
2023-09-27 10:35:32,31,32,3158,6730
2023-09-27 10:35:33,31,32,3159,6731
2023-09-27 10:35:34,31,32,3160,6732
2023-09-27 10:35:35,31,32,3161,6733
2023-09-27 10:35:37,31,32,3162,6734
2023-09-27 10:35:39,30,32,3162,6734
2023-09-27 10:35:39,30,31,3162,6734
2023-09-27 10:35:45,30,32,3162,6734
2023-09-27 10:35:48,30,31,3162,6734
2023-09-27 10:35:49,30,32,3162,6734
2023-09-27 10:36:02,31,32,3162,6734
2023-09-27 10:36:03,31,32,3163,6735
2023-09-27 10:36:26,31,33,3163,6735
2023-09-27 10:36:27,31,32,3163,6735
2023-09-27 10:36:28,31,33,3163,6735
2023-09-27 10:36:28,32,33,3163,6735
2023-09-27 10:36:29,32,33,3164,6736
2023-09-27 10:36:34,31,32,3165,6738
2023-09-27 10:36:44,31,33,3165,6738
2023-09-27 10:36:45,31,32,3165,6738
2023-09-27 10:36:46,31,33,3165,6738
2023-09-27 10:36:56,32,33,3165,6738
2023-09-27 10:36:57,32,33,3166,6739
2023-09-27 10:36:58,32,33,3167,6740
2023-09-27 10:36:59,32,33,3168,6741
2023-09-27 10:36:59,32,33,3183,6756
2023-09-27 10:37:00,32,33,3184,6757
2023-09-27 10:37:26,32,34,3184,6757
2023-09-27 10:37:27,32,33,3184,6757
2023-09-27 10:37:56,32,34,3184,6757
2023-09-27 10:37:56,32,33,3184,6757
2023-09-27 10:38:33,32,34,3184,6757
2023-09-27 10:38:34,32,33,3184,6757
2023-09-27 10:39:01,32,34,3184,6757
2023-09-27 10:39:02,33,34,3184,6757
2023-09-27 10:39:02,33,34,3170,6771
2023-09-27 10:39:34,33,34,3170,6772
2023-09-27 10:39:35,33,34,3170,6773
2023-09-27 10:39:36,33,34,3170,6774
2023-09-27 10:39:37,33,34,3170,6775
2023-09-27 10:39:38,33,34,3170,6776
2023-09-27 10:40:03,33,35,3170,6776
2023-09-27 10:40:03,34,35,3170,6776
2023-09-27 10:40:13,34,35,3170,6777
2023-09-27 10:40:38,34,35,3170,6837
2023-09-27 10:40:39,35,36,3170,6976
2023-09-27 10:40:40,35,36,3169,6982
2023-09-27 10:40:41,35,36,3169,6983
2023-09-27 10:40:42,35,36,3169,6984
2023-09-27 10:40:43,35,36,3169,6985
2023-09-27 10:40:43,35,36,3169,6986
2023-09-27 10:40:44,35,36,3169,6987
2023-09-27 10:40:45,35,36,3169,6988
2023-09-27 10:41:09,34,35,3165,6992
2023-09-27 10:41:09,34,36,3165,6994
2023-09-27 10:43:01,34,36,3165,7028
2023-09-27 10:43:05,34,36,3165,7088
2023-09-27 10:44:05,34,36,3165,7138
2023-09-27 10:47:00,34,36,3165,7143
2023-09-27 10:48:25,34,35,3165,7143
2023-09-27 10:48:27,33,35,3165,7143
2023-09-27 10:48:40,32,35,3365,7343
2023-09-27 10:50:16,34,35,3365,7343
2023-09-27 10:50:18,34,36,3365,7343
2023-09-27 10:50:48,35,36,3365,7343
2023-09-27 10:50:55,35,37,3365,7343
2023-09-27 10:51:38,36,37,3365,7343
2023-09-27 10:52:19,35,37,3565,7543
2023-09-27 10:55:00,36,37,3565,7543
2023-09-27 10:55:30,35,37,3565,7543
2023-09-27 10:55:30,36,37,3565,7543
2023-09-27 10:55:48,35,37,3565,7543
2023-09-27 11:00:50,35,37,3565,7793
2023-09-27 11:00:51,36,37,3565,7793
2023-09-27 11:01:25,36,38,3565,8043
2023-09-27 11:12:44,37,38,3565,8043
2023-09-27 11:12:46,37,39,3565,8043
2023-09-27 11:13:12,37,39,3565,8053
2023-09-27 11:14:57,37,39,3565,8203
2023-09-27 11:17:57,38,39,3565,8203
2023-09-27 11:23:52,37,39,3565,8203
2023-09-27 11:25:06,38,39,3565,8203
2023-09-27 11:28:25,37,39,3565,8203
2023-09-27 11:32:04,38,39,3565,8203
2023-09-27 11:33:29,38,39,3665,8303
2023-09-27 11:36:32,38,40,3665,8303
2023-09-27 11:42:34,39,40,3665,8303
2023-09-27 11:46:09,39,41,3700,8338
2023-09-27 11:47:31,39,40,3700,8338
2023-09-27 11:48:08,39,41,3700,8338
2023-09-27 11:48:13,39,40,3700,8338
2023-09-27 11:49:41,39,41,3700,8338
2023-09-27 11:49:55,39,40,3700,8338
2023-09-27 11:49:56,39,41,3700,8338
2023-09-27 11:50:12,39,40,3700,8338
2023-09-27 11:50:20,39,41,3700,8338
2023-09-27 11:51:14,39,40,3700,8338
2023-09-27 11:51:15,38,40,3700,8338
2023-09-27 11:51:15,39,40,3700,8338
2023-09-27 11:51:43,38,40,3700,8338
2023-09-27 11:51:48,38,41,3700,8338
2023-09-27 11:52:11,38,40,3700,8338
2023-09-27 11:52:13,38,41,3700,8338
2023-09-27 11:52:14,38,40,3700,8338
2023-09-27 11:52:38,38,41,3700,8338
2023-09-27 11:53:21,39,41,3700,8338
2023-09-27 11:57:43,40,41,3700,8338
2023-09-27 12:00:17,39,41,3700,8338
2023-09-27 12:00:48,39,40,3700,8338
2023-09-27 12:01:08,39,40,3840,8478
2023-09-27 12:01:17,38,40,3840,8478
2023-09-27 12:02:00,38,39,3840,8478
2023-09-27 12:02:02,38,40,3840,8478
2023-09-27 12:02:24,38,39,3840,8478
2023-09-27 12:02:32,37,39,3840,8478
2023-09-27 12:02:43,37,38,3840,8478
2023-09-27 12:02:44,37,39,3840,8478
2023-09-27 12:02:44,37,38,3840,8478
2023-09-27 12:04:10,36,38,3840,8478
2023-09-27 12:04:43,36,37,3840,8478
2023-09-27 12:05:08,35,36,3840,8479
2023-09-27 12:05:31,35,36,3840,8571
2023-09-27 12:05:32,35,36,3840,8663
2023-09-27 12:07:30,35,37,3840,8663
2023-09-27 12:07:31,35,36,3840,8663
2023-09-27 12:07:33,35,37,3840,8663
2023-09-27 12:07:36,36,37,3840,8663
2023-09-27 12:08:18,35,37,3840,8663
2023-09-27 12:08:23,35,36,3840,8663
2023-09-27 12:08:24,35,37,3840,8663
2023-09-27 12:09:09,35,36,3840,8663
2023-09-27 12:09:27,35,37,3840,8663
2023-09-27 12:09:28,35,36,3840,8663
2023-09-27 12:10:40,35,36,3840,8691
2023-09-27 12:11:04,35,37,3840,8691
2023-09-27 12:11:05,35,36,3840,8691
2023-09-27 12:11:06,35,37,3840,8691
2023-09-27 12:11:38,36,37,3840,8691
2023-09-27 12:14:07,35,36,3740,8791
2023-09-27 12:14:07,34,36,3740,8791
2023-09-27 12:14:08,34,36,3740,9007
2023-09-27 12:14:11,35,36,3740,9007
2023-09-27 12:14:12,34,36,3740,9007
2023-09-27 12:14:53,35,36,3740,9007
2023-09-27 12:14:56,35,37,3740,9007
2023-09-27 12:14:57,35,36,3740,9007
2023-09-27 12:14:58,35,37,3740,9007
2023-09-27 12:15:00,35,36,3740,9007
2023-09-27 12:15:01,34,36,3740,9007
2023-09-27 12:15:03,35,36,3740,9007
2023-09-27 12:15:04,34,36,3740,9007
2023-09-27 12:15:44,34,35,3740,9007
2023-09-27 12:15:47,34,36,3740,9007
2023-09-27 12:15:58,35,36,3740,9007
2023-09-27 12:16:02,34,36,3740,9007
2023-09-27 12:16:06,35,36,3740,9007
2023-09-27 12:16:10,34,36,3740,9007
2023-09-27 12:16:54,34,35,3740,9007
2023-09-27 12:16:55,33,35,3740,9007
2023-09-27 12:17:21,33,34,3740,9007
2023-09-27 12:18:02,33,35,3740,9007
2023-09-27 12:18:03,34,35,3740,9007
2023-09-27 12:18:04,33,35,3740,9007
2023-09-27 12:18:06,34,35,3740,9007
2023-09-27 12:18:12,33,35,3740,9007
2023-09-27 12:19:58,34,35,3740,9007
2023-09-27 12:19:59,33,35,3740,9007
2023-09-27 12:20:26,33,34,3740,9007
2023-09-27 12:21:14,33,34,3740,9035
2023-09-27 12:21:31,33,35,3740,9035
2023-09-27 12:22:25,33,36,3740,9035
2023-09-27 12:22:25,34,36,3740,9035
2023-09-27 12:22:46,35,36,3740,9035
2023-09-27 12:22:50,35,37,3740,9035
2023-09-27 12:22:57,35,36,3740,9035
2023-09-27 12:23:50,34,35,3740,9135
2023-09-27 12:23:51,34,36,3740,9135
2023-09-27 12:23:51,34,35,3740,9135
2023-09-27 12:24:00,34,36,3740,9135
2023-09-27 12:24:01,34,35,3740,9135
2023-09-27 12:24:02,33,35,3740,9135
2023-09-27 12:24:03,34,35,3740,9135
2023-09-27 12:24:04,33,35,3740,9135
2023-09-27 12:24:28,34,35,3740,9135
2023-09-27 12:24:39,34,36,3740,9135
2023-09-27 12:24:41,34,35,3740,9135
2023-09-27 12:24:51,33,35,3740,9135
2023-09-27 12:25:05,33,36,3740,9135
2023-09-27 12:25:05,34,36,3740,9135
2023-09-27 12:25:23,34,37,3740,9135
2023-09-27 12:25:28,35,37,3740,9135
2023-09-27 12:26:40,36,37,3740,9135
2023-09-27 12:26:47,36,38,3740,9135
2023-09-27 12:26:49,36,37,3740,9135
2023-09-27 12:27:07,35,37,3740,9135
2023-09-27 12:27:08,36,37,3740,9135
2023-09-27 12:27:25,35,37,3740,9135
2023-09-27 12:28:09,35,38,3740,9135
2023-09-27 12:28:09,35,37,3740,9135
2023-09-27 12:28:12,36,37,3740,9135
2023-09-27 12:29:33,36,38,3740,9135
2023-09-27 12:29:34,36,37,3740,9135
2023-09-27 12:29:35,36,38,3740,9136
2023-09-27 12:29:53,37,38,3740,9136
2023-09-27 12:30:39,37,39,3740,9136
2023-09-27 12:30:47,38,39,3740,9136
2023-09-27 12:30:47,38,39,3990,9386
2023-09-27 12:30:47,38,40,3990,9386
2023-09-27 12:30:47,38,41,3990,9386
2023-09-27 12:30:48,38,41,3590,9786
2023-09-27 12:30:49,39,41,3590,9786
2023-09-27 12:30:50,40,41,3590,9786
2023-09-27 12:30:52,39,41,3590,9786
2023-09-27 12:30:54,39,40,3590,9786
2023-09-27 12:30:55,39,41,3590,9786
2023-09-27 12:30:57,39,40,3590,9786
2023-09-27 12:30:58,39,41,3590,9786
2023-09-27 12:31:09,40,41,3590,9786
2023-09-27 12:31:10,39,41,3590,9786
2023-09-27 12:31:11,40,41,3590,9786
2023-09-27 12:31:12,39,41,3590,9786
2023-09-27 12:31:25,38,41,3590,9786
2023-09-27 12:31:25,38,40,3590,9786
2023-09-27 12:31:30,39,40,3590,9786
2023-09-27 12:31:31,38,40,3590,9786
2023-09-27 12:31:32,39,40,3590,9786
2023-09-27 12:31:33,39,41,3590,9786
2023-09-27 12:32:06,39,40,3590,9786
2023-09-27 12:32:09,38,40,3590,9786
2023-09-27 12:32:29,38,40,3590,9886
2023-09-27 12:32:58,39,40,3590,9886
2023-09-27 12:33:11,38,40,3590,9886
2023-09-27 12:33:23,39,40,3590,9886
2023-09-27 12:33:23,38,40,3590,9886
2023-09-27 12:33:27,39,40,3590,9886
2023-09-27 12:33:37,38,40,3590,9886
2023-09-27 12:33:44,39,40,3590,9886
2023-09-27 12:33:51,38,40,3590,9886
2023-09-27 12:33:55,38,41,3590,9886
2023-09-27 12:33:55,39,41,3590,9886
2023-09-27 12:35:30,40,41,3590,9886
2023-09-27 12:36:01,40,42,3590,9886
2023-09-27 12:36:21,40,41,3590,9886
2023-09-27 12:36:22,40,42,3590,9886
2023-09-27 12:36:23,40,41,3590,9886
2023-09-27 12:36:24,40,42,3590,9886
2023-09-27 12:36:25,40,41,3590,9886
2023-09-27 12:36:34,40,42,3590,9886
2023-09-27 12:36:35,40,41,3590,9886
2023-09-27 12:37:00,39,41,3590,9886
2023-09-27 12:37:34,39,40,3590,9886
2023-09-27 12:38:06,39,41,3590,9886
2023-09-27 12:38:07,39,40,3590,9886
2023-09-27 12:38:08,39,41,3590,9886
2023-09-27 12:38:16,39,40,3590,9886
2023-09-27 12:38:18,39,41,3590,9886
2023-09-27 12:38:19,39,40,3590,9886
2023-09-27 12:38:19,38,40,3590,9886
2023-09-27 12:38:26,39,40,3590,9886
2023-09-27 12:38:29,38,40,3590,9886
2023-09-27 12:38:35,39,40,3590,9886
2023-09-27 12:38:49,39,41,3590,9886
2023-09-27 12:39:13,39,40,3590,9886
2023-09-27 12:39:39,39,41,3590,9886
2023-09-27 12:39:46,39,40,3590,9886
2023-09-27 12:40:32,38,39,3590,9889
2023-09-27 12:40:55,38,40,3590,9889
2023-09-27 12:41:07,39,40,3590,9889
2023-09-27 12:41:31,39,41,3590,9889
2023-09-27 12:41:32,39,40,3590,9889
2023-09-27 12:41:53,41,42,3774,10076
2023-09-27 12:42:01,41,42,3774,10176
2023-09-27 12:42:29,41,42,3771,10179
2023-09-27 12:43:19,40,41,3775,10183
2023-09-27 12:43:31,39,41,3775,10183
2023-09-27 12:43:32,40,41,3775,10183
2023-09-27 12:43:38,40,41,3775,10203
2023-09-27 12:43:41,39,41,3775,10203
2023-09-27 12:43:43,40,41,3775,10203
2023-09-27 12:43:50,39,41,3775,10203
2023-09-27 12:43:51,40,41,3775,10203
2023-09-27 12:44:04,39,41,3775,10203
2023-09-27 12:44:08,40,41,3775,10203
2023-09-27 12:44:15,40,42,3775,10203
2023-09-27 12:44:16,40,41,3775,10203
2023-09-27 12:44:17,40,42,3775,10203
2023-09-27 12:44:53,41,42,3775,10203
2023-09-27 12:44:54,41,42,3807,10536
2023-09-27 12:44:54,41,43,3807,10536
2023-09-27 12:44:55,41,42,3807,10536
2023-09-27 12:44:56,41,43,3807,10536
2023-09-27 12:45:20,41,42,3807,10536
2023-09-27 12:45:21,41,43,3807,10536
2023-09-27 12:45:24,42,43,3807,10536
2023-09-27 12:46:34,42,43,3994,10723
2023-09-27 12:46:52,42,43,4394,11123
2023-09-27 12:47:03,42,43,4727,11456
2023-09-27 12:47:08,42,43,4977,11706
2023-09-27 12:47:23,42,43,5227,11956
2023-09-27 12:50:39,41,43,5227,11956
2023-09-27 12:50:48,41,43,5277,12006
2023-09-27 12:50:51,41,42,5277,12006
2023-09-27 12:50:52,41,43,5277,12006
2023-09-27 12:50:57,42,43,5277,12006
2023-09-27 12:50:58,41,43,5277,12006
2023-09-27 12:51:10,42,43,5277,12006
2023-09-27 12:52:03,41,43,5277,12006
2023-09-27 12:52:07,42,43,5277,12006
2023-09-27 12:52:08,41,43,5277,12006
2023-09-27 12:52:09,42,43,5277,12006
2023-09-27 12:52:17,41,43,5277,12006
2023-09-27 12:52:47,41,42,5277,12006
2023-09-27 12:53:11,40,42,5277,12006
2023-09-27 12:53:41,41,42,5277,12006
2023-09-27 12:53:46,40,42,5277,12006
2023-09-27 12:53:47,41,42,5277,12006
2023-09-27 12:54:24,40,42,5277,12006
2023-09-27 12:54:25,41,42,5277,12006
2023-09-27 12:55:33,41,42,5077,12206
2023-09-27 12:55:33,40,42,5077,12206
2023-09-27 12:56:03,40,41,5077,12206
2023-09-27 12:56:22,39,41,5077,12206
2023-09-27 12:57:01,39,40,5077,12206
2023-09-27 12:57:21,38,40,5077,12206
2023-09-27 12:57:22,39,40,5077,12206
2023-09-27 12:57:23,38,40,5077,12206
2023-09-27 12:57:24,39,40,5077,12206
2023-09-27 12:57:26,38,40,5077,12206
2023-09-27 12:57:28,39,40,5077,12206
2023-09-27 12:58:22,38,40,5077,12206
2023-09-27 12:58:52,38,39,5077,12206
2023-09-27 12:58:52,37,39,5077,12206
2023-09-27 12:58:55,38,39,5077,12206
2023-09-27 12:58:56,37,39,5077,12206
2023-09-27 12:58:58,38,39,5077,12206
2023-09-27 12:59:22,38,39,5077,12306
2023-09-27 12:59:56,38,40,5077,12306
2023-09-27 13:00:06,38,41,5077,12306
2023-09-27 13:00:06,39,41,5077,12306
2023-09-27 13:00:07,40,41,5077,12306
2023-09-27 13:00:24,40,42,5077,12306
2023-09-27 13:00:25,41,42,5077,12306
2023-09-27 13:01:13,41,43,5077,12306
2023-09-27 13:01:27,40,43,5077,12306
2023-09-27 13:01:28,41,43,5077,12306
2023-09-27 13:01:29,42,43,5077,12306
2023-09-27 13:01:34,41,42,5079,12308
2023-09-27 13:01:35,41,43,5079,12308
2023-09-27 13:01:44,42,43,5079,12308
2023-09-27 13:01:53,41,43,5079,12308
2023-09-27 13:01:59,42,43,5079,12308
2023-09-27 13:02:01,41,42,4830,12558
2023-09-27 13:02:12,41,43,4830,12558
2023-09-27 13:02:12,42,43,4830,12558
2023-09-27 13:02:15,42,43,4830,12958
2023-09-27 13:02:23,41,42,4832,12960
2023-09-27 13:02:28,41,42,5032,13160
2023-09-27 13:02:35,41,43,5032,13160
2023-09-27 13:02:37,42,43,5032,13160
2023-09-27 13:03:52,43,44,5212,13345
2023-09-27 13:03:53,42,44,5212,13345
2023-09-27 13:03:54,43,44,5212,13345
2023-09-27 13:04:07,43,45,5212,13545
2023-09-27 13:04:08,44,45,5212,13545
2023-09-27 13:04:19,44,45,4948,13945
2023-09-27 13:04:23,44,46,4948,13945
2023-09-27 13:04:23,44,45,4948,13945
2023-09-27 13:04:25,44,46,4948,13945
2023-09-27 13:04:27,44,45,4948,13945
2023-09-27 13:04:28,44,46,4948,13945
2023-09-27 13:04:34,44,45,4948,13945
2023-09-27 13:05:06,44,45,5012,14145
2023-09-27 13:05:33,44,46,5012,14145
2023-09-27 13:05:34,44,45,5012,14145
2023-09-27 13:06:07,43,44,5016,14149
2023-09-27 13:06:09,43,45,5016,14149
2023-09-27 13:06:12,43,44,5016,14149
2023-09-27 13:06:21,43,45,5016,14149
2023-09-27 13:06:27,44,45,5016,14149
2023-09-27 13:06:29,43,45,5016,14149
2023-09-27 13:06:31,44,45,5016,14149
2023-09-27 13:06:38,44,46,5016,14149
2023-09-27 13:06:39,44,45,5016,14149
2023-09-27 13:07:49,43,44,5016,14150
2023-09-27 13:08:15,43,45,5016,14150
2023-09-27 13:08:40,44,45,5016,14150
2023-09-27 13:08:58,44,46,5016,14150
2023-09-27 13:08:59,44,45,5016,14150
2023-09-27 13:10:11,44,46,5016,14150
2023-09-27 13:10:11,44,45,5016,14150
2023-09-27 13:11:13,44,46,5011,14155
2023-09-27 13:11:14,45,46,5011,14155
2023-09-27 13:12:10,45,46,4948,14355
2023-09-27 13:12:11,44,45,4948,14357
2023-09-27 13:12:11,44,45,4948,14358
2023-09-27 13:12:12,44,46,4948,14358
2023-09-27 13:12:13,44,45,4948,14358
2023-09-27 13:12:25,43,45,4948,14358
2023-09-27 13:12:37,43,44,4948,14358
2023-09-27 13:13:25,42,43,4948,14359
2023-09-27 13:13:49,41,43,4948,14359
2023-09-27 13:13:51,41,42,4948,14359
2023-09-27 13:13:52,40,42,4948,14371
2023-09-27 13:13:58,40,41,4948,14371
2023-09-27 13:14:01,40,42,4948,14371
2023-09-27 13:14:10,41,42,4948,14371
2023-09-27 13:14:11,40,42,4948,14371
2023-09-27 13:14:34,39,42,4948,14371
2023-09-27 13:14:34,39,41,4948,14371
2023-09-27 13:14:46,39,41,4948,14561
2023-09-27 13:14:46,39,40,4948,14561
2023-09-27 13:14:46,38,40,4948,14561
2023-09-27 13:14:46,37,40,4948,14561
2023-09-27 13:14:47,37,39,4948,14561
2023-09-27 13:14:47,37,38,4948,14561
2023-09-27 13:15:03,37,40,4948,14561
2023-09-27 13:15:04,37,39,4948,14561
2023-09-27 13:15:06,38,39,4948,14561
2023-09-27 13:15:12,38,41,4948,14561
2023-09-27 13:15:13,38,40,4948,14561
2023-09-27 13:15:22,39,40,4948,14561
2023-09-27 13:15:25,39,41,4948,14561
2023-09-27 13:15:26,39,40,4948,14561
2023-09-27 13:15:45,39,41,4948,14561
2023-09-27 13:15:47,39,40,4948,14561
2023-09-27 13:15:57,39,41,4948,14561
2023-09-27 13:16:07,39,40,4948,14561
2023-09-27 13:16:27,39,41,4948,14561
2023-09-27 13:16:36,39,40,4948,14561
2023-09-27 13:17:15,38,40,4948,14561
2023-09-27 13:17:15,38,41,4948,14561
2023-09-27 13:17:24,38,40,4948,14561
2023-09-27 13:17:28,38,41,4948,14561
2023-09-27 13:17:29,38,40,4948,14561
2023-09-27 13:17:36,37,40,4948,14561
2023-09-27 13:17:44,37,39,4948,14561
2023-09-27 13:17:48,37,38,4948,14561
2023-09-27 13:17:49,36,37,4948,14562
2023-09-27 13:18:01,35,37,4948,14562
2023-09-27 13:18:02,36,37,4948,14562
2023-09-27 13:18:03,35,37,4948,14562
2023-09-27 13:18:05,35,36,4948,14562
2023-09-27 13:18:12,34,36,4948,14562
2023-09-27 13:18:18,35,36,4948,14562
2023-09-27 13:18:20,34,36,4948,14562
2023-09-27 13:18:26,35,36,4948,14562
2023-09-27 13:18:33,35,37,4948,14562
2023-09-27 13:19:33,35,38,4948,14562
2023-09-27 13:19:39,36,38,4948,14562
2023-09-27 13:19:44,37,38,4948,14562
2023-09-27 13:20:29,35,38,4948,14562
2023-09-27 13:20:30,36,38,4948,14562
2023-09-27 13:20:35,36,37,4948,14562
2023-09-27 13:20:37,35,37,4948,14562
2023-09-27 13:20:49,35,36,4948,14562
2023-09-27 13:20:50,34,35,4948,14571
2023-09-27 13:20:52,33,35,4948,14571
2023-09-27 13:20:52,33,34,4948,14571
2023-09-27 13:21:19,33,35,4948,14571
2023-09-27 13:21:19,34,35,4948,14571
2023-09-27 13:21:39,34,35,4948,14771
2023-09-27 13:21:40,33,35,4948,14771
2023-09-27 13:21:41,33,34,4948,14771
2023-09-27 13:21:42,33,35,4948,14771
2023-09-27 13:21:43,33,34,4948,14771
2023-09-27 13:21:49,32,34,4948,14771
2023-09-27 13:22:01,31,34,4948,14771
2023-09-27 13:22:01,31,33,4948,14771
2023-09-27 13:22:12,31,32,4948,14771
2023-09-27 13:22:42,31,33,4948,14771
2023-09-27 13:22:57,31,32,4948,14771
2023-09-27 13:23:02,30,32,4948,14771
2023-09-27 13:23:06,31,32,4948,14771
2023-09-27 13:23:09,30,32,4948,14771
2023-09-27 13:23:11,31,32,4948,14771
2023-09-27 13:23:13,30,32,4948,14771
2023-09-27 13:23:14,31,32,4948,14771
2023-09-27 13:23:16,31,33,4948,14771
2023-09-27 13:23:25,31,34,4948,14771
2023-09-27 13:23:46,32,34,4948,14771
2023-09-27 13:24:16,32,33,4948,14771
2023-09-27 13:24:19,31,33,4948,14771
2023-09-27 13:24:21,32,33,4948,14771
2023-09-27 13:24:21,32,34,4948,14771
2023-09-27 13:24:34,32,33,4948,14771
2023-09-27 13:24:35,31,33,4948,14771
2023-09-27 13:25:06,32,33,4948,14771
2023-09-27 13:25:06,32,34,4948,14771
2023-09-27 13:25:15,32,33,4948,14771
2023-09-27 13:25:19,31,33,4948,14771
2023-09-27 13:25:35,30,33,4948,14771
2023-09-27 13:25:44,30,32,4948,14771
2023-09-27 13:25:46,30,31,4948,14771
2023-09-27 13:26:34,29,31,4948,14796
2023-09-27 13:26:35,29,30,4948,14796
2023-09-27 13:26:47,28,30,4948,14796
2023-09-27 13:27:00,28,29,4948,14796
2023-09-27 13:27:57,27,29,4948,14796
2023-09-27 13:27:58,27,28,4948,14796
2023-09-27 13:28:14,27,29,4948,14796
2023-09-27 13:28:32,27,28,4948,14796
2023-09-27 13:28:33,26,28,4948,14796
2023-09-27 13:28:40,26,27,4948,14796
2023-09-27 13:28:50,26,28,4948,14796
2023-09-27 13:28:51,26,27,4948,14796
2023-09-27 13:28:53,26,28,4948,14796
2023-09-27 13:29:03,26,28,4948,14896
2023-09-27 13:29:04,27,28,4948,14896
2023-09-27 13:29:06,26,28,4948,14896
2023-09-27 13:29:09,27,28,4948,14896
2023-09-27 13:29:13,26,28,4948,14896
2023-09-27 13:29:46,27,28,4948,14896
2023-09-27 13:29:47,26,28,4948,14896
2023-09-27 13:30:01,26,27,4948,14896
2023-09-27 13:30:02,25,27,4948,14896
2023-09-27 13:30:12,26,27,4948,14896
2023-09-27 13:30:13,25,27,4948,14896
2023-09-27 13:30:13,25,28,4948,14896
2023-09-27 13:30:14,26,28,4948,14896
2023-09-27 13:30:36,26,29,4948,14896
2023-09-27 13:30:37,27,29,4948,14896
2023-09-27 13:30:39,28,29,4948,14896
2023-09-27 13:30:41,27,29,4948,14896
2023-09-27 13:30:43,27,28,4948,14896
2023-09-27 13:30:44,27,29,4948,14896
2023-09-27 13:30:49,27,28,4948,14896
2023-09-27 13:30:53,27,29,4948,14896
2023-09-27 13:30:54,28,29,4948,14896
2023-09-27 13:31:04,27,29,4948,14896
2023-09-27 13:31:05,27,28,4948,14896
2023-09-27 13:31:06,26,28,4948,14896
2023-09-27 13:31:08,27,28,4948,14896
2023-09-27 13:31:09,26,28,4948,14896
2023-09-27 13:31:10,27,28,4948,14896
2023-09-27 13:31:11,27,29,4948,14896
2023-09-27 13:31:28,27,30,4948,14896
2023-09-27 13:31:41,28,30,4948,14896
2023-09-27 13:31:42,28,30,4948,14906
2023-09-27 13:31:46,28,29,4948,14906
2023-09-27 13:31:48,28,30,4948,14906
2023-09-27 13:31:52,29,30,4948,14906
2023-09-27 13:31:53,29,31,4948,14906
2023-09-27 13:31:56,29,30,4948,14906
2023-09-27 13:31:57,28,30,4948,14906
2023-09-27 13:31:58,29,30,4948,14906
2023-09-27 13:31:59,28,30,4948,14906
2023-09-27 13:32:33,28,31,4948,14906
2023-09-27 13:32:48,28,30,4948,14906
2023-09-27 13:33:07,28,31,4948,14906
2023-09-27 13:33:17,28,30,4948,14906
2023-09-27 13:33:18,28,31,4948,14906
2023-09-27 13:33:19,28,30,4948,14906
2023-09-27 13:33:27,28,31,4948,14906
2023-09-27 13:33:28,28,30,4948,14906
2023-09-27 13:33:29,28,31,4948,14906
2023-09-27 13:33:31,28,30,4948,14906
2023-09-27 13:33:54,28,31,4948,14906
2023-09-27 13:34:03,28,30,4948,14906
2023-09-27 13:34:04,28,31,4948,14906
2023-09-27 13:34:05,28,30,4948,14906
2023-09-27 13:34:09,28,31,4948,14906
2023-09-27 13:34:13,28,30,4948,14906
2023-09-27 13:34:14,28,31,4948,14906
2023-09-27 13:34:15,28,30,4948,14906
2023-09-27 13:34:16,28,31,4948,14906
2023-09-27 13:34:17,28,30,4948,14906
2023-09-27 13:34:19,28,31,4948,14906
2023-09-27 13:34:21,28,30,4948,14906
2023-09-27 13:34:22,28,31,4948,14906
2023-09-27 13:34:25,28,30,4948,14906
2023-09-27 13:34:34,28,31,4948,14906
2023-09-27 13:34:37,28,30,4948,14906
2023-09-27 13:34:38,29,30,4948,14906
2023-09-27 13:34:38,29,31,4948,14906
2023-09-27 13:34:50,29,30,4948,14906
2023-09-27 13:34:55,29,31,4948,14906
2023-09-27 13:34:57,29,30,4948,14906
2023-09-27 13:34:58,29,31,4948,14906
2023-09-27 13:35:02,29,30,4948,14906
2023-09-27 13:35:03,29,31,4948,14906
2023-09-27 13:35:10,30,31,4948,14906
2023-09-27 13:35:15,30,32,4948,14906
2023-09-27 13:35:15,31,32,4948,14906
2023-09-27 13:35:31,30,32,4948,14906
2023-09-27 13:35:32,30,31,4948,14906
2023-09-27 13:35:33,30,31,4948,15106
2023-09-27 13:35:33,29,31,4948,15106
2023-09-27 13:35:36,29,30,4948,15106
2023-09-27 13:35:45,29,30,4948,15180
2023-09-27 13:35:57,27,29,4948,15182
2023-09-27 13:36:06,27,28,4948,15182
2023-09-27 13:36:15,27,29,4948,15182
2023-09-27 13:36:18,28,29,4948,15182
2023-09-27 13:36:19,28,30,4948,15182
2023-09-27 13:36:20,27,30,4948,15182
2023-09-27 13:36:21,27,29,4948,15182
2023-09-27 13:36:28,28,29,4948,15182
2023-09-27 13:36:29,28,30,4948,15182
2023-09-27 13:36:35,28,29,4948,15182
2023-09-27 13:36:37,28,30,4948,15182
2023-09-27 13:36:39,28,29,4948,15182
2023-09-27 13:36:41,27,29,4948,15182
2023-09-27 13:37:05,28,29,4948,15182
2023-09-27 13:37:07,27,29,4948,15182
2023-09-27 13:37:28,26,29,4948,15182
2023-09-27 13:37:44,27,29,4948,15182
2023-09-27 13:38:10,26,29,4948,15182
2023-09-27 13:38:11,27,29,4948,15182
2023-09-27 13:38:17,27,28,4948,15182
2023-09-27 13:38:25,27,29,4948,15182
2023-09-27 13:38:28,27,30,4948,15182
2023-09-27 13:38:35,27,29,4948,15182
2023-09-27 13:39:03,27,30,4948,15182
2023-09-27 13:39:07,27,29,4948,15182
2023-09-27 13:39:23,27,28,4948,15182
2023-09-27 13:39:25,26,27,4948,15183
2023-09-27 13:39:32,25,27,4948,15183
2023-09-27 13:39:32,25,27,4948,15185
2023-09-27 13:39:33,25,27,4948,15186
2023-09-27 13:39:42,25,26,4948,15186
2023-09-27 13:39:58,24,26,4948,15186
2023-09-27 13:40:03,24,25,4948,15186
2023-09-27 13:40:04,23,25,4948,15186
2023-09-27 13:40:04,22,25,4948,15186
2023-09-27 13:40:07,22,24,4948,15186
2023-09-27 13:40:21,22,23,4948,15186
2023-09-27 13:40:33,21,23,4948,15186
2023-09-27 13:40:36,20,23,4948,15186
2023-09-27 13:40:38,20,22,4948,15186
2023-09-27 13:40:42,20,21,4948,15186
2023-09-27 13:40:47,19,21,4948,15186
2023-09-27 13:40:49,19,20,4948,15186
2023-09-27 13:41:14,19,21,4948,15186
2023-09-27 13:41:16,19,20,4948,15186
2023-09-27 13:41:19,19,21,4948,15186
2023-09-27 13:41:22,20,21,4948,15186
2023-09-27 13:41:23,19,21,4948,15186
2023-09-27 13:41:26,19,20,4948,15186
2023-09-27 13:41:30,18,20,4948,15186
2023-09-27 13:41:45,18,19,4948,15186
2023-09-27 13:41:47,17,19,4948,15186
2023-09-27 13:41:48,16,19,4948,15186
2023-09-27 13:41:48,16,18,4948,15186
2023-09-27 13:41:48,16,17,4948,15186
2023-09-27 13:42:50,15,17,4948,15386
2023-09-27 13:42:51,15,16,4948,15386
2023-09-27 13:43:13,15,17,4948,15386
2023-09-27 13:43:16,16,17,4948,15386
2023-09-27 13:43:16,16,18,4948,15386
2023-09-27 13:43:17,16,19,4948,15386
2023-09-27 13:43:17,16,18,4948,15386
2023-09-27 13:43:23,16,17,4948,15386
2023-09-27 13:43:25,16,18,4948,15386
2023-09-27 13:43:30,16,19,4948,15386
2023-09-27 13:43:30,17,19,4948,15386
2023-09-27 13:43:43,17,18,4948,15386
2023-09-27 13:43:44,17,19,4948,15386
2023-09-27 13:43:45,17,18,4948,15386
2023-09-27 13:43:55,17,19,4948,15386
2023-09-27 13:43:56,18,19,4948,15386
2023-09-27 13:44:16,17,19,4948,15386
2023-09-27 13:44:16,17,18,4948,15386
2023-09-27 13:44:26,17,19,4948,15386
2023-09-27 13:44:30,17,20,4948,15386
2023-09-27 13:44:33,18,20,4948,15386
2023-09-27 13:44:35,19,20,4948,15386
2023-09-27 13:44:35,19,21,4948,15386
2023-09-27 13:44:36,19,21,4948,15396
2023-09-27 13:44:37,19,20,4948,15396
2023-09-27 13:44:38,19,21,4948,15396
2023-09-27 13:44:41,20,21,4948,15396
2023-09-27 13:44:41,20,22,4948,15396
2023-09-27 13:44:58,21,22,4948,15396
2023-09-27 13:45:05,21,23,4948,15396
2023-09-27 13:45:11,22,23,4948,15396
2023-09-27 13:45:12,22,24,4948,15396
2023-09-27 13:45:13,23,24,4948,15396
2023-09-27 13:45:18,22,24,4948,15396
2023-09-27 13:45:19,23,24,4948,15396
2023-09-27 13:45:24,22,24,4948,15396
2023-09-27 13:45:26,23,24,4948,15396
2023-09-27 13:45:27,22,24,4948,15396
2023-09-27 13:45:34,22,23,4948,15396
2023-09-27 13:45:35,22,24,4948,15396
2023-09-27 13:45:37,22,23,4948,15396
2023-09-27 13:45:41,22,24,4948,15396
2023-09-27 13:45:42,22,23,4948,15396
2023-09-27 13:45:44,22,24,4948,15396
2023-09-27 13:45:51,22,23,4948,15396
2023-09-27 13:46:01,22,24,4948,15396
2023-09-27 13:46:04,22,23,4948,15396
2023-09-27 13:46:34,21,23,4948,15396
2023-09-27 13:46:41,21,23,4948,15396
2023-09-27 13:46:57,21,22,4948,15396
2023-09-27 13:47:03,21,23,4948,15396
2023-09-27 13:47:04,20,23,4948,15396
2023-09-27 13:47:10,20,22,4948,15396
2023-09-27 13:47:25,20,23,4948,15396
2023-09-27 13:47:28,21,23,4948,15396
2023-09-27 13:47:30,20,23,6135,16583
2023-09-27 13:47:30,20,22,6135,16583
2023-09-27 13:47:32,21,22,6135,16583
2023-09-27 13:47:32,21,23,6135,16583
2023-09-27 13:47:40,21,22,6135,16583
2023-09-27 13:47:41,20,22,6135,16583
2023-09-27 13:47:43,21,22,6135,16583
2023-09-27 13:47:44,21,23,6135,16583
2023-09-27 13:48:01,22,23,6135,16583
2023-09-27 13:48:06,20,23,6135,16583
2023-09-27 13:48:06,20,22,6135,16583
2023-09-27 13:48:21,20,23,6135,16583
2023-09-27 13:48:22,21,23,6135,16583
2023-09-27 13:48:23,20,23,6135,16583
2023-09-27 13:48:25,21,23,6135,16583
2023-09-27 13:48:27,20,23,6135,16583
2023-09-27 13:48:28,20,21,6135,16583
2023-09-27 13:48:35,20,21,6385,16833
2023-09-27 13:49:01,19,21,6385,16833
2023-09-27 13:49:07,19,20,6385,16833
2023-09-27 13:49:21,19,21,6385,16833
2023-09-27 13:49:24,19,20,6385,16833
2023-09-27 13:49:41,19,21,6385,16833
2023-09-27 13:49:44,20,21,6385,16833
2023-09-27 13:49:50,20,23,6385,16833
2023-09-27 13:49:50,20,22,6385,16833
2023-09-27 13:50:14,20,24,6385,16833
2023-09-27 13:50:14,20,23,6385,16833
2023-09-27 13:50:15,20,22,6385,16833
2023-09-27 13:50:42,20,21,6385,16833
2023-09-27 13:50:43,19,21,6385,16833
2023-09-27 13:50:44,19,20,6385,16833
2023-09-27 13:50:49,19,22,6385,16833
2023-09-27 13:50:49,19,21,6385,16833
2023-09-27 13:50:53,20,21,6385,16833
2023-09-27 13:51:01,20,22,6385,16833
2023-09-27 13:51:03,20,21,6385,16833
2023-09-27 13:51:06,19,21,6385,16833
2023-09-27 13:51:09,20,21,6385,16833
2023-09-27 13:51:13,20,22,6385,16833
2023-09-27 13:51:17,21,22,6385,16833
2023-09-27 13:51:18,20,22,6385,16833
2023-09-27 13:51:18,20,22,6386,16834
2023-09-27 13:51:21,21,22,6386,16834
2023-09-27 13:51:26,21,23,6386,16834
2023-09-27 13:51:27,21,22,6386,16834
2023-09-27 13:51:30,21,23,6386,16834
2023-09-27 13:51:31,21,23,6385,16835
2023-09-27 13:51:37,22,23,6385,16835
2023-09-27 13:51:42,22,25,6385,16835
2023-09-27 13:51:42,22,24,6385,16835
2023-09-27 13:51:58,22,23,6385,16835
2023-09-27 13:51:59,22,24,6385,16835
2023-09-27 13:52:01,23,24,6385,16835
2023-09-27 13:52:07,23,24,6386,16836
2023-09-27 13:52:26,23,25,6386,16836
2023-09-27 13:52:32,23,24,6386,16836
2023-09-27 13:52:49,23,25,6386,16836
2023-09-27 13:52:57,23,24,6386,16836
2023-09-27 13:53:10,23,25,6386,16836
2023-09-27 13:53:17,23,24,6386,16836
2023-09-27 13:53:18,23,25,6386,16836
2023-09-27 13:53:19,23,24,6386,16836
2023-09-27 13:53:21,23,25,6386,16836
2023-09-27 13:53:22,23,24,6386,16836
2023-09-27 13:53:23,23,24,6386,17086
2023-09-27 13:53:47,23,25,6386,17086
2023-09-27 13:54:04,23,24,6386,17086
2023-09-27 13:54:12,23,25,6386,17086
2023-09-27 13:54:18,24,25,6386,17086
2023-09-27 13:54:30,24,26,6386,17086
2023-09-27 13:54:46,25,26,6386,17086
2023-09-27 13:54:52,25,27,6386,17086
2023-09-27 13:54:55,26,27,6386,17086
2023-09-27 13:55:33,25,27,6386,17086
2023-09-27 13:55:33,25,26,6386,17086
2023-09-27 13:55:35,24,26,6386,17086
2023-09-27 13:55:35,24,25,6386,17086
2023-09-27 13:55:37,23,25,6386,17086
2023-09-27 13:55:38,24,25,6386,17086
2023-09-27 13:55:41,23,25,6386,17086
2023-09-27 13:55:42,24,25,6386,17086
2023-09-27 13:55:43,23,25,6386,17086
2023-09-27 13:55:48,24,25,6386,17086
2023-09-27 13:55:59,23,25,6386,17086
2023-09-27 13:56:06,24,25,6386,17086
2023-09-27 13:56:08,23,25,6386,17086
2023-09-27 13:56:27,24,25,6386,17086
2023-09-27 13:56:28,23,25,6386,17086
2023-09-27 13:56:30,23,24,6386,17086
2023-09-27 13:57:01,23,25,6386,17086
2023-09-27 13:57:02,23,24,6386,17086
2023-09-27 13:57:03,23,25,6386,17086
2023-09-27 13:57:03,23,24,6386,17086
2023-09-27 13:57:16,23,24,6386,17336
2023-09-27 13:57:22,23,25,6386,17336
2023-09-27 13:57:23,24,25,6386,17336
2023-09-27 13:57:24,23,25,6386,17336
2023-09-27 13:57:29,23,24,6386,17336
2023-09-27 13:57:30,23,25,6386,17336
2023-09-27 13:57:34,24,25,6386,17336
2023-09-27 13:57:39,23,25,6386,17336
2023-09-27 13:57:44,23,24,6386,17336
2023-09-27 13:58:18,24,25,6386,17486
2023-09-27 13:58:18,24,26,6386,17486
2023-09-27 13:58:36,24,25,6386,17486
2023-09-27 13:58:52,23,24,6386,17489
2023-09-27 13:58:56,22,25,6386,17489
2023-09-27 13:58:56,23,25,6386,17489
2023-09-27 13:58:57,22,25,6386,17489
2023-09-27 13:59:01,23,25,6386,17489
2023-09-27 13:59:06,23,26,6386,17489
2023-09-27 13:59:25,24,26,6386,17489
2023-09-27 13:59:28,23,26,6386,17489
2023-09-27 13:59:36,23,25,6386,17489
2023-09-27 13:59:52,24,25,6386,17489
2023-09-27 13:59:53,25,27,6386,17492
2023-09-27 14:00:09,25,26,6386,17492
2023-09-27 14:00:12,24,26,6386,17492
2023-09-27 14:00:18,23,26,6386,17492
2023-09-27 14:00:20,24,26,6386,17492
2023-09-27 14:00:26,23,26,6386,17492
2023-09-27 14:00:43,23,25,6386,17492
2023-09-27 14:00:44,22,25,6386,17492
2023-09-27 14:00:44,22,24,6386,17492
2023-09-27 14:00:44,22,23,6386,17492
2023-09-27 14:00:52,21,23,6386,17492
2023-09-27 14:00:56,21,22,6386,17492
2023-09-27 14:01:02,21,23,6386,17492
2023-09-27 14:01:04,21,24,6386,17492
2023-09-27 14:01:04,22,24,6386,17492
2023-09-27 14:01:10,23,24,6386,17492
2023-09-27 14:01:11,22,24,6386,17492
2023-09-27 14:01:25,23,24,6386,17492
2023-09-27 14:01:26,22,24,6386,17492
2023-09-27 14:01:40,22,23,6386,17492
2023-09-27 14:01:41,22,24,6386,17492
2023-09-27 14:01:54,23,24,6386,17492
2023-09-27 14:01:57,22,24,6386,17492
2023-09-27 14:01:59,23,24,6386,17492
2023-09-27 14:02:00,22,24,6386,17492
2023-09-27 14:02:05,23,24,6386,17492
2023-09-27 14:02:08,23,25,6386,17492
2023-09-27 14:02:16,24,25,6386,17492
2023-09-27 14:02:19,24,26,6386,17492
2023-09-27 14:02:38,25,26,6386,17492
2023-09-27 14:02:39,25,27,6386,17492
2023-09-27 14:02:45,25,26,6386,17492
2023-09-27 14:02:47,24,26,6386,17492
2023-09-27 14:02:49,24,25,6386,17492
2023-09-27 14:02:53,23,25,6386,17492
2023-09-27 14:02:57,24,25,6386,17492
2023-09-27 14:02:58,24,26,6386,17492
2023-09-27 14:02:59,24,25,6386,17492
2023-09-27 14:03:03,24,26,6386,17492
2023-09-27 14:03:08,24,27,6386,17492
2023-09-27 14:03:10,24,26,6386,17492
2023-09-27 14:03:17,24,25,6386,17492
2023-09-27 14:03:25,23,25,6386,17492
2023-09-27 14:03:29,24,25,6386,17492
2023-09-27 14:03:31,24,26,6386,17492
2023-09-27 14:03:38,24,25,6386,17492
2023-09-27 14:03:51,24,26,6386,17492
2023-09-27 14:03:52,24,25,6386,17492
2023-09-27 14:04:02,23,25,6386,17492
2023-09-27 14:04:03,24,25,6386,17492
2023-09-27 14:04:12,23,25,6386,17492
2023-09-27 14:04:54,23,24,6386,17492
2023-09-27 14:04:54,22,24,6386,17492
2023-09-27 14:04:55,23,24,6386,17492
2023-09-27 14:05:08,23,25,6386,17492
2023-09-27 14:05:13,23,26,6386,17492
2023-09-27 14:05:14,24,26,6386,17492
2023-09-27 14:05:17,24,25,6386,17492
2023-09-27 14:05:19,23,25,6386,17492
2023-09-27 14:05:23,24,25,6386,17492
2023-09-27 14:05:30,23,25,6386,17492
2023-09-27 14:05:31,24,25,6386,17492
2023-09-27 14:05:44,24,25,6386,17692
2023-09-27 14:05:50,24,26,6386,17692
2023-09-27 14:05:52,25,26,6386,17692
2023-09-27 14:05:53,25,26,6386,17892
2023-09-27 14:05:53,24,26,6386,17892
2023-09-27 14:05:54,23,26,6386,17892
2023-09-27 14:06:05,24,26,6386,17892
2023-09-27 14:06:13,23,26,6386,17892
2023-09-27 14:06:18,24,26,6386,17892
2023-09-27 14:06:22,23,26,6386,17892
2023-09-27 14:06:25,24,26,6386,17892
2023-09-27 14:06:27,24,27,6386,17892
2023-09-27 14:06:32,24,26,6386,17892
2023-09-27 14:06:34,23,26,6386,17892
2023-09-27 14:06:34,23,25,6386,17892
2023-09-27 14:06:35,22,25,6386,17892
2023-09-27 14:06:36,23,25,6386,17892
2023-09-27 14:06:47,23,24,6386,17892
2023-09-27 14:06:55,22,23,6386,17897
2023-09-27 14:06:55,21,22,6386,17898
2023-09-27 14:07:19,21,24,6386,17898
2023-09-27 14:07:20,22,24,6386,17898
2023-09-27 14:07:24,21,23,6386,17898
2023-09-27 14:08:02,20,23,6386,17898
2023-09-27 14:08:02,20,22,6386,17898
2023-09-27 14:08:03,19,22,6386,17898
2023-09-27 14:08:03,19,21,6386,17898
2023-09-27 14:08:03,19,20,6386,17898
2023-09-27 14:08:18,19,21,6386,17898
2023-09-27 14:08:19,19,20,6386,17898
2023-09-27 14:08:56,18,19,6386,17899
2023-09-27 14:08:57,18,19,6386,17905
2023-09-27 14:08:58,18,19,6386,17906
2023-09-27 14:08:59,17,19,6386,17906
2023-09-27 14:09:08,18,19,6386,17906
2023-09-27 14:09:09,17,19,6386,17906
2023-09-27 14:09:16,18,19,6386,17906
2023-09-27 14:09:17,17,19,6386,17906
2023-09-27 14:09:18,18,19,6386,17906
2023-09-27 14:09:19,18,20,6386,17906
2023-09-27 14:09:32,17,20,6386,17906
2023-09-27 14:09:32,17,19,6386,17906
2023-09-27 14:09:46,18,19,6386,17906
2023-09-27 14:09:47,17,19,6386,17906
2023-09-27 14:09:48,18,19,6386,17906
2023-09-27 14:09:50,17,19,6386,17906
2023-09-27 14:09:52,18,19,6386,17906
2023-09-27 14:09:56,17,19,6386,17906
2023-09-27 14:10:18,17,18,6386,17906
2023-09-27 14:10:35,17,19,6386,17906
2023-09-27 14:10:38,17,20,6386,17906
2023-09-27 14:10:38,18,20,6386,17906
2023-09-27 14:10:53,18,19,6386,17906
2023-09-27 14:10:55,17,19,6386,17906
2023-09-27 14:11:04,17,18,6386,17906
2023-09-27 14:11:24,16,18,6386,17906
2023-09-27 14:11:24,16,17,6386,17906
2023-09-27 14:12:10,15,17,6386,17906
2023-09-27 14:12:26,15,16,6386,17906
2023-09-27 14:12:47,16,17,6386,18101
2023-09-27 14:12:48,15,17,6386,18101
2023-09-27 14:12:54,16,17,6386,18101
2023-09-27 14:12:55,15,17,6386,18101
2023-09-27 14:12:56,16,17,6386,18101
2023-09-27 14:13:09,16,18,6386,18101
2023-09-27 14:13:16,16,19,6386,18101
2023-09-27 14:13:20,17,19,6386,18101
2023-09-27 14:13:30,17,18,6386,18101
2023-09-27 14:13:30,16,18,6386,18101
2023-09-27 14:13:32,16,17,6386,18101
2023-09-27 14:13:42,16,17,6586,18301
2023-09-27 14:13:42,16,17,6986,18701
2023-09-27 14:13:44,16,17,7186,18901
2023-09-27 14:13:45,16,17,7436,19151
2023-09-27 14:13:45,16,17,7836,19551
2023-09-27 14:13:45,16,17,7986,19701
2023-09-27 14:13:46,16,17,8186,19901
2023-09-27 14:13:47,16,17,8386,20101
2023-09-27 14:13:47,16,20,8386,20101
2023-09-27 14:13:47,18,20,8386,20101
2023-09-27 14:13:48,18,19,8386,20101
2023-09-27 14:14:00,17,19,8386,20101
2023-09-27 14:14:00,17,18,8386,20101
2023-09-27 14:14:05,17,19,8386,20281
2023-09-27 14:14:06,17,18,8386,20281
2023-09-27 14:14:07,17,19,8386,20281
2023-09-27 14:14:12,17,18,8386,20281
2023-09-27 14:14:15,17,19,8386,20281
2023-09-27 14:14:20,17,18,8386,20281
2023-09-27 14:14:22,17,19,8386,20281
2023-09-27 14:14:25,17,20,8386,20281
2023-09-27 14:14:27,18,20,8386,20281
2023-09-27 14:14:43,19,20,8386,20281
2023-09-27 14:15:12,19,20,8786,20681
2023-09-27 14:15:12,19,20,8986,20881
2023-09-27 14:15:14,19,20,9241,21136
2023-09-27 14:15:15,19,20,9441,21336
2023-09-27 14:15:15,19,20,9691,21586
2023-09-27 14:15:15,19,20,9941,21836
2023-09-27 14:15:17,19,20,10341,22236
2023-09-27 14:15:17,20,22,10386,22281
2023-09-27 14:15:25,21,22,10386,22281
2023-09-27 14:15:30,21,23,10386,22281
2023-09-27 14:15:30,22,23,10386,22281
2023-09-27 14:15:38,22,23,10386,22531
2023-09-27 14:15:39,22,24,10386,22531
2023-09-27 14:15:40,23,24,10386,22531
2023-09-27 14:15:42,22,24,10386,22531
2023-09-27 14:15:47,24,25,9700,23217
2023-09-27 14:16:01,24,25,9500,23417
2023-09-27 14:16:05,23,25,9500,23417
2023-09-27 14:16:05,23,24,9500,23417
2023-09-27 14:16:13,24,25,9219,23698
2023-09-27 14:16:20,24,25,8949,24098
2023-09-27 14:16:23,24,26,8949,24098
2023-09-27 14:16:23,25,26,8949,24098
2023-09-27 14:16:24,24,26,8949,24098
2023-09-27 14:16:25,25,26,8949,24098
2023-09-27 14:16:26,24,26,8949,24098
2023-09-27 14:16:27,25,26,8949,24098
2023-09-27 14:16:28,24,26,8949,24098
2023-09-27 14:16:33,25,26,8949,24098
2023-09-27 14:16:34,24,26,8949,24098
2023-09-27 14:16:35,25,26,8949,24098
2023-09-27 14:17:03,25,27,8949,24098
2023-09-27 14:17:06,26,27,8949,24098
2023-09-27 14:17:09,27,28,8950,24099
2023-09-27 14:17:17,27,28,8950,24299
2023-09-27 14:17:17,26,28,8950,24299
2023-09-27 14:17:18,26,27,8950,24299
2023-09-27 14:17:21,24,26,8950,24303
2023-09-27 14:17:23,24,27,8950,24303
2023-09-27 14:17:25,24,26,8950,24303
2023-09-27 14:17:30,25,26,8950,24303
2023-09-27 14:17:35,25,27,8950,24303
2023-09-27 14:17:40,25,26,8950,24303
2023-09-27 14:17:41,25,27,8950,24303
2023-09-27 14:17:47,24,27,8950,24703
2023-09-27 14:17:53,24,26,8950,24703
2023-09-27 14:17:55,25,26,8950,24703
2023-09-27 14:17:56,25,27,8950,24703
2023-09-27 14:18:05,26,27,8950,24703
2023-09-27 14:18:06,26,28,8950,24703
2023-09-27 14:18:07,26,27,8950,24703
2023-09-27 14:18:49,24,26,8950,24704
2023-09-27 14:18:53,24,27,8950,24704
2023-09-27 14:18:56,24,26,8950,24704
2023-09-27 14:19:01,24,25,8950,24704
2023-09-27 14:19:13,24,26,8950,24704
2023-09-27 14:19:20,24,25,8950,24704
2023-09-27 14:19:42,22,24,8950,24709
2023-09-27 14:19:42,22,24,8950,24714
2023-09-27 14:19:42,22,23,8950,24714
2023-09-27 14:19:43,22,23,8950,24719
2023-09-27 14:19:58,21,23,8950,24719
2023-09-27 14:19:58,21,22,8950,24719
2023-09-27 14:20:11,20,22,8950,24719
2023-09-27 14:20:28,21,22,8950,24719
2023-09-27 14:20:45,20,22,8950,24719
2023-09-27 14:20:49,20,21,8950,24719
2023-09-27 14:21:00,20,22,8950,24719
2023-09-27 14:21:03,21,22,8950,24719
2023-09-27 14:21:13,21,24,8950,24719
2023-09-27 14:21:13,21,23,8950,24719
2023-09-27 14:21:15,22,23,8950,24719
2023-09-27 14:21:16,22,25,8950,24719
2023-09-27 14:21:16,22,24,8950,24719
2023-09-27 14:21:18,23,24,8950,24719
2023-09-27 14:21:23,23,26,8950,24719
2023-09-27 14:21:23,23,25,8950,24719
2023-09-27 14:21:25,24,25,8950,24719
2023-09-27 14:21:34,24,27,8950,24724
2023-09-27 14:21:35,25,27,8950,24724
2023-09-27 14:21:35,25,26,8950,24724
2023-09-27 14:21:43,25,27,8950,24724
2023-09-27 14:21:58,25,26,8950,24724
2023-09-27 14:22:00,24,26,8950,24724
2023-09-27 14:22:01,24,25,8950,24724
2023-09-27 14:22:03,24,26,8950,24724
2023-09-27 14:22:04,24,25,8950,24724
2023-09-27 14:22:08,24,26,8950,24724
2023-09-27 14:22:08,24,25,8950,24724
2023-09-27 14:22:10,24,26,8950,24724
2023-09-27 14:22:11,24,25,8950,24724
2023-09-27 14:22:20,23,24,8950,24726
2023-09-27 14:22:20,22,24,8950,24726
2023-09-27 14:22:25,23,24,8950,24726
2023-09-27 14:22:30,23,25,8950,24726
2023-09-27 14:22:37,23,26,8950,24726
2023-09-27 14:22:38,24,26,8950,24726
2023-09-27 14:22:39,24,27,8950,24726
2023-09-27 14:22:39,25,27,8950,24726
2023-09-27 14:22:40,25,27,8950,24728
2023-09-27 14:22:41,26,27,8950,24728
2023-09-27 14:23:03,26,28,8950,24728
2023-09-27 14:23:05,27,28,8950,24728
2023-09-27 14:23:11,26,28,8950,24728
2023-09-27 14:23:13,27,28,8950,24728
2023-09-27 14:23:25,27,29,8950,24728
2023-09-27 14:23:25,28,29,8950,24728
2023-09-27 14:23:37,27,28,8950,24729
2023-09-27 14:23:38,27,29,8950,24729
2023-09-27 14:23:39,28,29,8950,24729
2023-09-27 14:24:21,27,28,8950,24918
2023-09-27 14:24:22,27,29,8950,24918
2023-09-27 14:24:26,27,28,8950,24918
2023-09-27 14:24:29,26,28,8950,24918
2023-09-27 14:24:30,27,28,8950,24918
2023-09-27 14:24:32,26,28,8950,24918
2023-09-27 14:24:40,25,28,8950,24918
2023-09-27 14:24:40,25,27,8950,24918
2023-09-27 14:24:41,25,28,8950,24918
2023-09-27 14:24:42,26,28,8950,24918
2023-09-27 14:24:46,26,29,8950,24918
2023-09-27 14:24:48,27,29,8950,24918
2023-09-27 14:24:48,26,27,9226,25194
2023-09-27 14:24:49,26,27,9626,25594
2023-09-27 14:24:59,26,27,10026,25994
2023-09-27 14:25:06,26,27,10276,26244
2023-09-27 14:25:07,26,27,10476,26444
2023-09-27 14:25:08,26,27,10536,26504
2023-09-27 14:25:08,26,27,10546,26514
2023-09-27 14:25:09,26,27,10556,26524
2023-09-27 14:25:15,26,27,10806,26774
2023-09-27 14:25:18,26,28,10950,26918
2023-09-27 14:25:19,27,28,10950,26918
2023-09-27 14:25:43,26,27,10950,26921
2023-09-27 14:25:44,25,27,10950,26921
2023-09-27 14:25:45,26,27,10950,26921
2023-09-27 14:25:45,26,27,10900,26971
2023-09-27 14:25:56,25,26,10900,26973
2023-09-27 14:25:58,25,27,10900,26973
2023-09-27 14:25:59,25,26,10900,26973
2023-09-27 14:26:01,25,27,10900,26973
2023-09-27 14:26:03,26,27,10900,26973
2023-09-27 14:26:12,26,28,10900,26973
2023-09-27 14:26:18,27,28,10900,26973
2023-09-27 14:26:23,27,29,10900,26983
2023-09-27 14:26:24,28,29,10900,26983
2023-09-27 14:26:25,29,30,10900,27183
2023-09-27 14:26:36,29,31,10900,27258
2023-09-27 14:26:37,30,31,10900,27258
2023-09-27 14:26:43,31,32,10901,27259
2023-09-27 14:26:49,31,34,10901,27259
2023-09-27 14:26:49,32,34,10901,27259
2023-09-27 14:26:50,32,35,10901,27259
2023-09-27 14:26:50,32,36,10901,27259
2023-09-27 14:26:50,34,36,10901,27259
2023-09-27 14:26:50,35,36,10901,27259
2023-09-27 14:26:54,35,37,10901,27259
2023-09-27 14:26:54,36,37,10901,27259
2023-09-27 14:26:56,36,38,10901,27259
2023-09-27 14:26:57,36,40,10901,27259
2023-09-27 14:26:57,37,40,10901,27259
2023-09-27 14:26:57,38,40,10901,27259
2023-09-27 14:26:58,39,40,10901,27259
2023-09-27 14:27:10,38,39,10901,27265
2023-09-27 14:27:11,38,40,10901,27265
2023-09-27 14:27:20,39,40,10901,27265
2023-09-27 14:27:21,38,40,10901,27265
2023-09-27 14:27:24,39,40,10901,27265
2023-09-27 14:27:25,38,40,10901,27265
2023-09-27 14:27:26,39,40,10901,27265
2023-09-27 14:27:38,39,41,10901,27265
2023-09-27 14:27:39,40,41,10901,27265
2023-09-27 14:27:42,40,41,10901,27271
2023-09-27 14:27:44,40,42,10901,27271
2023-09-27 14:27:47,41,42,10901,27271
2023-09-27 14:27:56,41,44,10901,27271
2023-09-27 14:27:57,42,44,10901,27271
2023-09-27 14:28:03,42,43,10901,27271
2023-09-27 14:28:07,42,44,10901,27271
2023-09-27 14:28:27,42,45,10901,27271
2023-09-27 14:28:31,43,45,10901,27271
2023-09-27 14:28:31,43,46,10901,27271
2023-09-27 14:28:32,44,46,10901,27271
2023-09-27 14:28:35,44,47,10901,27671
2023-09-27 14:28:36,44,48,10901,27671
2023-09-27 14:28:36,46,48,10901,27671
2023-09-27 14:28:40,47,48,10901,27671
2023-09-27 14:28:41,47,49,10901,27671
2023-09-27 14:28:42,48,49,10901,27671
2023-09-27 14:28:54,49,51,10901,27676
2023-09-27 14:28:54,50,51,10901,27676
2023-09-27 14:28:56,50,52,10901,27676
2023-09-27 14:28:57,51,52,10901,27676
2023-09-27 14:28:57,51,53,10901,27676
2023-09-27 14:28:57,52,53,10901,27676
2023-09-27 14:29:11,51,53,10901,27676
2023-09-27 14:29:12,50,53,10901,27676
2023-09-27 14:29:12,50,52,10901,27676
2023-09-27 14:29:15,51,52,10901,27676
2023-09-27 14:29:15,51,53,10901,28181
2023-09-27 14:29:18,51,54,10901,28181
2023-09-27 14:29:19,52,54,10901,28181
2023-09-27 14:29:36,53,54,10901,28181
2023-09-27 14:29:51,53,55,10901,28381
2023-09-27 14:29:52,54,55,10901,28381
2023-09-27 14:30:02,54,56,10901,28381
2023-09-27 14:30:02,55,56,10901,28381
2023-09-27 14:30:02,55,57,10901,28381
2023-09-27 14:30:02,55,56,10901,28381
2023-09-27 14:30:02,55,57,10951,28431
2023-09-27 14:30:03,56,57,10951,28431
2023-09-27 14:30:05,56,58,10951,28431
2023-09-27 14:30:05,56,58,10951,28831
2023-09-27 14:30:06,57,59,10951,28831
2023-09-27 14:30:07,58,59,10951,28831
2023-09-27 14:30:09,58,60,10951,28831
2023-09-27 14:30:11,59,60,10951,28831
2023-09-27 14:30:30,59,60,10951,28956
2023-09-27 14:30:31,59,61,10951,28956
2023-09-27 14:30:32,60,61,10951,28956
2023-09-27 14:31:06,60,62,10951,28956
2023-09-27 14:31:06,61,62,10951,28956
2023-09-27 14:31:07,61,63,10951,28956
2023-09-27 14:31:07,62,63,10951,28956
2023-09-27 14:31:10,62,64,10951,28956
2023-09-27 14:31:10,63,64,10951,28956
2023-09-27 14:31:26,63,65,10951,28956
2023-09-27 14:31:27,63,65,10951,29016
2023-09-27 14:31:32,63,64,10951,29016
2023-09-27 14:31:34,62,64,10951,29016
2023-09-27 14:32:02,63,64,10951,29016
2023-09-27 14:32:13,62,64,10951,29016
2023-09-27 14:32:22,63,64,10951,29016
2023-09-27 14:32:23,62,64,10951,29016
2023-09-27 14:32:25,62,64,10951,29141
2023-09-27 14:33:04,63,64,10951,29141
2023-09-27 14:33:05,62,64,10951,29141
2023-09-27 14:33:15,63,64,10951,29141
2023-09-27 14:33:22,62,64,10951,29141
2023-09-27 14:33:31,63,64,10951,29141
2023-09-27 14:33:33,63,64,11014,29341
2023-09-27 14:33:34,61,64,11014,29341
2023-09-27 14:33:35,62,64,11014,29341
2023-09-27 14:33:35,62,63,11014,29341
2023-09-27 14:33:36,61,63,11014,29341
2023-09-27 14:33:37,62,63,11014,29341
2023-09-27 14:33:39,61,63,11014,29341
2023-09-27 14:33:41,62,63,11014,29341
2023-09-27 14:33:43,61,63,11014,29341
2023-09-27 14:33:52,61,62,11014,29341
2023-09-27 14:33:56,61,62,11014,29401
2023-09-27 14:34:37,60,62,11014,29401
2023-09-27 14:34:51,61,62,11014,29401
2023-09-27 14:35:00,61,62,11014,29413
2023-09-27 14:35:08,61,62,10951,29679
2023-09-27 14:35:09,60,62,10951,29679
2023-09-27 14:35:09,61,62,10951,29679
2023-09-27 14:35:32,60,62,10951,29679
2023-09-27 14:35:32,61,62,10951,29679
2023-09-27 14:35:37,60,62,10951,29679
2023-09-27 14:35:38,61,62,10951,29679
2023-09-27 14:35:47,60,62,10951,29679
2023-09-27 14:35:47,61,62,10951,29679
2023-09-27 14:35:50,60,62,10951,29679
2023-09-27 14:36:00,60,61,10951,29679
2023-09-27 14:36:15,60,61,10951,29729
2023-09-27 14:37:01,60,61,10951,29975
2023-09-27 14:37:29,59,61,10951,29975
2023-09-27 14:37:30,59,61,10951,29977
2023-09-27 14:37:38,59,60,10951,29977
2023-09-27 14:38:06,58,60,10951,30175
2023-09-27 14:38:07,58,59,10951,30175
2023-09-27 14:38:24,57,58,10951,30375
2023-09-27 14:38:44,57,58,10951,30625
2023-09-27 14:38:50,57,58,10951,30875
2023-09-27 14:38:51,57,58,10951,30935
2023-09-27 14:39:28,56,58,10951,30935
2023-09-27 14:39:29,56,57,10951,30935
2023-09-27 14:39:58,55,57,10901,30985
2023-09-27 14:39:58,55,56,10901,30985
2023-09-27 14:40:01,55,57,10901,31105
2023-09-27 14:40:07,56,57,10901,31105
2023-09-27 14:40:08,55,57,10901,31105
2023-09-27 14:40:17,55,57,10901,31250
2023-09-27 14:40:20,55,56,10901,31250
2023-09-27 14:40:33,55,57,10901,31250
2023-09-27 14:40:43,56,57,10901,31250
2023-09-27 14:40:44,56,58,10901,31250
2023-09-27 14:41:06,56,59,10901,31250
2023-09-27 14:41:06,57,59,10901,31250
2023-09-27 14:41:11,57,58,10901,31250
2023-09-27 14:41:38,56,57,10901,31256
2023-09-27 14:41:41,55,57,10901,31256
2023-09-27 14:41:49,55,56,10901,31256
2023-09-27 14:41:53,55,56,10901,31306
2023-09-27 14:41:53,54,56,10901,31306
2023-09-27 14:41:57,54,55,10901,31306
2023-09-27 14:42:09,53,55,10901,31306
2023-09-27 14:42:10,53,55,10901,31312
2023-09-27 14:42:12,52,55,10901,31312
2023-09-27 14:42:12,52,54,10901,31312
2023-09-27 14:42:18,53,54,10901,31312
2023-09-27 14:42:18,53,54,10901,31386
2023-09-27 14:42:19,53,55,10901,31386
2023-09-27 14:42:31,54,55,10901,31386
2023-09-27 14:42:31,54,56,10901,31386
2023-09-27 14:42:49,54,55,10901,31386
2023-09-27 14:42:50,54,56,10901,31386
2023-09-27 14:42:54,54,55,10901,31386
2023-09-27 14:43:13,54,55,10901,31786
2023-09-27 14:43:14,53,54,10901,31789
2023-09-27 14:43:15,53,55,10901,31789
2023-09-27 14:43:18,54,55,10901,31789
2023-09-27 14:43:19,53,55,10901,31789
2023-09-27 14:43:20,54,55,10901,31789
2023-09-27 14:43:28,53,54,10901,31980
2023-09-27 14:43:28,53,54,10901,32214
2023-09-27 14:43:28,52,54,10901,32214
2023-09-27 14:43:28,50,54,10901,32214
2023-09-27 14:43:29,50,53,10901,32214
2023-09-27 14:43:29,51,53,10901,32214
2023-09-27 14:43:30,52,53,10901,32214
2023-09-27 14:43:30,52,53,10901,32245
2023-09-27 14:43:33,51,53,10901,32245
2023-09-27 14:43:34,50,53,10901,32245
2023-09-27 14:43:35,50,52,10901,32245
2023-09-27 14:43:36,51,52,10901,32245
2023-09-27 14:43:39,51,53,10901,32245
2023-09-27 14:43:43,51,54,10901,32245
2023-09-27 14:43:45,52,54,10901,32245
2023-09-27 14:43:50,52,55,10901,32245
2023-09-27 14:43:51,52,54,10901,32245
2023-09-27 14:43:53,52,55,10901,32245
2023-09-27 14:43:54,52,54,10901,32245
2023-09-27 14:43:56,52,53,10901,32245
2023-09-27 14:43:59,52,54,10901,32245
2023-09-27 14:44:00,52,53,10901,32245
2023-09-27 14:44:01,52,54,10901,32245
2023-09-27 14:44:03,52,53,10901,32245
2023-09-27 14:44:16,52,54,10901,32245
2023-09-27 14:44:17,52,53,10901,32245
2023-09-27 14:44:18,52,54,10901,32245
2023-09-27 14:44:20,52,53,10901,32245
2023-09-27 14:44:21,52,54,10901,32245
2023-09-27 14:44:23,52,53,10901,32245
2023-09-27 14:44:28,52,54,10901,32245
2023-09-27 14:44:43,52,53,10901,32245
2023-09-27 14:44:45,52,54,10901,32245
2023-09-27 14:44:46,52,53,10901,32245
2023-09-27 14:44:51,52,53,10901,32263
2023-09-27 14:44:53,51,53,10901,32263
2023-09-27 14:45:08,51,52,10901,32263
2023-09-27 14:45:10,50,52,10901,32263
2023-09-27 14:45:10,50,52,10901,32266
2023-09-27 14:45:12,48,52,10901,32266
2023-09-27 14:45:12,48,51,10901,32266
2023-09-27 14:45:12,49,51,10901,32266
2023-09-27 14:45:21,50,51,10901,32266
2023-09-27 14:45:22,49,51,10901,32266
2023-09-27 14:45:30,49,50,10901,32266
2023-09-27 14:45:34,48,50,10901,32266
2023-09-27 14:45:36,48,49,10901,32266
2023-09-27 14:45:36,49,50,10901,32458
2023-09-27 14:45:37,48,50,10901,32458
2023-09-27 14:45:43,48,51,10901,32458
2023-09-27 14:45:43,49,51,10901,32458
2023-09-27 14:45:46,48,51,10901,32458
2023-09-27 14:45:46,48,50,10901,32458
2023-09-27 14:45:49,48,49,10901,32458
2023-09-27 14:45:52,48,50,10901,32458
2023-09-27 14:46:02,48,51,10901,32458
2023-09-27 14:46:02,50,51,10901,32458
2023-09-27 14:46:07,51,52,10901,32458
2023-09-27 14:46:20,51,52,10901,32658
2023-09-27 14:46:20,50,52,10901,32658
2023-09-27 14:46:20,51,52,10901,32658
2023-09-27 14:46:21,50,51,10901,32660
2023-09-27 14:46:21,50,51,10901,32661
2023-09-27 14:46:29,50,52,10901,32661
2023-09-27 14:46:37,51,52,10901,32661
2023-09-27 14:46:45,50,52,10901,32661
2023-09-27 14:46:47,51,52,10901,32661
2023-09-27 14:46:48,50,52,10901,32661
2023-09-27 14:46:50,51,52,10901,32661
2023-09-27 14:46:55,50,52,10901,32661
2023-09-27 14:46:57,51,52,10901,32661
2023-09-27 14:47:12,50,51,10901,32663
2023-09-27 14:47:14,50,52,10901,32663
2023-09-27 14:47:17,50,52,10901,32813
2023-09-27 14:47:18,51,52,10901,32813
2023-09-27 14:47:28,52,53,10901,32816
2023-09-27 14:47:28,52,54,10901,32816
2023-09-27 14:47:29,52,54,10901,32818
2023-09-27 14:47:33,51,54,10901,32818
2023-09-27 14:47:35,51,53,10901,32818
2023-09-27 14:47:37,50,53,10901,32818
2023-09-27 14:47:39,50,52,10901,32818
2023-09-27 14:47:46,50,53,10901,32818
2023-09-27 14:47:48,51,53,10901,32818
2023-09-27 14:47:54,51,54,10901,32818
2023-09-27 14:47:58,52,54,10901,32818
2023-09-27 14:48:04,53,54,10901,32818
2023-09-27 14:48:08,53,55,10901,32818
2023-09-27 14:48:10,53,56,10901,33018
2023-09-27 14:48:11,53,55,10901,33018
2023-09-27 14:48:11,54,55,10901,33018
2023-09-27 14:48:12,54,56,10901,33018
2023-09-27 14:48:12,55,56,10901,33018
2023-09-27 14:48:13,55,56,10901,33078
2023-09-27 14:48:13,54,56,10901,33078
2023-09-27 14:48:15,54,55,10901,33078
2023-09-27 14:48:15,53,55,10901,33078
2023-09-27 14:48:27,54,55,10901,33078
2023-09-27 14:48:35,54,56,10901,33078
2023-09-27 14:48:52,54,55,10901,33078
2023-09-27 14:48:53,54,56,10901,33078
2023-09-27 14:48:59,54,55,10901,33078
2023-09-27 14:49:02,54,56,10901,33078
2023-09-27 14:49:03,54,55,10901,33078
2023-09-27 14:49:16,54,56,10901,33078
2023-09-27 14:49:18,54,55,10901,33078
2023-09-27 14:49:21,54,56,10901,33078
2023-09-27 14:49:24,54,55,10901,33078
2023-09-27 14:49:26,54,56,10901,33078
2023-09-27 14:49:53,55,56,10901,33078
2023-09-27 14:49:55,55,57,10901,33078
2023-09-27 14:50:06,55,56,10901,33078
2023-09-27 14:50:07,55,57,10901,33078
2023-09-27 14:50:50,55,56,10901,33078
2023-09-27 14:50:51,55,57,10901,33078
2023-09-27 14:50:57,56,57,10901,33078
2023-09-27 14:52:04,55,57,10901,33078
2023-09-27 14:52:08,56,57,10901,33078
2023-09-27 14:52:10,56,58,10901,33078
2023-09-27 14:52:17,57,58,10901,33078
2023-09-27 14:52:26,56,58,10901,33078
2023-09-27 14:52:29,56,57,10901,33078
2023-09-27 14:52:40,56,58,10901,33078
2023-09-27 14:53:17,56,57,10901,33078
2023-09-27 14:53:20,56,57,10901,33278
2023-09-27 14:53:20,55,57,10901,33278
2023-09-27 14:53:25,54,57,10901,33278
2023-09-27 14:53:25,54,56,10901,33278
2023-09-27 14:53:43,55,56,10901,33278
2023-09-27 14:53:45,55,57,10901,33278
2023-09-27 14:53:52,56,57,10901,33278
2023-09-27 14:53:55,57,58,10901,33282
2023-09-27 14:53:58,56,58,10901,33282
2023-09-27 14:54:01,56,57,10901,33282
2023-09-27 14:54:04,56,58,10901,33282
2023-09-27 14:54:17,56,57,10901,33282
2023-09-27 14:54:21,56,58,10901,33282
2023-09-27 14:54:23,56,57,10901,33282
2023-09-27 14:54:24,56,58,10901,33282
2023-09-27 14:54:45,56,57,10901,33282
2023-09-27 14:54:47,56,57,10901,33482
2023-09-27 14:54:52,54,56,10901,33485
2023-09-27 14:54:56,54,57,10901,33485
2023-09-27 14:54:58,55,57,10901,33485
2023-09-27 14:54:59,54,57,10901,33485
2023-09-27 14:55:01,54,56,10901,33485
2023-09-27 14:55:14,55,56,10901,33485
2023-09-27 14:55:15,54,56,10901,33485
2023-09-27 14:55:18,54,57,10901,33485
2023-09-27 14:55:18,55,57,10901,33485
2023-09-27 14:55:20,54,57,10901,33485
2023-09-27 14:55:21,54,56,10901,33485
2023-09-27 14:55:30,54,55,10901,33485
2023-09-27 14:55:32,53,55,10901,33485
2023-09-27 14:55:36,53,54,10901,33485
2023-09-27 14:55:37,52,54,10901,33485
2023-09-27 14:55:37,52,54,10901,33488
2023-09-27 14:55:38,52,53,10901,33488
2023-09-27 14:55:52,52,53,10901,33688
2023-09-27 14:55:52,52,54,10901,33688
2023-09-27 14:55:53,53,54,10901,33688
2023-09-27 14:55:54,52,54,10901,33688
2023-09-27 14:55:56,53,54,10901,33688
2023-09-27 14:55:57,52,54,10901,33688
2023-09-27 14:55:58,53,54,10901,33688
2023-09-27 14:56:00,53,55,10901,33688
2023-09-27 14:56:06,54,55,10901,33688
2023-09-27 14:56:06,54,56,10901,33688
2023-09-27 14:56:07,54,57,10901,33688
2023-09-27 14:56:10,55,57,10901,33688
2023-09-27 14:56:13,55,56,10901,33688
2023-09-27 14:56:15,55,56,10901,33698
2023-09-27 14:56:24,55,57,10901,33698
2023-09-27 14:56:34,56,57,10901,33698
2023-09-27 14:57:03,55,56,10901,33946
2023-09-27 14:57:05,54,56,10901,33946
2023-09-27 14:57:05,54,55,10901,33946
2023-09-27 14:57:22,54,56,10901,33946
2023-09-27 14:57:23,54,55,10901,33946
2023-09-27 14:57:24,54,56,10901,33946
2023-09-27 14:57:25,54,55,10901,33946
2023-09-27 14:57:27,54,56,10901,33946
2023-09-27 14:57:33,55,56,10901,33946
2023-09-27 14:57:34,54,56,10901,33946
2023-09-27 14:57:35,54,55,10901,33946
2023-09-27 14:58:01,54,55,10901,34346
2023-09-27 14:58:02,53,54,10901,34347
2023-09-27 14:58:04,54,55,10901,34534
2023-09-27 14:58:08,54,56,10901,34534
2023-09-27 14:58:09,53,56,10901,34809
2023-09-27 14:58:09,53,55,10901,34809
2023-09-27 14:58:09,53,54,10901,34809
2023-09-27 14:58:10,52,54,10901,34809
2023-09-27 14:58:10,52,54,10901,34812
2023-09-27 14:58:10,52,54,10901,34813
2023-09-27 14:58:12,52,55,10901,34813
2023-09-27 14:58:12,53,55,10901,34813
2023-09-27 14:58:13,53,54,10901,34813
2023-09-27 14:58:16,53,55,10901,34813
2023-09-27 14:58:18,53,54,10901,34813
2023-09-27 14:58:27,53,55,10901,34813
2023-09-27 14:58:31,53,54,10901,34813
2023-09-27 14:58:31,53,55,10901,34913
2023-09-27 14:58:35,53,54,10901,34913
2023-09-27 14:59:03,53,55,10901,34913
2023-09-27 14:59:04,53,54,10901,34913
2023-09-27 14:59:11,52,53,10901,34917
2023-09-27 14:59:11,52,53,10901,34918
2023-09-27 14:59:22,52,54,10901,34918
2023-09-27 14:59:23,52,53,10901,34918
2023-09-27 14:59:28,52,54,10901,34918
2023-09-27 14:59:32,52,53,10901,34918
2023-09-27 14:59:34,52,53,10901,35118
2023-09-27 14:59:34,52,54,10901,35118
2023-09-27 14:59:42,53,54,10901,35118
2023-09-27 14:59:45,53,55,10901,35118
2023-09-27 14:59:46,52,55,10901,35118
2023-09-27 14:59:46,52,54,10901,35118
2023-09-27 14:59:52,53,54,10901,35118
2023-09-27 15:00:01,53,55,10901,35118
2023-09-27 15:00:01,52,55,10901,35118
2023-09-27 15:00:01,52,54,10901,35118
2023-09-27 15:00:02,52,55,10901,35118
2023-09-27 15:00:02,53,55,10901,35118
2023-09-27 15:00:03,52,55,10901,35118
2023-09-27 15:00:03,52,54,10901,35118
2023-09-27 15:00:04,53,54,10901,35118
2023-09-27 15:00:07,52,53,10901,35122
2023-09-27 15:00:11,52,54,10901,35122
2023-09-27 15:00:14,52,53,10901,35122
2023-09-27 15:00:16,52,54,10901,35122
2023-09-27 15:00:17,52,53,10901,35122
2023-09-27 15:00:18,52,54,10901,35122
2023-09-27 15:00:19,53,54,10901,35122
2023-09-27 15:00:21,52,54,10901,35122
2023-09-27 15:00:22,52,53,10901,35122
2023-09-27 15:00:23,52,54,10901,35122
2023-09-27 15:00:31,53,54,10901,35122
2023-09-27 15:00:38,53,56,10901,35122
2023-09-27 15:00:39,53,54,10901,35122
2023-09-27 15:00:39,54,56,10901,35131
2023-09-27 15:00:47,54,57,10901,35131
2023-09-27 15:00:48,54,56,10901,35131
2023-09-27 15:00:51,54,55,10901,35131
2023-09-27 15:00:52,54,56,10901,35131
2023-09-27 15:00:54,53,56,10901,35131
2023-09-27 15:00:54,53,55,10901,35131
2023-09-27 15:01:04,53,54,10901,35131
2023-09-27 15:01:14,52,53,10901,35134
2023-09-27 15:01:14,51,53,10901,35134
2023-09-27 15:01:15,51,52,10901,35134
2023-09-27 15:01:21,50,52,10901,35134
2023-09-27 15:01:23,50,51,10901,35134
2023-09-27 15:01:24,49,51,10901,35134
2023-09-27 15:01:24,49,50,10901,35134
2023-09-27 15:01:24,48,50,10901,35134
2023-09-27 15:01:24,48,50,10901,35137
2023-09-27 15:01:24,49,50,10901,35137
2023-09-27 15:01:27,49,50,10901,35337
2023-09-27 15:01:28,48,50,10901,35337
2023-09-27 15:01:33,48,49,10901,35337
2023-09-27 15:01:41,48,49,10901,35537
2023-09-27 15:01:42,48,51,10901,35537
2023-09-27 15:01:42,49,51,10901,35537
2023-09-27 15:01:57,49,50,10901,35537
2023-09-27 15:02:01,48,50,10901,35537
2023-09-27 15:02:01,48,49,10901,35537
2023-09-27 15:02:04,48,50,10901,35537
2023-09-27 15:02:05,48,50,10901,35551
2023-09-27 15:02:13,48,49,10901,35551
2023-09-27 15:02:13,47,49,10901,35551
2023-09-27 15:02:25,46,49,10901,35551
2023-09-27 15:02:26,46,48,10901,35551
2023-09-27 15:02:27,46,47,10901,35551
2023-09-27 15:02:28,45,47,10901,35551
2023-09-27 15:02:31,46,47,10901,35551
2023-09-27 15:02:32,46,48,10901,35551
2023-09-27 15:02:34,47,48,10901,35551
2023-09-27 15:02:34,47,49,10901,35551
2023-09-27 15:02:34,47,50,10901,35551
2023-09-27 15:02:35,47,49,10901,35551
2023-09-27 15:02:38,48,49,10901,35551
2023-09-27 15:02:39,48,50,10901,35551
2023-09-27 15:02:41,48,49,10901,35551
2023-09-27 15:02:42,48,50,10901,35551
2023-09-27 15:02:44,48,49,10901,35551
2023-09-27 15:02:54,48,50,10901,35551
2023-09-27 15:03:05,48,49,10901,35551
2023-09-27 15:03:34,47,48,10901,35559
2023-09-27 15:03:35,47,49,10901,35559
2023-09-27 15:03:51,47,49,10901,35568
2023-09-27 15:03:54,47,48,10901,35568
2023-09-27 15:03:55,46,48,10901,35568
2023-09-27 15:03:55,45,48,10901,35568
2023-09-27 15:03:56,45,47,10901,35568
2023-09-27 15:04:01,45,47,10901,35643
2023-09-27 15:04:01,45,46,10901,35643
2023-09-27 15:04:01,42,46,10901,35643
2023-09-27 15:04:01,42,45,10901,35643
2023-09-27 15:04:02,42,45,10901,35651
2023-09-27 15:04:02,42,44,10901,35651
2023-09-27 15:04:02,43,44,10901,35651
2023-09-27 15:04:03,42,44,10901,35651
2023-09-27 15:04:04,42,43,10901,35651
2023-09-27 15:04:14,41,43,10901,35651
2023-09-27 15:04:14,40,43,10901,35651
2023-09-27 15:04:14,40,42,10901,35651
2023-09-27 15:04:15,40,41,10901,35651
2023-09-27 15:04:16,40,42,10901,35651
2023-09-27 15:04:17,41,42,10901,35651
2023-09-27 15:04:17,41,43,10901,35651
2023-09-27 15:04:18,42,43,10901,35651
2023-09-27 15:04:19,41,43,10901,35651
2023-09-27 15:04:19,42,43,10901,35651
2023-09-27 15:04:19,42,45,10901,35651
2023-09-27 15:04:19,42,44,10901,35651
2023-09-27 15:04:21,41,44,10901,35651
2023-09-27 15:04:21,41,43,10901,35651
2023-09-27 15:04:26,41,42,10901,35651
2023-09-27 15:04:27,41,43,10901,35726
2023-09-27 15:04:35,41,42,10901,35726
2023-09-27 15:04:39,39,41,10901,35728
2023-09-27 15:04:40,38,40,10901,35728
2023-09-27 15:04:41,38,39,10901,35728
2023-09-27 15:04:47,36,39,10901,35728
2023-09-27 15:04:48,36,38,10901,35728
2023-09-27 15:04:48,36,38,10901,35730
2023-09-27 15:04:51,36,37,10901,35730
2023-09-27 15:04:54,35,37,10901,35730
2023-09-27 15:04:56,35,36,10901,35730
2023-09-27 15:04:58,34,36,10901,35805
2023-09-27 15:04:59,34,35,10901,35805
2023-09-27 15:04:59,34,35,10901,35925
2023-09-27 15:05:07,33,35,10901,36125
2023-09-27 15:05:08,33,34,10901,36125
2023-09-27 15:05:14,32,34,10901,36125
2023-09-27 15:05:16,32,33,10901,36125
2023-09-27 15:05:27,31,33,10901,36125
2023-09-27 15:05:28,31,32,10901,36125
2023-09-27 15:05:31,31,33,10901,36125
2023-09-27 15:05:31,32,33,10901,36125
2023-09-27 15:05:43,32,33,10901,36155
2023-09-27 15:05:45,32,34,10901,36155
2023-09-27 15:05:46,32,35,10901,36155
2023-09-27 15:05:46,33,35,10901,36155
2023-09-27 15:05:47,33,36,10901,36155
2023-09-27 15:05:47,34,36,10901,36155
2023-09-27 15:05:54,34,37,10901,36155
2023-09-27 15:05:55,35,37,10901,36155
2023-09-27 15:06:03,35,36,10901,36155
2023-09-27 15:06:20,33,35,10901,36158
2023-09-27 15:06:23,32,35,10901,36158
2023-09-27 15:06:24,32,34,10901,36158
2023-09-27 15:06:26,32,33,10901,36158
2023-09-27 15:06:29,31,33,10901,36158
2023-09-27 15:06:36,30,33,10901,36158
2023-09-27 15:06:36,30,32,10901,36158
2023-09-27 15:06:37,29,32,10901,36358
2023-09-27 15:06:38,29,31,10901,36358
2023-09-27 15:06:38,29,30,10901,36358
2023-09-27 15:06:45,28,30,10901,36358
2023-09-27 15:06:45,28,29,10901,36358
2023-09-27 15:06:47,27,29,10901,36358
2023-09-27 15:07:00,27,29,10901,36388
2023-09-27 15:07:00,27,29,10901,36391
2023-09-27 15:07:03,27,29,10902,36392
2023-09-27 15:07:03,27,29,10903,36393
2023-09-27 15:07:05,26,29,10903,36393
2023-09-27 15:07:15,26,28,10903,36393
2023-09-27 15:07:16,26,29,10903,36393
2023-09-27 15:07:16,26,28,10903,36393
2023-09-27 15:07:16,26,27,10903,36393
2023-09-27 15:07:20,26,27,10904,36394
2023-09-27 15:07:21,26,27,10904,36444
2023-09-27 15:07:21,26,29,10904,36444
2023-09-27 15:07:22,27,29,10904,36444
2023-09-27 15:07:23,27,28,10904,36444
2023-09-27 15:07:24,26,28,10904,36444
2023-09-27 15:07:26,27,28,10904,36444
2023-09-27 15:07:26,27,29,10904,36444
2023-09-27 15:07:28,27,28,10904,36444
2023-09-27 15:07:29,27,29,10904,36444
2023-09-27 15:07:30,27,28,10904,36444
2023-09-27 15:07:33,26,28,10904,36444
2023-09-27 15:07:37,26,27,10904,36444
2023-09-27 15:07:37,24,27,10904,36444
2023-09-27 15:07:38,24,26,10904,36444
2023-09-27 15:07:38,24,26,10905,36445
2023-09-27 15:07:42,24,25,10905,36445
2023-09-27 15:07:42,22,24,10905,36446
2023-09-27 15:07:45,22,23,10905,36446
2023-09-27 15:07:45,21,23,10905,36446
2023-09-27 15:07:46,21,22,10905,36446
2023-09-27 15:07:55,21,22,10906,36447
2023-09-27 15:07:57,20,21,11105,36646
2023-09-27 15:08:05,20,21,11105,36647
2023-09-27 15:08:14,20,21,11106,36648
2023-09-27 15:08:14,20,21,11107,36649
2023-09-27 15:08:19,20,22,11107,36649
2023-09-27 15:08:19,21,22,11107,36649
2023-09-27 15:08:21,21,22,11107,36749
2023-09-27 15:08:22,21,25,11107,36749
2023-09-27 15:08:23,21,24,11107,36749
2023-09-27 15:08:23,22,24,11107,36749
2023-09-27 15:08:26,22,23,11107,36749
2023-09-27 15:08:27,22,24,11107,36749
2023-09-27 15:08:28,23,24,11107,36749
2023-09-27 15:08:31,23,24,11108,36750
2023-09-27 15:08:32,23,26,11108,36750
2023-09-27 15:08:33,23,25,11108,36750
2023-09-27 15:08:36,23,26,11108,36750
2023-09-27 15:08:37,24,26,11108,36750
2023-09-27 15:08:38,23,25,11108,36750
2023-09-27 15:08:40,23,24,11108,36750
2023-09-27 15:08:49,23,24,11109,36751
2023-09-27 15:08:50,21,23,11109,36752
2023-09-27 15:08:50,21,23,11109,36753
2023-09-27 15:09:01,21,24,11109,36753
2023-09-27 15:09:03,21,23,11109,36753
2023-09-27 15:09:03,21,22,11109,36753
2023-09-27 15:09:10,21,24,11109,36753
2023-09-27 15:09:11,22,24,11109,36753
2023-09-27 15:09:17,23,24,11109,36753
2023-09-27 15:09:18,24,25,11109,36756
2023-09-27 15:09:18,24,27,11109,36756
2023-09-27 15:09:19,24,26,11109,36756
2023-09-27 15:09:21,24,25,11109,36756
2023-09-27 15:09:26,23,25,11109,36756
2023-09-27 15:09:47,24,25,11109,36756
2023-09-27 15:09:52,23,25,11109,36756
2023-09-27 15:10:20,22,25,11109,36756
2023-09-27 15:10:20,22,24,11109,36756
2023-09-27 15:10:21,22,23,11109,36756
2023-09-27 15:10:36,21,22,11109,36759
2023-09-27 15:10:36,21,22,11109,36865
2023-09-27 15:10:42,20,22,11109,36865
2023-09-27 15:10:46,19,20,11109,36937
2023-09-27 15:10:46,18,20,11109,36937
2023-09-27 15:10:46,18,19,11109,36937
2023-09-27 15:10:54,17,19,11109,37137
2023-09-27 15:10:55,17,18,11109,37137
2023-09-27 15:11:03,17,18,11109,37337
2023-09-27 15:11:03,18,19,11109,37364
2023-09-27 15:11:03,18,20,11109,37364
2023-09-27 15:11:04,18,20,11109,37367
2023-09-27 15:11:05,19,20,11109,37367
2023-09-27 15:11:07,18,20,11109,37367
2023-09-27 15:11:08,19,20,11109,37367
2023-09-27 15:11:08,19,20,11110,37368
2023-09-27 15:11:08,19,20,11110,37568
2023-09-27 15:11:09,18,20,11110,37568
2023-09-27 15:11:09,17,20,11110,37568
2023-09-27 15:11:09,17,19,11110,37568
2023-09-27 15:11:10,17,18,11110,37568
2023-09-27 15:11:14,17,18,11110,37768
2023-09-27 15:11:15,17,20,11110,37768
2023-09-27 15:11:16,17,19,11110,37768
2023-09-27 15:11:25,17,19,11111,37769
2023-09-27 15:11:31,17,18,11111,37769
2023-09-27 15:11:51,17,18,11112,37770
2023-09-27 15:12:08,17,18,11113,37771
2023-09-27 15:12:14,15,17,11113,37774
2023-09-27 15:12:22,15,16,11113,37774
2023-09-27 15:12:25,15,17,11113,37774
2023-09-27 15:12:26,15,17,11114,37775
2023-09-27 15:12:31,15,17,11114,38175
2023-09-27 15:12:32,14,17,11114,38175
2023-09-27 15:12:32,14,16,11114,38175
2023-09-27 15:12:33,14,15,11114,38175
2023-09-27 15:12:40,14,16,11114,38175
2023-09-27 15:12:44,15,16,11114,38175
2023-09-27 15:12:47,14,16,11114,38175
2023-09-27 15:12:48,14,15,11114,38175
2023-09-27 15:12:50,13,15,11114,38175
2023-09-27 15:12:51,14,15,11114,38175
2023-09-27 15:13:02,13,15,11114,38175
2023-09-27 15:13:03,13,14,11114,38175
2023-09-27 15:13:03,12,14,11114,38175
2023-09-27 15:13:03,11,14,11114,38175
2023-09-27 15:13:04,11,15,11114,38175
2023-09-27 15:13:04,11,13,11114,38175
2023-09-27 15:13:04,12,13,11114,38175
2023-09-27 15:13:05,12,13,11114,38185
2023-09-27 15:13:12,11,13,11114,38185
2023-09-27 15:13:12,11,14,11114,38185
2023-09-27 15:13:12,11,12,11114,38185
2023-09-27 15:13:24,11,15,11114,38185
2023-09-27 15:13:24,11,13,11114,38185
2023-09-27 15:13:24,12,13,11114,38185
2023-09-27 15:13:25,11,13,11114,38185
2023-09-27 15:13:26,11,12,11114,38185
2023-09-27 15:13:30,11,13,11114,38185
2023-09-27 15:13:30,12,13,11114,38185
2023-09-27 15:13:35,12,15,11114,38185
2023-09-27 15:13:35,12,14,11114,38185
2023-09-27 15:13:40,13,14,11114,38185
2023-09-27 15:13:42,13,15,11114,38185
2023-09-27 15:13:50,13,18,11114,38185
2023-09-27 15:13:50,14,18,11114,38185
2023-09-27 15:13:50,14,16,11114,38185
2023-09-27 15:13:51,15,16,11114,38185
2023-09-27 15:13:53,15,18,11114,38185
2023-09-27 15:13:53,15,17,11114,38185
2023-09-27 15:13:55,16,17,11114,38185
2023-09-27 15:14:01,16,20,11114,38185
2023-09-27 15:14:01,16,19,11114,38185
2023-09-27 15:14:02,17,19,11114,38185
2023-09-27 15:14:02,18,20,11114,38185
2023-09-27 15:14:03,19,20,11114,38185
2023-09-27 15:14:07,19,22,11114,38185
2023-09-27 15:14:07,19,21,11114,38185
2023-09-27 15:14:17,19,23,11114,38185
2023-09-27 15:14:17,19,22,11114,38185
2023-09-27 15:14:17,20,22,11114,38185
2023-09-27 15:14:18,20,23,11114,38185
2023-09-27 15:14:18,21,23,11114,38185
2023-09-27 15:14:19,22,23,11114,38185
2023-09-27 15:14:21,21,23,11114,38185
2023-09-27 15:14:22,21,22,11114,38185
2023-09-27 15:14:25,21,23,11114,38185
2023-09-27 15:14:27,21,22,11114,38185
2023-09-27 15:14:30,21,23,11114,38185
2023-09-27 15:14:32,22,23,11114,38185
2023-09-27 15:14:32,22,24,11114,38185
2023-09-27 15:14:34,22,25,11114,38185
2023-09-27 15:14:38,23,25,11114,38185
2023-09-27 15:14:41,25,26,10839,38460
2023-09-27 15:14:47,23,26,10839,38460
2023-09-27 15:14:49,24,26,10839,38460
2023-09-27 15:14:50,25,26,10839,38460
2023-09-27 15:15:01,24,26,10839,38460
2023-09-27 15:15:02,24,25,10839,38460
2023-09-27 15:15:09,24,26,10839,38460
2023-09-27 15:15:14,25,26,10839,38460
2023-09-27 15:15:15,25,27,10839,38460
2023-09-27 15:15:15,26,27,10839,38460
2023-09-27 15:15:30,26,28,10839,38460
2023-09-27 15:15:31,26,29,10839,38460
2023-09-27 15:15:31,27,29,10839,38460
2023-09-27 15:15:31,28,29,10839,38460
2023-09-27 15:15:35,28,30,10839,38460
2023-09-27 15:15:35,29,30,10839,38460
2023-09-27 15:15:36,29,31,10839,38460
2023-09-27 15:15:37,29,32,10839,38460
2023-09-27 15:15:37,30,32,10839,38460
2023-09-27 15:15:37,31,32,10839,38460
2023-09-27 15:15:58,31,32,10839,38660
2023-09-27 15:16:08,29,31,10839,38667
2023-09-27 15:16:08,29,30,10839,38667
2023-09-27 15:16:09,29,32,10839,38667
2023-09-27 15:16:10,30,32,10839,38667
2023-09-27 15:16:10,30,31,10839,38667
2023-09-27 15:16:11,30,32,10839,38667
2023-09-27 15:16:14,29,32,10839,38667
2023-09-27 15:16:14,29,31,10839,38667
2023-09-27 15:16:26,29,32,10839,38667
2023-09-27 15:16:26,30,32,10839,38667
2023-09-27 15:16:35,31,32,10839,38667
2023-09-27 15:16:38,30,32,10839,38667
2023-09-27 15:16:41,31,32,10839,38667
2023-09-27 15:16:44,30,32,10839,38667
2023-09-27 15:16:48,31,32,10839,38667
2023-09-27 15:16:49,31,32,10839,38767
2023-09-27 15:16:49,31,34,10839,38767
2023-09-27 15:16:49,32,34,10839,38767
2023-09-27 15:16:50,32,33,10839,38767
2023-09-27 15:16:51,32,34,10839,38767
2023-09-27 15:16:52,32,33,10839,38767
2023-09-27 15:16:54,32,34,10839,38767
2023-09-27 15:16:56,33,34,10839,38767
2023-09-27 15:16:56,33,35,10839,38767
2023-09-27 15:16:57,34,35,10839,38767
2023-09-27 15:17:04,34,35,10839,38967
2023-09-27 15:17:06,34,35,10639,39167
2023-09-27 15:17:20,34,36,10639,39167
2023-09-27 15:17:22,35,36,10639,39167
2023-09-27 15:17:33,34,35,10639,39171
2023-09-27 15:17:36,34,36,10639,39171
2023-09-27 15:17:38,34,35,10639,39171
2023-09-27 15:17:44,32,35,10639,39179
2023-09-27 15:17:45,32,34,10639,39179
2023-09-27 15:17:46,32,33,10639,39179
2023-09-27 15:17:47,31,32,10639,39182
2023-09-27 15:17:47,31,32,10639,39186
2023-09-27 15:17:47,31,32,10639,39190
2023-09-27 15:17:49,30,32,10639,39382
2023-09-27 15:17:49,30,32,10639,39386
2023-09-27 15:17:50,30,31,10639,39386
2023-09-27 15:17:50,30,31,10639,39389
2023-09-27 15:17:57,31,32,10447,39581
2023-09-27 15:18:01,30,31,10447,39582
2023-09-27 15:18:01,30,31,10447,39782
2023-09-27 15:18:01,31,32,10447,39821
2023-09-27 15:18:02,31,33,10447,39821
2023-09-27 15:18:02,31,33,10447,39822
2023-09-27 15:18:08,31,34,10447,39822
2023-09-27 15:18:08,32,34,10447,39822
2023-09-27 15:18:09,33,34,10447,39822
2023-09-27 15:18:15,33,35,10447,39822
2023-09-27 15:18:16,34,35,10447,39822
2023-09-27 15:18:17,35,36,10447,39822
2023-09-27 15:18:24,35,37,10451,39826
2023-09-27 15:18:24,36,37,10451,39826
2023-09-27 15:18:30,36,38,10451,40026
2023-09-27 15:18:31,37,38,10451,40026
2023-09-27 15:18:40,37,38,10447,40030
2023-09-27 15:18:46,37,39,10447,40030
2023-09-27 15:18:50,37,38,10447,40030
2023-09-27 15:18:52,37,39,10447,40070
2023-09-27 15:18:54,37,39,10447,40320
2023-09-27 15:18:54,37,38,10447,40320
2023-09-27 15:18:56,37,38,10207,40560
2023-09-27 15:19:05,37,39,10207,40801
2023-09-27 15:19:06,37,38,10207,40801
2023-09-27 15:19:11,37,39,10207,40801
2023-09-27 15:19:12,38,39,10207,40801
2023-09-27 15:19:13,38,40,10207,40801
2023-09-27 15:19:14,38,41,10207,40801
2023-09-27 15:19:14,39,41,10207,40801
2023-09-27 15:19:15,40,41,10207,40801
2023-09-27 15:19:15,40,42,10207,40801
2023-09-27 15:19:16,41,42,10207,40801
2023-09-27 15:19:27,41,44,10207,40801
2023-09-27 15:19:27,42,44,10207,40801
2023-09-27 15:19:31,42,43,10207,40801
2023-09-27 15:19:32,42,44,10207,40801
2023-09-27 15:19:40,42,43,10207,40801
2023-09-27 15:19:42,41,42,10207,40811
2023-09-27 15:19:43,40,42,10207,40811
2023-09-27 15:19:48,40,43,10207,40811
2023-09-27 15:19:53,40,42,10207,40811
2023-09-27 15:19:54,40,43,10207,40811
2023-09-27 15:19:56,41,43,10207,40811
2023-09-27 15:19:57,40,43,10207,40811
2023-09-27 15:20:02,40,42,10207,40811
2023-09-27 15:20:02,39,42,10207,40811
2023-09-27 15:20:05,38,42,10207,40811
2023-09-27 15:20:05,38,41,10207,40811
2023-09-27 15:20:06,38,41,10207,40821
2023-09-27 15:20:08,37,41,10207,40821
2023-09-27 15:20:08,37,40,10207,40821
2023-09-27 15:20:09,36,40,10207,40821
2023-09-27 15:20:09,36,39,10207,40821
2023-09-27 15:20:10,36,38,10207,40821
2023-09-27 15:20:12,36,37,10207,40821
2023-09-27 15:20:13,36,38,10207,40821
2023-09-27 15:20:14,36,37,10207,40821
2023-09-27 15:20:15,36,38,10207,40821
2023-09-27 15:20:17,36,37,10207,40821
2023-09-27 15:20:19,36,38,10207,40821
2023-09-27 15:20:30,36,37,10207,40821
2023-09-27 15:20:31,36,38,10207,40821
2023-09-27 15:20:33,36,37,10207,40821
2023-09-27 15:20:38,35,37,10207,40821
2023-09-27 15:20:41,36,37,10207,40821
2023-09-27 15:20:42,36,38,10207,40821
2023-09-27 15:20:42,36,40,10207,40821
2023-09-27 15:20:43,37,40,10207,40821
2023-09-27 15:20:43,38,40,10207,40821
2023-09-27 15:20:44,38,42,10207,40821
2023-09-27 15:20:44,39,42,10207,40821
2023-09-27 15:20:45,39,41,10207,40821
2023-09-27 15:20:50,39,40,10207,40821
2023-09-27 15:20:54,39,41,10207,40821
2023-09-27 15:20:56,39,40,10207,40821
2023-09-27 15:21:03,40,41,9968,41060
2023-09-27 15:21:06,39,41,9968,41060
2023-09-27 15:21:12,39,40,9968,41060
2023-09-27 15:21:14,39,41,9968,41060
2023-09-27 15:21:15,39,43,9968,41060
2023-09-27 15:21:17,39,42,9968,41060
2023-09-27 15:21:20,39,41,9968,41060
2023-09-27 15:21:31,39,40,9968,41060
2023-09-27 15:21:32,37,40,9968,41060
2023-09-27 15:21:32,36,40,9968,41060
2023-09-27 15:21:33,37,40,9968,41060
2023-09-27 15:21:33,37,39,9968,41060
2023-09-27 15:21:34,35,39,9968,41060
2023-09-27 15:21:34,35,38,9968,41060
2023-09-27 15:21:34,36,38,9968,41060
2023-09-27 15:21:36,35,38,9968,41060
2023-09-27 15:21:37,35,37,9968,41060
2023-09-27 15:21:38,35,37,9968,41061
2023-09-27 15:21:45,35,36,9968,41061
2023-09-27 15:21:55,35,37,9968,41061
2023-09-27 15:21:57,35,36,9968,41061
2023-09-27 15:21:57,34,36,9968,41061
2023-09-27 15:22:04,33,36,9968,41061
2023-09-27 15:22:05,33,35,9968,41061
2023-09-27 15:22:06,33,34,9968,41061
2023-09-27 15:22:08,32,34,9968,41061
2023-09-27 15:22:09,32,33,9968,41061
2023-09-27 15:22:16,32,34,9968,41061
2023-09-27 15:22:17,33,34,9968,41061
2023-09-27 15:22:17,33,37,9968,41261
2023-09-27 15:22:17,33,38,9968,41261
2023-09-27 15:22:17,34,38,9968,41261
2023-09-27 15:22:18,34,37,9968,41261
2023-09-27 15:22:18,35,36,9968,41261
2023-09-27 15:22:23,35,37,9968,41261
2023-09-27 15:22:23,35,38,9968,41261
2023-09-27 15:22:24,35,39,9968,41261
2023-09-27 15:22:24,36,39,9968,41261
2023-09-27 15:22:25,37,39,9968,41261
2023-09-27 15:22:26,38,39,9968,41261
2023-09-27 15:22:37,38,39,9968,41461
2023-09-27 15:22:41,37,38,9968,41464
2023-09-27 15:22:47,35,38,9968,41464
2023-09-27 15:22:47,35,37,9968,41464
2023-09-27 15:22:57,36,37,9968,41464
2023-09-27 15:23:00,36,38,9968,41464
2023-09-27 15:23:01,36,37,9968,41464
2023-09-27 15:23:02,35,37,9968,41464
2023-09-27 15:23:02,35,38,9968,41464
2023-09-27 15:23:02,35,36,9968,41464
2023-09-27 15:23:06,35,38,9968,41464
2023-09-27 15:23:06,35,37,9968,41464
2023-09-27 15:23:07,36,37,9968,41464
2023-09-27 15:23:09,34,37,9968,41464
2023-09-27 15:23:09,34,36,9968,41464
2023-09-27 15:23:10,34,36,9968,41470
2023-09-27 15:23:18,34,35,9968,41470
2023-09-27 15:23:18,33,35,9968,41470
2023-09-27 15:23:19,33,34,9968,41470
2023-09-27 15:23:23,33,35,9968,41470
2023-09-27 15:23:25,34,35,9968,41470
2023-09-27 15:23:31,34,36,9968,41470
2023-09-27 15:23:33,34,35,9968,41470
2023-09-27 15:23:43,34,36,9968,41470
2023-09-27 15:23:44,35,36,9968,41470
2023-09-27 15:23:44,35,37,9968,41470
2023-09-27 15:23:45,36,37,9968,41470
2023-09-27 15:23:45,36,39,9968,41470
2023-09-27 15:23:45,36,38,9968,41470
2023-09-27 15:23:48,36,39,9968,41470
2023-09-27 15:23:48,37,39,9968,41470
2023-09-27 15:23:50,37,38,9968,41470
2023-09-27 15:23:51,37,39,9968,41470
2023-09-27 15:23:53,37,38,9968,41470
2023-09-27 15:23:54,36,38,9968,41470
2023-09-27 15:23:56,36,38,9968,41670
2023-09-27 15:23:56,37,38,9968,41670
2023-09-27 15:23:56,37,40,9968,41670
2023-09-27 15:23:58,38,40,9968,41670
2023-09-27 15:24:00,38,39,9968,41670
2023-09-27 15:24:03,38,39,9968,41870
2023-09-27 15:24:06,37,38,9968,41872
2023-09-27 15:24:17,36,37,9968,41875
2023-09-27 15:24:19,36,37,9968,41947
2023-09-27 15:24:19,34,37,9968,41947
2023-09-27 15:24:22,33,37,9968,41947
2023-09-27 15:24:23,33,37,9968,41952
2023-09-27 15:24:23,33,36,9968,41952
2023-09-27 15:24:27,33,36,9968,41952
2023-09-27 15:24:28,34,36,9968,41952
2023-09-27 15:24:29,33,36,9968,41952
2023-09-27 15:24:32,33,35,9968,41952
2023-09-27 15:24:34,32,35,9968,41952
2023-09-27 15:24:41,33,35,9968,41952
2023-09-27 15:24:50,33,36,9968,41952
2023-09-27 15:24:53,33,35,9968,41952
2023-09-27 15:24:55,34,35,9968,41952
2023-09-27 15:24:55,34,36,9968,41952
2023-09-27 15:24:55,34,37,9968,41952
2023-09-27 15:24:56,34,38,9968,41952
2023-09-27 15:24:57,35,38,9968,41952
2023-09-27 15:24:59,36,38,9968,41952
2023-09-27 15:25:02,36,39,9968,41952
2023-09-27 15:25:04,36,38,9968,41952
2023-09-27 15:25:13,36,39,9968,41952
2023-09-27 15:25:14,36,40,9968,41952
2023-09-27 15:25:15,37,40,9968,41952
2023-09-27 15:25:19,37,39,9968,41952
2023-09-27 15:25:20,37,38,9968,41952
2023-09-27 15:25:21,37,39,9968,41952
2023-09-27 15:25:23,37,38,9968,41952
2023-09-27 15:25:24,37,38,9968,42152
2023-09-27 15:25:24,36,37,9968,42190
2023-09-27 15:25:25,36,38,9968,42190
2023-09-27 15:25:27,34,38,9968,42190
2023-09-27 15:25:28,33,38,9968,42390
2023-09-27 15:25:28,33,37,9968,42390
2023-09-27 15:25:29,33,36,9968,42390
2023-09-27 15:25:29,32,36,9968,42390
2023-09-27 15:25:30,32,35,9968,42390
2023-09-27 15:25:33,32,34,9968,42390
2023-09-27 15:25:36,32,33,9968,42390
2023-09-27 15:25:37,30,33,9968,42590
2023-09-27 15:25:37,30,32,9968,42590
2023-09-27 15:25:45,31,32,9968,42590
2023-09-27 15:25:52,30,32,9968,42590
2023-09-27 15:25:53,31,32,9968,42590
2023-09-27 15:25:54,30,32,9968,42590
2023-09-27 15:25:58,29,32,9968,42590
2023-09-27 15:25:59,30,32,9968,42590
2023-09-27 15:26:04,29,32,9968,42590
2023-09-27 15:26:07,29,31,9968,42590
2023-09-27 15:26:07,29,30,9968,42590
2023-09-27 15:26:07,28,30,9968,42590
2023-09-27 15:26:08,28,29,9968,42590
2023-09-27 15:26:24,28,31,9968,42590
2023-09-27 15:26:25,28,32,9968,42590
2023-09-27 15:26:25,29,32,9968,42590
2023-09-27 15:26:25,29,31,9968,42590
2023-09-27 15:26:26,30,31,9968,42590
2023-09-27 15:26:26,30,33,9968,42590
2023-09-27 15:26:27,31,33,9968,42590
2023-09-27 15:26:33,30,33,9968,42590
2023-09-27 15:26:33,30,32,9968,42590
2023-09-27 15:26:34,31,32,9968,42590
2023-09-27 15:26:35,30,32,9968,42590
2023-09-27 15:26:38,29,32,9968,42590
2023-09-27 15:26:39,30,32,9968,42590
2023-09-27 15:26:40,29,32,9968,42590
2023-09-27 15:26:42,30,32,9968,42590
2023-09-27 15:26:43,30,33,9968,42590
2023-09-27 15:26:44,30,32,9968,42590
2023-09-27 15:26:49,30,33,9968,42590
2023-09-27 15:26:57,31,33,9968,42590
2023-09-27 15:26:57,31,34,9968,42590
2023-09-27 15:26:58,31,33,9968,42590
2023-09-27 15:26:59,30,33,9968,42590
2023-09-27 15:27:02,30,34,9968,42590
2023-09-27 15:27:03,31,34,9968,42590
2023-09-27 15:27:04,32,34,9968,42590
2023-09-27 15:27:05,32,35,9968,42590
2023-09-27 15:27:06,33,35,9968,42590
2023-09-27 15:27:09,34,35,9968,42590
2023-09-27 15:27:10,34,36,9968,42590
2023-09-27 15:27:13,34,37,9968,42590
2023-09-27 15:27:15,34,38,9968,42590
2023-09-27 15:27:15,34,39,9968,42590
2023-09-27 15:27:15,35,39,9968,42590
2023-09-27 15:27:16,35,40,9968,42590
2023-09-27 15:27:16,35,39,9968,42590
2023-09-27 15:27:16,36,39,9968,42590
2023-09-27 15:27:17,36,38,9968,42590
2023-09-27 15:27:17,37,38,9968,42590
2023-09-27 15:27:23,36,37,9968,42788
2023-09-27 15:27:23,37,38,9968,42790
2023-09-27 15:27:26,37,39,9968,42790
2023-09-27 15:27:31,36,39,9968,42790
2023-09-27 15:27:31,36,38,9968,42790
2023-09-27 15:27:34,36,37,9968,42790
2023-09-27 15:27:34,34,37,9968,42790
2023-09-27 15:27:35,34,38,9968,42790
2023-09-27 15:27:35,35,38,9968,42790
2023-09-27 15:27:37,36,38,9968,42790
2023-09-27 15:27:39,35,38,9968,42790
2023-09-27 15:27:40,36,38,9968,42790
2023-09-27 15:27:44,36,39,9968,42790
2023-09-27 15:27:46,36,41,9968,42790
2023-09-27 15:27:47,37,41,9968,42790
2023-09-27 15:27:47,37,40,9968,42790
2023-09-27 15:27:48,37,41,9968,42790
2023-09-27 15:27:48,38,41,9968,42790
2023-09-27 15:27:49,38,42,9968,42790
2023-09-27 15:27:49,38,41,9968,42790
2023-09-27 15:27:50,39,41,9968,42790
2023-09-27 15:27:51,39,40,9968,42790
2023-09-27 15:27:51,39,40,9968,42990
2023-09-27 15:27:51,38,40,9968,42990
2023-09-27 15:27:52,35,39,9968,42990
2023-09-27 15:27:52,36,39,9968,42990
2023-09-27 15:27:52,36,38,9968,42990
2023-09-27 15:27:53,36,37,9968,42990
2023-09-27 15:27:58,36,37,9968,43190
2023-09-27 15:27:58,36,38,9968,43190
2023-09-27 15:27:59,36,41,9968,43190
2023-09-27 15:27:59,36,40,9968,43190
2023-09-27 15:27:59,37,40,9968,43190
2023-09-27 15:28:05,37,41,9968,43190
2023-09-27 15:28:06,37,40,9968,43190
2023-09-27 15:28:06,37,39,9968,43190
2023-09-27 15:28:08,37,38,9968,43190
2023-09-27 15:28:14,36,38,9968,43190
2023-09-27 15:28:15,35,38,9968,43190
2023-09-27 15:28:27,35,37,9968,43190
2023-09-27 15:28:27,34,37,9968,43190
2023-09-27 15:28:28,32,37,9968,43190
2023-09-27 15:28:28,32,36,9968,43190
2023-09-27 15:28:29,32,35,9968,43190
2023-09-27 15:28:30,32,34,9968,43190
2023-09-27 15:28:35,32,35,9968,43190
2023-09-27 15:28:35,32,33,9968,43190
2023-09-27 15:28:36,31,32,9968,43390
2023-09-27 15:28:47,31,33,9968,43390
2023-09-27 15:28:49,32,33,9968,43390
2023-09-27 15:28:50,31,33,9968,43390
2023-09-27 15:28:51,32,33,9968,43390
2023-09-27 15:28:52,32,36,9968,43390
2023-09-27 15:28:53,32,35,9968,43390
2023-09-27 15:28:57,32,34,9968,43390
2023-09-27 15:28:59,32,35,9968,43390
2023-09-27 15:29:00,32,34,9968,43390
2023-09-27 15:29:04,32,36,9968,43390
2023-09-27 15:29:05,32,35,9968,43390
2023-09-27 15:29:07,32,37,9968,43390
2023-09-27 15:29:07,33,37,9968,43390
2023-09-27 15:29:08,33,36,9968,43390
2023-09-27 15:29:09,34,36,9968,43390
2023-09-27 15:29:11,33,36,9968,43390
2023-09-27 15:29:11,33,35,9968,43390
2023-09-27 15:29:21,34,35,9968,43390
2023-09-27 15:29:21,34,36,9968,43390
2023-09-27 15:29:21,34,37,9968,43390
2023-09-27 15:29:22,34,39,9968,43390
2023-09-27 15:29:22,35,39,9968,43390
2023-09-27 15:29:23,36,39,9968,43390
2023-09-27 15:29:24,36,38,9968,43390
2023-09-27 15:29:28,36,39,9968,43390
2023-09-27 15:29:28,36,40,9968,43390
2023-09-27 15:29:29,37,40,9968,43390
2023-09-27 15:29:30,38,40,9968,43390
2023-09-27 15:29:32,38,42,9968,43390
2023-09-27 15:29:33,39,42,9968,43390
2023-09-27 15:29:36,39,43,9968,43390
2023-09-27 15:29:37,40,43,9968,43390
2023-09-27 15:29:38,41,43,9968,43390
2023-09-27 15:29:46,42,43,9968,43390
2023-09-27 15:29:49,42,43,9968,43590
2023-09-27 15:29:49,41,43,9968,43590
2023-09-27 15:29:50,41,42,9968,43590
2023-09-27 15:29:50,39,42,9968,43590
2023-09-27 15:29:52,40,42,9968,43590
2023-09-27 15:29:53,41,42,9968,43590
2023-09-27 15:29:53,41,43,9968,43590
2023-09-27 15:30:01,42,43,9968,43590
2023-09-27 15:30:01,42,45,9968,43590
2023-09-27 15:30:02,42,44,9968,43590
2023-09-27 15:30:05,42,43,9968,43590
2023-09-27 15:30:06,41,43,9968,43590
2023-09-27 15:30:08,41,44,9968,43590
2023-09-27 15:30:09,43,44,9968,43590
2023-09-27 15:30:09,43,45,9968,43590
2023-09-27 15:30:12,44,45,9968,43590
2023-09-27 15:30:33,45,47,9968,43715
2023-09-27 15:30:34,46,47,9968,43715
2023-09-27 15:30:34,46,48,9968,43715
2023-09-27 15:30:35,46,50,9968,43715
2023-09-27 15:30:35,47,50,9968,43715
2023-09-27 15:30:35,48,50,9968,43715
2023-09-27 15:30:36,48,49,9968,43715
2023-09-27 15:30:37,48,50,9968,43715
2023-09-27 15:30:38,49,50,9968,43715
2023-09-27 15:30:39,48,50,9968,43715
2023-09-27 15:30:40,49,50,9968,43715
2023-09-27 15:30:41,48,50,9968,43715
2023-09-27 15:30:45,48,49,9968,43715
2023-09-27 15:30:47,48,50,9968,43715
2023-09-27 15:30:48,48,49,9968,43715
2023-09-27 15:30:49,46,49,9968,43715
2023-09-27 15:30:50,45,49,9968,43715
2023-09-27 15:30:50,46,49,9968,43715
2023-09-27 15:31:00,47,49,9968,43715
2023-09-27 15:31:00,48,49,9968,43715
2023-09-27 15:31:01,48,50,9968,43715
2023-09-27 15:31:08,48,49,9968,43715
2023-09-27 15:31:08,47,49,9968,43715
2023-09-27 15:31:13,47,48,9968,43715
2023-09-27 15:31:13,44,48,9968,43715
2023-09-27 15:31:14,44,47,9968,43715
2023-09-27 15:31:14,44,46,9968,43715
2023-09-27 15:31:19,45,46,9968,43715
2023-09-27 15:31:20,45,48,9968,43715
2023-09-27 15:31:21,45,47,9968,43715
2023-09-27 15:31:22,45,49,9968,43715
2023-09-27 15:31:23,45,48,9968,43715
2023-09-27 15:31:24,46,48,9968,43715
2023-09-27 15:31:24,46,49,9968,43715
2023-09-27 15:31:27,47,49,9968,43715
2023-09-27 15:31:31,47,48,9968,43715
2023-09-27 15:31:35,45,48,9968,43715
2023-09-27 15:31:36,46,48,9968,43715
2023-09-27 15:31:42,47,48,9968,43715
2023-09-27 15:31:43,47,49,9968,43715
2023-09-27 15:31:45,47,51,9968,43715
2023-09-27 15:31:46,47,50,9968,43715
2023-09-27 15:31:47,47,49,9968,43715
2023-09-27 15:32:13,46,49,9968,43715
2023-09-27 15:32:13,46,48,9968,43715
2023-09-27 15:32:16,45,48,9968,43715
2023-09-27 15:32:20,46,48,9968,43715
2023-09-27 15:32:22,46,49,9968,43715
2023-09-27 15:32:26,46,48,9968,43715
2023-09-27 15:32:27,45,48,9968,43715
2023-09-27 15:32:34,45,49,9968,43715
2023-09-27 15:32:34,46,49,9968,43715
