datetime,bid,ask,open_interest,volume
2023-09-27 09:30:20,6,22,15,15
2023-09-27 09:30:28,0,22,15,15
2023-09-27 09:31:00,12,22,15,15
2023-09-27 09:31:00,12,17,15,15
2023-09-27 09:31:00,12,15,15,15
2023-09-27 09:31:00,13,15,15,15
2023-09-27 09:31:02,12,15,15,15
2023-09-27 09:31:04,12,14,15,15
2023-09-27 09:31:16,11,14,15,15
2023-09-27 09:31:29,12,14,15,15
2023-09-27 09:31:35,11,14,15,15
2023-09-27 09:31:35,12,14,15,15
2023-09-27 09:31:38,11,14,15,15
2023-09-27 09:31:50,12,14,15,15
2023-09-27 09:32:03,12,15,15,15
2023-09-27 09:32:03,13,15,15,15
2023-09-27 09:32:18,12,15,15,15
2023-09-27 09:32:24,12,14,15,15
2023-09-27 09:32:28,12,15,15,15
2023-09-27 09:32:29,13,15,15,15
2023-09-27 09:32:35,12,15,15,15
2023-09-27 09:32:36,12,14,15,15
2023-09-27 09:32:43,12,15,15,15
2023-09-27 09:32:45,12,14,15,15
2023-09-27 09:32:47,12,15,15,15
2023-09-27 09:32:54,13,15,15,15
2023-09-27 09:34:08,12,15,15,15
2023-09-27 09:34:09,13,15,15,15
2023-09-27 09:35:14,12,15,15,15
2023-09-27 09:35:19,12,14,15,15
2023-09-27 09:35:23,12,15,15,15
2023-09-27 09:35:29,12,14,15,15
2023-09-27 09:35:35,11,14,15,15
2023-09-27 09:35:40,12,14,15,15
2023-09-27 09:35:47,12,15,15,15
2023-09-27 09:35:48,13,15,15,15
2023-09-27 09:35:53,14,15,15,15
2023-09-27 09:35:57,14,16,15,15
2023-09-27 09:37:08,14,15,15,15
2023-09-27 09:37:11,14,16,15,15
2023-09-27 09:37:25,14,15,15,15
2023-09-27 09:37:28,14,16,15,15
2023-09-27 09:37:34,14,15,15,15
2023-09-27 09:37:49,14,16,15,15
2023-09-27 09:38:42,14,15,15,15
2023-09-27 09:39:08,14,16,15,15
2023-09-27 09:40:02,13,16,15,15
2023-09-27 09:40:02,13,15,15,15
2023-09-27 09:40:19,13,16,15,15
2023-09-27 09:40:20,14,16,15,15
2023-09-27 09:40:24,13,16,15,15
2023-09-27 09:40:26,13,15,15,15
2023-09-27 09:40:29,13,16,15,15
2023-09-27 09:40:56,14,16,15,15
2023-09-27 09:41:06,13,16,15,15
2023-09-27 09:41:09,14,16,15,15
2023-09-27 09:41:17,13,16,15,15
2023-09-27 09:41:18,14,16,15,15
2023-09-27 09:41:27,13,16,15,15
2023-09-27 09:41:36,13,15,15,15
2023-09-27 09:41:43,12,15,15,15
2023-09-27 09:41:47,13,15,15,15
2023-09-27 09:42:10,12,15,15,15
2023-09-27 09:42:16,12,14,15,15
2023-09-27 09:42:29,13,14,15,15
2023-09-27 09:42:30,12,14,15,15
2023-09-27 09:44:40,12,13,15,15
2023-09-27 09:44:47,11,12,215,215
2023-09-27 09:44:58,10,12,215,215
2023-09-27 09:45:02,10,12,216,216
2023-09-27 09:45:02,10,12,217,217
2023-09-27 09:45:02,10,11,217,217
2023-09-27 09:45:07,9,11,217,217
2023-09-27 09:45:09,9,10,217,217
2023-09-27 09:45:19,9,10,218,218
2023-09-27 09:45:36,9,10,219,219
2023-09-27 09:45:40,9,11,219,219
2023-09-27 09:45:45,9,12,219,219
2023-09-27 09:45:48,9,11,219,219
2023-09-27 09:45:54,9,11,220,220
2023-09-27 09:46:08,9,12,220,220
2023-09-27 09:46:23,9,11,220,220
2023-09-27 09:46:44,9,12,220,220
2023-09-27 09:46:44,9,11,220,220
2023-09-27 09:48:03,9,12,220,220
2023-09-27 09:48:21,9,11,220,220
2023-09-27 09:48:54,9,12,220,220
2023-09-27 09:49:07,10,12,220,220
2023-09-27 09:49:21,11,12,220,220
2023-09-27 09:49:29,11,13,260,260
2023-09-27 09:50:06,12,13,260,260
2023-09-27 09:50:54,12,14,260,260
2023-09-27 09:51:10,11,14,260,260
2023-09-27 09:51:10,11,13,260,260
2023-09-27 09:51:15,11,14,260,260
2023-09-27 09:51:18,11,13,260,260
2023-09-27 09:51:38,11,14,260,260
2023-09-27 09:51:39,11,13,260,260
2023-09-27 09:52:05,11,12,260,260
2023-09-27 09:52:08,11,12,255,265
2023-09-27 09:52:14,11,13,255,265
2023-09-27 09:53:28,10,13,255,265
2023-09-27 09:53:28,10,12,255,265
2023-09-27 09:55:13,10,11,255,265
2023-09-27 09:55:20,10,11,258,268
2023-09-27 09:55:21,11,13,260,270
2023-09-27 09:55:57,10,13,260,270
2023-09-27 09:56:08,11,13,260,270
2023-09-27 09:56:23,11,12,260,270
2023-09-27 09:57:11,11,14,260,275
2023-09-27 09:57:11,12,14,260,275
2023-09-27 09:57:15,13,14,260,275
2023-09-27 09:59:45,13,15,260,275
2023-09-27 10:00:10,13,14,260,275
2023-09-27 10:00:25,12,14,260,275
2023-09-27 10:00:40,12,15,260,275
2023-09-27 10:00:43,12,14,260,275
2023-09-27 10:00:54,12,15,260,275
2023-09-27 10:01:02,13,15,260,275
2023-09-27 10:01:14,12,15,260,275
2023-09-27 10:01:21,12,14,260,275
2023-09-27 10:01:26,12,15,260,275
2023-09-27 10:01:28,13,15,260,275
2023-09-27 10:01:42,14,15,260,275
2023-09-27 10:01:43,14,16,260,275
2023-09-27 10:01:45,15,16,260,275
2023-09-27 10:01:57,15,17,260,275
2023-09-27 10:02:02,16,17,260,275
2023-09-27 10:02:03,16,17,261,276
2023-09-27 10:02:21,16,18,261,276
2023-09-27 10:02:21,16,17,261,276
2023-09-27 10:02:24,16,18,505,521
2023-09-27 10:02:25,16,17,505,521
2023-09-27 10:02:25,16,18,505,521
2023-09-27 10:02:31,17,18,505,521
2023-09-27 10:02:32,16,18,505,521
2023-09-27 10:02:33,16,17,505,521
2023-09-27 10:02:34,16,18,505,521
2023-09-27 10:02:39,17,18,505,521
2023-09-27 10:02:45,16,18,505,521
2023-09-27 10:02:53,17,18,505,521
2023-09-27 10:02:57,16,18,505,521
2023-09-27 10:02:58,17,18,505,521
2023-09-27 10:03:03,16,18,505,521
2023-09-27 10:03:16,16,17,505,521
2023-09-27 10:03:17,16,18,505,521
2023-09-27 10:03:21,17,18,505,521
2023-09-27 10:03:22,16,18,505,521
2023-09-27 10:03:24,17,18,505,521
2023-09-27 10:03:28,16,18,505,521
2023-09-27 10:03:31,17,18,505,521
2023-09-27 10:03:33,16,18,505,521
2023-09-27 10:03:40,17,18,505,521
2023-09-27 10:03:43,17,19,505,521
2023-09-27 10:03:51,17,18,505,521
2023-09-27 10:03:53,17,19,505,521
2023-09-27 10:04:01,17,18,505,521
2023-09-27 10:04:04,17,19,505,521
2023-09-27 10:04:06,17,18,505,521
2023-09-27 10:04:07,17,19,505,521
2023-09-27 10:04:09,17,18,505,521
2023-09-27 10:04:11,17,19,505,521
2023-09-27 10:04:19,17,18,505,521
2023-09-27 10:04:20,17,19,505,521
2023-09-27 10:04:25,17,18,505,521
2023-09-27 10:04:28,17,18,571,587
2023-09-27 10:04:42,16,18,571,587
2023-09-27 10:04:56,17,18,571,587
2023-09-27 10:04:58,16,18,571,587
2023-09-27 10:05:00,17,18,571,587
2023-09-27 10:05:02,16,18,571,587
2023-09-27 10:05:07,17,18,571,587
2023-09-27 10:05:11,16,18,571,587
2023-09-27 10:05:11,17,18,571,587
2023-09-27 10:05:12,17,19,571,587
2023-09-27 10:05:43,18,19,571,587
2023-09-27 10:06:03,18,20,801,817
2023-09-27 10:06:21,19,20,801,817
2023-09-27 10:06:24,18,20,801,817
2023-09-27 10:06:25,19,20,801,817
2023-09-27 10:06:26,18,20,801,817
2023-09-27 10:06:28,18,19,801,817
2023-09-27 10:06:29,18,20,801,817
2023-09-27 10:06:30,18,19,801,817
2023-09-27 10:06:34,18,20,801,817
2023-09-27 10:06:44,18,19,801,817
2023-09-27 10:06:45,18,20,801,817
2023-09-27 10:06:48,18,19,801,817
2023-09-27 10:06:58,18,20,801,817
2023-09-27 10:06:59,18,19,801,817
2023-09-27 10:07:02,18,20,801,817
2023-09-27 10:07:13,18,19,801,817
2023-09-27 10:07:13,18,20,801,817
2023-09-27 10:07:22,19,20,801,817
2023-09-27 10:08:06,18,20,801,817
2023-09-27 10:08:08,18,19,801,817
2023-09-27 10:08:10,18,20,801,817
2023-09-27 10:08:11,18,19,801,817
2023-09-27 10:08:12,18,20,801,817
2023-09-27 10:08:18,19,20,801,817
2023-09-27 10:08:26,19,21,801,817
2023-09-27 10:08:27,19,20,801,817
2023-09-27 10:08:29,19,21,801,817
2023-09-27 10:08:31,19,20,801,817
2023-09-27 10:08:35,19,21,801,817
2023-09-27 10:08:36,19,20,801,817
2023-09-27 10:08:37,19,21,801,817
2023-09-27 10:08:45,19,20,801,817
2023-09-27 10:08:46,19,21,801,817
2023-09-27 10:08:47,19,21,801,942
2023-09-27 10:08:52,19,20,801,942
2023-09-27 10:08:54,19,21,801,942
2023-09-27 10:09:02,19,20,801,942
2023-09-27 10:09:03,19,21,801,942
2023-09-27 10:09:16,19,20,801,942
2023-09-27 10:09:17,19,21,801,942
2023-09-27 10:09:22,19,20,801,942
2023-09-27 10:10:02,19,21,801,942
2023-09-27 10:10:12,20,21,801,942
2023-09-27 10:10:13,20,22,1014,1155
2023-09-27 10:10:14,20,21,1014,1155
2023-09-27 10:10:31,19,21,1014,1155
2023-09-27 10:10:43,20,21,1014,1155
2023-09-27 10:10:45,20,22,1014,1155
2023-09-27 10:11:04,20,21,1014,1155
2023-09-27 10:11:08,20,22,1014,1155
2023-09-27 10:11:25,20,21,1014,1155
2023-09-27 10:11:39,20,22,1014,1155
2023-09-27 10:11:43,20,21,1014,1155
2023-09-27 10:11:44,20,22,1014,1155
2023-09-27 10:11:52,21,22,1014,1155
2023-09-27 10:11:59,21,23,1014,1155
2023-09-27 10:12:00,22,23,1014,1155
2023-09-27 10:12:01,21,23,1014,1155
2023-09-27 10:12:02,21,22,1014,1155
2023-09-27 10:12:13,21,22,1214,1355
2023-09-27 10:12:15,21,23,1262,1403
2023-09-27 10:12:15,21,22,1262,1403
2023-09-27 10:12:20,21,23,1262,1403
2023-09-27 10:12:21,21,22,1262,1403
2023-09-27 10:12:33,21,23,1262,1403
2023-09-27 10:12:40,22,23,1262,1403
2023-09-27 10:12:43,22,23,1262,1478
2023-09-27 10:13:05,21,23,1262,1478
2023-09-27 10:13:05,21,22,1262,1478
2023-09-27 10:13:07,21,22,1512,1728
2023-09-27 10:13:07,21,23,1512,1728
2023-09-27 10:13:11,22,23,1512,1728
2023-09-27 10:13:12,21,23,1512,1728
2023-09-27 10:13:13,22,23,1512,1728
2023-09-27 10:13:21,21,23,1512,1728
2023-09-27 10:13:33,21,22,1512,1728
2023-09-27 10:13:33,21,23,1512,1728
2023-09-27 10:13:35,21,22,1512,1728
2023-09-27 10:13:37,21,23,1512,1728
2023-09-27 10:13:38,21,22,1512,1728
2023-09-27 10:13:40,21,23,1512,1728
2023-09-27 10:13:41,21,22,1512,1728
2023-09-27 10:13:49,21,23,1512,1728
2023-09-27 10:14:01,21,22,1512,1728
2023-09-27 10:14:02,21,23,1512,1728
2023-09-27 10:14:26,22,23,1512,1728
2023-09-27 10:14:28,21,23,1512,1728
2023-09-27 10:14:31,22,23,1512,1728
2023-09-27 10:14:53,22,24,1512,1728
2023-09-27 10:14:56,22,23,1512,1728
2023-09-27 10:15:02,22,24,1512,1728
2023-09-27 10:15:05,22,23,1512,1728
2023-09-27 10:15:06,22,24,1512,1728
2023-09-27 10:15:08,22,23,1512,1728
2023-09-27 10:15:17,22,24,1512,1728
2023-09-27 10:15:18,22,23,1512,1728
2023-09-27 10:15:20,22,24,1512,1728
2023-09-27 10:15:21,22,23,1512,1728
2023-09-27 10:15:25,22,24,1512,1728
2023-09-27 10:15:45,22,23,1512,1728
2023-09-27 10:15:52,22,24,1512,1728
2023-09-27 10:15:54,22,23,1512,1728
2023-09-27 10:15:56,21,23,1512,1728
2023-09-27 10:15:57,22,23,1512,1728
2023-09-27 10:16:00,21,23,1512,1728
2023-09-27 10:16:25,22,23,1512,1728
2023-09-27 10:16:26,21,23,1512,1728
2023-09-27 10:16:35,22,23,1512,1728
2023-09-27 10:17:11,21,23,1512,1728
2023-09-27 10:17:21,22,23,1512,1728
2023-09-27 10:17:50,21,23,1512,1728
2023-09-27 10:17:52,22,23,1512,1728
2023-09-27 10:18:32,21,23,1512,1728
2023-09-27 10:20:00,21,22,1512,1728
2023-09-27 10:20:02,20,22,1512,1728
2023-09-27 10:20:50,20,21,1512,1728
2023-09-27 10:21:50,19,20,1512,1761
2023-09-27 10:22:00,18,20,1512,1761
2023-09-27 10:22:08,19,20,1512,1761
2023-09-27 10:22:12,18,20,1512,1761
2023-09-27 10:22:17,18,20,1540,1961
2023-09-27 10:22:17,18,19,1540,1961
2023-09-27 10:22:17,17,19,1540,1961
2023-09-27 10:22:19,17,18,1540,1961
2023-09-27 10:22:29,16,18,1540,1961
2023-09-27 10:22:29,16,17,1540,1961
2023-09-27 10:22:31,15,17,1712,2161
2023-09-27 10:22:38,16,17,1712,2161
2023-09-27 10:22:59,15,17,1712,2161
2023-09-27 10:23:02,15,16,1712,2161
2023-09-27 10:23:04,15,17,1712,2161
2023-09-27 10:23:05,15,16,1712,2161
2023-09-27 10:23:06,15,17,1712,2161
2023-09-27 10:23:17,16,17,1712,2161
2023-09-27 10:23:24,15,17,1712,2161
2023-09-27 10:23:33,15,16,1712,2161
2023-09-27 10:23:38,15,17,1512,2361
2023-09-27 10:23:39,15,16,1512,2361
2023-09-27 10:23:39,15,17,1340,2561
2023-09-27 10:23:40,15,16,1340,2561
2023-09-27 10:24:18,14,16,1312,2761
2023-09-27 10:24:18,14,15,1312,2761
2023-09-27 10:24:48,14,16,1312,2761
2023-09-27 10:24:49,15,16,1312,2761
2023-09-27 10:25:01,14,16,1312,2761
2023-09-27 10:25:02,14,15,1312,2761
2023-09-27 10:27:02,14,16,1312,2761
2023-09-27 10:27:03,14,15,1312,2761
2023-09-27 10:27:35,13,15,1312,2761
2023-09-27 10:27:53,13,14,1312,2761
2023-09-27 10:28:02,12,14,1312,2761
2023-09-27 10:28:19,13,14,1312,2761
2023-09-27 10:28:20,12,14,1312,2761
2023-09-27 10:28:29,13,14,1312,2761
2023-09-27 10:28:30,12,14,1312,2761
2023-09-27 10:28:31,13,14,1312,2761
2023-09-27 10:28:32,12,14,1312,2761
2023-09-27 10:28:36,13,14,1312,2761
2023-09-27 10:28:41,12,14,1312,2761
2023-09-27 10:28:42,12,15,1312,2761
2023-09-27 10:28:43,13,15,1312,2761
2023-09-27 10:28:48,12,15,1312,2761
2023-09-27 10:28:51,13,15,1312,2761
2023-09-27 10:28:52,12,15,1312,2761
2023-09-27 10:28:54,13,15,1312,2761
2023-09-27 10:29:00,12,15,1312,2761
2023-09-27 10:29:02,13,15,1312,2761
2023-09-27 10:29:07,12,15,1312,2761
2023-09-27 10:29:10,13,15,1312,2761
2023-09-27 10:29:42,12,15,1312,2761
2023-09-27 10:29:50,12,14,1312,2761
2023-09-27 10:29:51,12,14,1712,3161
2023-09-27 10:29:51,12,13,1712,3161
2023-09-27 10:30:08,12,15,1712,3161
2023-09-27 10:30:08,12,14,1712,3161
2023-09-27 10:30:09,13,14,1712,3161
2023-09-27 10:30:44,12,14,1712,3161
2023-09-27 10:30:44,12,13,1712,3161
2023-09-27 10:31:25,12,15,1712,3161
2023-09-27 10:31:25,12,14,1712,3161
2023-09-27 10:31:25,13,14,1712,3161
2023-09-27 10:31:53,13,15,1712,3161
2023-09-27 10:32:14,14,15,1712,3161
2023-09-27 10:32:32,14,15,1652,3221
2023-09-27 10:32:32,14,16,1652,3221
2023-09-27 10:32:45,14,15,1652,3221
2023-09-27 10:34:02,13,15,1652,3221
2023-09-27 10:34:02,13,14,1652,3221
2023-09-27 10:34:08,13,14,1452,3421
2023-09-27 10:34:09,12,14,1452,3421
2023-09-27 10:34:09,12,13,1452,3421
2023-09-27 10:34:20,11,13,1452,3421
2023-09-27 10:34:20,11,12,1452,3421
2023-09-27 10:34:27,11,13,1452,3421
2023-09-27 10:34:28,11,12,1452,3421
2023-09-27 10:35:23,11,13,1452,3421
2023-09-27 10:35:23,12,13,1452,3421
2023-09-27 10:35:35,11,13,1452,3421
2023-09-27 10:35:36,11,12,1452,3421
2023-09-27 10:35:58,11,13,1452,3421
2023-09-27 10:35:58,12,13,1452,3421
2023-09-27 10:36:55,11,13,1452,3421
2023-09-27 10:36:59,12,13,1452,3421
2023-09-27 10:37:23,12,14,1452,3421
2023-09-27 10:38:03,13,14,1452,3421
2023-09-27 10:38:55,13,15,1452,3421
2023-09-27 10:39:20,13,14,1452,3421
2023-09-27 10:39:28,13,15,1452,3421
2023-09-27 10:39:33,14,15,1452,3421
2023-09-27 10:40:07,14,15,1652,3621
2023-09-27 10:40:12,14,16,1652,3621
2023-09-27 10:40:13,15,16,1652,3621
2023-09-27 10:40:35,15,16,1702,3821
2023-09-27 10:40:36,15,16,1702,3881
2023-09-27 10:40:37,15,16,2102,4281
2023-09-27 10:40:39,15,16,2102,4425
2023-09-27 10:40:41,15,16,2102,4428
2023-09-27 10:41:09,15,16,2102,4430
2023-09-27 10:41:15,15,16,2302,4630
2023-09-27 10:41:46,14,16,2302,4630
2023-09-27 10:42:24,15,16,2302,4630
2023-09-27 10:43:01,15,16,2502,4830
2023-09-27 10:43:01,15,16,2502,4864
2023-09-27 10:43:05,15,16,2502,4924
2023-09-27 10:44:33,15,16,2504,4926
2023-09-27 10:44:33,15,16,2547,5046
2023-09-27 10:44:34,15,16,2747,5246
2023-09-27 10:44:35,15,16,2749,5248
2023-09-27 10:44:36,15,16,2949,5448
2023-09-27 10:44:39,15,16,3129,5628
2023-09-27 10:44:57,16,17,3272,5771
2023-09-27 10:44:58,15,17,3272,5771
2023-09-27 10:45:15,15,18,3272,5771
2023-09-27 10:45:15,16,18,3272,5771
2023-09-27 10:45:16,16,18,3272,5831
2023-09-27 10:45:39,15,18,3272,5831
2023-09-27 10:45:48,16,18,3272,5831
2023-09-27 10:46:56,16,17,3272,5831
2023-09-27 10:46:57,16,18,3272,5831
2023-09-27 10:47:01,16,17,3272,5831
2023-09-27 10:47:05,16,18,3272,5831
2023-09-27 10:47:11,16,17,3272,5831
2023-09-27 10:47:13,16,18,3272,5831
2023-09-27 10:47:59,16,17,3272,5831
2023-09-27 10:48:07,15,17,3272,5831
2023-09-27 10:48:24,14,17,3272,5831
2023-09-27 10:48:25,14,15,3272,5831
2023-09-27 10:48:39,13,15,3272,5831
2023-09-27 10:50:12,14,15,3272,5831
2023-09-27 10:50:20,14,16,3272,5831
2023-09-27 10:50:21,14,17,3272,5831
2023-09-27 10:50:23,15,17,3272,5831
2023-09-27 10:50:34,15,18,3272,5831
2023-09-27 10:50:48,16,18,3272,5831
2023-09-27 10:50:54,17,18,3272,5831
2023-09-27 10:50:55,17,19,3272,5831
2023-09-27 10:51:08,17,20,3272,5831
2023-09-27 10:51:08,18,20,3272,5831
2023-09-27 10:51:22,19,20,3272,5831
2023-09-27 10:51:22,19,21,3272,5831
2023-09-27 10:51:33,20,21,3272,5831
2023-09-27 10:51:35,20,22,3272,5831
2023-09-27 10:51:39,21,22,3272,5831
2023-09-27 10:52:01,21,23,3272,5831
2023-09-27 10:52:32,21,24,3272,5831
2023-09-27 10:52:32,22,24,3272,5831
2023-09-27 10:53:21,22,25,3272,5831
2023-09-27 10:53:21,23,25,3272,5831
2023-09-27 10:56:25,23,25,3272,5931
2023-09-27 10:56:30,23,26,3272,6131
2023-09-27 10:56:31,24,26,3272,6131
2023-09-27 10:57:28,25,26,3272,6131
2023-09-27 10:57:33,25,26,3302,6161
2023-09-27 10:57:39,25,27,3307,6166
2023-09-27 10:57:50,25,27,3308,6167
2023-09-27 10:57:57,26,27,3308,6167
2023-09-27 10:59:34,25,28,3308,6167
2023-09-27 10:59:34,25,27,3308,6167
2023-09-27 10:59:35,25,28,3308,6167
2023-09-27 10:59:40,25,27,3308,6167
2023-09-27 10:59:41,25,28,3308,6167
2023-09-27 10:59:47,25,27,3308,6167
2023-09-27 10:59:49,25,28,3308,6167
2023-09-27 10:59:54,25,28,3308,6297
2023-09-27 10:59:56,25,27,3308,6297
2023-09-27 10:59:58,25,28,3308,6297
2023-09-27 11:00:04,26,28,3308,6297
2023-09-27 11:00:18,26,27,3308,6297
2023-09-27 11:00:19,25,27,3308,6297
2023-09-27 11:00:37,25,26,3308,6297
2023-09-27 11:00:37,24,26,3308,6297
2023-09-27 11:00:51,24,27,3308,6297
2023-09-27 11:01:03,24,25,3308,6297
2023-09-27 11:01:05,23,25,3308,6297
2023-09-27 11:01:05,23,24,3308,6297
2023-09-27 11:01:22,22,24,3308,6297
2023-09-27 11:01:50,22,25,3308,6497
2023-09-27 11:02:07,23,25,3308,6497
2023-09-27 11:02:42,22,25,3308,6497
2023-09-27 11:03:52,23,25,3308,6497
2023-09-27 11:04:31,23,26,3308,6497
2023-09-27 11:04:40,23,25,3308,6497
2023-09-27 11:04:54,23,26,3308,6497
2023-09-27 11:04:59,23,25,3308,6497
2023-09-27 11:05:00,23,26,3308,6497
2023-09-27 11:05:01,23,25,3308,6497
2023-09-27 11:05:03,23,26,3308,6497
2023-09-27 11:05:14,23,25,3308,6497
2023-09-27 11:05:24,23,26,3308,6497
2023-09-27 11:05:46,23,25,3308,6497
2023-09-27 11:06:01,23,26,3308,6497
2023-09-27 11:06:12,23,27,3308,6497
2023-09-27 11:06:12,23,26,3308,6497
2023-09-27 11:06:41,23,25,3308,6497
2023-09-27 11:06:44,22,25,3308,6497
2023-09-27 11:06:47,22,24,3308,6497
2023-09-27 11:07:02,22,23,3308,6497
2023-09-27 11:07:40,22,24,3308,6697
2023-09-27 11:07:42,22,23,3308,6697
2023-09-27 11:07:47,21,23,3308,6697
2023-09-27 11:08:29,21,22,3308,6697
2023-09-27 11:08:32,20,22,3308,6697
2023-09-27 11:08:48,20,21,3308,6697
2023-09-27 11:08:50,19,21,3308,6697
2023-09-27 11:08:58,19,20,3308,6697
2023-09-27 11:09:06,19,21,3308,6697
2023-09-27 11:09:19,19,20,3308,6697
2023-09-27 11:09:20,19,21,3308,6697
2023-09-27 11:09:27,19,20,3308,6697
2023-09-27 11:09:32,18,20,3308,6697
2023-09-27 11:10:22,17,20,3308,6697
2023-09-27 11:11:04,17,20,3308,6697
2023-09-27 11:11:20,17,19,3308,6697
2023-09-27 11:11:25,17,20,3308,6697
2023-09-27 11:11:33,18,20,3308,6697
2023-09-27 11:11:41,17,20,3308,6697
2023-09-27 11:11:52,17,19,3308,6697
2023-09-27 11:12:14,17,20,3308,6697
2023-09-27 11:12:28,17,20,3308,6697
2023-09-27 11:12:35,18,20,3308,6697
2023-09-27 11:12:46,18,21,3308,6697
2023-09-27 11:12:53,19,21,3308,6697
2023-09-27 11:13:03,18,21,3308,6697
2023-09-27 11:13:03,18,20,3308,6697
2023-09-27 11:13:12,18,21,3308,6697
2023-09-27 11:13:14,19,21,3308,6697
2023-09-27 11:13:44,19,20,3308,6697
2023-09-27 11:13:45,19,21,3308,6697
2023-09-27 11:13:46,19,20,3308,6697
2023-09-27 11:14:12,17,20,3308,6697
2023-09-27 11:14:12,17,19,3308,6697
2023-09-27 11:15:16,17,20,3308,6697
2023-09-27 11:15:29,18,20,3308,6697
2023-09-27 11:15:34,18,21,3308,6697
2023-09-27 11:15:34,18,20,3308,6697
2023-09-27 11:15:35,18,21,3308,6697
2023-09-27 11:16:19,18,20,3308,6697
2023-09-27 11:16:26,18,21,3308,6697
2023-09-27 11:16:27,18,20,3308,6697
2023-09-27 11:16:58,18,21,3308,6697
2023-09-27 11:17:17,18,20,3308,6697
2023-09-27 11:17:18,18,21,3308,6697
2023-09-27 11:17:19,18,20,3308,6697
2023-09-27 11:17:21,18,21,3308,6697
2023-09-27 11:17:28,18,20,3308,6697
2023-09-27 11:17:31,18,21,3308,6697
2023-09-27 11:17:31,18,20,3308,6697
2023-09-27 11:17:34,18,21,3308,6697
2023-09-27 11:17:39,18,20,3308,6697
2023-09-27 11:17:42,18,21,3308,6697
2023-09-27 11:18:02,19,21,3308,6697
2023-09-27 11:18:14,19,22,3308,6697
2023-09-27 11:18:21,20,22,3308,6697
2023-09-27 11:18:21,20,23,3308,6697
2023-09-27 11:18:26,20,22,3308,6697
2023-09-27 11:18:48,19,22,3308,6697
2023-09-27 11:18:59,19,21,3308,6697
2023-09-27 11:19:01,19,21,3308,6701
2023-09-27 11:19:10,18,21,3308,6701
2023-09-27 11:19:10,18,20,3308,6701
2023-09-27 11:19:29,18,21,3308,6701
2023-09-27 11:19:29,18,20,3308,6701
2023-09-27 11:19:35,18,21,3308,6701
2023-09-27 11:19:40,19,21,3308,6701
2023-09-27 11:19:44,19,22,3308,6701
2023-09-27 11:20:07,20,22,3308,6701
2023-09-27 11:20:49,20,21,3308,6701
2023-09-27 11:20:51,19,21,3308,6701
2023-09-27 11:22:01,19,22,3308,6701
2023-09-27 11:22:23,20,22,3308,6701
2023-09-27 11:22:24,20,23,3308,6701
2023-09-27 11:22:40,20,22,3308,6701
2023-09-27 11:22:57,20,21,3308,6701
2023-09-27 11:23:01,19,21,3308,6701
2023-09-27 11:23:08,19,20,3308,6701
2023-09-27 11:23:12,18,20,3308,6701
2023-09-27 11:23:15,18,21,3308,6701
2023-09-27 11:23:20,18,20,3308,6701
2023-09-27 11:23:40,17,20,3308,6701
2023-09-27 11:23:49,17,19,3308,6701
2023-09-27 11:24:02,17,18,3308,6701
2023-09-27 11:24:03,16,18,3308,6701
2023-09-27 11:24:27,16,19,3308,6701
2023-09-27 11:25:06,18,20,3308,6701
2023-09-27 11:25:10,18,21,3308,6701
2023-09-27 11:25:13,18,20,3308,6701
2023-09-27 11:25:26,18,21,3308,6701
2023-09-27 11:25:32,18,20,3308,6701
2023-09-27 11:26:46,18,21,3308,6701
2023-09-27 11:26:55,19,21,3308,6701
2023-09-27 11:27:09,18,21,3308,6701
2023-09-27 11:27:11,18,20,3308,6701
2023-09-27 11:27:31,18,19,3308,6701
2023-09-27 11:27:32,18,20,3308,6701
2023-09-27 11:27:34,18,19,3308,6701
2023-09-27 11:27:35,17,19,3308,6701
2023-09-27 11:27:50,17,18,3308,6701
2023-09-27 11:28:25,16,18,3308,6701
2023-09-27 11:28:26,16,17,3308,6701
2023-09-27 11:28:26,16,17,3308,6768
2023-09-27 11:28:30,15,17,3308,6768
2023-09-27 11:28:48,16,17,3308,6768
2023-09-27 11:30:54,16,18,3308,6768
2023-09-27 11:31:00,16,17,3308,6768
2023-09-27 11:31:30,16,18,3308,6768
2023-09-27 11:31:51,16,19,3308,6768
2023-09-27 11:32:21,16,18,3308,6768
2023-09-27 11:33:54,16,19,3308,6768
2023-09-27 11:34:00,16,18,3308,6768
2023-09-27 11:34:36,16,17,3308,6768
2023-09-27 11:35:26,16,18,3308,6768
2023-09-27 11:35:48,16,19,3308,6768
2023-09-27 11:35:50,16,18,3308,6768
2023-09-27 11:35:51,16,19,3308,6768
2023-09-27 11:36:05,17,19,3308,6768
2023-09-27 11:36:09,17,20,3308,6768
2023-09-27 11:37:09,18,20,3308,6768
2023-09-27 11:37:12,18,21,3308,6768
2023-09-27 11:37:35,19,21,3308,6768
2023-09-27 11:38:18,19,22,3308,6768
2023-09-27 11:38:18,20,22,3308,6768
2023-09-27 11:40:53,20,23,3308,6768
2023-09-27 11:40:54,21,23,3308,6768
2023-09-27 11:41:01,22,23,3308,6768
2023-09-27 11:41:35,21,23,3308,6768
2023-09-27 11:42:15,22,23,3308,6768
2023-09-27 11:42:16,22,24,3308,6768
2023-09-27 11:42:17,23,24,3308,6768
2023-09-27 11:43:15,23,25,3308,6768
2023-09-27 11:43:17,24,25,3308,6768
2023-09-27 11:43:18,24,26,3308,6768
2023-09-27 11:43:22,25,26,3308,6768
2023-09-27 11:43:48,25,27,3308,6768
2023-09-27 11:44:34,25,28,3308,6768
2023-09-27 11:44:38,26,28,3308,6768
2023-09-27 11:45:04,26,29,3308,6768
2023-09-27 11:45:04,27,29,3308,6768
2023-09-27 11:45:04,28,29,3308,6768
2023-09-27 11:45:07,27,29,3308,6768
2023-09-27 11:45:14,26,29,3308,6768
2023-09-27 11:45:17,26,29,3308,6798
2023-09-27 11:45:31,27,29,3308,6798
2023-09-27 11:46:03,26,29,3308,6798
2023-09-27 11:46:03,27,29,3308,6798
2023-09-27 11:46:05,26,29,3308,6798
2023-09-27 11:46:09,26,28,3308,6798
2023-09-27 11:46:09,26,28,3308,6833
2023-09-27 11:46:22,26,29,3308,6833
2023-09-27 11:46:27,27,29,3308,6833
2023-09-27 11:46:35,27,30,3308,6833
2023-09-27 11:46:37,28,30,3308,6833
2023-09-27 11:47:28,29,30,3308,6833
2023-09-27 11:47:29,29,31,3308,6833
2023-09-27 11:47:31,30,31,3308,6833
2023-09-27 11:47:52,30,32,3308,6833
2023-09-27 11:49:41,30,31,3308,6833
2023-09-27 11:49:42,29,31,3308,6833
2023-09-27 11:50:37,29,30,3308,6833
2023-09-27 11:50:47,29,31,3308,6833
2023-09-27 11:51:14,29,32,3308,6833
2023-09-27 11:51:14,29,31,3308,6833
2023-09-27 11:51:15,29,32,3308,6833
2023-09-27 11:51:17,29,31,3308,6833
2023-09-27 11:51:21,29,32,3308,6833
2023-09-27 11:51:42,29,31,3308,6833
2023-09-27 11:52:16,29,32,3308,6833
2023-09-27 11:52:29,29,31,3308,6833
2023-09-27 11:52:33,29,31,3308,6922
2023-09-27 11:52:34,29,32,3308,6922
2023-09-27 11:52:38,29,31,3308,6922
2023-09-27 11:53:21,29,30,3308,6922
2023-09-27 11:53:23,29,31,3308,6922
2023-09-27 11:55:23,29,30,3308,6922
2023-09-27 11:55:24,29,31,3308,6922
2023-09-27 11:55:24,29,30,3308,6922
2023-09-27 11:55:45,28,29,3308,6925
2023-09-27 11:55:51,28,30,3308,6925
2023-09-27 11:56:04,28,31,3308,6925
2023-09-27 11:56:09,28,30,3308,6925
2023-09-27 11:56:45,27,30,3308,6925
2023-09-27 11:56:45,27,29,3308,6925
2023-09-27 11:57:04,27,30,3308,6925
2023-09-27 11:57:11,28,30,3308,6925
2023-09-27 11:57:36,27,30,3308,6925
2023-09-27 11:57:46,27,29,3308,6925
2023-09-27 11:57:55,27,30,3308,6925
2023-09-27 11:58:03,28,30,3308,6925
2023-09-27 11:58:19,28,31,3308,6925
2023-09-27 11:58:20,28,30,3308,6925
2023-09-27 11:58:27,29,30,3308,6925
2023-09-27 11:59:30,29,32,3308,6925
2023-09-27 11:59:31,29,30,3308,6925
2023-09-27 12:00:16,30,32,3308,6928
2023-09-27 12:00:28,31,32,3308,6928
2023-09-27 12:00:30,30,32,3308,6928
2023-09-27 12:00:44,31,32,3308,6928
2023-09-27 12:00:51,31,33,3308,6928
2023-09-27 12:01:14,32,33,3308,6928
2023-09-27 12:01:21,32,33,3308,7048
2023-09-27 12:01:22,32,34,3308,7048
2023-09-27 12:02:31,33,34,3308,7048
2023-09-27 12:02:43,34,35,3308,7078
2023-09-27 12:04:10,34,36,3308,7078
2023-09-27 12:04:43,35,36,3308,7078
2023-09-27 12:04:56,35,37,3308,7078
2023-09-27 12:05:08,36,37,3308,7078
2023-09-27 12:05:12,36,38,3308,7078
2023-09-27 12:05:21,37,38,3308,7078
2023-09-27 12:06:14,36,38,3308,7078
2023-09-27 12:06:23,37,38,3308,7078
2023-09-27 12:06:24,36,38,3308,7078
2023-09-27 12:06:25,37,38,3308,7078
2023-09-27 12:07:14,37,38,3111,7278
2023-09-27 12:07:24,36,37,3111,7280
2023-09-27 12:07:35,35,37,3111,7280
2023-09-27 12:07:36,35,36,3111,7280
2023-09-27 12:07:42,35,37,3111,7280
2023-09-27 12:07:50,36,37,3111,7280
2023-09-27 12:07:54,35,37,3111,7280
2023-09-27 12:07:59,36,37,3111,7280
2023-09-27 12:08:00,35,37,3111,7280
2023-09-27 12:08:09,36,37,3111,7280
2023-09-27 12:08:13,35,37,3111,7280
2023-09-27 12:08:16,36,37,3111,7280
2023-09-27 12:08:20,35,37,3111,7280
2023-09-27 12:08:21,36,37,3111,7280
2023-09-27 12:08:54,36,38,3111,7280
2023-09-27 12:11:06,36,37,3111,7280
2023-09-27 12:12:08,36,38,3111,7280
2023-09-27 12:12:14,36,37,3111,7280
2023-09-27 12:12:15,36,38,3111,7280
2023-09-27 12:12:16,36,37,3111,7280
2023-09-27 12:12:22,36,38,3111,7280
2023-09-27 12:13:07,36,37,3111,7280
2023-09-27 12:13:34,36,38,3111,7280
2023-09-27 12:14:07,37,38,3111,7280
2023-09-27 12:15:34,37,38,3111,7320
2023-09-27 12:15:45,37,39,3111,7320
2023-09-27 12:15:45,37,38,3111,7320
2023-09-27 12:16:10,37,39,3111,7320
2023-09-27 12:16:11,37,38,3111,7320
2023-09-27 12:16:57,37,39,3111,7320
2023-09-27 12:16:57,37,38,3111,7320
2023-09-27 12:17:01,38,39,3111,7325
2023-09-27 12:17:21,38,40,3111,7325
2023-09-27 12:17:26,39,40,3111,7325
2023-09-27 12:17:36,38,40,3111,7325
2023-09-27 12:17:37,39,40,3111,7325
2023-09-27 12:17:55,38,40,3111,7325
2023-09-27 12:18:03,38,39,3111,7325
2023-09-27 12:18:14,38,40,3111,7325
2023-09-27 12:18:21,38,39,3111,7325
2023-09-27 12:18:22,38,40,3111,7325
2023-09-27 12:18:26,38,39,3111,7325
2023-09-27 12:19:22,38,40,3111,7325
2023-09-27 12:19:24,38,39,3111,7325
2023-09-27 12:19:52,38,40,3111,7325
2023-09-27 12:21:10,39,40,3111,7325
2023-09-27 12:22:10,39,40,2911,7525
2023-09-27 12:22:10,38,40,2911,7525
2023-09-27 12:22:12,38,39,2911,7525
2023-09-27 12:22:13,38,40,2911,7525
2023-09-27 12:22:25,38,39,2911,7525
2023-09-27 12:22:25,37,39,2911,7525
2023-09-27 12:22:26,38,39,2911,7525
2023-09-27 12:22:45,37,39,2911,7525
2023-09-27 12:22:46,38,39,2911,7525
2023-09-27 12:22:47,37,39,2911,7525
2023-09-27 12:22:49,38,39,2911,7525
2023-09-27 12:22:51,37,39,2911,7525
2023-09-27 12:22:57,38,39,2911,7525
2023-09-27 12:23:14,38,40,2911,7525
2023-09-27 12:23:22,38,39,2911,7525
2023-09-27 12:28:07,37,39,2911,7525
2023-09-27 12:28:08,37,38,2911,7525
2023-09-27 12:28:11,37,39,2911,7525
2023-09-27 12:28:12,38,39,2911,7525
2023-09-27 12:28:13,37,39,2911,7525
2023-09-27 12:28:14,38,39,2911,7525
2023-09-27 12:29:31,37,39,2911,7525
2023-09-27 12:29:32,38,39,2911,7525
2023-09-27 12:29:57,38,39,2741,7695
2023-09-27 12:29:58,37,38,2685,7754
2023-09-27 12:30:04,37,39,2685,7754
2023-09-27 12:30:05,38,39,2685,7754
2023-09-27 12:30:06,37,39,2685,7754
2023-09-27 12:30:07,38,39,2685,7754
2023-09-27 12:30:11,37,39,2685,7754
2023-09-27 12:30:12,38,39,2685,7754
2023-09-27 12:30:21,37,39,2685,7754
2023-09-27 12:30:39,37,38,2685,7754
2023-09-27 12:30:47,37,38,2610,8390
2023-09-27 12:30:47,36,38,2610,8390
2023-09-27 12:30:47,35,38,2610,8390
2023-09-27 12:30:47,34,37,2610,8390
2023-09-27 12:30:48,33,37,2610,8390
2023-09-27 12:30:48,35,36,2610,8390
2023-09-27 12:30:48,35,36,2607,8393
2023-09-27 12:30:58,34,36,2607,8393
2023-09-27 12:30:58,34,35,2607,8393
2023-09-27 12:31:06,34,35,2446,8593
2023-09-27 12:31:12,34,36,2446,8793
2023-09-27 12:31:25,34,37,2446,8793
2023-09-27 12:31:25,35,37,2446,8793
2023-09-27 12:31:33,35,36,2446,8793
2023-09-27 12:31:34,35,37,2446,8793
2023-09-27 12:31:38,35,36,2446,8793
2023-09-27 12:31:45,35,37,2446,8793
2023-09-27 12:31:46,35,36,2446,8793
2023-09-27 12:31:57,35,37,2446,8793
2023-09-27 12:32:02,35,36,2446,8793
2023-09-27 12:32:04,35,37,2446,8793
2023-09-27 12:32:09,35,38,2446,8793
2023-09-27 12:32:12,36,38,2446,8793
2023-09-27 12:32:18,36,37,2446,8793
2023-09-27 12:32:19,36,38,2446,8793
2023-09-27 12:33:55,36,37,2446,8793
2023-09-27 12:34:09,35,37,2446,8793
2023-09-27 12:34:14,36,37,2446,8793
2023-09-27 12:34:20,36,38,2446,8793
2023-09-27 12:34:23,36,37,2446,8793
2023-09-27 12:34:24,36,38,2446,8793
2023-09-27 12:34:25,36,37,2446,8793
2023-09-27 12:34:26,36,38,2446,8793
2023-09-27 12:34:33,36,37,2446,8793
2023-09-27 12:34:35,36,38,2446,8793
2023-09-27 12:34:36,36,37,2446,8793
2023-09-27 12:35:03,35,36,2447,8794
2023-09-27 12:35:06,35,37,2447,8794
2023-09-27 12:35:27,36,37,2447,8794
2023-09-27 12:35:30,35,36,2303,9079
2023-09-27 12:35:32,34,36,2303,9079
2023-09-27 12:35:39,35,36,2303,9079
2023-09-27 12:35:53,34,36,2303,9079
2023-09-27 12:35:55,35,36,2303,9079
2023-09-27 12:36:01,34,36,2303,9079
2023-09-27 12:36:04,35,36,2303,9079
2023-09-27 12:36:09,35,37,2303,9079
2023-09-27 12:36:11,35,36,2303,9079
2023-09-27 12:36:23,35,36,2362,9279
2023-09-27 12:36:24,35,37,2362,9279
2023-09-27 12:36:36,35,36,2362,9279
2023-09-27 12:36:36,35,36,2562,9479
2023-09-27 12:36:37,35,37,2562,9479
2023-09-27 12:36:39,36,37,2562,9479
2023-09-27 12:37:00,36,38,2562,9479
2023-09-27 12:37:01,36,37,2562,9479
2023-09-27 12:37:17,36,37,2577,9494
2023-09-27 12:37:27,37,39,2576,9495
2023-09-27 12:38:26,37,38,2576,9495
2023-09-27 12:38:29,37,39,2576,9495
2023-09-27 12:38:49,37,38,2576,9495
2023-09-27 12:38:59,36,38,2576,9495
2023-09-27 12:39:15,36,39,2576,9495
2023-09-27 12:39:25,36,38,2576,9495
2023-09-27 12:40:13,37,38,2576,9495
2023-09-27 12:40:32,37,39,2576,9561
2023-09-27 12:41:11,37,38,2576,9561
2023-09-27 12:41:16,37,39,2576,9561
2023-09-27 12:41:29,37,38,2576,9561
2023-09-27 12:41:31,36,38,2576,9561
2023-09-27 12:41:31,37,38,2576,9561
2023-09-27 12:41:39,36,37,2576,9562
2023-09-27 12:41:40,35,37,2576,9562
2023-09-27 12:41:41,36,37,2576,9562
2023-09-27 12:41:43,35,37,2576,9562
2023-09-27 12:41:50,36,37,2576,9562
2023-09-27 12:41:51,35,37,2576,9562
2023-09-27 12:41:53,35,36,2576,9562
2023-09-27 12:41:53,34,36,2576,9562
2023-09-27 12:41:55,34,35,2576,9562
2023-09-27 12:41:56,34,36,2576,9562
2023-09-27 12:41:59,35,36,2576,9562
2023-09-27 12:42:15,34,36,2576,9562
2023-09-27 12:42:16,35,36,2576,9562
2023-09-27 12:42:29,34,36,2576,9562
2023-09-27 12:42:39,35,36,2576,9562
2023-09-27 12:42:40,35,37,2576,9562
2023-09-27 12:42:41,35,36,2576,9562
2023-09-27 12:42:42,35,37,2576,9562
2023-09-27 12:43:19,35,38,2576,9562
2023-09-27 12:43:21,36,38,2576,9562
2023-09-27 12:44:17,35,38,2576,9562
2023-09-27 12:44:18,35,37,2576,9562
2023-09-27 12:44:34,34,37,2576,9562
2023-09-27 12:44:35,35,37,2576,9562
2023-09-27 12:44:36,34,37,2576,9562
2023-09-27 12:44:37,35,37,2576,9562
2023-09-27 12:44:38,34,37,2576,9562
2023-09-27 12:44:39,35,37,2576,9562
2023-09-27 12:44:43,34,37,2576,9562
2023-09-27 12:44:46,34,36,2576,9562
2023-09-27 12:44:55,35,36,2576,9562
2023-09-27 12:44:57,35,36,2376,9762
2023-09-27 12:44:57,34,36,2376,9762
2023-09-27 12:45:07,34,35,2376,9762
2023-09-27 12:45:22,33,35,2376,9762
2023-09-27 12:45:23,33,35,2376,9763
2023-09-27 12:45:23,33,35,2776,10163
2023-09-27 12:45:24,33,34,2776,10163
2023-09-27 12:45:33,33,35,2776,10163
2023-09-27 12:45:35,34,35,2776,10163
2023-09-27 12:45:39,34,35,2576,10363
2023-09-27 12:45:40,33,35,2576,10363
2023-09-27 12:45:41,33,34,2576,10363
2023-09-27 12:46:03,32,34,2576,10363
2023-09-27 12:46:36,32,33,2576,10363
2023-09-27 12:47:07,31,33,2576,10363
2023-09-27 12:47:18,31,34,2576,10363
2023-09-27 12:47:19,32,34,2576,10363
2023-09-27 12:47:40,32,35,2576,10363
2023-09-27 12:47:43,32,34,2576,10363
2023-09-27 12:47:53,32,35,2576,10363
2023-09-27 12:48:08,33,35,2576,10363
2023-09-27 12:48:11,34,35,2576,10363
2023-09-27 12:48:43,33,35,2576,10363
2023-09-27 12:49:34,34,35,2576,10363
2023-09-27 12:50:05,34,36,2303,10763
2023-09-27 12:50:06,35,36,2303,10763
2023-09-27 12:50:15,34,36,2303,10763
2023-09-27 12:50:23,35,36,2303,10763
2023-09-27 12:50:24,34,36,2303,10763
2023-09-27 12:50:31,34,35,2303,10763
2023-09-27 12:50:37,34,36,2303,10763
2023-09-27 12:51:07,35,36,2303,10763
2023-09-27 12:51:24,34,35,2303,10765
2023-09-27 12:51:29,34,36,2303,10765
2023-09-27 12:51:31,34,35,2303,10765
2023-09-27 12:51:32,34,36,2303,10765
2023-09-27 12:52:01,35,36,2303,10765
2023-09-27 12:52:04,34,36,2303,10765
2023-09-27 12:52:16,35,36,2303,10765
2023-09-27 12:52:44,36,37,2301,10767
2023-09-27 12:52:56,36,38,2301,10767
2023-09-27 12:53:17,37,38,2301,10767
2023-09-27 12:53:57,36,37,2301,10770
2023-09-27 12:54:02,36,38,2301,10770
2023-09-27 12:54:31,36,37,2301,10770
2023-09-27 12:54:32,36,38,2301,10770
2023-09-27 12:55:33,37,38,2301,10770
2023-09-27 12:55:43,37,39,2301,10770
2023-09-27 12:55:43,37,38,2301,10770
2023-09-27 12:56:04,38,39,2301,10773
2023-09-27 12:56:15,38,40,2501,10973
2023-09-27 12:56:57,39,40,2501,10973
2023-09-27 12:57:07,39,41,2501,10973
2023-09-27 12:57:46,39,40,2501,10973
2023-09-27 12:57:56,39,41,2501,10973
2023-09-27 12:57:58,39,40,2501,10973
2023-09-27 12:58:00,39,41,2501,10973
2023-09-27 12:58:02,39,40,2501,10973
2023-09-27 12:58:03,39,41,2501,10973
2023-09-27 12:58:04,39,40,2501,10973
2023-09-27 12:58:05,39,41,2501,10973
2023-09-27 12:58:18,40,41,2501,10973
2023-09-27 12:58:52,40,42,2501,10973
2023-09-27 12:58:59,40,41,2501,10973
2023-09-27 12:59:07,40,42,2501,10973
2023-09-27 12:59:16,40,41,2501,10973
2023-09-27 12:59:23,40,42,2501,10973
2023-09-27 12:59:25,40,41,2501,10973
2023-09-27 12:59:39,40,42,2501,10973
2023-09-27 12:59:40,40,41,2501,10973
2023-09-27 12:59:48,40,42,2501,10973
2023-09-27 12:59:51,40,41,2501,10973
2023-09-27 12:59:59,40,42,2501,10973
2023-09-27 13:00:00,40,41,2501,10973
2023-09-27 13:00:02,40,42,2501,10973
2023-09-27 13:00:03,40,41,2501,10973
2023-09-27 13:00:06,38,40,2502,10974
2023-09-27 13:00:08,38,39,2502,10974
2023-09-27 13:00:23,38,40,2502,10974
2023-09-27 13:00:24,38,39,2502,10974
2023-09-27 13:00:30,37,39,2502,10974
2023-09-27 13:01:10,37,38,2502,10974
2023-09-27 13:01:18,36,38,2502,10974
2023-09-27 13:01:19,36,38,2501,10975
2023-09-27 13:01:25,36,39,2501,10975
2023-09-27 13:01:25,37,39,2501,10975
2023-09-27 13:01:26,36,39,2501,10975
2023-09-27 13:01:26,36,38,2501,10975
2023-09-27 13:01:27,37,38,2501,10975
2023-09-27 13:01:27,36,38,2407,11174
2023-09-27 13:01:28,36,37,2407,11174
2023-09-27 13:01:30,36,38,2407,11174
2023-09-27 13:01:31,37,38,2407,11174
2023-09-27 13:01:32,37,39,2407,11174
2023-09-27 13:01:44,36,39,2407,11174
2023-09-27 13:01:44,36,38,2407,11174
2023-09-27 13:01:47,37,38,2407,11174
2023-09-27 13:01:48,36,38,2407,11174
2023-09-27 13:01:51,37,38,2407,11174
2023-09-27 13:02:01,37,39,2407,11174
2023-09-27 13:02:01,37,38,2407,11174
2023-09-27 13:02:02,37,39,2407,11174
2023-09-27 13:02:03,37,38,2407,11174
2023-09-27 13:02:14,37,39,2407,11174
2023-09-27 13:02:15,37,38,2407,11174
2023-09-27 13:02:16,37,39,2407,11174
2023-09-27 13:02:16,36,37,2408,11175
2023-09-27 13:02:25,36,38,2408,11175
2023-09-27 13:02:28,36,37,2408,11175
2023-09-27 13:02:37,35,37,2408,11175
2023-09-27 13:02:45,35,36,2408,11175
2023-09-27 13:03:04,35,37,2408,11175
2023-09-27 13:03:23,35,36,2408,11175
2023-09-27 13:03:44,34,35,2412,11179
2023-09-27 13:03:57,33,34,2413,11180
2023-09-27 13:04:19,32,34,2783,11580
2023-09-27 13:04:20,32,33,2783,11580
2023-09-27 13:04:23,32,34,2783,11580
2023-09-27 13:04:30,32,33,2783,11580
2023-09-27 13:04:33,32,34,2783,11580
2023-09-27 13:04:35,33,34,2783,11580
2023-09-27 13:04:48,32,34,2783,11580
2023-09-27 13:04:49,33,34,2783,11580
2023-09-27 13:04:50,32,34,2783,11580
2023-09-27 13:04:52,33,34,2783,11580
2023-09-27 13:04:58,33,35,2783,11580
2023-09-27 13:05:04,33,34,2783,11580
2023-09-27 13:05:21,33,35,2783,11580
2023-09-27 13:05:33,33,36,2783,11580
2023-09-27 13:05:41,33,35,2783,11580
2023-09-27 13:05:48,33,36,2783,11580
2023-09-27 13:05:57,34,36,2783,11580
2023-09-27 13:06:10,34,37,2783,11580
2023-09-27 13:06:10,34,36,2783,11580
2023-09-27 13:06:11,35,36,2783,11580
2023-09-27 13:06:22,34,36,2783,11580
2023-09-27 13:06:27,33,36,2783,11580
2023-09-27 13:06:27,33,35,2783,11580
2023-09-27 13:06:28,34,35,2783,11580
2023-09-27 13:06:29,34,36,2783,11580
2023-09-27 13:06:37,34,35,2783,11580
2023-09-27 13:06:38,34,36,2783,11580
2023-09-27 13:06:42,34,35,2783,11580
2023-09-27 13:06:54,34,36,2783,11580
2023-09-27 13:06:56,34,35,2783,11580
2023-09-27 13:06:57,34,36,2783,11580
2023-09-27 13:06:58,34,35,2783,11580
2023-09-27 13:07:03,34,36,2783,11580
2023-09-27 13:07:06,34,35,2783,11580
2023-09-27 13:07:07,33,35,2783,11580
2023-09-27 13:07:08,34,35,2783,11580
2023-09-27 13:07:09,33,35,2783,11580
2023-09-27 13:07:15,34,35,2783,11580
2023-09-27 13:07:17,33,35,2783,11580
2023-09-27 13:07:19,34,35,2783,11580
2023-09-27 13:07:21,34,36,2783,11580
2023-09-27 13:07:26,35,36,2783,11580
2023-09-27 13:07:49,36,38,2789,11592
2023-09-27 13:07:51,37,38,2789,11592
2023-09-27 13:07:53,36,38,2789,11592
2023-09-27 13:08:12,36,38,2783,11598
2023-09-27 13:08:15,36,37,2783,11598
2023-09-27 13:08:15,35,37,2783,11598
2023-09-27 13:08:40,35,36,2783,11598
2023-09-27 13:08:49,33,35,2783,11600
2023-09-27 13:08:50,33,34,2783,11600
2023-09-27 13:08:56,32,33,2784,11601
2023-09-27 13:09:04,32,34,2784,11601
2023-09-27 13:09:07,33,34,2784,11601
2023-09-27 13:09:10,33,35,2784,11601
2023-09-27 13:09:15,33,34,2784,11601
2023-09-27 13:09:27,33,35,2784,11601
2023-09-27 13:09:59,33,34,2784,11601
2023-09-27 13:10:10,32,34,2784,11601
2023-09-27 13:10:41,33,34,2784,11601
2023-09-27 13:10:48,33,35,2784,11601
2023-09-27 13:11:03,34,35,2784,11601
2023-09-27 13:11:13,33,34,2786,11603
2023-09-27 13:11:13,33,34,2787,11604
2023-09-27 13:11:14,32,34,2787,11604
2023-09-27 13:11:14,32,33,2787,11604
2023-09-27 13:11:15,33,34,2968,11785
2023-09-27 13:11:16,32,34,2968,11785
2023-09-27 13:11:16,33,34,2968,11785
2023-09-27 13:11:17,33,35,2968,11785
2023-09-27 13:11:33,34,35,2968,11785
2023-09-27 13:11:34,33,35,2968,11785
2023-09-27 13:11:34,34,35,2968,11785
2023-09-27 13:12:10,34,37,2968,11785
2023-09-27 13:12:11,34,35,2968,11785
2023-09-27 13:12:18,34,37,2968,11791
2023-09-27 13:12:33,35,37,2968,11791
2023-09-27 13:12:34,35,38,2968,11791
2023-09-27 13:12:36,36,38,2968,11791
2023-09-27 13:12:43,37,38,2968,11791
2023-09-27 13:13:13,36,38,2968,11791
2023-09-27 13:13:16,37,38,2968,11791
2023-09-27 13:13:16,37,39,2968,11791
2023-09-27 13:13:49,37,40,2968,11791
2023-09-27 13:13:49,38,40,2968,11791
2023-09-27 13:13:51,38,41,2968,11791
2023-09-27 13:13:51,39,41,2968,11791
2023-09-27 13:13:55,40,41,2968,11791
2023-09-27 13:14:34,40,42,2968,11791
2023-09-27 13:14:46,40,42,3163,11986
2023-09-27 13:14:46,41,42,3163,11986
2023-09-27 13:14:46,41,43,3163,11986
2023-09-27 13:14:46,41,44,2963,12186
2023-09-27 13:14:47,42,44,2963,12186
2023-09-27 13:14:47,43,44,2963,12186
2023-09-27 13:15:02,42,43,2966,12189
2023-09-27 13:15:03,41,43,2966,12189
2023-09-27 13:15:22,41,42,2966,12189
2023-09-27 13:15:24,40,42,2966,12189
2023-09-27 13:15:24,41,42,2966,12189
2023-09-27 13:15:25,41,43,2966,12189
2023-09-27 13:15:25,40,43,2966,12189
2023-09-27 13:15:26,41,43,2966,12189
2023-09-27 13:15:30,40,43,2966,12189
2023-09-27 13:15:31,41,43,2966,12189
2023-09-27 13:15:32,40,43,2966,12189
2023-09-27 13:15:34,41,43,2966,12189
2023-09-27 13:15:44,41,42,2966,12189
2023-09-27 13:15:44,40,42,2966,12189
2023-09-27 13:16:36,40,43,2966,12189
2023-09-27 13:16:36,41,43,2966,12189
2023-09-27 13:17:14,41,42,2966,12189
2023-09-27 13:17:14,40,42,2966,12189
2023-09-27 13:17:30,40,43,2966,12189
2023-09-27 13:17:30,41,43,2966,12189
2023-09-27 13:17:35,41,44,2966,12189
2023-09-27 13:17:40,41,43,2966,12189
2023-09-27 13:17:43,41,44,2966,12189
2023-09-27 13:17:44,42,44,2966,12189
2023-09-27 13:17:48,43,44,2966,12189
2023-09-27 13:18:05,44,45,2969,12195
2023-09-27 13:18:14,44,46,2969,12195
2023-09-27 13:18:18,44,45,2969,12195
2023-09-27 13:18:20,44,46,2969,12195
2023-09-27 13:18:26,44,45,2969,12195
2023-09-27 13:18:32,44,45,2969,12198
2023-09-27 13:18:40,43,45,2969,12198
2023-09-27 13:18:42,44,45,2969,12198
2023-09-27 13:18:44,43,45,2969,12198
2023-09-27 13:18:45,44,45,2969,12198
2023-09-27 13:18:46,43,45,2969,12198
2023-09-27 13:18:49,44,45,2969,12198
2023-09-27 13:18:50,43,45,2969,12198
2023-09-27 13:19:15,44,45,2969,12198
2023-09-27 13:19:16,43,45,2969,12198
2023-09-27 13:19:19,44,45,2969,12198
2023-09-27 13:19:21,43,45,2969,12198
2023-09-27 13:19:26,44,45,2969,12198
2023-09-27 13:19:27,43,45,2969,12198
2023-09-27 13:19:28,44,45,2969,12198
2023-09-27 13:19:30,43,45,2969,12198
2023-09-27 13:19:58,44,45,2969,12198
2023-09-27 13:20:07,43,45,2969,12198
2023-09-27 13:20:35,44,45,2969,12198
2023-09-27 13:20:39,44,46,2969,12198
2023-09-27 13:20:41,44,45,2969,12198
2023-09-27 13:20:42,44,46,2969,12198
2023-09-27 13:20:47,44,45,2969,12198
2023-09-27 13:20:49,44,46,2969,12198
2023-09-27 13:20:50,45,46,2969,12198
2023-09-27 13:21:07,45,47,2969,12198
2023-09-27 13:21:15,45,46,2969,12198
2023-09-27 13:21:24,45,47,3197,12829
2023-09-27 13:21:25,45,46,3197,12829
2023-09-27 13:21:46,45,47,3197,12829
2023-09-27 13:21:47,45,46,3197,12829
2023-09-27 13:21:50,45,47,3197,12829
2023-09-27 13:21:54,45,47,3197,12929
2023-09-27 13:22:06,46,47,3197,12929
2023-09-27 13:22:10,46,48,3197,12929
2023-09-27 13:22:20,46,47,3197,12929
2023-09-27 13:22:57,46,48,3197,12929
2023-09-27 13:23:06,46,47,3197,12929
2023-09-27 13:23:09,46,48,3197,12929
2023-09-27 13:23:11,46,47,3197,12929
2023-09-27 13:23:12,46,48,3197,12929
2023-09-27 13:23:19,46,47,3197,12929
2023-09-27 13:23:22,46,48,3197,12929
2023-09-27 13:23:24,46,47,3197,12929
2023-09-27 13:23:53,45,47,3197,12929
2023-09-27 13:23:59,46,47,3197,12929
2023-09-27 13:24:23,45,47,3197,12929
2023-09-27 13:24:28,46,47,3197,12929
2023-09-27 13:24:33,46,48,3197,12929
2023-09-27 13:25:07,46,47,3197,12929
2023-09-27 13:25:09,45,47,3197,12929
2023-09-27 13:25:10,46,47,3197,12929
2023-09-27 13:25:12,46,48,3197,12929
2023-09-27 13:25:13,46,47,3197,12929
2023-09-27 13:25:14,46,48,3197,12929
2023-09-27 13:25:43,47,48,3197,12929
2023-09-27 13:26:06,47,49,3197,12929
2023-09-27 13:26:26,48,49,3197,12929
2023-09-27 13:27:00,48,50,3197,12929
2023-09-27 13:27:01,49,50,3197,12929
2023-09-27 13:28:33,49,51,3197,12929
2023-09-27 13:28:35,50,51,3197,12929
2023-09-27 13:28:42,49,51,3197,12929
2023-09-27 13:29:01,49,50,3197,12929
2023-09-27 13:29:16,49,51,3197,12929
2023-09-27 13:29:42,49,50,3197,12929
2023-09-27 13:29:44,49,50,3297,13029
2023-09-27 13:29:46,49,51,3297,13029
2023-09-27 13:29:51,49,50,3297,13029
2023-09-27 13:29:54,49,51,3297,13029
2023-09-27 13:29:56,49,50,3297,13029
2023-09-27 13:29:59,49,51,3297,13029
2023-09-27 13:30:05,50,51,3297,13029
2023-09-27 13:30:37,49,51,3297,13029
2023-09-27 13:30:38,49,50,3297,13029
2023-09-27 13:30:41,49,51,3297,13029
2023-09-27 13:30:49,50,51,3297,13029
2023-09-27 13:30:53,49,51,3297,13029
2023-09-27 13:30:56,49,50,3297,13029
2023-09-27 13:31:03,49,51,3297,13029
2023-09-27 13:31:24,49,50,3297,13029
2023-09-27 13:35:33,49,50,3397,13229
2023-09-27 13:35:33,49,51,3397,13229
2023-09-27 13:35:38,50,51,3397,13229
2023-09-27 13:35:57,50,52,3397,13229
2023-09-27 13:36:20,50,51,3397,13229
2023-09-27 13:36:20,50,52,3397,13229
2023-09-27 13:36:29,50,51,3397,13229
2023-09-27 13:36:41,50,52,3397,13229
2023-09-27 13:38:32,50,51,3397,13229
2023-09-27 13:38:33,50,52,3397,13229
2023-09-27 13:39:04,50,51,3397,13229
2023-09-27 13:39:05,50,52,3397,13229
2023-09-27 13:39:31,51,52,3397,13229
2023-09-27 13:39:59,51,53,3397,13229
2023-09-27 13:40:07,52,53,3397,13229
2023-09-27 13:41:48,51,53,3397,13229
2023-09-27 13:41:59,51,52,3397,13229
2023-09-27 13:42:01,50,52,3397,13229
2023-09-27 13:42:02,51,52,3397,13229
2023-09-27 13:42:13,51,53,3397,13229
2023-09-27 13:42:30,51,52,3397,13229
2023-09-27 13:42:41,51,53,3397,13229
2023-09-27 13:42:49,51,52,3397,13229
2023-09-27 13:42:54,51,53,3397,13229
2023-09-27 13:43:01,51,52,3397,13229
2023-09-27 13:43:06,51,53,3397,13229
2023-09-27 13:43:32,51,53,3477,13562
2023-09-27 13:44:20,52,53,3477,13562
2023-09-27 13:44:44,52,54,3477,13562
2023-09-27 13:44:52,52,54,3487,13572
2023-09-27 13:44:55,53,54,3487,13572
2023-09-27 13:46:05,53,55,3487,13572
2023-09-27 13:46:14,54,55,3487,13572
2023-09-27 13:52:12,54,56,3487,13572
2023-09-27 13:52:32,55,56,3487,13572
2023-09-27 13:54:51,55,56,3488,13573
2023-09-27 13:57:49,55,57,3488,13573
2023-09-27 13:57:49,56,57,3488,13573
2023-09-27 14:02:31,56,57,3548,13633
2023-09-27 14:04:52,56,58,3548,13633
2023-09-27 14:04:54,57,58,3548,13633
2023-09-27 14:06:26,56,58,3538,13648
2023-09-27 14:06:26,57,58,3538,13648
2023-09-27 14:06:27,56,57,3539,13649
2023-09-27 14:06:34,56,58,3539,13649
2023-09-27 14:06:35,57,58,3539,13649
2023-09-27 14:08:04,57,59,3539,13649
2023-09-27 14:08:04,57,58,3539,13649
2023-09-27 14:08:57,57,59,3539,13649
2023-09-27 14:08:58,57,58,3539,13649
2023-09-27 14:09:37,57,59,3539,13649
2023-09-27 14:09:38,57,58,3539,13649
2023-09-27 14:10:30,56,58,3539,13649
2023-09-27 14:10:33,57,58,3539,13649
2023-09-27 14:10:42,56,58,3539,13649
2023-09-27 14:10:48,57,58,3539,13649
2023-09-27 14:11:56,56,58,3539,13649
2023-09-27 14:11:57,57,58,3539,13649
2023-09-27 14:12:04,56,58,3539,13649
2023-09-27 14:12:05,57,58,3539,13649
2023-09-27 14:12:06,56,58,3539,13649
2023-09-27 14:12:11,56,57,3539,13649
2023-09-27 14:12:13,56,58,3539,13649
2023-09-27 14:12:15,57,58,3539,13649
2023-09-27 14:12:15,56,58,3539,13649
2023-09-27 14:12:17,57,58,3539,13649
2023-09-27 14:12:18,56,58,3539,13649
2023-09-27 14:12:22,57,58,3539,13649
2023-09-27 14:12:48,57,59,3539,13649
2023-09-27 14:12:49,57,58,3539,13649
2023-09-27 14:13:12,57,59,3539,13649
2023-09-27 14:13:13,57,58,3539,13649
2023-09-27 14:13:45,57,59,3539,13649
2023-09-27 14:13:46,57,58,3539,13649
2023-09-27 14:13:47,57,59,3539,13655
2023-09-27 14:15:14,57,59,3794,13910
2023-09-27 14:15:15,58,59,3794,13910
2023-09-27 14:15:15,58,59,3914,14030
2023-09-27 14:17:04,57,59,3914,14030
2023-09-27 14:17:04,57,58,3914,14030
2023-09-27 14:17:17,57,58,3914,14230
2023-09-27 14:17:17,57,59,3914,14230
2023-09-27 14:17:20,58,59,3914,14230
2023-09-27 14:17:40,57,59,3914,14230
2023-09-27 14:17:42,58,59,3914,14230
2023-09-27 14:18:02,57,58,3915,14231
2023-09-27 14:18:10,57,58,3915,14431
2023-09-27 14:18:10,57,59,3915,14431
2023-09-27 14:18:11,58,59,3915,14431
2023-09-27 14:18:13,57,59,3915,14431
2023-09-27 14:18:17,58,59,3915,14431
2023-09-27 14:18:38,57,59,3915,14431
2023-09-27 14:18:39,58,59,3915,14431
2023-09-27 14:18:59,59,60,3914,14432
2023-09-27 14:19:32,59,61,3914,14432
2023-09-27 14:19:48,60,61,3914,14432
2023-09-27 14:20:28,60,62,4115,14633
2023-09-27 14:21:02,61,62,4115,14633
2023-09-27 14:21:10,60,62,4115,14633
2023-09-27 14:21:15,60,61,4115,14633
2023-09-27 14:21:25,59,60,4119,14637
2023-09-27 14:22:00,59,61,4119,14637
2023-09-27 14:22:01,60,61,4119,14637
2023-09-27 14:22:44,59,60,4120,14638
2023-09-27 14:23:11,59,61,4120,14638
2023-09-27 14:23:13,59,60,4120,14638
2023-09-27 14:23:20,59,61,4120,14638
2023-09-27 14:23:21,59,60,4120,14638
2023-09-27 14:24:25,59,61,4120,14638
2023-09-27 14:24:28,60,61,4120,14638
2023-09-27 14:24:29,59,61,4120,14638
2023-09-27 14:24:33,60,61,4120,14638
2023-09-27 14:24:34,59,61,4120,14638
2023-09-27 14:24:37,60,61,4120,14638
2023-09-27 14:24:38,59,61,4120,14638
2023-09-27 14:24:40,60,61,4120,14638
2023-09-27 14:24:41,59,61,4120,14638
2023-09-27 14:24:43,59,60,4120,14638
2023-09-27 14:24:53,59,61,4409,14927
2023-09-27 14:24:54,59,60,4409,14927
2023-09-27 14:25:25,59,61,4409,14927
2023-09-27 14:25:27,59,60,4409,14927
2023-09-27 14:25:30,59,61,4409,14927
2023-09-27 14:25:31,59,60,4409,14927
2023-09-27 14:25:38,59,60,4249,15087
2023-09-27 14:25:43,59,61,4249,15087
2023-09-27 14:25:48,60,61,4249,15087
2023-09-27 14:25:49,59,61,4249,15087
2023-09-27 14:25:56,60,61,4249,15087
2023-09-27 14:26:01,60,62,4249,15087
2023-09-27 14:26:01,60,61,4249,15087
2023-09-27 14:26:22,59,60,4250,15088
2023-09-27 14:26:34,58,60,4294,15288
2023-09-27 14:26:35,58,59,4294,15288
2023-09-27 14:26:42,57,59,4294,15288
2023-09-27 14:26:46,57,58,4294,15288
2023-09-27 14:26:50,56,58,4294,15288
2023-09-27 14:26:50,56,57,4294,15288
2023-09-27 14:26:50,55,57,4294,15288
2023-09-27 14:26:51,55,57,4294,15294
2023-09-27 14:26:51,55,56,4294,15294
2023-09-27 14:26:54,55,56,4294,15474
2023-09-27 14:26:54,54,56,4308,15488
2023-09-27 14:26:55,54,55,4308,15488
2023-09-27 14:26:56,53,55,4308,15488
2023-09-27 14:26:56,53,54,4308,15488
2023-09-27 14:26:58,51,54,4308,15488
2023-09-27 14:26:59,51,53,4308,15488
2023-09-27 14:27:01,52,53,4308,15488
2023-09-27 14:27:02,51,53,4308,15488
2023-09-27 14:27:03,52,53,4308,15488
2023-09-27 14:27:25,51,53,4308,15488
2023-09-27 14:27:29,51,52,4308,15488
2023-09-27 14:27:38,50,52,4308,15488
2023-09-27 14:27:41,50,51,4308,15488
2023-09-27 14:27:49,49,51,4308,15488
2023-09-27 14:27:50,49,50,4308,15488
2023-09-27 14:28:03,49,51,4308,15488
2023-09-27 14:28:13,49,50,4308,15488
2023-09-27 14:28:17,49,51,4308,15488
2023-09-27 14:28:18,49,50,4308,15488
2023-09-27 14:28:28,48,50,4308,15488
2023-09-27 14:28:31,48,49,4308,15488
2023-09-27 14:28:33,47,49,4308,15488
2023-09-27 14:28:35,46,49,4308,15488
2023-09-27 14:28:35,46,48,4308,15488
2023-09-27 14:28:36,45,48,4308,15488
2023-09-27 14:28:36,45,47,4308,15488
2023-09-27 14:28:36,45,46,4308,15488
2023-09-27 14:28:40,45,46,4508,15688
2023-09-27 14:28:40,44,45,4509,15689
2023-09-27 14:28:41,43,45,4509,15689
2023-09-27 14:28:52,42,45,4509,15689
2023-09-27 14:28:53,42,44,4509,15689
2023-09-27 14:28:54,42,43,4509,15689
2023-09-27 14:28:54,41,43,4509,15689
2023-09-27 14:28:54,41,42,4509,15689
2023-09-27 14:28:54,41,42,4509,15690
2023-09-27 14:28:57,40,42,4509,15690
2023-09-27 14:28:57,39,42,4509,15690
2023-09-27 14:28:57,39,41,4509,15690
2023-09-27 14:28:58,39,41,4784,15965
2023-09-27 14:28:58,39,40,4784,15965
2023-09-27 14:29:02,38,40,4784,15965
2023-09-27 14:29:05,39,40,4784,15965
2023-09-27 14:29:07,39,41,4784,15965
2023-09-27 14:29:10,39,42,4784,15965
2023-09-27 14:29:11,39,43,4784,15965
2023-09-27 14:29:11,39,42,4784,15965
2023-09-27 14:29:12,40,42,4784,15965
2023-09-27 14:29:16,40,41,4784,15965
2023-09-27 14:29:16,39,41,4784,15965
2023-09-27 14:29:18,39,40,4784,15965
2023-09-27 14:29:19,38,40,4784,15965
2023-09-27 14:29:25,39,40,4784,15965
2023-09-27 14:29:31,38,40,4784,15965
2023-09-27 14:29:36,38,39,4784,15965
2023-09-27 14:29:39,37,39,4784,15965
2023-09-27 14:29:40,37,38,4784,15965
2023-09-27 14:29:53,37,38,5034,16215
2023-09-27 14:29:54,37,39,5054,16235
2023-09-27 14:29:54,37,38,5054,16235
2023-09-27 14:29:55,37,39,5302,16483
2023-09-27 14:29:55,37,38,5302,16483
2023-09-27 14:29:57,37,38,5552,16733
2023-09-27 14:29:58,37,39,5552,16733
2023-09-27 14:29:59,37,38,5552,16733
2023-09-27 14:30:00,37,39,5552,16733
2023-09-27 14:30:01,37,38,5552,16733
2023-09-27 14:30:02,36,37,5552,16737
2023-09-27 14:30:02,35,37,5552,16737
2023-09-27 14:30:04,34,37,5552,16737
2023-09-27 14:30:04,34,36,5552,16737
2023-09-27 14:30:05,34,35,5552,16737
2023-09-27 14:30:05,33,35,5552,16737
2023-09-27 14:30:06,33,34,5552,16737
2023-09-27 14:30:06,32,34,5552,16737
2023-09-27 14:30:07,32,33,5552,16737
2023-09-27 14:30:10,30,32,5554,16739
2023-09-27 14:30:16,30,31,5554,16739
2023-09-27 14:30:16,29,31,5554,16739
2023-09-27 14:30:24,28,31,5554,16739
2023-09-27 14:30:25,29,31,5554,16739
2023-09-27 14:30:31,28,31,5554,16739
2023-09-27 14:30:31,28,31,5554,16745
2023-09-27 14:30:33,29,31,5554,16745
2023-09-27 14:30:57,28,31,5554,16745
2023-09-27 14:30:59,29,31,5554,16745
2023-09-27 14:31:04,28,31,5554,16745
2023-09-27 14:31:06,28,30,5554,16745
2023-09-27 14:31:06,28,29,5554,16745
2023-09-27 14:31:06,27,29,5629,16820
2023-09-27 14:31:06,27,28,5629,16820
2023-09-27 14:31:07,25,28,5629,16820
2023-09-27 14:31:07,25,27,5629,16820
2023-09-27 14:31:07,25,26,5629,16820
2023-09-27 14:31:09,24,26,5629,16820
2023-09-27 14:31:09,24,25,5629,16820
2023-09-27 14:31:22,23,25,5629,16820
2023-09-27 14:31:22,23,24,5629,16820
2023-09-27 14:31:25,23,25,5554,17020
2023-09-27 14:31:26,23,24,5554,17020
2023-09-27 14:31:27,21,24,5614,17080
2023-09-27 14:31:28,21,23,5614,17080
2023-09-27 14:31:33,22,23,5614,17080
2023-09-27 14:31:33,22,24,5614,17080
2023-09-27 14:31:34,23,24,5614,17080
2023-09-27 14:31:35,23,26,5614,17080
2023-09-27 14:31:36,24,26,5614,17080
2023-09-27 14:31:36,24,27,5614,17080
2023-09-27 14:31:36,24,26,5614,17080
2023-09-27 14:31:37,23,26,5614,17080
2023-09-27 14:31:37,24,26,5614,17080
2023-09-27 14:31:38,23,26,5614,17080
2023-09-27 14:31:38,23,25,5614,17080
2023-09-27 14:31:47,23,26,5614,17080
2023-09-27 14:31:48,23,25,5614,17080
2023-09-27 14:31:56,23,24,5614,17080
2023-09-27 14:31:57,21,23,5615,17081
2023-09-27 14:31:58,21,22,5615,17081
2023-09-27 14:32:12,21,23,5615,17081
2023-09-27 14:32:15,22,23,5615,17081
2023-09-27 14:32:20,22,23,5865,17331
2023-09-27 14:32:20,22,25,5865,17331
2023-09-27 14:32:21,22,24,5865,17331
2023-09-27 14:32:22,22,23,5865,17331
2023-09-27 14:32:23,22,24,5865,17331
2023-09-27 14:32:25,22,23,5865,17331
2023-09-27 14:32:26,22,24,6076,17542
2023-09-27 14:32:26,21,24,6076,17542
2023-09-27 14:32:27,21,23,6076,17542
2023-09-27 14:32:40,22,23,6076,17542
2023-09-27 14:32:41,21,23,6076,17542
2023-09-27 14:32:46,20,23,6076,17542
2023-09-27 14:32:48,20,22,6076,17542
2023-09-27 14:32:49,20,23,6076,17542
2023-09-27 14:32:51,20,22,6076,17542
2023-09-27 14:32:57,20,21,6076,17542
2023-09-27 14:33:30,20,21,6276,17742
2023-09-27 14:33:31,20,23,6276,17742
2023-09-27 14:33:32,21,23,6276,17742
2023-09-27 14:33:40,21,24,6276,17742
2023-09-27 14:33:40,22,24,6276,17742
2023-09-27 14:33:42,22,23,6276,17742
2023-09-27 14:33:43,22,23,6526,17992
2023-09-27 14:33:47,22,24,6526,17992
2023-09-27 14:33:51,23,24,6526,17992
2023-09-27 14:33:53,24,25,6527,17994
2023-09-27 14:33:53,24,26,6527,17994
2023-09-27 14:33:54,24,25,6527,17994
2023-09-27 14:33:55,24,26,6527,17994
2023-09-27 14:33:55,24,27,6527,17994
2023-09-27 14:33:56,24,26,6527,17994
2023-09-27 14:33:57,24,25,6527,17994
2023-09-27 14:34:00,24,26,6527,17994
2023-09-27 14:34:02,24,25,6527,17994
2023-09-27 14:34:05,24,26,6527,17994
2023-09-27 14:34:06,24,25,6527,17994
2023-09-27 14:34:29,22,24,6526,17995
2023-09-27 14:34:29,21,23,6526,17995
2023-09-27 14:34:34,22,23,6526,17995
2023-09-27 14:34:37,22,25,6526,17995
2023-09-27 14:34:38,22,24,6526,17995
2023-09-27 14:34:41,23,24,6526,17995
2023-09-27 14:34:45,23,25,6526,17995
2023-09-27 14:34:49,23,24,6526,17995
2023-09-27 14:34:57,22,24,6526,17995
2023-09-27 14:34:59,21,24,6526,17995
2023-09-27 14:34:59,21,23,6526,17995
2023-09-27 14:35:00,21,22,6526,17995
2023-09-27 14:35:01,20,22,6526,17995
2023-09-27 14:35:02,20,21,6526,17995
2023-09-27 14:35:04,19,21,6526,17995
2023-09-27 14:35:04,19,20,6526,17995
2023-09-27 14:35:08,18,20,6526,18261
2023-09-27 14:35:08,18,19,6526,18261
2023-09-27 14:35:09,18,20,6526,18261
2023-09-27 14:35:15,18,19,6526,18261
2023-09-27 14:35:17,17,19,6526,18261
2023-09-27 14:35:18,17,18,6526,18261
2023-09-27 14:35:31,16,18,6526,18261
2023-09-27 14:35:32,16,17,6526,18261
2023-09-27 14:35:39,16,17,6726,18461
2023-09-27 14:35:39,16,18,6726,18461
2023-09-27 14:35:39,16,19,6726,18461
2023-09-27 14:35:40,16,18,6726,18461
2023-09-27 14:35:41,17,18,6726,18461
2023-09-27 14:35:42,16,18,6726,18461
2023-09-27 14:35:44,16,17,6726,18461
2023-09-27 14:35:46,16,18,6726,18461
2023-09-27 14:35:47,16,17,6726,18461
2023-09-27 14:35:51,15,17,6726,18461
2023-09-27 14:35:51,15,16,6726,18461
2023-09-27 14:35:53,15,16,6726,18641
2023-09-27 14:36:01,14,15,6726,18711
2023-09-27 14:36:03,14,16,6726,18711
2023-09-27 14:36:05,14,15,6726,18711
2023-09-27 14:36:11,13,15,6726,18711
2023-09-27 14:36:12,13,15,6776,18961
2023-09-27 14:36:13,13,14,6776,18961
2023-09-27 14:36:14,13,16,6776,18961
2023-09-27 14:36:15,14,16,6776,18961
2023-09-27 14:36:15,13,16,6726,19011
2023-09-27 14:36:16,14,16,6726,19011
2023-09-27 14:36:21,14,17,6726,19011
2023-09-27 14:36:29,15,17,6726,19011
2023-09-27 14:36:35,15,16,6726,19011
2023-09-27 14:36:39,14,16,6726,19011
2023-09-27 14:36:49,13,16,6726,19011
2023-09-27 14:36:53,14,16,6726,19011
2023-09-27 14:36:54,13,16,6726,19011
2023-09-27 14:37:00,13,15,6726,19011
2023-09-27 14:37:02,13,16,6726,19011
2023-09-27 14:37:10,14,16,6726,19011
2023-09-27 14:37:32,13,16,6726,19011
2023-09-27 14:37:39,14,16,6726,19011
2023-09-27 14:37:45,13,16,6726,19011
2023-09-27 14:38:05,13,15,6726,19011
2023-09-27 14:38:06,13,14,6726,19011
2023-09-27 14:38:09,12,14,6726,19011
2023-09-27 14:38:09,12,13,6726,19011
2023-09-27 14:38:27,12,14,6726,19011
2023-09-27 14:38:29,12,13,6726,19011
2023-09-27 14:38:30,12,14,6726,19011
2023-09-27 14:38:39,13,14,6726,19011
2023-09-27 14:38:40,13,15,6726,19011
2023-09-27 14:38:44,13,14,6726,19011
2023-09-27 14:38:45,13,15,6726,19011
2023-09-27 14:38:46,13,14,6726,19011
2023-09-27 14:38:48,12,14,6726,19011
2023-09-27 14:38:49,13,14,6726,19011
2023-09-27 14:38:50,12,14,6726,19011
2023-09-27 14:39:05,11,14,6726,19011
2023-09-27 14:39:05,11,13,6726,19011
2023-09-27 14:39:05,11,12,6726,19011
2023-09-27 14:39:06,11,13,6726,19011
2023-09-27 14:39:06,11,12,6726,19011
2023-09-27 14:39:22,11,13,6726,19011
2023-09-27 14:39:28,11,12,6726,19011
2023-09-27 14:39:32,11,12,6764,19071
2023-09-27 14:39:56,10,11,6764,19261
2023-09-27 14:39:58,10,11,6814,19311
2023-09-27 14:40:11,10,11,6815,19312
2023-09-27 14:40:19,9,11,6815,19312
2023-09-27 14:40:29,9,11,6816,19313
2023-09-27 14:40:39,10,11,6816,19313
2023-09-27 14:40:41,10,12,6816,19313
2023-09-27 14:40:41,10,12,6816,19373
2023-09-27 14:40:45,10,12,6916,19473
2023-09-27 14:40:46,10,12,6916,19474
2023-09-27 14:40:48,11,12,6916,19474
2023-09-27 14:40:50,11,13,6916,19474
2023-09-27 14:40:51,12,13,6916,19474
2023-09-27 14:40:53,11,13,6916,19474
2023-09-27 14:40:54,12,13,6916,19474
2023-09-27 14:40:55,12,14,6916,19474
2023-09-27 14:41:06,12,15,6916,19474
2023-09-27 14:41:07,13,15,6916,19474
2023-09-27 14:41:12,13,14,6916,19474
2023-09-27 14:41:13,12,14,6916,19474
2023-09-27 14:41:17,12,13,6916,19474
2023-09-27 14:41:17,11,13,6916,19474
2023-09-27 14:41:32,10,13,6916,19474
2023-09-27 14:41:36,11,13,6916,19474
2023-09-27 14:41:38,11,12,6916,19474
2023-09-27 14:41:38,11,12,6916,19475
2023-09-27 14:41:38,10,12,6916,19475
2023-09-27 14:41:40,10,11,6916,19475
2023-09-27 14:41:44,10,12,6916,19475
2023-09-27 14:41:50,10,11,6916,19475
2023-09-27 14:41:52,9,11,6916,19475
2023-09-27 14:41:54,9,10,6916,19475
2023-09-27 14:41:55,9,10,6917,19476
2023-09-27 14:41:56,9,11,6917,19476
2023-09-27 14:42:09,9,10,6917,19476
2023-09-27 14:42:10,8,10,6917,19476
2023-09-27 14:42:12,8,10,6918,19477
2023-09-27 14:42:20,9,10,6918,19477
2023-09-27 14:42:28,9,11,6918,19477
2023-09-27 14:42:32,9,12,6918,19477
2023-09-27 14:42:40,10,12,6918,19477
2023-09-27 14:42:42,9,12,6918,19477
2023-09-27 14:42:43,9,11,6918,19477
2023-09-27 14:42:43,9,11,6918,19487
2023-09-27 14:42:44,9,12,6918,19487
2023-09-27 14:42:45,9,11,6918,19487
2023-09-27 14:42:47,9,12,6918,19487
2023-09-27 14:42:48,9,11,6918,19487
2023-09-27 14:43:18,8,11,6918,19487
2023-09-27 14:43:19,9,11,6918,19487
2023-09-27 14:43:23,8,11,6918,19487
2023-09-27 14:43:24,9,11,6918,19487
2023-09-27 14:43:28,9,10,6918,19487
2023-09-27 14:43:29,7,9,6846,19957
2023-09-27 14:43:30,7,8,6846,19957
2023-09-27 14:43:38,7,9,6846,19957
2023-09-27 14:43:40,8,9,6846,19957
2023-09-27 14:43:45,8,10,6846,19957
2023-09-27 14:43:45,8,11,6846,19957
2023-09-27 14:43:45,8,10,6846,19957
2023-09-27 14:43:50,8,11,6846,19957
2023-09-27 14:43:53,8,10,6846,19957
2023-09-27 14:44:02,7,10,6846,19957
2023-09-27 14:44:14,8,10,6846,19957
2023-09-27 14:44:43,7,10,6846,19957
2023-09-27 14:44:54,7,9,6846,19957
2023-09-27 14:45:08,7,8,6846,19957
2023-09-27 14:45:12,7,8,6934,20045
2023-09-27 14:45:13,6,8,7096,20207
2023-09-27 14:45:14,6,7,7096,20207
2023-09-27 14:45:18,6,8,7096,20207
2023-09-27 14:45:27,7,8,7096,20207
2023-09-27 14:45:47,6,8,7096,20207
2023-09-27 14:45:49,7,8,7096,20207
2023-09-27 14:45:49,6,7,6893,20410
2023-09-27 14:46:03,6,8,6893,20410
2023-09-27 14:46:10,7,8,6893,20410
2023-09-27 14:46:19,6,8,6893,20410
2023-09-27 14:46:19,6,7,6893,20410
2023-09-27 14:46:29,6,8,6893,20410
2023-09-27 14:46:31,6,7,6893,20410
2023-09-27 14:46:51,6,8,6893,20410
2023-09-27 14:47:01,6,7,6893,20410
2023-09-27 14:47:17,6,8,6893,20410
2023-09-27 14:47:18,7,8,6893,20410
2023-09-27 14:47:23,7,9,6893,20410
2023-09-27 14:47:28,8,9,6893,20410
2023-09-27 14:48:10,8,9,7093,20610
2023-09-27 14:48:16,8,11,7093,20610
2023-09-27 14:48:17,9,11,7093,20610
2023-09-27 14:48:17,9,10,7093,20610
2023-09-27 14:48:19,8,10,7093,20610
2023-09-27 14:48:24,9,10,7093,20610
2023-09-27 14:48:25,9,11,7093,20610
2023-09-27 14:48:30,9,10,7093,20610
2023-09-27 14:48:31,9,11,7093,20610
2023-09-27 14:48:32,10,11,7093,20610
2023-09-27 14:48:38,10,12,7093,20610
2023-09-27 14:48:41,10,11,7093,20610
2023-09-27 14:49:10,8,11,7193,20710
2023-09-27 14:49:13,9,11,7193,20710
2023-09-27 14:49:49,9,12,7193,20710
2023-09-27 14:49:53,10,12,7193,20710
2023-09-27 14:50:00,10,11,7193,20710
2023-09-27 14:50:01,10,12,7193,20710
2023-09-27 14:50:02,10,11,7193,20710
2023-09-27 14:50:05,10,12,7193,20710
2023-09-27 14:50:10,10,11,7193,20710
2023-09-27 14:50:16,10,12,7193,20710
2023-09-27 14:50:18,10,11,7193,20710
2023-09-27 14:50:25,10,11,7393,20910
2023-09-27 14:50:25,10,12,7393,20910
2023-09-27 14:50:52,11,12,7393,20910
2023-09-27 14:52:24,11,12,7459,20976
2023-09-27 14:52:29,10,12,7525,21042
2023-09-27 14:52:29,9,12,7525,21042
2023-09-27 14:52:30,9,11,7525,21042
2023-09-27 14:52:43,10,11,7525,21042
2023-09-27 14:52:54,10,11,7525,21052
2023-09-27 14:52:56,10,12,7525,21052
2023-09-27 14:52:57,10,11,7525,21052
2023-09-27 14:53:16,9,11,7525,21052
2023-09-27 14:53:20,9,10,7525,21052
2023-09-27 14:53:23,8,10,7525,21052
2023-09-27 14:53:45,8,11,7525,21052
2023-09-27 14:53:46,9,11,7525,21052
2023-09-27 14:53:53,10,11,7525,21052
2023-09-27 14:54:20,10,11,7611,21138
2023-09-27 14:54:23,9,11,7611,21138
2023-09-27 14:54:24,8,11,7611,21138
2023-09-27 14:54:46,8,10,7611,21138
2023-09-27 14:54:51,8,9,7611,21138
2023-09-27 14:55:29,7,9,7611,21138
2023-09-27 14:55:37,6,9,7611,21138
2023-09-27 14:55:37,6,8,7611,21138
2023-09-27 14:55:47,7,8,7611,21138
2023-09-27 14:55:58,7,8,7601,21148
2023-09-27 14:56:01,7,9,7601,21148
2023-09-27 14:56:06,7,10,7601,21148
2023-09-27 14:56:10,8,10,7601,21148
2023-09-27 14:56:11,8,11,7601,21148
2023-09-27 14:56:11,9,11,7601,21148
2023-09-27 14:56:21,9,10,7601,21148
2023-09-27 14:56:24,9,11,7601,21148
2023-09-27 14:56:29,9,10,7601,21148
2023-09-27 14:56:30,8,10,7601,21148
2023-09-27 14:56:55,7,10,7601,21148
2023-09-27 14:57:03,7,9,7601,21148
2023-09-27 14:57:04,7,10,7601,21148
2023-09-27 14:57:17,7,9,7601,21148
2023-09-27 14:57:22,7,10,7601,21148
2023-09-27 14:57:23,8,10,7601,21148
2023-09-27 14:57:46,7,10,7601,21148
2023-09-27 14:57:47,8,10,7601,21148
2023-09-27 14:57:49,8,9,7601,21148
2023-09-27 14:57:50,7,9,7601,21148
2023-09-27 14:58:01,7,10,7601,21148
2023-09-27 14:58:01,8,10,7601,21148
2023-09-27 14:58:02,8,9,7601,21148
2023-09-27 14:58:03,8,10,7601,21148
2023-09-27 14:58:09,8,9,7601,21148
2023-09-27 14:58:12,7,9,7601,21148
2023-09-27 14:58:23,8,9,7601,21148
2023-09-27 14:58:36,7,9,7601,21148
2023-09-27 14:58:55,8,9,7601,21148
2023-09-27 14:59:00,7,9,7601,21148
2023-09-27 14:59:02,8,9,7601,21148
2023-09-27 14:59:06,7,9,7601,21148
2023-09-27 14:59:15,6,9,7601,21148
2023-09-27 14:59:18,7,9,7601,21148
2023-09-27 15:00:04,7,8,7601,21148
2023-09-27 15:00:06,7,8,7601,21149
2023-09-27 15:00:09,7,9,7601,21149
2023-09-27 15:00:16,6,9,7601,21149
2023-09-27 15:00:17,7,9,7601,21149
2023-09-27 15:00:19,6,9,7601,21149
2023-09-27 15:00:23,6,9,7602,21150
2023-09-27 15:00:32,7,9,7602,21150
2023-09-27 15:00:36,7,10,7602,21150
2023-09-27 15:00:40,8,10,7602,21150
2023-09-27 15:00:54,8,9,7602,21150
2023-09-27 15:00:54,7,9,7602,21150
2023-09-27 15:01:13,6,9,7602,21150
2023-09-27 15:01:14,6,7,7602,21150
2023-09-27 15:01:22,5,7,7602,21150
2023-09-27 15:01:24,5,6,7602,21150
2023-09-27 15:01:30,4,6,7602,21150
2023-09-27 15:01:32,5,6,7602,21150
2023-09-27 15:01:41,5,7,7602,21150
2023-09-27 15:01:41,5,6,7602,21150
2023-09-27 15:01:42,5,7,7602,21150
2023-09-27 15:01:42,5,6,7602,21150
2023-09-27 15:02:00,4,6,7602,21150
2023-09-27 15:02:05,5,6,7602,21150
2023-09-27 15:02:12,4,6,7602,21150
2023-09-27 15:02:13,4,5,7602,21150
2023-09-27 15:02:38,4,6,7602,21150
2023-09-27 15:02:38,5,6,7602,21150
2023-09-27 15:02:41,5,6,7402,21350
2023-09-27 15:02:42,4,6,7402,21350
2023-09-27 15:02:44,4,5,7402,21350
2023-09-27 15:02:46,3,5,7402,21350
2023-09-27 15:02:48,4,5,7402,21350
2023-09-27 15:02:51,3,5,7402,21350
2023-09-27 15:02:54,3,6,7402,21350
2023-09-27 15:02:54,4,6,7402,21350
2023-09-27 15:03:22,4,5,7402,21350
2023-09-27 15:03:55,3,5,7402,21350
2023-09-27 15:03:56,4,5,7402,21350
2023-09-27 15:04:01,3,4,7202,21550
2023-09-27 15:04:33,3,4,7202,21750
2023-09-27 15:04:36,2,4,7502,22050
2023-09-27 15:04:39,2,3,7502,22050
2023-09-27 15:04:47,1,3,7502,22050
2023-09-27 15:04:55,0,3,7502,22050
2023-09-27 15:05:08,0,2,7502,22050
2023-09-27 15:05:39,1,2,7502,22050
2023-09-27 15:07:05,1,2,7502,22250
2023-09-27 15:07:46,1,2,7487,22265
2023-09-27 15:07:47,1,2,7487,22280
2023-09-27 15:07:48,1,2,7487,22295
2023-09-27 15:07:49,1,2,7487,22310
2023-09-27 15:07:50,1,2,7487,22325
2023-09-27 15:07:51,1,2,7487,22340
2023-09-27 15:07:52,1,2,7487,22355
2023-09-27 15:07:53,1,2,7487,22370
2023-09-27 15:07:54,1,2,7487,22385
2023-09-27 15:14:27,1,2,7868,22885
2023-09-27 15:15:01,0,2,7868,22885
2023-09-27 15:16:49,1,2,7868,22885
2023-09-27 15:19:09,1,2,7968,22985
2023-09-27 15:19:11,1,3,7968,22985
2023-09-27 15:20:09,1,2,7968,22985
2023-09-27 15:21:15,1,3,7968,22985
2023-09-27 15:21:31,1,2,7968,22985
2023-09-27 15:26:16,0,2,7968,22985
2023-09-27 15:30:01,1,2,7968,22985
2023-09-27 15:34:24,1,2,7968,23477
2023-09-27 15:35:00,0,2,7968,23477
2023-09-27 15:37:56,1,2,7968,23477
2023-09-27 15:37:58,1,3,8268,23777
2023-09-27 15:37:59,1,2,8268,23777
2023-09-27 15:39:02,1,3,8268,23877
2023-09-27 15:40:30,0,3,8379,23988
2023-09-27 15:40:41,1,3,8379,23988
2023-09-27 15:40:41,2,3,8379,23988
2023-09-27 15:41:06,2,4,8379,23988
2023-09-27 15:41:07,3,4,8379,23988
2023-09-27 15:41:16,3,5,8779,24388
2023-09-27 15:41:19,2,5,8779,24388
2023-09-27 15:41:34,3,5,8779,24388
2023-09-27 15:41:44,2,5,8779,24388
2023-09-27 15:41:44,3,5,8779,24388
2023-09-27 15:41:53,2,5,8779,24388
2023-09-27 15:41:57,3,5,8779,24388
2023-09-27 15:42:03,3,6,8779,24388
2023-09-27 15:42:11,3,6,9112,24721
2023-09-27 15:42:12,4,6,9112,24721
2023-09-27 15:42:13,5,6,9112,24721
2023-09-27 15:42:14,5,7,9112,24721
2023-09-27 15:42:27,6,7,9112,24721
2023-09-27 15:42:30,6,8,9112,24746
2023-09-27 15:42:31,5,8,9112,24746
2023-09-27 15:42:34,7,8,9112,24746
2023-09-27 15:42:37,7,8,8912,24946
2023-09-27 15:42:41,8,10,8911,24947
2023-09-27 15:42:43,7,10,8911,24947
2023-09-27 15:42:45,8,10,8911,24947
2023-09-27 15:42:50,7,10,8911,24947
2023-09-27 15:42:50,7,9,8911,24947
2023-09-27 15:42:57,7,10,8911,24947
2023-09-27 15:42:58,7,9,8911,24947
2023-09-27 15:43:02,6,9,8911,24947
2023-09-27 15:43:02,6,8,8911,24947
2023-09-27 15:43:03,5,8,8911,24947
2023-09-27 15:43:10,6,8,8911,24947
2023-09-27 15:43:11,6,9,8911,24947
2023-09-27 15:43:12,7,9,8911,24947
2023-09-27 15:43:13,8,9,8911,24947
2023-09-27 15:43:13,8,10,8911,24947
2023-09-27 15:43:25,8,9,8911,24947
2023-09-27 15:43:27,7,9,8911,24947
2023-09-27 15:43:28,8,9,8911,24947
2023-09-27 15:43:28,8,10,8911,24947
2023-09-27 15:43:34,7,10,8911,24947
2023-09-27 15:43:38,7,8,8911,24947
2023-09-27 15:43:49,7,8,8911,25347
2023-09-27 15:43:49,7,8,8911,25547
2023-09-27 15:43:49,7,8,8911,25807
2023-09-27 15:44:12,6,8,8911,25807
2023-09-27 15:44:14,5,8,8911,25807
2023-09-27 15:44:20,5,7,8911,25807
2023-09-27 15:44:26,4,7,8911,25807
2023-09-27 15:44:26,4,6,8911,25807
2023-09-27 15:44:34,4,5,8911,25807
2023-09-27 15:44:34,3,5,8911,25807
2023-09-27 15:44:35,3,4,8911,25807
2023-09-27 15:44:47,2,4,8911,25807
2023-09-27 15:45:00,3,4,8911,25807
2023-09-27 15:45:01,3,4,8911,26007
2023-09-27 15:45:02,3,4,8911,26207
2023-09-27 15:45:05,3,4,9098,26607
2023-09-27 15:45:05,3,4,9298,26807
2023-09-27 15:45:16,1,4,9298,26807
2023-09-27 15:45:16,2,4,9298,26807
2023-09-27 15:45:22,1,4,9298,26807
2023-09-27 15:45:31,2,4,9298,26807
2023-09-27 15:45:44,3,4,9298,26807
2023-09-27 15:45:46,2,4,9298,26807
2023-09-27 15:45:55,2,4,9631,27140
2023-09-27 15:45:56,1,4,9631,27140
2023-09-27 15:45:56,2,4,9631,27140
2023-09-27 15:46:04,3,4,9631,27140
2023-09-27 15:46:05,2,4,9631,27140
2023-09-27 15:46:10,1,4,9631,27140
2023-09-27 15:46:11,1,3,9631,27140
2023-09-27 15:46:12,0,3,9631,27140
2023-09-27 15:46:16,1,3,9631,27140
2023-09-27 15:46:17,0,3,9631,27140
2023-09-27 15:46:29,0,2,9631,27140
2023-09-27 15:46:46,1,2,9631,27140
2023-09-27 15:47:18,1,3,9631,27140
2023-09-27 15:47:20,1,2,9631,27140
2023-09-27 15:47:51,1,3,9631,27140
2023-09-27 15:48:00,1,2,9631,27140
2023-09-27 15:48:01,1,3,9631,27140
2023-09-27 15:48:12,1,2,9631,27140
2023-09-27 15:48:16,1,3,9631,27140
2023-09-27 15:48:22,1,2,9631,27140
2023-09-27 15:48:29,1,3,9631,27140
2023-09-27 15:48:47,1,4,9631,27340
2023-09-27 15:48:56,1,3,9631,27340
2023-09-27 15:49:04,1,4,9631,27340
2023-09-27 15:49:16,1,3,9631,27340
2023-09-27 15:49:19,1,4,9631,27340
2023-09-27 15:49:24,1,3,9631,27340
2023-09-27 15:50:00,0,3,9631,27340
2023-09-27 15:50:03,1,3,9631,27340
2023-09-27 15:50:05,1,4,9631,27340
2023-09-27 15:50:16,0,4,9631,27340
2023-09-27 15:50:36,0,2,9631,27340
2023-09-27 15:50:47,0,1,9631,27340
