datetime,bid,ask,open_interest,volume
2023-10-04 09:31:00,1,12,420,420
2023-10-04 09:31:00,8,12,420,420
2023-10-04 09:31:00,9,12,420,420
2023-10-04 09:31:01,8,12,420,420
2023-10-04 09:31:01,9,12,420,420
2023-10-04 09:31:01,9,11,420,420
2023-10-04 09:31:09,9,12,420,420
2023-10-04 09:31:11,9,11,420,420
2023-10-04 09:31:12,9,12,420,420
2023-10-04 09:31:14,9,11,420,420
2023-10-04 09:31:25,9,12,420,420
2023-10-04 09:31:33,9,11,420,420
2023-10-04 09:31:34,9,12,420,420
2023-10-04 09:31:47,9,12,421,421
2023-10-04 09:31:47,9,12,422,422
2023-10-04 09:31:49,9,11,422,422
2023-10-04 09:31:50,9,12,422,422
2023-10-04 09:31:53,9,11,422,422
2023-10-04 09:32:02,9,12,422,422
2023-10-04 09:32:53,9,11,422,422
2023-10-04 09:32:55,9,12,422,422
2023-10-04 09:32:55,9,11,422,422
2023-10-04 09:32:57,9,11,423,423
2023-10-04 09:32:59,9,12,423,423
2023-10-04 09:33:01,9,11,423,423
2023-10-04 09:33:02,9,12,423,423
2023-10-04 09:33:12,9,11,423,423
2023-10-04 09:33:16,9,12,423,423
2023-10-04 09:33:18,9,11,423,423
2023-10-04 09:33:47,9,12,423,423
2023-10-04 09:34:34,9,13,423,423
2023-10-04 09:34:39,9,12,423,423
2023-10-04 09:35:23,9,11,423,423
2023-10-04 09:35:43,9,12,423,423
2023-10-04 09:35:47,9,11,423,423
2023-10-04 09:35:51,9,12,423,423
2023-10-04 09:36:50,9,13,423,423
2023-10-04 09:36:52,10,13,423,423
2023-10-04 09:37:11,11,13,423,423
2023-10-04 09:37:19,10,13,423,423
2023-10-04 09:37:48,10,13,620,623
2023-10-04 09:37:49,11,13,620,623
2023-10-04 09:38:53,12,13,620,623
2023-10-04 09:39:03,12,14,620,623
2023-10-04 09:39:05,13,14,620,623
2023-10-04 09:39:18,13,15,620,623
2023-10-04 09:40:02,13,14,620,623
2023-10-04 09:40:07,13,14,628,631
2023-10-04 09:40:43,11,13,820,823
2023-10-04 09:40:44,11,14,820,823
2023-10-04 09:40:48,11,13,820,823
2023-10-04 09:41:23,11,13,820,923
2023-10-04 09:41:25,11,13,820,1023
2023-10-04 09:41:27,11,13,820,1123
2023-10-04 09:41:28,10,13,820,1123
2023-10-04 09:42:12,11,13,820,1123
2023-10-04 09:42:15,10,13,820,1123
2023-10-04 09:42:29,10,12,820,1123
2023-10-04 09:43:09,10,11,820,1123
2023-10-04 09:43:13,9,11,820,1123
2023-10-04 09:45:44,9,11,831,1223
2023-10-04 09:45:45,9,10,831,1223
2023-10-04 09:45:50,9,11,831,1223
2023-10-04 09:46:22,9,10,831,1223
2023-10-04 09:46:26,9,11,831,1223
2023-10-04 09:46:46,9,10,831,1223
2023-10-04 09:46:57,9,11,831,1223
2023-10-04 09:47:30,9,10,831,1223
2023-10-04 09:47:40,9,11,831,1223
2023-10-04 09:47:55,9,10,831,1223
2023-10-04 09:48:02,9,11,831,1223
2023-10-04 09:48:12,9,12,831,1223
2023-10-04 09:48:17,10,12,831,1223
2023-10-04 09:48:33,10,13,1220,1623
2023-10-04 09:48:34,11,13,1220,1623
2023-10-04 09:49:13,11,12,1220,1623
2023-10-04 09:49:15,10,12,1220,1623
2023-10-04 09:49:21,10,13,1570,1973
2023-10-04 09:49:28,10,12,1570,1973
2023-10-04 09:49:36,10,13,1570,1973
2023-10-04 09:49:40,10,12,1570,1973
2023-10-04 09:49:44,10,13,1570,1973
2023-10-04 09:49:47,10,12,1570,1973
2023-10-04 09:50:08,10,13,1570,1973
2023-10-04 09:50:09,10,12,1570,1973
2023-10-04 09:50:14,10,13,1570,1973
2023-10-04 09:50:18,10,12,1570,1973
2023-10-04 09:50:22,10,13,1570,1973
2023-10-04 09:50:28,10,12,1570,1973
2023-10-04 09:50:43,10,13,1570,1973
2023-10-04 09:50:45,10,12,1570,1973
2023-10-04 09:50:57,9,12,1570,1973
2023-10-04 09:51:01,9,11,1570,1973
2023-10-04 09:51:02,9,11,1570,2053
2023-10-04 09:51:27,9,10,1570,2053
2023-10-04 09:51:27,9,10,1570,2119
2023-10-04 09:51:29,9,10,1570,2239
2023-10-04 09:51:30,8,10,1570,2239
2023-10-04 09:52:46,8,11,1570,2239
2023-10-04 09:52:47,8,11,1097,2939
2023-10-04 09:52:48,8,10,1097,2939
2023-10-04 09:53:29,8,10,1797,3639
2023-10-04 09:54:01,9,10,1797,3639
2023-10-04 09:54:02,9,11,1797,3639
2023-10-04 09:54:12,9,10,1797,3639
2023-10-04 09:54:17,9,10,1647,3889
2023-10-04 09:54:18,9,11,1597,3939
2023-10-04 09:55:42,9,12,1597,3939
2023-10-04 09:55:43,10,12,1597,3939
2023-10-04 09:56:24,10,12,970,4639
2023-10-04 09:57:02,9,12,970,4639
2023-10-04 09:57:02,9,11,970,4639
2023-10-04 09:58:33,9,12,970,4639
2023-10-04 09:58:40,9,11,970,4639
2023-10-04 10:00:12,9,12,970,4639
2023-10-04 10:00:13,10,12,970,4639
2023-10-04 10:00:38,10,11,970,4639
2023-10-04 10:00:39,9,11,970,4639
2023-10-04 10:00:49,9,10,970,4639
2023-10-04 10:00:49,8,10,970,4639
2023-10-04 10:01:51,8,9,970,4639
2023-10-04 10:01:52,7,9,1497,5239
2023-10-04 10:02:00,7,8,1497,5239
2023-10-04 10:02:01,7,9,1497,5239
2023-10-04 10:02:02,7,8,1497,5239
2023-10-04 10:02:03,7,9,1497,5239
2023-10-04 10:02:08,7,8,1497,5239
2023-10-04 10:02:11,6,8,1497,5239
2023-10-04 10:02:31,6,7,1497,5239
2023-10-04 10:02:53,5,7,1497,5239
2023-10-04 10:06:07,5,6,1497,5239
2023-10-04 10:06:17,5,7,1497,5239
2023-10-04 10:08:16,5,6,1497,5239
2023-10-04 10:08:23,4,6,1497,5239
2023-10-04 10:08:45,4,6,1557,5299
2023-10-04 10:08:47,4,5,1557,5299
2023-10-04 10:08:59,4,5,1737,5479
2023-10-04 10:09:55,4,6,1737,5479
2023-10-04 10:13:12,4,7,1737,5479
2023-10-04 10:13:59,5,7,1737,5479
2023-10-04 10:15:21,5,6,1737,5479
2023-10-04 10:15:22,5,7,1737,5479
2023-10-04 10:15:26,4,7,1737,5479
2023-10-04 10:15:26,4,6,1737,5479
2023-10-04 10:15:28,4,7,1737,5479
2023-10-04 10:15:29,4,6,1737,5479
2023-10-04 10:15:33,4,7,1737,5479
2023-10-04 10:15:53,4,6,1737,5479
2023-10-04 10:16:18,4,5,1737,5479
2023-10-04 10:16:55,4,5,1797,5539
2023-10-04 10:16:57,4,5,1857,5599
2023-10-04 10:17:45,4,6,1857,5599
2023-10-04 10:18:46,4,5,1857,5599
2023-10-04 10:18:50,4,6,1857,5599
2023-10-04 10:19:01,4,5,1857,5599
2023-10-04 10:19:02,4,6,1857,5599
2023-10-04 10:19:03,4,5,1857,5599
2023-10-04 10:19:16,4,6,1857,5599
2023-10-04 10:20:04,4,7,1857,5599
2023-10-04 10:20:06,4,6,1857,5599
2023-10-04 10:21:01,4,6,1857,5670
2023-10-04 10:21:24,4,5,1857,5670
2023-10-04 10:21:31,4,6,1857,5670
2023-10-04 10:21:33,4,5,1857,5670
2023-10-04 10:21:35,4,6,1857,5670
2023-10-04 10:21:37,4,5,1857,5670
2023-10-04 10:22:57,3,5,1857,5670
2023-10-04 10:23:47,3,4,1857,5670
2023-10-04 10:24:16,2,4,1857,5670
2023-10-04 10:26:15,3,4,1857,5670
2023-10-04 10:27:56,2,4,1857,5670
2023-10-04 10:28:36,2,3,1857,5670
2023-10-04 10:29:05,2,3,1737,5790
2023-10-04 10:29:06,2,4,1737,5790
2023-10-04 10:29:07,2,3,1737,5790
2023-10-04 10:30:43,2,4,1737,5790
2023-10-04 10:31:33,3,4,1737,5790
2023-10-04 10:31:34,3,5,1737,5790
2023-10-04 10:32:06,3,5,1937,5990
2023-10-04 10:32:11,3,4,1937,5990
2023-10-04 10:32:12,3,5,1937,5990
2023-10-04 10:32:13,3,4,1937,5990
2023-10-04 10:32:14,3,5,1937,5990
2023-10-04 10:32:16,3,4,1937,5990
2023-10-04 10:32:17,3,5,1937,5990
2023-10-04 10:32:18,3,4,1937,5990
2023-10-04 10:32:19,3,5,1937,5990
2023-10-04 10:32:58,3,4,1937,5990
2023-10-04 10:33:00,3,5,1937,5990
2023-10-04 10:33:12,3,4,1937,5990
2023-10-04 10:33:18,3,5,1937,5990
2023-10-04 10:33:19,3,4,1937,5990
2023-10-04 10:33:43,2,4,1937,5990
2023-10-04 10:33:55,2,5,1937,5990
2023-10-04 10:34:09,3,5,1937,5990
2023-10-04 10:34:36,3,6,1937,5990
2023-10-04 10:34:51,4,6,1937,5990
2023-10-04 10:35:16,5,6,1937,5990
2023-10-04 10:35:46,5,7,1937,5990
2023-10-04 10:38:50,5,6,1937,5990
2023-10-04 10:39:01,5,7,1937,5990
2023-10-04 10:39:02,5,6,1937,5990
2023-10-04 10:39:06,5,7,1937,5990
2023-10-04 10:39:07,5,6,1937,5990
2023-10-04 10:39:17,5,7,1937,5990
2023-10-04 10:39:26,5,6,1937,5990
2023-10-04 10:39:27,5,7,1937,5990
2023-10-04 10:39:28,5,6,1937,5990
2023-10-04 10:39:44,4,6,1937,5990
2023-10-04 10:40:31,4,7,1937,5990
2023-10-04 10:40:40,5,7,1937,5990
2023-10-04 10:41:30,6,7,1937,5990
2023-10-04 10:41:43,6,8,1937,5990
2023-10-04 10:42:18,6,7,1937,5990
2023-10-04 10:42:29,5,7,1937,5990
2023-10-04 10:44:22,5,6,1937,5990
2023-10-04 10:44:41,4,6,1937,5990
2023-10-04 10:45:09,4,7,1937,5990
2023-10-04 10:45:18,4,6,1937,5990
2023-10-04 10:45:21,4,7,1937,5990
2023-10-04 10:45:24,5,7,1937,5990
2023-10-04 10:45:35,4,7,1937,5990
2023-10-04 10:45:42,4,6,1937,5990
2023-10-04 10:46:17,4,5,1937,5990
2023-10-04 10:46:42,3,5,1937,5990
2023-10-04 10:47:08,3,4,1937,5990
2023-10-04 10:48:19,2,4,1937,5990
2023-10-04 10:48:35,2,3,1937,5990
2023-10-04 10:49:08,2,4,1937,5990
2023-10-04 10:49:10,2,3,1937,5990
2023-10-04 10:49:12,2,3,1933,5994
2023-10-04 10:49:24,2,4,1933,5994
2023-10-04 10:49:34,2,3,1933,5994
2023-10-04 10:50:29,2,4,1933,5994
2023-10-04 10:50:30,2,3,1933,5994
2023-10-04 10:50:44,2,4,1933,5994
2023-10-04 10:51:17,2,3,1933,5994
2023-10-04 10:51:21,2,4,1933,5994
2023-10-04 10:51:23,2,3,1933,5994
2023-10-04 10:51:30,2,4,1933,5994
2023-10-04 10:53:32,2,3,1933,5994
2023-10-04 10:53:53,2,4,1933,5994
2023-10-04 10:53:59,2,3,1933,5994
2023-10-04 10:54:25,2,4,1933,5994
2023-10-04 10:54:30,2,3,1933,5994
2023-10-04 10:56:24,2,4,1933,5994
2023-10-04 10:56:34,2,3,1933,5994
2023-10-04 10:56:35,2,4,1933,5994
2023-10-04 10:56:37,2,3,1933,5994
2023-10-04 10:57:52,1,3,1933,5994
2023-10-04 11:02:51,1,4,1933,5994
2023-10-04 11:02:52,1,3,1933,5994
2023-10-04 11:03:20,1,4,1933,5994
2023-10-04 11:03:29,1,3,1933,5994
2023-10-04 11:03:33,1,4,1933,5994
2023-10-04 11:03:35,1,3,1933,5994
2023-10-04 11:03:40,1,4,1933,5994
2023-10-04 11:04:08,1,3,1933,5994
2023-10-04 11:04:09,1,4,1933,5994
2023-10-04 11:04:30,2,4,1933,5994
2023-10-04 11:04:35,1,4,1933,5994
2023-10-04 11:04:56,1,3,1933,5994
2023-10-04 11:04:57,1,4,1933,5994
2023-10-04 11:05:24,1,3,1933,5994
2023-10-04 11:06:09,1,4,1933,5994
2023-10-04 11:06:32,2,4,1933,5994
2023-10-04 11:08:31,1,4,1933,5994
2023-10-04 11:08:42,2,4,1933,5994
2023-10-04 11:11:26,2,5,1933,5994
2023-10-04 11:11:31,3,5,1933,5994
2023-10-04 11:14:37,3,4,1933,5994
2023-10-04 11:14:45,3,5,1933,5994
2023-10-04 11:17:28,3,6,1933,5994
2023-10-04 11:17:28,4,6,1933,5994
2023-10-04 11:17:28,4,6,2073,6134
2023-10-04 11:17:29,3,6,2073,6134
2023-10-04 11:17:45,4,6,2073,6134
2023-10-04 11:18:22,5,6,2073,6134
2023-10-04 11:18:56,5,7,2073,6134
2023-10-04 11:21:22,5,8,2073,6134
2023-10-04 11:21:26,7,8,2073,6134
2023-10-04 11:22:01,5,8,2073,6134
2023-10-04 11:22:19,5,7,2073,6134
2023-10-04 11:22:50,5,6,2073,6134
2023-10-04 11:22:56,5,6,2093,6154
2023-10-04 11:22:58,5,6,2113,6174
2023-10-04 11:23:21,4,6,2113,6174
2023-10-04 11:23:25,4,6,2113,6174
2023-10-04 11:24:13,4,7,2113,6574
2023-10-04 11:24:14,5,7,2113,6574
2023-10-04 11:24:34,5,6,2113,6574
2023-10-04 11:25:04,5,7,2113,6574
2023-10-04 11:25:05,5,6,2113,6574
2023-10-04 11:25:06,5,7,2113,6574
2023-10-04 11:25:37,5,8,2113,6574
2023-10-04 11:25:38,6,8,2113,6574
2023-10-04 11:27:34,7,8,2113,6574
2023-10-04 11:27:52,6,8,2113,6574
2023-10-04 11:31:31,6,7,2113,6574
2023-10-04 11:31:33,6,8,2113,6574
2023-10-04 11:31:37,5,8,2113,6574
2023-10-04 11:31:37,5,7,2113,6574
2023-10-04 11:34:26,5,8,2113,6574
2023-10-04 11:34:28,5,7,2113,6574
2023-10-04 11:34:32,5,8,2113,6574
2023-10-04 11:34:42,6,8,2113,6574
2023-10-04 11:34:53,5,8,2113,6574
2023-10-04 11:35:12,5,7,2113,6574
2023-10-04 11:36:01,5,6,2113,6574
2023-10-04 11:36:36,5,7,2113,6574
2023-10-04 11:37:34,5,8,2113,6574
2023-10-04 11:37:34,5,7,2113,6574
2023-10-04 11:37:35,5,8,2113,6574
2023-10-04 11:37:39,6,8,2113,6574
2023-10-04 11:40:50,5,8,2113,6574
2023-10-04 11:40:51,5,7,2113,6574
2023-10-04 11:41:15,5,6,2113,6574
2023-10-04 11:41:15,5,6,2173,6634
2023-10-04 11:41:16,4,6,2173,6634
2023-10-04 11:41:21,4,5,2173,6634
2023-10-04 11:41:26,4,6,2173,6634
2023-10-04 11:42:51,4,7,2173,6634
2023-10-04 11:43:36,5,7,2173,6634
2023-10-04 11:44:41,4,7,2173,6634
2023-10-04 11:44:48,5,7,2173,6634
2023-10-04 11:44:51,4,7,2173,6634
2023-10-04 11:44:57,5,7,2173,6634
2023-10-04 11:45:11,4,7,2173,6634
2023-10-04 11:45:44,4,6,2173,6634
2023-10-04 11:46:15,4,7,2173,6634
2023-10-04 11:46:19,5,7,2173,6634
2023-10-04 11:46:23,4,7,2173,6634
2023-10-04 11:46:26,5,7,2173,6634
2023-10-04 11:46:56,5,7,2183,6644
2023-10-04 11:47:08,5,8,2183,6644
2023-10-04 11:47:19,6,8,2183,6644
2023-10-04 11:47:28,7,8,2183,6644
2023-10-04 11:47:29,7,9,2183,6644
2023-10-04 11:47:29,8,9,2183,6644
2023-10-04 11:47:30,8,10,2183,6644
2023-10-04 11:47:31,9,10,2183,6644
2023-10-04 11:47:35,9,11,2183,6644
2023-10-04 11:48:05,10,11,2183,6644
2023-10-04 11:48:08,10,12,2183,6644
2023-10-04 11:49:21,9,12,2183,6644
2023-10-04 11:49:22,9,11,2183,6644
2023-10-04 11:49:54,8,11,2183,6644
2023-10-04 11:49:54,8,10,2183,6644
2023-10-04 11:50:16,8,9,2183,6644
2023-10-04 11:50:17,7,9,2183,6644
2023-10-04 11:51:05,7,8,2183,6644
2023-10-04 11:51:30,8,10,2187,6648
2023-10-04 11:51:44,8,11,2187,6648
2023-10-04 11:52:29,9,11,2187,6648
2023-10-04 11:52:29,9,12,2187,6648
2023-10-04 11:52:33,10,12,2187,6648
2023-10-04 11:53:37,10,12,1787,7048
2023-10-04 11:54:12,10,12,1792,7053
2023-10-04 11:56:11,11,12,1792,7053
2023-10-04 11:56:15,11,13,1792,7053
2023-10-04 11:56:16,12,13,1792,7053
2023-10-04 11:56:19,12,14,1792,7053
2023-10-04 11:56:23,13,14,1792,7053
2023-10-04 11:56:25,12,14,1792,7053
2023-10-04 11:56:40,11,14,1792,7053
2023-10-04 11:56:58,11,13,1792,7053
2023-10-04 11:57:03,11,14,1792,7053
2023-10-04 11:57:20,12,14,1792,7053
2023-10-04 11:57:28,11,14,1792,7053
2023-10-04 11:57:28,12,14,1792,7053
2023-10-04 11:58:00,11,14,1792,7053
2023-10-04 11:58:03,12,14,1792,7053
2023-10-04 11:58:29,13,14,1792,7053
2023-10-04 11:58:48,13,15,1792,7253
2023-10-04 11:59:39,13,15,1641,7453
2023-10-04 12:00:00,13,16,1641,7453
2023-10-04 12:00:15,13,16,1641,7453
2023-10-04 12:00:16,13,15,1641,7453
2023-10-04 12:00:31,12,15,1641,7453
2023-10-04 12:01:05,11,14,1641,7453
2023-10-04 12:01:09,11,13,1641,7453
2023-10-04 12:02:02,11,12,1641,7453
2023-10-04 12:02:19,11,13,1641,7453
2023-10-04 12:02:26,11,12,1641,7453
2023-10-04 12:02:55,11,13,1641,7453
2023-10-04 12:03:36,11,12,1641,7453
2023-10-04 12:03:50,11,13,1641,7453
2023-10-04 12:03:58,11,12,1641,7453
2023-10-04 12:04:01,11,13,1641,7453
2023-10-04 12:04:10,10,13,1641,7453
2023-10-04 12:04:10,10,12,1641,7453
2023-10-04 12:04:18,10,11,1641,7453
2023-10-04 12:04:22,10,11,1641,7454
2023-10-04 12:04:35,10,11,1641,7455
2023-10-04 12:05:04,9,11,1641,7455
2023-10-04 12:06:10,9,12,1641,7455
2023-10-04 12:06:15,10,12,1641,7455
2023-10-04 12:06:27,10,13,1641,7455
2023-10-04 12:06:28,10,12,1641,7455
2023-10-04 12:06:50,10,13,1641,7455
2023-10-04 12:07:10,10,12,1641,7455
2023-10-04 12:07:12,10,13,1641,7455
2023-10-04 12:07:22,10,12,1641,7455
2023-10-04 12:07:48,9,12,1641,7455
2023-10-04 12:08:08,10,12,1641,7455
2023-10-04 12:08:33,9,12,1641,7455
2023-10-04 12:09:17,10,12,1641,7455
2023-10-04 12:09:31,10,13,1641,7455
2023-10-04 12:09:53,10,12,1641,7455
2023-10-04 12:10:06,10,13,1641,7455
2023-10-04 12:10:21,11,13,1641,7455
2023-10-04 12:10:39,12,13,1641,7455
2023-10-04 12:10:41,12,14,1641,7455
2023-10-04 12:12:39,11,14,1641,7455
2023-10-04 12:12:45,10,13,1641,7455
2023-10-04 12:12:46,10,12,1641,7455
2023-10-04 12:12:48,10,13,1641,7455
2023-10-04 12:12:49,10,12,1641,7455
2023-10-04 12:12:52,10,13,1641,7455
2023-10-04 12:13:29,10,12,1641,7455
2023-10-04 12:13:38,9,12,1641,7455
2023-10-04 12:14:17,9,11,1641,7455
2023-10-04 12:14:27,9,10,1641,7455
2023-10-04 12:14:47,9,11,1641,7455
2023-10-04 12:15:12,9,10,1641,7455
2023-10-04 12:15:26,9,11,1641,7455
2023-10-04 12:15:29,8,11,1594,8276
2023-10-04 12:15:30,8,10,1594,8276
2023-10-04 12:16:00,8,11,1594,8276
2023-10-04 12:16:04,9,11,1594,8276
2023-10-04 12:16:34,8,11,1594,8276
2023-10-04 12:16:51,9,11,1594,8276
2023-10-04 12:17:15,9,12,1594,8276
2023-10-04 12:17:32,9,11,1594,8276
2023-10-04 12:17:53,9,12,1594,8276
2023-10-04 12:17:54,10,12,1594,8276
2023-10-04 12:18:14,10,13,1594,8276
2023-10-04 12:18:23,11,13,1594,8276
2023-10-04 12:19:15,11,13,2594,9276
2023-10-04 12:19:19,11,12,2594,9276
2023-10-04 12:19:25,10,11,2615,9297
2023-10-04 12:19:29,10,11,2865,9547
2023-10-04 12:19:33,10,12,3015,9697
2023-10-04 12:20:07,10,13,3015,9697
2023-10-04 12:20:11,11,13,3015,9697
2023-10-04 12:20:31,11,12,3015,9697
2023-10-04 12:20:41,10,12,3015,9697
2023-10-04 12:21:00,11,12,3015,9697
2023-10-04 12:21:16,11,13,3015,9697
2023-10-04 12:21:36,12,13,3015,9697
2023-10-04 12:21:36,12,14,3015,9697
2023-10-04 12:22:11,12,13,3015,9697
2023-10-04 12:22:28,11,13,3015,9697
2023-10-04 12:22:28,11,12,3015,9697
2023-10-04 12:22:44,11,14,3015,9697
2023-10-04 12:22:44,11,13,3015,9697
2023-10-04 12:23:19,11,12,3015,9697
2023-10-04 12:23:32,10,12,3015,9697
2023-10-04 12:23:32,10,11,3015,9697
2023-10-04 12:24:04,9,11,3015,9697
2023-10-04 12:24:04,9,10,3015,9697
2023-10-04 12:24:43,8,10,3015,9697
2023-10-04 12:24:43,8,9,3015,9697
2023-10-04 12:25:51,8,9,3015,9897
2023-10-04 12:25:52,8,11,3015,10097
2023-10-04 12:26:01,9,11,3015,10097
2023-10-04 12:27:03,9,12,3015,10097
2023-10-04 12:27:32,9,11,3015,10097
2023-10-04 12:27:33,9,12,3015,10097
2023-10-04 12:27:42,9,11,3015,10097
2023-10-04 12:28:24,9,12,3015,10097
2023-10-04 12:28:26,9,11,3015,10097
2023-10-04 12:28:28,9,12,3015,10097
2023-10-04 12:28:52,10,12,3015,10097
2023-10-04 12:29:02,10,13,3015,10097
2023-10-04 12:29:03,11,13,3015,10097
2023-10-04 12:29:48,11,13,3042,10124
2023-10-04 12:29:49,10,13,3042,10124
2023-10-04 12:30:03,11,13,3042,10124
2023-10-04 12:30:04,11,14,3042,10124
2023-10-04 12:30:04,12,14,3042,10124
2023-10-04 12:30:16,11,14,3042,10124
2023-10-04 12:30:17,11,13,3042,10124
2023-10-04 12:30:34,10,13,3042,10124
2023-10-04 12:30:34,10,12,3042,10124
2023-10-04 12:30:47,10,13,3042,10124
2023-10-04 12:30:54,10,12,3042,10124
2023-10-04 12:30:56,10,13,3042,10124
2023-10-04 12:31:16,10,12,3042,10124
2023-10-04 12:31:27,10,13,3042,10124
2023-10-04 12:31:32,11,13,3042,10124
2023-10-04 12:31:37,11,14,3042,10124
2023-10-04 12:31:41,12,14,3042,10124
2023-10-04 12:31:53,11,14,3042,10124
2023-10-04 12:31:58,11,13,3042,10124
2023-10-04 12:32:03,11,14,3042,10124
2023-10-04 12:32:04,11,13,3042,10124
2023-10-04 12:32:05,11,14,3042,10124
2023-10-04 12:32:37,13,14,3042,10124
2023-10-04 12:32:40,13,15,3042,10124
2023-10-04 12:32:45,13,16,3042,10524
2023-10-04 12:32:46,14,16,3042,10524
2023-10-04 12:32:51,13,16,3042,10524
2023-10-04 12:33:05,13,15,3042,10524
2023-10-04 12:33:23,13,14,3042,10524
2023-10-04 12:33:27,13,15,3042,10524
2023-10-04 12:33:27,13,14,3042,10524
2023-10-04 12:33:34,13,15,3042,10524
2023-10-04 12:33:47,13,14,3042,10524
2023-10-04 12:34:05,13,15,3042,10524
2023-10-04 12:34:38,13,16,3042,10524
2023-10-04 12:34:40,13,15,3042,10524
2023-10-04 12:34:43,13,16,3042,10524
2023-10-04 12:34:47,13,15,3042,10524
2023-10-04 12:34:49,13,16,3042,10524
2023-10-04 12:34:54,13,15,3042,10524
2023-10-04 12:35:14,13,14,3042,10524
2023-10-04 12:35:24,13,15,3042,10524
2023-10-04 12:36:10,13,14,3042,10524
2023-10-04 12:36:13,12,14,3042,10524
2023-10-04 12:36:16,12,13,3042,10524
2023-10-04 12:36:20,11,13,3042,10524
2023-10-04 12:36:44,11,12,3042,10524
2023-10-04 12:36:46,10,12,3042,10524
2023-10-04 12:36:58,10,13,3042,10524
2023-10-04 12:37:07,11,13,3042,10524
2023-10-04 12:37:13,10,13,3042,10524
2023-10-04 12:37:20,10,12,3042,10524
2023-10-04 12:37:56,10,13,3042,10524
2023-10-04 12:38:25,11,13,3042,10524
2023-10-04 12:38:46,11,14,3042,10524
2023-10-04 12:39:13,11,13,3042,10524
2023-10-04 12:39:20,11,14,3042,10524
2023-10-04 12:39:28,11,13,3042,10524
2023-10-04 12:39:30,11,14,3042,10524
2023-10-04 12:39:30,11,13,3042,10524
2023-10-04 12:39:43,10,13,3042,10524
2023-10-04 12:39:56,10,12,3042,10524
2023-10-04 12:40:02,10,13,3042,10524
2023-10-04 12:40:07,10,12,3042,10524
2023-10-04 12:40:16,10,11,3042,10524
2023-10-04 12:40:21,10,12,3042,10524
2023-10-04 12:40:48,10,13,3042,10524
2023-10-04 12:41:13,11,13,3042,10524
2023-10-04 12:41:25,10,13,3042,10524
2023-10-04 12:41:36,10,12,3042,10524
2023-10-04 12:41:39,10,13,3042,10524
2023-10-04 12:41:46,10,12,3042,10524
2023-10-04 12:41:58,10,13,3042,10524
2023-10-04 12:42:02,10,12,3042,10524
2023-10-04 12:42:03,10,13,3042,10524
2023-10-04 12:42:05,10,12,3042,10524
2023-10-04 12:42:09,10,13,3042,10524
2023-10-04 12:42:30,10,12,3042,10524
2023-10-04 12:42:51,10,11,3042,10524
2023-10-04 12:42:52,9,11,3042,10524
2023-10-04 12:42:55,9,10,3042,10524
2023-10-04 12:43:47,9,11,3042,10524
2023-10-04 12:44:25,9,10,3042,10524
2023-10-04 12:44:27,8,10,3042,10524
2023-10-04 12:45:53,8,11,3042,10524
2023-10-04 12:45:57,9,11,3042,10524
2023-10-04 12:46:20,9,10,3042,10524
2023-10-04 12:46:20,8,10,3042,10524
2023-10-04 12:47:02,8,11,3042,10524
2023-10-04 12:47:04,9,11,3042,10524
2023-10-04 12:47:24,9,12,3042,10524
2023-10-04 12:47:56,10,12,3042,10524
2023-10-04 12:48:05,10,13,3042,10524
2023-10-04 12:48:10,11,13,3042,10524
2023-10-04 12:48:54,11,12,3042,10524
2023-10-04 12:48:54,10,12,3042,10524
2023-10-04 12:48:59,10,13,3042,10524
2023-10-04 12:49:01,10,12,3042,10524
2023-10-04 12:49:03,10,13,3042,10524
2023-10-04 12:49:05,10,12,3042,10524
2023-10-04 12:49:06,10,13,3042,10524
2023-10-04 12:49:20,10,12,3042,10524
2023-10-04 12:49:31,10,13,3042,10524
2023-10-04 12:49:43,10,13,3045,10527
2023-10-04 12:49:43,10,12,3045,10527
2023-10-04 12:49:46,11,12,3045,10527
2023-10-04 12:49:46,11,13,3045,10527
2023-10-04 12:50:30,11,12,3045,10527
2023-10-04 12:51:24,11,13,3045,10527
2023-10-04 12:51:41,11,12,3045,10527
2023-10-04 12:51:57,11,13,3045,10527
2023-10-04 12:52:50,11,12,3045,10527
2023-10-04 12:53:03,10,12,3045,10527
2023-10-04 12:53:03,10,11,3045,10527
2023-10-04 12:53:10,9,11,3045,10527
2023-10-04 12:53:11,9,10,3045,10527
2023-10-04 12:54:24,9,10,3145,10627
2023-10-04 12:54:25,9,10,3245,10727
2023-10-04 12:54:26,9,10,3345,10827
2023-10-04 12:54:28,8,10,3345,10827
2023-10-04 12:54:28,8,9,3345,10827
2023-10-04 12:55:06,8,10,3345,10827
2023-10-04 12:56:11,8,9,3345,10827
2023-10-04 12:56:40,8,9,3445,10927
2023-10-04 12:56:41,7,9,3445,10927
2023-10-04 12:56:41,7,8,3445,10927
2023-10-04 12:58:22,6,8,3445,10927
2023-10-04 12:58:22,6,7,3445,10927
2023-10-04 12:59:16,6,8,3445,10927
2023-10-04 12:59:22,6,7,3445,10927
2023-10-04 12:59:26,6,8,3445,10930
2023-10-04 13:00:13,6,9,3445,10930
2023-10-04 13:00:19,7,9,3445,10930
2023-10-04 13:01:10,7,8,3445,10930
2023-10-04 13:01:14,6,8,3445,10930
2023-10-04 13:01:25,6,7,3445,10930
2023-10-04 13:01:28,6,8,3445,10930
2023-10-04 13:02:07,6,7,3445,10930
2023-10-04 13:02:19,6,8,3445,10930
2023-10-04 13:03:10,6,7,3445,10930
2023-10-04 13:03:20,6,8,3445,10930
2023-10-04 13:03:23,6,7,3445,10930
2023-10-04 13:03:37,5,7,3445,10930
2023-10-04 13:03:38,5,6,3445,10930
2023-10-04 13:04:01,5,7,3445,10930
2023-10-04 13:04:12,5,6,3445,10930
2023-10-04 13:04:32,4,6,3445,10930
2023-10-04 13:05:27,5,6,3445,10930
2023-10-04 13:05:29,5,7,3445,10930
2023-10-04 13:05:30,5,6,3445,10930
2023-10-04 13:06:07,5,7,3445,10930
2023-10-04 13:06:10,5,6,3445,10930
2023-10-04 13:06:22,5,7,3445,10930
2023-10-04 13:06:32,5,6,3445,10930
2023-10-04 13:06:50,5,7,3445,10930
2023-10-04 13:07:56,5,8,3445,10930
2023-10-04 13:07:58,5,7,3445,10930
2023-10-04 13:08:02,5,8,3445,10930
2023-10-04 13:08:18,5,7,3445,10930
2023-10-04 13:08:34,5,6,3445,10930
2023-10-04 13:09:14,5,7,3445,10930
2023-10-04 13:10:29,5,6,3445,10930
2023-10-04 13:10:36,5,7,3445,10930
2023-10-04 13:10:53,5,6,3445,10930
2023-10-04 13:11:07,5,7,3445,10930
2023-10-04 13:11:22,5,6,3445,10930
2023-10-04 13:12:39,5,7,3445,10930
2023-10-04 13:12:45,5,6,3445,10930
2023-10-04 13:13:02,5,7,3445,10930
2023-10-04 13:13:08,5,6,3445,10930
2023-10-04 13:13:09,5,7,3445,10930
2023-10-04 13:13:12,5,6,3445,10930
2023-10-04 13:13:28,4,6,3445,10930
2023-10-04 13:13:56,4,5,3445,10930
2023-10-04 13:14:41,4,5,3545,11030
2023-10-04 13:14:43,3,5,3645,11130
2023-10-04 13:14:47,3,4,3645,11130
2023-10-04 13:14:51,3,5,3645,11130
2023-10-04 13:14:58,3,4,3645,11130
2023-10-04 13:15:00,3,5,3645,11130
2023-10-04 13:15:03,3,4,3645,11130
2023-10-04 13:15:07,3,5,3645,11130
2023-10-04 13:15:27,3,4,3645,11130
2023-10-04 13:15:27,3,5,3745,11230
2023-10-04 13:15:28,3,4,3745,11230
2023-10-04 13:15:33,3,5,3745,11230
2023-10-04 13:15:40,3,4,3745,11230
2023-10-04 13:15:46,3,5,3745,11230
2023-10-04 13:15:53,3,4,3745,11230
2023-10-04 13:16:07,3,5,3745,11230
2023-10-04 13:16:16,3,4,3745,11230
2023-10-04 13:16:18,3,5,3745,11230
2023-10-04 13:16:35,4,5,3745,11230
2023-10-04 13:16:50,4,6,3745,11230
2023-10-04 13:17:04,4,5,3745,11230
2023-10-04 13:17:21,4,6,3745,11230
2023-10-04 13:17:35,3,6,3745,11230
2023-10-04 13:17:36,4,6,3745,11230
2023-10-04 13:18:23,4,5,3745,11230
2023-10-04 13:18:24,4,6,3745,11230
2023-10-04 13:18:34,4,5,3745,11230
2023-10-04 13:18:36,3,5,3745,11230
2023-10-04 13:18:37,4,5,3745,11230
2023-10-04 13:18:38,4,6,3745,11230
2023-10-04 13:19:31,4,5,3745,11230
2023-10-04 13:19:37,3,5,3745,11230
2023-10-04 13:19:38,4,5,3745,11230
2023-10-04 13:19:40,3,5,3745,11230
2023-10-04 13:20:15,3,6,3745,11230
2023-10-04 13:20:45,4,6,3745,11230
2023-10-04 13:21:28,3,6,3745,11230
2023-10-04 13:21:28,4,6,3745,11230
2023-10-04 13:21:30,4,5,3745,11230
2023-10-04 13:22:06,4,6,3745,11230
2023-10-04 13:22:11,3,6,3745,11230
2023-10-04 13:22:11,4,6,3745,11230
2023-10-04 13:22:27,3,6,3745,11230
2023-10-04 13:22:28,3,5,3745,11230
2023-10-04 13:22:48,3,4,3745,11230
2023-10-04 13:22:52,3,4,3925,11410
2023-10-04 13:22:52,2,3,3945,11430
2023-10-04 13:22:52,1,3,3945,11430
2023-10-04 13:22:52,2,3,3945,11430
2023-10-04 13:23:14,2,4,3945,11430
2023-10-04 13:23:27,2,3,3945,11430
2023-10-04 13:23:30,1,3,3945,11430
2023-10-04 13:23:46,1,3,4045,11530
2023-10-04 13:23:57,1,4,4045,11530
2023-10-04 13:24:10,1,3,4045,11530
2023-10-04 13:24:12,1,4,4045,11530
2023-10-04 13:24:34,1,3,4045,11530
2023-10-04 13:25:23,1,2,4045,11530
2023-10-04 13:28:21,1,2,4045,12951
2023-10-04 13:29:14,1,3,4045,12951
2023-10-04 13:29:18,1,2,4045,12951
2023-10-04 13:30:46,1,2,4041,12955
2023-10-04 13:31:53,0,1,4041,12980
2023-10-04 13:32:01,0,1,4037,12984
2023-10-04 13:32:26,0,1,3911,13110
2023-10-04 13:32:27,1,2,3911,13184
2023-10-04 13:32:27,0,1,3911,13210
2023-10-04 13:32:28,0,2,3911,13210
2023-10-04 13:32:35,0,1,3911,13210
2023-10-04 13:32:40,0,2,3911,13210
2023-10-04 13:33:26,1,2,3911,13210
2023-10-04 13:33:29,0,2,3911,13210
2023-10-04 13:33:42,1,2,3911,13210
2023-10-04 13:42:58,1,2,3711,13410
2023-10-04 13:52:51,1,2,3511,13610
2023-10-04 13:59:31,1,2,3511,13670
2023-10-04 13:59:33,1,2,3511,13685
2023-10-04 14:01:21,1,2,3311,13885
2023-10-04 14:02:32,1,2,3311,13960
2023-10-04 14:09:38,1,2,3311,14140
2023-10-04 14:15:05,1,2,3311,14320
2023-10-04 14:18:45,1,2,3311,14336
2023-10-04 14:18:49,1,2,3311,14380
2023-10-04 14:21:01,1,2,3311,14500
2023-10-04 14:24:34,1,2,3111,14700
2023-10-04 14:24:34,1,2,3111,14880
2023-10-04 14:24:35,1,2,3111,14925
2023-10-04 14:24:53,1,2,2911,15125
2023-10-04 14:24:54,1,2,2911,15200
2023-10-04 14:25:00,1,2,2911,15225
2023-10-04 14:25:17,1,2,2911,15285
2023-10-04 14:25:27,1,2,2911,15345
2023-10-04 14:31:36,1,2,2791,15465
2023-10-04 14:49:29,1,2,2786,15470
2023-10-04 14:49:30,1,2,2781,15475
2023-10-04 14:49:31,1,2,2776,15480
2023-10-04 14:49:32,1,2,2771,15485
2023-10-04 14:49:33,1,2,2766,15490
2023-10-04 14:49:34,1,2,2761,15495
2023-10-04 14:49:35,1,2,2756,15500
2023-10-04 14:49:36,1,2,2751,15505
2023-10-04 14:49:37,1,2,2746,15510
2023-10-04 14:49:38,1,2,2741,15515
2023-10-04 14:49:39,1,2,2736,15520
2023-10-04 14:49:40,1,2,2731,15525
2023-10-04 14:49:41,1,2,2726,15530
2023-10-04 14:49:42,1,2,2721,15535
2023-10-04 14:49:43,1,2,2716,15540
2023-10-04 14:49:44,1,2,2711,15545
2023-10-04 14:49:45,1,2,2706,15550
2023-10-04 14:49:46,1,2,2701,15555
2023-10-04 14:49:47,1,2,2696,15560
2023-10-04 14:49:48,1,2,2691,15565
2023-10-04 14:49:49,1,2,2686,15570
2023-10-04 14:49:50,1,2,2681,15575
2023-10-04 14:49:51,0,1,2680,15576
2023-10-04 14:58:09,0,2,2680,15581
2023-10-04 14:58:10,0,1,2680,15581
2023-10-04 15:00:39,0,2,2680,15586
2023-10-04 15:00:40,0,1,2680,15586
2023-10-04 15:01:12,0,2,2680,15591
2023-10-04 15:01:16,0,2,2680,15641
2023-10-04 15:11:20,0,3,2680,15641
2023-10-04 15:11:31,1,3,2680,15641
2023-10-04 15:11:32,1,4,2828,16256
2023-10-04 15:11:35,2,4,2828,16256
2023-10-04 15:11:49,1,4,2828,16256
2023-10-04 15:11:59,2,4,2828,16256
2023-10-04 15:12:01,1,4,2828,16256
2023-10-04 15:12:04,2,4,2828,16256
2023-10-04 15:12:09,2,4,2878,16306
2023-10-04 15:12:32,1,4,2878,16306
2023-10-04 15:12:37,1,3,2878,16306
2023-10-04 15:14:35,2,3,2878,16306
2023-10-04 15:14:59,1,3,2878,16306
2023-10-04 15:15:03,2,3,2878,16306
2023-10-04 15:15:07,1,3,2878,16306
2023-10-04 15:15:22,2,3,2878,16306
2023-10-04 15:15:23,1,3,2878,16306
2023-10-04 15:15:24,2,3,2878,16306
2023-10-04 15:15:44,1,3,2878,16306
2023-10-04 15:16:00,2,3,2878,16306
2023-10-04 15:16:01,1,3,2878,16306
2023-10-04 15:16:03,2,3,2878,16306
2023-10-04 15:16:37,2,3,2895,16506
2023-10-04 15:16:52,2,3,3095,16706
2023-10-04 15:16:54,2,3,8650,22261
2023-10-04 15:16:55,2,4,8650,22261
2023-10-04 15:17:04,1,4,8650,22261
2023-10-04 15:17:05,2,4,8650,22261
2023-10-04 15:17:15,3,4,8650,22261
2023-10-04 15:17:15,2,4,8850,22461
2023-10-04 15:17:16,3,4,8850,22461
2023-10-04 15:17:16,3,4,8950,22561
2023-10-04 15:17:17,2,4,8950,22561
2023-10-04 15:17:24,3,4,8950,22561
2023-10-04 15:17:33,3,5,8950,22561
2023-10-04 15:17:36,4,5,8950,22561
2023-10-04 15:17:56,5,6,8965,22576
2023-10-04 15:17:56,5,7,8965,22576
2023-10-04 15:17:57,6,7,8965,22576
2023-10-04 15:17:57,6,8,8965,22576
2023-10-04 15:18:02,7,8,8965,22576
2023-10-04 15:18:03,7,9,8965,22576
2023-10-04 15:18:08,7,10,8965,22576
2023-10-04 15:18:09,8,10,8965,22576
2023-10-04 15:18:10,9,10,8965,22576
2023-10-04 15:18:11,9,11,8965,22576
2023-10-04 15:18:14,9,11,8982,22593
2023-10-04 15:18:18,9,10,8982,22593
2023-10-04 15:18:23,9,10,9004,22615
2023-10-04 15:18:24,8,10,9004,22615
2023-10-04 15:18:34,8,10,9010,22621
2023-10-04 15:18:38,7,10,9010,22621
2023-10-04 15:18:39,7,9,9010,22621
2023-10-04 15:18:41,7,8,9010,22621
2023-10-04 15:18:49,6,8,9025,22636
2023-10-04 15:18:52,6,7,9125,22736
2023-10-04 15:18:53,5,7,9125,22736
2023-10-04 15:18:56,5,6,9125,22736
2023-10-04 15:18:57,5,6,9125,22861
2023-10-04 15:19:03,4,6,9125,22861
2023-10-04 15:19:05,5,6,9125,22861
2023-10-04 15:19:07,4,6,9125,22861
2023-10-04 15:19:49,5,6,9125,22861
2023-10-04 15:19:58,5,7,9125,22861
2023-10-04 15:20:03,4,7,9125,22861
2023-10-04 15:20:03,4,6,9125,22861
2023-10-04 15:20:06,5,6,9125,22861
2023-10-04 15:20:10,5,6,9150,22886
2023-10-04 15:20:21,4,6,9150,22886
2023-10-04 15:21:17,5,6,9150,22886
2023-10-04 15:21:19,4,6,9150,22886
2023-10-04 15:21:20,4,7,9150,22886
2023-10-04 15:21:27,4,6,9150,22886
2023-10-04 15:21:37,4,7,9150,22886
2023-10-04 15:21:54,4,6,9150,22886
2023-10-04 15:22:19,3,6,9150,22886
2023-10-04 15:22:19,3,5,9150,22886
2023-10-04 15:22:34,4,5,9150,22886
2023-10-04 15:22:37,4,6,9150,22886
2023-10-04 15:22:53,4,7,9150,22886
2023-10-04 15:23:08,4,6,9150,22886
2023-10-04 15:23:20,4,7,9150,22886
2023-10-04 15:23:42,4,6,9150,22886
2023-10-04 15:23:44,3,6,9150,22886
2023-10-04 15:23:49,3,7,9150,22886
2023-10-04 15:23:49,4,7,9150,22886
2023-10-04 15:23:56,4,6,9150,22886
2023-10-04 15:24:01,4,7,9150,22886
2023-10-04 15:24:05,4,6,9150,22886
2023-10-04 15:24:09,4,7,9150,22886
2023-10-04 15:24:11,5,7,9150,22886
2023-10-04 15:24:12,5,8,9150,22886
2023-10-04 15:24:16,6,8,9150,22886
2023-10-04 15:24:16,6,9,9150,22886
2023-10-04 15:24:20,6,8,9150,22886
2023-10-04 15:24:22,5,8,9150,22886
2023-10-04 15:24:31,5,7,9150,22886
2023-10-04 15:24:37,5,8,9150,22886
2023-10-04 15:24:44,5,7,9150,22886
2023-10-04 15:24:45,5,8,9150,22886
2023-10-04 15:24:50,5,9,9150,22886
2023-10-04 15:24:50,6,9,9150,22886
2023-10-04 15:25:01,6,8,9150,22886
2023-10-04 15:25:02,6,9,9150,22886
2023-10-04 15:25:02,6,8,9150,22886
2023-10-04 15:25:10,6,9,9150,22886
2023-10-04 15:25:13,6,10,9150,22886
2023-10-04 15:25:13,7,10,9150,22886
2023-10-04 15:25:18,7,9,9150,22886
2023-10-04 15:25:29,6,9,9150,22886
2023-10-04 15:25:35,6,8,9150,22886
2023-10-04 15:25:41,6,9,9150,22886
2023-10-04 15:25:43,6,8,9150,22886
2023-10-04 15:25:46,5,8,9150,22886
2023-10-04 15:25:54,5,7,9150,22886
2023-10-04 15:26:10,5,8,9150,22886
2023-10-04 15:26:10,6,8,9150,22886
2023-10-04 15:26:34,6,7,9150,22886
2023-10-04 15:26:34,4,7,9150,22886
2023-10-04 15:26:34,5,7,9150,22886
2023-10-04 15:26:45,5,6,9150,22886
2023-10-04 15:26:45,4,6,9150,22886
2023-10-04 15:27:01,4,5,9150,22886
2023-10-04 15:27:12,4,6,9150,22886
2023-10-04 15:27:14,3,6,9150,22886
2023-10-04 15:27:39,3,5,9150,22886
2023-10-04 15:27:54,3,4,9150,22886
2023-10-04 15:27:54,2,4,9150,22886
2023-10-04 15:28:42,2,3,9150,22886
2023-10-04 15:28:44,2,3,9135,22901
2023-10-04 15:28:45,2,4,9135,22901
2023-10-04 15:29:14,2,3,9135,22901
2023-10-04 15:29:47,0,3,9135,22901
2023-10-04 15:29:48,1,3,9135,22901
2023-10-04 15:30:01,1,4,9135,22901
2023-10-04 15:30:01,2,4,9135,22901
2023-10-04 15:30:10,1,4,9135,22901
2023-10-04 15:30:33,1,3,9135,22901
2023-10-04 15:30:34,0,3,9135,22901
2023-10-04 15:30:50,1,3,9135,22901
2023-10-04 15:30:50,2,3,9135,22901
2023-10-04 15:30:57,2,4,9135,22901
2023-10-04 15:31:24,2,5,9135,22901
2023-10-04 15:31:55,2,4,9135,22901
2023-10-04 15:31:57,2,5,9135,22901
2023-10-04 15:31:57,3,5,9135,22901
2023-10-04 15:32:00,3,6,9135,22901
2023-10-04 15:32:07,3,7,9135,22901
2023-10-04 15:32:08,4,7,9135,22901
2023-10-04 15:32:17,4,8,9135,22901
2023-10-04 15:32:17,5,8,9135,22901
2023-10-04 15:32:22,6,8,9135,22901
2023-10-04 15:32:26,6,8,9135,22971
2023-10-04 15:32:27,6,9,9135,22971
2023-10-04 15:32:59,7,9,9135,22971
2023-10-04 15:33:13,7,8,9135,22971
2023-10-04 15:33:15,6,7,9135,22999
2023-10-04 15:33:16,4,7,9135,22999
2023-10-04 15:33:16,5,7,9135,22999
2023-10-04 15:33:19,5,6,9135,22999
2023-10-04 15:33:28,5,7,9135,22999
2023-10-04 15:33:34,5,8,9135,22999
2023-10-04 15:33:35,5,7,9135,22999
2023-10-04 15:33:41,5,6,9135,22999
2023-10-04 15:33:46,5,7,9135,22999
2023-10-04 15:33:46,5,6,9135,22999
2023-10-04 15:34:08,3,5,8985,23149
2023-10-04 15:34:08,4,5,8985,23149
2023-10-04 15:34:19,4,6,8985,23149
2023-10-04 15:34:36,3,6,8985,23149
2023-10-04 15:34:37,3,7,8985,23149
2023-10-04 15:34:38,3,6,8985,23149
2023-10-04 15:34:55,3,7,8985,23149
2023-10-04 15:34:55,4,7,8985,23149
2023-10-04 15:34:58,4,8,8985,23149
2023-10-04 15:35:01,4,7,8985,23149
2023-10-04 15:35:03,4,8,8985,23149
2023-10-04 15:35:25,4,9,8985,23149
2023-10-04 15:35:25,5,9,8985,23149
2023-10-04 15:35:34,5,8,8985,23149
2023-10-04 15:35:36,5,9,8985,23149
2023-10-04 15:35:42,6,9,8985,23149
2023-10-04 15:35:55,7,9,8985,23149
2023-10-04 15:35:59,7,10,8985,23149
2023-10-04 15:35:59,8,10,8985,23149
2023-10-04 15:36:02,8,11,8985,23149
2023-10-04 15:36:04,9,11,8985,23149
2023-10-04 15:36:05,10,12,8985,23149
2023-10-04 15:36:05,10,12,8995,23159
2023-10-04 15:36:07,9,12,8995,23159
2023-10-04 15:36:09,10,12,8995,23159
2023-10-04 15:36:13,10,13,8995,23159
2023-10-04 15:36:14,10,14,8995,23159
2023-10-04 15:36:14,11,14,8995,23159
2023-10-04 15:36:15,12,14,8995,23159
2023-10-04 15:36:16,13,14,8995,23159
2023-10-04 15:36:16,13,15,8995,23159
2023-10-04 15:36:17,14,15,8995,23159
2023-10-04 15:36:17,14,16,8995,23159
2023-10-04 15:36:18,14,17,8995,23159
2023-10-04 15:36:18,14,18,8995,23159
2023-10-04 15:36:21,15,18,8995,23159
2023-10-04 15:36:30,16,18,8995,23159
2023-10-04 15:36:30,16,19,8995,23159
2023-10-04 15:36:33,15,19,8995,23159
2023-10-04 15:36:38,15,18,8995,23159
2023-10-04 15:36:39,14,18,8995,23159
2023-10-04 15:36:39,14,17,8995,23159
2023-10-04 15:36:45,16,17,8995,23159
2023-10-04 15:36:45,16,20,8995,23159
2023-10-04 15:36:45,16,19,8995,23159
2023-10-04 15:36:46,17,19,8995,23159
2023-10-04 15:36:46,17,21,8995,23159
2023-10-04 15:36:51,18,21,8995,23159
2023-10-04 15:36:52,17,21,8995,23159
2023-10-04 15:36:59,17,20,8995,23159
2023-10-04 15:36:59,16,20,8995,23159
2023-10-04 15:37:01,16,21,8995,23159
2023-10-04 15:37:02,16,21,8995,23159
2023-10-04 15:37:02,16,20,8995,23159
2023-10-04 15:37:03,16,21,8995,23159
2023-10-04 15:37:03,17,21,8995,23159
2023-10-04 15:37:06,16,21,8995,23159
2023-10-04 15:37:08,16,21,8995,23159
2023-10-04 15:37:08,17,21,8995,23159
2023-10-04 15:37:10,17,20,8995,23159
2023-10-04 15:37:13,17,21,8995,23159
2023-10-04 15:37:14,17,22,8995,23159
2023-10-04 15:37:16,18,22,8995,23159
2023-10-04 15:37:19,19,22,8995,23159
2023-10-04 15:37:19,19,22,9115,23279
2023-10-04 15:37:20,18,22,9115,23279
2023-10-04 15:37:28,17,22,9115,23279
2023-10-04 15:37:29,18,22,9115,23279
2023-10-04 15:37:30,18,23,9115,23279
2023-10-04 15:37:30,20,23,9115,23279
2023-10-04 15:37:38,19,23,9115,23279
2023-10-04 15:37:38,19,22,9115,23279
2023-10-04 15:37:38,18,22,9115,23279
2023-10-04 15:37:39,18,20,9115,23279
2023-10-04 15:37:39,16,20,9115,23279
2023-10-04 15:37:41,16,19,9115,23279
2023-10-04 15:37:42,16,20,9115,23279
2023-10-04 15:37:48,16,19,9115,23279
2023-10-04 15:37:49,16,18,9115,23279
2023-10-04 15:37:49,14,18,9115,23279
2023-10-04 15:37:51,14,17,9115,23279
2023-10-04 15:37:54,14,18,9115,23279
2023-10-04 15:37:56,15,18,9115,23279
2023-10-04 15:37:57,15,18,9115,23279
2023-10-04 15:37:58,15,19,9115,23279
2023-10-04 15:38:01,14,19,9115,23279
2023-10-04 15:38:01,14,18,9115,23279
2023-10-04 15:38:05,13,18,9115,23279
2023-10-04 15:38:05,13,17,9115,23279
2023-10-04 15:38:13,12,17,9115,23279
2023-10-04 15:38:13,12,16,9115,23279
2023-10-04 15:38:14,12,17,9115,23279
2023-10-04 15:38:15,13,17,9115,23279
2023-10-04 15:38:25,13,18,9115,23279
2023-10-04 15:38:33,13,16,9115,23279
2023-10-04 15:38:34,12,16,9115,23279
2023-10-04 15:38:35,13,16,9115,23279
2023-10-04 15:38:47,12,16,9115,23279
2023-10-04 15:38:55,12,15,9115,23279
2023-10-04 15:38:57,12,14,9115,23279
2023-10-04 15:38:57,11,14,9115,23279
2023-10-04 15:38:58,10,14,9115,23279
2023-10-04 15:39:00,10,13,9115,23279
2023-10-04 15:39:12,10,14,9115,23279
2023-10-04 15:39:20,10,13,9115,23279
2023-10-04 15:39:21,10,14,9115,23279
2023-10-04 15:39:28,10,15,9115,23279
2023-10-04 15:39:33,11,14,9115,23279
2023-10-04 15:39:34,11,13,9115,23279
2023-10-04 15:39:34,10,13,9115,23279
2023-10-04 15:39:54,10,14,9115,23279
2023-10-04 15:40:00,10,13,9115,23279
2023-10-04 15:40:02,10,14,9115,23279
2023-10-04 15:40:03,10,13,9115,23279
2023-10-04 15:40:11,10,14,9115,23279
2023-10-04 15:40:21,11,14,9115,23279
2023-10-04 15:40:22,11,15,9115,23279
2023-10-04 15:40:34,11,16,9115,23279
2023-10-04 15:40:35,11,15,9115,23279
2023-10-04 15:40:37,11,16,9115,23279
2023-10-04 15:40:37,12,16,9115,23279
2023-10-04 15:40:38,12,17,9115,23279
2023-10-04 15:40:38,13,17,9115,23279
2023-10-04 15:40:40,12,17,9115,23279
2023-10-04 15:40:40,12,16,9115,23279
2023-10-04 15:40:52,12,17,9115,23279
2023-10-04 15:40:53,12,16,9115,23279
2023-10-04 15:40:54,12,17,9115,23279
2023-10-04 15:40:54,13,17,9115,23279
2023-10-04 15:40:54,13,18,9115,23279
2023-10-04 15:40:56,13,17,9115,23279
2023-10-04 15:40:58,12,17,9115,23279
2023-10-04 15:40:59,13,17,9115,23279
2023-10-04 15:41:02,13,16,9115,23279
2023-10-04 15:41:06,12,16,9115,23279
2023-10-04 15:41:09,11,16,9115,23279
2023-10-04 15:41:10,11,15,9115,23279
2023-10-04 15:41:11,11,14,9115,23279
2023-10-04 15:41:11,10,14,9115,23279
2023-10-04 15:41:15,11,14,9115,23279
2023-10-04 15:41:16,11,15,9115,23279
2023-10-04 15:41:22,11,14,9115,23279
2023-10-04 15:41:25,11,15,9115,23279
2023-10-04 15:41:26,11,14,9115,23279
2023-10-04 15:41:31,12,14,9115,23279
2023-10-04 15:41:31,12,15,9115,23279
2023-10-04 15:41:33,11,15,9115,23279
2023-10-04 15:41:47,10,15,9115,23279
2023-10-04 15:41:48,10,14,9115,23279
2023-10-04 15:41:58,10,13,9115,23279
2023-10-04 15:41:59,10,14,9115,23279
2023-10-04 15:42:02,10,13,9115,23279
2023-10-04 15:43:04,9,13,9115,23279
2023-10-04 15:43:04,9,12,9115,23279
2023-10-04 15:43:04,9,11,9115,23279
2023-10-04 15:43:05,9,13,9115,23279
2023-10-04 15:43:05,9,12,9115,23279
2023-10-04 15:43:17,9,11,9115,23279
2023-10-04 15:43:17,9,10,9115,23279
2023-10-04 15:43:17,7,10,9115,23279
2023-10-04 15:43:17,7,9,9115,23279
2023-10-04 15:43:21,8,9,9115,23279
2023-10-04 15:43:56,10,11,9190,23354
2023-10-04 15:43:56,10,13,9190,23354
2023-10-04 15:43:56,10,12,9190,23354
2023-10-04 15:44:00,10,13,9190,23354
2023-10-04 15:44:01,11,13,9190,23354
2023-10-04 15:44:02,11,14,9190,23354
2023-10-04 15:44:03,12,14,9190,23354
2023-10-04 15:44:04,12,14,9249,23413
2023-10-04 15:44:10,13,14,9249,23413
2023-10-04 15:44:12,13,16,9249,23413
2023-10-04 15:44:12,15,16,9249,23413
2023-10-04 15:44:12,15,16,9309,23473
2023-10-04 15:44:12,15,17,9309,23473
2023-10-04 15:44:12,15,19,9309,23473
2023-10-04 15:44:13,13,19,9309,23473
2023-10-04 15:44:13,13,18,9309,23473
2023-10-04 15:44:16,13,17,9309,23473
2023-10-04 15:44:16,12,17,9309,23473
2023-10-04 15:44:17,12,18,9309,23473
2023-10-04 15:44:17,13,18,9309,23473
2023-10-04 15:44:18,12,18,9309,23473
2023-10-04 15:44:20,13,18,9309,23473
2023-10-04 15:44:22,13,16,9309,23473
2023-10-04 15:44:22,12,16,9309,23473
2023-10-04 15:44:27,12,14,9309,23473
2023-10-04 15:44:27,11,14,9309,23473
2023-10-04 15:44:28,11,13,9309,23473
2023-10-04 15:44:28,10,13,9309,23473
2023-10-04 15:44:29,10,12,9309,23473
2023-10-04 15:44:29,9,12,9309,23473
2023-10-04 15:44:30,9,11,9309,23473
2023-10-04 15:44:31,9,12,9309,23473
2023-10-04 15:44:32,9,11,9309,23473
2023-10-04 15:44:33,8,11,9309,23473
2023-10-04 15:44:35,8,10,9309,23473
2023-10-04 15:44:36,7,10,9309,23473
2023-10-04 15:44:38,7,8,9309,23473
2023-10-04 15:44:46,6,8,9309,23473
2023-10-04 15:44:47,6,10,9309,23473
2023-10-04 15:44:47,6,8,9309,23473
2023-10-04 15:44:53,6,7,9309,23473
2023-10-04 15:44:53,5,7,9309,23473
2023-10-04 15:45:01,4,7,9309,23548
2023-10-04 15:45:01,3,5,9309,23548
2023-10-04 15:45:01,4,5,9309,23548
2023-10-04 15:45:02,3,5,9309,23548
2023-10-04 15:45:10,3,5,9309,23576
2023-10-04 15:45:22,3,6,9309,23576
2023-10-04 15:45:22,4,6,9309,23576
2023-10-04 15:45:24,3,6,9309,23576
2023-10-04 15:45:30,3,5,9309,23576
2023-10-04 15:45:36,3,4,9309,23576
2023-10-04 15:45:37,2,3,9309,23576
2023-10-04 15:45:37,2,3,9186,23699
2023-10-04 15:45:45,2,4,9186,23699
2023-10-04 15:46:02,2,5,9186,23699
2023-10-04 15:46:03,4,5,9186,23699
2023-10-04 15:46:03,4,5,9249,23762
2023-10-04 15:46:03,4,6,9249,23762
2023-10-04 15:46:11,3,6,9249,23762
2023-10-04 15:46:11,3,5,9249,23762
2023-10-04 15:46:13,2,5,9249,23762
2023-10-04 15:46:21,3,5,9249,23762
2023-10-04 15:46:23,2,5,9249,23762
2023-10-04 15:46:37,3,5,9249,23762
2023-10-04 15:46:39,2,5,9249,23762
2023-10-04 15:46:41,3,5,9249,23762
2023-10-04 15:46:41,3,7,9249,23762
2023-10-04 15:46:41,3,6,9249,23762
2023-10-04 15:46:45,3,5,9249,23762
2023-10-04 15:46:47,2,5,9249,23762
2023-10-04 15:46:49,3,5,9249,23762
2023-10-04 15:46:49,3,7,9249,23762
2023-10-04 15:46:49,3,6,9249,23762
2023-10-04 15:46:51,4,6,9249,23762
2023-10-04 15:46:52,4,8,9249,23762
2023-10-04 15:46:52,4,7,9249,23762
2023-10-04 15:46:54,5,7,9249,23762
2023-10-04 15:46:57,6,7,9249,23762
2023-10-04 15:46:59,7,10,9249,23837
2023-10-04 15:46:59,7,10,9369,23957
2023-10-04 15:47:00,6,10,9369,23957
2023-10-04 15:47:03,7,10,9369,23957
2023-10-04 15:47:04,7,11,9369,23957
2023-10-04 15:47:07,9,11,9369,23957
2023-10-04 15:47:07,9,11,9429,24017
2023-10-04 15:47:07,9,12,9429,24017
2023-10-04 15:47:11,9,13,9429,24017
2023-10-04 15:47:20,9,12,9429,24017
2023-10-04 15:47:24,8,12,9429,24017
2023-10-04 15:47:24,8,11,9429,24017
2023-10-04 15:47:24,7,10,9429,24017
2023-10-04 15:47:25,6,10,9429,24017
2023-10-04 15:47:28,7,10,9429,24017
2023-10-04 15:47:30,6,10,9429,24017
2023-10-04 15:47:32,6,9,9429,24017
2023-10-04 15:47:33,6,10,9429,24017
2023-10-04 15:47:38,7,10,9429,24017
2023-10-04 15:47:38,7,11,9429,24017
2023-10-04 15:47:43,7,12,9429,24017
2023-10-04 15:47:43,8,12,9429,24017
2023-10-04 15:47:45,9,12,9429,24017
2023-10-04 15:47:47,11,12,9429,24017
2023-10-04 15:47:47,11,13,9429,24017
2023-10-04 15:47:48,11,14,9429,24017
2023-10-04 15:47:50,9,14,9429,24017
2023-10-04 15:47:52,10,14,9429,24017
2023-10-04 15:47:56,10,15,9429,24017
2023-10-04 15:48:01,10,14,9429,24017
2023-10-04 15:48:13,10,13,9429,24017
2023-10-04 15:48:13,9,12,9429,24017
2023-10-04 15:48:13,7,12,9429,24017
2023-10-04 15:48:13,8,12,9429,24017
2023-10-04 15:48:15,8,11,9429,24017
2023-10-04 15:48:15,7,11,9429,24017
2023-10-04 15:48:23,7,10,9429,24017
2023-10-04 15:48:26,7,9,9429,24017
2023-10-04 15:48:26,6,9,9429,24017
2023-10-04 15:48:27,6,8,9429,24017
2023-10-04 15:48:27,5,8,9429,24017
2023-10-04 15:48:30,5,9,9429,24017
2023-10-04 15:48:35,6,9,9429,24017
2023-10-04 15:48:38,6,8,9429,24017
2023-10-04 15:48:42,6,7,9429,24017
2023-10-04 15:48:42,5,7,9429,24017
2023-10-04 15:48:43,5,6,9429,24017
2023-10-04 15:48:54,4,6,9429,24017
2023-10-04 15:48:56,4,6,9429,24087
2023-10-04 15:48:57,3,6,9429,24087
2023-10-04 15:48:57,3,5,9429,24087
2023-10-04 15:48:58,3,6,9429,24087
2023-10-04 15:49:01,4,6,9429,24087
2023-10-04 15:49:02,3,6,9429,24087
2023-10-04 15:49:03,3,5,9429,24087
2023-10-04 15:49:04,2,5,9429,24087
2023-10-04 15:49:05,2,4,9429,24087
2023-10-04 15:49:13,2,3,9429,24087
2023-10-04 15:49:13,2,3,9366,24150
2023-10-04 15:49:14,2,3,9363,24153
2023-10-04 15:49:16,2,3,9360,24156
2023-10-04 15:49:18,2,3,9357,24159
2023-10-04 15:49:20,2,3,9354,24162
2023-10-04 15:49:22,2,4,9354,24162
2023-10-04 15:49:25,2,3,9354,24162
2023-10-04 15:49:26,2,3,9351,24165
2023-10-04 15:49:28,2,3,9348,24168
2023-10-04 15:49:30,2,3,9345,24171
2023-10-04 15:49:32,2,3,9342,24174
2023-10-04 15:49:33,2,3,9339,24177
2023-10-04 15:49:38,2,3,9336,24180
2023-10-04 15:49:42,2,3,9136,24380
2023-10-04 15:49:54,2,3,8936,24580
2023-10-04 15:49:59,2,3,8736,24780
2023-10-04 15:50:01,2,3,8535,25380
2023-10-04 15:50:01,0,3,8535,25780
2023-10-04 15:50:02,0,2,8535,25780
2023-10-04 15:50:03,0,1,8535,25780
2023-10-04 15:50:31,0,2,8535,25780
2023-10-04 15:50:41,0,3,8535,25780
2023-10-04 15:50:55,1,3,8535,25780
2023-10-04 15:50:55,1,3,8489,25826
2023-10-04 15:50:59,0,3,8489,25826
2023-10-04 15:51:06,0,2,8489,25826
2023-10-04 15:51:08,0,3,8489,25826
2023-10-04 15:51:11,2,3,8489,25826
2023-10-04 15:51:12,2,3,8489,25845
2023-10-04 15:51:13,4,5,8489,25845
2023-10-04 15:51:13,2,5,8489,25864
2023-10-04 15:51:14,4,5,8489,25864
2023-10-04 15:51:14,2,5,8489,25883
2023-10-04 15:51:15,4,5,8489,25883
2023-10-04 15:51:15,2,5,8489,25902
2023-10-04 15:51:16,3,5,8489,25902
2023-10-04 15:51:17,3,5,8489,25921
2023-10-04 15:51:18,3,5,8489,26025
2023-10-04 15:51:19,2,5,8489,26025
2023-10-04 15:51:21,3,5,8489,26025
2023-10-04 15:51:21,2,5,8489,26225
2023-10-04 15:51:27,3,5,8489,26225
2023-10-04 15:51:27,3,5,8489,26246
2023-10-04 15:51:28,3,5,8489,26267
2023-10-04 15:51:29,4,5,8489,26267
2023-10-04 15:51:30,4,5,8489,26288
2023-10-04 15:51:31,3,5,8489,26288
2023-10-04 15:51:32,3,5,8489,26309
2023-10-04 15:51:34,3,5,8489,26330
2023-10-04 15:51:35,3,5,8489,26351
2023-10-04 15:51:37,3,5,8489,26372
2023-10-04 15:51:38,3,5,8489,26393
2023-10-04 15:51:39,4,5,8489,26393
2023-10-04 15:51:40,4,5,8489,26414
2023-10-04 15:51:41,5,7,8489,26432
2023-10-04 15:51:42,5,9,8489,26432
2023-10-04 15:51:42,5,8,8489,26432
2023-10-04 15:51:42,5,8,8489,26493
2023-10-04 15:51:47,4,8,8489,26493
2023-10-04 15:51:51,5,8,8489,26493
2023-10-04 15:51:56,4,8,8489,26493
2023-10-04 15:51:56,5,8,8489,26493
2023-10-04 15:52:01,4,8,8489,26493
2023-10-04 15:52:02,4,7,8489,26493
2023-10-04 15:52:03,3,6,8489,26514
2023-10-04 15:52:08,3,4,8489,26514
2023-10-04 15:52:08,2,4,8489,26514
2023-10-04 15:52:13,0,4,8489,26514
2023-10-04 15:52:15,0,3,8489,26514
2023-10-04 15:52:15,0,3,8489,26703
2023-10-04 15:52:16,0,4,8489,26703
2023-10-04 15:52:16,1,4,8489,26703
2023-10-04 15:52:26,1,5,8489,26703
2023-10-04 15:52:26,1,6,8489,26703
2023-10-04 15:52:26,2,6,8489,26703
2023-10-04 15:52:41,2,5,8489,26703
2023-10-04 15:52:42,2,6,8489,26703
2023-10-04 15:52:46,3,6,8489,26703
2023-10-04 15:52:57,2,6,8489,26703
2023-10-04 15:52:58,3,6,8489,26703
2023-10-04 15:53:02,3,5,8489,26703
2023-10-04 15:53:06,4,5,8489,26703
2023-10-04 15:53:06,4,5,8489,26880
2023-10-04 15:53:07,3,5,8489,26880
2023-10-04 15:53:07,3,6,8489,26880
2023-10-04 15:53:09,2,6,8489,26880
2023-10-04 15:53:09,2,5,8489,26880
2023-10-04 15:53:15,1,5,8489,26880
2023-10-04 15:53:19,1,4,8489,26880
2023-10-04 15:53:20,1,3,8489,26880
2023-10-04 15:53:22,0,3,8489,27046
2023-10-04 15:53:23,1,3,8489,27046
2023-10-04 15:53:23,1,4,8489,27046
2023-10-04 15:53:24,1,5,8489,27046
2023-10-04 15:53:27,2,5,8489,27046
2023-10-04 15:53:33,1,5,8489,27046
2023-10-04 15:53:38,2,5,8489,27046
2023-10-04 15:53:39,1,5,8489,27046
2023-10-04 15:53:41,2,5,8489,27046
2023-10-04 15:53:43,2,6,8489,27046
2023-10-04 15:53:46,2,6,8489,27046
2023-10-04 15:53:46,2,5,8489,27046
2023-10-04 15:53:48,2,6,8489,27046
2023-10-04 15:53:50,2,5,8489,27046
2023-10-04 15:53:51,1,5,8489,27046
2023-10-04 15:53:52,1,4,8489,27046
2023-10-04 15:53:55,1,5,8489,27046
2023-10-04 15:54:00,2,5,8489,27046
2023-10-04 15:54:01,2,6,8489,27046
2023-10-04 15:54:03,4,6,8489,27046
2023-10-04 15:54:06,4,7,8489,27046
2023-10-04 15:54:07,2,7,8489,27246
2023-10-04 15:54:07,5,7,8489,27246
2023-10-04 15:54:07,5,7,8601,27401
2023-10-04 15:54:08,2,7,8601,27401
2023-10-04 15:54:09,2,6,8601,27401
2023-10-04 15:54:17,1,6,8601,27401
2023-10-04 15:54:18,1,6,8601,27401
2023-10-04 15:54:19,1,5,8601,27401
2023-10-04 15:54:20,1,4,8601,27401
2023-10-04 15:54:22,2,4,8601,27401
2023-10-04 15:54:29,2,6,8601,27401
2023-10-04 15:54:29,3,6,8601,27401
2023-10-04 15:54:36,4,6,8601,27401
2023-10-04 15:54:36,4,7,8601,27401
2023-10-04 15:54:40,3,7,8601,27401
2023-10-04 15:54:41,6,7,8601,27401
2023-10-04 15:54:41,6,9,8601,27401
2023-10-04 15:54:41,6,8,8601,27401
2023-10-04 15:54:42,7,8,8601,27401
2023-10-04 15:54:42,7,8,8661,27461
2023-10-04 15:54:43,7,10,8661,27461
2023-10-04 15:54:43,7,9,8661,27461
2023-10-04 15:54:43,7,9,8781,27581
2023-10-04 15:54:45,7,9,8901,27701
2023-10-04 15:54:48,7,9,8961,27761
2023-10-04 15:54:49,6,9,8961,27761
2023-10-04 15:54:49,6,9,9021,27821
2023-10-04 15:54:51,6,9,9081,27881
2023-10-04 15:54:53,6,9,9201,28001
2023-10-04 15:54:54,4,9,9201,28001
2023-10-04 15:54:55,5,9,9201,28001
2023-10-04 15:55:00,5,9,9321,28121
2023-10-04 15:55:01,4,9,9321,28121
2023-10-04 15:55:02,4,8,9321,28121
2023-10-04 15:55:03,3,8,9321,28121
2023-10-04 15:55:03,3,6,9321,28121
2023-10-04 15:55:03,3,5,9321,28121
2023-10-04 15:55:03,1,5,9321,28121
2023-10-04 15:55:04,1,4,9321,28121
2023-10-04 15:55:04,1,3,9321,28121
2023-10-04 15:55:04,1,3,9312,28130
2023-10-04 15:55:05,1,3,9303,28139
2023-10-04 15:55:06,1,4,9303,28139
2023-10-04 15:55:07,2,4,9303,28139
2023-10-04 15:55:07,2,6,9303,28139
2023-10-04 15:55:08,2,7,9303,28139
2023-10-04 15:55:09,2,7,9303,28139
2023-10-04 15:55:09,2,6,9303,28139
2023-10-04 15:55:10,2,5,9303,28139
2023-10-04 15:55:11,2,4,9303,28139
2023-10-04 15:55:12,1,3,9303,28139
2023-10-04 15:55:13,0,3,9303,28139
2023-10-04 15:55:16,0,4,9303,28139
2023-10-04 15:55:17,0,3,9303,28139
2023-10-04 15:55:19,0,4,9303,28139
2023-10-04 15:55:20,1,4,9303,28139
2023-10-04 15:55:23,0,4,9303,28139
2023-10-04 15:55:24,1,4,9303,28139
2023-10-04 15:55:26,1,6,9303,28139
2023-10-04 15:55:30,1,4,9303,28139
2023-10-04 15:55:30,0,4,9303,28139
2023-10-04 15:55:31,0,3,9303,28139
2023-10-04 15:55:38,0,4,9303,28139
2023-10-04 15:55:40,1,4,9303,28139
2023-10-04 15:55:42,1,6,9303,28139
2023-10-04 15:55:42,2,6,9303,28139
2023-10-04 15:55:43,2,7,9303,28139
2023-10-04 15:55:43,3,7,9303,28139
2023-10-04 15:55:43,2,7,9503,28339
2023-10-04 15:55:45,2,6,9503,28339
2023-10-04 15:55:46,2,7,9503,28339
2023-10-04 15:55:49,2,6,9503,28339
2023-10-04 15:55:50,2,7,9503,28339
2023-10-04 15:55:51,2,6,9503,28339
2023-10-04 15:55:54,2,5,9503,28339
2023-10-04 15:55:58,2,6,9503,28339
2023-10-04 15:55:59,2,7,9503,28339
2023-10-04 15:56:03,2,6,9503,28339
2023-10-04 15:56:04,2,4,9503,28339
2023-10-04 15:56:04,1,4,9503,28339
2023-10-04 15:56:08,1,5,9503,28339
2023-10-04 15:56:08,2,5,9503,28339
2023-10-04 15:56:08,2,6,9503,28339
2023-10-04 15:56:10,2,5,9503,28339
2023-10-04 15:56:11,2,4,9503,28339
2023-10-04 15:56:11,1,4,9503,28339
2023-10-04 15:56:19,1,5,9503,28339
2023-10-04 15:56:25,1,4,9503,28339
2023-10-04 15:56:27,1,5,9503,28339
2023-10-04 15:56:33,1,4,9503,28339
2023-10-04 15:56:40,0,4,9503,28339
2023-10-04 15:56:50,0,5,9503,28339
2023-10-04 15:56:51,0,4,9503,28339
2023-10-04 15:57:03,0,3,9503,28339
2023-10-04 15:57:04,0,2,9503,28339
2023-10-04 15:57:06,0,3,9503,28339
2023-10-04 15:57:08,0,4,9503,28339
2023-10-04 15:57:09,0,3,9503,28339
2023-10-04 15:57:11,0,2,9503,28339
2023-10-04 15:57:12,0,3,9503,28339
2023-10-04 15:57:17,0,4,9503,28339
2023-10-04 15:57:18,0,5,9503,28339
2023-10-04 15:57:21,0,5,9503,28339
2023-10-04 15:57:21,0,4,9503,28339
2023-10-04 15:57:57,0,5,9503,28339
2023-10-04 15:57:57,1,5,9503,28339
2023-10-04 15:57:57,1,3,9503,28339
2023-10-04 15:58:01,0,3,9503,28339
2023-10-04 15:58:03,0,4,9503,28339
2023-10-04 15:58:04,0,3,9503,28339
2023-10-04 15:58:21,0,4,9503,28339
2023-10-04 15:58:25,0,2,9503,28339
2023-10-04 15:58:29,0,1,9503,28339
