datetime,bid,ask,open_interest,volume
2023-10-04 09:30:12,2,34,72,72
2023-10-04 09:31:00,21,34,72,72
2023-10-04 09:31:00,21,24,72,72
2023-10-04 09:31:00,21,23,72,72
2023-10-04 09:31:01,21,24,72,72
2023-10-04 09:31:01,21,23,72,72
2023-10-04 09:32:06,21,22,72,72
2023-10-04 09:32:06,21,22,132,132
2023-10-04 09:32:07,21,22,232,232
2023-10-04 09:32:08,20,22,232,232
2023-10-04 09:32:21,20,23,232,232
2023-10-04 09:32:25,20,22,232,232
2023-10-04 09:32:52,20,23,232,232
2023-10-04 09:32:53,21,23,232,232
2023-10-04 09:32:59,20,23,232,232
2023-10-04 09:33:48,20,22,232,232
2023-10-04 09:33:55,20,23,232,232
2023-10-04 09:33:56,20,22,232,232
2023-10-04 09:34:14,19,22,232,232
2023-10-04 09:34:34,19,21,232,232
2023-10-04 09:34:41,20,21,232,232
2023-10-04 09:34:42,19,21,232,232
2023-10-04 09:34:45,20,21,232,232
2023-10-04 09:34:50,19,21,232,232
2023-10-04 09:34:56,20,21,232,232
2023-10-04 09:35:00,19,21,232,232
2023-10-04 09:35:06,20,21,232,232
2023-10-04 09:35:07,20,22,232,232
2023-10-04 09:35:08,20,23,232,232
2023-10-04 09:35:09,20,22,232,232
2023-10-04 09:35:22,20,23,232,232
2023-10-04 09:35:57,20,22,232,232
2023-10-04 09:35:58,20,23,232,232
2023-10-04 09:35:59,20,22,232,232
2023-10-04 09:36:09,19,22,232,232
2023-10-04 09:36:50,19,21,232,232
2023-10-04 09:37:01,18,21,232,232
2023-10-04 09:37:07,18,20,232,232
2023-10-04 09:38:26,18,20,240,240
2023-10-04 09:38:53,18,19,240,240
2023-10-04 09:38:57,18,19,300,300
2023-10-04 09:39:03,17,19,300,300
2023-10-04 09:39:04,17,18,300,300
2023-10-04 09:39:13,17,18,380,380
2023-10-04 09:39:13,17,18,381,381
2023-10-04 09:39:14,16,18,381,381
2023-10-04 09:39:22,16,17,381,381
2023-10-04 09:39:28,16,18,381,381
2023-10-04 09:39:43,16,18,389,389
2023-10-04 09:40:27,17,18,389,389
2023-10-04 09:40:29,17,18,389,489
2023-10-04 09:40:30,17,19,389,489
2023-10-04 09:40:43,17,20,389,489
2023-10-04 09:40:47,18,20,389,489
2023-10-04 09:40:58,19,20,389,489
2023-10-04 09:42:42,19,21,389,489
2023-10-04 09:43:01,20,21,389,489
2023-10-04 09:43:04,20,22,389,489
2023-10-04 09:43:09,21,22,389,489
2023-10-04 09:43:36,20,22,389,489
2023-10-04 09:45:19,21,22,389,489
2023-10-04 09:45:33,20,22,389,489
2023-10-04 09:45:37,21,22,389,489
2023-10-04 09:45:43,21,23,389,489
2023-10-04 09:48:11,21,22,389,489
2023-10-04 09:48:12,20,22,389,489
2023-10-04 09:48:18,19,22,389,489
2023-10-04 09:48:34,19,21,389,489
2023-10-04 09:48:42,20,21,389,489
2023-10-04 09:48:43,19,21,389,489
2023-10-04 09:49:15,20,21,389,489
2023-10-04 09:49:19,19,21,389,489
2023-10-04 09:49:20,20,21,389,489
2023-10-04 09:49:22,19,21,389,489
2023-10-04 09:49:25,20,21,389,489
2023-10-04 09:49:28,20,22,389,489
2023-10-04 09:50:43,19,22,389,489
2023-10-04 09:50:44,20,22,389,489
2023-10-04 09:50:48,20,23,389,489
2023-10-04 09:50:59,21,23,389,489
2023-10-04 09:51:02,22,23,389,489
2023-10-04 09:51:24,22,24,389,489
2023-10-04 09:51:29,23,24,389,489
2023-10-04 09:51:36,22,24,389,489
2023-10-04 09:51:37,23,24,389,489
2023-10-04 09:51:41,22,24,389,489
2023-10-04 09:51:42,23,24,389,489
2023-10-04 09:51:51,22,24,389,489
2023-10-04 09:53:31,22,23,389,489
2023-10-04 09:53:37,21,23,389,489
2023-10-04 09:54:01,20,23,389,489
2023-10-04 09:54:02,20,22,389,489
2023-10-04 09:54:57,20,23,389,489
2023-10-04 09:55:31,20,22,389,489
2023-10-04 09:55:42,20,21,389,489
2023-10-04 09:55:44,19,21,389,489
2023-10-04 09:56:57,19,22,389,489
2023-10-04 09:56:57,20,22,389,489
2023-10-04 09:57:02,20,23,389,489
2023-10-04 09:57:07,21,23,389,489
2023-10-04 09:58:02,20,23,389,489
2023-10-04 09:58:31,20,22,389,489
2023-10-04 09:58:41,20,23,389,489
2023-10-04 09:58:57,21,23,389,489
2023-10-04 09:59:17,20,23,389,489
2023-10-04 09:59:27,20,22,389,489
2023-10-04 09:59:28,20,23,389,489
2023-10-04 10:00:01,21,23,389,489
2023-10-04 10:00:06,20,23,389,489
2023-10-04 10:00:10,20,22,389,489
2023-10-04 10:00:14,20,21,389,489
2023-10-04 10:00:20,19,22,389,489
2023-10-04 10:00:21,19,22,389,489
2023-10-04 10:00:26,19,21,389,489
2023-10-04 10:00:30,19,22,389,489
2023-10-04 10:00:30,20,22,389,489
2023-10-04 10:00:30,20,22,569,669
2023-10-04 10:00:31,19,22,569,669
2023-10-04 10:00:31,20,22,569,669
2023-10-04 10:00:37,19,22,569,669
2023-10-04 10:00:38,20,22,569,669
2023-10-04 10:00:39,20,23,569,669
2023-10-04 10:00:49,21,23,569,669
2023-10-04 10:00:50,21,24,569,669
2023-10-04 10:00:50,22,24,569,669
2023-10-04 10:00:58,23,24,569,669
2023-10-04 10:01:04,22,24,569,669
2023-10-04 10:01:27,23,24,569,669
2023-10-04 10:01:28,22,24,569,669
2023-10-04 10:01:28,23,24,569,669
2023-10-04 10:01:30,22,24,569,669
2023-10-04 10:01:51,23,24,569,669
2023-10-04 10:01:54,23,25,569,669
2023-10-04 10:02:09,24,25,569,669
2023-10-04 10:02:15,24,26,569,669
2023-10-04 10:02:30,25,26,569,669
2023-10-04 10:02:56,26,27,579,679
2023-10-04 10:02:57,25,27,579,679
2023-10-04 10:03:15,26,27,579,679
2023-10-04 10:03:33,26,27,639,739
2023-10-04 10:03:34,25,27,639,739
2023-10-04 10:03:59,26,27,639,739
2023-10-04 10:04:04,25,27,639,739
2023-10-04 10:04:20,26,27,639,739
2023-10-04 10:05:05,25,27,639,739
2023-10-04 10:05:11,26,27,639,739
2023-10-04 10:05:21,25,27,639,739
2023-10-04 10:06:01,26,27,639,739
2023-10-04 10:06:07,26,28,639,739
2023-10-04 10:06:10,26,28,759,859
2023-10-04 10:06:38,25,28,759,859
2023-10-04 10:06:38,25,27,759,859
2023-10-04 10:06:49,24,27,759,859
2023-10-04 10:07:01,25,26,759,859
2023-10-04 10:07:01,25,27,759,859
2023-10-04 10:07:06,25,28,759,859
2023-10-04 10:07:07,25,27,759,859
2023-10-04 10:07:09,25,28,759,859
2023-10-04 10:07:12,25,27,759,859
2023-10-04 10:07:22,25,28,759,859
2023-10-04 10:07:52,26,28,759,859
2023-10-04 10:08:32,27,28,759,859
2023-10-04 10:08:39,27,29,759,859
2023-10-04 10:08:58,28,29,759,859
2023-10-04 10:08:58,28,29,879,979
2023-10-04 10:08:59,27,29,879,979
2023-10-04 10:09:08,27,29,881,981
2023-10-04 10:10:01,27,28,881,981
2023-10-04 10:10:01,26,28,881,981
2023-10-04 10:10:17,26,29,881,981
2023-10-04 10:10:41,27,29,881,981
2023-10-04 10:11:12,27,28,881,981
2023-10-04 10:12:38,26,29,881,981
2023-10-04 10:12:44,26,28,881,981
2023-10-04 10:12:54,26,28,1001,1101
2023-10-04 10:13:08,25,28,1081,1181
2023-10-04 10:13:12,25,27,1081,1181
2023-10-04 10:13:59,25,26,1081,1181
2023-10-04 10:14:16,25,27,1081,1181
2023-10-04 10:14:23,25,26,1081,1181
2023-10-04 10:14:25,24,26,1081,1181
2023-10-04 10:14:50,24,27,1081,1181
2023-10-04 10:14:50,25,27,1081,1181
2023-10-04 10:15:54,25,28,1081,1181
2023-10-04 10:16:03,26,28,1081,1181
2023-10-04 10:16:11,26,29,1081,1181
2023-10-04 10:16:15,27,29,1081,1181
2023-10-04 10:16:18,27,29,1141,1241
2023-10-04 10:17:41,26,29,1141,1241
2023-10-04 10:17:43,26,28,1141,1241
2023-10-04 10:18:12,26,28,1201,1301
2023-10-04 10:18:13,26,27,1201,1301
2023-10-04 10:18:13,26,27,1441,1541
2023-10-04 10:18:15,25,27,1541,1641
2023-10-04 10:18:21,25,28,1541,1641
2023-10-04 10:18:30,26,28,1541,1641
2023-10-04 10:18:45,26,29,1541,1641
2023-10-04 10:18:50,26,28,1541,1641
2023-10-04 10:19:01,26,29,1541,1641
2023-10-04 10:19:06,27,29,1541,1641
2023-10-04 10:19:20,27,28,1541,1641
2023-10-04 10:19:22,26,28,1541,1641
2023-10-04 10:19:25,25,28,1541,1641
2023-10-04 10:19:25,25,27,1541,1641
2023-10-04 10:20:27,25,28,1541,1641
2023-10-04 10:20:31,26,28,1541,1641
2023-10-04 10:20:37,25,28,1541,1641
2023-10-04 10:20:39,25,27,1541,1641
2023-10-04 10:20:42,25,28,1541,1641
2023-10-04 10:20:57,26,28,1541,1641
2023-10-04 10:21:24,26,29,1541,1641
2023-10-04 10:21:48,27,29,1541,1641
2023-10-04 10:23:44,28,29,1541,1641
2023-10-04 10:23:44,28,30,1541,1641
2023-10-04 10:24:12,29,30,1541,1641
2023-10-04 10:24:18,29,31,1541,1841
2023-10-04 10:25:48,29,30,1541,1841
2023-10-04 10:26:05,28,30,1541,1841
2023-10-04 10:26:55,28,31,1541,1841
2023-10-04 10:26:56,28,30,1541,1841
2023-10-04 10:26:57,28,31,1541,1841
2023-10-04 10:27:01,29,31,1541,1841
2023-10-04 10:27:20,29,30,1541,1841
2023-10-04 10:27:43,28,30,1541,1841
2023-10-04 10:27:48,28,31,1541,1841
2023-10-04 10:27:52,29,31,1541,1841
2023-10-04 10:30:51,29,30,1541,1841
2023-10-04 10:31:02,29,30,1661,1961
2023-10-04 10:31:06,28,30,1661,1961
2023-10-04 10:31:34,28,29,1661,1961
2023-10-04 10:31:48,28,30,1661,1961
2023-10-04 10:33:27,28,31,1661,1961
2023-10-04 10:33:54,28,30,1661,1961
2023-10-04 10:34:09,28,29,1661,1961
2023-10-04 10:34:33,27,29,1661,1961
2023-10-04 10:34:36,27,28,1661,1961
2023-10-04 10:34:39,26,28,1661,1961
2023-10-04 10:34:51,26,27,1661,1961
2023-10-04 10:35:08,25,27,1661,1961
2023-10-04 10:35:10,25,26,1661,1961
2023-10-04 10:35:15,24,26,1661,1961
2023-10-04 10:35:16,24,25,1661,1961
2023-10-04 10:35:18,24,26,1661,1961
2023-10-04 10:35:32,24,26,1721,2021
2023-10-04 10:35:35,24,25,1721,2021
2023-10-04 10:35:38,23,25,1721,2021
2023-10-04 10:35:47,23,24,1721,2021
2023-10-04 10:35:54,23,25,1721,2021
2023-10-04 10:36:07,23,26,1721,2021
2023-10-04 10:36:22,23,25,1721,2021
2023-10-04 10:36:24,23,26,1721,2021
2023-10-04 10:36:24,23,25,1721,2021
2023-10-04 10:36:42,23,26,1721,2021
2023-10-04 10:36:50,23,25,1721,2021
2023-10-04 10:37:44,23,24,1721,2021
2023-10-04 10:38:30,23,25,1721,2021
2023-10-04 10:38:39,23,26,1721,2021
2023-10-04 10:38:50,24,26,1721,2021
2023-10-04 10:39:30,25,26,1721,2021
2023-10-04 10:39:53,25,27,1721,2021
2023-10-04 10:40:00,25,26,1721,2021
2023-10-04 10:40:17,25,27,1721,2021
2023-10-04 10:40:21,25,26,1721,2021
2023-10-04 10:40:36,23,25,1721,2024
2023-10-04 10:41:23,23,24,1721,2024
2023-10-04 10:41:23,22,24,1721,2024
2023-10-04 10:41:29,22,23,1721,2024
2023-10-04 10:41:30,22,23,1751,2054
2023-10-04 10:41:33,21,23,1751,2054
2023-10-04 10:41:43,21,22,1751,2054
2023-10-04 10:41:46,21,23,1751,2054
2023-10-04 10:41:46,21,22,1751,2054
2023-10-04 10:41:53,21,23,1751,2054
2023-10-04 10:42:18,21,24,1751,2054
2023-10-04 10:42:30,22,24,1751,2054
2023-10-04 10:42:45,22,25,1751,2054
2023-10-04 10:43:08,22,24,1751,2054
2023-10-04 10:43:32,22,25,1751,2054
2023-10-04 10:43:40,21,25,2751,3054
2023-10-04 10:43:40,21,24,2751,3054
2023-10-04 10:43:40,22,24,2751,3054
2023-10-04 10:43:59,23,24,2751,3054
2023-10-04 10:44:21,23,25,2751,3054
2023-10-04 10:44:46,23,25,2751,3609
2023-10-04 10:45:22,23,24,2751,3609
2023-10-04 10:45:38,23,25,2751,3609
2023-10-04 10:46:13,24,25,2751,3609
2023-10-04 10:46:13,24,26,2751,3609
2023-10-04 10:46:17,25,26,2751,3609
2023-10-04 10:46:17,25,27,2751,3609
2023-10-04 10:46:33,26,27,2751,3609
2023-10-04 10:46:33,26,27,2571,3789
2023-10-04 10:46:34,26,28,2571,3789
2023-10-04 10:46:53,27,28,2571,3789
2023-10-04 10:47:07,27,29,2571,3789
2023-10-04 10:47:10,28,29,2571,3789
2023-10-04 10:47:10,28,30,2571,3789
2023-10-04 10:47:47,30,31,1926,4434
2023-10-04 10:48:03,29,31,1926,4434
2023-10-04 10:48:10,29,31,1571,4789
2023-10-04 10:48:19,30,31,1571,4789
2023-10-04 10:48:19,30,31,1689,4907
2023-10-04 10:48:29,30,32,1689,4907
2023-10-04 10:48:35,31,32,1689,4907
2023-10-04 10:48:59,30,32,1889,5107
2023-10-04 10:51:49,30,31,1889,5107
2023-10-04 10:51:49,29,31,1889,5107
2023-10-04 10:51:53,29,32,1889,5107
2023-10-04 10:51:53,29,31,1889,5107
2023-10-04 10:51:58,29,32,1889,5107
2023-10-04 10:52:03,29,31,1889,5107
2023-10-04 10:52:06,29,32,1889,5107
2023-10-04 10:52:14,30,32,1889,5107
2023-10-04 10:55:47,31,32,1889,5107
2023-10-04 10:56:24,30,33,1889,5107
2023-10-04 10:56:24,30,32,1889,5107
2023-10-04 10:56:48,30,33,1889,5107
2023-10-04 10:57:15,31,33,1889,5107
2023-10-04 11:00:42,32,33,1889,5107
2023-10-04 11:00:50,32,34,1889,5107
2023-10-04 11:00:50,32,33,1889,5107
2023-10-04 11:01:27,32,34,1889,5107
2023-10-04 11:01:27,32,33,1889,5107
2023-10-04 11:02:27,32,34,1889,5107
2023-10-04 11:02:42,31,34,1889,5107
2023-10-04 11:02:42,31,33,1889,5107
2023-10-04 11:02:51,30,33,1889,5107
2023-10-04 11:03:02,31,32,1889,5107
2023-10-04 11:03:13,30,32,1889,5107
2023-10-04 11:03:42,30,31,1889,5107
2023-10-04 11:04:50,30,32,1889,5107
2023-10-04 11:05:28,30,33,1889,5107
2023-10-04 11:05:28,30,32,1889,5107
2023-10-04 11:06:32,30,31,1889,5107
2023-10-04 11:06:33,29,31,1889,5107
2023-10-04 11:06:49,29,30,1889,5107
2023-10-04 11:07:04,28,30,1889,5107
2023-10-04 11:08:31,28,31,1889,5107
2023-10-04 11:08:34,29,31,1889,5107
2023-10-04 11:08:44,28,31,1889,5107
2023-10-04 11:08:54,28,30,1889,5107
2023-10-04 11:09:22,28,30,1949,5167
2023-10-04 11:09:23,28,29,1949,5167
2023-10-04 11:10:07,28,29,2066,5284
2023-10-04 11:10:14,27,29,2089,5307
2023-10-04 11:10:56,27,28,2089,5307
2023-10-04 11:11:22,26,28,2089,5307
2023-10-04 11:11:38,26,27,2089,5307
2023-10-04 11:11:44,25,27,2089,5307
2023-10-04 11:11:47,25,26,2089,5307
2023-10-04 11:11:52,24,26,2089,5307
2023-10-04 11:12:21,24,27,2089,5307
2023-10-04 11:12:58,25,27,2089,5307
2023-10-04 11:13:06,25,26,2089,5307
2023-10-04 11:13:06,24,26,2089,5307
2023-10-04 11:13:28,25,26,2089,5307
2023-10-04 11:13:32,25,27,2089,5307
2023-10-04 11:14:05,25,28,2089,5307
2023-10-04 11:14:37,26,28,2089,5307
2023-10-04 11:14:37,26,29,2089,5307
2023-10-04 11:14:43,26,28,2089,5307
2023-10-04 11:14:49,25,28,2089,5307
2023-10-04 11:15:11,25,27,2089,5307
2023-10-04 11:15:12,25,28,2089,5307
2023-10-04 11:15:13,25,27,2089,5307
2023-10-04 11:15:16,25,28,2089,5307
2023-10-04 11:15:24,25,27,2089,5307
2023-10-04 11:15:36,25,28,2089,5307
2023-10-04 11:15:45,25,27,2089,5307
2023-10-04 11:16:01,25,26,2089,5307
2023-10-04 11:16:10,24,26,2089,5307
2023-10-04 11:16:51,24,27,2089,5307
2023-10-04 11:17:09,25,27,2089,5307
2023-10-04 11:17:15,24,27,2089,5307
2023-10-04 11:17:17,24,26,2089,5307
2023-10-04 11:17:28,24,25,2089,5307
2023-10-04 11:17:41,23,25,2089,5307
2023-10-04 11:17:45,23,24,2089,5307
2023-10-04 11:17:45,22,24,2089,5307
2023-10-04 11:17:46,22,23,2089,5307
2023-10-04 11:17:54,22,24,2089,5307
2023-10-04 11:18:00,22,23,2089,5307
2023-10-04 11:18:02,22,24,2089,5307
2023-10-04 11:18:03,22,23,2089,5307
2023-10-04 11:18:04,22,24,2089,5307
2023-10-04 11:18:04,22,23,2089,5307
2023-10-04 11:18:06,21,23,2089,5307
2023-10-04 11:18:22,21,22,2089,5307
2023-10-04 11:18:30,21,23,2089,5307
2023-10-04 11:18:31,21,22,2089,5307
2023-10-04 11:18:34,20,22,2089,5307
2023-10-04 11:18:52,20,21,2089,5307
2023-10-04 11:18:53,20,22,2089,5307
2023-10-04 11:18:56,20,21,2089,5307
2023-10-04 11:18:59,19,21,2089,5307
2023-10-04 11:19:16,19,22,2089,5307
2023-10-04 11:19:17,19,21,2089,5307
2023-10-04 11:19:24,19,22,2089,5307
2023-10-04 11:19:30,19,21,2089,5307
2023-10-04 11:20:02,18,21,2089,5307
2023-10-04 11:20:11,18,20,2089,5307
2023-10-04 11:21:03,18,19,2089,5307
2023-10-04 11:21:23,17,19,2089,5307
2023-10-04 11:22:01,18,19,2089,5307
2023-10-04 11:22:01,18,19,1909,5487
2023-10-04 11:22:04,18,20,1909,5487
2023-10-04 11:22:09,18,21,1909,5487
2023-10-04 11:22:19,19,21,1909,5487
2023-10-04 11:22:46,19,22,1909,5487
2023-10-04 11:22:48,20,22,1909,5487
2023-10-04 11:22:50,20,23,1909,5487
2023-10-04 11:22:54,21,23,1909,5487
2023-10-04 11:23:21,22,23,1909,5487
2023-10-04 11:23:21,22,24,1909,5487
2023-10-04 11:23:32,21,24,1909,5487
2023-10-04 11:23:32,21,23,1909,5487
2023-10-04 11:23:41,21,24,1909,5487
2023-10-04 11:24:03,21,23,1909,5487
2023-10-04 11:24:15,20,23,1909,5487
2023-10-04 11:24:20,21,23,1909,5487
2023-10-04 11:24:33,21,24,1909,5487
2023-10-04 11:25:15,21,23,1909,5487
2023-10-04 11:25:16,20,23,1909,5487
2023-10-04 11:25:20,20,22,1909,5487
2023-10-04 11:25:22,20,23,1909,5487
2023-10-04 11:25:31,20,22,1909,5487
2023-10-04 11:25:38,19,22,1909,5487
2023-10-04 11:25:38,19,21,1909,5487
2023-10-04 11:26:16,19,20,1909,5487
2023-10-04 11:26:20,18,20,1909,5487
2023-10-04 11:26:38,18,21,1909,5487
2023-10-04 11:26:50,19,21,1909,5487
2023-10-04 11:26:52,18,21,1909,5487
2023-10-04 11:27:10,18,20,1909,5487
2023-10-04 11:27:58,18,21,1909,5487
2023-10-04 11:28:02,18,20,1909,5487
2023-10-04 11:28:06,18,21,1909,5487
2023-10-04 11:28:18,19,21,1909,5487
2023-10-04 11:28:21,18,21,1909,5487
2023-10-04 11:28:50,18,20,1909,5487
2023-10-04 11:29:16,18,21,1909,5487
2023-10-04 11:29:19,18,20,1909,5487
2023-10-04 11:29:21,18,21,1909,5487
2023-10-04 11:29:26,18,20,1909,5487
2023-10-04 11:30:12,18,21,1909,5487
2023-10-04 11:30:17,18,20,1909,5487
2023-10-04 11:30:31,18,21,1909,5487
2023-10-04 11:30:38,19,21,1909,5487
2023-10-04 11:30:46,18,21,1909,5487
2023-10-04 11:31:11,18,20,1909,5487
2023-10-04 11:31:13,18,21,1909,5487
2023-10-04 11:31:21,19,21,1909,5487
2023-10-04 11:31:31,19,22,1909,5487
2023-10-04 11:31:39,20,22,1909,5487
2023-10-04 11:31:51,20,23,1909,5487
2023-10-04 11:31:54,21,23,1909,5487
2023-10-04 11:32:27,21,22,1909,5487
2023-10-04 11:32:31,21,23,1909,5487
2023-10-04 11:32:58,21,22,1909,5487
2023-10-04 11:33:07,20,22,1909,5487
2023-10-04 11:33:26,20,23,1909,5487
2023-10-04 11:33:41,20,22,1909,5487
2023-10-04 11:33:49,21,22,1909,5487
2023-10-04 11:34:02,21,23,1909,5487
2023-10-04 11:34:04,21,22,1909,5487
2023-10-04 11:34:26,20,21,1909,5598
2023-10-04 11:34:27,20,22,1909,5598
2023-10-04 11:34:32,20,21,1909,5598
2023-10-04 11:35:05,20,22,1909,5598
2023-10-04 11:35:06,20,21,1909,5598
2023-10-04 11:35:12,20,22,1909,5598
2023-10-04 11:35:29,20,23,1909,5598
2023-10-04 11:35:34,21,23,1909,5598
2023-10-04 11:35:42,20,23,1909,5598
2023-10-04 11:36:01,21,23,1909,5598
2023-10-04 11:36:09,21,24,1909,5598
2023-10-04 11:36:23,22,24,1909,5598
2023-10-04 11:36:31,21,24,1909,5598
2023-10-04 11:36:31,21,23,1909,5598
2023-10-04 11:36:40,20,23,1909,5598
2023-10-04 11:37:07,20,23,1909,5598
2023-10-04 11:37:08,20,22,1909,5598
2023-10-04 11:37:34,20,21,1909,5598
2023-10-04 11:37:37,19,20,1909,5613
2023-10-04 11:37:39,18,20,1909,5613
2023-10-04 11:38:00,18,19,1909,5613
2023-10-04 11:38:03,17,19,1909,5613
2023-10-04 11:39:22,16,19,3109,6813
2023-10-04 11:39:31,16,18,3109,6813
2023-10-04 11:39:54,16,19,3109,6813
2023-10-04 11:40:01,16,18,3109,6813
2023-10-04 11:40:02,16,19,3109,6813
2023-10-04 11:40:03,16,18,3109,6813
2023-10-04 11:40:05,16,19,3109,6813
2023-10-04 11:40:06,16,18,3109,6813
2023-10-04 11:40:10,16,19,3109,6813
2023-10-04 11:40:25,16,18,3109,6813
2023-10-04 11:40:45,16,19,3109,6813
2023-10-04 11:40:51,17,19,3109,6813
2023-10-04 11:40:52,18,19,3109,6813
2023-10-04 11:41:12,18,21,3109,6813
2023-10-04 11:41:13,20,21,3109,6813
2023-10-04 11:41:15,20,22,3109,6813
2023-10-04 11:41:18,20,23,3109,6813
2023-10-04 11:41:20,21,23,3109,6813
2023-10-04 11:41:22,22,23,3109,6813
2023-10-04 11:41:33,21,23,3109,6813
2023-10-04 11:41:42,21,22,3109,6813
2023-10-04 11:41:58,21,22,3109,7368
2023-10-04 11:41:59,21,23,3109,7368
2023-10-04 11:42:14,21,22,3109,7368
2023-10-04 11:42:15,21,23,3109,7368
2023-10-04 11:42:19,20,23,3109,7368
2023-10-04 11:42:19,20,22,3109,7368
2023-10-04 11:42:48,20,22,3109,7369
2023-10-04 11:43:30,20,21,3109,7369
2023-10-04 11:43:35,19,21,3109,7369
2023-10-04 11:44:17,19,20,3109,7369
2023-10-04 11:44:23,19,21,3109,7369
2023-10-04 11:45:14,19,22,3109,7369
2023-10-04 11:45:52,20,22,3109,7369
2023-10-04 11:46:02,20,23,3109,7369
2023-10-04 11:46:11,20,22,3109,7369
2023-10-04 11:46:15,20,21,3109,7369
2023-10-04 11:46:15,19,21,3109,7369
2023-10-04 11:46:40,19,20,3109,7369
2023-10-04 11:46:47,19,21,3109,7369
2023-10-04 11:46:48,19,20,3109,7369
2023-10-04 11:46:49,19,21,3109,7369
2023-10-04 11:46:51,19,20,3109,7369
2023-10-04 11:46:52,18,20,3109,7369
2023-10-04 11:47:10,17,20,3109,7369
2023-10-04 11:47:16,17,19,3109,7369
2023-10-04 11:47:20,17,18,3109,7369
2023-10-04 11:47:21,16,18,3109,7369
2023-10-04 11:47:23,16,17,3109,7369
2023-10-04 11:47:26,15,17,3109,7369
2023-10-04 11:47:29,15,17,3109,7569
2023-10-04 11:47:29,15,16,3109,7569
2023-10-04 11:47:29,14,16,3109,7569
2023-10-04 11:47:30,14,15,3109,7569
2023-10-04 11:47:31,12,14,3109,7644
2023-10-04 11:47:35,12,13,3109,7644
2023-10-04 11:48:04,11,13,3109,7644
2023-10-04 11:48:05,11,12,3109,7644
2023-10-04 11:48:17,10,12,3109,7644
2023-10-04 11:48:26,10,12,3110,7645
2023-10-04 11:48:39,10,12,3111,7646
2023-10-04 11:48:51,10,12,3112,7647
2023-10-04 11:49:31,10,13,3112,7647
2023-10-04 11:49:39,10,13,3112,7647
2023-10-04 11:49:40,11,13,3112,7647
2023-10-04 11:49:43,11,12,3112,7647
2023-10-04 11:50:12,11,12,3212,7747
2023-10-04 11:50:13,11,12,3612,8147
2023-10-04 11:50:14,11,12,4009,8544
2023-10-04 11:50:14,11,12,4009,8664
2023-10-04 11:50:16,11,12,4012,8667
2023-10-04 11:50:16,11,12,4012,8847
2023-10-04 11:50:16,11,12,4262,9097
2023-10-04 11:50:17,11,12,4265,9100
2023-10-04 11:50:17,11,12,4365,9200
2023-10-04 11:50:18,11,12,4368,9203
2023-10-04 11:50:18,11,12,4618,9453
2023-10-04 11:50:19,11,12,4868,9703
2023-10-04 11:50:19,11,12,4871,9706
2023-10-04 11:50:19,11,12,5121,9956
2023-10-04 11:50:20,11,12,5124,9959
2023-10-04 11:50:21,11,12,5127,9962
2023-10-04 11:50:22,11,12,5130,9965
2023-10-04 11:50:22,11,12,5380,10215
2023-10-04 11:50:23,11,12,5383,10218
2023-10-04 11:50:24,11,12,5633,10468
2023-10-04 11:50:24,11,12,5636,10471
2023-10-04 11:50:25,11,12,5639,10474
2023-10-04 11:50:25,11,12,5889,10724
2023-10-04 11:50:26,11,12,5892,10727
2023-10-04 11:50:27,11,14,6812,11647
2023-10-04 11:50:27,12,14,6812,11647
2023-10-04 11:50:28,11,14,7409,12244
2023-10-04 11:50:29,10,14,7409,12244
2023-10-04 11:50:53,10,15,7409,12244
2023-10-04 11:51:01,10,14,7409,12244
2023-10-04 11:51:05,10,15,7409,12244
2023-10-04 11:51:06,10,14,7409,12244
2023-10-04 11:51:08,10,15,7409,12244
2023-10-04 11:51:12,10,14,7409,12244
2023-10-04 11:51:17,9,14,7409,12244
2023-10-04 11:51:18,11,14,7409,12244
2023-10-04 11:51:29,11,13,7409,12244
2023-10-04 11:51:30,8,13,7409,12244
2023-10-04 11:51:30,10,13,7409,12244
2023-10-04 11:51:43,10,12,7409,12244
2023-10-04 11:52:04,8,12,7409,12244
2023-10-04 11:52:04,9,12,7409,12244
2023-10-04 11:52:28,9,11,7409,12244
2023-10-04 11:52:32,8,11,7409,12244
2023-10-04 11:52:50,8,10,7409,12244
2023-10-04 11:52:50,7,10,7409,12244
2023-10-04 11:53:40,8,10,7409,12244
2023-10-04 11:54:40,7,10,7409,12244
2023-10-04 11:54:41,8,10,7409,12244
2023-10-04 11:55:03,8,9,7409,12244
2023-10-04 11:55:13,8,10,7409,12244
2023-10-04 11:55:30,8,9,7409,12244
2023-10-04 11:55:41,6,9,7409,12244
2023-10-04 11:55:41,7,9,7409,12244
2023-10-04 11:55:53,7,10,7409,12244
2023-10-04 11:56:02,7,9,7409,12244
2023-10-04 11:56:16,5,9,7409,12244
2023-10-04 11:56:16,5,8,7409,12244
2023-10-04 11:56:16,6,8,7409,12244
2023-10-04 11:56:20,5,8,7409,12244
2023-10-04 11:56:20,6,8,7409,12244
2023-10-04 11:56:22,6,7,7409,12244
2023-10-04 11:56:26,6,8,7409,12244
2023-10-04 11:56:58,5,8,7409,12244
2023-10-04 11:56:58,7,8,7409,12244
2023-10-04 11:57:17,5,8,7409,12244
2023-10-04 11:57:17,6,8,7409,12244
2023-10-04 11:57:42,6,7,7409,12244
2023-10-04 11:57:58,6,9,7409,12244
2023-10-04 11:57:58,6,8,7409,12244
2023-10-04 11:58:17,5,8,7409,12244
2023-10-04 11:58:17,5,7,7409,12244
2023-10-04 11:58:17,5,7,7409,12294
2023-10-04 11:59:17,4,7,7409,12294
2023-10-04 11:59:18,5,7,7409,12294
2023-10-04 11:59:32,5,6,7409,12294
2023-10-04 11:59:32,4,6,7409,12294
2023-10-04 11:59:54,3,6,7409,12294
2023-10-04 11:59:54,4,6,7409,12294
2023-10-04 12:00:09,4,6,7410,12295
2023-10-04 12:00:18,4,7,7410,12295
2023-10-04 12:00:18,5,7,7410,12295
2023-10-04 12:00:22,5,7,7411,12296
2023-10-04 12:01:05,5,8,7411,12296
2023-10-04 12:01:05,6,8,7411,12296
2023-10-04 12:02:02,7,8,7411,12296
2023-10-04 12:02:31,7,9,7411,12843
2023-10-04 12:03:02,6,9,7411,12843
2023-10-04 12:04:10,6,10,7411,12843
2023-10-04 12:04:10,7,10,7411,12843
2023-10-04 12:04:59,7,11,7411,13243
2023-10-04 12:05:00,8,11,7411,13243
2023-10-04 12:05:58,8,10,7411,13243
2023-10-04 12:06:10,8,9,7411,13243
2023-10-04 12:06:15,7,9,7411,13243
2023-10-04 12:06:53,7,8,7411,13243
2023-10-04 12:06:59,6,8,7411,13243
2023-10-04 12:07:10,6,9,7411,13243
2023-10-04 12:07:27,7,9,7411,13243
2023-10-04 12:08:54,7,10,7411,13243
2023-10-04 12:09:17,7,9,7411,13243
2023-10-04 12:09:55,7,10,7411,13243
2023-10-04 12:10:01,7,9,7411,13243
2023-10-04 12:10:02,7,10,7411,13243
2023-10-04 12:10:04,7,9,7411,13243
2023-10-04 12:10:33,7,8,7411,13243
2023-10-04 12:10:34,6,8,7411,13243
2023-10-04 12:10:52,6,7,7411,13243
2023-10-04 12:12:37,6,8,7411,13243
2023-10-04 12:12:40,6,9,7411,13243
2023-10-04 12:12:46,7,9,7411,13243
2023-10-04 12:12:52,7,9,7411,13293
2023-10-04 12:13:09,7,10,7411,13293
2023-10-04 12:13:10,7,9,7411,13293
2023-10-04 12:13:32,7,10,7411,13293
2023-10-04 12:14:14,8,10,7411,13293
2023-10-04 12:14:16,8,11,7411,13293
2023-10-04 12:14:27,9,11,7411,13293
2023-10-04 12:14:47,9,10,7411,13293
2023-10-04 12:14:50,8,10,7411,13293
2023-10-04 12:15:05,8,11,7411,13293
2023-10-04 12:15:09,9,11,7411,13293
2023-10-04 12:15:26,9,10,7411,13293
2023-10-04 12:15:38,9,11,7411,13293
2023-10-04 12:15:58,8,11,7411,13293
2023-10-04 12:15:58,8,10,7411,13293
2023-10-04 12:17:00,8,9,7411,13293
2023-10-04 12:17:15,7,9,7411,13293
2023-10-04 12:17:42,7,10,7411,13293
2023-10-04 12:17:44,7,9,7411,13293
2023-10-04 12:18:02,7,8,7411,13293
2023-10-04 12:18:16,6,8,7411,13293
2023-10-04 12:19:06,6,7,7411,13293
2023-10-04 12:19:55,5,7,7411,13293
2023-10-04 12:20:23,5,6,7411,13293
2023-10-04 12:20:27,5,7,7411,13293
2023-10-04 12:21:02,5,6,7411,13293
2023-10-04 12:21:03,5,7,7411,13293
2023-10-04 12:21:05,5,6,7411,13293
2023-10-04 12:21:09,5,7,7411,13293
2023-10-04 12:21:16,5,6,7411,13293
2023-10-04 12:21:36,4,6,7411,13293
2023-10-04 12:21:39,4,5,7411,13293
2023-10-04 12:22:10,4,6,7411,13293
2023-10-04 12:22:29,4,7,7411,13293
2023-10-04 12:22:34,4,6,7411,13293
2023-10-04 12:23:26,4,7,7411,13293
2023-10-04 12:23:32,5,7,7411,13293
2023-10-04 12:23:59,5,8,7411,13293
2023-10-04 12:24:05,6,8,7411,13293
2023-10-04 12:24:08,6,9,7411,13293
2023-10-04 12:24:17,6,8,7411,13293
2023-10-04 12:24:41,6,9,7411,13293
2023-10-04 12:24:58,7,9,7411,13293
2023-10-04 12:25:19,7,9,7411,13303
2023-10-04 12:25:42,7,8,7411,13303
2023-10-04 12:25:50,6,8,7411,13303
2023-10-04 12:27:03,6,7,7411,13303
2023-10-04 12:27:42,6,8,7411,13303
2023-10-04 12:28:23,6,7,7411,13303
2023-10-04 12:28:26,6,8,7411,13303
2023-10-04 12:28:29,6,7,7411,13303
2023-10-04 12:28:41,5,7,7411,13303
2023-10-04 12:29:03,5,6,7411,13303
2023-10-04 12:29:17,5,7,7411,13303
2023-10-04 12:29:30,5,6,7411,13303
2023-10-04 12:30:03,4,6,7411,13303
2023-10-04 12:30:06,4,5,7411,13303
2023-10-04 12:30:28,4,6,7411,13303
2023-10-04 12:31:22,4,7,7411,13303
2023-10-04 12:31:26,4,6,7411,13303
2023-10-04 12:31:31,5,6,7411,13303
2023-10-04 12:31:39,5,6,7211,13503
2023-10-04 12:31:42,5,6,7011,13703
2023-10-04 12:32:37,5,6,6611,14103
2023-10-04 12:32:38,5,6,6411,14303
2023-10-04 12:32:43,3,6,6411,14303
2023-10-04 12:32:43,3,5,6411,14303
2023-10-04 12:32:50,4,5,6411,14303
2023-10-04 12:33:23,4,6,6411,14303
2023-10-04 12:34:27,5,6,6411,14303
2023-10-04 12:35:17,4,6,6426,14318
2023-10-04 12:36:18,4,7,6426,14318
2023-10-04 12:36:27,5,7,6426,14318
2023-10-04 12:36:36,5,7,6426,14368
2023-10-04 12:37:29,5,8,6426,14368
2023-10-04 12:37:34,5,7,6426,14368
2023-10-04 12:37:44,5,7,6426,14418
2023-10-04 12:38:55,5,6,6426,14418
2023-10-04 12:38:57,5,7,6426,14418
2023-10-04 12:38:59,5,6,6426,14418
2023-10-04 12:39:02,5,7,6426,14418
2023-10-04 12:39:10,5,6,6426,14418
2023-10-04 12:39:13,5,7,6426,14418
2023-10-04 12:39:21,5,6,6426,14418
2023-10-04 12:39:24,5,7,6426,14418
2023-10-04 12:40:12,5,8,6426,14418
2023-10-04 12:40:13,5,6,6426,14418
2023-10-04 12:42:51,6,8,6426,14430
2023-10-04 12:44:26,6,9,6426,14430
2023-10-04 12:44:26,7,9,6426,14430
2023-10-04 12:45:30,6,9,6426,14430
2023-10-04 12:45:55,6,8,6426,14430
2023-10-04 12:46:20,6,9,6426,14430
2023-10-04 12:47:02,6,8,6426,14430
2023-10-04 12:47:28,6,7,6426,14430
2023-10-04 12:47:29,5,7,6426,14430
2023-10-04 12:47:35,5,8,6426,14430
2023-10-04 12:47:48,5,7,6426,14430
2023-10-04 12:47:51,5,8,6426,14430
2023-10-04 12:47:52,5,7,6426,14430
2023-10-04 12:49:47,5,7,6426,14490
2023-10-04 12:49:48,5,7,6426,14550
2023-10-04 12:49:52,4,7,6426,14550
2023-10-04 12:51:21,4,7,6486,14610
2023-10-04 12:51:24,4,7,6546,14670
2023-10-04 12:51:25,4,6,6546,14670
2023-10-04 12:51:57,4,6,6666,14790
2023-10-04 12:52:02,4,5,6666,14790
2023-10-04 12:52:14,4,5,6733,14857
2023-10-04 12:53:10,4,6,6733,14857
2023-10-04 12:53:12,4,7,6733,14857
2023-10-04 12:53:15,4,6,6733,14857
2023-10-04 12:53:28,4,7,6733,14857
2023-10-04 12:54:34,5,7,6733,14857
2023-10-04 12:54:47,5,7,6733,14857
2023-10-04 12:55:09,4,7,6733,14857
2023-10-04 12:55:50,4,6,6733,14857
2023-10-04 12:55:51,4,7,6733,14857
2023-10-04 12:55:52,4,6,6733,14857
2023-10-04 12:56:01,4,7,6733,14857
2023-10-04 12:56:13,5,7,6733,14857
2023-10-04 12:56:26,5,8,6733,14857
2023-10-04 12:57:00,6,8,6733,14857
2023-10-04 12:57:01,6,9,6733,14857
2023-10-04 12:57:24,6,8,6733,14857
2023-10-04 12:57:25,6,9,6733,14857
2023-10-04 12:57:26,6,8,6733,14857
2023-10-04 12:57:35,6,9,6733,14857
2023-10-04 12:57:39,6,8,6733,14857
2023-10-04 12:57:40,6,9,6733,14857
2023-10-04 12:58:05,6,8,6733,14857
2023-10-04 12:58:07,6,9,6733,14857
2023-10-04 12:58:22,7,9,6733,14857
2023-10-04 12:58:47,7,8,6733,14857
2023-10-04 12:58:48,7,9,6733,14857
2023-10-04 12:59:11,7,8,6733,14857
2023-10-04 12:59:12,6,8,6733,14857
2023-10-04 12:59:35,6,9,6733,14857
2023-10-04 12:59:40,6,8,6733,14857
2023-10-04 12:59:43,6,9,6733,14857
2023-10-04 12:59:44,6,8,6733,14857
2023-10-04 12:59:45,6,9,6733,14857
2023-10-04 12:59:51,6,8,6733,14857
2023-10-04 13:01:25,6,9,6733,14857
2023-10-04 13:02:10,7,9,6733,14857
2023-10-04 13:03:15,8,9,6733,14857
2023-10-04 13:03:46,8,10,6733,14857
2023-10-04 13:04:08,8,11,6733,15657
2023-10-04 13:04:09,9,11,6733,15657
2023-10-04 13:04:23,10,11,6733,15657
2023-10-04 13:04:32,10,12,6733,15657
2023-10-04 13:05:01,11,12,6733,15657
2023-10-04 13:05:10,10,12,6733,15657
2023-10-04 13:05:25,10,11,6733,15657
2023-10-04 13:05:31,10,12,6733,15657
2023-10-04 13:06:03,10,11,6733,15657
2023-10-04 13:06:10,10,12,6733,15657
2023-10-04 13:06:15,10,11,6733,15657
2023-10-04 13:06:17,10,12,6733,15657
2023-10-04 13:06:22,10,11,6733,15657
2023-10-04 13:06:32,10,12,6733,15657
2023-10-04 13:06:41,10,11,6733,15657
2023-10-04 13:07:11,8,11,6733,15657
2023-10-04 13:07:12,8,10,6733,15657
2023-10-04 13:08:11,8,9,6733,15657
2023-10-04 13:08:26,8,10,6733,15657
2023-10-04 13:08:37,8,11,6733,15657
2023-10-04 13:08:37,9,11,6733,15657
2023-10-04 13:09:04,8,11,6733,15657
2023-10-04 13:09:12,8,10,6733,15657
2023-10-04 13:09:38,8,9,6733,15657
2023-10-04 13:10:27,8,10,6733,15657
2023-10-04 13:11:27,8,11,6733,15657
2023-10-04 13:11:34,8,10,6733,15657
2023-10-04 13:13:04,7,10,6733,15657
2023-10-04 13:13:06,7,9,6733,15657
2023-10-04 13:13:14,7,10,6733,15657
2023-10-04 13:13:24,8,10,6733,15657
2023-10-04 13:13:30,8,11,6733,15657
2023-10-04 13:13:56,9,11,6733,15657
2023-10-04 13:14:26,9,12,6733,15657
2023-10-04 13:14:41,10,12,6733,15657
2023-10-04 13:16:20,9,12,6733,15657
2023-10-04 13:16:27,9,11,6733,15657
2023-10-04 13:16:34,8,11,6733,15657
2023-10-04 13:16:46,8,10,6733,15657
2023-10-04 13:19:34,8,11,6733,15657
2023-10-04 13:19:39,9,11,6733,15657
2023-10-04 13:19:50,8,11,6733,15657
2023-10-04 13:20:31,8,10,6733,15657
2023-10-04 13:20:57,7,10,6733,15657
2023-10-04 13:20:59,7,9,6733,15657
2023-10-04 13:21:32,7,10,6733,15657
2023-10-04 13:21:44,8,10,6733,15657
2023-10-04 13:21:45,7,10,6733,15657
2023-10-04 13:21:46,8,10,6733,15657
2023-10-04 13:21:47,7,10,6733,15657
2023-10-04 13:22:11,7,9,6733,15657
2023-10-04 13:22:27,7,10,6733,15657
2023-10-04 13:22:32,8,10,6733,15657
2023-10-04 13:22:47,8,11,6733,15657
2023-10-04 13:22:48,9,11,6733,15657
2023-10-04 13:22:49,9,12,6733,15657
2023-10-04 13:22:50,10,12,6733,15657
2023-10-04 13:22:53,11,12,6733,15657
2023-10-04 13:22:56,11,13,6733,15657
2023-10-04 13:23:30,12,13,6733,15657
2023-10-04 13:23:31,12,14,6733,15657
2023-10-04 13:23:56,11,14,6733,15657
2023-10-04 13:24:42,12,14,6733,15657
2023-10-04 13:24:45,11,14,6733,15657
2023-10-04 13:24:49,12,14,6733,15657
2023-10-04 13:24:55,11,14,6733,15657
2023-10-04 13:24:56,12,14,6733,15657
2023-10-04 13:24:57,11,14,6733,15657
2023-10-04 13:25:03,12,14,6733,15657
2023-10-04 13:25:22,12,15,6733,15657
2023-10-04 13:25:25,13,15,6733,15657
2023-10-04 13:25:27,13,16,6733,15657
2023-10-04 13:25:27,14,16,6733,15657
2023-10-04 13:25:41,15,16,6733,15657
2023-10-04 13:25:52,15,17,6733,15657
2023-10-04 13:26:07,14,17,6733,15657
2023-10-04 13:26:09,15,17,6733,15657
2023-10-04 13:26:15,14,17,6733,15657
2023-10-04 13:26:22,15,17,6733,15657
2023-10-04 13:26:24,14,17,6733,15657
2023-10-04 13:26:30,15,17,6733,15657
2023-10-04 13:26:38,14,17,6733,15657
2023-10-04 13:26:41,15,17,6733,15657
2023-10-04 13:26:43,14,17,6733,15657
2023-10-04 13:26:48,15,17,6733,15657
2023-10-04 13:27:48,16,17,6733,15657
2023-10-04 13:27:59,15,17,6733,15657
2023-10-04 13:28:03,14,17,6733,15657
2023-10-04 13:28:06,15,17,6733,15657
2023-10-04 13:28:10,14,17,6733,15657
2023-10-04 13:28:35,15,17,6733,15657
2023-10-04 13:29:43,15,18,6733,15657
2023-10-04 13:29:48,16,18,6733,15657
2023-10-04 13:30:03,17,18,6733,15657
2023-10-04 13:30:03,17,19,6733,15657
2023-10-04 13:30:04,18,19,6733,15657
2023-10-04 13:30:04,18,20,6733,15657
2023-10-04 13:30:07,17,20,6733,15657
2023-10-04 13:30:08,17,19,6733,15657
2023-10-04 13:30:13,17,20,6733,15657
2023-10-04 13:30:15,17,19,6733,15657
2023-10-04 13:30:24,16,19,6733,15657
2023-10-04 13:30:24,16,18,6733,15657
2023-10-04 13:30:28,16,19,6733,15657
2023-10-04 13:30:33,17,19,6733,15657
2023-10-04 13:30:37,16,19,6733,15657
2023-10-04 13:30:56,17,19,6733,15657
2023-10-04 13:30:58,17,20,6733,15657
2023-10-04 13:31:07,17,19,6733,15657
2023-10-04 13:31:08,16,19,6733,15657
2023-10-04 13:31:14,17,19,6733,15657
2023-10-04 13:31:15,17,20,6733,15657
2023-10-04 13:31:31,18,20,6733,15657
2023-10-04 13:31:39,19,20,6733,15657
2023-10-04 13:31:48,19,21,6733,15657
2023-10-04 13:31:53,20,21,6733,15657
2023-10-04 13:32:01,20,22,6733,15657
2023-10-04 13:32:22,21,22,6733,15657
2023-10-04 13:32:23,21,23,6733,15657
2023-10-04 13:32:39,21,22,6733,15657
2023-10-04 13:32:40,20,22,6733,15657
2023-10-04 13:32:53,19,22,6733,15657
2023-10-04 13:33:02,19,21,6733,15657
2023-10-04 13:33:03,18,21,6733,15657
2023-10-04 13:33:04,18,20,6733,15657
2023-10-04 13:33:09,18,21,6733,15657
2023-10-04 13:33:36,18,20,6733,15657
2023-10-04 13:33:45,18,20,6737,15661
2023-10-04 13:33:53,17,20,6737,15661
2023-10-04 13:33:57,17,19,6737,15661
2023-10-04 13:34:01,17,18,6737,15661
2023-10-04 13:34:01,16,18,6937,15861
2023-10-04 13:34:02,16,17,6937,15861
2023-10-04 13:34:43,16,18,6937,15861
2023-10-04 13:36:41,16,17,6937,15861
2023-10-04 13:36:46,15,17,6937,15861
2023-10-04 13:37:12,15,18,6937,15861
2023-10-04 13:37:13,16,18,6937,15861
2023-10-04 13:37:19,15,18,6937,15861
2023-10-04 13:37:22,16,18,6937,15861
2023-10-04 13:37:49,15,18,6937,15861
2023-10-04 13:37:50,16,18,6937,15861
2023-10-04 13:38:00,16,19,6937,15861
2023-10-04 13:38:00,17,19,6937,15861
2023-10-04 13:38:05,16,19,6937,15861
2023-10-04 13:38:12,17,19,6937,15861
2023-10-04 13:38:32,17,20,6937,15861
2023-10-04 13:39:19,17,19,6937,15861
2023-10-04 13:39:25,17,20,6937,15861
2023-10-04 13:39:32,17,19,6937,15861
2023-10-04 13:39:36,16,19,6937,15861
2023-10-04 13:39:57,16,18,6937,15861
2023-10-04 13:40:00,15,18,6937,15861
2023-10-04 13:40:07,16,18,6937,15861
2023-10-04 13:40:08,16,19,6937,15861
2023-10-04 13:40:19,17,19,6937,15861
2023-10-04 13:40:19,17,20,6937,15861
2023-10-04 13:40:22,17,19,6937,15861
2023-10-04 13:40:24,17,20,6937,15861
2023-10-04 13:40:34,18,20,6937,15861
2023-10-04 13:40:34,18,21,6937,15861
2023-10-04 13:40:46,19,21,6937,15861
2023-10-04 13:41:01,19,20,6937,15861
2023-10-04 13:41:01,18,20,6937,15861
2023-10-04 13:41:21,17,20,6937,15861
2023-10-04 13:41:22,17,19,6937,15861
2023-10-04 13:41:25,16,19,6937,15861
2023-10-04 13:41:34,16,18,6937,15861
2023-10-04 13:41:35,15,18,6937,15861
2023-10-04 13:41:46,15,17,6937,15861
2023-10-04 13:41:47,16,17,6937,15861
2023-10-04 13:41:48,15,17,6937,15861
2023-10-04 13:41:49,16,17,6937,15861
2023-10-04 13:42:04,17,19,6968,15892
2023-10-04 13:42:08,17,20,6968,15892
2023-10-04 13:42:17,17,20,6981,15905
2023-10-04 13:42:33,17,21,6981,15905
2023-10-04 13:42:34,18,21,6981,15905
2023-10-04 13:42:56,19,21,6981,15905
2023-10-04 13:42:57,19,22,6981,15905
2023-10-04 13:43:25,19,21,6981,15905
2023-10-04 13:43:40,19,21,7110,16034
2023-10-04 13:44:01,19,20,7110,16034
2023-10-04 13:44:01,18,20,7110,16034
2023-10-04 13:44:01,17,20,7110,16034
2023-10-04 13:44:10,17,19,7110,16034
2023-10-04 13:44:16,16,19,7110,16034
2023-10-04 13:44:23,16,18,7110,16034
2023-10-04 13:44:30,16,19,7110,16034
2023-10-04 13:44:39,16,18,7110,16034
2023-10-04 13:44:42,16,19,7110,16034
2023-10-04 13:44:44,16,18,7110,16034
2023-10-04 13:44:52,15,18,7110,16034
2023-10-04 13:45:04,15,17,7110,16034
2023-10-04 13:45:09,15,16,7110,16034
2023-10-04 13:45:11,14,16,7110,16034
2023-10-04 13:45:32,15,16,7110,16034
2023-10-04 13:45:35,14,17,7110,16034
2023-10-04 13:45:38,15,17,7110,16034
2023-10-04 13:45:40,15,18,7110,16034
2023-10-04 13:45:48,15,17,7110,16034
2023-10-04 13:45:56,14,17,7110,16034
2023-10-04 13:45:57,15,17,7110,16034
2023-10-04 13:46:02,15,18,7110,16034
2023-10-04 13:46:08,15,17,7110,16034
2023-10-04 13:46:26,14,17,7110,16034
2023-10-04 13:46:44,15,17,7110,16034
2023-10-04 13:46:44,15,18,7110,16034
2023-10-04 13:47:01,15,17,7110,16034
2023-10-04 13:47:01,14,17,7110,16034
2023-10-04 13:47:03,15,17,7110,16034
2023-10-04 13:47:10,14,17,7110,16034
2023-10-04 13:47:15,15,17,7110,16034
2023-10-04 13:47:31,14,17,7110,16034
2023-10-04 13:47:46,14,16,7110,16034
2023-10-04 13:47:52,14,17,7110,16034
2023-10-04 13:47:58,15,17,7110,16034
2023-10-04 13:47:59,15,18,7110,16034
2023-10-04 13:48:03,15,17,7110,16034
2023-10-04 13:48:05,15,18,7110,16034
2023-10-04 13:48:06,15,17,7110,16034
2023-10-04 13:48:08,15,18,7110,16034
2023-10-04 13:48:21,15,17,7110,16034
2023-10-04 13:48:25,14,17,7110,16034
2023-10-04 13:48:53,14,16,7110,16034
2023-10-04 13:49:32,14,15,7110,16034
2023-10-04 13:50:10,14,16,7110,16034
2023-10-04 13:50:54,15,16,7110,16034
2023-10-04 13:51:05,14,16,7110,16034
2023-10-04 13:51:35,15,16,7110,16034
2023-10-04 13:52:06,16,18,7138,16062
2023-10-04 13:52:07,15,18,7138,16062
2023-10-04 13:52:09,16,18,7138,16062
2023-10-04 13:52:14,17,18,7138,16062
2023-10-04 13:52:14,17,19,7138,16062
2023-10-04 13:52:17,17,18,7138,16062
2023-10-04 13:52:41,18,20,7165,16089
2023-10-04 13:52:44,18,21,7165,16089
2023-10-04 13:52:48,18,20,7165,16089
2023-10-04 13:52:49,19,20,7165,16089
2023-10-04 13:53:13,21,23,7187,16111
2023-10-04 13:53:42,21,24,7187,16111
2023-10-04 13:53:42,22,24,7187,16111
2023-10-04 13:53:43,22,23,7187,16111
2023-10-04 13:53:46,21,23,7187,16111
2023-10-04 13:54:04,22,23,7187,16111
2023-10-04 13:54:17,21,23,7187,16111
2023-10-04 13:55:12,22,23,7187,16111
2023-10-04 13:55:12,23,24,7244,16168
2023-10-04 13:55:14,23,25,7244,16168
2023-10-04 13:55:27,23,25,7244,16468
2023-10-04 13:55:42,23,24,7244,16468
2023-10-04 13:55:58,24,25,7274,16498
2023-10-04 13:56:03,23,25,7274,16498
2023-10-04 13:56:04,24,25,7274,16498
2023-10-04 13:56:13,23,25,7274,16498
2023-10-04 13:56:13,23,24,7274,16498
2023-10-04 13:56:17,21,24,7274,16498
2023-10-04 13:56:19,21,23,7274,16498
2023-10-04 13:56:20,21,22,7274,16498
2023-10-04 13:56:21,24,25,6974,17623
2023-10-04 13:56:21,24,25,6974,17654
2023-10-04 13:56:22,24,25,6874,17754
2023-10-04 13:56:22,24,25,6874,17889
2023-10-04 13:56:23,24,25,6819,17989
2023-10-04 13:56:23,24,25,6569,18239
2023-10-04 13:56:24,22,25,6569,18310
2023-10-04 13:56:24,22,24,6569,18310
2023-10-04 13:56:25,22,23,6569,18310
2023-10-04 13:56:25,21,23,6569,18310
2023-10-04 13:56:32,21,22,6569,18310
2023-10-04 13:56:33,20,22,6569,18310
2023-10-04 13:56:50,20,23,6569,18310
2023-10-04 13:56:51,21,23,6569,18310
2023-10-04 13:56:51,21,22,6569,18310
2023-10-04 13:56:54,21,22,6319,18560
2023-10-04 13:57:01,21,22,6069,18810
2023-10-04 13:57:09,21,22,5819,19060
2023-10-04 13:57:10,20,22,5769,19110
2023-10-04 13:58:02,21,22,5769,19110
2023-10-04 13:58:03,20,22,5724,19310
2023-10-04 13:58:04,21,22,5724,19310
2023-10-04 13:58:19,20,22,5724,19310
2023-10-04 13:58:20,21,22,5724,19310
2023-10-04 13:58:22,20,22,5724,19310
2023-10-04 13:58:33,21,22,5724,19310
2023-10-04 13:58:41,21,24,5724,19310
2023-10-04 13:58:43,22,24,5724,19310
2023-10-04 13:58:51,22,23,5724,19310
2023-10-04 13:59:15,21,23,5724,19310
2023-10-04 13:59:18,22,23,5724,19310
2023-10-04 13:59:32,22,25,5724,19310
2023-10-04 13:59:37,23,25,5724,19310
2023-10-04 13:59:39,22,25,5724,19310
2023-10-04 13:59:39,22,24,5724,19310
2023-10-04 14:00:09,23,24,5724,19310
2023-10-04 14:00:14,24,25,5747,19333
2023-10-04 14:00:15,23,25,5747,19333
2023-10-04 14:00:22,22,25,5747,19333
2023-10-04 14:00:32,23,25,5747,19333
2023-10-04 14:00:35,22,25,5747,19333
2023-10-04 14:00:42,23,25,5747,19333
2023-10-04 14:00:44,22,25,5747,19333
2023-10-04 14:01:01,23,25,5747,19333
2023-10-04 14:01:08,23,24,5747,19333
2023-10-04 14:01:15,23,25,5747,19333
2023-10-04 14:01:18,24,25,5747,19333
2023-10-04 14:01:18,24,26,5747,19333
2023-10-04 14:01:19,25,26,5747,19333
2023-10-04 14:01:19,25,27,5747,19333
2023-10-04 14:01:21,26,27,5747,19333
2023-10-04 14:01:23,26,29,5747,19333
2023-10-04 14:01:30,26,28,5747,19333
2023-10-04 14:01:32,25,28,5747,19333
2023-10-04 14:01:38,25,27,5747,19333
2023-10-04 14:01:45,24,27,5747,19333
2023-10-04 14:01:45,24,26,5747,19333
2023-10-04 14:01:50,24,27,5747,19333
2023-10-04 14:01:54,25,27,5747,19333
2023-10-04 14:02:02,24,27,5747,19333
2023-10-04 14:02:04,24,26,5747,19333
2023-10-04 14:02:09,23,26,5747,19333
2023-10-04 14:02:27,24,26,5747,19333
2023-10-04 14:02:28,24,27,5747,19333
2023-10-04 14:02:32,25,27,5747,19333
2023-10-04 14:02:32,25,28,5747,19333
2023-10-04 14:02:33,26,28,5747,19333
2023-10-04 14:02:35,26,29,5747,19333
2023-10-04 14:02:45,26,28,5747,19333
2023-10-04 14:02:51,26,29,5747,19333
2023-10-04 14:02:52,26,28,5747,19333
2023-10-04 14:03:06,25,28,5747,19333
2023-10-04 14:03:09,24,28,5747,19333
2023-10-04 14:03:19,25,28,5747,19333
2023-10-04 14:03:30,25,27,5747,19333
2023-10-04 14:03:30,24,27,5747,19333
2023-10-04 14:03:33,25,27,5747,19333
2023-10-04 14:03:41,24,27,5747,19333
2023-10-04 14:03:42,24,28,5747,19333
2023-10-04 14:03:44,26,28,5747,19333
2023-10-04 14:03:45,26,29,5747,19333
2023-10-04 14:03:50,26,28,5747,19333
2023-10-04 14:04:04,25,28,5747,19333
2023-10-04 14:04:13,25,27,5747,19333
2023-10-04 14:04:17,24,27,5747,19333
2023-10-04 14:04:18,24,26,5747,19333
2023-10-04 14:04:18,23,26,5747,19333
2023-10-04 14:04:35,23,25,5747,19333
2023-10-04 14:04:49,22,25,5747,19333
2023-10-04 14:04:50,22,24,5747,19333
2023-10-04 14:04:53,21,24,5747,19333
2023-10-04 14:04:55,21,23,5747,19333
2023-10-04 14:05:03,21,22,5747,19333
2023-10-04 14:05:03,19,22,5747,19333
2023-10-04 14:05:04,19,21,5747,19333
2023-10-04 14:05:31,19,22,5747,19333
2023-10-04 14:05:35,20,22,5747,19333
2023-10-04 14:05:35,20,23,5747,19333
2023-10-04 14:05:35,20,22,5747,19333
2023-10-04 14:05:37,21,22,5747,19333
2023-10-04 14:05:39,21,23,5747,19333
2023-10-04 14:05:42,21,22,5747,19333
2023-10-04 14:05:45,21,23,5747,19333
2023-10-04 14:05:47,21,24,5747,19333
2023-10-04 14:05:59,21,23,5747,19333
2023-10-04 14:06:02,21,24,5747,19333
2023-10-04 14:06:03,21,25,5747,19333
2023-10-04 14:06:03,22,25,5747,19333
2023-10-04 14:06:07,22,24,5747,19333
2023-10-04 14:06:07,21,24,5747,19333
2023-10-04 14:06:08,21,23,5747,19333
2023-10-04 14:06:22,21,24,5747,19333
2023-10-04 14:06:36,22,24,5747,19333
2023-10-04 14:06:38,21,24,5747,19333
2023-10-04 14:07:01,22,24,5747,19333
2023-10-04 14:07:01,22,25,5747,19333
2023-10-04 14:07:02,23,25,5747,19333
2023-10-04 14:07:08,23,26,5747,19333
2023-10-04 14:08:00,24,26,5747,19333
2023-10-04 14:08:55,23,26,5747,19333
2023-10-04 14:08:56,24,26,5747,19333
2023-10-04 14:09:35,25,26,5747,19333
2023-10-04 14:09:35,25,26,5750,19336
2023-10-04 14:09:36,25,27,5750,19336
2023-10-04 14:09:37,25,26,5750,19336
2023-10-04 14:09:38,26,28,5930,19516
2023-10-04 14:09:39,25,28,5930,19516
2023-10-04 14:09:41,26,28,5930,19516
2023-10-04 14:09:59,25,28,5930,19516
2023-10-04 14:10:03,26,28,5930,19516
2023-10-04 14:10:12,25,28,5930,19516
2023-10-04 14:10:22,26,28,5930,19516
2023-10-04 14:10:28,25,28,5930,19516
2023-10-04 14:10:32,25,27,5930,19516
2023-10-04 14:10:33,24,27,5930,19516
2023-10-04 14:10:34,24,26,5930,19516
2023-10-04 14:10:39,23,26,5930,19516
2023-10-04 14:11:21,24,26,5930,19516
2023-10-04 14:11:21,23,26,5930,19916
2023-10-04 14:11:23,23,27,5930,19916
2023-10-04 14:11:23,24,27,5930,19916
2023-10-04 14:11:31,24,25,5930,19916
2023-10-04 14:11:31,23,25,5930,19916
2023-10-04 14:11:32,23,26,5930,19916
2023-10-04 14:11:39,23,27,5930,19916
2023-10-04 14:11:39,24,27,5930,19916
2023-10-04 14:11:41,24,26,5930,19916
2023-10-04 14:11:42,24,27,5930,19916
2023-10-04 14:11:43,24,26,5930,19916
2023-10-04 14:11:47,23,26,5930,19916
2023-10-04 14:11:59,24,26,5930,19916
2023-10-04 14:11:59,24,27,5930,19916
2023-10-04 14:12:02,24,26,5930,19916
2023-10-04 14:12:02,23,26,5930,19916
2023-10-04 14:12:10,23,25,5930,19916
2023-10-04 14:12:11,23,26,5930,19916
2023-10-04 14:12:16,23,25,5930,19916
2023-10-04 14:12:16,22,25,5930,19916
2023-10-04 14:13:01,22,24,5930,19916
2023-10-04 14:13:01,21,24,5930,19916
2023-10-04 14:13:03,21,23,5930,19916
2023-10-04 14:13:12,20,23,5930,19916
2023-10-04 14:13:12,20,22,5930,19916
2023-10-04 14:13:22,19,22,5930,19916
2023-10-04 14:13:22,19,21,5930,19916
2023-10-04 14:13:25,18,20,5930,19916
2023-10-04 14:13:56,18,19,5930,19916
2023-10-04 14:14:06,17,19,5930,19916
2023-10-04 14:14:14,17,18,5930,19916
2023-10-04 14:14:38,17,19,5930,19916
2023-10-04 14:15:06,17,18,5930,19916
2023-10-04 14:15:08,16,18,5930,19916
2023-10-04 14:15:38,16,17,5930,19916
2023-10-04 14:15:38,15,17,5930,19916
2023-10-04 14:15:42,14,17,5930,19916
2023-10-04 14:15:43,14,16,5930,19916
2023-10-04 14:15:50,14,17,5930,19916
2023-10-04 14:16:01,15,17,5930,19916
2023-10-04 14:16:01,15,18,5930,19916
2023-10-04 14:16:40,15,19,5930,19916
2023-10-04 14:16:40,16,19,5930,19916
2023-10-04 14:17:07,16,18,5930,19916
2023-10-04 14:17:07,15,18,5930,19916
2023-10-04 14:17:39,15,17,5930,19916
2023-10-04 14:18:17,15,18,5930,19916
2023-10-04 14:18:33,15,17,5930,19916
2023-10-04 14:18:34,15,18,5930,19916
2023-10-04 14:18:36,15,17,5930,19916
2023-10-04 14:18:39,14,17,5930,19916
2023-10-04 14:18:45,14,16,5930,19916
2023-10-04 14:18:49,14,15,5930,19916
2023-10-04 14:18:49,13,15,5930,19916
2023-10-04 14:19:32,12,15,5930,19916
2023-10-04 14:19:55,12,15,6730,20747
2023-10-04 14:19:56,12,13,6730,20747
2023-10-04 14:21:01,12,15,6730,20747
2023-10-04 14:21:05,13,15,6730,20747
2023-10-04 14:21:07,13,16,6730,20747
2023-10-04 14:21:12,13,15,6730,20747
2023-10-04 14:21:35,13,14,6730,20747
2023-10-04 14:21:36,13,15,6730,20747
2023-10-04 14:21:37,12,15,6730,20747
2023-10-04 14:21:38,12,14,6730,20747
2023-10-04 14:22:58,12,15,6730,20747
2023-10-04 14:23:08,12,14,6730,20747
2023-10-04 14:23:22,12,15,6730,20747
2023-10-04 14:23:24,12,14,6730,20747
2023-10-04 14:23:30,12,15,6730,20747
2023-10-04 14:23:41,13,15,6730,20747
2023-10-04 14:23:42,13,15,6730,20947
2023-10-04 14:24:01,13,16,6730,21147
2023-10-04 14:24:01,14,16,6730,21147
2023-10-04 14:24:01,14,17,6730,21147
2023-10-04 14:24:11,14,18,6730,21147
2023-10-04 14:24:11,15,18,6730,21147
2023-10-04 14:24:12,17,18,6730,21147
2023-10-04 14:24:12,17,19,6730,21147
2023-10-04 14:24:18,17,20,6730,21147
2023-10-04 14:24:20,18,20,6730,21147
2023-10-04 14:24:23,19,20,6730,21147
2023-10-04 14:24:24,19,21,6730,21147
2023-10-04 14:24:27,20,21,6730,21147
2023-10-04 14:24:27,20,22,6730,21147
2023-10-04 14:24:32,20,24,6730,21147
2023-10-04 14:24:32,21,24,6730,21147
2023-10-04 14:24:32,22,24,6730,21147
2023-10-04 14:24:34,22,25,6730,21147
2023-10-04 14:24:35,23,25,6730,21147
2023-10-04 14:24:47,23,26,6730,21347
2023-10-04 14:24:48,24,26,6730,21347
2023-10-04 14:24:53,25,26,6730,21347
2023-10-04 14:24:53,25,28,6730,21347
2023-10-04 14:24:54,27,28,6730,21347
2023-10-04 14:24:54,27,29,6730,21347
2023-10-04 14:24:54,27,30,6730,21347
2023-10-04 14:24:55,27,30,6730,21347
2023-10-04 14:24:57,26,30,6730,21347
2023-10-04 14:24:58,26,30,6730,21347
2023-10-04 14:24:59,26,29,6730,21347
2023-10-04 14:25:01,26,30,6730,21347
2023-10-04 14:25:02,27,30,6730,21347
2023-10-04 14:25:04,26,30,6730,21347
2023-10-04 14:25:04,26,29,6730,21347
2023-10-04 14:25:17,26,28,6730,21347
2023-10-04 14:25:17,25,28,6730,21347
2023-10-04 14:25:24,25,27,6730,21347
2023-10-04 14:25:25,24,27,6730,21347
2023-10-04 14:25:27,24,26,6730,21347
2023-10-04 14:25:35,23,26,6730,21347
2023-10-04 14:25:35,23,25,6730,21347
2023-10-04 14:25:38,22,25,6730,21347
2023-10-04 14:25:45,22,24,6730,21347
2023-10-04 14:25:48,21,24,6730,21347
2023-10-04 14:25:48,21,23,6730,21347
2023-10-04 14:25:50,20,23,6730,21347
2023-10-04 14:25:50,20,22,6730,21347
2023-10-04 14:25:52,20,23,6730,21347
2023-10-04 14:25:58,21,23,6730,21347
2023-10-04 14:25:59,21,24,6730,21347
2023-10-04 14:26:03,21,23,6730,21347
2023-10-04 14:26:03,20,23,6730,21347
2023-10-04 14:26:24,20,22,6730,21347
2023-10-04 14:26:56,20,21,6730,21347
2023-10-04 14:26:56,19,21,6730,21347
2023-10-04 14:27:07,19,20,6730,21347
2023-10-04 14:27:12,18,20,6730,21347
2023-10-04 14:27:13,18,19,6730,21347
2023-10-04 14:27:14,17,19,6730,21347
2023-10-04 14:27:16,16,19,6730,21347
2023-10-04 14:27:20,15,18,6730,21347
2023-10-04 14:27:21,15,17,6730,21347
2023-10-04 14:27:31,15,18,6730,21347
2023-10-04 14:27:44,15,17,6730,21347
2023-10-04 14:27:49,15,18,6730,21347
2023-10-04 14:28:05,16,18,6730,21347
2023-10-04 14:28:08,15,18,6730,21347
2023-10-04 14:28:21,16,18,6730,21347
2023-10-04 14:28:33,16,17,6730,21347
2023-10-04 14:28:43,15,17,6730,21347
2023-10-04 14:29:03,15,18,6730,21347
2023-10-04 14:29:11,15,17,6730,21347
2023-10-04 14:29:12,15,16,6730,21347
2023-10-04 14:29:29,15,17,6730,21347
2023-10-04 14:29:36,15,18,6730,21347
2023-10-04 14:30:06,15,16,6730,21347
2023-10-04 14:30:07,14,16,6730,21347
2023-10-04 14:30:22,13,16,6730,21347
2023-10-04 14:30:22,13,15,6730,21347
2023-10-04 14:30:27,12,15,6730,21347
2023-10-04 14:30:31,12,14,6730,21347
2023-10-04 14:30:41,12,15,6730,21347
2023-10-04 14:30:43,13,15,6730,21347
2023-10-04 14:30:44,13,16,6730,21347
2023-10-04 14:30:45,13,15,6730,21347
2023-10-04 14:30:46,13,16,6730,21347
2023-10-04 14:30:47,13,15,6730,21347
2023-10-04 14:30:48,13,16,6730,21347
2023-10-04 14:30:53,13,15,6730,21347
2023-10-04 14:30:57,12,15,6730,21347
2023-10-04 14:31:03,12,14,6730,21347
2023-10-04 14:31:13,12,15,6730,21347
2023-10-04 14:31:15,12,14,6730,21347
2023-10-04 14:31:50,12,14,6910,21527
2023-10-04 14:31:51,11,14,6910,21527
2023-10-04 14:31:51,11,13,6910,21527
2023-10-04 14:32:00,11,14,6910,21527
2023-10-04 14:32:00,11,13,6910,21527
2023-10-04 14:32:01,11,14,6910,21527
2023-10-04 14:32:04,11,13,6910,21527
2023-10-04 14:32:05,11,14,6910,21527
2023-10-04 14:32:11,11,13,6910,21527
2023-10-04 14:32:17,11,14,6910,21527
2023-10-04 14:32:18,11,13,6910,21527
2023-10-04 14:32:21,11,14,6910,21527
2023-10-04 14:32:26,11,13,6910,21527
2023-10-04 14:32:45,11,14,6910,21527
2023-10-04 14:32:48,12,14,6910,21527
2023-10-04 14:33:03,12,15,6910,21527
2023-10-04 14:33:04,12,16,6910,21527
2023-10-04 14:33:15,13,15,6910,21527
2023-10-04 14:33:21,12,15,6910,21527
2023-10-04 14:33:49,12,14,6910,21527
2023-10-04 14:33:51,12,15,6910,21527
2023-10-04 14:34:00,13,15,6910,21527
2023-10-04 14:34:02,13,16,6910,21527
2023-10-04 14:34:04,14,16,6910,21527
2023-10-04 14:34:04,14,17,6910,21527
2023-10-04 14:34:04,15,17,6910,21527
2023-10-04 14:34:05,15,18,6910,21527
2023-10-04 14:34:05,16,18,6910,21527
2023-10-04 14:34:31,15,18,6910,21527
2023-10-04 14:34:32,15,17,6910,21527
2023-10-04 14:34:35,15,18,6910,21527
2023-10-04 14:34:46,15,18,6910,21527
2023-10-04 14:34:57,16,18,6910,21527
2023-10-04 14:34:57,16,19,6910,21527
2023-10-04 14:35:17,17,19,6910,21527
2023-10-04 14:35:25,18,19,6910,21527
2023-10-04 14:35:25,18,20,6910,21527
2023-10-04 14:35:43,19,20,6910,21527
2023-10-04 14:35:47,19,21,6910,21527
2023-10-04 14:35:55,18,21,6910,21527
2023-10-04 14:35:57,19,21,6910,21527
2023-10-04 14:36:14,18,21,6910,21527
2023-10-04 14:36:27,18,20,6910,21527
2023-10-04 14:36:28,18,21,6910,21527
2023-10-04 14:36:29,18,20,6910,21527
2023-10-04 14:36:32,18,19,6910,21527
2023-10-04 14:36:34,17,19,6910,21527
2023-10-04 14:36:40,17,20,6910,21527
2023-10-04 14:36:55,17,19,6910,21527
2023-10-04 14:36:55,17,18,6910,21527
2023-10-04 14:36:58,17,19,6910,21527
2023-10-04 14:36:58,16,19,6910,21527
2023-10-04 14:36:59,16,18,6910,21527
2023-10-04 14:37:01,16,19,6910,21527
2023-10-04 14:37:06,16,18,6910,21527
2023-10-04 14:37:20,16,19,6910,21527
2023-10-04 14:37:21,16,20,6910,21527
2023-10-04 14:37:21,16,19,6910,21527
2023-10-04 14:37:23,16,20,6910,21527
2023-10-04 14:37:23,17,20,6910,21527
2023-10-04 14:37:31,17,19,6910,21527
2023-10-04 14:37:37,17,20,6910,21527
2023-10-04 14:37:39,17,19,6910,21527
2023-10-04 14:37:47,17,20,6910,21527
2023-10-04 14:37:50,17,19,6910,21527
2023-10-04 14:37:55,17,18,6910,21527
2023-10-04 14:38:02,17,19,6910,21727
2023-10-04 14:38:05,17,18,6910,21727
2023-10-04 14:38:05,16,18,6910,21727
2023-10-04 14:38:09,16,17,6910,21727
2023-10-04 14:38:09,15,17,6910,21727
2023-10-04 14:38:19,14,17,6910,21727
2023-10-04 14:38:19,14,16,6910,21727
2023-10-04 14:38:46,13,16,6910,21727
2023-10-04 14:38:50,13,15,6910,21727
2023-10-04 14:39:04,13,16,6910,21727
2023-10-04 14:39:05,13,15,6910,21727
2023-10-04 14:39:10,13,16,6910,21727
2023-10-04 14:39:17,13,15,6910,21727
2023-10-04 14:39:26,13,16,6910,21727
2023-10-04 14:39:27,13,15,6910,21727
2023-10-04 14:39:56,12,15,6910,21727
2023-10-04 14:40:12,12,14,6910,21727
2023-10-04 14:40:20,12,15,6910,21727
2023-10-04 14:40:45,12,14,6910,21727
2023-10-04 14:40:46,12,15,6910,21727
2023-10-04 14:40:47,12,14,6910,21727
2023-10-04 14:41:06,12,13,6910,21727
2023-10-04 14:41:07,11,13,6910,21727
2023-10-04 14:41:47,11,14,6910,21727
2023-10-04 14:42:09,11,13,6910,21727
2023-10-04 14:42:10,11,14,6910,21727
2023-10-04 14:42:18,11,13,6910,21727
2023-10-04 14:42:24,11,14,6910,21727
2023-10-04 14:42:35,11,13,6910,21727
2023-10-04 14:42:42,11,12,6910,21727
2023-10-04 14:42:42,11,12,6970,21787
2023-10-04 14:42:43,10,12,6970,21787
2023-10-04 14:43:19,10,12,7030,21847
2023-10-04 14:43:20,10,11,7030,21847
2023-10-04 14:43:21,10,11,7090,21907
2023-10-04 14:43:22,9,11,7090,21907
2023-10-04 14:43:28,8,11,7090,21907
2023-10-04 14:43:28,8,10,7090,21907
2023-10-04 14:43:34,8,11,7090,21907
2023-10-04 14:43:34,8,10,7090,21907
2023-10-04 14:43:49,8,11,7090,21907
2023-10-04 14:44:02,9,11,7090,21907
2023-10-04 14:44:06,8,11,7090,21907
2023-10-04 14:44:12,8,10,7090,21907
2023-10-04 14:44:29,8,10,7090,22007
2023-10-04 14:45:01,8,9,7090,22007
2023-10-04 14:45:25,7,9,7090,22007
2023-10-04 14:46:04,7,8,7090,22007
2023-10-04 14:46:05,6,8,7090,22007
2023-10-04 14:46:08,6,9,7090,22007
2023-10-04 14:46:18,6,8,7090,22007
2023-10-04 14:46:37,6,7,7090,22007
2023-10-04 14:46:37,6,7,7270,22187
2023-10-04 14:46:38,5,7,7270,22187
2023-10-04 14:47:00,5,6,7270,22187
2023-10-04 14:47:02,5,7,7270,22187
2023-10-04 14:47:11,5,7,7271,22188
2023-10-04 14:47:36,5,7,7272,22189
2023-10-04 14:47:59,4,7,7272,22189
2023-10-04 14:47:59,4,6,7272,22189
2023-10-04 14:48:32,4,7,7272,22189
2023-10-04 14:48:45,5,7,7272,22189
2023-10-04 14:48:49,4,7,7272,22189
2023-10-04 14:48:50,5,7,7272,22189
2023-10-04 14:48:57,4,7,7547,22464
2023-10-04 14:49:01,4,6,7547,22464
2023-10-04 14:49:29,4,6,7539,22472
2023-10-04 14:49:40,4,7,7539,22539
2023-10-04 14:49:46,5,7,7539,22539
2023-10-04 14:50:01,5,8,7539,22539
2023-10-04 14:50:04,6,8,7539,22539
2023-10-04 14:50:20,6,9,7539,22539
2023-10-04 14:50:25,6,8,7539,22539
2023-10-04 14:50:26,6,9,7539,22539
2023-10-04 14:50:31,6,8,7539,22539
2023-10-04 14:50:32,6,9,7539,22539
2023-10-04 14:50:33,6,8,7539,22539
2023-10-04 14:50:52,6,7,7539,22539
2023-10-04 14:50:54,5,7,7539,22539
2023-10-04 14:52:23,5,6,7539,22539
2023-10-04 14:52:29,4,6,7539,22539
2023-10-04 14:52:49,4,7,7539,22539
2023-10-04 14:52:52,5,7,7539,22539
2023-10-04 14:53:09,4,7,7539,22539
2023-10-04 14:53:10,4,6,7539,22539
2023-10-04 14:53:26,4,7,7539,22539
2023-10-04 14:53:27,4,6,7539,22539
2023-10-04 14:53:49,4,7,7539,22539
2023-10-04 14:54:04,5,7,7539,22539
2023-10-04 14:55:14,5,6,7539,22539
2023-10-04 14:55:16,5,7,7539,22539
2023-10-04 14:55:24,5,6,7539,22539
2023-10-04 14:56:28,4,5,7507,22571
2023-10-04 14:56:29,4,6,7507,22571
2023-10-04 14:56:44,4,5,7507,22571
2023-10-04 14:57:01,4,5,7507,22595
2023-10-04 14:57:24,4,5,7307,22795
2023-10-04 14:57:32,4,5,7307,22895
2023-10-04 14:57:51,4,5,7307,22955
2023-10-04 14:57:52,4,5,7307,23075
2023-10-04 14:57:53,4,5,7107,23275
2023-10-04 14:57:54,4,5,7107,23395
2023-10-04 14:57:55,4,5,6907,23595
2023-10-04 14:58:05,4,5,6707,23795
2023-10-04 14:58:07,4,5,6507,23995
2023-10-04 14:58:08,4,5,6507,24115
2023-10-04 14:59:42,4,5,6507,24220
2023-10-04 14:59:46,4,5,6507,24320
2023-10-04 15:00:19,4,5,6307,24520
2023-10-04 15:00:19,4,5,6307,24580
2023-10-04 15:00:20,4,5,6307,24640
2023-10-04 15:00:22,4,5,6307,24700
2023-10-04 15:00:24,4,5,6307,24760
2023-10-04 15:00:33,4,5,6136,24960
2023-10-04 15:00:49,4,5,6136,25160
2023-10-04 15:00:54,4,5,6136,25360
2023-10-04 15:00:54,4,5,6136,25420
2023-10-04 15:01:12,4,5,6136,25620
2023-10-04 15:01:13,4,5,6305,25820
2023-10-04 15:01:15,4,5,6505,26020
2023-10-04 15:01:15,4,5,6565,26080
2023-10-04 15:01:16,4,5,6625,26140
2023-10-04 15:01:18,4,5,6685,26200
2023-10-04 15:01:19,4,5,6685,26500
2023-10-04 15:01:24,4,5,6885,26700
2023-10-04 15:01:25,4,5,6945,26760
2023-10-04 15:01:38,4,5,7145,26960
2023-10-04 15:01:39,4,5,7345,27160
2023-10-04 15:01:40,4,5,7420,27235
2023-10-04 15:01:41,4,5,7495,27310
2023-10-04 15:01:42,4,5,7570,27385
2023-10-04 15:01:43,4,5,7645,27460
2023-10-04 15:02:26,4,6,7645,27460
2023-10-04 15:02:29,5,6,7645,27460
2023-10-04 15:02:33,5,7,8047,27862
2023-10-04 15:02:37,4,7,8047,27862
2023-10-04 15:04:39,4,6,8047,27862
2023-10-04 15:04:39,4,6,8107,27922
2023-10-04 15:04:40,4,7,8107,27922
2023-10-04 15:05:02,4,5,8107,27922
2023-10-04 15:05:11,4,5,8307,28122
2023-10-04 15:06:41,4,6,8307,28122
2023-10-04 15:07:14,3,6,8307,28122
2023-10-04 15:07:17,3,5,8307,28122
2023-10-04 15:08:36,2,3,8107,28322
2023-10-04 15:12:07,1,3,7832,28622
2023-10-04 15:15:12,1,3,7430,29024
2023-10-04 15:18:28,1,3,7430,29045
2023-10-04 15:21:17,1,3,7430,29105
2023-10-04 15:21:18,1,3,7430,29209
2023-10-04 15:21:20,1,3,7430,29326
2023-10-04 15:22:34,0,3,7430,29378
2023-10-04 15:28:38,1,3,7430,29378
2023-10-04 15:28:39,1,2,7430,29378
2023-10-04 15:29:05,1,3,7430,29378
2023-10-04 15:30:44,1,3,7430,29453
2023-10-04 15:30:50,1,3,7430,29608
2023-10-04 15:31:02,1,3,7430,29623
2023-10-04 15:31:03,1,3,7430,29638
2023-10-04 15:31:05,0,3,7430,29653
2023-10-04 15:35:58,0,1,7430,29653
