datetime,bid,ask,open_interest,volume
2023-12-18 09:30:01,41,48,122,122
2023-12-18 09:30:01,20,48,122,122
2023-12-18 09:30:32,37,48,122,122
2023-12-18 09:30:32,39,48,122,122
2023-12-18 09:30:38,20,48,122,122
2023-12-18 09:30:38,41,48,122,122
2023-12-18 09:30:40,41,51,123,123
2023-12-18 09:30:49,41,54,272,273
2023-12-18 09:30:52,48,54,272,273
2023-12-18 09:31:00,48,53,272,273
2023-12-18 09:31:00,48,50,272,273
2023-12-18 09:31:01,48,51,672,673
2023-12-18 09:31:05,49,51,672,673
2023-12-18 09:31:07,49,51,1172,1173
2023-12-18 09:31:09,49,52,1672,1673
2023-12-18 09:31:10,50,52,1672,1673
2023-12-18 09:31:16,50,53,2072,2073
2023-12-18 09:31:19,51,53,2072,2073
2023-12-18 09:31:46,50,53,2072,2073
2023-12-18 09:31:47,51,53,2072,2073
2023-12-18 09:31:49,50,53,2072,2073
2023-12-18 09:31:55,50,52,2072,2073
2023-12-18 09:32:05,51,52,2072,2073
2023-12-18 09:32:05,51,52,2072,2313
2023-12-18 09:32:07,50,52,2072,2322
2023-12-18 09:32:08,49,52,2072,2322
2023-12-18 09:32:08,50,52,2072,2322
2023-12-18 09:32:55,50,53,2072,2322
2023-12-18 09:33:08,51,53,2072,2322
2023-12-18 09:33:38,50,53,2072,2322
2023-12-18 09:33:52,51,53,2072,2322
2023-12-18 09:35:04,50,53,2072,2322
2023-12-18 09:35:05,51,53,2072,2322
2023-12-18 09:35:05,51,53,2072,2382
2023-12-18 09:35:07,50,53,2072,2382
2023-12-18 09:35:09,51,53,2072,2382
2023-12-18 09:35:54,52,53,2072,2382
2023-12-18 09:36:08,52,54,2072,2382
2023-12-18 09:37:44,53,54,2072,2382
2023-12-18 09:38:47,53,54,2172,2482
2023-12-18 09:39:06,52,54,2172,2482
2023-12-18 09:39:18,51,54,2172,2482
2023-12-18 09:39:20,52,54,2172,2482
2023-12-18 09:41:38,52,55,2472,2782
2023-12-18 09:41:51,52,55,2472,2842
2023-12-18 09:41:52,51,55,2472,2842
2023-12-18 09:41:52,51,54,2472,2842
2023-12-18 09:41:57,52,54,2472,2842
2023-12-18 09:41:57,52,54,2472,2902
2023-12-18 09:41:59,51,54,2472,2902
2023-12-18 09:42:02,52,54,2472,2902
2023-12-18 09:42:02,52,53,2472,2902
2023-12-18 09:42:02,52,54,2472,2902
2023-12-18 09:42:03,52,53,2472,2902
2023-12-18 09:42:05,52,54,2472,2902
2023-12-18 09:42:06,52,53,2472,2902
2023-12-18 09:42:07,52,54,2472,2902
2023-12-18 09:42:47,51,54,2472,2902
2023-12-18 09:42:52,52,54,2472,2902
2023-12-18 09:42:52,52,54,2472,3082
2023-12-18 09:42:53,51,54,2472,3082
2023-12-18 09:42:56,51,53,2472,3082
2023-12-18 09:42:57,51,54,2472,3082
2023-12-18 09:42:58,51,53,2472,3082
2023-12-18 09:42:59,52,53,2472,3082
2023-12-18 09:43:00,51,53,2472,3082
2023-12-18 09:43:01,51,54,2472,3082
2023-12-18 09:43:01,51,53,2472,3082
2023-12-18 09:43:09,50,53,2472,3082
2023-12-18 09:43:12,51,53,2472,3082
2023-12-18 09:43:34,51,54,2472,3082
2023-12-18 09:43:34,52,54,2472,3082
2023-12-18 09:43:44,51,54,2472,3082
2023-12-18 09:43:45,52,54,2472,3082
2023-12-18 09:43:50,52,53,2472,3082
2023-12-18 09:43:52,52,54,2472,3082
2023-12-18 09:43:53,52,53,2472,3082
2023-12-18 09:43:54,51,53,2472,3082
2023-12-18 09:43:58,51,54,2472,3082
2023-12-18 09:44:03,51,53,2472,3082
2023-12-18 09:44:32,52,53,2472,3082
2023-12-18 09:44:33,52,54,2472,3082
2023-12-18 09:44:38,51,54,2472,3082
2023-12-18 09:44:42,52,54,2472,3082
2023-12-18 09:44:46,52,53,2472,3082
2023-12-18 09:44:49,52,54,2472,3082
2023-12-18 09:44:50,52,53,2472,3082
2023-12-18 09:44:52,52,54,2472,3082
2023-12-18 09:44:54,52,53,2472,3082
2023-12-18 09:44:59,52,54,2472,3082
2023-12-18 09:45:19,53,54,2472,3082
2023-12-18 09:45:32,52,54,2472,3082
2023-12-18 09:45:40,53,54,2472,3082
2023-12-18 09:45:42,52,54,2472,3082
2023-12-18 09:46:02,53,54,2472,3082
2023-12-18 09:46:07,52,54,2472,3082
2023-12-18 09:46:17,53,54,2472,3082
2023-12-18 09:46:33,52,54,2472,3082
2023-12-18 09:46:42,53,54,2472,3082
2023-12-18 09:46:42,53,54,2472,3142
2023-12-18 09:46:44,52,54,2472,3142
2023-12-18 09:46:46,53,54,2472,3142
2023-12-18 09:46:52,52,54,2472,3142
2023-12-18 09:46:57,52,53,2472,3142
2023-12-18 09:46:58,52,54,2472,3142
2023-12-18 09:47:40,53,54,2472,3142
2023-12-18 09:47:51,53,55,2472,3142
2023-12-18 09:47:55,53,54,2472,3142
2023-12-18 09:47:57,53,55,2472,3142
2023-12-18 09:47:58,53,54,2472,3142
2023-12-18 09:47:59,53,55,2472,3142
2023-12-18 09:48:00,53,54,2472,3142
2023-12-18 09:48:01,53,55,2472,3142
2023-12-18 09:48:01,53,54,2472,3142
2023-12-18 09:48:13,53,55,2472,3142
2023-12-18 09:48:14,53,54,2472,3142
2023-12-18 09:48:16,53,55,2472,3142
2023-12-18 09:48:18,53,54,2472,3142
2023-12-18 09:48:19,53,55,2472,3142
2023-12-18 09:48:20,52,55,2472,3142
2023-12-18 09:48:20,52,54,2472,3142
2023-12-18 09:48:21,53,54,2472,3142
2023-12-18 09:48:22,53,55,2472,3142
2023-12-18 09:48:23,53,54,2472,3142
2023-12-18 09:48:23,52,54,2472,3142
2023-12-18 09:48:27,53,54,2472,3142
2023-12-18 09:48:45,53,55,2472,3142
2023-12-18 09:48:45,53,54,2472,3142
2023-12-18 09:49:09,53,55,2472,3142
2023-12-18 09:49:09,53,54,2472,3142
2023-12-18 09:49:14,52,54,2472,3142
2023-12-18 09:49:44,53,54,2472,3142
2023-12-18 09:49:50,53,55,2472,3142
2023-12-18 09:49:58,53,54,2472,3142
2023-12-18 09:50:05,52,54,2472,3142
2023-12-18 09:50:06,53,54,2472,3142
2023-12-18 09:50:22,53,55,2472,3142
2023-12-18 09:50:23,53,54,2472,3142
2023-12-18 09:50:25,53,55,2472,3142
2023-12-18 09:50:26,53,54,2472,3142
2023-12-18 09:50:37,53,55,2472,3142
2023-12-18 09:50:38,53,54,2472,3142
2023-12-18 09:50:40,53,55,2472,3142
2023-12-18 09:50:40,53,54,2472,3142
2023-12-18 09:50:42,53,55,2472,3142
2023-12-18 09:50:42,53,54,2472,3142
2023-12-18 09:50:43,53,55,2472,3142
2023-12-18 09:50:46,53,54,2472,3142
2023-12-18 09:50:48,53,55,2472,3142
2023-12-18 09:50:48,53,54,2472,3142
2023-12-18 09:51:04,53,55,2472,3142
2023-12-18 09:51:05,53,54,2472,3142
2023-12-18 09:51:07,53,55,2472,3142
2023-12-18 09:51:08,53,54,2472,3142
2023-12-18 09:51:42,52,54,2472,3142
2023-12-18 09:51:55,53,54,2472,3142
2023-12-18 09:52:30,52,54,2472,3142
2023-12-18 09:52:31,53,54,2472,3142
2023-12-18 09:52:33,52,54,2472,3142
2023-12-18 09:52:38,53,54,2472,3142
2023-12-18 09:52:41,52,54,2472,3142
2023-12-18 09:52:43,53,54,2472,3142
2023-12-18 09:52:47,52,54,2472,3142
2023-12-18 09:52:53,53,54,2472,3142
2023-12-18 09:53:02,52,54,2472,3142
2023-12-18 09:53:09,53,54,2472,3142
2023-12-18 09:53:11,52,54,2472,3142
2023-12-18 09:53:19,53,54,2472,3142
2023-12-18 09:53:34,52,54,2472,3142
2023-12-18 09:53:36,53,54,2472,3142
2023-12-18 09:53:37,52,54,2472,3142
2023-12-18 09:54:17,51,54,2472,3142
2023-12-18 09:54:23,52,54,2472,3142
2023-12-18 09:54:27,51,54,2472,3142
2023-12-18 09:54:30,52,54,2472,3142
2023-12-18 09:54:31,52,53,2472,3142
2023-12-18 09:54:32,52,54,2472,3142
2023-12-18 09:54:33,52,53,2472,3142
2023-12-18 09:54:34,52,54,2472,3142
2023-12-18 09:54:39,52,53,2472,3142
2023-12-18 09:54:46,52,54,2472,3142
2023-12-18 09:54:46,52,53,2472,3142
2023-12-18 09:54:48,52,54,2472,3142
2023-12-18 09:54:49,52,53,2472,3142
2023-12-18 09:54:52,52,54,2472,3142
2023-12-18 09:55:03,52,53,2472,3142
2023-12-18 09:55:08,52,54,2472,3142
2023-12-18 09:55:14,52,53,2472,3142
2023-12-18 09:56:00,52,54,2472,3142
2023-12-18 09:56:46,52,53,2472,3142
2023-12-18 09:56:53,51,53,2472,3142
2023-12-18 09:56:54,52,53,2472,3142
2023-12-18 09:56:54,52,54,2472,3142
2023-12-18 09:57:20,53,54,2472,3142
2023-12-18 09:57:26,52,54,2472,3142
2023-12-18 09:57:28,53,54,2472,3142
2023-12-18 09:57:29,52,54,2472,3142
2023-12-18 09:57:30,53,54,2472,3142
2023-12-18 09:59:30,54,55,2472,3143
2023-12-18 09:59:59,55,56,2472,3261
2023-12-18 10:00:00,54,56,2472,3261
2023-12-18 10:00:01,55,56,2472,3261
2023-12-18 10:00:11,55,57,2472,3261
2023-12-18 10:00:13,55,56,2472,3261
2023-12-18 10:00:16,55,57,2472,3261
2023-12-18 10:00:16,55,56,2472,3261
2023-12-18 10:00:19,55,57,2472,3261
2023-12-18 10:00:19,55,56,2472,3261
2023-12-18 10:00:27,56,57,2472,3444
2023-12-18 10:00:28,55,57,2472,3444
2023-12-18 10:00:28,55,56,2472,3444
2023-12-18 10:00:31,55,57,2472,3444
2023-12-18 10:00:31,55,56,2472,3444
2023-12-18 10:00:32,55,57,2472,3444
2023-12-18 10:00:36,55,56,2472,3444
2023-12-18 10:00:40,56,57,2472,3445
2023-12-18 10:01:10,56,58,2472,3445
2023-12-18 10:01:10,56,57,2472,3445
2023-12-18 10:01:25,56,58,2472,3445
2023-12-18 10:01:25,56,57,2472,3445
2023-12-18 10:01:27,57,58,2472,3606
2023-12-18 10:01:30,56,58,2472,3606
2023-12-18 10:01:30,56,57,2472,3606
2023-12-18 10:01:32,56,57,2472,3645
2023-12-18 10:01:35,57,58,2472,3792
2023-12-18 10:01:36,56,58,2472,3792
2023-12-18 10:01:36,56,57,2472,3792
2023-12-18 10:01:37,56,58,2472,3792
2023-12-18 10:01:37,56,57,2472,3792
2023-12-18 10:01:52,57,58,2472,3962
2023-12-18 10:01:53,56,58,2472,3962
2023-12-18 10:01:53,56,57,2472,3962
2023-12-18 10:02:19,56,58,2472,3962
2023-12-18 10:02:19,56,57,2472,3962
2023-12-18 10:02:39,56,58,2472,3962
2023-12-18 10:02:40,56,57,2472,3962
2023-12-18 10:02:41,56,58,2472,3962
2023-12-18 10:02:42,56,57,2472,3962
2023-12-18 10:02:46,56,58,2472,3962
2023-12-18 10:02:49,56,57,2472,3962
2023-12-18 10:03:09,56,58,2472,3962
2023-12-18 10:03:10,56,57,2472,3962
2023-12-18 10:03:20,56,58,2472,3962
2023-12-18 10:03:20,56,57,2472,3962
2023-12-18 10:03:30,56,58,2472,3962
2023-12-18 10:03:31,56,57,2472,3962
2023-12-18 10:03:40,56,58,2472,3962
2023-12-18 10:03:40,56,57,2472,3962
2023-12-18 10:03:51,56,58,2472,3962
2023-12-18 10:03:52,56,57,2472,3962
2023-12-18 10:04:12,56,58,2472,3962
2023-12-18 10:04:12,56,57,2472,3962
2023-12-18 10:04:20,56,58,2472,3962
2023-12-18 10:04:21,56,57,2472,3962
2023-12-18 10:04:28,56,58,2472,3962
2023-12-18 10:04:30,56,57,2472,3962
2023-12-18 10:04:45,56,58,2472,3962
2023-12-18 10:04:45,56,57,2472,3962
2023-12-18 10:04:53,56,58,2472,3962
2023-12-18 10:04:54,56,57,2472,3962
2023-12-18 10:04:57,56,58,2472,3962
2023-12-18 10:04:58,56,57,2472,3962
2023-12-18 10:05:01,56,58,2472,3962
2023-12-18 10:05:02,56,57,2472,3962
2023-12-18 10:05:08,57,58,2472,4161
2023-12-18 10:05:09,56,58,2472,4161
2023-12-18 10:06:32,56,59,2472,4161
2023-12-18 10:06:32,56,58,2472,4161
2023-12-18 10:06:36,56,59,2472,4161
2023-12-18 10:06:37,56,58,2472,4161
2023-12-18 10:08:01,56,59,2472,4161
2023-12-18 10:08:01,56,58,2472,4161
2023-12-18 10:08:12,56,59,2472,4161
2023-12-18 10:08:14,57,59,2472,4161
2023-12-18 10:08:16,57,58,2472,4161
2023-12-18 10:08:19,57,59,2472,4161
2023-12-18 10:08:19,57,58,2472,4161
2023-12-18 10:08:20,57,59,2472,4161
2023-12-18 10:08:22,57,58,2472,4161
2023-12-18 10:08:49,57,59,2472,4161
2023-12-18 10:08:49,57,58,2472,4161
2023-12-18 10:08:56,57,59,2472,4161
2023-12-18 10:08:56,57,58,2472,4161
2023-12-18 10:09:01,57,59,2472,4161
2023-12-18 10:09:05,57,58,2472,4161
2023-12-18 10:09:52,57,59,2472,4161
2023-12-18 10:09:52,57,58,2472,4161
2023-12-18 10:10:05,57,59,2472,4161
2023-12-18 10:10:05,57,58,2472,4161
2023-12-18 10:10:18,57,59,2472,4161
2023-12-18 10:10:18,57,58,2472,4161
2023-12-18 10:10:30,58,59,2472,4280
2023-12-18 10:11:10,58,59,2472,4396
2023-12-18 10:11:11,58,59,2472,4410
2023-12-18 10:13:02,57,59,2472,4410
2023-12-18 10:13:20,58,59,2472,4410
2023-12-18 10:13:49,57,59,2472,4410
2023-12-18 10:13:49,58,59,2472,4410
2023-12-18 10:13:59,57,59,2472,4410
2023-12-18 10:13:59,58,59,2472,4410
2023-12-18 10:14:16,57,59,2472,4410
2023-12-18 10:14:17,58,59,2472,4410
2023-12-18 10:14:21,57,59,2297,4585
2023-12-18 10:14:48,58,59,2297,4585
2023-12-18 10:14:51,57,59,2297,4585
2023-12-18 10:14:51,58,59,2297,4585
2023-12-18 10:14:54,57,59,2297,4585
2023-12-18 10:14:54,58,59,2297,4585
2023-12-18 10:15:04,57,59,2297,4585
2023-12-18 10:15:04,58,59,2297,4585
2023-12-18 10:15:34,57,59,2297,4585
2023-12-18 10:15:34,58,59,2297,4585
2023-12-18 10:15:53,57,59,2297,4585
2023-12-18 10:15:54,58,59,2297,4585
2023-12-18 10:16:01,57,59,2297,4585
2023-12-18 10:16:03,58,59,2297,4585
2023-12-18 10:16:04,57,59,2297,4585
2023-12-18 10:16:35,58,59,2297,4585
2023-12-18 10:16:36,57,59,2297,4585
2023-12-18 10:16:39,58,59,2297,4585
2023-12-18 10:17:16,57,59,2297,4585
2023-12-18 10:17:16,58,59,2297,4585
2023-12-18 10:17:31,57,59,2297,4585
2023-12-18 10:18:19,58,59,2297,4585
2023-12-18 10:19:52,59,60,2297,4755
2023-12-18 10:19:52,58,60,2297,4785
2023-12-18 10:19:52,58,59,2297,4785
2023-12-18 10:20:01,59,60,2297,4889
2023-12-18 10:20:01,59,60,2297,4929
2023-12-18 10:20:02,58,60,2297,4929
2023-12-18 10:20:02,58,59,2297,4929
2023-12-18 10:20:15,58,60,2297,4929
2023-12-18 10:20:15,58,59,2297,4929
2023-12-18 10:20:38,58,60,2297,4929
2023-12-18 10:20:53,58,59,2297,4929
2023-12-18 10:20:54,58,60,2297,4929
2023-12-18 10:20:55,58,59,2297,4929
2023-12-18 10:20:58,58,60,2297,4929
2023-12-18 10:21:00,58,59,2297,4929
2023-12-18 10:21:10,58,60,2297,4929
2023-12-18 10:21:10,58,59,2297,4929
2023-12-18 10:21:39,58,60,2297,4929
2023-12-18 10:21:39,58,59,2297,4929
2023-12-18 10:21:50,58,60,2297,4929
2023-12-18 10:21:50,58,59,2297,4929
2023-12-18 10:22:27,57,59,2297,4929
2023-12-18 10:22:34,58,59,2297,4929
2023-12-18 10:23:16,57,59,2297,4929
2023-12-18 10:23:16,58,59,2297,4929
2023-12-18 10:23:27,57,59,2297,4929
2023-12-18 10:23:27,58,59,2297,4929
2023-12-18 10:24:32,57,59,2297,4929
2023-12-18 10:24:33,58,59,2297,4929
2023-12-18 10:24:47,57,59,2297,4929
2023-12-18 10:24:47,58,59,2297,4929
2023-12-18 10:25:01,57,59,2297,4929
2023-12-18 10:25:02,58,59,2297,4929
2023-12-18 10:25:11,58,60,2297,4929
2023-12-18 10:26:42,58,59,2297,4929
2023-12-18 10:26:51,58,60,2297,4929
2023-12-18 10:26:52,58,59,2297,4929
2023-12-18 10:26:56,58,60,2297,4929
2023-12-18 10:26:56,58,59,2297,4929
2023-12-18 10:27:00,58,60,2297,4929
2023-12-18 10:27:09,58,59,2297,4929
2023-12-18 10:27:11,58,60,2297,4929
2023-12-18 10:27:29,58,59,2297,4929
2023-12-18 10:27:44,58,60,2297,4929
2023-12-18 10:29:10,58,59,2297,4929
2023-12-18 10:29:21,58,60,2297,4929
2023-12-18 10:29:22,59,60,2297,4929
2023-12-18 10:29:22,59,60,2401,5101
2023-12-18 10:29:24,58,60,2401,5101
2023-12-18 10:29:38,58,59,2401,5101
2023-12-18 10:29:40,58,60,2401,5101
2023-12-18 10:29:47,59,60,2401,5101
2023-12-18 10:30:52,59,61,2401,5101
2023-12-18 10:30:52,59,60,2401,5101
2023-12-18 10:30:57,60,61,2523,5223
2023-12-18 10:30:57,59,60,2601,5301
2023-12-18 10:31:14,60,61,2686,5386
2023-12-18 10:31:30,60,61,3187,6086
2023-12-18 10:33:37,60,64,5997,9086
2023-12-18 10:33:38,60,63,5997,9086
2023-12-18 10:33:38,61,63,5997,9086
2023-12-18 10:34:19,61,64,6997,10086
2023-12-18 10:34:20,62,64,6997,10086
2023-12-18 10:34:23,62,65,6997,10086
2023-12-18 10:34:33,62,65,6997,10146
2023-12-18 10:34:34,62,64,6997,10146
2023-12-18 10:34:49,62,64,6997,10446
2023-12-18 10:35:16,63,64,6997,10446
2023-12-18 10:35:16,62,64,6997,10545
2023-12-18 10:35:49,62,64,6997,10605
2023-12-18 10:36:23,63,64,6997,10605
2023-12-18 10:36:23,63,64,6997,10785
2023-12-18 10:36:24,63,64,6497,11285
2023-12-18 10:36:27,63,64,5997,11785
2023-12-18 10:36:30,62,64,5537,12245
2023-12-18 10:37:32,62,64,5537,12305
2023-12-18 10:37:49,62,64,5537,12365
2023-12-18 10:37:54,62,64,5537,12425
2023-12-18 10:37:55,62,64,5537,12485
2023-12-18 10:38:29,63,64,5537,12485
2023-12-18 10:38:29,63,64,5537,12545
2023-12-18 10:38:30,63,64,5537,12605
2023-12-18 10:38:31,62,64,5537,12605
2023-12-18 10:38:45,63,64,5537,12605
2023-12-18 10:39:10,63,65,6237,13305
2023-12-18 10:39:56,63,65,6237,13365
2023-12-18 10:40:28,63,65,6237,13415
2023-12-18 10:40:39,64,65,6237,13415
2023-12-18 10:41:18,63,65,5800,13915
2023-12-18 10:41:46,62,65,5800,13915
2023-12-18 10:43:20,63,65,5800,13915
2023-12-18 10:45:11,62,65,5800,13915
2023-12-18 10:45:11,63,65,5800,13915
2023-12-18 10:45:23,62,65,5800,13915
2023-12-18 10:45:23,63,65,5800,13915
2023-12-18 10:45:41,62,65,5800,13915
2023-12-18 10:45:42,63,65,5800,13915
2023-12-18 10:45:44,62,65,5800,13915
2023-12-18 10:45:46,63,65,5800,13915
2023-12-18 10:45:49,62,65,5800,13915
2023-12-18 10:45:50,63,65,5800,13915
2023-12-18 10:46:03,62,65,5800,13915
2023-12-18 10:46:08,63,65,5800,13915
2023-12-18 10:46:09,63,65,5800,14095
2023-12-18 10:46:09,62,65,5800,14095
2023-12-18 10:46:09,60,65,5800,14095
2023-12-18 10:46:10,62,64,5800,14095
2023-12-18 10:46:10,62,63,5800,14095
2023-12-18 10:46:11,62,64,5800,14095
2023-12-18 10:46:15,62,64,5500,14395
2023-12-18 10:46:55,63,64,5500,14395
2023-12-18 10:46:57,63,65,5500,14395
2023-12-18 10:48:30,62,65,5500,14395
2023-12-18 10:48:54,63,65,5500,14395
2023-12-18 10:48:58,62,65,5500,14395
2023-12-18 10:49:06,63,65,5500,14395
2023-12-18 10:49:07,62,65,5500,14395
2023-12-18 10:49:08,63,65,5500,14395
2023-12-18 10:49:26,62,65,5500,14395
2023-12-18 10:49:27,63,65,5500,14395
2023-12-18 10:49:29,62,65,5500,14395
2023-12-18 10:49:42,63,65,5500,14395
2023-12-18 10:49:42,63,65,5800,14695
2023-12-18 10:50:10,62,65,5800,14695
2023-12-18 10:50:11,63,65,5800,14695
2023-12-18 10:50:13,62,65,5800,14695
2023-12-18 10:50:14,63,65,5800,14695
2023-12-18 10:50:18,62,65,5800,14695
2023-12-18 10:50:28,63,65,5800,14695
2023-12-18 10:50:29,62,65,5800,14695
2023-12-18 10:50:30,63,65,5800,14695
2023-12-18 10:50:32,62,65,5800,14695
2023-12-18 10:50:34,63,65,5800,14695
2023-12-18 10:50:35,62,65,5800,14695
2023-12-18 10:50:41,63,65,5800,14695
2023-12-18 10:50:42,62,65,5800,14695
2023-12-18 10:50:45,63,65,5800,14695
2023-12-18 10:50:47,62,65,5800,14695
2023-12-18 10:50:48,62,64,5800,14695
2023-12-18 10:50:53,63,64,5800,14695
2023-12-18 10:50:54,62,64,5800,14695
2023-12-18 10:50:58,62,64,5800,14795
2023-12-18 10:50:59,62,63,5800,14795
2023-12-18 10:51:05,61,63,5800,14795
2023-12-18 10:51:10,62,63,5800,14795
2023-12-18 10:51:10,62,63,5800,14855
2023-12-18 10:51:10,61,63,5800,14855
2023-12-18 10:51:12,62,63,5800,14855
2023-12-18 10:51:36,61,63,5800,14855
2023-12-18 10:51:36,62,63,5800,14855
2023-12-18 10:52:05,61,63,5800,14855
2023-12-18 10:52:05,62,63,5800,14855
2023-12-18 10:52:56,61,63,5800,14855
2023-12-18 10:52:56,62,63,5800,14855
2023-12-18 10:53:45,61,63,5800,14855
2023-12-18 10:53:45,62,63,5800,14855
2023-12-18 10:53:54,61,63,5800,14855
2023-12-18 10:53:54,62,63,5800,14855
2023-12-18 10:54:00,61,63,5800,14855
2023-12-18 10:54:00,62,63,5800,14855
2023-12-18 10:54:16,61,63,5800,14855
2023-12-18 10:54:16,62,63,5800,14855
2023-12-18 10:54:22,61,63,5800,14855
2023-12-18 10:54:22,62,63,5800,14855
2023-12-18 10:54:31,61,63,5800,14855
2023-12-18 10:54:31,62,63,5800,14855
2023-12-18 10:54:35,61,63,5800,14855
2023-12-18 10:54:42,62,63,5800,14855
2023-12-18 10:54:44,61,63,5800,14855
2023-12-18 10:54:44,62,63,5800,14855
2023-12-18 10:54:55,61,63,5800,14855
2023-12-18 10:54:55,62,63,5800,14855
2023-12-18 10:55:15,62,63,5800,14893
2023-12-18 10:55:18,61,63,5800,14893
2023-12-18 10:55:19,62,63,5800,14893
2023-12-18 10:55:24,60,63,4800,16893
2023-12-18 10:55:24,61,63,4800,16893
2023-12-18 10:55:25,61,62,4800,16893
2023-12-18 10:55:28,60,62,4800,16893
2023-12-18 10:55:28,61,62,4800,16893
2023-12-18 10:55:51,60,62,4800,16893
2023-12-18 10:55:51,61,62,4800,16893
2023-12-18 10:56:01,60,62,4800,16893
2023-12-18 10:56:01,61,62,4800,16893
2023-12-18 10:56:08,60,62,4800,16893
2023-12-18 10:56:08,61,62,4800,16893
2023-12-18 10:56:11,60,61,4800,17055
2023-12-18 10:56:11,59,61,4800,17055
2023-12-18 10:56:11,60,61,4800,17055
2023-12-18 10:56:13,60,62,4800,17055
2023-12-18 10:56:27,60,61,4800,17055
2023-12-18 10:56:43,60,62,4800,17055
2023-12-18 10:56:52,59,62,4800,17055
2023-12-18 10:56:52,60,62,4800,17055
2023-12-18 10:57:07,61,62,4800,17055
2023-12-18 10:57:11,60,62,4800,17055
2023-12-18 10:57:11,61,62,4800,17055
2023-12-18 10:57:12,61,63,4800,17055
2023-12-18 10:57:23,62,63,4800,17055
2023-12-18 10:57:30,61,63,4800,17055
2023-12-18 10:57:31,62,63,4800,17055
2023-12-18 10:58:15,61,63,4800,17055
2023-12-18 10:58:15,62,63,4800,17055
2023-12-18 10:59:13,62,64,4800,17055
2023-12-18 10:59:13,63,64,4800,17055
2023-12-18 11:00:00,62,64,4800,17055
2023-12-18 11:00:00,63,64,4800,17055
2023-12-18 11:00:01,61,64,4800,17055
2023-12-18 11:00:01,61,63,4800,17055
2023-12-18 11:00:01,62,63,4800,17055
2023-12-18 11:00:04,62,64,4800,17055
2023-12-18 11:00:06,62,63,4800,17055
2023-12-18 11:00:09,61,63,4800,17055
2023-12-18 11:00:09,62,63,4800,17055
2023-12-18 11:00:13,61,63,4800,17055
2023-12-18 11:00:13,62,63,4800,17055
2023-12-18 11:00:22,61,63,4800,17055
2023-12-18 11:00:22,62,63,4800,17055
2023-12-18 11:00:39,60,63,4800,17055
2023-12-18 11:00:39,61,63,4800,17055
2023-12-18 11:00:42,61,62,4800,17055
2023-12-18 11:00:44,60,62,4800,17055
2023-12-18 11:00:44,61,62,4800,17055
2023-12-18 11:00:45,60,62,4800,17055
2023-12-18 11:00:48,61,62,4800,17055
2023-12-18 11:00:51,60,62,4800,17055
2023-12-18 11:00:52,61,62,4800,17055
2023-12-18 11:00:53,60,62,4800,17055
2023-12-18 11:00:55,61,62,4800,17055
2023-12-18 11:00:56,60,62,4800,17055
2023-12-18 11:00:56,61,62,4800,17055
2023-12-18 11:01:02,61,63,4800,17055
2023-12-18 11:01:15,62,63,4800,17055
2023-12-18 11:01:27,62,64,4800,17055
2023-12-18 11:01:27,63,64,4800,17055
2023-12-18 11:01:28,62,64,4800,17055
2023-12-18 11:01:28,62,63,4800,17055
2023-12-18 11:01:39,62,64,4800,17055
2023-12-18 11:01:39,63,64,4800,17055
2023-12-18 11:01:50,62,64,4800,17055
2023-12-18 11:01:50,62,63,4800,17055
2023-12-18 11:02:05,61,63,4800,17055
2023-12-18 11:02:05,62,63,4800,17055
2023-12-18 11:02:10,61,63,4800,17055
2023-12-18 11:02:10,61,62,4800,17055
2023-12-18 11:02:13,60,62,4800,17055
2023-12-18 11:02:16,61,62,4800,17055
2023-12-18 11:02:17,61,63,4800,17055
2023-12-18 11:02:22,62,63,4800,17055
2023-12-18 11:02:26,61,63,4800,17055
2023-12-18 11:02:30,62,63,4800,17055
2023-12-18 11:02:31,61,63,4800,17055
2023-12-18 11:02:33,62,63,4800,17055
2023-12-18 11:03:10,61,63,4800,17055
2023-12-18 11:03:10,62,63,4800,17055
2023-12-18 11:03:11,60,63,4800,17055
2023-12-18 11:03:11,61,63,4800,17055
2023-12-18 11:03:16,60,63,4800,17055
2023-12-18 11:03:16,61,63,4800,17055
2023-12-18 11:03:21,61,62,4800,17055
2023-12-18 11:03:25,61,63,4800,17055
2023-12-18 11:03:34,61,62,4800,17055
2023-12-18 11:03:35,61,63,4800,17055
2023-12-18 11:03:46,61,62,4800,17055
2023-12-18 11:03:48,61,63,4800,17055
2023-12-18 11:03:50,61,62,4800,17055
2023-12-18 11:03:56,61,63,4800,17055
2023-12-18 11:04:02,62,63,4800,17055
2023-12-18 11:04:05,60,63,4800,17055
2023-12-18 11:04:05,61,63,4800,17055
2023-12-18 11:04:07,62,63,4800,17055
2023-12-18 11:04:08,60,63,4800,17055
2023-12-18 11:04:08,61,63,4800,17055
2023-12-18 11:04:09,61,62,4800,17055
2023-12-18 11:04:18,60,62,4800,17055
2023-12-18 11:04:25,61,62,4800,17055
2023-12-18 11:04:35,60,62,4800,17055
2023-12-18 11:04:35,61,62,4800,17055
2023-12-18 11:04:38,60,62,4800,17055
2023-12-18 11:04:41,61,62,4800,17055
2023-12-18 11:04:42,60,62,4800,17055
2023-12-18 11:04:43,61,62,4800,17055
2023-12-18 11:04:50,60,62,4800,17055
2023-12-18 11:04:53,61,62,4800,17055
2023-12-18 11:05:11,60,62,4800,17055
2023-12-18 11:05:11,61,62,4800,17055
2023-12-18 11:05:16,60,62,4800,17055
2023-12-18 11:05:24,61,62,4800,17055
2023-12-18 11:05:28,60,62,4800,17055
2023-12-18 11:05:34,61,62,4800,17055
2023-12-18 11:05:53,61,63,4800,17055
2023-12-18 11:06:06,62,63,4800,17055
2023-12-18 11:06:10,61,63,4800,17303
2023-12-18 11:06:18,62,63,4800,17303
2023-12-18 11:06:18,62,63,4800,17423
2023-12-18 11:06:18,61,63,4800,17423
2023-12-18 11:06:20,62,63,4800,17423
2023-12-18 11:06:20,62,63,4800,17525
2023-12-18 11:06:21,61,63,4800,17525
2023-12-18 11:06:21,62,63,4800,17525
2023-12-18 11:06:43,62,64,4800,17525
2023-12-18 11:06:45,62,63,4800,17525
2023-12-18 11:06:53,61,63,4800,17525
2023-12-18 11:07:01,62,63,4800,17525
2023-12-18 11:07:05,62,64,4800,17525
2023-12-18 11:07:16,61,64,4800,17525
2023-12-18 11:07:16,62,64,4800,17525
2023-12-18 11:07:17,62,63,4800,17525
2023-12-18 11:07:30,61,63,4800,17525
2023-12-18 11:07:31,62,63,4800,17525
2023-12-18 11:08:18,61,63,4800,17525
2023-12-18 11:08:19,62,63,4800,17525
2023-12-18 11:08:40,61,63,4800,17525
2023-12-18 11:08:40,62,63,4800,17525
2023-12-18 11:08:46,61,63,4800,17525
2023-12-18 11:08:46,62,63,4800,17525
2023-12-18 11:08:51,61,63,4800,17525
2023-12-18 11:08:51,62,63,4800,17525
2023-12-18 11:08:58,61,63,4800,17525
2023-12-18 11:08:58,62,63,4800,17525
2023-12-18 11:09:00,62,64,4800,17525
2023-12-18 11:09:16,63,64,4800,17525
2023-12-18 11:09:35,62,64,4800,17525
2023-12-18 11:09:35,63,64,4800,17525
2023-12-18 11:09:38,62,64,4800,17525
2023-12-18 11:09:38,63,64,4800,17525
2023-12-18 11:10:15,63,65,4800,17525
2023-12-18 11:10:15,64,65,4800,17525
2023-12-18 11:10:17,63,65,4800,17525
2023-12-18 11:10:27,64,65,4800,17525
2023-12-18 11:11:11,64,65,4800,17528
2023-12-18 11:11:42,64,65,4600,17728
2023-12-18 11:11:43,64,66,4600,17728
2023-12-18 11:11:43,65,66,4600,17728
2023-12-18 11:12:09,64,66,4600,17728
2023-12-18 11:12:09,65,66,4600,17728
2023-12-18 11:12:51,65,66,4300,18028
2023-12-18 11:13:07,65,66,4100,18228
2023-12-18 11:13:11,65,66,3900,18428
2023-12-18 11:13:18,66,67,3803,18525
2023-12-18 11:13:21,65,67,3803,18525
2023-12-18 11:13:21,66,67,3803,18525
2023-12-18 11:13:59,66,68,3803,18525
2023-12-18 11:14:00,67,68,3803,18525
2023-12-18 11:15:47,67,69,3803,18525
2023-12-18 11:15:55,67,68,3803,18525
2023-12-18 11:15:56,67,69,3803,18525
2023-12-18 11:15:57,67,68,3803,18525
2023-12-18 11:15:58,67,69,3803,18525
2023-12-18 11:17:05,68,69,3803,18525
2023-12-18 11:17:31,67,69,3803,18525
2023-12-18 11:17:47,67,68,3803,18525
2023-12-18 11:17:57,67,69,3803,18525
2023-12-18 11:17:57,67,68,3803,18525
2023-12-18 11:18:36,67,68,3831,18668
2023-12-18 11:18:44,67,69,3831,18668
2023-12-18 11:18:44,67,68,3831,18668
2023-12-18 11:18:46,67,69,3831,18668
2023-12-18 11:18:46,67,68,3831,18668
2023-12-18 11:18:52,68,69,4005,18842
2023-12-18 11:18:53,67,69,4005,18842
2023-12-18 11:18:53,67,68,4005,18842
2023-12-18 11:19:06,67,69,4005,18842
2023-12-18 11:19:06,67,68,4005,18842
2023-12-18 11:19:22,67,69,4005,18842
2023-12-18 11:19:59,67,68,4005,18842
2023-12-18 11:20:03,67,69,4005,18842
2023-12-18 11:20:06,67,68,4005,18842
2023-12-18 11:20:07,67,69,4005,18842
2023-12-18 11:20:07,67,68,4005,18842
2023-12-18 11:20:12,67,69,4005,18842
2023-12-18 11:20:29,68,69,4005,18842
2023-12-18 11:21:18,68,71,5803,20842
2023-12-18 11:21:18,68,70,5803,20842
2023-12-18 11:21:19,69,70,5803,20842
2023-12-18 11:21:30,69,71,5803,20842
2023-12-18 11:21:30,69,70,5803,20842
2023-12-18 11:21:32,69,71,5803,20842
2023-12-18 11:21:32,69,70,5803,20842
2023-12-18 11:21:39,69,71,5803,20842
2023-12-18 11:21:39,69,70,5803,20842
2023-12-18 11:21:54,69,71,5803,20842
2023-12-18 11:21:54,69,70,5803,20842
2023-12-18 11:22:06,69,71,5803,20842
2023-12-18 11:22:06,69,70,5803,20842
2023-12-18 11:22:08,69,71,5803,20842
2023-12-18 11:22:22,69,70,5803,20842
2023-12-18 11:22:28,69,71,5803,20842
2023-12-18 11:22:43,70,71,5803,20842
2023-12-18 11:22:43,70,71,5803,20902
2023-12-18 11:23:29,70,72,5803,20902
2023-12-18 11:23:29,70,71,5803,20902
2023-12-18 11:23:31,70,72,5803,20902
2023-12-18 11:23:39,70,71,5803,20902
2023-12-18 11:23:47,70,72,5803,20902
2023-12-18 11:23:50,70,71,5803,20902
2023-12-18 11:23:51,70,72,5803,20902
2023-12-18 11:23:51,70,71,5803,20902
2023-12-18 11:23:54,70,74,7803,22902
2023-12-18 11:23:54,70,72,7803,22902
2023-12-18 11:23:54,70,73,7803,22902
2023-12-18 11:23:55,70,72,7803,22902
2023-12-18 11:23:55,71,72,7803,22902
2023-12-18 11:24:14,71,72,7803,23011
2023-12-18 11:24:24,71,73,7803,23011
2023-12-18 11:24:40,71,73,7803,23071
2023-12-18 11:24:45,71,73,8103,23371
2023-12-18 11:24:46,71,73,8103,23431
2023-12-18 11:24:49,71,74,8103,23431
2023-12-18 11:25:23,72,74,8103,23431
2023-12-18 11:25:24,72,74,8103,23931
2023-12-18 11:25:25,72,74,8103,24431
2023-12-18 11:25:28,72,74,8103,24931
2023-12-18 11:25:30,71,74,8103,25134
2023-12-18 11:26:18,71,74,8103,25234
2023-12-18 11:26:19,71,73,8103,25234
2023-12-18 11:26:19,71,72,8103,25234
2023-12-18 11:26:26,71,73,8103,25234
2023-12-18 11:27:00,70,73,8103,25434
2023-12-18 11:27:25,69,73,8103,25634
2023-12-18 11:27:26,69,72,8103,25634
2023-12-18 11:27:26,70,72,8103,25634
2023-12-18 11:27:32,69,72,8103,25634
2023-12-18 11:27:34,70,72,8103,25634
2023-12-18 11:27:35,69,72,8103,25634
2023-12-18 11:28:16,70,72,8103,25634
2023-12-18 11:30:12,69,72,8103,25634
2023-12-18 11:30:13,70,72,8103,25634
2023-12-18 11:30:14,69,72,8103,25634
2023-12-18 11:30:48,69,71,8103,25634
2023-12-18 11:32:05,69,72,8103,25634
2023-12-18 11:32:43,70,72,8103,25634
2023-12-18 11:32:48,69,72,8103,25634
2023-12-18 11:32:53,70,72,8103,25634
2023-12-18 11:32:54,69,72,8103,25634
2023-12-18 11:32:55,70,72,8103,25634
2023-12-18 11:33:05,70,72,8103,25864
2023-12-18 11:33:29,70,72,8103,25864
2023-12-18 11:33:37,71,72,8103,25864
2023-12-18 11:33:37,71,72,8163,25924
2023-12-18 11:33:39,71,72,8223,25984
2023-12-18 11:33:39,70,72,8223,25984
2023-12-18 11:35:00,69,72,8223,25984
2023-12-18 11:35:01,69,71,8223,25984
2023-12-18 11:35:09,70,71,8223,25984
2023-12-18 11:35:12,70,72,8223,25984
2023-12-18 11:35:13,70,71,8223,25984
2023-12-18 11:35:14,70,72,8223,25984
2023-12-18 11:36:56,71,72,8223,25984
2023-12-18 11:37:01,71,72,8223,26104
2023-12-18 11:37:01,70,72,8223,26104
2023-12-18 11:37:20,70,71,8223,26104
2023-12-18 11:39:05,69,71,8223,26104
2023-12-18 11:39:12,70,71,8223,26104
2023-12-18 11:39:14,69,71,8223,26104
2023-12-18 11:39:15,70,71,8223,26104
2023-12-18 11:39:18,69,71,8223,26104
2023-12-18 11:39:20,69,70,8223,26104
2023-12-18 11:39:38,70,72,8103,26224
2023-12-18 11:39:38,69,70,8103,26304
2023-12-18 11:39:38,69,71,8103,26304
2023-12-18 11:39:38,69,70,8103,26304
2023-12-18 11:39:54,70,72,8103,26384
2023-12-18 11:40:05,70,73,8103,26384
2023-12-18 11:40:16,70,72,8103,26384
2023-12-18 11:40:45,70,71,8103,26384
2023-12-18 11:40:48,69,71,8103,26384
2023-12-18 11:40:49,69,72,8103,26384
2023-12-18 11:40:51,69,71,8103,26384
2023-12-18 11:40:52,69,72,8103,26384
2023-12-18 11:40:53,70,72,8103,26384
2023-12-18 11:41:10,69,72,8103,26384
2023-12-18 11:41:10,69,71,8103,26384
2023-12-18 11:41:12,70,71,8103,26384
2023-12-18 11:41:13,70,72,8103,26384
2023-12-18 11:41:14,70,71,8103,26384
2023-12-18 11:41:17,69,71,8103,26384
2023-12-18 11:41:22,69,72,8103,26384
2023-12-18 11:41:22,69,71,8103,26384
2023-12-18 11:41:52,69,72,8103,26384
2023-12-18 11:42:01,70,72,8103,26384
2023-12-18 11:42:01,70,71,8103,26384
2023-12-18 11:42:05,70,72,8103,26384
2023-12-18 11:42:05,69,72,8103,26384
2023-12-18 11:42:05,70,72,8103,26384
2023-12-18 11:42:06,70,71,8103,26384
2023-12-18 11:42:10,69,71,8103,26384
2023-12-18 11:42:22,70,71,8103,26384
2023-12-18 11:42:29,70,72,8103,26384
2023-12-18 11:42:37,69,72,8103,26384
2023-12-18 11:42:52,69,71,8103,26384
2023-12-18 11:42:55,69,72,8103,26384
2023-12-18 11:42:56,70,72,8103,26384
2023-12-18 11:43:00,69,72,8103,26384
2023-12-18 11:43:00,70,72,8103,26384
2023-12-18 11:43:00,70,71,8103,26384
2023-12-18 11:43:02,70,72,8103,26384
2023-12-18 11:44:18,71,72,8103,26384
2023-12-18 11:44:20,70,72,8103,26384
2023-12-18 11:44:35,69,72,8103,26384
2023-12-18 11:44:36,70,72,8103,26384
2023-12-18 11:44:44,69,72,8103,26384
2023-12-18 11:44:44,70,72,8103,26384
2023-12-18 11:44:46,69,72,8103,26384
2023-12-18 11:44:47,70,72,8103,26384
2023-12-18 11:45:02,71,72,8103,26384
2023-12-18 11:45:09,70,71,8104,26385
2023-12-18 11:45:10,70,72,8104,26385
2023-12-18 11:45:15,70,73,8104,26385
2023-12-18 11:45:28,70,72,8104,26385
2023-12-18 11:45:30,70,73,8104,26385
2023-12-18 11:45:30,71,73,8104,26385
2023-12-18 11:45:33,71,72,8104,26385
2023-12-18 11:45:38,71,73,8104,26385
2023-12-18 11:45:38,71,73,8104,26385
2023-12-18 11:45:38,71,72,8104,26385
2023-12-18 11:45:40,70,72,8104,26385
2023-12-18 11:45:40,70,72,8104,26385
2023-12-18 11:45:40,71,72,8104,26385
2023-12-18 11:45:51,71,73,8104,26385
2023-12-18 11:45:53,71,72,8104,26385
2023-12-18 11:45:59,70,72,8104,26385
2023-12-18 11:46:01,71,72,8104,26385
2023-12-18 11:46:03,71,73,8104,26385
2023-12-18 11:46:07,71,72,8104,26385
2023-12-18 11:46:08,71,73,8104,26385
2023-12-18 11:46:15,71,72,8104,26385
2023-12-18 11:46:17,71,73,8104,26385
2023-12-18 11:46:18,71,72,8104,26385
2023-12-18 11:46:23,70,72,8104,26385
2023-12-18 11:46:41,71,72,8104,26385
2023-12-18 11:46:46,71,73,8104,26385
2023-12-18 11:46:48,71,72,8104,26385
2023-12-18 11:46:51,71,73,8104,26385
2023-12-18 11:46:51,71,72,8104,26385
2023-12-18 11:46:59,70,72,8104,26385
2023-12-18 11:47:05,71,72,8104,26385
2023-12-18 11:47:18,70,72,8104,26385
2023-12-18 11:47:21,71,72,8104,26385
2023-12-18 11:47:24,70,72,8104,26385
2023-12-18 11:47:32,71,72,8104,26385
2023-12-18 11:47:32,71,73,8104,26385
2023-12-18 11:47:53,71,72,8104,26385
2023-12-18 11:48:05,71,73,8104,26385
2023-12-18 11:48:14,71,72,8104,26385
2023-12-18 11:48:17,70,72,8104,26385
2023-12-18 11:48:18,71,72,8104,26385
2023-12-18 11:48:29,71,72,8104,26487
2023-12-18 11:48:38,71,73,8104,26487
2023-12-18 11:49:09,70,73,8104,26487
2023-12-18 11:49:11,71,73,8104,26487
2023-12-18 11:50:35,70,73,8104,26487
2023-12-18 11:51:14,70,72,8104,26487
2023-12-18 11:51:28,70,73,8104,26487
2023-12-18 11:52:00,70,72,8104,26487
2023-12-18 11:52:18,70,73,8104,26487
2023-12-18 11:52:37,70,72,8104,26487
2023-12-18 11:52:41,69,72,8104,26487
2023-12-18 11:52:52,70,72,8104,26487
2023-12-18 11:53:02,70,73,8104,26487
2023-12-18 11:53:25,71,73,8104,26487
2023-12-18 11:53:35,70,73,8104,26487
2023-12-18 11:54:06,71,73,8104,26487
2023-12-18 11:54:18,72,73,8104,26487
2023-12-18 11:54:18,72,73,8404,26987
2023-12-18 11:54:21,71,73,8404,26987
2023-12-18 11:55:23,71,74,8404,26987
2023-12-18 11:55:23,71,72,8404,26987
2023-12-18 11:55:29,70,72,8404,26987
2023-12-18 11:55:49,71,72,8404,26987
2023-12-18 11:55:52,70,72,8404,26987
2023-12-18 11:55:53,71,72,8404,26987
2023-12-18 11:55:55,70,72,8404,26987
2023-12-18 11:55:57,71,72,8404,26987
2023-12-18 11:56:28,70,72,8404,26987
2023-12-18 11:56:41,71,72,8404,26987
2023-12-18 11:58:20,71,72,8204,27187
2023-12-18 11:59:01,72,74,8104,27287
2023-12-18 11:59:01,72,73,8104,27287
2023-12-18 11:59:13,72,74,8104,27287
2023-12-18 11:59:19,71,74,8104,27287
2023-12-18 11:59:24,72,74,8104,27287
2023-12-18 11:59:25,71,74,8104,27287
2023-12-18 11:59:41,72,74,8104,27287
2023-12-18 11:59:59,71,74,8104,27287
2023-12-18 11:59:59,72,74,8104,27287
2023-12-18 12:00:01,71,74,8104,27287
2023-12-18 12:00:01,72,74,8104,27287
2023-12-18 12:00:02,71,74,8104,27287
2023-12-18 12:00:10,71,73,8104,27287
2023-12-18 12:00:15,70,73,8104,27287
2023-12-18 12:00:23,70,72,8104,27287
2023-12-18 12:00:26,70,73,8104,27287
2023-12-18 12:00:42,71,73,8104,27287
2023-12-18 12:00:48,70,73,8104,27287
2023-12-18 12:00:53,71,73,8104,27287
2023-12-18 12:00:54,70,73,8104,27287
2023-12-18 12:00:59,71,73,8104,27287
2023-12-18 12:01:00,70,73,8104,27287
2023-12-18 12:01:16,70,72,8104,27287
2023-12-18 12:01:20,69,72,8104,27287
2023-12-18 12:01:33,70,72,8104,27287
2023-12-18 12:01:34,69,72,8104,27287
2023-12-18 12:01:35,70,72,8104,27287
2023-12-18 12:01:36,69,72,8104,27287
2023-12-18 12:01:36,70,72,8104,27287
2023-12-18 12:01:37,69,72,8104,27287
2023-12-18 12:01:42,70,72,8104,27287
2023-12-18 12:02:13,69,72,8104,27287
2023-12-18 12:02:15,70,72,8104,27287
2023-12-18 12:02:23,69,72,8104,27287
2023-12-18 12:02:44,69,71,8104,27287
2023-12-18 12:03:05,69,72,8104,27287
2023-12-18 12:03:20,70,72,8104,27287
2023-12-18 12:03:21,70,73,8104,27287
2023-12-18 12:04:03,70,72,8104,27287
2023-12-18 12:04:09,70,73,8104,27287
2023-12-18 12:04:47,70,72,8104,27287
2023-12-18 12:04:54,69,72,8104,27287
2023-12-18 12:05:57,70,72,8104,27287
2023-12-18 12:06:02,70,73,8104,27287
2023-12-18 12:06:09,70,72,8104,27287
2023-12-18 12:06:15,69,72,8104,27287
2023-12-18 12:07:00,70,72,8104,27287
2023-12-18 12:07:14,69,72,8104,27287
2023-12-18 12:07:24,69,71,8104,27287
2023-12-18 12:07:26,69,72,8104,27287
2023-12-18 12:07:27,69,71,8104,27287
2023-12-18 12:07:31,69,72,8104,27287
2023-12-18 12:07:38,69,71,8104,27287
2023-12-18 12:07:43,69,72,8104,27287
2023-12-18 12:08:13,69,71,8104,27287
2023-12-18 12:08:14,69,72,8104,27287
2023-12-18 12:08:19,69,71,8104,27287
2023-12-18 12:08:28,68,71,8104,27287
2023-12-18 12:08:46,68,70,8104,27287
2023-12-18 12:08:52,68,71,8104,27287
2023-12-18 12:09:01,68,70,8104,27287
2023-12-18 12:09:07,67,70,8104,27287
2023-12-18 12:09:47,67,69,8104,27287
2023-12-18 12:10:04,66,69,8104,27287
2023-12-18 12:10:15,66,68,8104,27287
2023-12-18 12:10:41,65,68,8251,27487
2023-12-18 12:11:02,66,68,8251,27487
2023-12-18 12:11:03,66,69,8251,27487
2023-12-18 12:11:06,66,68,8251,27487
2023-12-18 12:11:06,65,68,8251,27487
2023-12-18 12:11:12,65,69,8251,27487
2023-12-18 12:11:13,66,69,8251,27487
2023-12-18 12:11:15,65,69,8251,27487
2023-12-18 12:11:18,66,69,8251,27487
2023-12-18 12:11:20,65,69,8251,27487
2023-12-18 12:11:21,65,68,8251,27487
2023-12-18 12:11:25,65,69,8251,27487
2023-12-18 12:11:29,65,68,8251,27487
2023-12-18 12:11:39,65,69,8251,27487
2023-12-18 12:11:46,66,69,8251,27487
2023-12-18 12:11:54,66,68,8251,27487
2023-12-18 12:11:55,65,68,8251,27487
2023-12-18 12:12:05,65,67,8251,27487
2023-12-18 12:12:07,65,68,8251,27487
2023-12-18 12:12:09,65,67,8251,27487
2023-12-18 12:12:35,64,67,8251,27487
2023-12-18 12:12:50,64,68,8251,27487
2023-12-18 12:13:09,64,68,8251,27487
2023-12-18 12:13:13,65,68,8251,27487
2023-12-18 12:13:20,64,68,8251,27487
2023-12-18 12:13:22,65,68,8251,27487
2023-12-18 12:13:29,65,69,8251,27487
2023-12-18 12:13:36,66,69,8251,27487
2023-12-18 12:13:53,65,69,8251,27487
2023-12-18 12:14:10,66,69,8251,27487
2023-12-18 12:14:17,65,69,8251,27487
2023-12-18 12:14:26,65,68,8251,27487
2023-12-18 12:15:02,64,68,8251,27487
2023-12-18 12:15:27,64,67,8251,27487
2023-12-18 12:15:40,64,66,8251,27487
2023-12-18 12:15:42,63,66,8251,27487
2023-12-18 12:16:15,63,65,8251,27487
2023-12-18 12:16:18,62,65,8251,27487
2023-12-18 12:16:25,62,64,8251,27487
2023-12-18 12:16:36,61,64,8251,27487
2023-12-18 12:16:40,61,63,8251,27487
2023-12-18 12:16:43,60,63,8251,27487
2023-12-18 12:16:47,60,62,8251,27487
2023-12-18 12:16:52,59,62,8251,27487
2023-12-18 12:17:03,59,63,8251,27487
2023-12-18 12:17:03,60,63,8251,27487
2023-12-18 12:17:05,61,63,8251,27487
2023-12-18 12:17:08,60,63,8251,27487
2023-12-18 12:17:23,59,63,8251,27487
2023-12-18 12:17:26,60,63,8251,27487
2023-12-18 12:17:31,59,63,8251,27487
2023-12-18 12:17:46,60,63,8251,27487
2023-12-18 12:17:58,59,63,8251,27487
2023-12-18 12:17:58,59,62,8251,27487
2023-12-18 12:18:17,60,62,8251,27487
2023-12-18 12:18:18,60,63,8251,27487
2023-12-18 12:18:21,59,63,8251,27487
2023-12-18 12:18:53,60,63,8251,27487
2023-12-18 12:18:54,59,63,8251,27487
2023-12-18 12:18:56,60,63,8251,27487
2023-12-18 12:18:57,59,63,8251,27487
2023-12-18 12:19:00,60,63,8251,27487
2023-12-18 12:19:04,59,63,8251,27487
2023-12-18 12:19:04,60,63,8251,27487
2023-12-18 12:19:06,59,63,8251,27487
2023-12-18 12:19:07,60,63,8251,27487
2023-12-18 12:19:11,59,63,8251,27487
2023-12-18 12:19:11,60,63,8251,27487
2023-12-18 12:19:14,59,63,8251,27487
2023-12-18 12:19:38,60,63,8251,27487
2023-12-18 12:19:52,59,63,8251,27487
2023-12-18 12:19:52,60,63,8251,27487
2023-12-18 12:19:53,59,63,8251,27487
2023-12-18 12:19:54,60,63,8251,27487
2023-12-18 12:20:00,60,62,8251,27487
2023-12-18 12:20:00,59,61,8251,27487
2023-12-18 12:20:01,59,60,8251,27487
2023-12-18 12:20:01,58,60,8251,27487
2023-12-18 12:20:02,58,61,8251,27487
2023-12-18 12:20:05,59,61,8251,27487
2023-12-18 12:20:11,58,61,8251,27487
2023-12-18 12:20:13,59,61,8251,27487
2023-12-18 12:20:14,58,61,8251,27487
2023-12-18 12:21:22,58,60,8251,27487
2023-12-18 12:21:35,58,61,8251,27487
2023-12-18 12:21:42,59,61,8251,27487
2023-12-18 12:21:44,58,61,8251,27487
2023-12-18 12:21:46,59,61,8251,27487
2023-12-18 12:21:47,58,61,8251,27487
2023-12-18 12:22:05,59,61,8251,27487
2023-12-18 12:22:12,59,63,8251,27487
2023-12-18 12:22:21,60,63,8251,27487
2023-12-18 12:23:14,60,64,8251,27487
2023-12-18 12:23:42,60,63,8251,27487
2023-12-18 12:24:12,60,64,8251,27487
2023-12-18 12:24:20,60,63,8251,27487
2023-12-18 12:24:33,61,63,8251,27487
2023-12-18 12:24:44,61,64,8251,27487
2023-12-18 12:24:54,62,64,8251,27487
2023-12-18 12:25:00,61,64,8251,27487
2023-12-18 12:25:03,62,64,8251,27487
2023-12-18 12:25:36,61,64,8251,27487
2023-12-18 12:25:37,61,64,8196,28042
2023-12-18 12:25:49,62,64,8196,28042
2023-12-18 12:25:50,62,65,8196,28042
2023-12-18 12:26:01,61,65,8196,28042
2023-12-18 12:26:01,61,64,8196,28042
2023-12-18 12:26:13,62,64,8196,28042
2023-12-18 12:26:13,62,65,8196,28042
2023-12-18 12:26:15,61,65,8196,28042
2023-12-18 12:26:19,62,65,8196,28042
2023-12-18 12:27:06,63,65,8196,28042
2023-12-18 12:27:09,62,65,8196,28042
2023-12-18 12:27:12,63,65,8196,28042
2023-12-18 12:27:13,62,65,8196,28042
2023-12-18 12:27:14,63,65,8196,28042
2023-12-18 12:27:29,63,66,8196,28042
2023-12-18 12:27:53,62,66,8196,28042
2023-12-18 12:27:53,63,66,8196,28042
2023-12-18 12:27:53,64,67,8196,28042
2023-12-18 12:28:02,64,66,8196,28042
2023-12-18 12:28:07,64,67,8196,28042
2023-12-18 12:28:11,64,66,8196,28042
2023-12-18 12:28:15,64,67,8196,28042
2023-12-18 12:28:24,64,66,8196,28042
2023-12-18 12:28:30,64,67,8196,28042
2023-12-18 12:28:32,63,67,8196,28042
2023-12-18 12:28:32,65,67,8196,28042
2023-12-18 12:28:33,63,67,8196,28042
2023-12-18 12:28:33,64,67,8196,28042
2023-12-18 12:28:48,64,66,8196,28042
2023-12-18 12:28:53,64,67,8196,28042
2023-12-18 12:28:55,63,67,8196,28042
2023-12-18 12:28:55,65,67,8196,28042
2023-12-18 12:28:57,63,67,8196,28042
2023-12-18 12:28:57,64,67,8196,28042
2023-12-18 12:28:58,63,67,8196,28042
2023-12-18 12:28:58,65,67,8196,28042
2023-12-18 12:29:03,63,67,8196,28042
2023-12-18 12:29:03,64,67,8196,28042
2023-12-18 12:29:07,63,67,8196,28042
2023-12-18 12:29:07,65,67,8196,28042
2023-12-18 12:29:31,64,67,8196,28042
2023-12-18 12:29:45,63,67,8196,28042
2023-12-18 12:29:45,65,67,8196,28042
2023-12-18 12:29:48,63,67,8196,28042
2023-12-18 12:29:48,64,67,8196,28042
2023-12-18 12:29:52,64,66,8196,28042
2023-12-18 12:29:53,63,66,8196,28042
2023-12-18 12:29:53,63,66,8196,28042
2023-12-18 12:30:01,63,65,8196,28042
2023-12-18 12:30:04,62,65,8196,28042
2023-12-18 12:30:16,62,64,8196,28042
2023-12-18 12:30:26,62,65,8196,28042
2023-12-18 12:30:29,62,64,8196,28042
2023-12-18 12:31:03,59,64,7696,30042
2023-12-18 12:31:04,60,64,7696,30042
2023-12-18 12:31:04,61,64,7696,30042
2023-12-18 12:31:04,61,62,7696,30042
2023-12-18 12:31:05,61,63,7496,30242
2023-12-18 12:31:09,61,64,7496,30242
2023-12-18 12:31:09,60,64,7496,30242
2023-12-18 12:31:12,61,64,7496,30242
2023-12-18 12:31:23,61,65,7496,30242
2023-12-18 12:31:40,62,65,7496,30242
2023-12-18 12:31:42,61,65,7496,30242
2023-12-18 12:31:44,61,64,7496,30242
2023-12-18 12:31:53,61,65,7496,30242
2023-12-18 12:31:56,62,65,7496,30242
2023-12-18 12:32:01,62,66,7496,30242
2023-12-18 12:32:02,62,65,7496,30242
2023-12-18 12:32:03,62,66,7496,30242
2023-12-18 12:32:09,62,65,7496,30242
2023-12-18 12:32:12,61,65,7496,30242
2023-12-18 12:32:21,61,64,7496,30242
2023-12-18 12:32:36,60,64,7496,30242
2023-12-18 12:32:36,60,63,7496,30242
2023-12-18 12:32:59,61,63,7496,30242
2023-12-18 12:33:00,60,63,7496,30242
2023-12-18 12:33:00,60,63,6996,30742
2023-12-18 12:33:01,61,63,6996,30742
2023-12-18 12:33:03,61,64,6996,30742
2023-12-18 12:33:05,60,64,6996,30742
2023-12-18 12:33:05,60,63,6996,30742
2023-12-18 12:33:12,61,63,6996,30742
2023-12-18 12:33:13,60,63,6996,30742
2023-12-18 12:33:23,60,62,6996,30742
2023-12-18 12:33:28,60,63,6996,30742
2023-12-18 12:33:32,60,62,6996,30742
2023-12-18 12:33:33,60,63,6996,30742
2023-12-18 12:33:34,60,62,6996,30742
2023-12-18 12:33:37,60,61,6996,30742
2023-12-18 12:33:37,59,61,6996,30742
2023-12-18 12:33:37,59,62,6796,30942
2023-12-18 12:33:45,60,62,6796,30942
2023-12-18 12:33:49,60,63,6796,30942
2023-12-18 12:33:49,60,64,6796,30942
2023-12-18 12:33:49,60,63,6796,30942
2023-12-18 12:33:52,61,63,6796,30942
2023-12-18 12:34:00,61,65,6796,30942
2023-12-18 12:34:00,61,64,6796,30942
2023-12-18 12:34:04,61,65,6796,30942
2023-12-18 12:34:04,61,63,6796,30942
2023-12-18 12:34:07,61,65,6796,30942
2023-12-18 12:34:07,62,65,6796,30942
2023-12-18 12:34:07,62,64,6796,30942
2023-12-18 12:34:26,61,64,6796,30942
2023-12-18 12:34:27,61,65,6796,30942
2023-12-18 12:34:27,61,64,6796,30942
2023-12-18 12:34:27,61,63,6796,30942
2023-12-18 12:34:30,61,64,6796,30942
2023-12-18 12:34:30,62,64,6796,30942
2023-12-18 12:34:30,62,65,6796,30942
2023-12-18 12:34:30,62,64,6796,30942
2023-12-18 12:34:34,62,65,6796,30942
2023-12-18 12:34:34,62,64,6796,30942
2023-12-18 12:34:34,62,63,6796,30942
2023-12-18 12:34:36,61,63,6796,30942
2023-12-18 12:34:39,62,63,6796,30942
2023-12-18 12:34:39,62,64,6796,30942
2023-12-18 12:35:03,62,65,6796,30942
2023-12-18 12:35:03,62,64,6796,30942
2023-12-18 12:35:03,62,63,6796,30942
2023-12-18 12:35:08,62,64,6796,30942
2023-12-18 12:35:08,62,65,6796,30942
2023-12-18 12:35:08,62,64,6796,30942
2023-12-18 12:35:35,63,64,6796,30942
2023-12-18 12:35:43,62,64,6796,30942
2023-12-18 12:36:02,61,64,6796,30942
2023-12-18 12:36:02,61,65,6796,30942
2023-12-18 12:36:02,61,64,6796,30942
2023-12-18 12:36:02,61,63,6796,30942
2023-12-18 12:36:09,61,64,6796,30942
2023-12-18 12:36:09,62,65,6796,30942
2023-12-18 12:36:09,62,64,6796,30942
2023-12-18 12:36:30,62,65,6796,30942
2023-12-18 12:36:30,63,65,6796,30942
2023-12-18 12:36:30,63,65,6796,30942
2023-12-18 12:36:56,64,65,6796,30942
2023-12-18 12:37:01,64,66,6796,30942
2023-12-18 12:37:05,64,65,6796,30942
2023-12-18 12:37:15,63,65,6796,30942
2023-12-18 12:37:24,64,65,6796,30942
2023-12-18 12:37:28,64,66,6796,30942
2023-12-18 12:37:31,64,65,6796,30942
2023-12-18 12:37:33,63,65,6796,30942
2023-12-18 12:37:35,64,65,6796,30942
2023-12-18 12:37:41,64,66,6796,30942
2023-12-18 12:37:41,65,66,6796,30942
2023-12-18 12:37:41,65,67,6796,30942
2023-12-18 12:37:41,65,66,6796,30942
2023-12-18 12:37:43,65,66,6796,31142
2023-12-18 12:38:03,65,67,6796,31142
2023-12-18 12:38:05,66,67,6796,31142
2023-12-18 12:38:24,66,68,6796,31142
2023-12-18 12:38:26,66,67,6796,31142
2023-12-18 12:38:40,66,68,6796,31142
2023-12-18 12:38:56,66,67,6796,31142
2023-12-18 12:39:12,66,68,6796,31142
2023-12-18 12:39:27,66,67,6796,31142
2023-12-18 12:39:58,66,68,6796,31142
2023-12-18 12:40:04,67,68,6796,31142
2023-12-18 12:40:07,66,68,6796,31142
2023-12-18 12:40:27,67,68,6796,31142
2023-12-18 12:40:39,67,68,6796,31142
2023-12-18 12:40:42,66,68,6796,31142
2023-12-18 12:40:57,66,69,6796,31142
2023-12-18 12:41:17,66,68,6796,31142
2023-12-18 12:41:27,66,69,6796,31142
2023-12-18 12:41:37,66,68,6796,31142
2023-12-18 12:41:39,66,69,6796,31822
2023-12-18 12:41:40,67,69,6796,31822
2023-12-18 12:41:54,68,69,6796,31822
2023-12-18 12:41:54,68,69,6996,32022
2023-12-18 12:41:55,68,71,6996,32022
2023-12-18 12:41:56,69,71,6996,32022
2023-12-18 12:42:00,68,71,6996,32022
2023-12-18 12:42:06,67,71,6996,32022
2023-12-18 12:42:06,68,71,6996,32022
2023-12-18 12:42:06,68,70,6996,32022
2023-12-18 12:42:15,68,71,6996,32022
2023-12-18 12:42:18,69,71,6996,32022
2023-12-18 12:42:25,68,71,6996,32022
2023-12-18 12:42:27,69,71,6996,32022
2023-12-18 12:42:38,68,71,6996,32022
2023-12-18 12:42:42,68,70,6996,32022
2023-12-18 12:42:44,68,71,6996,32022
2023-12-18 12:42:49,68,70,6996,32022
2023-12-18 12:42:57,67,70,6996,32022
2023-12-18 12:42:58,68,70,6996,32022
2023-12-18 12:43:02,68,71,6996,32022
2023-12-18 12:43:04,69,71,6996,32022
2023-12-18 12:43:05,68,71,6996,32022
2023-12-18 12:43:06,69,71,6996,32022
2023-12-18 12:43:13,68,71,6996,32222
2023-12-18 12:43:28,67,71,6996,32222
2023-12-18 12:43:30,68,71,6996,32222
2023-12-18 12:43:31,67,71,6996,32222
2023-12-18 12:43:32,68,71,6996,32222
2023-12-18 12:43:33,67,71,6996,32222
2023-12-18 12:43:34,67,70,6996,32222
2023-12-18 12:43:42,67,71,6996,32222
2023-12-18 12:43:50,68,71,6996,32222
2023-12-18 12:43:58,67,71,6996,32222
2023-12-18 12:43:59,68,71,6996,32222
2023-12-18 12:44:00,67,71,6996,32222
2023-12-18 12:44:04,67,70,6996,32222
2023-12-18 12:44:06,67,71,6996,32222
2023-12-18 12:44:07,67,70,6996,32222
2023-12-18 12:44:10,67,71,6996,32222
2023-12-18 12:44:15,67,70,6996,32222
2023-12-18 12:44:25,66,70,6996,32222
2023-12-18 12:44:40,67,70,6996,32222
2023-12-18 12:44:41,66,70,6996,32222
2023-12-18 12:44:52,67,70,6996,32222
2023-12-18 12:45:09,67,71,6996,32222
2023-12-18 12:45:13,68,71,6996,32222
2023-12-18 12:45:27,69,71,6996,32222
2023-12-18 12:45:30,68,71,6996,32222
2023-12-18 12:45:50,67,71,6996,32222
2023-12-18 12:46:06,68,71,6996,32222
2023-12-18 12:46:14,67,71,6996,32222
2023-12-18 12:46:27,68,71,6996,32222
2023-12-18 12:46:34,67,71,6996,32222
2023-12-18 12:46:41,68,71,6996,32222
2023-12-18 12:46:49,67,71,6996,32222
2023-12-18 12:47:01,67,70,6996,32222
2023-12-18 12:47:04,66,70,6996,33622
2023-12-18 12:47:05,66,69,6996,33622
2023-12-18 12:47:05,66,68,6996,33622
2023-12-18 12:47:21,66,69,6996,33622
2023-12-18 12:47:24,67,69,6996,33622
2023-12-18 12:47:34,66,69,6996,33622
2023-12-18 12:47:51,68,69,6996,33622
2023-12-18 12:47:52,68,69,7056,33682
2023-12-18 12:47:53,67,69,7056,33682
2023-12-18 12:47:53,67,68,7056,33682
2023-12-18 12:47:54,67,69,7056,33682
2023-12-18 12:48:11,67,70,7056,33682
2023-12-18 12:48:11,68,70,7056,33682
2023-12-18 12:48:13,68,69,7056,33682
2023-12-18 12:48:16,68,70,7056,33682
2023-12-18 12:48:17,68,69,7056,33682
2023-12-18 12:48:18,67,69,7056,33682
2023-12-18 12:48:28,67,69,7056,34362
2023-12-18 12:48:48,66,69,7056,34962
2023-12-18 12:48:59,66,70,7056,34962
2023-12-18 12:49:01,67,70,7056,34962
2023-12-18 12:49:03,66,70,7056,34962
2023-12-18 12:49:04,66,69,7056,34962
2023-12-18 12:49:17,65,69,7056,34962
2023-12-18 12:49:18,66,69,7056,34962
2023-12-18 12:49:24,65,69,7056,34962
2023-12-18 12:49:26,65,68,7056,34962
2023-12-18 12:49:27,65,69,7056,34962
2023-12-18 12:49:27,66,69,7056,34962
2023-12-18 12:49:44,67,69,7056,34962
2023-12-18 12:49:47,67,70,7056,34962
2023-12-18 12:49:48,67,69,7056,34962
2023-12-18 12:49:49,67,70,7056,34962
2023-12-18 12:49:56,67,69,7056,34962
2023-12-18 12:51:04,67,70,7056,34962
2023-12-18 12:51:07,67,69,7056,34962
2023-12-18 12:51:42,67,70,7056,34962
2023-12-18 12:51:44,67,69,7056,34962
2023-12-18 12:52:28,68,69,7056,34962
2023-12-18 12:52:29,68,71,7056,34962
2023-12-18 12:52:29,69,71,7056,34962
2023-12-18 12:52:29,69,70,7056,34962
2023-12-18 12:52:49,69,70,7056,35162
2023-12-18 12:52:50,69,72,7056,35162
2023-12-18 12:52:50,69,71,7056,35162
2023-12-18 12:52:52,69,72,7056,35162
2023-12-18 12:52:52,69,70,7056,35162
2023-12-18 12:52:53,69,72,7056,35162
2023-12-18 12:52:53,69,71,7056,35162
2023-12-18 12:53:02,69,72,6736,35482
2023-12-18 12:53:36,70,72,6736,35482
2023-12-18 12:53:38,69,72,6736,35482
2023-12-18 12:53:43,69,71,6736,35482
2023-12-18 12:53:51,69,72,6736,35482
2023-12-18 12:54:27,70,72,6736,35482
2023-12-18 12:54:36,69,72,6736,35482
2023-12-18 12:54:42,70,72,6736,35482
2023-12-18 12:54:45,69,72,6736,35482
2023-12-18 12:55:02,70,72,6736,35482
2023-12-18 12:55:03,69,72,6736,35482
2023-12-18 12:55:05,70,72,6736,35482
2023-12-18 12:55:15,69,72,6736,35482
2023-12-18 12:55:25,70,72,6736,35482
2023-12-18 12:56:17,69,72,6736,35482
2023-12-18 12:56:56,70,72,6736,35482
2023-12-18 12:57:01,69,72,6736,35482
2023-12-18 12:58:38,68,72,6736,35482
2023-12-18 12:58:39,68,71,6736,35482
2023-12-18 12:58:44,68,70,6736,35482
2023-12-18 12:58:47,67,70,6736,35482
2023-12-18 12:59:16,67,69,6736,35482
2023-12-18 12:59:18,67,68,6736,35482
2023-12-18 13:00:18,67,68,6736,35682
2023-12-18 13:00:38,67,69,6736,35682
2023-12-18 13:00:46,67,69,6736,35882
2023-12-18 13:00:59,65,69,6936,36082
2023-12-18 13:01:02,65,68,6936,36082
2023-12-18 13:01:09,66,68,6936,36082
2023-12-18 13:01:09,66,70,6936,36082
2023-12-18 13:01:38,67,70,6936,36082
2023-12-18 13:01:44,66,70,6936,36082
2023-12-18 13:01:44,66,69,6936,36082
2023-12-18 13:01:45,66,70,6936,36082
2023-12-18 13:01:46,66,69,6936,36082
2023-12-18 13:01:52,67,69,6936,36082
2023-12-18 13:01:55,66,70,6936,36082
2023-12-18 13:01:55,66,69,6936,36082
2023-12-18 13:02:01,67,69,6936,36082
2023-12-18 13:02:01,67,70,6936,36082
2023-12-18 13:02:04,68,70,6936,36082
2023-12-18 13:02:04,68,71,6936,36082
2023-12-18 13:02:09,69,71,6936,36082
2023-12-18 13:02:09,69,72,6936,36082
2023-12-18 13:02:17,68,72,6936,36082
2023-12-18 13:02:17,68,71,6936,36082
2023-12-18 13:02:24,68,72,6936,36082
2023-12-18 13:02:24,69,72,6936,36082
2023-12-18 13:02:26,68,72,6936,36082
2023-12-18 13:02:27,69,72,6936,36082
2023-12-18 13:02:50,69,71,6936,36082
2023-12-18 13:02:50,68,71,6936,36082
2023-12-18 13:02:51,69,71,6936,36082
2023-12-18 13:02:51,69,72,6936,36082
2023-12-18 13:03:10,70,72,6936,36082
2023-12-18 13:03:14,70,73,6936,36082
2023-12-18 13:03:15,71,73,6936,36082
2023-12-18 13:03:19,70,73,6936,36082
2023-12-18 13:03:30,71,73,6936,36082
2023-12-18 13:03:31,70,73,6936,36082
2023-12-18 13:03:35,71,73,6936,36082
2023-12-18 13:03:45,70,73,6936,36082
2023-12-18 13:03:46,71,73,6936,36082
2023-12-18 13:04:01,72,73,6936,36082
2023-12-18 13:04:03,72,74,6936,36082
2023-12-18 13:04:08,71,74,6936,36082
2023-12-18 13:04:12,71,74,6936,36084
2023-12-18 13:04:17,71,73,6936,36084
2023-12-18 13:04:18,70,73,6936,36084
2023-12-18 13:04:37,71,73,6936,36084
2023-12-18 13:04:58,72,74,6936,36084
2023-12-18 13:05:05,71,74,6936,36084
2023-12-18 13:05:14,70,74,6936,36084
2023-12-18 13:05:14,70,73,6936,36084
2023-12-18 13:05:18,71,73,6936,36084
2023-12-18 13:05:18,71,74,6936,36084
2023-12-18 13:05:23,71,73,6936,36084
2023-12-18 13:05:28,71,74,6936,36084
2023-12-18 13:05:31,71,73,6936,36084
2023-12-18 13:05:34,71,74,6936,36084
2023-12-18 13:06:02,70,74,6936,36084
2023-12-18 13:06:02,70,73,6936,36084
2023-12-18 13:06:30,69,73,6936,36084
2023-12-18 13:06:30,69,72,6936,36084
2023-12-18 13:07:26,69,71,6936,36084
2023-12-18 13:07:26,68,71,6936,36084
2023-12-18 13:08:09,68,72,6936,36084
2023-12-18 13:08:09,69,72,6936,36084
2023-12-18 13:08:12,68,72,6936,36084
2023-12-18 13:08:18,68,71,6936,36084
2023-12-18 13:08:20,68,72,6936,36084
2023-12-18 13:08:25,69,72,6936,36084
2023-12-18 13:08:36,68,72,6936,36084
2023-12-18 13:08:37,69,72,6936,36084
2023-12-18 13:09:12,69,73,6936,36084
2023-12-18 13:09:12,70,73,6936,36084
2023-12-18 13:09:23,71,73,6936,36084
2023-12-18 13:09:27,71,74,6936,36084
2023-12-18 13:09:51,70,74,6936,36084
2023-12-18 13:09:56,69,73,6936,36084
2023-12-18 13:10:04,69,72,6936,36084
2023-12-18 13:10:10,69,73,6936,36084
2023-12-18 13:10:12,69,72,6936,36084
2023-12-18 13:10:23,69,73,6936,36084
2023-12-18 13:10:33,69,72,6936,36084
2023-12-18 13:10:42,68,72,6936,36084
2023-12-18 13:10:47,69,72,6936,36084
2023-12-18 13:10:49,68,72,6936,36084
2023-12-18 13:10:56,69,72,6936,36084
2023-12-18 13:11:01,68,72,6936,36084
2023-12-18 13:11:08,68,71,6936,36084
2023-12-18 13:11:09,68,72,6936,36084
2023-12-18 13:11:10,69,72,6936,36084
2023-12-18 13:11:11,68,72,6936,36084
2023-12-18 13:11:14,68,71,6936,36084
2023-12-18 13:11:22,68,72,6936,36084
2023-12-18 13:11:25,68,71,6936,36084
2023-12-18 13:11:29,68,72,6936,36084
2023-12-18 13:11:41,68,71,6936,36084
2023-12-18 13:11:51,68,70,6936,36084
2023-12-18 13:11:55,68,71,6936,36084
2023-12-18 13:12:18,68,72,6936,36084
2023-12-18 13:12:19,68,71,6936,36084
2023-12-18 13:12:21,68,72,6936,36084
2023-12-18 13:12:23,69,72,6936,36084
2023-12-18 13:12:28,68,72,6936,36084
2023-12-18 13:12:34,69,72,6936,36084
2023-12-18 13:12:41,69,73,6936,36084
2023-12-18 13:12:43,69,72,6936,36084
2023-12-18 13:12:45,69,73,6936,36084
2023-12-18 13:12:48,69,72,6936,36084
2023-12-18 13:13:09,69,73,6936,36084
2023-12-18 13:13:11,69,72,6936,36084
2023-12-18 13:13:38,69,73,6936,36084
2023-12-18 13:13:39,70,73,6936,36084
2023-12-18 13:13:53,69,73,6936,36084
2023-12-18 13:14:02,70,73,6936,36084
2023-12-18 13:14:04,69,73,6936,36084
2023-12-18 13:14:11,69,72,6936,36084
2023-12-18 13:14:19,68,72,6936,36084
2023-12-18 13:14:20,69,72,6936,36084
2023-12-18 13:14:24,69,73,6936,36084
2023-12-18 13:14:30,69,72,6936,36084
2023-12-18 13:14:32,68,72,6936,36084
2023-12-18 13:14:33,69,72,6936,36084
2023-12-18 13:14:34,68,72,6936,36084
2023-12-18 13:14:35,68,71,6936,36084
2023-12-18 13:14:53,68,72,6936,36084
2023-12-18 13:14:55,69,72,6936,36084
2023-12-18 13:14:59,69,73,6936,36084
2023-12-18 13:15:03,69,72,6936,36084
2023-12-18 13:15:09,69,73,6936,36084
2023-12-18 13:15:15,69,73,7076,36224
2023-12-18 13:15:15,70,73,7076,36224
2023-12-18 13:15:43,71,73,7076,36224
2023-12-18 13:15:47,71,74,7076,36224
2023-12-18 13:15:58,72,74,7076,36224
2023-12-18 13:15:59,71,74,7076,36224
2023-12-18 13:16:08,71,73,7076,36224
2023-12-18 13:16:10,70,73,7076,36224
2023-12-18 13:16:18,70,72,7076,36224
2023-12-18 13:16:19,70,73,7076,36224
2023-12-18 13:16:32,69,73,7076,36224
2023-12-18 13:16:32,69,72,7076,36224
2023-12-18 13:16:33,70,72,7076,36224
2023-12-18 13:16:35,69,72,7076,36224
2023-12-18 13:16:41,68,72,7076,36224
2023-12-18 13:16:41,70,72,7076,36224
2023-12-18 13:16:43,69,72,7076,36224
2023-12-18 13:16:43,68,72,7076,36224
2023-12-18 13:16:43,69,72,7076,36224
2023-12-18 13:16:44,68,72,7076,36224
2023-12-18 13:16:44,70,72,7076,36224
2023-12-18 13:16:45,68,72,7076,36224
2023-12-18 13:16:45,69,72,7076,36224
2023-12-18 13:17:01,70,72,7076,36224
2023-12-18 13:17:03,69,72,7076,36224
2023-12-18 13:17:05,70,72,7076,36224
2023-12-18 13:17:07,69,72,7076,36224
2023-12-18 13:17:07,68,72,7076,36224
2023-12-18 13:17:07,69,72,7076,36224
2023-12-18 13:17:14,68,72,7076,36224
2023-12-18 13:17:14,70,72,7076,36224
2023-12-18 13:17:17,69,72,7076,36224
2023-12-18 13:17:17,68,72,7076,36224
2023-12-18 13:17:17,69,72,7076,36224
2023-12-18 13:17:18,69,71,7076,36224
2023-12-18 13:17:23,69,72,7076,36224
2023-12-18 13:17:24,69,71,7076,36224
2023-12-18 13:17:29,69,72,7076,36224
2023-12-18 13:17:40,70,72,7076,36224
2023-12-18 13:17:41,69,72,7076,36224
2023-12-18 13:17:41,68,72,7076,36224
2023-12-18 13:17:41,69,72,7076,36224
2023-12-18 13:18:01,69,71,7076,36224
2023-12-18 13:18:02,68,71,7076,36224
2023-12-18 13:18:09,68,70,7076,36224
2023-12-18 13:18:10,68,71,7076,36224
2023-12-18 13:18:12,68,70,7076,36224
2023-12-18 13:18:18,68,71,7076,36224
2023-12-18 13:18:22,67,71,7336,36624
2023-12-18 13:18:22,67,70,7336,36624
2023-12-18 13:18:23,67,69,7336,36624
2023-12-18 13:18:32,67,71,7336,36624
2023-12-18 13:18:32,67,70,7336,36624
2023-12-18 13:19:05,68,70,7336,36624
2023-12-18 13:19:11,67,71,7336,36624
2023-12-18 13:19:11,68,71,7336,36624
2023-12-18 13:19:12,68,70,7336,36624
2023-12-18 13:19:13,67,70,7336,36624
2023-12-18 13:19:19,67,69,7336,36624
2023-12-18 13:19:31,67,70,7336,36624
2023-12-18 13:19:35,67,69,7336,36624
2023-12-18 13:19:36,67,70,7336,36624
2023-12-18 13:20:01,67,69,7336,36624
2023-12-18 13:20:21,67,68,7336,36624
2023-12-18 13:20:23,66,68,7336,36624
2023-12-18 13:20:28,66,69,7336,36624
2023-12-18 13:20:28,66,70,7336,36624
2023-12-18 13:20:28,66,69,7336,36624
2023-12-18 13:20:29,67,69,7336,36624
2023-12-18 13:20:29,67,70,7276,36684
2023-12-18 13:20:57,67,69,7276,36684
2023-12-18 13:20:57,66,69,7276,36684
2023-12-18 13:21:13,66,70,7076,36884
2023-12-18 13:21:14,67,70,7076,36884
2023-12-18 13:21:50,66,70,7076,36884
2023-12-18 13:21:59,66,69,7076,36884
2023-12-18 13:22:06,66,70,7076,36884
2023-12-18 13:22:12,66,69,7076,36884
2023-12-18 13:22:22,66,70,7076,36884
2023-12-18 13:22:24,67,70,7076,36884
2023-12-18 13:22:29,67,71,7076,36884
2023-12-18 13:22:33,67,70,7076,36884
2023-12-18 13:22:55,67,71,7076,36884
2023-12-18 13:23:07,68,71,7076,36884
2023-12-18 13:23:14,67,71,7076,36884
2023-12-18 13:23:15,68,71,7076,36884
2023-12-18 13:23:55,67,71,7076,36884
2023-12-18 13:24:24,68,71,7076,36884
2023-12-18 13:24:54,67,71,7076,36884
2023-12-18 13:24:55,68,71,7076,36884
2023-12-18 13:25:04,67,71,7076,36884
2023-12-18 13:25:16,66,71,7076,36884
2023-12-18 13:25:16,66,70,7076,36884
2023-12-18 13:25:17,67,70,7076,36884
2023-12-18 13:25:18,66,70,7076,36884
2023-12-18 13:25:20,67,70,7076,36884
2023-12-18 13:25:23,66,70,7076,36884
2023-12-18 13:25:28,66,69,7076,36884
2023-12-18 13:25:30,65,69,7671,37479
2023-12-18 13:25:31,65,68,7671,37479
2023-12-18 13:25:31,65,67,7671,37479
2023-12-18 13:25:33,65,67,7671,37479
2023-12-18 13:25:35,65,68,7540,37679
2023-12-18 13:25:42,64,68,7540,37679
2023-12-18 13:25:51,65,68,7540,37679
2023-12-18 13:25:55,64,68,7540,37679
2023-12-18 13:26:03,64,67,7540,37679
2023-12-18 13:26:07,62,67,8540,38679
2023-12-18 13:26:09,62,66,8540,38679
2023-12-18 13:26:11,62,67,8595,38934
2023-12-18 13:26:12,64,67,8595,38934
2023-12-18 13:26:27,64,66,8595,38934
2023-12-18 13:26:37,62,66,8595,38934
2023-12-18 13:26:37,62,65,8595,38934
2023-12-18 13:26:44,62,65,8595,39434
2023-12-18 13:26:50,63,65,8595,39434
2023-12-18 13:26:51,63,66,8595,39434
2023-12-18 13:26:51,63,66,8595,39434
2023-12-18 13:27:04,63,67,8595,39434
2023-12-18 13:27:04,63,65,8595,39434
2023-12-18 13:27:09,63,66,8595,39929
2023-12-18 13:27:11,62,66,8595,39929
2023-12-18 13:27:19,62,65,8595,39929
2023-12-18 13:27:26,62,66,8595,39929
2023-12-18 13:27:38,62,67,8595,39929
2023-12-18 13:27:38,63,67,8595,39929
2023-12-18 13:27:50,64,67,8595,39929
2023-12-18 13:28:04,65,67,8595,39929
2023-12-18 13:28:05,65,68,8595,39929
2023-12-18 13:28:08,64,68,8595,39929
2023-12-18 13:28:33,65,68,8595,39929
2023-12-18 13:28:39,65,69,8595,39929
2023-12-18 13:28:47,65,69,8595,39929
2023-12-18 13:28:54,65,68,8595,39929
2023-12-18 13:28:55,64,68,8595,39929
2023-12-18 13:28:59,63,68,8595,39929
2023-12-18 13:28:59,63,67,8595,39929
2023-12-18 13:29:01,63,68,8595,39929
2023-12-18 13:29:01,64,68,8595,39929
2023-12-18 13:29:05,65,68,8595,39929
2023-12-18 13:29:29,64,68,8595,39929
2023-12-18 13:29:30,65,68,8595,39929
2023-12-18 13:29:33,64,68,8595,39929
2023-12-18 13:29:35,65,68,8595,39929
2023-12-18 13:29:50,64,68,8595,39929
2023-12-18 13:29:52,63,68,8595,39929
2023-12-18 13:29:54,63,68,8595,39929
2023-12-18 13:29:54,64,68,8595,39929
2023-12-18 13:30:01,63,68,8595,39929
2023-12-18 13:30:01,63,67,8595,39929
2023-12-18 13:30:05,62,67,8595,39929
2023-12-18 13:30:07,63,67,8595,39929
2023-12-18 13:30:08,62,67,8595,39929
2023-12-18 13:30:09,62,66,8595,39929
2023-12-18 13:30:11,62,67,8595,39929
2023-12-18 13:30:11,63,67,8595,39929
2023-12-18 13:30:17,62,67,8595,39929
2023-12-18 13:30:22,63,67,8595,39929
2023-12-18 13:30:24,62,67,8595,39929
2023-12-18 13:30:24,62,66,8595,39929
2023-12-18 13:30:58,62,67,8595,39929
2023-12-18 13:30:58,63,67,8595,39929
2023-12-18 13:30:59,62,67,8595,39929
2023-12-18 13:30:59,62,66,8595,39929
2023-12-18 13:31:20,63,66,8595,39929
2023-12-18 13:31:20,63,67,8595,39929
2023-12-18 13:31:27,62,67,8595,39929
2023-12-18 13:31:27,62,66,8595,39929
2023-12-18 13:31:30,62,67,8595,39929
2023-12-18 13:31:31,63,67,8595,39929
2023-12-18 13:31:33,62,67,8595,39929
2023-12-18 13:31:34,62,66,8595,39929
2023-12-18 13:31:49,62,65,8595,39929
2023-12-18 13:31:50,62,66,8595,39929
2023-12-18 13:32:38,62,67,8595,39929
2023-12-18 13:32:45,62,66,8595,39929
2023-12-18 13:33:00,62,65,8595,39929
2023-12-18 13:33:01,61,65,8595,39929
2023-12-18 13:33:11,61,66,8595,39929
2023-12-18 13:33:11,62,66,8595,39929
2023-12-18 13:33:13,63,66,8595,39929
2023-12-18 13:33:17,62,66,8595,39929
2023-12-18 13:33:18,64,66,8595,39929
2023-12-18 13:33:19,64,68,8595,39929
2023-12-18 13:33:24,65,68,8595,39929
2023-12-18 13:33:28,64,68,8595,39929
2023-12-18 13:33:31,64,67,8595,39929
2023-12-18 13:33:33,64,68,8595,39929
2023-12-18 13:33:35,65,68,8595,39929
2023-12-18 13:33:51,64,68,8595,39929
2023-12-18 13:33:55,65,68,8595,39929
2023-12-18 13:33:56,64,68,8595,39929
2023-12-18 13:33:57,65,68,8595,39929
2023-12-18 13:34:05,64,68,8595,39929
2023-12-18 13:34:10,65,68,8595,39929
2023-12-18 13:34:14,64,68,8595,39929
2023-12-18 13:34:15,65,68,8595,39929
2023-12-18 13:34:20,64,68,8595,39929
2023-12-18 13:34:21,65,68,8595,39929
2023-12-18 13:34:22,64,68,8595,39929
2023-12-18 13:34:28,64,67,8595,39929
2023-12-18 13:34:30,64,68,8595,39929
2023-12-18 13:34:46,65,68,8595,39929
2023-12-18 13:34:57,64,68,8595,39929
2023-12-18 13:35:01,65,68,8595,39929
2023-12-18 13:35:02,64,68,8595,39929
2023-12-18 13:35:03,65,68,8595,39929
2023-12-18 13:35:06,64,68,8595,39929
2023-12-18 13:35:07,65,68,8595,39929
2023-12-18 13:35:08,64,68,8595,39929
2023-12-18 13:35:13,64,67,8595,39929
2023-12-18 13:35:15,64,68,8595,39929
2023-12-18 13:35:18,64,67,8595,39929
2023-12-18 13:35:20,64,68,8595,39929
2023-12-18 13:35:34,65,68,8595,39929
2023-12-18 13:35:35,64,68,8595,39929
2023-12-18 13:35:49,65,68,8595,39929
2023-12-18 13:35:51,64,68,8595,39929
2023-12-18 13:35:53,65,68,8595,39929
2023-12-18 13:36:00,64,68,8595,39929
2023-12-18 13:36:36,65,68,8595,39929
2023-12-18 13:36:41,65,70,8595,39929
2023-12-18 13:36:41,66,70,8595,39929
2023-12-18 13:36:42,67,70,8595,39929
2023-12-18 13:37:04,68,71,8595,39929
2023-12-18 13:37:06,67,71,8595,39929
2023-12-18 13:37:07,68,71,8595,39929
2023-12-18 13:37:10,67,71,8595,39929
2023-12-18 13:37:31,66,71,8595,39929
2023-12-18 13:37:31,66,70,8595,39929
2023-12-18 13:37:32,66,71,8595,39929
2023-12-18 13:37:32,67,71,8595,39929
2023-12-18 13:37:33,66,71,8595,39929
2023-12-18 13:37:33,66,70,8595,39929
2023-12-18 13:37:41,65,70,8595,39929
2023-12-18 13:37:41,65,69,8595,39929
2023-12-18 13:37:54,65,70,8595,39929
2023-12-18 13:37:54,66,70,8595,39929
2023-12-18 13:37:55,65,70,8595,39929
2023-12-18 13:37:55,65,69,8595,39929
2023-12-18 13:37:56,65,70,8595,39929
2023-12-18 13:37:56,65,69,8595,39929
2023-12-18 13:37:59,65,70,8595,39929
2023-12-18 13:38:00,65,69,8595,39929
2023-12-18 13:38:09,65,70,8595,39929
2023-12-18 13:38:09,66,70,8595,39929
2023-12-18 13:38:11,65,70,8595,39929
2023-12-18 13:38:13,66,70,8595,39929
2023-12-18 13:38:40,66,71,8595,39929
2023-12-18 13:38:46,68,71,8595,39929
2023-12-18 13:38:55,68,72,8595,39929
2023-12-18 13:38:55,69,72,8595,39929
2023-12-18 13:39:04,69,73,8595,39929
2023-12-18 13:39:13,69,74,8595,39929
2023-12-18 13:39:13,70,74,8595,39929
2023-12-18 13:39:29,71,74,8595,39929
2023-12-18 13:39:38,72,74,8595,39929
2023-12-18 13:39:39,72,75,8595,39929
2023-12-18 13:39:45,71,75,8595,40129
2023-12-18 13:39:47,71,74,8595,40129
2023-12-18 13:39:49,70,74,8595,40329
2023-12-18 13:39:50,70,72,8595,40329
2023-12-18 13:39:58,71,72,8595,40329
2023-12-18 13:40:03,70,72,8595,40329
2023-12-18 13:40:14,69,72,8595,40329
2023-12-18 13:40:21,68,72,8595,40329
2023-12-18 13:40:23,68,71,8595,40329
2023-12-18 13:40:24,68,72,8595,40329
2023-12-18 13:40:25,69,72,8595,40329
2023-12-18 13:40:27,68,72,8595,40329
2023-12-18 13:40:29,69,72,8595,40329
2023-12-18 13:41:08,69,74,8595,40329
2023-12-18 13:41:11,69,73,8595,40329
2023-12-18 13:41:17,68,73,8595,40329
2023-12-18 13:41:18,68,72,8595,40329
2023-12-18 13:41:23,68,73,8595,40329
2023-12-18 13:41:23,68,72,8595,40329
2023-12-18 13:41:33,68,73,8595,40329
2023-12-18 13:41:40,68,73,8595,40329
2023-12-18 13:41:40,68,72,8595,40329
2023-12-18 13:41:45,68,73,8595,40329
2023-12-18 13:41:46,68,72,8595,40329
2023-12-18 13:41:51,68,73,8595,40329
2023-12-18 13:41:56,68,72,8595,40329
2023-12-18 13:41:59,68,73,8595,40329
2023-12-18 13:42:05,68,72,8595,40329
2023-12-18 13:42:14,69,72,8595,40329
2023-12-18 13:42:15,69,73,8595,40329
2023-12-18 13:42:21,70,73,8595,40329
2023-12-18 13:42:30,70,74,8595,40329
2023-12-18 13:42:32,71,74,8595,40329
2023-12-18 13:42:36,71,75,8595,40329
2023-12-18 13:42:37,72,75,8595,40329
2023-12-18 13:42:50,72,74,8595,40329
2023-12-18 13:42:50,71,74,8595,40329
2023-12-18 13:42:54,72,74,8595,40329
2023-12-18 13:42:57,72,75,8595,40329
2023-12-18 13:43:23,73,75,8595,40329
2023-12-18 13:43:53,72,75,8595,40329
2023-12-18 13:44:01,71,75,8595,40329
2023-12-18 13:44:34,72,75,8595,40329
2023-12-18 13:44:36,71,75,8595,40329
2023-12-18 13:44:56,71,74,8595,40329
2023-12-18 13:44:57,70,74,8595,40329
2023-12-18 13:45:01,71,74,8595,40329
2023-12-18 13:45:01,71,75,8595,40329
2023-12-18 13:45:31,70,75,8595,40329
2023-12-18 13:45:31,70,74,8595,40329
2023-12-18 13:45:53,70,75,8595,40329
2023-12-18 13:45:54,70,74,8595,40329
2023-12-18 13:46:02,70,73,8595,40329
2023-12-18 13:46:06,70,74,8595,40329
2023-12-18 13:46:34,70,75,8595,40329
2023-12-18 13:46:39,71,75,8595,40329
2023-12-18 13:46:40,70,75,8595,40329
2023-12-18 13:46:46,70,74,8595,40329
2023-12-18 13:46:58,70,73,8595,40329
2023-12-18 13:46:59,70,74,8595,40329
2023-12-18 13:48:17,70,75,8595,40329
2023-12-18 13:48:18,70,74,8595,40329
2023-12-18 13:48:25,70,73,8595,40329
2023-12-18 13:48:27,70,74,8595,40329
2023-12-18 13:48:32,70,73,8595,40329
2023-12-18 13:48:35,69,73,8595,40329
2023-12-18 13:49:03,69,74,8595,40329
2023-12-18 13:49:04,69,73,8595,40329
2023-12-18 13:49:16,70,73,8595,40329
2023-12-18 13:49:18,70,74,8595,40329
2023-12-18 13:49:20,71,74,8595,40329
2023-12-18 13:49:32,70,74,8595,40329
2023-12-18 13:49:41,70,73,8595,40329
2023-12-18 13:49:41,69,73,8595,40329
2023-12-18 13:50:22,68,73,8595,40329
2023-12-18 13:50:22,68,71,8595,40329
2023-12-18 13:50:46,68,72,8595,40329
2023-12-18 13:51:55,68,71,8595,40329
2023-12-18 13:51:59,66,71,8595,40329
2023-12-18 13:52:04,67,71,8595,40329
2023-12-18 13:52:07,67,72,8595,40329
2023-12-18 13:52:38,67,72,8595,40929
2023-12-18 13:52:38,67,71,8595,40929
2023-12-18 13:52:38,66,71,8595,40929
2023-12-18 13:52:41,67,71,8595,40929
2023-12-18 13:52:44,68,71,8595,40929
2023-12-18 13:53:04,66,71,8595,40929
2023-12-18 13:53:05,66,70,8595,40929
2023-12-18 13:53:30,65,70,8595,40929
2023-12-18 13:53:32,66,70,8595,40929
2023-12-18 13:53:38,65,70,8595,40929
2023-12-18 13:53:40,65,69,8595,40929
2023-12-18 13:53:43,65,70,8595,40929
2023-12-18 13:53:43,66,70,8595,40929
2023-12-18 13:53:44,65,70,8595,40929
2023-12-18 13:53:44,65,69,8595,40929
2023-12-18 13:53:47,65,70,8595,41329
2023-12-18 13:53:49,66,70,8595,41329
2023-12-18 13:53:51,66,70,8595,41329
2023-12-18 13:53:52,65,70,8595,41329
2023-12-18 13:53:53,65,71,8595,41329
2023-12-18 13:53:53,66,71,8595,41329
2023-12-18 13:54:22,66,72,8595,41329
2023-12-18 13:54:23,68,72,8595,41329
2023-12-18 13:54:36,68,71,8595,41329
2023-12-18 13:54:37,68,72,8595,41329
2023-12-18 13:54:42,68,71,8595,41329
2023-12-18 13:55:00,66,71,8595,41329
2023-12-18 13:55:14,67,71,8595,41329
2023-12-18 13:55:15,67,72,8595,41329
2023-12-18 13:55:15,68,72,8595,41329
2023-12-18 13:55:38,69,72,8595,41329
2023-12-18 13:55:44,68,72,8595,41329
2023-12-18 13:55:58,69,72,8595,41329
2023-12-18 13:56:09,68,72,8595,41329
2023-12-18 13:56:10,69,72,8595,41329
2023-12-18 13:56:13,69,74,8595,41329
2023-12-18 13:56:20,69,74,8595,41329
2023-12-18 13:56:20,69,73,8595,41329
2023-12-18 13:56:23,69,74,8595,41329
2023-12-18 13:56:23,70,74,8595,41329
2023-12-18 13:56:30,70,75,8595,41329
2023-12-18 13:56:44,70,74,8595,41329
2023-12-18 13:57:02,70,75,8595,41329
2023-12-18 13:57:03,70,74,8595,41329
2023-12-18 13:57:10,70,75,8595,41329
2023-12-18 13:57:12,70,74,8595,41329
2023-12-18 13:57:20,70,75,8595,41329
2023-12-18 13:57:23,70,74,8595,41329
2023-12-18 13:57:25,70,75,8595,41329
2023-12-18 13:57:55,70,74,8595,41329
2023-12-18 13:58:03,69,74,8595,41329
2023-12-18 13:58:05,70,74,8595,41329
2023-12-18 13:58:08,69,74,8595,41329
2023-12-18 13:58:09,70,74,8595,41329
2023-12-18 13:58:12,69,74,8595,41329
2023-12-18 13:58:13,70,74,8595,41329
2023-12-18 13:58:14,69,74,8595,41329
2023-12-18 13:58:22,70,74,8595,41329
2023-12-18 13:58:37,69,74,8595,41329
2023-12-18 13:58:37,69,73,8595,41329
2023-12-18 13:58:49,68,73,8595,41329
2023-12-18 13:58:50,69,73,8595,41329
2023-12-18 13:58:51,68,73,8595,41329
2023-12-18 13:58:53,69,73,8595,41329
2023-12-18 13:58:56,68,73,8595,41329
2023-12-18 13:59:10,69,73,8595,41329
2023-12-18 13:59:13,68,73,8595,41329
2023-12-18 13:59:16,69,73,8595,41329
2023-12-18 13:59:20,68,73,8595,41329
2023-12-18 13:59:24,68,72,8595,41329
2023-12-18 13:59:25,68,73,8595,41329
2023-12-18 13:59:26,68,72,8595,41329
2023-12-18 13:59:33,68,71,8595,41329
2023-12-18 13:59:34,66,71,8595,41329
2023-12-18 13:59:43,66,69,8595,41329
2023-12-18 13:59:45,66,71,8595,41329
2023-12-18 14:00:00,66,69,8595,41329
2023-12-18 14:00:03,66,71,8595,41329
2023-12-18 14:00:05,67,71,8595,41329
2023-12-18 14:00:05,67,72,8595,41329
2023-12-18 14:00:08,67,71,8595,41329
2023-12-18 14:00:10,67,72,8595,41329
2023-12-18 14:00:12,68,72,8595,41329
2023-12-18 14:00:14,67,72,8595,41329
2023-12-18 14:00:17,68,72,8595,41329
2023-12-18 14:00:18,67,72,8595,41329
2023-12-18 14:00:34,66,72,8595,41329
2023-12-18 14:00:34,66,70,8595,41329
2023-12-18 14:00:48,66,72,8595,41329
2023-12-18 14:00:48,67,72,8595,41329
2023-12-18 14:00:53,66,72,8595,41329
2023-12-18 14:00:54,66,71,8595,41329
2023-12-18 14:00:54,66,70,8595,41329
2023-12-18 14:00:58,66,71,8595,41329
2023-12-18 14:00:59,66,72,8595,41329
2023-12-18 14:00:59,67,72,8595,41329
2023-12-18 14:01:28,66,72,8595,41329
2023-12-18 14:01:31,66,70,8595,41329
2023-12-18 14:01:40,66,69,8595,41329
2023-12-18 14:01:43,64,69,8595,41329
2023-12-18 14:01:49,65,69,8595,41329
2023-12-18 14:01:51,64,70,8595,41329
2023-12-18 14:01:51,64,69,8595,41329
2023-12-18 14:01:56,65,69,8595,41329
2023-12-18 14:01:56,65,70,8595,41329
2023-12-18 14:01:57,66,70,8595,41329
2023-12-18 14:02:27,67,70,8595,41329
2023-12-18 14:02:30,66,70,8595,41329
2023-12-18 14:02:31,67,70,8595,41329
2023-12-18 14:02:33,66,70,8595,41329
2023-12-18 14:02:51,67,70,8595,41329
2023-12-18 14:03:03,66,70,8595,41329
2023-12-18 14:03:09,67,70,8595,41329
2023-12-18 14:03:17,67,72,8595,41329
2023-12-18 14:03:20,66,72,8595,41329
2023-12-18 14:03:20,66,71,8595,41329
2023-12-18 14:03:23,66,70,8595,41329
2023-12-18 14:03:57,66,71,8595,41329
2023-12-18 14:04:02,67,71,8595,41329
2023-12-18 14:04:02,67,72,8595,41329
2023-12-18 14:04:15,66,72,8595,41329
2023-12-18 14:04:16,67,72,8595,41329
2023-12-18 14:04:23,66,72,8595,41329
2023-12-18 14:04:25,67,72,8595,41329
2023-12-18 14:04:33,66,72,8595,41329
2023-12-18 14:04:36,66,70,8595,41329
2023-12-18 14:04:46,66,69,8595,41329
2023-12-18 14:04:48,64,69,8595,41329
2023-12-18 14:05:17,64,68,8595,41329
2023-12-18 14:05:18,64,69,8595,41329
2023-12-18 14:05:19,64,68,8595,41329
2023-12-18 14:05:27,62,68,8595,41329
2023-12-18 14:05:31,63,68,8595,41329
2023-12-18 14:05:32,64,68,8595,41329
2023-12-18 14:05:32,64,69,8595,41329
2023-12-18 14:05:32,65,69,8595,41329
2023-12-18 14:05:33,65,70,8595,41329
2023-12-18 14:05:39,65,69,8595,41329
2023-12-18 14:05:41,65,70,8595,41329
2023-12-18 14:05:42,65,69,8595,41329
2023-12-18 14:05:44,65,70,8595,41329
2023-12-18 14:05:45,65,69,8595,41329
2023-12-18 14:05:46,64,69,8595,41329
2023-12-18 14:05:46,64,68,8595,41329
2023-12-18 14:05:47,64,69,8595,41329
2023-12-18 14:06:05,64,68,8595,41329
2023-12-18 14:06:13,64,69,8595,41329
2023-12-18 14:06:18,64,68,8595,41329
2023-12-18 14:06:20,62,68,8595,41329
2023-12-18 14:06:31,62,66,8595,41329
2023-12-18 14:06:33,61,66,8595,41329
2023-12-18 14:06:34,62,66,8595,41329
2023-12-18 14:06:35,62,68,8595,41329
2023-12-18 14:06:52,63,68,8595,41329
2023-12-18 14:06:57,63,69,8595,41329
2023-12-18 14:07:00,63,68,8595,41329
2023-12-18 14:07:04,62,68,8595,41329
2023-12-18 14:07:05,63,68,8595,41329
2023-12-18 14:07:09,62,68,8595,41329
2023-12-18 14:07:10,63,68,8595,41329
2023-12-18 14:07:12,62,68,8595,41329
2023-12-18 14:07:13,63,68,8595,41329
2023-12-18 14:07:16,63,69,8595,41329
2023-12-18 14:07:17,65,69,8595,41329
2023-12-18 14:07:35,65,70,8595,41329
2023-12-18 14:07:38,66,70,8595,41329
2023-12-18 14:07:42,66,71,8595,41329
2023-12-18 14:07:42,67,71,8595,41329
2023-12-18 14:07:42,67,72,8595,41329
2023-12-18 14:07:46,69,72,8595,41329
2023-12-18 14:07:46,69,73,8595,41329
2023-12-18 14:07:48,70,73,8595,41329
2023-12-18 14:07:50,70,74,8595,41329
2023-12-18 14:07:52,70,73,8595,41329
2023-12-18 14:07:53,69,73,8595,41329
2023-12-18 14:08:04,69,74,8595,41329
2023-12-18 14:08:04,70,74,8595,41329
2023-12-18 14:08:08,70,73,8595,41329
2023-12-18 14:08:09,69,74,8595,41329
2023-12-18 14:08:09,70,74,8595,41329
2023-12-18 14:08:10,69,74,8595,41329
2023-12-18 14:08:11,70,74,8595,41329
2023-12-18 14:08:14,69,74,8595,41329
2023-12-18 14:08:15,70,74,8595,41329
2023-12-18 14:08:18,70,75,8595,41329
2023-12-18 14:08:18,71,75,8595,41329
2023-12-18 14:08:21,71,74,8595,41329
2023-12-18 14:08:25,70,75,8595,41329
2023-12-18 14:08:27,71,75,8595,41329
2023-12-18 14:08:28,70,75,8595,41329
2023-12-18 14:08:30,71,75,8595,41329
2023-12-18 14:08:37,71,76,8595,41329
2023-12-18 14:08:40,73,76,8595,41329
2023-12-18 14:09:06,71,76,8595,41329
2023-12-18 14:09:06,71,75,8595,41329
2023-12-18 14:09:07,70,75,8595,41329
2023-12-18 14:09:08,70,74,8595,41329
2023-12-18 14:09:09,70,73,8595,41329
2023-12-18 14:09:12,70,74,8595,41329
2023-12-18 14:09:20,70,73,8595,41329
2023-12-18 14:09:23,69,73,8595,41329
2023-12-18 14:09:26,68,73,8595,41329
2023-12-18 14:09:36,69,73,8595,41329
2023-12-18 14:09:38,69,74,8595,41329
2023-12-18 14:09:50,69,73,8595,41329
2023-12-18 14:09:52,69,74,8595,41329
2023-12-18 14:10:01,70,74,8595,41329
2023-12-18 14:10:03,69,74,8595,41329
2023-12-18 14:10:04,70,74,8595,41329
2023-12-18 14:10:10,69,74,8595,41329
2023-12-18 14:10:20,70,74,8595,41329
2023-12-18 14:10:22,70,75,8595,41329
2023-12-18 14:10:27,70,74,8595,41329
2023-12-18 14:10:28,70,75,8595,41329
2023-12-18 14:10:29,70,74,8595,41329
2023-12-18 14:10:31,69,74,8595,41329
2023-12-18 14:10:32,70,74,8595,41329
2023-12-18 14:10:37,69,74,8595,41329
2023-12-18 14:10:39,70,74,8595,41329
2023-12-18 14:10:40,70,75,8595,41329
2023-12-18 14:10:41,70,74,8595,41329
2023-12-18 14:10:46,69,74,8595,41329
2023-12-18 14:10:53,69,73,8595,41329
2023-12-18 14:10:54,68,73,8595,41329
2023-12-18 14:10:58,69,73,8595,41329
2023-12-18 14:11:00,69,74,8595,41329
2023-12-18 14:11:01,68,74,8595,41329
2023-12-18 14:11:01,68,73,8595,41329
2023-12-18 14:11:05,68,72,8595,41329
2023-12-18 14:11:07,68,73,8595,41329
2023-12-18 14:11:15,68,72,8595,41329
2023-12-18 14:11:25,67,72,8595,41329
2023-12-18 14:11:29,66,72,8595,41329
2023-12-18 14:11:29,66,70,8595,41329
2023-12-18 14:11:35,67,70,8595,41329
2023-12-18 14:11:57,66,72,8595,41329
2023-12-18 14:11:59,67,72,8595,41329
2023-12-18 14:12:01,67,73,8595,41329
2023-12-18 14:12:07,68,72,8595,41329
2023-12-18 14:12:18,66,72,8595,41329
2023-12-18 14:12:22,66,70,8595,41329
2023-12-18 14:12:31,66,72,8595,41329
2023-12-18 14:12:32,67,72,8595,41329
2023-12-18 14:12:40,67,73,8595,41329
2023-12-18 14:12:46,67,73,8595,41329
2023-12-18 14:12:47,67,72,8595,41329
2023-12-18 14:12:48,67,73,8595,41329
2023-12-18 14:12:50,68,73,8595,41329
2023-12-18 14:12:51,67,73,8595,41329
2023-12-18 14:12:52,67,72,8595,41329
2023-12-18 14:13:00,66,72,8595,41329
2023-12-18 14:13:01,67,72,8595,41329
2023-12-18 14:13:05,66,72,8595,41329
2023-12-18 14:13:06,66,70,8595,41329
2023-12-18 14:13:44,66,69,8595,41329
2023-12-18 14:13:47,64,69,8595,41329
2023-12-18 14:13:54,64,68,8595,41329
2023-12-18 14:13:54,63,68,8595,41329
2023-12-18 14:14:07,63,69,8595,41329
2023-12-18 14:14:09,64,69,8595,41329
2023-12-18 14:14:10,63,69,8595,41329
2023-12-18 14:14:11,64,69,8595,41329
2023-12-18 14:14:11,65,69,8595,41329
2023-12-18 14:14:39,65,70,8595,41329
2023-12-18 14:14:40,65,69,8595,41329
2023-12-18 14:14:42,65,70,8595,41329
2023-12-18 14:14:52,66,70,8595,41329
2023-12-18 14:14:59,66,71,8595,41329
2023-12-18 14:14:59,67,71,8595,41329
2023-12-18 14:15:02,66,71,8595,41329
2023-12-18 14:15:03,67,71,8595,41329
2023-12-18 14:15:05,66,71,8595,41329
2023-12-18 14:15:08,66,70,8595,41329
2023-12-18 14:15:11,66,71,8595,41329
2023-12-18 14:15:12,66,70,8595,41329
2023-12-18 14:15:13,66,71,8595,41329
2023-12-18 14:15:14,66,70,8595,41329
2023-12-18 14:15:18,65,70,8595,41329
2023-12-18 14:15:21,66,70,8595,41329
2023-12-18 14:15:24,66,71,8595,41329
2023-12-18 14:15:37,66,70,8595,41329
2023-12-18 14:15:39,65,70,8595,41329
2023-12-18 14:15:40,66,70,8595,41329
2023-12-18 14:15:44,66,71,8595,41329
2023-12-18 14:15:45,66,70,8595,41329
2023-12-18 14:15:59,66,71,8595,41329
2023-12-18 14:16:11,67,71,8595,41329
2023-12-18 14:16:14,67,72,8595,41329
2023-12-18 14:16:15,69,72,8595,41329
2023-12-18 14:16:26,69,73,8595,41329
2023-12-18 14:16:32,69,72,8595,41329
2023-12-18 14:16:36,69,73,8595,41329
2023-12-18 14:16:46,69,72,8595,41329
2023-12-18 14:16:49,69,73,8595,41329
2023-12-18 14:16:54,67,73,8595,41329
2023-12-18 14:16:54,67,72,8595,41329
2023-12-18 14:16:58,66,72,8595,41329
2023-12-18 14:17:03,67,72,8595,41329
2023-12-18 14:17:07,67,73,8595,41329
2023-12-18 14:17:07,68,73,8595,41329
2023-12-18 14:17:43,68,74,8595,41329
2023-12-18 14:17:44,70,74,8595,41329
2023-12-18 14:17:56,70,75,8595,41329
2023-12-18 14:17:56,71,75,8595,41329
2023-12-18 14:18:16,70,75,8595,41329
2023-12-18 14:18:27,71,75,8595,41329
2023-12-18 14:18:38,71,76,8595,41329
2023-12-18 14:18:39,72,76,8595,41329
2023-12-18 14:18:40,71,76,8595,41329
2023-12-18 14:18:41,72,76,8595,41329
2023-12-18 14:18:42,71,76,8595,41329
2023-12-18 14:18:43,72,76,8595,41329
2023-12-18 14:19:21,71,76,8595,41329
2023-12-18 14:19:22,71,75,8595,41329
2023-12-18 14:19:26,70,75,8595,41329
2023-12-18 14:19:30,70,74,8595,41329
2023-12-18 14:19:31,70,75,8595,41329
2023-12-18 14:19:36,71,75,8595,41329
2023-12-18 14:19:37,70,75,8595,41329
2023-12-18 14:19:42,70,74,8595,41329
2023-12-18 14:19:44,70,75,8595,41329
2023-12-18 14:19:45,70,74,8595,41329
2023-12-18 14:19:59,70,75,8595,41329
2023-12-18 14:20:05,70,74,8595,41329
2023-12-18 14:20:07,70,75,8595,41329
2023-12-18 14:20:08,70,74,8595,41329
2023-12-18 14:20:20,70,73,8595,41329
2023-12-18 14:20:20,70,71,8595,41329
2023-12-18 14:20:20,67,71,8595,41329
2023-12-18 14:20:32,66,71,8595,41329
2023-12-18 14:20:36,66,70,8595,41329
2023-12-18 14:20:38,65,70,8595,41329
2023-12-18 14:20:39,65,68,8595,41329
2023-12-18 14:20:39,64,68,8595,41329
2023-12-18 14:20:44,64,67,8595,41329
2023-12-18 14:20:46,63,67,8595,41329
2023-12-18 14:20:50,63,68,8595,41529
2023-12-18 14:20:51,65,68,8595,41529
2023-12-18 14:20:54,65,69,8595,41529
2023-12-18 14:20:56,65,70,8595,41529
2023-12-18 14:21:06,65,71,8595,41529
2023-12-18 14:21:07,65,70,8595,41529
2023-12-18 14:21:09,65,71,8595,41529
2023-12-18 14:21:12,65,70,8595,41529
2023-12-18 14:21:15,65,71,8595,41529
2023-12-18 14:21:16,64,71,8595,41529
2023-12-18 14:21:16,64,69,8595,41529
2023-12-18 14:21:18,64,68,8595,41529
2023-12-18 14:21:21,64,69,8595,41529
2023-12-18 14:21:25,64,68,8595,41529
2023-12-18 14:21:26,64,69,8595,41529
2023-12-18 14:21:33,65,69,8595,41529
2023-12-18 14:21:35,64,69,8595,41529
2023-12-18 14:21:43,64,68,8595,41529
2023-12-18 14:21:51,62,68,8595,41529
2023-12-18 14:22:03,63,68,8595,41529
2023-12-18 14:22:03,63,69,8595,41529
2023-12-18 14:22:03,64,69,8595,41529
2023-12-18 14:22:20,63,69,8595,41529
2023-12-18 14:22:20,63,68,8595,41529
2023-12-18 14:22:21,62,68,8595,41529
2023-12-18 14:22:33,61,68,8595,41529
2023-12-18 14:22:40,62,68,8595,41529
2023-12-18 14:22:41,61,68,8595,41529
2023-12-18 14:22:42,61,67,8595,41529
2023-12-18 14:22:44,61,68,8595,41529
2023-12-18 14:22:45,62,68,8595,41529
2023-12-18 14:22:47,61,68,8595,41529
2023-12-18 14:22:53,62,68,8595,41529
2023-12-18 14:22:58,61,68,8595,41529
2023-12-18 14:22:59,61,67,8595,41529
2023-12-18 14:23:01,61,68,8595,41529
2023-12-18 14:23:02,62,68,8595,41529
2023-12-18 14:23:04,61,68,8595,41529
2023-12-18 14:23:07,61,67,8595,41529
2023-12-18 14:23:16,60,67,8595,41529
2023-12-18 14:23:16,60,65,8595,41529
2023-12-18 14:23:17,60,63,8595,41529
2023-12-18 14:23:18,59,63,8595,41529
2023-12-18 14:23:29,57,63,8595,41529
2023-12-18 14:23:31,57,62,8595,41529
2023-12-18 14:23:33,57,60,8595,41529
2023-12-18 14:23:34,55,60,8595,41529
2023-12-18 14:23:38,58,60,8595,41529
2023-12-18 14:23:42,55,60,8595,41529
2023-12-18 14:23:44,58,60,8595,41529
2023-12-18 14:23:45,55,60,8595,41529
2023-12-18 14:23:45,58,60,8595,41529
2023-12-18 14:23:46,55,60,8595,41529
2023-12-18 14:23:48,57,60,8595,41529
2023-12-18 14:23:50,57,59,8595,41529
2023-12-18 14:23:50,54,59,8595,41529
2023-12-18 14:23:52,53,59,8595,41529
2023-12-18 14:23:53,54,59,8595,41529
2023-12-18 14:23:54,54,60,8595,41529
2023-12-18 14:23:55,54,59,8595,41529
2023-12-18 14:23:59,54,60,8595,41529
2023-12-18 14:24:02,54,59,8595,41529
2023-12-18 14:24:05,54,60,8595,41529
2023-12-18 14:24:10,54,59,8595,41529
2023-12-18 14:24:11,53,59,8595,41529
2023-12-18 14:24:20,54,59,8595,41529
2023-12-18 14:24:21,54,57,8595,41529
2023-12-18 14:24:21,52,57,8595,41529
2023-12-18 14:24:22,51,57,8595,41529
2023-12-18 14:24:23,53,57,8595,41529
2023-12-18 14:24:24,53,55,8595,41529
2023-12-18 14:24:24,51,55,8595,41529
2023-12-18 14:24:25,52,55,8595,41529
2023-12-18 14:24:26,50,55,8595,41529
2023-12-18 14:24:27,49,55,8595,41529
2023-12-18 14:24:27,49,54,8595,41529
2023-12-18 14:24:29,48,54,8595,41529
2023-12-18 14:24:29,48,53,8595,41529
2023-12-18 14:24:30,50,53,8595,41529
2023-12-18 14:24:32,48,53,8595,41529
2023-12-18 14:24:34,49,53,8595,41529
2023-12-18 14:24:34,49,54,8595,41529
2023-12-18 14:24:34,49,51,8595,41529
2023-12-18 14:24:35,49,54,8595,41729
2023-12-18 14:24:35,49,53,8595,41729
2023-12-18 14:24:36,49,54,8595,41729
2023-12-18 14:24:37,47,54,8595,41729
2023-12-18 14:24:38,48,54,8595,41729
2023-12-18 14:24:38,49,54,8595,41729
2023-12-18 14:24:41,48,54,8595,41729
2023-12-18 14:24:47,48,55,8595,41729
2023-12-18 14:24:48,49,55,8595,41729
2023-12-18 14:24:49,50,55,8595,41729
2023-12-18 14:24:49,51,55,8595,41729
2023-12-18 14:24:49,51,57,8595,41929
2023-12-18 14:24:50,52,57,8595,41929
2023-12-18 14:24:54,51,57,8595,41929
2023-12-18 14:24:54,51,56,8595,41929
2023-12-18 14:25:01,51,57,8595,41929
2023-12-18 14:25:02,51,56,8595,41929
2023-12-18 14:25:03,51,57,8595,41929
2023-12-18 14:25:05,52,57,8595,41929
2023-12-18 14:25:08,51,57,8595,41929
2023-12-18 14:25:08,51,56,8595,41929
2023-12-18 14:25:10,51,57,8595,41929
2023-12-18 14:25:16,52,57,8595,41929
2023-12-18 14:25:19,52,58,8595,41929
2023-12-18 14:25:19,52,59,8595,41929
2023-12-18 14:25:19,54,59,8595,41929
2023-12-18 14:25:31,52,59,8595,41929
2023-12-18 14:25:34,53,59,8595,41929
2023-12-18 14:25:34,54,59,8595,41929
2023-12-18 14:25:34,54,60,8595,41929
2023-12-18 14:25:36,54,59,8595,41929
2023-12-18 14:25:43,54,60,8595,41929
2023-12-18 14:25:53,54,59,8595,41929
2023-12-18 14:25:54,54,60,8595,41929
2023-12-18 14:26:03,54,59,8595,41929
2023-12-18 14:26:05,54,60,8595,41929
2023-12-18 14:26:12,55,60,8595,41929
2023-12-18 14:26:13,55,61,8595,41929
2023-12-18 14:26:17,57,61,8595,41929
2023-12-18 14:26:17,57,62,8595,41929
2023-12-18 14:26:21,57,63,8595,41929
2023-12-18 14:26:21,58,63,8595,41929
2023-12-18 14:26:40,57,63,8595,41929
2023-12-18 14:26:46,58,63,8595,41929
2023-12-18 14:26:49,57,63,8595,41929
2023-12-18 14:26:50,57,62,8595,41929
2023-12-18 14:27:02,57,63,8595,41929
2023-12-18 14:27:05,58,63,8595,41929
2023-12-18 14:27:09,57,63,8595,41929
2023-12-18 14:27:10,58,63,8595,41929
2023-12-18 14:27:17,61,63,8595,41929
2023-12-18 14:27:17,61,65,8595,41929
2023-12-18 14:27:17,61,65,8895,42429
2023-12-18 14:27:18,63,65,8895,42429
2023-12-18 14:27:18,63,66,9095,42629
2023-12-18 14:27:18,65,66,9095,42629
2023-12-18 14:27:18,65,67,9095,42629
2023-12-18 14:27:18,65,69,9095,42629
2023-12-18 14:27:19,63,69,9095,42629
2023-12-18 14:27:19,64,69,9095,42629
2023-12-18 14:27:20,63,69,9095,42629
2023-12-18 14:27:20,65,69,9095,42629
2023-12-18 14:27:21,63,69,9095,42629
2023-12-18 14:27:21,64,69,9095,42629
2023-12-18 14:27:22,64,68,9095,42629
2023-12-18 14:27:23,63,68,9095,42629
2023-12-18 14:27:29,62,68,9095,42629
2023-12-18 14:27:29,64,68,9095,42629
2023-12-18 14:27:29,67,68,9095,42629
2023-12-18 14:27:29,67,69,9295,42829
2023-12-18 14:27:29,67,70,9295,42829
2023-12-18 14:27:29,67,71,9295,42829
2023-12-18 14:27:29,67,72,9295,42829
2023-12-18 14:27:29,67,70,9295,42829
2023-12-18 14:27:29,67,71,9295,42829
2023-12-18 14:27:29,67,72,9295,42829
2023-12-18 14:27:30,68,72,9295,42829
2023-12-18 14:27:30,70,72,9295,42829
2023-12-18 14:27:30,70,73,9295,42829
2023-12-18 14:27:31,69,73,9295,42829
2023-12-18 14:27:32,70,73,9295,42829
2023-12-18 14:27:43,69,73,9295,42829
2023-12-18 14:27:44,70,73,9295,42829
2023-12-18 14:27:52,69,73,9295,42829
2023-12-18 14:27:52,69,72,9295,42829
2023-12-18 14:27:55,68,72,9295,42829
2023-12-18 14:27:55,67,72,9295,42829
2023-12-18 14:27:55,67,71,9295,42829
2023-12-18 14:27:55,68,71,9295,42829
2023-12-18 14:27:56,68,71,8795,43329
2023-12-18 14:27:57,67,71,8595,43529
2023-12-18 14:28:02,66,71,8595,43529
2023-12-18 14:28:04,66,70,8595,43529
2023-12-18 14:28:11,65,70,8595,43529
2023-12-18 14:28:17,66,70,8595,43529
2023-12-18 14:28:19,66,71,8595,43529
2023-12-18 14:28:20,67,71,8595,43529
2023-12-18 14:28:21,67,72,8595,43529
2023-12-18 14:28:24,68,72,8595,43529
2023-12-18 14:28:26,67,72,8595,43529
2023-12-18 14:28:27,68,72,8595,43529
2023-12-18 14:28:29,67,72,8595,43529
2023-12-18 14:28:31,68,72,8595,43529
2023-12-18 14:28:39,68,73,8595,43529
2023-12-18 14:28:46,68,72,8595,43529
2023-12-18 14:28:49,68,73,8595,43529
2023-12-18 14:28:51,68,72,8595,43529
2023-12-18 14:28:58,67,72,8595,43529
2023-12-18 14:29:00,68,72,8595,43529
2023-12-18 14:29:03,68,73,8595,43529
2023-12-18 14:29:04,68,72,8595,43529
2023-12-18 14:29:12,67,72,8595,43529
2023-12-18 14:29:13,67,72,8595,43529
2023-12-18 14:29:21,68,72,8595,43529
2023-12-18 14:29:26,67,72,8595,43529
2023-12-18 14:29:30,67,71,8595,43529
2023-12-18 14:29:31,67,72,8595,43529
2023-12-18 14:29:34,68,72,8595,43529
2023-12-18 14:29:37,68,73,8595,43529
2023-12-18 14:29:38,69,73,8595,43529
2023-12-18 14:29:40,68,73,8595,43529
2023-12-18 14:29:48,69,73,8595,43529
2023-12-18 14:29:50,68,73,8595,43529
2023-12-18 14:29:58,69,73,8595,43529
2023-12-18 14:29:59,68,73,8595,43529
2023-12-18 14:30:01,68,72,8595,43529
2023-12-18 14:30:01,67,72,8595,43529
2023-12-18 14:30:03,68,72,8595,43529
2023-12-18 14:30:06,68,73,8595,43529
2023-12-18 14:30:08,68,72,8595,43529
2023-12-18 14:30:10,68,73,8595,43529
2023-12-18 14:30:11,68,72,8595,43529
2023-12-18 14:30:15,67,72,8595,43529
2023-12-18 14:30:19,68,72,8595,43529
2023-12-18 14:30:20,67,72,8595,43529
2023-12-18 14:30:29,68,72,8595,43529
2023-12-18 14:30:42,68,73,8595,43529
2023-12-18 14:30:43,69,73,8595,43529
2023-12-18 14:30:44,68,73,8595,43529
2023-12-18 14:30:45,69,73,8595,43529
2023-12-18 14:30:47,69,73,8895,44029
2023-12-18 14:30:48,70,73,8895,44029
2023-12-18 14:30:48,71,73,8895,44029
2023-12-18 14:30:48,72,73,8895,44029
2023-12-18 14:30:48,72,74,9095,44229
2023-12-18 14:30:48,73,74,9095,44229
2023-12-18 14:30:48,73,74,9295,44429
2023-12-18 14:30:48,73,74,9495,44629
2023-12-18 14:30:48,74,76,9595,44729
2023-12-18 14:30:48,74,77,9595,44729
2023-12-18 14:30:48,74,75,9595,44729
2023-12-18 14:30:48,74,76,9595,44729
2023-12-18 14:30:48,74,77,9595,44729
2023-12-18 14:30:49,73,77,9595,44729
2023-12-18 14:30:49,73,76,9595,44729
2023-12-18 14:30:49,73,75,9595,44729
2023-12-18 14:30:50,73,76,9595,44729
2023-12-18 14:30:50,74,77,9595,44729
2023-12-18 14:30:50,75,77,9595,44729
2023-12-18 14:31:33,74,77,9595,44729
2023-12-18 14:31:36,75,77,9595,44729
2023-12-18 14:31:47,74,77,9595,44729
2023-12-18 14:31:50,74,76,9595,44729
2023-12-18 14:31:51,73,76,9595,44729
2023-12-18 14:31:52,73,75,9595,44729
2023-12-18 14:31:58,72,75,9595,44729
2023-12-18 14:31:58,71,75,9595,44729
2023-12-18 14:31:58,72,75,9595,44729
2023-12-18 14:32:02,72,74,9595,44729
2023-12-18 14:32:04,71,74,9595,44729
2023-12-18 14:32:04,70,74,9595,44729
2023-12-18 14:32:04,70,73,9595,44729
2023-12-18 14:32:04,71,73,9595,44729
2023-12-18 14:32:07,70,73,9595,44729
2023-12-18 14:32:09,70,72,9595,44729
2023-12-18 14:32:10,70,73,9595,44729
2023-12-18 14:32:12,70,72,9595,44729
2023-12-18 14:32:13,70,73,9595,44729
2023-12-18 14:32:15,70,72,9595,44729
2023-12-18 14:32:30,70,74,9595,44729
2023-12-18 14:32:32,70,75,9595,44729
2023-12-18 14:32:32,71,75,9595,44729
2023-12-18 14:32:34,70,75,9595,44729
2023-12-18 14:32:35,71,75,9595,44729
2023-12-18 14:32:36,70,75,9595,44729
2023-12-18 14:32:36,70,74,9595,44729
2023-12-18 14:32:42,70,73,9595,44729
2023-12-18 14:32:43,70,74,9595,44729
2023-12-18 14:32:47,70,73,9595,44729
2023-12-18 14:32:51,72,73,9595,44729
2023-12-18 14:32:51,72,74,9595,44729
2023-12-18 14:32:51,72,75,9595,44729
2023-12-18 14:32:51,72,76,9595,44729
2023-12-18 14:32:52,74,76,9595,44729
2023-12-18 14:32:52,74,77,9595,44729
2023-12-18 14:33:18,74,76,9595,44729
2023-12-18 14:33:20,73,76,9595,44729
2023-12-18 14:33:24,72,76,9595,44729
2023-12-18 14:33:24,72,75,9595,44729
2023-12-18 14:33:25,73,75,9595,44729
2023-12-18 14:33:26,72,75,9595,44729
2023-12-18 14:33:39,71,75,9595,44729
2023-12-18 14:33:41,72,75,9595,44729
2023-12-18 14:33:54,72,73,9595,44729
2023-12-18 14:33:58,70,73,9595,44729
2023-12-18 14:33:58,71,73,9595,44729
2023-12-18 14:34:34,71,72,9595,44729
2023-12-18 14:34:39,71,73,9595,44729
2023-12-18 14:34:42,71,75,9595,44729
2023-12-18 14:34:42,70,75,9595,44729
2023-12-18 14:34:42,73,75,9595,44729
2023-12-18 14:34:42,74,75,9595,44729
2023-12-18 14:34:42,74,77,9595,44729
2023-12-18 14:34:54,75,77,9595,44729
2023-12-18 14:34:59,74,77,9595,44729
2023-12-18 14:35:01,75,77,9595,44729
2023-12-18 14:35:06,74,77,9595,44729
2023-12-18 14:35:07,75,77,9595,44729
2023-12-18 14:35:10,74,77,9595,44729
2023-12-18 14:35:12,75,77,9595,44729
2023-12-18 14:35:15,76,77,9595,44729
2023-12-18 14:35:15,75,77,9595,44729
2023-12-18 14:35:17,76,77,9595,44729
2023-12-18 14:35:19,75,77,9595,44729
2023-12-18 14:35:52,74,77,9595,44729
2023-12-18 14:35:54,75,77,9595,44729
2023-12-18 14:35:56,74,77,9595,44729
2023-12-18 14:36:01,75,77,9595,44729
2023-12-18 14:36:04,74,77,9595,44729
2023-12-18 14:36:18,75,77,9595,44729
2023-12-18 14:36:25,74,77,9595,44729
2023-12-18 14:36:31,73,77,9595,44729
2023-12-18 14:36:38,74,77,9595,44729
2023-12-18 14:36:42,73,77,9595,44729
2023-12-18 14:36:46,73,76,9595,44729
2023-12-18 14:36:47,73,75,9595,44729
2023-12-18 14:36:49,72,76,9595,44729
2023-12-18 14:36:52,72,75,9595,44729
2023-12-18 14:36:57,72,76,9595,44729
2023-12-18 14:36:59,72,75,9595,44729
2023-12-18 14:37:00,72,76,9595,44729
2023-12-18 14:37:01,71,76,9595,44729
2023-12-18 14:37:01,73,76,9595,44729
2023-12-18 14:37:03,73,77,9595,44729
2023-12-18 14:37:06,73,76,9595,44729
2023-12-18 14:37:09,73,77,9595,44729
2023-12-18 14:37:18,74,77,9595,44729
2023-12-18 14:37:56,73,77,9595,44729
2023-12-18 14:37:56,72,77,9595,44729
2023-12-18 14:37:56,73,77,9595,44729
2023-12-18 14:38:04,72,77,9595,44729
2023-12-18 14:38:04,73,77,9595,44729
2023-12-18 14:38:04,74,77,9595,44729
2023-12-18 14:38:05,72,77,9595,44729
2023-12-18 14:38:05,73,77,9595,44729
2023-12-18 14:38:06,73,76,9595,44729
2023-12-18 14:38:11,73,77,9595,44729
2023-12-18 14:38:21,73,75,9595,44729
2023-12-18 14:38:22,71,75,9595,44729
2023-12-18 14:38:22,72,75,9595,44729
2023-12-18 14:38:23,72,74,9595,44729
2023-12-18 14:38:24,72,75,9595,44729
2023-12-18 14:38:27,72,74,9595,44729
2023-12-18 14:38:40,71,74,9595,44729
2023-12-18 14:38:43,71,73,9595,44729
2023-12-18 14:38:46,71,74,9595,44729
2023-12-18 14:38:49,71,73,9595,44729
2023-12-18 14:38:50,71,74,9595,44729
2023-12-18 14:38:54,71,73,9595,44729
2023-12-18 14:39:04,71,74,9595,44729
2023-12-18 14:39:05,70,74,9595,44729
2023-12-18 14:39:05,72,74,9595,44729
2023-12-18 14:39:06,72,75,9595,44729
2023-12-18 14:39:23,72,74,9595,44729
2023-12-18 14:39:25,72,75,9595,44729
2023-12-18 14:39:31,72,74,9595,44729
2023-12-18 14:39:32,70,74,9595,44729
2023-12-18 14:39:32,71,74,9595,44729
2023-12-18 14:39:43,70,74,9595,44729
2023-12-18 14:39:43,72,75,9595,44729
2023-12-18 14:39:44,70,75,9595,44729
2023-12-18 14:39:44,70,74,9595,44729
2023-12-18 14:39:44,71,74,9595,44729
2023-12-18 14:40:09,71,73,9595,44729
2023-12-18 14:40:14,70,73,9595,44729
2023-12-18 14:40:17,71,73,9595,44729
2023-12-18 14:40:18,71,74,9595,44729
2023-12-18 14:40:23,71,73,9595,44729
2023-12-18 14:40:26,70,73,9595,44729
2023-12-18 14:40:39,70,72,9595,44729
2023-12-18 14:40:43,69,72,9595,44729
2023-12-18 14:40:43,68,72,9595,44729
2023-12-18 14:40:43,69,72,9595,44729
2023-12-18 14:40:44,68,72,9595,44729
2023-12-18 14:40:44,70,72,9595,44729
2023-12-18 14:40:46,68,72,9595,44729
2023-12-18 14:40:46,69,72,9595,44729
2023-12-18 14:40:52,68,72,9595,44729
2023-12-18 14:40:52,70,72,9595,44729
2023-12-18 14:40:58,68,72,9595,44729
2023-12-18 14:40:58,69,72,9595,44729
2023-12-18 14:41:01,68,72,9595,44729
2023-12-18 14:41:01,67,72,9595,44729
2023-12-18 14:41:01,68,72,9595,44729
2023-12-18 14:41:02,67,72,9595,44729
2023-12-18 14:41:02,69,72,9595,44729
2023-12-18 14:41:03,67,72,9595,44729
2023-12-18 14:41:03,68,72,9595,44729
2023-12-18 14:41:11,68,71,9595,44729
2023-12-18 14:41:12,68,72,9595,44729
2023-12-18 14:41:15,67,72,9595,44729
2023-12-18 14:41:15,69,72,9595,44729
2023-12-18 14:41:16,69,73,9595,44729
2023-12-18 14:41:40,69,72,9595,44729
2023-12-18 14:41:41,69,73,9595,44729
2023-12-18 14:41:43,69,72,9595,44729
2023-12-18 14:41:45,67,72,9595,44729
2023-12-18 14:41:45,68,72,9595,44729
2023-12-18 14:41:46,67,72,9595,44729
2023-12-18 14:41:46,69,72,9595,44729
2023-12-18 14:41:53,67,72,9595,44729
2023-12-18 14:41:53,68,72,9595,44729
2023-12-18 14:41:55,67,72,9595,44729
2023-12-18 14:41:55,69,72,9595,44729
2023-12-18 14:41:57,67,72,9595,44729
2023-12-18 14:41:57,68,72,9595,44729
2023-12-18 14:41:59,67,72,9595,44729
2023-12-18 14:41:59,69,72,9595,44729
2023-12-18 14:42:12,67,72,9595,44729
2023-12-18 14:42:12,68,72,9595,44729
2023-12-18 14:42:16,68,71,9595,44729
2023-12-18 14:42:18,66,71,9595,44729
2023-12-18 14:42:18,67,71,9595,44729
2023-12-18 14:42:21,67,72,9595,44729
2023-12-18 14:42:21,67,69,9595,44729
2023-12-18 14:42:30,65,69,9595,44729
2023-12-18 14:42:30,66,69,9595,44729
2023-12-18 14:42:32,65,69,9595,44729
2023-12-18 14:42:32,67,69,9595,44729
2023-12-18 14:42:42,65,69,9595,44729
2023-12-18 14:42:42,66,69,9595,44729
2023-12-18 14:42:43,65,69,9595,44729
2023-12-18 14:42:43,67,69,9595,44729
2023-12-18 14:42:49,65,69,9595,44729
2023-12-18 14:42:49,66,69,9595,44729
2023-12-18 14:42:55,65,69,9595,44729
2023-12-18 14:42:55,67,69,9595,44729
2023-12-18 14:42:58,65,69,9595,44729
2023-12-18 14:42:58,66,69,9595,44729
2023-12-18 14:43:08,66,68,9595,44729
2023-12-18 14:43:15,64,68,9595,44729
2023-12-18 14:43:15,65,68,9595,44729
2023-12-18 14:43:17,64,68,9595,44729
2023-12-18 14:43:17,66,68,9595,44729
2023-12-18 14:43:23,64,68,9595,44729
2023-12-18 14:43:23,65,68,9595,44729
2023-12-18 14:43:30,65,67,9595,44729
2023-12-18 14:43:31,65,69,9595,44729
2023-12-18 14:43:36,65,68,9595,44729
2023-12-18 14:43:38,64,68,9595,44729
2023-12-18 14:43:39,67,68,9595,44729
2023-12-18 14:44:00,67,69,9595,44729
2023-12-18 14:44:01,65,69,9595,44729
2023-12-18 14:44:04,65,68,9595,44729
2023-12-18 14:44:08,65,69,9595,44729
2023-12-18 14:44:09,65,68,9595,44729
2023-12-18 14:44:11,64,68,9595,44729
2023-12-18 14:44:11,68,69,9595,44729
2023-12-18 14:44:34,68,69,9595,44929
2023-12-18 14:44:37,68,69,9595,45129
2023-12-18 14:44:37,68,69,9595,45629
2023-12-18 14:44:38,64,68,9595,45729
2023-12-18 14:44:39,64,69,9595,45729
2023-12-18 14:45:00,65,69,9595,45729
2023-12-18 14:45:01,65,71,9595,45729
2023-12-18 14:45:09,66,71,9595,45729
2023-12-18 14:45:22,65,71,9595,45729
2023-12-18 14:45:24,66,71,9595,45729
2023-12-18 14:45:30,65,71,9595,45729
2023-12-18 14:45:30,65,70,9595,45729
2023-12-18 14:46:04,64,70,9595,45729
2023-12-18 14:46:04,66,70,9595,45729
2023-12-18 14:46:05,64,70,9595,45729
2023-12-18 14:46:05,65,70,9595,45729
2023-12-18 14:46:10,65,69,9595,45729
2023-12-18 14:46:11,65,70,9595,45729
2023-12-18 14:46:16,64,70,9595,45729
2023-12-18 14:46:16,66,70,9595,45729
2023-12-18 14:46:18,64,70,9595,45729
