datetime,bid,ask,open_interest,volume
2023-01-23 09:30:54,22,49,805,835
2023-01-23 09:35:44,22,40,805,835
2023-01-23 09:36:11,22,41,805,835
2023-01-23 09:36:25,22,40,805,835
2023-01-23 09:36:39,22,44,805,835
2023-01-23 09:36:52,22,41,805,835
2023-01-23 09:37:06,22,42,805,835
2023-01-23 09:37:20,22,41,805,835
2023-01-23 09:37:47,22,39,805,835
2023-01-23 09:37:55,22,29,805,835
2023-01-23 09:39:47,17,22,809,839
2023-01-23 09:39:55,17,29,809,839
2023-01-23 09:40:51,17,25,809,839
2023-01-23 09:40:52,18,25,809,839
2023-01-23 09:40:53,18,23,809,839
2023-01-23 09:41:20,18,25,809,839
2023-01-23 09:41:21,17,25,809,839
2023-01-23 09:41:21,17,24,809,839
2023-01-23 09:41:22,17,22,809,839
2023-01-23 09:41:27,18,22,809,839
2023-01-23 09:41:40,17,22,809,839
2023-01-23 09:41:54,19,22,809,839
2023-01-23 09:42:08,17,22,809,839
2023-01-23 09:42:21,17,25,809,839
2023-01-23 09:42:22,18,25,809,839
2023-01-23 09:42:23,18,23,809,839
2023-01-23 09:42:49,18,25,809,839
2023-01-23 09:42:50,18,24,809,839
2023-01-23 09:42:50,18,22,809,839
2023-01-23 09:42:55,17,22,809,839
2023-01-23 09:43:48,17,20,809,839
2023-01-23 09:44:32,18,20,809,839
2023-01-23 09:44:46,17,20,809,839
2023-01-23 09:44:50,17,21,809,839
2023-01-23 09:45:23,17,22,809,839
2023-01-23 09:45:50,17,20,809,839
2023-01-23 09:46:19,17,22,809,839
2023-01-23 09:46:19,17,24,809,839
2023-01-23 09:46:20,17,25,809,839
2023-01-23 09:46:20,17,23,809,839
2023-01-23 09:46:20,17,21,809,839
2023-01-23 09:46:20,17,19,809,839
2023-01-23 09:46:50,17,20,809,839
2023-01-23 09:47:34,15,17,812,842
2023-01-23 09:47:48,15,20,812,842
2023-01-23 09:47:48,15,22,812,842
2023-01-23 09:47:48,14,22,812,842
2023-01-23 09:47:49,13,22,812,842
2023-01-23 09:47:49,13,17,812,842
2023-01-23 09:48:20,13,16,812,842
2023-01-23 09:48:20,11,16,812,842
2023-01-23 09:49:09,13,16,812,842
2023-01-23 09:49:19,13,15,812,842
2023-01-23 09:49:30,11,15,812,842
2023-01-23 09:49:30,12,15,812,842
2023-01-23 09:49:48,11,15,812,842
2023-01-23 09:50:12,12,15,812,842
2023-01-23 09:50:28,11,15,812,842
2023-01-23 09:50:53,11,17,812,842
2023-01-23 09:50:54,11,15,812,842
2023-01-23 09:51:20,10,15,812,842
2023-01-23 09:51:20,10,20,812,842
2023-01-23 09:51:22,10,14,812,842
2023-01-23 09:51:49,9,14,812,842
2023-01-23 09:51:50,10,14,812,842
2023-01-23 09:52:20,9,14,812,842
2023-01-23 09:52:21,9,13,812,842
2023-01-23 09:53:14,10,13,812,842
2023-01-23 09:53:52,10,12,812,842
2023-01-23 09:54:16,8,12,812,857
2023-01-23 09:54:16,9,12,812,857
2023-01-23 09:54:34,8,12,812,857
2023-01-23 09:54:35,9,12,812,857
2023-01-23 09:54:48,8,12,812,857
2023-01-23 09:55:12,9,12,812,857
2023-01-23 09:55:25,8,12,812,857
2023-01-23 09:55:25,7,12,812,857
2023-01-23 09:55:26,8,12,812,857
2023-01-23 09:55:53,8,11,812,857
2023-01-23 09:56:20,7,11,812,857
2023-01-23 09:57:06,8,11,812,857
2023-01-23 09:57:21,7,11,812,857
2023-01-23 09:57:23,8,11,812,857
2023-01-23 09:57:23,8,12,812,857
2023-01-23 09:57:49,9,12,812,857
2023-01-23 09:57:49,9,13,812,857
2023-01-23 10:00:55,8,13,812,857
2023-01-23 10:00:55,8,11,812,857
2023-01-23 10:01:21,7,11,812,857
2023-01-23 10:01:31,8,11,812,857
2023-01-23 10:01:49,7,11,812,857
2023-01-23 10:02:24,7,10,812,857
2023-01-23 10:02:50,7,11,812,857
2023-01-23 10:02:50,7,12,812,857
2023-01-23 10:02:51,7,23,812,857
2023-01-23 10:02:52,7,12,812,857
2023-01-23 10:02:52,7,11,812,857
2023-01-23 10:03:50,7,10,812,857
2023-01-23 10:04:49,7,11,812,857
2023-01-23 10:05:25,6,11,812,857
2023-01-23 10:05:25,7,11,812,857
2023-01-23 10:05:40,8,11,812,857
2023-01-23 10:05:51,8,12,812,857
2023-01-23 10:06:18,9,12,812,857
2023-01-23 10:06:21,9,13,812,857
2023-01-23 10:09:21,9,12,812,857
2023-01-23 10:09:21,8,12,812,857
2023-01-23 10:09:49,8,13,812,857
2023-01-23 10:09:51,9,13,812,857
2023-01-23 10:10:51,8,13,812,857
2023-01-23 10:10:51,8,12,812,857
2023-01-23 10:11:07,9,12,812,857
2023-01-23 10:11:21,8,12,812,857
2023-01-23 10:11:21,7,12,812,857
2023-01-23 10:11:23,8,12,812,857
2023-01-23 10:11:38,8,12,812,888
2023-01-23 10:11:50,7,12,812,888
2023-01-23 10:11:52,7,11,812,888
2023-01-23 10:12:05,8,11,812,888
2023-01-23 10:12:20,7,11,812,888
2023-01-23 10:12:49,7,10,812,888
2023-01-23 10:12:49,6,10,812,888
2023-01-23 10:13:20,6,9,812,888
2023-01-23 10:13:50,6,10,812,888
2023-01-23 10:14:20,5,10,812,888
2023-01-23 10:14:21,5,11,812,888
2023-01-23 10:14:21,2,11,812,888
2023-01-23 10:14:21,6,11,812,888
2023-01-23 10:14:22,6,10,812,888
2023-01-23 10:14:50,6,9,812,888
2023-01-23 10:15:25,6,10,812,888
2023-01-23 10:16:22,5,10,812,888
2023-01-23 10:16:25,5,9,812,888
2023-01-23 10:16:35,6,9,812,888
2023-01-23 10:16:54,5,9,812,888
2023-01-23 10:17:13,6,9,812,888
2023-01-23 10:17:49,5,9,812,888
2023-01-23 10:17:51,6,9,812,888
2023-01-23 10:18:09,5,9,812,888
2023-01-23 10:18:48,5,8,812,888
2023-01-23 10:19:48,5,9,812,888
2023-01-23 10:20:22,7,9,812,888
2023-01-23 10:20:32,7,8,812,888
2023-01-23 10:20:41,5,8,812,888
2023-01-23 10:21:20,5,9,812,888
2023-01-23 10:21:38,6,9,812,888
2023-01-23 10:21:57,5,9,812,888
2023-01-23 10:22:20,5,8,812,888
2023-01-23 10:22:50,4,8,812,888
2023-01-23 10:23:22,4,7,812,888
2023-01-23 10:23:48,3,7,812,888
2023-01-23 10:23:50,4,7,812,888
2023-01-23 10:24:09,3,7,812,888
2023-01-23 10:24:09,4,7,812,888
2023-01-23 10:24:28,3,7,812,888
2023-01-23 10:24:28,4,7,812,888
2023-01-23 10:24:47,3,7,812,888
2023-01-23 10:24:47,4,7,812,888
2023-01-23 10:25:23,3,7,812,888
2023-01-23 10:25:24,3,6,812,888
2023-01-23 10:25:25,4,6,812,888
2023-01-23 10:25:49,3,6,812,888
2023-01-23 10:25:49,2,6,812,888
2023-01-23 10:26:02,5,6,812,888
2023-01-23 10:26:21,2,6,812,888
2023-01-23 10:26:22,5,6,812,888
2023-01-23 10:26:40,3,6,812,888
2023-01-23 10:26:41,5,6,812,888
2023-01-23 10:26:50,3,6,812,888
2023-01-23 10:27:00,4,6,812,888
2023-01-23 10:27:20,3,6,812,888
2023-01-23 10:27:39,4,6,812,888
2023-01-23 10:27:48,4,7,812,888
2023-01-23 10:27:49,4,6,812,888
2023-01-23 10:27:58,3,6,812,888
2023-01-23 10:27:58,4,6,812,888
2023-01-23 10:28:21,3,6,812,888
2023-01-23 10:28:50,2,6,812,888
2023-01-23 10:28:53,3,6,812,888
2023-01-23 10:29:05,2,6,812,888
2023-01-23 10:29:19,2,5,812,888
2023-01-23 10:29:48,2,6,812,888
2023-01-23 10:29:49,4,6,812,888
2023-01-23 10:30:29,2,6,812,888
2023-01-23 10:30:30,3,6,812,888
2023-01-23 10:30:44,4,6,812,888
2023-01-23 10:31:20,2,6,812,888
2023-01-23 10:31:40,4,6,812,888
2023-01-23 10:31:50,2,6,812,888
2023-01-23 10:31:50,2,5,812,888
2023-01-23 10:32:00,4,5,812,888
2023-01-23 10:32:18,2,5,812,888
2023-01-23 10:32:18,4,5,812,888
2023-01-23 10:32:36,2,5,812,888
2023-01-23 10:32:36,4,5,812,888
2023-01-23 10:32:51,2,5,812,888
2023-01-23 10:33:14,4,5,812,888
2023-01-23 10:33:29,2,5,812,888
2023-01-23 10:33:32,2,6,812,888
2023-01-23 10:33:34,2,5,812,888
2023-01-23 10:33:36,4,5,812,888
2023-01-23 10:33:55,2,5,812,888
2023-01-23 10:33:56,2,5,1228,1304
2023-01-23 10:34:15,4,5,1228,1304
2023-01-23 10:34:34,2,5,1228,1304
2023-01-23 10:34:34,3,5,1228,1304
2023-01-23 10:34:48,2,5,1228,1304
2023-01-23 10:34:49,2,6,1228,1304
2023-01-23 10:35:25,2,5,1228,1304
2023-01-23 10:35:30,3,5,1228,1304
2023-01-23 10:35:51,2,5,1228,1304
2023-01-23 10:36:07,3,5,1228,1304
2023-01-23 10:36:21,2,5,1228,1304
2023-01-23 10:36:26,3,5,1228,1304
2023-01-23 10:36:45,2,5,1228,1304
2023-01-23 10:36:45,3,5,1228,1304
2023-01-23 10:37:04,2,5,1228,1304
2023-01-23 10:37:04,3,5,1228,1304
2023-01-23 10:37:21,2,5,1228,1304
2023-01-23 10:37:21,1,5,1228,1304
2023-01-23 10:37:23,3,5,1228,1304
2023-01-23 10:37:41,2,5,1228,1304
2023-01-23 10:37:41,4,5,1228,1304
2023-01-23 10:38:00,2,5,1228,1304
2023-01-23 10:38:01,4,5,1228,1304
2023-01-23 10:38:20,2,5,1228,1304
2023-01-23 10:38:21,4,5,1228,1304
2023-01-23 10:38:21,4,6,1228,1304
2023-01-23 10:38:21,4,7,1228,1304
2023-01-23 10:38:21,4,6,1228,1304
2023-01-23 10:38:40,2,6,1228,1304
2023-01-23 10:38:40,4,6,1228,1304
2023-01-23 10:38:49,4,5,1228,1304
2023-01-23 10:38:58,2,5,1228,1304
2023-01-23 10:38:59,2,5,1651,1727
2023-01-23 10:39:17,3,5,1651,1727
2023-01-23 10:39:20,3,6,1651,1727
2023-01-23 10:39:36,2,6,1651,1727
2023-01-23 10:39:36,5,6,1651,1727
2023-01-23 10:39:49,2,5,2079,2155
2023-01-23 10:39:55,4,5,2079,2155
2023-01-23 10:40:31,2,5,2079,2155
2023-01-23 10:40:32,4,5,2079,2155
2023-01-23 10:40:50,2,5,2079,2155
2023-01-23 10:40:50,4,5,2079,2155
2023-01-23 10:41:19,2,5,2079,2155
2023-01-23 10:41:45,4,5,2079,2155
2023-01-23 10:42:20,2,5,2079,2155
2023-01-23 10:42:22,2,5,2568,2644
2023-01-23 10:42:41,4,5,2568,2644
2023-01-23 10:42:50,4,6,2568,2644
2023-01-23 10:42:51,1,6,2568,2644
2023-01-23 10:42:52,2,6,2568,2644
2023-01-23 10:43:02,4,6,2568,2644
2023-01-23 10:43:21,2,6,2568,2644
2023-01-23 10:43:21,4,6,2568,2644
2023-01-23 10:43:37,3,6,2568,2644
2023-01-23 10:44:34,2,6,2568,2644
2023-01-23 10:44:34,3,6,2568,2644
2023-01-23 10:44:49,2,6,2568,2644
2023-01-23 10:44:55,3,6,2568,2644
2023-01-23 10:45:13,2,6,2568,2644
2023-01-23 10:45:13,4,6,2568,2644
2023-01-23 10:45:25,2,6,2568,2644
2023-01-23 10:45:25,2,7,2568,2644
2023-01-23 10:45:25,2,6,2568,2644
2023-01-23 10:45:50,3,6,2568,2644
2023-01-23 10:46:08,2,6,2568,2644
2023-01-23 10:46:08,3,6,2568,2644
2023-01-23 10:46:24,2,6,2568,2644
2023-01-23 10:46:25,2,5,2568,2644
2023-01-23 10:46:27,3,5,2568,2644
2023-01-23 10:46:51,2,5,2568,2644
2023-01-23 10:47:20,2,6,2568,2644
2023-01-23 10:47:21,2,5,2568,2644
2023-01-23 10:47:21,3,5,2568,2644
2023-01-23 10:47:50,1,5,2568,2644
2023-01-23 10:48:23,1,4,2568,2644
2023-01-23 10:48:48,0,4,2568,2644
2023-01-23 10:48:48,0,5,2568,2644
2023-01-23 10:48:49,0,11,2568,2644
2023-01-23 10:49:14,0,22,2568,2644
2023-01-23 10:49:14,0,100,2568,2644
2023-01-23 10:49:14,0,99,2568,2644
2023-01-23 10:49:15,0,9,2568,2644
2023-01-23 10:54:17,0,10,2568,2644
2023-01-23 10:59:23,0,9,2568,2644
2023-01-23 11:04:23,0,8,2568,2644
2023-01-23 11:05:08,3,8,2568,2644
2023-01-23 11:09:26,3,7,2568,2644
2023-01-23 11:10:17,0,7,2568,2664
2023-01-23 11:15:55,0,1,2568,2664
