datetime,bid,ask,open_interest,volume
2023-01-23 09:37:50,16,49,5,5
2023-01-23 09:37:51,16,31,5,5
2023-01-23 09:40:51,16,37,5,5
2023-01-23 09:40:52,16,29,5,5
2023-01-23 09:40:52,22,29,5,5
2023-01-23 09:40:53,22,27,5,5
2023-01-23 09:41:21,22,37,5,5
2023-01-23 09:41:21,18,37,5,5
2023-01-23 09:41:21,23,37,5,5
2023-01-23 09:41:21,23,30,5,5
2023-01-23 09:41:22,23,28,5,5
2023-01-23 09:42:21,23,27,5,5
2023-01-23 09:42:21,22,27,5,5
2023-01-23 09:42:49,22,29,5,5
2023-01-23 09:42:49,20,29,5,5
2023-01-23 09:42:50,21,29,5,5
2023-01-23 09:42:50,21,37,5,5
2023-01-23 09:42:50,21,28,5,5
2023-01-23 09:42:50,23,28,5,5
2023-01-23 09:43:48,22,28,5,5
2023-01-23 09:43:48,22,30,5,5
2023-01-23 09:43:49,22,29,5,5
2023-01-23 09:43:49,24,29,5,5
2023-01-23 09:44:49,24,35,5,5
2023-01-23 09:44:49,24,28,5,5
2023-01-23 09:44:49,19,28,5,5
2023-01-23 09:44:49,23,28,5,5
2023-01-23 09:45:50,19,28,5,5
2023-01-23 09:45:50,24,28,5,5
2023-01-23 09:45:50,24,29,5,5
2023-01-23 09:46:19,19,29,5,5
2023-01-23 09:46:19,19,31,5,5
2023-01-23 09:46:19,19,33,5,5
2023-01-23 09:46:19,19,32,5,5
2023-01-23 09:46:20,23,32,5,5
2023-01-23 09:46:20,25,32,5,5
2023-01-23 09:46:20,25,30,5,5
2023-01-23 09:46:49,23,30,5,5
2023-01-23 09:46:50,24,30,5,5
2023-01-23 09:46:50,24,35,5,5
2023-01-23 09:46:50,24,33,5,5
2023-01-23 09:46:50,24,31,5,5
2023-01-23 09:46:50,24,29,5,5
2023-01-23 09:47:49,26,29,5,5
2023-01-23 09:47:50,26,31,5,5
2023-01-23 09:48:36,26,33,186,189
2023-01-23 09:48:48,27,33,186,189
2023-01-23 09:48:59,30,33,186,189
2023-01-23 09:49:18,27,33,186,189
2023-01-23 09:49:19,27,41,186,189
2023-01-23 09:49:19,27,36,186,189
2023-01-23 09:49:20,27,34,186,189
2023-01-23 09:49:20,27,32,186,189
2023-01-23 09:49:21,29,32,186,189
2023-01-23 09:49:39,27,32,186,189
2023-01-23 09:49:40,29,32,186,189
2023-01-23 09:50:02,27,32,186,189
2023-01-23 09:50:03,29,32,186,189
2023-01-23 09:50:21,27,32,186,189
2023-01-23 09:50:21,28,32,186,189
2023-01-23 09:50:40,27,32,186,189
2023-01-23 09:50:40,28,32,186,189
2023-01-23 09:50:53,27,32,186,189
2023-01-23 09:50:59,28,32,186,189
2023-01-23 09:51:18,27,32,186,189
2023-01-23 09:51:18,29,32,186,189
2023-01-23 09:51:19,29,34,186,189
2023-01-23 09:51:20,29,36,186,189
2023-01-23 09:51:20,29,33,186,189
2023-01-23 09:51:35,27,33,186,189
2023-01-23 09:51:35,28,33,186,189
2023-01-23 09:51:48,27,33,186,189
2023-01-23 09:51:49,25,33,186,189
2023-01-23 09:51:49,23,33,186,189
2023-01-23 09:51:49,22,33,186,189
2023-01-23 09:51:50,24,33,186,189
2023-01-23 09:51:50,26,31,186,189
2023-01-23 09:51:54,29,31,186,189
2023-01-23 09:52:13,26,31,186,189
2023-01-23 09:52:13,29,31,186,189
2023-01-23 09:52:32,26,31,186,189
2023-01-23 09:52:32,30,31,186,189
2023-01-23 09:52:48,26,31,519,522
2023-01-23 09:52:51,30,31,519,522
2023-01-23 09:53:07,26,31,519,522
2023-01-23 09:53:10,30,31,519,522
2023-01-23 09:53:28,26,31,519,522
2023-01-23 09:53:28,30,31,519,522
2023-01-23 09:53:47,26,31,519,522
2023-01-23 09:53:47,30,31,519,522
2023-01-23 09:53:51,30,42,519,522
2023-01-23 09:53:51,30,36,519,522
2023-01-23 09:53:52,30,32,519,522
2023-01-23 09:54:06,27,32,519,522
2023-01-23 09:54:06,30,32,519,522
2023-01-23 09:54:25,27,32,519,522
2023-01-23 09:54:25,30,32,519,522
2023-01-23 09:54:44,27,32,519,522
2023-01-23 09:54:44,29,32,519,522
2023-01-23 09:55:02,27,32,519,522
2023-01-23 09:55:02,29,32,519,522
2023-01-23 09:55:21,27,32,519,522
2023-01-23 09:55:21,31,32,519,522
2023-01-23 09:55:40,27,32,519,522
2023-01-23 09:55:41,30,32,519,522
2023-01-23 09:55:50,27,32,519,522
2023-01-23 09:56:00,30,32,519,522
2023-01-23 09:56:18,27,32,519,522
2023-01-23 09:56:18,30,32,519,522
2023-01-23 09:56:37,27,32,519,522
2023-01-23 09:56:37,30,32,519,522
2023-01-23 09:56:56,27,32,519,522
2023-01-23 09:56:56,31,32,519,522
2023-01-23 09:57:15,27,32,519,522
2023-01-23 09:57:15,29,32,519,522
2023-01-23 09:57:26,29,33,519,522
2023-01-23 09:57:35,27,33,519,522
2023-01-23 09:57:35,30,33,519,522
2023-01-23 09:57:54,27,33,519,522
2023-01-23 09:57:54,30,33,519,522
2023-01-23 09:58:13,27,33,519,522
2023-01-23 09:58:13,31,33,519,522
2023-01-23 09:58:32,27,33,519,522
2023-01-23 09:58:32,31,33,519,522
2023-01-23 09:58:48,27,33,519,522
2023-01-23 09:58:51,31,33,519,522
2023-01-23 09:59:09,27,33,519,522
2023-01-23 09:59:09,31,33,519,522
2023-01-23 09:59:20,27,33,519,522
2023-01-23 09:59:28,30,33,519,522
2023-01-23 09:59:47,27,33,519,522
2023-01-23 09:59:47,31,33,519,522
2023-01-23 10:00:06,27,33,519,522
2023-01-23 10:00:06,31,33,519,522
2023-01-23 10:00:25,27,33,519,522
2023-01-23 10:00:25,31,33,519,522
2023-01-23 10:00:44,27,33,519,522
2023-01-23 10:00:44,31,33,519,522
2023-01-23 10:00:56,27,33,519,522
2023-01-23 10:00:57,26,33,519,522
2023-01-23 10:00:58,28,33,519,522
2023-01-23 10:01:03,29,33,519,522
2023-01-23 10:01:22,28,33,519,522
2023-01-23 10:01:22,30,33,519,522
2023-01-23 10:01:41,28,33,519,522
2023-01-23 10:01:41,30,33,519,522
2023-01-23 10:01:59,27,33,519,522
2023-01-23 10:02:00,30,33,519,522
2023-01-23 10:02:17,27,33,519,522
2023-01-23 10:02:17,30,33,519,522
2023-01-23 10:02:38,27,33,519,522
2023-01-23 10:02:38,31,33,519,522
2023-01-23 10:02:51,27,33,519,522
2023-01-23 10:02:52,25,33,519,522
2023-01-23 10:02:52,27,33,519,522
2023-01-23 10:02:57,30,33,519,522
2023-01-23 10:03:16,27,33,519,522
2023-01-23 10:03:16,31,33,519,522
2023-01-23 10:03:34,27,33,519,522
2023-01-23 10:03:35,30,33,519,522
2023-01-23 10:03:49,27,33,519,522
2023-01-23 10:03:55,30,33,519,522
2023-01-23 10:04:14,27,33,519,522
2023-01-23 10:04:14,31,33,519,522
2023-01-23 10:04:33,27,33,519,522
2023-01-23 10:04:33,30,33,519,522
2023-01-23 10:04:50,27,33,519,522
2023-01-23 10:04:50,23,33,519,522
2023-01-23 10:04:51,28,33,519,522
2023-01-23 10:04:52,32,33,519,522
2023-01-23 10:05:11,28,33,519,522
2023-01-23 10:05:11,31,33,519,522
2023-01-23 10:05:30,28,33,519,522
2023-01-23 10:05:30,31,33,519,522
2023-01-23 10:05:49,28,33,519,522
2023-01-23 10:05:49,31,33,519,522
2023-01-23 10:06:08,28,33,519,522
2023-01-23 10:06:08,30,33,519,522
2023-01-23 10:06:22,28,33,519,522
2023-01-23 10:06:27,30,33,519,522
2023-01-23 10:06:46,28,33,519,522
2023-01-23 10:06:46,32,33,519,522
2023-01-23 10:07:05,27,33,519,522
2023-01-23 10:07:06,30,33,519,522
2023-01-23 10:07:21,27,33,519,522
2023-01-23 10:07:21,27,35,519,522
2023-01-23 10:07:22,27,33,519,522
2023-01-23 10:07:26,31,33,519,522
2023-01-23 10:07:45,27,33,519,522
2023-01-23 10:07:45,30,33,519,522
2023-01-23 10:08:04,28,33,519,522
2023-01-23 10:08:04,31,33,519,522
2023-01-23 10:08:23,28,33,519,522
2023-01-23 10:08:24,31,33,519,522
2023-01-23 10:08:38,28,33,519,522
2023-01-23 10:08:42,31,33,519,522
2023-01-23 10:09:01,28,33,519,522
2023-01-23 10:09:01,31,33,519,522
2023-01-23 10:09:20,28,33,519,522
2023-01-23 10:09:21,30,33,519,522
2023-01-23 10:09:40,28,33,519,522
2023-01-23 10:09:40,30,33,519,522
2023-01-23 10:09:50,28,33,519,522
2023-01-23 10:10:00,30,33,519,522
2023-01-23 10:10:19,28,33,519,522
2023-01-23 10:10:19,29,33,519,522
2023-01-23 10:10:38,28,33,519,522
2023-01-23 10:10:39,30,33,519,522
2023-01-23 10:10:51,28,33,519,522
2023-01-23 10:10:58,30,33,519,522
2023-01-23 10:11:17,28,33,519,522
2023-01-23 10:11:17,30,33,519,522
2023-01-23 10:11:36,28,33,519,522
2023-01-23 10:11:36,31,33,519,522
2023-01-23 10:11:49,28,33,519,522
2023-01-23 10:11:55,31,33,519,522
2023-01-23 10:12:14,28,33,519,522
2023-01-23 10:12:14,30,33,519,522
2023-01-23 10:12:34,28,33,519,522
2023-01-23 10:12:34,30,33,519,522
2023-01-23 10:12:52,28,33,519,522
2023-01-23 10:12:53,30,33,519,522
2023-01-23 10:13:11,28,33,519,522
2023-01-23 10:13:11,30,33,519,522
2023-01-23 10:13:30,28,33,519,522
2023-01-23 10:13:31,30,33,519,522
2023-01-23 10:13:45,28,33,519,522
2023-01-23 10:13:50,26,33,519,522
2023-01-23 10:13:51,28,33,519,522
2023-01-23 10:13:52,30,33,519,522
2023-01-23 10:14:11,28,33,519,522
2023-01-23 10:14:11,31,33,519,522
2023-01-23 10:14:31,28,33,519,522
2023-01-23 10:14:31,30,33,519,522
2023-01-23 10:14:49,28,33,519,522
2023-01-23 10:14:50,30,33,519,522
2023-01-23 10:14:50,30,35,519,522
2023-01-23 10:14:51,30,33,519,522
2023-01-23 10:15:09,28,33,519,522
2023-01-23 10:15:09,30,33,519,522
2023-01-23 10:15:25,28,33,519,522
2023-01-23 10:15:28,30,33,519,522
2023-01-23 10:15:47,28,33,519,522
2023-01-23 10:15:47,30,33,519,522
2023-01-23 10:16:06,28,33,519,522
2023-01-23 10:16:06,31,33,519,522
2023-01-23 10:16:22,28,35,519,522
2023-01-23 10:16:22,26,35,519,522
2023-01-23 10:16:22,29,35,519,522
2023-01-23 10:16:23,29,42,519,522
2023-01-23 10:16:24,29,38,519,522
2023-01-23 10:16:25,31,38,519,522
2023-01-23 10:16:25,31,36,519,522
2023-01-23 10:16:26,31,34,519,522
2023-01-23 10:16:44,29,34,519,522
2023-01-23 10:16:44,31,34,519,522
2023-01-23 10:17:03,29,34,519,522
2023-01-23 10:17:03,30,34,519,522
2023-01-23 10:17:20,29,34,519,522
2023-01-23 10:17:22,30,34,519,522
2023-01-23 10:17:41,29,34,519,522
2023-01-23 10:17:41,31,34,519,522
2023-01-23 10:18:00,29,34,519,522
2023-01-23 10:18:00,30,34,519,522
2023-01-23 10:18:19,29,34,519,522
2023-01-23 10:18:19,30,34,519,522
2023-01-23 10:18:36,29,34,519,522
2023-01-23 10:18:38,30,34,519,522
2023-01-23 10:18:51,29,34,519,522
2023-01-23 10:18:57,30,34,519,522
2023-01-23 10:19:15,29,34,519,522
2023-01-23 10:19:15,31,34,519,522
2023-01-23 10:19:34,29,34,519,522
2023-01-23 10:19:34,31,34,519,522
2023-01-23 10:19:48,29,34,519,522
2023-01-23 10:19:48,29,35,519,522
2023-01-23 10:19:53,31,35,519,522
2023-01-23 10:20:12,29,35,519,522
2023-01-23 10:20:12,30,35,519,522
2023-01-23 10:20:30,29,35,519,522
2023-01-23 10:20:30,27,35,519,522
2023-01-23 10:20:32,32,35,519,522
2023-01-23 10:20:50,29,35,519,522
2023-01-23 10:20:50,31,35,519,522
2023-01-23 10:21:09,29,35,519,522
2023-01-23 10:21:09,31,35,519,522
2023-01-23 10:21:28,29,35,519,522
2023-01-23 10:21:28,30,35,519,522
2023-01-23 10:21:47,29,35,519,522
2023-01-23 10:21:47,31,35,519,522
2023-01-23 10:22:06,30,35,519,522
2023-01-23 10:22:06,31,35,519,522
2023-01-23 10:22:25,30,35,519,522
2023-01-23 10:22:25,32,35,519,522
2023-01-23 10:22:44,30,35,519,522
2023-01-23 10:22:44,31,35,519,522
2023-01-23 10:23:03,29,35,519,522
2023-01-23 10:23:03,30,35,519,522
2023-01-23 10:23:19,29,35,519,522
2023-01-23 10:23:19,29,37,519,522
2023-01-23 10:23:21,29,39,519,522
2023-01-23 10:23:21,29,36,519,522
2023-01-23 10:23:21,30,36,519,522
2023-01-23 10:23:22,30,34,519,522
2023-01-23 10:23:38,29,34,519,522
2023-01-23 10:23:40,30,34,519,522
2023-01-23 10:23:54,29,34,519,522
2023-01-23 10:24:00,30,34,519,522
2023-01-23 10:24:19,29,34,519,522
2023-01-23 10:24:19,30,34,519,522
2023-01-23 10:24:38,29,34,519,522
2023-01-23 10:24:38,30,34,519,522
2023-01-23 10:24:57,29,34,519,522
2023-01-23 10:24:57,30,34,519,522
2023-01-23 10:25:15,29,34,519,522
2023-01-23 10:25:50,29,33,519,522
2023-01-23 10:25:50,28,33,519,522
2023-01-23 10:25:53,29,33,519,522
2023-01-23 10:26:11,28,33,519,522
2023-01-23 10:26:12,30,33,519,522
2023-01-23 10:26:21,30,41,519,522
2023-01-23 10:26:21,30,38,519,522
2023-01-23 10:26:22,30,36,519,522
2023-01-23 10:26:22,30,34,519,522
2023-01-23 10:26:31,28,34,519,522
2023-01-23 10:26:31,30,34,519,522
2023-01-23 10:26:49,28,34,519,522
2023-01-23 10:26:50,27,34,519,522
2023-01-23 10:26:50,29,34,519,522
2023-01-23 10:26:51,30,34,519,522
2023-01-23 10:27:09,29,34,519,522
2023-01-23 10:27:09,30,34,519,522
2023-01-23 10:27:24,29,34,519,522
2023-01-23 10:27:29,30,34,519,522
2023-01-23 10:27:48,29,34,519,522
2023-01-23 10:27:49,29,36,519,522
2023-01-23 10:27:49,29,34,519,522
2023-01-23 10:28:08,30,34,519,522
2023-01-23 10:28:20,29,34,519,522
2023-01-23 10:28:50,29,36,519,522
2023-01-23 10:28:51,28,36,519,522
2023-01-23 10:28:51,28,41,519,522
2023-01-23 10:28:51,28,35,519,522
2023-01-23 10:28:51,28,33,519,522
2023-01-23 10:29:21,29,33,519,522
2023-01-23 10:29:40,28,33,519,522
2023-01-23 10:29:40,29,33,519,522
2023-01-23 10:29:49,29,34,519,522
2023-01-23 10:31:21,28,34,519,522
2023-01-23 10:31:49,28,33,519,522
2023-01-23 10:32:46,29,33,519,522
2023-01-23 10:33:05,28,33,519,522
2023-01-23 10:33:25,29,33,519,522
2023-01-23 10:33:45,28,33,519,522
2023-01-23 10:33:45,29,33,519,522
2023-01-23 10:33:55,28,33,519,522
2023-01-23 10:33:57,28,34,519,522
2023-01-23 10:34:20,29,34,519,522
2023-01-23 10:35:25,29,33,519,522
2023-01-23 10:35:40,28,33,519,522
2023-01-23 10:35:51,28,41,519,522
2023-01-23 10:35:51,28,34,519,522
2023-01-23 10:36:17,29,34,519,522
2023-01-23 10:36:22,29,41,519,522
2023-01-23 10:36:23,29,37,519,522
2023-01-23 10:36:23,29,33,519,522
2023-01-23 10:36:35,28,33,519,522
2023-01-23 10:36:36,29,33,519,522
2023-01-23 10:36:49,28,33,519,522
2023-01-23 10:36:50,28,38,519,522
2023-01-23 10:36:50,28,36,519,522
2023-01-23 10:36:51,28,34,519,522
2023-01-23 10:36:54,29,34,519,522
2023-01-23 10:37:13,28,34,519,522
2023-01-23 10:37:13,29,34,519,522
2023-01-23 10:40:22,30,34,519,522
2023-01-23 10:40:33,30,36,519,522
2023-01-23 10:40:34,30,34,519,522
2023-01-23 10:40:41,29,34,519,522
2023-01-23 10:42:50,29,36,519,522
2023-01-23 10:42:50,29,40,519,522
2023-01-23 10:42:51,30,40,519,522
2023-01-23 10:42:51,31,40,519,522
2023-01-23 10:42:51,31,37,519,522
2023-01-23 10:42:52,31,35,519,522
2023-01-23 10:43:11,30,35,519,522
2023-01-23 10:43:46,31,35,519,522
2023-01-23 10:44:05,30,35,519,522
2023-01-23 10:44:05,31,35,519,522
2023-01-23 10:44:21,30,35,519,522
2023-01-23 10:44:24,31,35,519,522
2023-01-23 10:44:41,30,35,519,522
2023-01-23 10:45:22,31,35,519,522
2023-01-23 10:45:25,31,37,519,522
2023-01-23 10:45:26,31,35,519,522
2023-01-23 10:45:40,30,35,519,522
2023-01-23 10:45:59,31,35,519,522
2023-01-23 10:46:17,30,35,519,522
2023-01-23 10:46:36,31,35,519,522
2023-01-23 10:46:51,28,35,519,522
2023-01-23 10:46:51,26,35,519,522
2023-01-23 10:46:52,24,35,519,522
2023-01-23 10:46:52,24,34,519,522
2023-01-23 10:46:52,29,34,519,522
2023-01-23 10:46:54,30,34,519,522
2023-01-23 10:47:12,29,34,519,522
2023-01-23 10:47:12,30,34,519,522
2023-01-23 10:47:30,29,34,519,522
2023-01-23 10:47:31,30,34,519,522
2023-01-23 10:47:49,29,34,519,522
2023-01-23 10:48:20,27,34,519,522
2023-01-23 10:48:20,25,34,519,522
2023-01-23 10:48:21,24,34,519,522
2023-01-23 10:48:21,24,41,519,522
2023-01-23 10:48:23,26,41,519,522
2023-01-23 10:48:23,26,37,519,522
2023-01-23 10:48:23,28,37,519,522
2023-01-23 10:48:23,28,33,519,522
2023-01-23 10:49:19,28,37,519,522
2023-01-23 10:49:20,24,37,519,522
2023-01-23 10:49:20,25,37,519,522
2023-01-23 10:49:20,27,37,519,522
2023-01-23 10:49:20,27,36,519,522
2023-01-23 10:49:21,27,34,519,522
2023-01-23 10:49:22,28,34,519,522
2023-01-23 10:49:22,28,32,519,522
2023-01-23 10:49:39,27,32,519,522
2023-01-23 10:49:49,27,34,519,522
2023-01-23 10:49:50,27,33,519,522
2023-01-23 10:49:51,27,31,519,522
2023-01-23 10:49:58,26,31,519,522
2023-01-23 10:49:58,27,31,519,522
2023-01-23 10:50:15,26,31,519,522
2023-01-23 10:50:16,27,31,519,522
2023-01-23 10:50:29,24,31,519,522
2023-01-23 10:50:29,22,31,519,522
2023-01-23 10:50:30,22,33,519,522
2023-01-23 10:50:30,25,33,519,522
2023-01-23 10:50:30,27,33,519,522
2023-01-23 10:50:31,27,32,519,522
2023-01-23 10:50:51,28,32,519,522
2023-01-23 10:51:09,27,32,519,522
2023-01-23 10:51:26,28,32,519,522
2023-01-23 10:51:44,27,32,519,522
2023-01-23 10:51:44,28,32,519,522
2023-01-23 10:52:02,27,32,519,522
2023-01-23 10:52:02,28,32,519,522
2023-01-23 10:52:19,27,32,519,522
2023-01-23 10:52:37,28,32,519,522
2023-01-23 10:52:51,27,32,519,522
2023-01-23 10:52:56,28,32,519,522
2023-01-23 10:53:13,27,32,519,522
2023-01-23 10:53:31,28,32,519,522
2023-01-23 10:53:49,27,32,519,522
2023-01-23 10:53:49,28,32,519,522
2023-01-23 10:53:51,28,34,519,522
2023-01-23 10:53:51,28,33,519,522
2023-01-23 10:54:07,27,33,519,522
2023-01-23 10:54:07,29,33,519,522
2023-01-23 10:54:20,27,33,519,522
2023-01-23 10:54:20,25,33,519,522
2023-01-23 10:54:21,28,33,519,522
2023-01-23 10:54:25,29,33,519,522
2023-01-23 10:54:40,28,33,519,522
2023-01-23 10:55:00,29,33,519,522
2023-01-23 10:55:18,28,33,519,522
2023-01-23 10:55:36,29,33,519,522
2023-01-23 10:55:49,28,33,519,522
2023-01-23 10:57:23,29,33,519,522
2023-01-23 10:57:40,28,33,519,522
2023-01-23 10:57:49,28,36,519,522
2023-01-23 10:57:49,28,34,519,522
2023-01-23 10:58:22,28,33,519,522
2023-01-23 10:58:49,27,33,519,522
2023-01-23 10:58:52,28,33,519,522
2023-01-23 10:59:09,27,33,519,522
2023-01-23 10:59:27,29,33,519,522
2023-01-23 10:59:44,27,33,519,522
2023-01-23 10:59:45,28,33,519,522
2023-01-23 10:59:49,28,34,519,522
2023-01-23 11:00:03,29,34,519,522
2023-01-23 11:00:20,28,34,519,522
2023-01-23 11:00:20,29,34,519,522
2023-01-23 11:00:33,27,34,519,522
2023-01-23 11:00:33,29,34,519,522
2023-01-23 11:01:18,28,34,519,522
2023-01-23 11:01:18,28,36,519,522
2023-01-23 11:01:19,28,35,519,522
2023-01-23 11:01:19,28,33,519,522
2023-01-23 11:01:51,28,35,519,522
2023-01-23 11:01:51,27,35,519,522
2023-01-23 11:01:52,27,34,519,522
2023-01-23 11:01:53,27,32,519,522
2023-01-23 11:02:07,28,32,519,522
2023-01-23 11:02:19,27,32,519,522
2023-01-23 11:03:19,28,32,519,522
2023-01-23 11:03:21,28,34,519,522
2023-01-23 11:03:21,28,35,519,522
2023-01-23 11:03:22,28,33,519,522
2023-01-23 11:03:49,26,33,519,522
2023-01-23 11:03:50,26,31,519,522
2023-01-23 11:04:17,26,31,519,755
2023-01-23 11:04:21,25,31,519,755
2023-01-23 11:04:50,25,29,519,755
2023-01-23 11:04:50,25,27,519,755
2023-01-23 11:04:52,22,27,519,755
2023-01-23 11:05:05,23,27,519,755
2023-01-23 11:05:23,22,27,519,755
2023-01-23 11:05:24,21,27,519,755
2023-01-23 11:05:25,21,25,519,755
2023-01-23 11:05:41,20,25,519,755
2023-01-23 11:05:41,21,25,519,755
2023-01-23 11:05:49,21,27,519,755
2023-01-23 11:05:49,21,29,519,755
2023-01-23 11:05:50,21,30,519,755
2023-01-23 11:05:50,21,28,519,755
2023-01-23 11:05:50,21,26,519,755
2023-01-23 11:06:19,22,26,519,755
2023-01-23 11:06:36,21,26,519,755
2023-01-23 11:06:50,21,25,519,755
2023-01-23 11:06:53,20,25,519,755
2023-01-23 11:06:55,21,25,519,755
2023-01-23 11:07:12,20,25,519,755
2023-01-23 11:07:48,20,27,519,755
2023-01-23 11:07:49,20,22,519,755
2023-01-23 11:07:49,19,22,519,755
2023-01-23 11:08:05,17,22,519,755
2023-01-23 11:08:05,19,22,519,755
2023-01-23 11:08:19,17,22,519,755
2023-01-23 11:08:20,18,22,519,755
2023-01-23 11:08:23,19,22,519,755
2023-01-23 11:08:41,18,22,519,755
2023-01-23 11:08:41,19,22,519,755
2023-01-23 11:08:58,18,22,519,755
2023-01-23 11:08:58,20,22,519,755
2023-01-23 11:09:16,18,22,519,755
2023-01-23 11:09:35,19,22,519,755
2023-01-23 11:09:48,15,22,519,755
2023-01-23 11:09:48,15,25,519,755
2023-01-23 11:09:48,15,23,519,755
2023-01-23 11:09:48,17,23,519,755
2023-01-23 11:09:49,17,21,519,755
2023-01-23 11:09:53,18,21,519,755
2023-01-23 11:10:11,17,21,519,755
2023-01-23 11:10:11,19,21,519,755
2023-01-23 11:10:26,15,21,519,755
2023-01-23 11:10:27,16,21,519,755
2023-01-23 11:10:28,18,21,519,755
2023-01-23 11:10:46,16,21,519,755
2023-01-23 11:10:46,18,21,519,755
2023-01-23 11:11:03,17,21,519,755
2023-01-23 11:11:04,18,21,519,755
2023-01-23 11:11:22,17,21,519,755
2023-01-23 11:11:40,16,21,519,755
2023-01-23 11:11:40,18,21,519,755
2023-01-23 11:11:58,16,21,519,755
2023-01-23 11:11:58,18,21,519,755
2023-01-23 11:12:15,16,21,519,755
2023-01-23 11:12:16,19,21,519,755
2023-01-23 11:12:21,19,22,519,755
2023-01-23 11:12:21,19,20,519,755
2023-01-23 11:12:33,16,20,519,755
2023-01-23 11:12:33,19,20,519,755
2023-01-23 11:12:49,16,20,519,755
2023-01-23 11:12:51,19,20,519,755
2023-01-23 11:13:08,16,20,519,755
2023-01-23 11:13:08,17,20,519,755
2023-01-23 11:13:20,16,18,519,755
2023-01-23 11:13:26,17,18,519,755
2023-01-23 11:13:43,16,18,519,755
2023-01-23 11:13:43,19,21,529,765
2023-01-23 11:14:01,16,21,529,765
2023-01-23 11:14:01,19,21,529,765
2023-01-23 11:14:19,16,21,529,765
2023-01-23 11:14:19,18,21,529,765
2023-01-23 11:14:37,16,21,529,765
2023-01-23 11:14:37,19,21,529,765
2023-01-23 11:14:51,17,21,529,765
2023-01-23 11:14:55,20,21,529,765
2023-01-23 11:15:12,17,21,529,765
2023-01-23 11:15:13,18,21,529,765
2023-01-23 11:15:25,18,23,529,765
2023-01-23 11:15:26,17,23,529,765
2023-01-23 11:15:26,17,26,529,765
2023-01-23 11:15:26,17,24,529,765
2023-01-23 11:15:26,17,22,529,765
2023-01-23 11:15:30,18,22,529,765
2023-01-23 11:15:48,17,22,529,765
2023-01-23 11:15:48,18,22,529,765
2023-01-23 11:15:51,18,23,529,765
2023-01-23 11:16:05,19,23,529,765
2023-01-23 11:16:23,18,23,529,765
2023-01-23 11:16:24,14,23,529,765
2023-01-23 11:16:24,17,23,529,765
2023-01-23 11:16:24,18,23,529,765
2023-01-23 11:16:25,18,21,529,765
2023-01-23 11:16:42,17,21,529,765
2023-01-23 11:16:42,18,21,529,765
2023-01-23 11:16:59,17,21,529,765
2023-01-23 11:16:59,18,21,529,765
2023-01-23 11:17:17,17,21,529,765
2023-01-23 11:17:17,19,21,529,765
2023-01-23 11:17:19,19,23,529,765
2023-01-23 11:17:19,19,22,529,765
2023-01-23 11:17:34,17,22,529,765
2023-01-23 11:17:35,18,22,529,765
2023-01-23 11:17:48,17,22,529,765
2023-01-23 11:17:53,20,22,529,765
2023-01-23 11:18:10,17,22,529,765
2023-01-23 11:18:11,19,22,529,765
2023-01-23 11:18:22,16,22,529,765
2023-01-23 11:18:22,18,22,529,765
2023-01-23 11:18:48,18,26,529,765
2023-01-23 11:18:49,18,25,529,765
2023-01-23 11:18:49,18,23,529,765
2023-01-23 11:18:49,18,21,529,765
2023-01-23 11:19:04,17,21,529,765
2023-01-23 11:19:04,18,21,529,765
2023-01-23 11:19:21,17,21,529,765
2023-01-23 11:19:25,16,21,529,765
2023-01-23 11:19:52,16,19,529,765
2023-01-23 11:20:30,16,17,529,765
2023-01-23 11:20:31,15,17,529,765
2023-01-23 11:20:45,13,17,529,765
2023-01-23 11:20:45,14,17,529,765
2023-01-23 11:20:54,14,19,529,765
2023-01-23 11:20:54,14,18,529,765
2023-01-23 11:20:55,14,16,529,765
2023-01-23 11:21:02,12,16,529,765
2023-01-23 11:21:02,14,16,529,765
2023-01-23 11:21:19,12,16,529,765
2023-01-23 11:21:19,14,16,529,765
2023-01-23 11:21:37,12,16,529,765
2023-01-23 11:21:37,14,16,529,765
2023-01-23 11:21:50,13,17,529,765
2023-01-23 11:21:54,16,17,529,765
2023-01-23 11:22:11,13,17,529,765
2023-01-23 11:22:11,16,17,529,765
2023-01-23 11:22:29,13,17,529,765
2023-01-23 11:22:29,15,17,529,765
2023-01-23 11:22:46,13,17,529,765
2023-01-23 11:22:46,16,17,529,765
2023-01-23 11:23:03,13,17,529,765
2023-01-23 11:23:03,14,17,529,765
2023-01-23 11:23:19,13,17,529,765
2023-01-23 11:23:21,15,17,529,765
2023-01-23 11:23:23,15,19,529,765
2023-01-23 11:23:24,15,17,529,765
2023-01-23 11:23:37,13,17,529,765
2023-01-23 11:23:37,16,17,529,765
2023-01-23 11:23:48,13,17,529,765
2023-01-23 11:23:55,14,17,529,765
2023-01-23 11:24:13,13,17,529,765
2023-01-23 11:24:13,15,17,529,765
2023-01-23 11:24:20,15,19,529,765
2023-01-23 11:24:21,15,17,529,765
2023-01-23 11:24:26,13,17,529,765
2023-01-23 11:24:31,15,17,529,765
2023-01-23 11:24:48,13,17,529,765
2023-01-23 11:24:48,13,19,529,765
2023-01-23 11:24:48,13,18,529,765
2023-01-23 11:24:51,16,18,529,765
2023-01-23 11:25:08,13,18,529,765
2023-01-23 11:25:09,16,18,529,765
2023-01-23 11:25:24,14,18,529,765
2023-01-23 11:25:26,16,18,529,765
2023-01-23 11:25:44,14,18,529,765
2023-01-23 11:25:44,18,20,1069,1305
2023-01-23 11:25:54,14,20,1069,1305
2023-01-23 11:26:03,19,20,1069,1305
2023-01-23 11:26:19,14,20,1069,1305
2023-01-23 11:26:19,13,20,1069,1305
2023-01-23 11:26:20,16,20,1069,1305
2023-01-23 11:26:21,16,20,1353,1589
2023-01-23 11:26:38,20,22,1477,1713
2023-01-23 11:26:47,20,26,1477,1713
2023-01-23 11:26:48,20,25,1477,1713
2023-01-23 11:26:48,20,21,1477,1713
2023-01-23 11:26:55,17,21,1477,1713
2023-01-23 11:26:55,17,21,1777,2013
2023-01-23 11:27:13,20,21,1777,2013
2023-01-23 11:27:20,20,23,1777,2013
2023-01-23 11:27:20,20,25,1777,2013
2023-01-23 11:27:21,20,26,1777,2013
2023-01-23 11:27:22,20,24,1777,2013
2023-01-23 11:27:30,21,24,1777,2013
2023-01-23 11:27:48,20,24,1777,2013
2023-01-23 11:27:48,21,24,1777,2013
2023-01-23 11:28:05,19,24,1777,2013
2023-01-23 11:28:05,22,24,1777,2013
2023-01-23 11:28:20,19,24,1777,2013
2023-01-23 11:28:20,20,24,1777,2013
2023-01-23 11:28:22,22,24,1777,2013
2023-01-23 11:28:39,20,24,1777,2013
2023-01-23 11:28:40,22,24,1777,2013
2023-01-23 11:28:53,22,25,1777,2013
2023-01-23 11:28:57,20,25,1777,2013
2023-01-23 11:28:57,22,25,1777,2013
2023-01-23 11:29:16,20,25,1777,2013
2023-01-23 11:29:16,23,25,1777,2013
2023-01-23 11:29:33,21,25,1777,2013
2023-01-23 11:29:33,22,25,1777,2013
2023-01-23 11:29:48,19,25,1777,2013
2023-01-23 11:29:48,18,25,1777,2013
2023-01-23 11:29:49,20,25,1777,2013
2023-01-23 11:29:49,22,25,1777,2013
2023-01-23 11:29:49,22,27,1777,2013
2023-01-23 11:29:51,23,27,1777,2013
2023-01-23 11:30:09,22,27,1777,2013
2023-01-23 11:30:28,25,27,1777,2013
2023-01-23 11:30:31,25,28,1777,2013
2023-01-23 11:30:45,23,28,1777,2013
2023-01-23 11:30:53,23,30,1777,2013
2023-01-23 11:30:53,23,29,1777,2013
2023-01-23 11:30:53,23,27,1777,2013
2023-01-23 11:30:58,22,27,1777,2013
2023-01-23 11:31:55,23,27,1777,2013
2023-01-23 11:32:12,22,27,1777,2013
2023-01-23 11:32:49,21,27,1777,2013
2023-01-23 11:32:49,21,26,1777,2013
2023-01-23 11:33:22,22,26,1777,2013
2023-01-23 11:33:40,21,26,1777,2013
2023-01-23 11:33:40,23,26,1777,2013
2023-01-23 11:33:48,23,25,1777,2013
2023-01-23 11:33:57,20,25,1777,2013
2023-01-23 11:33:57,21,25,1777,2013
2023-01-23 11:34:14,20,25,1777,2013
2023-01-23 11:34:15,21,25,1777,2013
2023-01-23 11:34:32,20,25,1777,2013
2023-01-23 11:34:48,20,27,1777,2013
2023-01-23 11:34:48,20,25,1777,2013
2023-01-23 11:34:50,22,25,1777,2013
2023-01-23 11:35:07,20,25,1777,2013
2023-01-23 11:35:08,21,25,1777,2013
2023-01-23 11:35:23,20,25,1777,2013
2023-01-23 11:35:23,18,25,1777,2013
2023-01-23 11:35:23,19,25,1777,2013
2023-01-23 11:35:25,19,28,1777,2013
2023-01-23 11:35:25,21,28,1777,2013
2023-01-23 11:35:25,21,26,1777,2013
2023-01-23 11:35:43,22,26,1777,2013
2023-01-23 11:36:00,21,26,1777,2013
2023-01-23 11:36:18,22,26,1777,2013
2023-01-23 11:36:36,23,26,1777,2013
2023-01-23 11:36:47,23,28,1777,2013
2023-01-23 11:36:48,22,28,1777,2013
2023-01-23 11:36:48,23,28,1777,2013
2023-01-23 11:36:53,24,28,1777,2013
2023-01-23 11:37:11,23,28,1777,2013
2023-01-23 11:37:11,24,28,1777,2013
2023-01-23 11:37:29,23,28,1777,2013
2023-01-23 11:37:49,23,29,1777,2013
2023-01-23 11:37:49,21,29,1777,2013
2023-01-23 11:37:49,21,27,1777,2013
2023-01-23 11:37:50,22,27,1777,2013
2023-01-23 11:38:04,22,27,1777,2235
2023-01-23 11:38:21,20,27,1777,2235
2023-01-23 11:38:21,20,25,1777,2235
2023-01-23 11:38:58,20,25,1782,2245
2023-01-23 11:39:22,20,24,1782,2245
2023-01-23 11:39:25,19,24,1782,2245
2023-01-23 11:39:32,21,24,1782,2245
2023-01-23 11:39:50,19,26,1782,2245
2023-01-23 11:39:51,20,26,1782,2245
2023-01-23 11:39:51,20,27,1782,2245
2023-01-23 11:39:51,20,23,1782,2245
2023-01-23 11:40:06,19,23,1782,2245
2023-01-23 11:40:08,20,23,1782,2245
2023-01-23 11:40:26,19,23,1782,2245
2023-01-23 11:40:27,20,23,1782,2245
2023-01-23 11:40:30,20,27,1782,2245
2023-01-23 11:40:31,20,24,1782,2245
2023-01-23 11:40:45,19,24,1782,2245
2023-01-23 11:40:45,20,24,1782,2245
2023-01-23 11:40:55,19,25,1782,2245
2023-01-23 11:40:56,19,23,1782,2245
2023-01-23 11:41:20,20,23,1782,2245
2023-01-23 11:41:37,18,23,1782,2245
2023-01-23 11:41:37,20,23,1782,2245
2023-01-23 11:41:49,19,23,1782,2245
2023-01-23 11:41:49,19,24,1782,2245
2023-01-23 11:41:55,20,24,1782,2245
2023-01-23 11:42:13,19,24,1782,2245
2023-01-23 11:42:13,20,24,1782,2245
2023-01-23 11:42:21,20,25,1782,2245
2023-01-23 11:42:22,20,23,1782,2245
2023-01-23 11:42:31,19,23,1782,2245
2023-01-23 11:42:31,20,23,1782,2245
2023-01-23 11:42:47,19,23,1782,2245
2023-01-23 11:42:50,19,28,1782,2245
2023-01-23 11:42:50,19,26,1782,2245
2023-01-23 11:42:50,19,24,1782,2245
2023-01-23 11:43:04,20,24,1782,2245
2023-01-23 11:43:19,19,24,1782,2245
2023-01-23 11:43:19,17,24,1782,2245
2023-01-23 11:43:20,18,24,1782,2245
2023-01-23 11:43:20,18,22,1782,2245
2023-01-23 11:43:21,19,22,1782,2245
2023-01-23 11:43:38,18,22,1782,2245
2023-01-23 11:43:38,19,22,1782,2245
2023-01-23 11:43:56,17,22,1782,2245
2023-01-23 11:44:31,18,22,1782,2245
2023-01-23 11:44:48,17,22,1782,2245
2023-01-23 11:44:49,17,28,1782,2245
2023-01-23 11:44:49,17,21,1782,2245
2023-01-23 11:44:50,19,21,1782,2245
2023-01-23 11:45:06,17,21,1782,2245
2023-01-23 11:45:06,18,21,1782,2245
2023-01-23 11:45:23,17,21,1782,2245
2023-01-23 11:45:23,19,21,1782,2245
2023-01-23 11:45:25,19,22,1782,2245
2023-01-23 11:45:40,17,22,1782,2245
2023-01-23 11:45:40,20,22,1782,2245
2023-01-23 11:45:57,17,22,1782,2245
2023-01-23 11:45:57,19,22,1782,2245
2023-01-23 11:46:15,17,22,1782,2245
2023-01-23 11:46:15,19,22,1782,2245
2023-01-23 11:46:21,19,24,1782,2245
2023-01-23 11:46:23,19,23,1782,2245
2023-01-23 11:46:25,18,23,1782,2245
2023-01-23 11:46:33,19,23,1782,2245
2023-01-23 11:46:50,18,23,1782,2245
2023-01-23 11:46:55,18,25,1782,2245
2023-01-23 11:46:55,18,24,1782,2245
2023-01-23 11:46:55,18,22,1782,2245
2023-01-23 11:47:07,17,22,1782,2245
2023-01-23 11:47:07,19,22,1782,2245
2023-01-23 11:47:20,15,22,1782,2245
2023-01-23 11:47:20,14,22,1782,2245
2023-01-23 11:47:20,14,27,1782,2245
2023-01-23 11:47:22,14,23,1782,2245
2023-01-23 11:47:23,14,21,1782,2245
2023-01-23 11:47:23,16,21,1782,2245
2023-01-23 11:47:24,18,21,1782,2245
2023-01-23 11:47:43,16,21,1782,2245
2023-01-23 11:47:43,18,21,1782,2245
2023-01-23 11:47:49,18,22,1782,2245
2023-01-23 11:48:00,17,22,1782,2245
2023-01-23 11:48:18,18,22,1782,2245
2023-01-23 11:48:35,17,22,1782,2245
2023-01-23 11:48:49,17,21,1782,2245
2023-01-23 11:48:51,18,21,1782,2245
2023-01-23 11:49:08,17,21,1782,2245
2023-01-23 11:49:20,14,21,1782,2245
2023-01-23 11:49:20,14,21,1782,2245
2023-01-23 11:49:23,16,21,1782,2245
2023-01-23 11:49:49,15,21,1782,2245
2023-01-23 11:49:50,15,20,1782,2245
2023-01-23 11:50:28,15,22,1782,2245
2023-01-23 11:50:28,15,27,1782,2245
2023-01-23 11:50:28,14,27,1782,2245
2023-01-23 11:50:28,14,21,1782,2245
2023-01-23 11:50:28,14,19,1782,2245
2023-01-23 11:50:33,17,19,1782,2245
2023-01-23 11:50:50,14,19,1782,2245
2023-01-23 11:50:50,15,19,1782,2245
2023-01-23 11:51:07,16,19,1782,2245
2023-01-23 11:51:20,15,19,1782,2245
2023-01-23 11:51:22,15,20,1782,2245
2023-01-23 11:51:23,17,20,1782,2245
2023-01-23 11:51:40,15,20,1782,2245
2023-01-23 11:51:40,16,20,1782,2245
2023-01-23 11:51:49,16,22,1782,2245
2023-01-23 11:51:49,16,23,1782,2245
2023-01-23 11:51:50,16,21,1782,2245
2023-01-23 11:51:58,17,21,1782,2245
2023-01-23 11:52:15,16,21,1782,2245
2023-01-23 11:52:20,15,21,1782,2245
2023-01-23 11:52:21,17,21,1782,2245
2023-01-23 11:52:49,17,23,1782,2245
2023-01-23 11:52:49,17,25,1782,2245
2023-01-23 11:52:50,17,26,1782,2245
2023-01-23 11:52:50,17,20,1782,2245
2023-01-23 11:52:50,18,20,1782,2245
2023-01-23 11:53:08,16,20,1782,2245
2023-01-23 11:53:08,17,20,1782,2245
2023-01-23 11:53:19,17,21,1782,2245
2023-01-23 11:53:25,16,21,1782,2245
2023-01-23 11:53:49,16,20,1782,2245
2023-01-23 11:54:21,15,20,1782,2245
2023-01-23 11:54:33,16,20,1782,2245
2023-01-23 11:54:49,15,20,1782,2245
2023-01-23 11:54:49,15,19,1782,2245
2023-01-23 11:55:41,16,19,1782,2245
2023-01-23 11:55:47,16,21,1782,2245
2023-01-23 11:55:47,16,20,1782,2245
2023-01-23 11:55:58,15,20,1782,2245
2023-01-23 11:56:49,15,22,1782,2245
2023-01-23 11:56:50,15,19,1782,2245
2023-01-23 11:56:51,14,19,1782,2245
2023-01-23 11:57:05,15,19,1782,2245
2023-01-23 11:57:20,14,19,1782,2245
2023-01-23 11:57:22,15,19,1782,2245
2023-01-23 11:57:38,14,19,1782,2245
2023-01-23 11:57:39,15,19,1782,2245
2023-01-23 11:57:56,14,19,1782,2245
2023-01-23 11:57:56,17,19,1782,2245
2023-01-23 11:58:13,14,19,1782,2245
2023-01-23 11:58:13,15,19,1782,2245
2023-01-23 11:58:47,16,19,1782,2245
2023-01-23 11:58:49,16,23,1782,2245
2023-01-23 11:58:49,16,20,1782,2245
2023-01-23 11:59:03,15,20,1782,2245
2023-01-23 11:59:22,15,19,1782,2245
2023-01-23 11:59:23,14,19,1782,2245
2023-01-23 11:59:49,14,21,1782,2245
2023-01-23 11:59:49,14,18,1782,2245
2023-01-23 11:59:54,15,18,1782,2245
2023-01-23 12:00:11,14,18,1782,2245
2023-01-23 12:00:28,15,18,1782,2245
2023-01-23 12:00:45,14,18,1782,2245
2023-01-23 12:00:55,14,19,1782,2245
2023-01-23 12:01:02,15,19,1782,2245
2023-01-23 12:01:19,14,19,1782,2245
2023-01-23 12:01:19,15,19,1782,2245
2023-01-23 12:01:22,15,21,1782,2245
2023-01-23 12:01:23,15,23,1782,2245
2023-01-23 12:01:23,15,20,1782,2245
2023-01-23 12:02:11,16,20,1782,2245
2023-01-23 12:02:21,16,19,1782,2245
2023-01-23 12:02:28,14,19,1782,2245
2023-01-23 12:02:28,15,19,1782,2245
2023-01-23 12:02:44,14,19,1782,2245
2023-01-23 12:02:45,15,19,1782,2245
2023-01-23 12:02:48,15,20,1782,2245
2023-01-23 12:02:48,15,18,1782,2245
2023-01-23 12:03:02,14,18,1782,2245
2023-01-23 12:03:02,16,18,1782,2245
2023-01-23 12:03:19,14,18,1782,2245
2023-01-23 12:03:19,17,18,1782,2245
2023-01-23 12:03:21,17,20,1782,2245
2023-01-23 12:03:36,15,20,1782,2245
2023-01-23 12:03:37,17,20,1782,2245
2023-01-23 12:03:53,15,20,1782,2245
2023-01-23 12:03:54,16,20,1782,2245
2023-01-23 12:04:10,15,20,1782,2245
2023-01-23 12:04:49,15,23,1782,2245
2023-01-23 12:04:49,15,21,1782,2245
2023-01-23 12:04:50,15,19,1782,2245
2023-01-23 12:05:35,16,19,1782,2245
2023-01-23 12:05:50,15,19,1782,2245
2023-01-23 12:05:51,16,19,1782,2245
2023-01-23 12:06:08,15,19,1782,2245
2023-01-23 12:06:25,16,19,1782,2245
2023-01-23 12:06:42,15,19,1782,2245
2023-01-23 12:06:42,16,19,1782,2245
2023-01-23 12:06:49,16,20,1782,2245
2023-01-23 12:06:59,15,20,1782,2245
2023-01-23 12:06:59,17,20,1782,2245
2023-01-23 12:07:15,15,20,1782,2245
2023-01-23 12:07:16,17,20,1782,2245
2023-01-23 12:07:20,17,22,1782,2245
2023-01-23 12:07:21,17,31,1782,2245
2023-01-23 12:07:21,17,23,1782,2245
2023-01-23 12:07:21,17,21,1782,2245
2023-01-23 12:07:26,16,21,1782,2245
2023-01-23 12:07:34,18,21,1782,2245
2023-01-23 12:07:48,16,21,1782,2245
2023-01-23 12:07:48,17,21,1782,2245
2023-01-23 12:07:48,17,23,1782,2245
2023-01-23 12:07:49,17,24,1782,2245
2023-01-23 12:07:50,17,22,1782,2245
2023-01-23 12:08:09,19,22,1782,2245
2023-01-23 12:08:26,17,22,1782,2245
2023-01-23 12:08:26,19,22,1782,2245
2023-01-23 12:08:43,17,22,1782,2245
2023-01-23 12:08:44,20,22,1782,2245
2023-01-23 12:08:48,20,24,1782,2245
2023-01-23 12:09:01,19,24,1782,2245
2023-01-23 12:09:02,20,24,1782,2245
2023-01-23 12:09:19,19,24,1782,2245
2023-01-23 12:09:19,22,24,1782,2245
2023-01-23 12:09:21,22,25,1782,2245
2023-01-23 12:09:36,20,25,1782,2245
2023-01-23 12:09:37,22,25,1782,2245
2023-01-23 12:09:49,22,27,1782,2245
2023-01-23 12:09:49,22,26,1782,2245
2023-01-23 12:10:27,22,27,1782,2245
2023-01-23 12:10:50,22,26,1782,2245
2023-01-23 12:10:50,21,26,1782,2245
2023-01-23 12:11:42,22,26,1782,2245
2023-01-23 12:11:48,22,25,1782,2245
2023-01-23 12:11:59,21,25,1782,2245
2023-01-23 12:11:59,22,25,1782,2245
2023-01-23 12:12:16,21,25,1782,2245
2023-01-23 12:12:23,21,26,1782,2245
2023-01-23 12:12:34,22,26,1782,2245
2023-01-23 12:12:51,21,26,1782,2245
2023-01-23 12:12:51,24,26,1782,2245
2023-01-23 12:13:09,21,26,1782,2245
2023-01-23 12:13:09,22,26,1782,2245
2023-01-23 12:13:19,22,28,1782,2245
2023-01-23 12:13:21,22,27,1782,2245
2023-01-23 12:13:48,21,27,1782,2245
2023-01-23 12:13:48,21,26,1782,2245
2023-01-23 12:14:01,22,26,1782,2245
2023-01-23 12:14:18,21,26,1782,2245
2023-01-23 12:14:19,22,26,1782,2245
2023-01-23 12:14:20,22,28,1782,2245
2023-01-23 12:14:20,22,29,1782,2245
2023-01-23 12:14:20,22,27,1782,2245
2023-01-23 12:15:24,22,26,1782,2245
2023-01-23 12:15:50,21,26,1782,2245
2023-01-23 12:16:48,21,28,1782,2245
2023-01-23 12:16:48,21,27,1782,2245
2023-01-23 12:16:49,19,27,1782,2245
2023-01-23 12:16:49,20,27,1782,2245
2023-01-23 12:16:49,20,25,1782,2245
2023-01-23 12:17:21,20,29,1782,2245
2023-01-23 12:17:22,20,26,1782,2245
2023-01-23 12:17:22,20,24,1782,2245
2023-01-23 12:17:29,21,24,1782,2245
2023-01-23 12:17:47,20,24,1782,2245
2023-01-23 12:17:47,21,24,1782,2245
2023-01-23 12:18:04,20,24,1782,2245
2023-01-23 12:18:04,22,24,1782,2245
2023-01-23 12:18:18,20,24,1782,2245
2023-01-23 12:18:18,20,26,1782,2245
2023-01-23 12:18:19,20,28,1782,2245
2023-01-23 12:18:19,20,27,1782,2245
2023-01-23 12:18:19,20,25,1782,2245
2023-01-23 12:19:20,20,27,1782,2245
2023-01-23 12:19:20,20,28,1782,2245
2023-01-23 12:19:21,20,26,1782,2245
2023-01-23 12:19:21,19,26,1782,2245
2023-01-23 12:19:21,19,24,1782,2245
2023-01-23 12:20:29,17,24,1782,2245
2023-01-23 12:20:29,16,24,1782,2245
2023-01-23 12:20:29,18,24,1782,2245
2023-01-23 12:20:30,18,27,1782,2245
2023-01-23 12:20:30,18,23,1782,2245
2023-01-23 12:20:36,19,23,1782,2245
2023-01-23 12:20:52,18,23,1782,2245
2023-01-23 12:20:52,20,23,1782,2245
2023-01-23 12:21:09,18,23,1782,2245
2023-01-23 12:21:09,20,23,1782,2245
2023-01-23 12:21:21,18,23,1782,2245
2023-01-23 12:21:21,16,23,1782,2245
2023-01-23 12:21:21,16,25,1782,2245
2023-01-23 12:21:21,17,25,1782,2245
2023-01-23 12:21:22,19,25,1782,2245
2023-01-23 12:21:22,19,24,1782,2245
2023-01-23 12:21:27,20,24,1782,2245
2023-01-23 12:21:43,19,24,1782,2245
2023-01-23 12:21:44,20,24,1782,2245
2023-01-23 12:22:00,19,24,1782,2245
2023-01-23 12:22:00,20,24,1782,2245
2023-01-23 12:22:17,19,24,1782,2245
2023-01-23 12:22:17,20,24,1782,2245
2023-01-23 12:22:34,19,24,1782,2245
2023-01-23 12:22:34,20,24,1782,2245
2023-01-23 12:22:48,19,24,1782,2245
2023-01-23 12:23:09,20,24,1782,2245
2023-01-23 12:23:27,19,24,1782,2245
2023-01-23 12:23:27,21,24,1782,2245
2023-01-23 12:23:44,19,24,1782,2245
2023-01-23 12:23:44,20,24,1782,2245
2023-01-23 12:23:49,20,26,1782,2245
2023-01-23 12:23:50,20,25,1782,2245
2023-01-23 12:24:49,20,28,1782,2245
2023-01-23 12:24:49,20,24,1782,2245
2023-01-23 12:24:49,15,24,1782,2245
2023-01-23 12:24:50,17,24,1782,2245
2023-01-23 12:24:51,17,22,1782,2245
2023-01-23 12:24:54,19,22,1782,2245
2023-01-23 12:25:11,17,22,1782,2245
2023-01-23 12:25:11,18,22,1782,2245
2023-01-23 12:25:23,17,22,1782,2245
2023-01-23 12:25:28,19,22,1782,2245
2023-01-23 12:25:45,17,22,1782,2245
2023-01-23 12:25:46,19,22,1782,2245
2023-01-23 12:25:49,19,23,1782,2245
2023-01-23 12:26:02,18,23,1782,2245
2023-01-23 12:26:03,19,23,1782,2245
2023-01-23 12:26:20,18,23,1782,2245
2023-01-23 12:26:22,19,23,1782,2245
2023-01-23 12:26:23,19,24,1782,2245
2023-01-23 12:26:49,19,27,1782,2245
2023-01-23 12:26:50,19,23,1782,2245
2023-01-23 12:26:50,18,23,1782,2245
2023-01-23 12:26:54,18,23,1832,2295
2023-01-23 12:27:20,18,25,1832,2295
2023-01-23 12:27:20,18,28,1832,2295
2023-01-23 12:27:20,18,24,1832,2295
2023-01-23 12:27:20,18,22,1832,2295
2023-01-23 12:27:48,18,23,1832,2295
2023-01-23 12:28:23,16,23,1832,2295
2023-01-23 12:28:23,18,23,1832,2295
2023-01-23 12:28:48,17,23,1832,2295
2023-01-23 12:28:49,17,21,1832,2295
2023-01-23 12:28:52,16,21,1832,2295
2023-01-23 12:28:57,18,21,1832,2295
2023-01-23 12:29:14,16,21,1832,2295
2023-01-23 12:29:14,18,21,1832,2295
2023-01-23 12:29:31,17,21,1832,2295
2023-01-23 12:29:31,19,21,1832,2295
2023-01-23 12:29:47,17,21,1832,2295
2023-01-23 12:29:47,18,21,1832,2295
2023-01-23 12:30:04,17,21,1832,2295
2023-01-23 12:30:21,18,21,1832,2295
2023-01-23 12:30:26,18,23,1832,2295
2023-01-23 12:30:26,18,25,1832,2295
2023-01-23 12:30:26,18,27,1832,2295
2023-01-23 12:30:27,18,26,1832,2295
2023-01-23 12:30:28,18,22,1832,2295
2023-01-23 12:30:39,17,22,1832,2295
2023-01-23 12:30:39,19,22,1832,2295
2023-01-23 12:30:50,19,23,1832,2295
2023-01-23 12:30:51,18,23,1832,2295
2023-01-23 12:30:56,19,23,1832,2295
2023-01-23 12:31:12,18,23,1832,2295
2023-01-23 12:31:13,19,23,1832,2295
2023-01-23 12:31:29,18,23,1832,2295
2023-01-23 12:31:29,19,23,1832,2295
2023-01-23 12:31:46,18,23,1832,2295
2023-01-23 12:31:46,20,23,1832,2295
2023-01-23 12:32:00,19,23,1832,2295
2023-01-23 12:32:04,20,23,1832,2295
2023-01-23 12:32:21,19,23,1832,2295
2023-01-23 12:32:21,19,25,1832,2295
2023-01-23 12:32:21,19,27,1832,2295
2023-01-23 12:32:21,19,26,1832,2295
2023-01-23 12:32:22,19,24,1832,2295
2023-01-23 12:32:38,20,24,1832,2295
2023-01-23 12:32:49,20,23,1832,2295
2023-01-23 12:32:51,19,23,1832,2295
2023-01-23 12:34:20,15,23,1832,2295
2023-01-23 12:34:21,16,23,1832,2295
2023-01-23 12:34:21,18,23,1832,2295
2023-01-23 12:34:39,19,23,1832,2295
2023-01-23 12:34:56,18,23,1832,2295
2023-01-23 12:34:56,19,23,1832,2295
2023-01-23 12:35:13,18,23,1832,2295
2023-01-23 12:35:31,20,23,1832,2295
2023-01-23 12:35:47,18,23,1832,2295
2023-01-23 12:35:47,21,23,1832,2295
2023-01-23 12:35:48,21,25,1832,2295
2023-01-23 12:35:48,21,26,1832,2295
2023-01-23 12:35:48,21,24,1832,2295
2023-01-23 12:36:04,19,24,1832,2295
2023-01-23 12:36:04,20,24,1832,2295
2023-01-23 12:36:21,19,24,1832,2295
2023-01-23 12:37:13,20,24,1832,2295
2023-01-23 12:37:30,19,24,1832,2295
2023-01-23 12:37:51,19,22,1832,2295
2023-01-23 12:37:51,17,22,1832,2295
2023-01-23 12:38:23,18,22,1832,2295
2023-01-23 12:38:39,17,22,1832,2295
2023-01-23 12:39:13,18,22,1832,2295
2023-01-23 12:39:30,17,22,1832,2295
2023-01-23 12:39:49,17,21,1832,2295
2023-01-23 12:40:05,18,21,1832,2295
2023-01-23 12:40:22,17,21,1832,2295
2023-01-23 12:40:29,17,23,1832,2295
2023-01-23 12:40:30,17,24,1832,2295
2023-01-23 12:40:30,17,22,1832,2295
2023-01-23 12:40:40,18,22,1832,2295
2023-01-23 12:40:57,17,22,1832,2295
2023-01-23 12:41:15,18,22,1832,2295
2023-01-23 12:41:31,17,22,1832,2295
2023-01-23 12:41:31,18,22,1832,2295
2023-01-23 12:41:48,17,22,1832,2295
2023-01-23 12:41:49,18,22,1832,2295
2023-01-23 12:42:05,17,22,1832,2295
2023-01-23 12:42:05,18,22,1832,2295
2023-01-23 12:42:19,17,24,1832,2295
2023-01-23 12:42:19,17,26,1832,2295
2023-01-23 12:42:20,17,27,1832,2295
2023-01-23 12:42:20,17,25,1832,2295
2023-01-23 12:42:20,17,23,1832,2295
2023-01-23 12:42:20,17,21,1832,2295
2023-01-23 12:42:22,18,21,1832,2295
2023-01-23 12:42:39,17,21,1832,2295
2023-01-23 12:42:39,19,21,1832,2295
2023-01-23 12:42:50,19,23,1832,2295
2023-01-23 12:42:56,18,23,1832,2295
2023-01-23 12:42:56,19,23,1832,2295
2023-01-23 12:43:13,18,23,1832,2295
2023-01-23 12:43:13,19,23,1832,2295
2023-01-23 12:43:30,21,23,1832,2295
2023-01-23 12:43:48,19,23,1832,2295
2023-01-23 12:43:48,19,24,1832,2295
2023-01-23 12:44:21,19,28,1832,2295
2023-01-23 12:44:23,19,25,1832,2295
2023-01-23 12:44:23,19,23,1832,2295
2023-01-23 12:44:49,19,25,1832,2295
2023-01-23 12:44:49,18,25,1832,2295
2023-01-23 12:44:49,18,24,1832,2295
2023-01-23 12:44:49,18,22,1832,2295
2023-01-23 12:44:50,17,22,1832,2295
2023-01-23 12:45:51,19,22,1832,2295
2023-01-23 12:46:07,17,22,1832,2295
2023-01-23 12:46:08,19,22,1832,2295
2023-01-23 12:46:19,19,24,1832,2295
2023-01-23 12:46:20,19,23,1832,2295
2023-01-23 12:46:23,18,23,1832,2295
2023-01-23 12:46:42,19,23,1832,2295
2023-01-23 12:46:50,19,24,1832,2295
2023-01-23 12:46:50,19,22,1832,2295
2023-01-23 12:47:00,17,22,1832,2295
2023-01-23 12:47:00,18,22,1832,2295
2023-01-23 12:47:11,17,22,1832,2295
2023-01-23 12:47:17,20,22,1832,2295
2023-01-23 12:47:23,20,23,1832,2295
2023-01-23 12:47:34,18,23,1832,2295
2023-01-23 12:47:47,18,28,1832,2295
2023-01-23 12:47:48,18,24,1832,2295
2023-01-23 12:47:48,18,22,1832,2295
2023-01-23 12:48:08,19,22,1832,2295
2023-01-23 12:48:20,18,22,1832,2295
2023-01-23 12:48:21,18,25,1832,2295
2023-01-23 12:48:21,18,23,1832,2295
2023-01-23 12:48:26,19,23,1832,2295
2023-01-23 12:48:43,18,23,1832,2295
2023-01-23 12:48:43,19,23,1832,2295
2023-01-23 12:49:00,18,23,1832,2295
2023-01-23 12:49:00,19,23,1832,2295
2023-01-23 12:49:18,18,23,1832,2295
2023-01-23 12:49:18,19,23,1832,2295
2023-01-23 12:49:19,19,24,1832,2295
2023-01-23 12:49:36,20,24,1832,2295
2023-01-23 12:49:49,19,24,1832,2295
2023-01-23 12:49:53,20,24,1832,2295
2023-01-23 12:50:11,19,24,1832,2295
2023-01-23 12:50:50,18,24,1832,2295
2023-01-23 12:50:51,18,23,1832,2295
2023-01-23 12:51:20,19,23,1832,2295
2023-01-23 12:51:22,19,22,1832,2295
2023-01-23 12:51:37,17,22,1832,2295
2023-01-23 12:51:37,19,22,1832,2295
2023-01-23 12:51:48,17,22,1832,2295
2023-01-23 12:51:49,14,22,1832,2295
2023-01-23 12:51:49,16,22,1832,2295
2023-01-23 12:51:49,18,23,1832,2295
2023-01-23 12:52:21,18,28,1832,2295
2023-01-23 12:52:22,18,26,1832,2295
2023-01-23 12:52:22,18,22,1832,2295
2023-01-23 12:52:25,17,22,1832,2295
2023-01-23 12:52:50,17,20,1832,2295
2023-01-23 12:53:04,15,20,1832,2295
2023-01-23 12:53:04,16,20,1832,2295
2023-01-23 12:53:21,15,20,1832,2295
2023-01-23 12:53:21,18,20,1832,2295
2023-01-23 12:53:32,15,20,1832,2295
2023-01-23 12:53:38,17,20,1832,2295
2023-01-23 12:53:55,16,20,1832,2295
2023-01-23 12:53:55,17,20,1832,2295
2023-01-23 12:54:11,16,20,1832,2295
2023-01-23 12:54:12,17,20,1832,2295
2023-01-23 12:54:28,15,20,1832,2295
2023-01-23 12:54:29,16,20,1832,2295
2023-01-23 12:54:45,15,20,1832,2295
2023-01-23 12:54:45,16,20,1832,2295
2023-01-23 12:54:48,16,19,1832,2295
2023-01-23 12:55:01,15,19,1832,2295
2023-01-23 12:55:18,16,19,1832,2295
2023-01-23 12:55:37,14,19,1832,2295
2023-01-23 12:55:37,16,19,1832,2295
2023-01-23 12:55:50,15,19,1832,2295
2023-01-23 12:56:12,16,19,1832,2295
2023-01-23 12:56:28,15,19,1832,2295
2023-01-23 12:56:29,16,19,1832,2295
2023-01-23 12:56:45,15,19,1832,2295
2023-01-23 12:56:48,15,21,1832,2295
2023-01-23 12:56:48,15,20,1832,2295
2023-01-23 12:56:48,15,18,1832,2295
2023-01-23 12:57:02,14,18,1832,2295
2023-01-23 12:57:02,16,18,1832,2295
2023-01-23 12:57:19,14,18,1832,2295
2023-01-23 12:57:19,16,18,1832,2295
2023-01-23 12:57:36,14,18,1832,2295
2023-01-23 12:57:48,14,19,1832,2295
2023-01-23 12:58:18,14,18,1832,2295
2023-01-23 12:58:28,13,18,1832,2295
2023-01-23 12:59:02,14,18,1832,2295
2023-01-23 12:59:17,13,18,1832,2295
2023-01-23 12:59:17,13,20,1832,2295
2023-01-23 12:59:18,13,19,1832,2295
2023-01-23 12:59:18,13,17,1832,2295
2023-01-23 12:59:18,14,17,1832,2295
2023-01-23 12:59:35,13,17,1832,2295
2023-01-23 13:00:09,14,17,1832,2295
2023-01-23 13:00:25,13,17,1832,2295
2023-01-23 13:00:26,15,17,1832,2295
2023-01-23 13:00:27,15,16,1832,2295
2023-01-23 13:00:42,12,16,1832,2295
2023-01-23 13:00:43,14,16,1832,2295
2023-01-23 13:00:49,14,18,1832,2295
2023-01-23 13:00:59,13,18,1832,2295
2023-01-23 13:01:17,14,18,1832,2295
2023-01-23 13:01:20,14,20,1832,2295
2023-01-23 13:01:22,14,24,1832,2295
2023-01-23 13:01:22,14,21,1832,2295
2023-01-23 13:01:22,14,17,1832,2295
2023-01-23 13:01:33,13,17,1832,2295
2023-01-23 13:01:49,12,17,1832,2295
2023-01-23 13:01:49,12,18,1832,2295
2023-01-23 13:01:50,12,16,1832,2295
2023-01-23 13:02:19,12,18,1832,2295
2023-01-23 13:02:19,12,14,1832,2295
2023-01-23 13:02:21,10,14,1832,2295
2023-01-23 13:02:23,11,14,1832,2295
2023-01-23 13:02:39,10,14,1832,2295
2023-01-23 13:02:39,11,14,1832,2295
2023-01-23 13:02:48,11,15,1832,2295
2023-01-23 13:03:19,11,17,1832,2295
2023-01-23 13:03:19,11,15,1832,2295
2023-01-23 13:03:31,10,15,1832,2295
2023-01-23 13:03:31,13,15,1832,2295
2023-01-23 13:03:38,13,15,1882,2345
2023-01-23 13:03:48,10,15,1882,2345
2023-01-23 13:03:48,11,15,1882,2345
2023-01-23 13:03:48,13,15,1882,2345
2023-01-23 13:04:05,11,15,1882,2345
2023-01-23 13:04:05,12,15,1882,2345
2023-01-23 13:04:20,11,15,1882,2345
2023-01-23 13:04:20,11,19,1882,2345
2023-01-23 13:04:20,12,19,1882,2345
2023-01-23 13:04:20,12,18,1882,2345
2023-01-23 13:04:22,12,16,1882,2345
2023-01-23 13:04:22,13,16,1882,2345
2023-01-23 13:04:39,12,16,1882,2345
2023-01-23 13:04:39,13,16,1882,2345
2023-01-23 13:04:49,13,18,1882,2345
2023-01-23 13:04:49,13,17,1882,2345
2023-01-23 13:04:50,13,15,1882,2345
2023-01-23 13:04:56,10,15,1882,2345
2023-01-23 13:04:56,12,15,1882,2345
2023-01-23 13:05:13,10,15,1882,2345
2023-01-23 13:05:13,13,15,1882,2345
2023-01-23 13:05:30,11,15,1882,2345
2023-01-23 13:05:46,13,15,1882,2345
2023-01-23 13:05:52,13,14,1882,2345
2023-01-23 13:06:03,10,14,1882,2345
2023-01-23 13:06:03,13,14,1882,2345
2023-01-23 13:06:20,10,14,1882,2345
2023-01-23 13:06:20,13,14,1882,2345
2023-01-23 13:06:37,10,14,1882,2345
2023-01-23 13:06:37,13,14,1882,2345
2023-01-23 13:06:53,10,14,1882,2345
2023-01-23 13:06:54,11,14,1882,2345
2023-01-23 13:07:10,10,14,1882,2345
2023-01-23 13:07:10,12,14,1882,2345
2023-01-23 13:07:27,10,14,1882,2345
2023-01-23 13:07:27,12,14,1882,2345
2023-01-23 13:07:44,10,14,1882,2345
2023-01-23 13:07:44,12,14,1882,2345
2023-01-23 13:08:01,10,14,1882,2345
2023-01-23 13:08:01,13,14,1882,2345
2023-01-23 13:08:17,10,14,1882,2345
2023-01-23 13:08:17,11,14,1882,2345
2023-01-23 13:08:23,11,15,1882,2345
2023-01-23 13:08:36,10,15,1882,2345
2023-01-23 13:08:36,12,15,1882,2345
2023-01-23 13:08:50,10,15,1882,2345
2023-01-23 13:08:51,10,14,1882,2345
2023-01-23 13:08:54,11,14,1882,2345
2023-01-23 13:09:12,10,14,1882,2345
2023-01-23 13:09:12,12,14,1882,2345
2023-01-23 13:09:22,10,14,1882,2345
2023-01-23 13:09:22,9,14,1882,2345
2023-01-23 13:09:23,9,13,1882,2345
2023-01-23 13:09:29,12,13,1882,2345
2023-01-23 13:09:45,9,13,1882,2345
2023-01-23 13:09:46,11,13,1882,2345
2023-01-23 13:09:51,11,14,1882,2345
2023-01-23 13:10:03,10,14,1882,2345
2023-01-23 13:10:03,11,14,1882,2345
2023-01-23 13:10:20,10,14,1882,2345
2023-01-23 13:10:20,11,14,1882,2345
2023-01-23 13:10:37,10,14,1882,2345
2023-01-23 13:10:37,11,14,1882,2345
2023-01-23 13:10:39,11,13,1882,2345
2023-01-23 13:10:54,9,13,1882,2345
2023-01-23 13:10:54,12,13,1882,2345
2023-01-23 13:11:10,9,13,1882,2345
2023-01-23 13:11:11,12,13,1882,2345
2023-01-23 13:11:15,12,14,1882,2345
2023-01-23 13:11:28,10,14,1882,2345
2023-01-23 13:11:28,12,14,1882,2345
2023-01-23 13:11:45,10,14,1882,2345
2023-01-23 13:11:45,13,14,1882,2345
2023-01-23 13:12:02,10,14,1882,2345
2023-01-23 13:12:02,13,14,1882,2345
2023-01-23 13:12:19,10,14,1882,2345
2023-01-23 13:12:19,12,14,1882,2345
2023-01-23 13:12:20,12,15,1882,2345
2023-01-23 13:12:36,11,15,1882,2345
2023-01-23 13:12:36,12,15,1882,2345
2023-01-23 13:12:44,12,16,1882,2345
2023-01-23 13:12:44,12,14,1882,2345
2023-01-23 13:12:52,10,14,1882,2345
2023-01-23 13:12:52,12,14,1882,2345
2023-01-23 13:13:09,10,14,1882,2345
2023-01-23 13:13:09,12,14,1882,2345
2023-01-23 13:13:26,10,14,1882,2345
2023-01-23 13:13:26,11,14,1882,2345
2023-01-23 13:13:42,10,14,1882,2345
2023-01-23 13:13:43,11,14,1882,2345
2023-01-23 13:14:00,10,14,1882,2345
2023-01-23 13:14:25,10,13,1882,2345
2023-01-23 13:14:33,9,13,1882,2345
2023-01-23 13:14:34,11,13,1882,2345
2023-01-23 13:14:50,9,13,1882,2345
2023-01-23 13:14:50,11,13,1882,2345
2023-01-23 13:15:07,9,13,1882,2345
2023-01-23 13:15:07,11,13,1882,2345
2023-01-23 13:15:24,9,13,1882,2345
2023-01-23 13:15:24,11,13,1882,2345
2023-01-23 13:15:41,9,13,1882,2345
2023-01-23 13:15:41,12,13,1882,2345
2023-01-23 13:15:58,9,13,1882,2345
2023-01-23 13:15:58,12,13,1882,2345
2023-01-23 13:16:15,9,13,1882,2345
2023-01-23 13:16:15,12,13,1882,2345
2023-01-23 13:16:32,9,13,1882,2345
2023-01-23 13:16:32,11,13,1882,2345
2023-01-23 13:16:49,9,13,1882,2345
2023-01-23 13:16:49,10,13,1882,2345
2023-01-23 13:17:06,9,13,1882,2345
2023-01-23 13:17:06,11,13,1882,2345
2023-01-23 13:17:22,9,13,1882,2345
2023-01-23 13:17:22,9,14,1882,2345
2023-01-23 13:17:22,9,13,1882,2345
2023-01-23 13:17:23,11,13,1882,2345
2023-01-23 13:17:39,9,13,1882,2345
2023-01-23 13:17:40,12,13,1882,2345
2023-01-23 13:17:56,9,13,1882,2345
2023-01-23 13:17:57,10,13,1882,2345
2023-01-23 13:18:13,9,13,1882,2345
2023-01-23 13:18:13,11,13,1882,2345
2023-01-23 13:18:30,9,13,1882,2345
2023-01-23 13:18:30,10,13,1882,2345
2023-01-23 13:18:47,9,13,1882,2345
2023-01-23 13:18:48,9,12,1882,2345
2023-01-23 13:19:04,8,12,1882,2345
2023-01-23 13:19:04,11,12,1882,2345
2023-01-23 13:19:19,8,12,1882,2345
2023-01-23 13:19:19,7,12,1882,2345
2023-01-23 13:19:20,7,11,1882,2345
2023-01-23 13:19:21,11,12,2351,2814
2023-01-23 13:19:38,7,12,2351,2814
2023-01-23 13:19:38,10,12,2351,2814
2023-01-23 13:19:52,7,12,2351,2814
2023-01-23 13:19:52,8,12,2351,2814
2023-01-23 13:19:55,8,12,2763,3226
2023-01-23 13:20:11,10,12,2763,3226
2023-01-23 13:20:30,8,12,2763,3226
2023-01-23 13:20:34,9,12,2763,3226
2023-01-23 13:20:34,9,13,2763,3226
2023-01-23 13:21:05,9,11,2763,3226
2023-01-23 13:21:05,9,10,2763,3226
2023-01-23 13:21:23,7,10,2763,3226
2023-01-23 13:21:40,6,10,2763,3226
2023-01-23 13:21:40,8,10,2763,3226
2023-01-23 13:21:52,6,10,2763,3226
2023-01-23 13:21:57,9,10,2763,3226
2023-01-23 13:22:14,6,10,2763,3226
2023-01-23 13:22:14,8,10,2763,3226
2023-01-23 13:22:20,8,11,2763,3226
2023-01-23 13:22:31,7,11,2763,3226
2023-01-23 13:22:31,8,11,2763,3226
2023-01-23 13:22:48,7,11,2763,3226
2023-01-23 13:22:48,8,11,2763,3226
2023-01-23 13:22:55,8,10,2763,3226
2023-01-23 13:23:05,7,10,2763,3226
2023-01-23 13:23:05,8,10,2763,3226
2023-01-23 13:23:19,7,10,2763,3226
2023-01-23 13:23:22,8,10,2763,3226
2023-01-23 13:23:39,7,10,2763,3226
2023-01-23 13:23:39,8,10,2763,3226
2023-01-23 13:23:49,8,11,2763,3226
2023-01-23 13:23:49,8,10,2763,3226
2023-01-23 13:23:54,7,10,2763,3226
2023-01-23 13:23:56,10,11,3181,3644
2023-01-23 13:24:12,7,11,3181,3644
2023-01-23 13:24:12,9,11,3181,3644
2023-01-23 13:24:21,9,12,3181,3644
2023-01-23 13:24:29,8,12,3181,3644
2023-01-23 13:24:29,10,12,3181,3644
2023-01-23 13:24:46,8,12,3181,3644
2023-01-23 13:24:50,8,11,3181,3644
2023-01-23 13:25:24,8,10,3181,3644
2023-01-23 13:25:37,7,10,3181,3644
2023-01-23 13:25:37,8,10,3181,3644
2023-01-23 13:25:49,8,11,3181,3644
2023-01-23 13:25:54,7,11,3181,3644
2023-01-23 13:25:54,8,11,3181,3644
2023-01-23 13:26:10,7,11,3181,3644
2023-01-23 13:26:28,8,11,3181,3644
2023-01-23 13:26:45,7,11,3181,3644
2023-01-23 13:26:45,9,11,3181,3644
2023-01-23 13:26:49,9,10,3181,3644
2023-01-23 13:27:02,7,10,3181,3644
2023-01-23 13:27:02,8,10,3181,3644
2023-01-23 13:27:19,7,10,3181,3644
2023-01-23 13:27:19,10,11,3610,4073
2023-01-23 13:27:36,7,11,3610,4073
2023-01-23 13:27:36,10,11,3610,4073
2023-01-23 13:27:53,7,11,3610,4073
2023-01-23 13:27:53,9,11,3610,4073
2023-01-23 13:28:09,7,11,3610,4073
2023-01-23 13:28:10,8,11,3610,4073
2023-01-23 13:28:22,7,11,3610,4073
2023-01-23 13:28:28,9,11,3610,4073
2023-01-23 13:28:44,7,11,3610,4073
2023-01-23 13:28:44,9,11,3610,4073
2023-01-23 13:29:01,7,11,3610,4073
2023-01-23 13:29:01,9,11,3610,4073
2023-01-23 13:29:17,7,11,3610,4073
2023-01-23 13:29:18,9,11,3610,4073
2023-01-23 13:29:34,8,11,3610,4073
2023-01-23 13:29:34,9,11,3610,4073
2023-01-23 13:29:48,7,11,3610,4073
2023-01-23 13:29:51,9,11,3610,4073
2023-01-23 13:30:08,7,11,3610,4073
2023-01-23 13:30:08,8,11,3610,4073
2023-01-23 13:30:25,7,11,3610,4073
2023-01-23 13:30:25,8,11,3610,4073
2023-01-23 13:30:29,8,10,3610,4073
2023-01-23 13:30:42,6,10,3610,4073
2023-01-23 13:30:42,7,10,3610,4073
2023-01-23 13:30:59,6,10,3610,4073
2023-01-23 13:30:59,8,10,3610,4073
2023-01-23 13:31:16,6,10,3610,4073
2023-01-23 13:31:16,7,10,3610,4073
2023-01-23 13:31:21,7,9,3610,4073
2023-01-23 13:31:33,5,9,3610,4073
2023-01-23 13:31:33,5,9,3954,4417
2023-01-23 13:31:48,6,9,3954,4417
2023-01-23 13:31:48,6,10,3954,4417
2023-01-23 13:31:50,7,10,3954,4417
2023-01-23 13:32:06,6,10,3954,4417
2023-01-23 13:32:06,7,10,3954,4417
2023-01-23 13:32:19,5,10,3954,4417
2023-01-23 13:32:21,5,9,3954,4417
2023-01-23 13:32:23,7,9,3954,4417
2023-01-23 13:32:40,5,9,3954,4417
2023-01-23 13:32:40,7,9,3954,4417
2023-01-23 13:32:57,5,9,3954,4417
2023-01-23 13:32:58,7,9,3954,4417
2023-01-23 13:33:14,5,9,3954,4417
2023-01-23 13:33:15,7,9,3954,4417
2023-01-23 13:33:32,5,9,3954,4417
2023-01-23 13:33:32,7,9,3954,4417
2023-01-23 13:33:47,5,9,3954,4417
2023-01-23 13:33:48,7,9,3954,4417
2023-01-23 13:34:05,5,9,3954,4417
2023-01-23 13:34:05,8,9,3954,4417
2023-01-23 13:34:19,5,9,3954,4417
2023-01-23 13:34:20,6,9,3954,4417
2023-01-23 13:34:22,8,9,3954,4417
2023-01-23 13:34:39,6,9,3954,4417
2023-01-23 13:34:39,8,9,3954,4417
2023-01-23 13:34:56,6,9,3954,4417
2023-01-23 13:34:56,8,9,3954,4417
2023-01-23 13:35:12,6,9,3954,4417
2023-01-23 13:35:13,7,9,3954,4417
2023-01-23 13:35:23,7,10,3954,4417
2023-01-23 13:35:23,7,9,3954,4417
2023-01-23 13:35:29,5,9,3954,4417
2023-01-23 13:35:29,7,9,3954,4417
2023-01-23 13:35:47,5,9,3954,4417
2023-01-23 13:35:47,8,9,3954,4417
2023-01-23 13:36:04,5,9,3954,4417
2023-01-23 13:36:04,7,9,3954,4417
2023-01-23 13:36:20,5,9,3954,4417
2023-01-23 13:36:21,7,9,3954,4417
2023-01-23 13:36:47,5,9,3954,4417
2023-01-23 13:36:47,5,8,3954,4417
2023-01-23 13:37:19,5,9,3954,4417
2023-01-23 13:37:50,4,9,3954,4417
2023-01-23 13:37:50,5,9,3954,4417
2023-01-23 13:38:19,5,8,3954,4417
2023-01-23 13:38:48,4,8,3954,4417
2023-01-23 13:39:19,4,9,3954,4417
2023-01-23 13:39:19,4,8,3954,4417
2023-01-23 13:39:48,4,7,3954,4417
2023-01-23 13:41:48,4,8,3954,4417
2023-01-23 13:41:49,3,8,3954,4417
2023-01-23 13:41:49,4,8,3954,4417
2023-01-23 13:41:50,5,8,3954,4417
2023-01-23 13:42:18,4,8,3954,4417
2023-01-23 13:43:21,4,7,3954,4417
2023-01-23 13:43:48,3,7,3954,4417
2023-01-23 13:44:48,3,8,3954,4417
2023-01-23 13:44:48,3,7,3954,4417
2023-01-23 13:46:47,3,6,3954,4417
2023-01-23 13:48:50,2,6,3954,4417
2023-01-23 13:50:32,3,6,3954,4417
2023-01-23 13:51:49,2,6,3954,4417
2023-01-23 13:51:49,1,6,3954,4417
2023-01-23 13:51:49,2,6,3954,4417
2023-01-23 13:51:49,2,6,3954,4417
2023-01-23 13:52:49,3,6,3954,4417
2023-01-23 13:52:49,3,7,3954,4417
2023-01-23 13:53:19,4,7,3954,4417
2023-01-23 13:54:49,2,7,3954,4417
2023-01-23 13:54:49,2,9,3954,4417
2023-01-23 13:54:49,3,9,3954,4417
2023-01-23 13:54:50,3,8,3954,4417
2023-01-23 13:54:51,3,7,3954,4417
2023-01-23 13:55:21,4,7,3954,4417
2023-01-23 13:55:48,3,7,3954,4417
2023-01-23 13:56:48,4,7,3954,4417
2023-01-23 13:57:18,3,7,3954,4417
2023-01-23 13:58:19,4,7,3954,4417
2023-01-23 13:58:50,4,8,3954,4417
2023-01-23 13:59:19,5,8,3954,4417
2023-01-23 13:59:47,4,8,3954,4417
2023-01-23 13:59:47,3,8,3954,4417
2023-01-23 13:59:47,4,8,3954,4417
2023-01-23 14:00:50,5,8,3954,4417
2023-01-23 14:01:19,6,8,3954,4417
2023-01-23 14:01:23,6,10,3954,4417
2023-01-23 14:01:45,6,10,4287,4750
2023-01-23 14:01:48,6,11,4287,4750
2023-01-23 14:01:48,7,11,4287,4750
2023-01-23 14:01:49,8,11,4287,4750
2023-01-23 14:01:52,8,12,4287,4750
2023-01-23 14:02:47,9,12,4287,4750
2023-01-23 14:02:48,9,13,4287,4750
2023-01-23 14:04:30,9,12,4287,4750
2023-01-23 14:04:33,8,12,4287,4750
2023-01-23 14:05:50,8,11,4287,4750
2023-01-23 14:05:51,7,11,4287,4750
2023-01-23 14:05:51,6,11,4287,4750
2023-01-23 14:05:51,6,10,4287,4750
2023-01-23 14:06:23,6,11,4287,4750
2023-01-23 14:06:24,7,11,4287,4750
2023-01-23 14:06:49,7,10,4287,4750
2023-01-23 14:07:20,7,12,4287,4750
2023-01-23 14:07:22,7,11,4287,4750
2023-01-23 14:08:20,7,12,4287,4750
2023-01-23 14:08:20,8,12,4287,4750
2023-01-23 14:09:18,8,11,4287,4750
2023-01-23 14:09:33,8,12,4598,5061
2023-01-23 14:09:52,9,12,4598,5061
2023-01-23 14:09:52,9,13,4598,5061
2023-01-23 14:10:28,8,13,4598,5061
2023-01-23 14:10:29,8,12,4598,5061
2023-01-23 14:10:29,8,11,4598,5061
2023-01-23 14:10:35,8,13,5289,5752
2023-01-23 14:10:55,9,13,5289,5752
2023-01-23 14:11:20,8,13,5289,5752
2023-01-23 14:11:20,8,11,5289,5752
2023-01-23 14:11:37,8,13,5814,6277
2023-01-23 14:11:49,8,12,5814,6277
2023-01-23 14:11:49,9,12,5814,6277
2023-01-23 14:12:19,9,13,5814,6277
2023-01-23 14:12:39,9,13,6134,6597
2023-01-23 14:13:19,9,14,6134,6597
2023-01-23 14:13:20,10,14,6134,6597
2023-01-23 14:13:42,14,15,6369,6832
2023-01-23 14:13:51,9,13,6638,7101
2023-01-23 14:14:45,14,15,6784,7247
2023-01-23 14:14:49,14,20,6784,7247
2023-01-23 14:15:02,3,20,6784,7247
2023-01-23 14:15:24,3,14,6784,7247
2023-01-23 14:15:24,6,14,6784,7247
2023-01-23 14:15:25,7,14,6784,7247
2023-01-23 14:15:25,8,14,6784,7247
2023-01-23 14:15:25,8,12,6784,7247
2023-01-23 14:15:48,8,13,6784,7247
2023-01-23 14:15:48,9,13,6784,7247
2023-01-23 14:15:49,9,14,7065,7528
2023-01-23 14:16:22,9,12,7065,7528
2023-01-23 14:16:22,8,12,7065,7528
2023-01-23 14:16:51,8,13,7489,7952
2023-01-23 14:17:20,9,13,7489,7952
2023-01-23 14:17:54,14,15,8184,8647
2023-01-23 14:17:57,9,14,8195,8658
2023-01-23 14:18:18,9,13,8195,8658
2023-01-23 14:18:48,9,12,8195,8658
2023-01-23 14:18:49,8,12,8195,8658
2023-01-23 14:18:57,12,13,8438,8901
2023-01-23 14:19:18,8,13,8438,8901
2023-01-23 14:19:18,9,13,8438,8901
2023-01-23 14:19:47,8,13,8438,8901
2023-01-23 14:19:48,8,12,8438,8901
2023-01-23 14:19:48,8,11,8438,8901
2023-01-23 14:20:00,8,12,8837,9300
2023-01-23 14:20:27,9,12,8837,9300
2023-01-23 14:20:28,9,13,8837,9300
2023-01-23 14:20:49,9,12,8837,9300
2023-01-23 14:20:50,8,12,8837,9300
2023-01-23 14:21:01,13,14,9298,9761
2023-01-23 14:21:19,8,14,9298,9761
2023-01-23 14:21:20,10,14,9298,9761
2023-01-23 14:21:48,9,14,9298,9761
2023-01-23 14:21:48,9,13,9298,9761
2023-01-23 14:22:01,11,13,9298,9761
2023-01-23 14:22:18,9,13,9298,9761
2023-01-23 14:22:19,9,12,9298,9761
2023-01-23 14:22:19,9,11,9298,9761
2023-01-23 14:22:19,7,11,9298,9761
2023-01-23 14:22:47,7,12,9298,9761
2023-01-23 14:22:47,8,12,9298,9761
2023-01-23 14:23:00,8,12,9603,10066
2023-01-23 14:23:19,8,13,9603,10066
2023-01-23 14:23:19,9,13,9603,10066
2023-01-23 14:23:48,8,13,9603,10066
2023-01-23 14:23:49,8,12,9603,10066
2023-01-23 14:23:59,8,13,9973,10436
2023-01-23 14:24:20,9,13,9973,10436
2023-01-23 14:24:20,9,14,9973,10436
2023-01-23 14:24:20,10,14,9973,10436
2023-01-23 14:24:50,9,14,9973,10436
2023-01-23 14:24:50,9,17,9973,10436
2023-01-23 14:25:01,13,17,9973,10436
2023-01-23 14:25:02,13,17,10073,10536
2023-01-23 14:25:13,13,17,10240,10869
2023-01-23 14:25:23,9,17,10240,10869
2023-01-23 14:25:23,7,17,10240,10869
2023-01-23 14:25:24,1,17,10240,10869
2023-01-23 14:25:38,1,28,10240,10869
2023-01-23 14:25:38,1,41,10240,10869
2023-01-23 14:25:39,1,99,10240,10869
2023-01-23 14:25:41,1,19,10240,10869
2023-01-23 14:25:49,2,19,10240,10869
2023-01-23 14:26:05,15,19,10240,10869
2023-01-23 14:26:11,15,19,10340,10969
2023-01-23 14:26:48,2,19,10340,10969
2023-01-23 14:26:48,9,19,10340,10969
2023-01-23 14:26:48,9,15,10340,10969
2023-01-23 14:26:48,10,15,10340,10969
2023-01-23 14:26:48,11,15,10340,10969
2023-01-23 14:27:08,14,15,10340,10969
2023-01-23 14:27:21,11,15,10340,10969
2023-01-23 14:28:11,15,17,10662,11291
2023-01-23 14:28:53,13,17,10662,11291
2023-01-23 14:28:53,13,18,10662,11291
2023-01-23 14:29:12,18,19,10956,11585
2023-01-23 14:29:47,17,19,10956,11585
2023-01-23 14:29:48,15,19,10956,11585
2023-01-23 14:30:13,18,19,10956,11585
2023-01-23 14:30:22,18,19,11056,11685
2023-01-23 14:30:29,15,19,11056,11685
2023-01-23 14:30:30,16,19,11056,11685
2023-01-23 14:30:51,0,19,11056,11685
2023-01-23 14:30:52,11,19,11056,11685
2023-01-23 14:30:52,12,19,11056,11685
2023-01-23 14:30:52,13,19,11056,11685
2023-01-23 14:30:52,13,18,11056,11685
2023-01-23 14:31:14,15,18,11056,11685
2023-01-23 14:31:20,15,16,11056,11685
2023-01-23 14:32:16,12,16,11056,11685
2023-01-23 14:32:16,15,16,11056,11685
2023-01-23 14:32:20,15,18,11056,11685
2023-01-23 14:32:49,13,18,11056,11685
2023-01-23 14:32:49,13,19,11056,11685
2023-01-23 14:32:49,15,19,11056,11685
2023-01-23 14:33:16,17,19,11056,11685
2023-01-23 14:33:48,15,19,11056,11685
2023-01-23 14:34:14,18,19,11056,11685
2023-01-23 14:34:48,17,19,11056,11685
2023-01-23 14:35:13,18,19,11056,11685
2023-01-23 14:35:24,15,19,11056,11685
2023-01-23 14:35:25,14,19,11056,11685
2023-01-23 14:35:26,16,19,11056,11685
2023-01-23 14:35:28,16,20,11056,11685
2023-01-23 14:35:50,16,24,11056,11685
2023-01-23 14:35:50,20,24,11056,11685
2023-01-23 14:36:20,19,24,11056,11685
2023-01-23 14:36:21,21,24,11056,11685
2023-01-23 14:36:21,21,25,11056,11685
2023-01-23 14:36:49,20,25,11056,11685
2023-01-23 14:37:11,22,25,11056,11685
2023-01-23 14:37:14,22,25,11069,11698
2023-01-23 14:37:50,20,25,11069,11698
2023-01-23 14:37:51,21,25,11069,11698
2023-01-23 14:37:51,23,25,11069,11698
2023-01-23 14:37:52,25,30,11119,11798
2023-01-23 14:37:54,23,25,11153,11866
2023-01-23 14:38:10,23,30,11153,11866
2023-01-23 14:38:20,24,30,11153,11866
2023-01-23 14:38:21,24,31,11153,11866
2023-01-23 14:38:22,24,29,11153,11866
2023-01-23 14:38:50,24,31,11153,11866
2023-01-23 14:38:50,22,31,11153,11866
2023-01-23 14:38:50,23,31,11153,11866
2023-01-23 14:38:50,25,31,11153,11866
2023-01-23 14:38:51,27,31,11153,11866
2023-01-23 14:39:22,28,31,11153,11866
2023-01-23 14:39:22,30,31,11153,11866
2023-01-23 14:39:27,30,31,11203,11966
2023-01-23 14:39:35,30,31,11253,12066
2023-01-23 14:39:40,28,31,11253,12093
2023-01-23 14:40:00,27,31,11253,12093
2023-01-23 14:40:22,27,32,11253,12093
2023-01-23 14:40:43,25,32,11253,12093
2023-01-23 14:40:43,25,34,11253,12093
2023-01-23 14:40:43,25,33,11253,12093
2023-01-23 14:40:43,26,33,11253,12093
2023-01-23 14:40:44,28,33,11253,12093
2023-01-23 14:40:58,28,31,11253,12093
2023-01-23 14:41:34,28,31,11303,12193
2023-01-23 14:41:43,28,31,11353,12293
2023-01-23 14:41:49,27,31,11353,12293
2023-01-23 14:41:52,27,31,11403,12393
2023-01-23 14:42:01,27,31,11453,12493
2023-01-23 14:42:09,25,27,11480,12547
2023-01-23 14:42:21,25,31,11480,12547
2023-01-23 14:42:21,25,29,11480,12547
2023-01-23 14:42:21,25,27,11480,12547
2023-01-23 14:42:21,23,27,11480,12547
2023-01-23 14:42:21,22,27,11480,12547
2023-01-23 14:42:53,22,29,11480,12547
2023-01-23 14:42:53,20,29,11480,12547
2023-01-23 14:42:53,20,26,11480,12547
2023-01-23 14:42:53,19,26,11480,12547
2023-01-23 14:42:54,21,26,11480,12547
2023-01-23 14:43:05,23,26,11480,12547
2023-01-23 14:43:22,21,26,11480,12547
2023-01-23 14:43:22,21,28,11480,12547
2023-01-23 14:43:23,22,28,11480,12547
2023-01-23 14:43:23,22,27,11480,12547
2023-01-23 14:43:53,24,27,11480,12547
2023-01-23 14:43:53,24,29,11480,12547
2023-01-23 14:44:05,25,29,11480,12547
2023-01-23 14:44:23,24,29,11480,12547
2023-01-23 14:44:23,22,29,11480,12547
2023-01-23 14:44:23,22,31,11480,12547
2023-01-23 14:44:23,25,31,11480,12547
2023-01-23 14:44:24,25,30,11480,12547
2023-01-23 14:44:53,26,30,11480,12547
2023-01-23 14:44:53,26,31,11480,12547
2023-01-23 14:45:50,26,31,11530,12647
2023-01-23 14:45:59,26,31,11580,12747
2023-01-23 14:46:06,34,35,11794,12961
2023-01-23 14:46:24,27,35,11844,13061
2023-01-23 14:46:26,27,35,11894,13161
2023-01-23 14:46:26,27,35,11952,13277
2023-01-23 14:46:27,27,46,11952,13277
2023-01-23 14:46:53,46,51,11994,13361
2023-01-23 14:46:53,48,51,11994,13361
2023-01-23 14:46:54,48,52,11994,13361
2023-01-23 14:46:55,46,48,12048,13470
2023-01-23 14:47:02,46,51,12048,13470
2023-01-23 14:47:04,44,46,12059,13491
2023-01-23 14:47:23,27,52,12059,13491
2023-01-23 14:47:23,41,52,12059,13491
2023-01-23 14:47:23,43,52,12059,13491
2023-01-23 14:47:23,43,51,12059,13491
2023-01-23 14:47:23,45,51,12059,13491
2023-01-23 14:47:28,45,51,12109,13591
2023-01-23 14:47:46,43,51,12109,13591
2023-01-23 14:47:47,44,51,12109,13591
2023-01-23 14:47:47,46,51,12109,13591
2023-01-23 14:47:50,46,51,12111,13596
2023-01-23 14:48:08,46,52,12111,13596
2023-01-23 14:48:09,50,52,12111,13596
2023-01-23 14:48:09,50,52,12184,13741
2023-01-23 14:48:10,50,52,12234,13841
2023-01-23 14:48:18,48,50,12249,13871
2023-01-23 14:48:30,48,52,12299,13971
2023-01-23 14:48:34,48,53,12299,13971
2023-01-23 14:48:38,46,48,12314,14001
2023-01-23 14:48:48,46,53,12314,14001
2023-01-23 14:48:50,46,53,12314,14034
2023-01-23 14:48:54,46,57,12314,14034
2023-01-23 14:48:54,47,57,12314,14034
2023-01-23 14:48:54,47,56,12314,14034
2023-01-23 14:48:54,47,54,12314,14034
2023-01-23 14:48:55,47,52,12314,14034
2023-01-23 14:49:07,47,52,12364,14134
2023-01-23 14:49:17,49,52,12364,14134
2023-01-23 14:49:17,49,53,12364,14134
2023-01-23 14:49:22,49,53,12414,14234
2023-01-23 14:49:24,49,53,12414,14236
2023-01-23 14:49:28,47,53,12442,14293
2023-01-23 14:49:33,45,53,12506,14421
2023-01-23 14:49:43,34,53,12571,14551
2023-01-23 14:49:49,34,49,12571,14551
2023-01-23 14:49:49,44,49,12571,14551
2023-01-23 14:50:26,44,51,12571,14551
2023-01-23 14:50:26,44,53,12571,14551
2023-01-23 14:50:26,44,52,12571,14551
2023-01-23 14:50:27,46,52,12571,14551
2023-01-23 14:50:48,44,52,12571,14551
2023-01-23 14:50:48,45,52,12571,14551
2023-01-23 14:50:49,45,50,12571,14551
2023-01-23 14:51:19,47,50,12571,14551
2023-01-23 14:51:21,47,52,12571,14551
2023-01-23 14:51:47,47,53,12571,14551
2023-01-23 14:51:48,47,51,12571,14551
2023-01-23 14:51:48,46,51,12571,14551
2023-01-23 14:52:19,46,53,12571,14551
2023-01-23 14:52:19,46,52,12571,14551
2023-01-23 14:52:20,47,52,12571,14551
2023-01-23 14:52:54,45,52,12654,14717
2023-01-23 14:53:02,43,52,12729,14866
2023-01-23 14:53:18,43,51,12729,14866
2023-01-23 14:53:19,45,51,12729,14866
2023-01-23 14:53:29,43,51,12822,15052
2023-01-23 14:53:48,43,49,12822,15052
2023-01-23 14:54:23,43,51,12822,15052
2023-01-23 14:54:23,45,51,12822,15052
2023-01-23 14:54:23,45,50,12822,15052
2023-01-23 14:55:14,43,50,12906,15220
2023-01-23 14:55:34,43,51,12906,15220
2023-01-23 14:55:35,42,51,12906,15220
2023-01-23 14:55:41,42,43,12906,15220
2023-01-23 14:55:49,40,51,12937,15283
2023-01-23 14:56:00,38,40,12961,15330
2023-01-23 14:56:09,38,42,12961,15330
2023-01-23 14:56:09,38,40,12961,15330
2023-01-23 14:56:10,33,40,12961,15330
2023-01-23 14:56:41,32,40,12961,15330
2023-01-23 14:56:41,32,51,12961,15330
2023-01-23 14:56:41,32,50,12961,15330
2023-01-23 14:57:10,32,51,12961,15330
2023-01-23 14:57:11,22,51,12961,15330
2023-01-23 14:57:18,33,51,12961,15330
2023-01-23 14:57:34,22,50,12961,15330
2023-01-23 14:57:39,30,50,12961,15330
2023-01-23 14:58:20,30,44,12961,15330
2023-01-23 14:58:20,34,42,12961,15330
2023-01-23 14:58:20,34,40,12961,15330
2023-01-23 14:58:49,38,40,12961,15330
2023-01-23 14:58:50,38,44,12961,15330
2023-01-23 14:59:19,36,44,12961,15330
2023-01-23 14:59:19,34,44,12961,15330
2023-01-23 14:59:20,39,44,12961,15330
2023-01-23 15:00:01,39,44,13011,15430
2023-01-23 15:00:10,37,39,13031,15471
2023-01-23 15:00:30,37,44,13031,15471
2023-01-23 15:00:32,30,44,13031,15471
2023-01-23 15:00:53,30,41,13031,15471
2023-01-23 15:00:53,30,39,13031,15471
2023-01-23 15:00:53,32,39,13031,15471
2023-01-23 15:00:53,32,37,13031,15471
2023-01-23 15:01:18,32,35,13031,15471
2023-01-23 15:01:19,30,35,13031,15471
2023-01-23 15:02:13,30,37,13086,15580
2023-01-23 15:02:18,30,39,13086,15580
2023-01-23 15:02:18,31,39,13086,15580
2023-01-23 15:02:18,33,39,13086,15580
2023-01-23 15:02:46,33,41,13086,15580
2023-01-23 15:02:47,35,41,13086,15580
2023-01-23 15:03:18,38,41,13086,15580
2023-01-23 15:03:18,38,44,13086,15580
2023-01-23 15:03:47,38,40,13086,15580
2023-01-23 15:03:49,34,40,13086,15580
2023-01-23 15:04:19,34,39,13086,15580
2023-01-23 15:04:49,32,39,13086,15580
2023-01-23 15:04:49,33,39,13086,15580
2023-01-23 15:04:49,35,39,13086,15580
2023-01-23 15:04:49,35,41,13086,15580
2023-01-23 15:05:37,37,41,13086,15580
2023-01-23 15:05:37,39,41,13086,15580
2023-01-23 15:05:37,39,45,13086,15580
2023-01-23 15:06:05,37,45,13086,15580
2023-01-23 15:06:06,35,45,13086,15580
2023-01-23 15:06:06,34,45,13086,15580
2023-01-23 15:06:06,36,45,13086,15580
2023-01-23 15:06:06,36,43,13086,15580
2023-01-23 15:06:06,38,43,13086,15580
2023-01-23 15:06:46,36,43,13086,15580
2023-01-23 15:06:47,41,43,13086,15580
2023-01-23 15:06:47,41,45,13086,15580
2023-01-23 15:06:47,43,45,13086,15580
2023-01-23 15:06:47,43,47,13086,15580
2023-01-23 15:07:02,41,47,13151,15711
2023-01-23 15:07:25,39,47,13151,15711
2023-01-23 15:07:26,39,43,13151,15711
2023-01-23 15:07:27,37,43,13151,15711
2023-01-23 15:08:35,35,43,13231,15870
2023-01-23 15:09:22,35,40,13231,15870
2023-01-23 15:09:33,35,39,13231,15870
2023-01-23 15:09:33,34,39,13231,15870
2023-01-23 15:10:29,34,39,13296,16001
2023-01-23 15:10:29,34,36,13296,16001
2023-01-23 15:10:53,34,37,13296,16001
2023-01-23 15:11:20,34,40,13296,16001
2023-01-23 15:11:20,34,38,13296,16001
2023-01-23 15:11:20,34,36,13296,16001
2023-01-23 15:12:49,34,40,13296,16001
2023-01-23 15:12:49,30,34,13310,16029
2023-01-23 15:12:49,30,32,13310,16029
2023-01-23 15:12:49,29,30,13318,16044
2023-01-23 15:12:50,23,30,13318,16044
2023-01-23 15:12:51,25,30,13318,16044
2023-01-23 15:13:19,25,28,13318,16044
2023-01-23 15:13:20,21,28,13318,16044
2023-01-23 15:13:21,21,26,13318,16044
2023-01-23 15:13:54,21,24,13318,16044
2023-01-23 15:13:54,21,22,13318,16044
2023-01-23 15:13:55,15,22,13318,16044
2023-01-23 15:14:19,15,40,13318,16044
2023-01-23 15:14:19,8,40,13318,16044
2023-01-23 15:14:19,8,39,13318,16044
2023-01-23 15:14:28,9,39,13318,16044
2023-01-23 15:14:28,9,27,13318,16044
2023-01-23 15:14:29,9,26,13318,16044
2023-01-23 15:15:16,9,27,13318,16044
2023-01-23 15:15:28,9,26,13318,16044
2023-01-23 15:15:50,9,25,13318,16044
2023-01-23 15:15:50,9,23,13318,16044
2023-01-23 15:15:50,9,21,13318,16044
2023-01-23 15:15:50,14,21,13318,16044
2023-01-23 15:15:50,16,21,13318,16044
2023-01-23 15:16:21,16,20,13318,16044
2023-01-23 15:16:49,16,17,13318,16044
2023-01-23 15:16:49,14,17,13318,16044
2023-01-23 15:16:49,13,17,13318,16044
2023-01-23 15:17:22,11,17,13318,16044
2023-01-23 15:17:22,11,19,13318,16044
2023-01-23 15:17:22,9,27,13318,16044
2023-01-23 15:17:23,9,26,13318,16044
2023-01-23 15:17:32,3,26,13318,16044
2023-01-23 15:18:48,3,27,13318,16044
2023-01-23 15:19:18,0,27,13318,16044
2023-01-23 15:19:18,0,33,13318,16044
2023-01-23 15:19:18,0,39,13318,16044
2023-01-23 15:19:18,0,45,13318,16044
2023-01-23 15:19:18,0,51,13318,16044
2023-01-23 15:19:19,0,100,13318,16044
2023-01-23 15:19:19,0,99,13318,16044
2023-01-23 15:19:28,5,99,13318,16044
2023-01-23 15:19:36,5,28,13318,16044
2023-01-23 15:20:28,5,27,13318,16044
2023-01-23 15:21:21,5,28,13318,16044
2023-01-23 15:21:21,5,26,13318,16044
2023-01-23 15:21:21,5,28,13318,16044
2023-01-23 15:21:21,5,27,13318,16044
2023-01-23 15:24:34,7,27,13318,16044
2023-01-23 15:25:11,7,25,13318,16044
2023-01-23 15:25:12,7,24,13318,16044
2023-01-23 15:26:22,7,25,13318,16044
2023-01-23 15:26:22,7,24,13318,16044
2023-01-23 15:26:32,7,25,13318,16044
2023-01-23 15:27:00,7,37,13318,16044
2023-01-23 15:27:48,7,38,13318,16044
2023-01-23 15:28:26,7,37,13318,16044
2023-01-23 15:29:36,5,37,13318,16044
2023-01-23 15:29:44,5,29,13318,16044
2023-01-23 15:29:44,5,28,13318,16044
2023-01-23 15:30:18,19,28,13318,16044
2023-01-23 15:30:34,5,29,13318,16044
2023-01-23 15:30:39,5,26,13318,16044
2023-01-23 15:31:06,22,26,13318,16044
2023-01-23 15:31:53,5,26,13318,16044
2023-01-23 15:31:53,21,26,13318,16044
2023-01-23 15:32:02,5,26,13745,16471
2023-01-23 15:32:41,22,26,13745,16471
2023-01-23 15:33:05,0,29,13745,16471
2023-01-23 15:33:05,0,37,13745,16471
2023-01-23 15:33:05,0,45,13745,16471
2023-01-23 15:33:06,0,53,13745,16471
2023-01-23 15:33:06,0,61,13745,16471
2023-01-23 15:33:06,0,100,13745,16471
2023-01-23 15:33:06,0,99,13745,16471
2023-01-23 15:33:30,8,99,13745,16471
2023-01-23 15:33:30,8,31,13745,16471
2023-01-23 15:34:18,22,31,13745,16471
2023-01-23 15:34:47,8,30,13745,16471
2023-01-23 15:35:05,22,30,13745,16471
2023-01-23 15:35:21,8,31,13745,16471
2023-01-23 15:35:52,23,31,13745,16471
2023-01-23 15:36:40,8,31,13745,16471
2023-01-23 15:36:40,22,31,13745,16471
2023-01-23 15:37:26,0,31,13745,16471
2023-01-23 15:37:33,4,31,13745,16471
2023-01-23 15:37:39,22,31,13745,16471
2023-01-23 15:38:00,4,31,13752,16486
2023-01-23 15:38:14,20,31,13752,16486
2023-01-23 15:38:24,0,31,13752,16486
2023-01-23 15:38:30,0,99,13752,16486
2023-01-23 15:38:31,0,20,13752,16486
2023-01-23 15:39:29,0,28,13752,16486
2023-01-23 15:39:29,0,36,13752,16486
2023-01-23 15:39:29,0,44,13752,16486
2023-01-23 15:39:30,0,52,13752,16486
2023-01-23 15:39:30,0,100,13752,16486
2023-01-23 15:39:30,0,99,13752,16486
2023-01-23 15:39:49,0,23,13752,16486
2023-01-23 15:40:41,2,23,13752,16486
2023-01-23 15:40:41,2,31,13752,16486
2023-01-23 15:42:04,2,39,13752,16486
2023-01-23 15:42:04,2,47,13752,16486
2023-01-23 15:42:04,2,55,13752,16486
2023-01-23 15:42:04,2,100,13752,16486
2023-01-23 15:42:04,2,99,13752,16486
2023-01-23 15:42:04,0,99,13752,16486
2023-01-23 15:42:20,5,99,13752,16486
2023-01-23 15:42:28,5,29,13752,16486
2023-01-23 15:43:05,0,29,13752,16486
2023-01-23 15:43:27,1,29,13752,16486
2023-01-23 15:43:34,1,28,13752,16486
2023-01-23 15:44:41,1,29,13752,16486
2023-01-23 15:44:55,1,28,13752,16486
2023-01-23 15:45:01,0,28,13752,16486
2023-01-23 15:46:13,0,22,13752,16486
2023-01-23 15:46:13,0,21,13752,16486
2023-01-23 15:46:47,0,22,13752,16486
2023-01-23 15:46:59,0,21,13752,16486
2023-01-23 15:47:03,3,21,13752,16486
2023-01-23 15:47:40,3,12,13752,16486
2023-01-23 15:48:42,3,11,13752,16486
2023-01-23 15:49:00,3,11,13754,16490
2023-01-23 15:49:03,3,12,13754,16490
2023-01-23 15:51:13,3,11,13754,16490
2023-01-23 15:51:17,3,12,13754,16490
2023-01-23 15:51:48,1,12,13760,16501
2023-01-23 15:53:31,0,12,13762,16505
2023-01-23 15:53:56,0,11,13762,16505
2023-01-23 15:55:27,0,1,13762,16505
