datetime,bid,ask,open_interest,volume
2023-01-05 09:34:06,23,100,594,594
2023-01-05 09:34:07,23,42,594,594
2023-01-05 09:39:21,23,100,594,594
2023-01-05 09:39:22,23,42,594,594
2023-01-05 09:39:43,23,41,594,594
2023-01-05 09:41:00,25,41,594,594
2023-01-05 09:41:00,25,36,594,594
2023-01-05 09:41:00,25,32,594,594
2023-01-05 09:41:00,27,32,594,594
2023-01-05 09:41:32,25,32,594,594
2023-01-05 09:41:34,26,32,594,594
2023-01-05 09:42:08,24,32,594,594
2023-01-05 09:42:08,25,32,594,594
2023-01-05 09:42:09,27,32,594,594
2023-01-05 09:43:42,27,34,594,594
2023-01-05 09:43:43,27,32,594,594
2023-01-05 09:44:50,26,32,594,594
2023-01-05 09:45:22,27,32,594,594
2023-01-05 09:49:23,27,33,594,594
2023-01-05 09:50:19,27,33,623,623
2023-01-05 09:50:34,25,33,623,623
2023-01-05 09:50:35,23,33,623,623
2023-01-05 09:50:35,24,33,623,623
2023-01-05 09:50:35,26,33,623,623
2023-01-05 09:50:35,28,33,623,623
2023-01-05 09:51:54,24,33,623,623
2023-01-05 09:51:54,24,44,623,623
2023-01-05 09:51:54,24,37,623,623
2023-01-05 09:51:54,28,37,623,623
2023-01-05 09:51:54,28,33,623,623
2023-01-05 09:52:22,27,33,623,623
2023-01-05 09:52:50,25,33,623,623
2023-01-05 09:52:50,24,33,623,623
2023-01-05 09:52:51,28,33,623,623
2023-01-05 09:54:22,26,33,623,623
2023-01-05 09:54:22,28,33,623,623
2023-01-05 09:55:25,28,33,663,663
2023-01-05 09:55:47,29,33,663,663
2023-01-05 09:56:23,29,35,663,663
2023-01-05 09:56:23,29,32,663,663
2023-01-05 09:56:44,27,32,663,663
2023-01-05 09:57:26,27,34,663,663
2023-01-05 09:57:27,27,32,663,663
2023-01-05 09:58:25,25,32,663,663
2023-01-05 09:58:26,26,32,663,663
2023-01-05 09:58:26,26,31,663,663
2023-01-05 09:59:01,26,29,663,663
2023-01-05 09:59:08,27,29,663,663
2023-01-05 09:59:08,27,31,996,996
2023-01-05 10:00:01,27,55,996,996
2023-01-05 10:00:02,27,32,996,996
2023-01-05 10:00:02,27,30,996,996
2023-01-05 10:00:29,25,30,996,996
2023-01-05 10:01:13,28,30,996,996
2023-01-05 10:01:20,28,32,996,996
2023-01-05 10:01:20,28,40,996,996
2023-01-05 10:01:20,28,35,996,996
2023-01-05 10:01:20,28,33,996,996
2023-01-05 10:01:21,28,31,996,996
2023-01-05 10:01:29,25,31,996,996
2023-01-05 10:01:49,25,33,996,996
2023-01-05 10:01:50,25,32,996,996
2023-01-05 10:01:50,25,30,996,996
2023-01-05 10:02:47,25,32,996,996
2023-01-05 10:02:47,25,34,996,996
2023-01-05 10:02:48,25,31,996,996
2023-01-05 10:02:48,25,29,996,996
2023-01-05 10:02:52,24,29,996,996
2023-01-05 10:03:57,25,29,996,996
2023-01-05 10:05:02,24,29,996,996
2023-01-05 10:05:12,25,29,996,996
2023-01-05 10:05:19,25,31,1310,1310
2023-01-05 10:05:19,25,29,1310,1310
2023-01-05 10:05:25,25,31,1406,1406
2023-01-05 10:05:51,25,30,1406,1406
2023-01-05 10:06:21,25,31,1406,1406
2023-01-05 10:06:21,26,31,1406,1406
2023-01-05 10:06:48,26,33,1406,1406
2023-01-05 10:06:48,27,33,1406,1406
2023-01-05 10:06:49,27,34,1406,1406
2023-01-05 10:06:49,27,32,1406,1406
2023-01-05 10:07:17,25,32,1406,1406
2023-01-05 10:07:17,26,32,1406,1406
2023-01-05 10:07:46,26,34,1406,1406
2023-01-05 10:07:47,26,33,1406,1406
2023-01-05 10:07:47,26,31,1406,1406
2023-01-05 10:08:16,25,31,1406,1406
2023-01-05 10:08:43,25,33,1406,1406
2023-01-05 10:08:43,25,35,1406,1406
2023-01-05 10:08:44,25,40,1406,1406
2023-01-05 10:09:18,17,40,1406,1406
2023-01-05 10:09:39,18,40,1406,1406
2023-01-05 10:10:44,22,40,1406,1406
2023-01-05 10:11:28,22,55,1406,1406
2023-01-05 10:11:50,22,37,1406,1406
2023-01-05 10:13:52,22,31,1406,1406
2023-01-05 10:13:52,22,29,1406,1406
2023-01-05 10:13:53,22,27,1406,1406
2023-01-05 10:14:23,24,27,1406,1406
2023-01-05 10:14:24,24,29,1406,1406
2023-01-05 10:16:01,25,29,1406,1406
2023-01-05 10:16:24,25,31,1406,1406
2023-01-05 10:16:24,25,30,1406,1406
2023-01-05 10:18:25,23,30,1406,1406
2023-01-05 10:18:25,22,30,1406,1406
2023-01-05 10:18:25,22,34,1406,1406
2023-01-05 10:18:26,22,38,1406,1406
2023-01-05 10:18:26,22,35,1406,1406
2023-01-05 10:18:26,22,33,1406,1406
2023-01-05 10:18:27,24,33,1406,1406
2023-01-05 10:18:27,26,33,1406,1406
2023-01-05 10:18:27,26,31,1406,1406
2023-01-05 10:18:53,26,38,1406,1406
2023-01-05 10:18:53,26,32,1406,1406
2023-01-05 10:18:53,27,32,1406,1406
2023-01-05 10:19:23,27,34,1406,1406
2023-01-05 10:19:23,27,38,1406,1406
2023-01-05 10:19:23,25,38,1406,1406
2023-01-05 10:19:23,24,38,1406,1406
2023-01-05 10:19:24,24,33,1406,1406
2023-01-05 10:19:24,26,33,1406,1406
2023-01-05 10:19:24,26,31,1406,1406
2023-01-05 10:19:52,26,33,1406,1406
2023-01-05 10:19:52,26,35,1406,1406
2023-01-05 10:19:52,26,38,1406,1406
2023-01-05 10:19:54,26,36,1406,1406
2023-01-05 10:19:54,26,34,1406,1406
2023-01-05 10:19:54,26,32,1406,1406
2023-01-05 10:20:33,24,32,1406,1406
2023-01-05 10:20:33,27,32,1406,1406
2023-01-05 10:22:23,26,32,1406,1406
2023-01-05 10:22:51,26,34,1406,1406
2023-01-05 10:22:51,26,31,1406,1406
2023-01-05 10:23:23,24,31,1406,1406
2023-01-05 10:23:23,24,35,1406,1406
2023-01-05 10:23:23,24,40,1406,1406
2023-01-05 10:23:24,24,32,1406,1406
2023-01-05 10:23:24,25,32,1406,1406
2023-01-05 10:23:24,27,32,1406,1406
2023-01-05 10:24:53,27,33,1406,1406
2023-01-05 10:24:53,28,33,1406,1406
2023-01-05 10:27:52,28,35,1406,1406
2023-01-05 10:27:53,28,65,1406,1406
2023-01-05 10:27:53,28,34,1406,1406
2023-01-05 10:27:53,28,32,1406,1406
2023-01-05 10:27:54,27,32,1406,1406
2023-01-05 10:28:52,27,34,1406,1406
2023-01-05 10:28:53,23,34,1406,1406
2023-01-05 10:28:53,22,34,1406,1406
2023-01-05 10:28:53,22,31,1406,1406
2023-01-05 10:28:53,24,31,1406,1406
2023-01-05 10:28:53,26,31,1406,1406
2023-01-05 10:29:52,26,33,1406,1406
2023-01-05 10:29:52,26,31,1406,1406
2023-01-05 10:30:34,26,32,1406,1406
2023-01-05 10:30:34,23,32,1406,1406
2023-01-05 10:30:34,25,32,1406,1406
2023-01-05 10:30:34,27,32,1406,1406
2023-01-05 10:31:26,25,32,1406,1406
2023-01-05 10:31:26,25,36,1406,1406
2023-01-05 10:31:26,25,33,1406,1406
2023-01-05 10:31:26,27,33,1406,1406
2023-01-05 10:31:53,27,32,1406,1406
2023-01-05 10:32:24,27,36,1406,1406
2023-01-05 10:32:24,27,39,1406,1406
2023-01-05 10:32:24,27,33,1406,1406
2023-01-05 10:32:51,28,33,1406,1406
2023-01-05 10:34:23,28,37,1406,1406
2023-01-05 10:34:23,28,43,1406,1406
2023-01-05 10:34:23,28,36,1406,1406
2023-01-05 10:34:23,29,36,1406,1406
2023-01-05 10:34:24,29,34,1406,1406
2023-01-05 10:36:53,29,35,1406,1406
2023-01-05 10:37:53,30,35,1406,1406
2023-01-05 10:38:23,26,35,1406,1406
2023-01-05 10:38:23,25,35,1406,1406
2023-01-05 10:38:24,27,35,1406,1406
2023-01-05 10:38:24,29,35,1406,1406
2023-01-05 10:38:53,29,37,1406,1406
2023-01-05 10:38:53,29,36,1406,1406
2023-01-05 10:38:54,29,34,1406,1406
2023-01-05 10:39:23,28,34,1406,1406
2023-01-05 10:39:52,26,34,1406,1406
2023-01-05 10:39:52,29,34,1406,1406
2023-01-05 10:41:26,29,35,1406,1406
2023-01-05 10:41:26,27,35,1406,1406
2023-01-05 10:41:26,28,35,1406,1406
2023-01-05 10:41:26,30,35,1406,1406
2023-01-05 10:41:51,28,35,1406,1406
2023-01-05 10:41:52,29,35,1406,1406
2023-01-05 10:42:23,30,35,1406,1406
2023-01-05 10:42:52,30,37,1406,1406
2023-01-05 10:42:53,26,37,1406,1406
2023-01-05 10:42:53,26,39,1406,1406
2023-01-05 10:42:53,27,39,1406,1406
2023-01-05 10:42:53,27,43,1406,1406
2023-01-05 10:42:53,29,43,1406,1406
2023-01-05 10:42:53,29,38,1406,1406
2023-01-05 10:42:53,29,36,1406,1406
2023-01-05 10:42:54,29,34,1406,1406
2023-01-05 10:43:23,27,34,1406,1406
2023-01-05 10:43:24,25,34,1406,1406
2023-01-05 10:43:24,28,34,1406,1406
2023-01-05 10:43:53,28,36,1406,1406
2023-01-05 10:43:53,28,35,1406,1406
2023-01-05 10:43:53,28,33,1406,1406
2023-01-05 10:44:52,28,37,1406,1406
2023-01-05 10:44:52,28,35,1406,1406
2023-01-05 10:44:53,28,33,1406,1406
2023-01-05 10:44:59,28,33,1408,1408
2023-01-05 10:45:25,28,35,1863,1863
2023-01-05 10:45:31,28,37,1863,1863
2023-01-05 10:45:32,26,37,1863,1863
2023-01-05 10:45:32,26,43,1863,1863
2023-01-05 10:45:32,27,43,1863,1863
2023-01-05 10:45:32,27,36,1863,1863
2023-01-05 10:45:32,27,34,1863,1863
2023-01-05 10:45:33,27,32,1863,1863
2023-01-05 10:45:44,27,34,2213,2213
2023-01-05 10:45:57,27,34,2577,2577
2023-01-05 10:46:23,30,34,2577,2577
2023-01-05 10:46:23,30,36,2577,2577
2023-01-05 10:46:38,31,36,2577,2577
2023-01-05 10:46:51,31,38,2577,2577
2023-01-05 10:46:52,31,36,2577,2577
2023-01-05 10:47:07,31,36,3047,3047
2023-01-05 10:47:23,32,36,3047,3047
2023-01-05 10:47:23,32,37,3047,3047
2023-01-05 10:47:45,33,37,3047,3047
2023-01-05 10:47:53,33,38,3047,3047
2023-01-05 10:49:23,33,39,3047,3047
2023-01-05 10:49:55,34,39,3047,3047
2023-01-05 10:50:59,35,39,3047,3047
2023-01-05 10:52:51,35,41,3047,3047
2023-01-05 10:52:52,35,43,3047,3047
2023-01-05 10:52:52,35,42,3047,3047
2023-01-05 10:52:52,35,40,3047,3047
2023-01-05 10:53:52,35,41,3047,3047
2023-01-05 10:54:22,35,43,3047,3047
2023-01-05 10:54:22,35,40,3047,3047
2023-01-05 10:54:52,35,42,3047,3047
2023-01-05 10:54:53,35,41,3047,3047
2023-01-05 10:57:23,36,41,3047,3047
2023-01-05 10:59:03,36,41,3048,3048
2023-01-05 10:59:14,36,41,3323,3323
2023-01-05 10:59:53,36,44,3323,3323
2023-01-05 10:59:53,36,42,3323,3323
2023-01-05 11:00:34,37,42,3323,3323
2023-01-05 11:00:34,37,43,3323,3323
2023-01-05 11:01:04,37,41,3323,3323
2023-01-05 11:01:05,34,41,3323,3323
2023-01-05 11:01:07,36,41,3323,3323
2023-01-05 11:02:24,36,44,3323,3323
2023-01-05 11:02:25,34,44,3323,3323
2023-01-05 11:02:25,32,44,3323,3323
2023-01-05 11:02:25,33,44,3323,3323
2023-01-05 11:02:25,35,44,3323,3323
2023-01-05 11:02:25,37,44,3323,3323
2023-01-05 11:02:26,37,42,3323,3323
2023-01-05 11:02:53,36,42,3323,3323
2023-01-05 11:03:24,36,44,3323,3323
2023-01-05 11:03:24,36,42,3323,3323
2023-01-05 11:03:52,34,42,3323,3323
2023-01-05 11:03:53,32,42,3323,3323
2023-01-05 11:03:53,0,42,3323,3323
2023-01-05 11:03:53,0,68,3323,3323
2023-01-05 11:03:53,0,45,3323,3323
2023-01-05 11:03:53,0,43,3323,3323
2023-01-05 11:03:53,0,41,3323,3323
2023-01-05 11:03:54,31,41,3323,3323
2023-01-05 11:03:54,33,41,3323,3323
2023-01-05 11:03:54,35,41,3323,3323
2023-01-05 11:04:01,36,41,3323,3323
2023-01-05 11:06:23,36,40,3323,3323
2023-01-05 11:07:53,36,42,3323,3323
2023-01-05 11:07:54,36,40,3323,3323
2023-01-05 11:10:43,34,40,3323,3323
2023-01-05 11:10:53,35,40,3323,3323
2023-01-05 11:11:02,35,39,3323,3323
2023-01-05 11:11:50,35,39,3325,3325
2023-01-05 11:13:29,34,39,3325,3325
2023-01-05 11:13:54,34,40,3325,3325
2023-01-05 11:13:54,34,38,3325,3325
2023-01-05 11:13:55,32,38,3325,3325
2023-01-05 11:14:24,28,38,3325,3325
2023-01-05 11:14:24,29,38,3325,3325
2023-01-05 11:14:24,31,38,3325,3325
2023-01-05 11:14:25,31,36,3325,3325
2023-01-05 11:14:53,31,38,3325,3325
2023-01-05 11:14:54,33,38,3325,3325
2023-01-05 11:15:52,34,38,3325,3325
2023-01-05 11:16:53,34,40,3325,3325
2023-01-05 11:16:54,34,38,3325,3325
2023-01-05 11:18:54,34,39,3325,3325
2023-01-05 11:21:53,34,41,3325,3325
2023-01-05 11:21:53,34,45,3325,3325
2023-01-05 11:21:54,34,44,3325,3325
2023-01-05 11:21:54,34,42,3325,3325
2023-01-05 11:21:54,34,40,3325,3325
2023-01-05 11:22:53,35,40,3325,3325
2023-01-05 11:23:19,36,40,3325,3325
2023-01-05 11:23:23,36,45,3325,3325
2023-01-05 11:23:23,36,41,3325,3325
2023-01-05 11:27:51,36,43,3325,3325
2023-01-05 11:27:52,36,42,3325,3325
2023-01-05 11:27:52,36,40,3325,3325
2023-01-05 11:28:23,36,43,3325,3325
2023-01-05 11:28:24,36,41,3325,3325
2023-01-05 11:30:34,36,40,3325,3325
2023-01-05 11:30:55,36,40,3326,3326
2023-01-05 11:31:23,36,44,3326,3326
2023-01-05 11:31:23,36,46,3326,3326
2023-01-05 11:31:23,36,41,3326,3326
2023-01-05 11:32:24,36,40,3326,3326
2023-01-05 11:34:24,36,41,3326,3326
2023-01-05 11:34:52,36,42,3326,3326
2023-01-05 11:34:55,36,40,3326,3326
2023-01-05 11:35:31,36,41,3326,3326
2023-01-05 11:36:22,36,43,3326,3326
2023-01-05 11:36:22,36,45,3326,3326
2023-01-05 11:36:22,36,46,3326,3326
2023-01-05 11:36:22,36,40,3326,3326
2023-01-05 11:36:53,36,39,3326,3326
2023-01-05 11:37:52,36,40,3326,3326
2023-01-05 11:38:01,36,42,3692,3692
2023-01-05 11:38:52,36,43,3692,3692
2023-01-05 11:38:53,36,41,3692,3692
2023-01-05 11:41:22,36,43,3692,3692
2023-01-05 11:41:22,36,45,3692,3692
2023-01-05 11:41:22,36,42,3692,3692
2023-01-05 11:42:23,36,44,3692,3692
2023-01-05 11:42:23,36,46,3692,3692
2023-01-05 11:42:23,36,43,3692,3692
2023-01-05 11:42:24,36,41,3692,3692
2023-01-05 11:42:52,36,39,3692,3692
2023-01-05 11:43:23,36,40,3692,3692
2023-01-05 11:44:22,35,40,3692,3692
2023-01-05 11:44:23,32,40,3692,3692
2023-01-05 11:44:23,34,40,3692,3692
2023-01-05 11:44:54,32,40,3692,3692
2023-01-05 11:44:54,31,40,3692,3692
2023-01-05 11:44:55,31,38,3692,3692
2023-01-05 11:44:56,33,38,3692,3692
2023-01-05 11:46:22,33,37,3692,3692
2023-01-05 11:46:22,31,37,3692,3692
2023-01-05 11:46:22,29,37,3692,3692
2023-01-05 11:46:23,0,37,3692,3692
2023-01-05 11:46:24,30,37,3692,3692
2023-01-05 11:46:24,32,37,3692,3692
2023-01-05 11:46:53,32,39,3692,3692
2023-01-05 11:46:53,32,40,3692,3692
2023-01-05 11:46:53,32,38,3692,3692
2023-01-05 11:47:22,33,38,3692,3692
2023-01-05 11:48:22,26,38,3692,3692
2023-01-05 11:48:22,26,40,3692,3692
2023-01-05 11:48:22,30,40,3692,3692
2023-01-05 11:48:23,32,40,3692,3692
2023-01-05 11:48:26,32,38,3692,3692
2023-01-05 11:48:53,31,38,3692,3692
2023-01-05 11:48:53,33,38,3692,3692
2023-01-05 11:49:22,33,40,3692,3692
2023-01-05 11:49:22,33,42,3692,3692
2023-01-05 11:49:22,33,41,3692,3692
2023-01-05 11:49:22,33,39,3692,3692
2023-01-05 11:50:09,34,39,3692,3692
2023-01-05 11:53:52,34,41,3692,3692
2023-01-05 11:53:53,34,42,3692,3692
2023-01-05 11:53:53,34,40,3692,3692
2023-01-05 11:55:32,35,40,3692,3692
2023-01-05 11:57:53,35,42,3692,3692
2023-01-05 11:57:54,35,43,3692,3692
2023-01-05 11:57:54,35,41,3692,3692
2023-01-05 11:58:23,35,43,3692,3692
2023-01-05 11:58:23,35,100,3692,3692
2023-01-05 11:58:24,35,44,3692,3692
2023-01-05 11:58:24,37,44,3692,3692
2023-01-05 11:58:24,37,42,3692,3692
2023-01-05 12:00:33,37,44,3692,3692
2023-01-05 12:00:34,37,42,3692,3692
2023-01-05 12:02:53,35,42,3692,3692
2023-01-05 12:02:53,35,40,3692,3692
2023-01-05 12:03:23,35,42,3692,3692
2023-01-05 12:03:24,35,41,3692,3692
2023-01-05 12:03:52,36,41,3692,3692
2023-01-05 12:04:53,34,41,3692,3692
2023-01-05 12:04:54,35,41,3692,3692
2023-01-05 12:05:31,36,41,3692,3692
2023-01-05 12:07:25,34,41,3692,3692
2023-01-05 12:07:26,34,45,3692,3692
2023-01-05 12:07:26,34,40,3692,3692
2023-01-05 12:07:27,35,40,3692,3692
2023-01-05 12:07:55,34,40,3692,3692
2023-01-05 12:08:22,34,39,3692,3692
2023-01-05 12:11:25,34,41,3692,3692
2023-01-05 12:11:27,34,44,3692,3692
2023-01-05 12:11:28,34,40,3692,3692
2023-01-05 12:11:28,35,40,3692,3692
2023-01-05 12:12:26,36,40,3692,3692
2023-01-05 12:12:31,36,42,3692,3692
2023-01-05 12:12:32,36,41,3692,3692
2023-01-05 12:15:36,36,42,3692,3692
2023-01-05 12:16:08,37,42,3692,3692
2023-01-05 12:17:13,36,42,3692,3692
2023-01-05 12:18:47,37,42,3692,3692
2023-01-05 12:19:18,36,42,3692,3692
2023-01-05 12:19:18,38,42,3692,3692
2023-01-05 12:19:18,38,43,3692,3692
2023-01-05 12:19:50,38,44,3692,3692
2023-01-05 12:20:27,36,44,3692,3692
2023-01-05 12:20:28,39,44,3692,3692
2023-01-05 12:22:18,39,46,3692,3692
2023-01-05 12:22:18,39,44,3692,3692
2023-01-05 12:22:18,37,44,3692,3692
2023-01-05 12:22:18,34,44,3692,3692
2023-01-05 12:22:18,38,44,3692,3692
2023-01-05 12:24:52,36,44,3692,3692
2023-01-05 12:24:52,34,44,3692,3692
2023-01-05 12:24:52,33,44,3692,3692
2023-01-05 12:24:53,37,44,3692,3692
2023-01-05 12:24:53,37,42,3692,3692
2023-01-05 12:26:24,36,42,3692,3692
2023-01-05 12:27:52,36,44,3692,3692
2023-01-05 12:27:52,36,46,3692,3692
2023-01-05 12:27:52,37,46,3692,3692
2023-01-05 12:27:52,37,45,3692,3692
2023-01-05 12:27:52,37,43,3692,3692
2023-01-05 12:29:52,34,43,3692,3692
2023-01-05 12:29:53,36,43,3692,3692
2023-01-05 12:29:54,38,43,3692,3692
2023-01-05 12:31:07,38,45,3692,3692
2023-01-05 12:31:07,37,45,3692,3692
2023-01-05 12:31:07,37,47,3692,3692
2023-01-05 12:31:07,37,46,3692,3692
2023-01-05 12:31:07,37,42,3692,3692
2023-01-05 12:31:57,38,42,3692,3692
2023-01-05 12:32:25,38,43,3692,3692
2023-01-05 12:32:51,38,50,3692,3692
2023-01-05 12:32:53,38,44,3692,3692
2023-01-05 12:32:53,38,42,3692,3692
2023-01-05 12:34:51,38,40,3692,3692
2023-01-05 12:36:21,38,42,3692,3692
2023-01-05 12:36:21,38,44,3692,3692
2023-01-05 12:36:21,38,49,3692,3692
2023-01-05 12:36:22,38,45,3692,3692
2023-01-05 12:36:22,38,43,3692,3692
2023-01-05 12:36:23,38,41,3692,3692
2023-01-05 12:36:52,38,42,3692,3692
2023-01-05 12:37:57,38,44,4098,4098
2023-01-05 12:38:24,38,42,4098,4098
2023-01-05 12:38:53,38,47,4098,4098
2023-01-05 12:38:53,38,43,4098,4098
2023-01-05 12:41:25,38,44,4098,4098
2023-01-05 12:42:23,39,44,4098,4098
2023-01-05 12:42:51,38,44,4098,4098
2023-01-05 12:43:23,39,44,4098,4098
2023-01-05 12:43:52,39,48,4098,4098
2023-01-05 12:43:52,39,49,4098,4098
2023-01-05 12:43:53,39,45,4098,4098
2023-01-05 12:44:24,40,45,4098,4098
2023-01-05 12:44:53,40,46,4098,4098
2023-01-05 12:46:23,40,45,4098,4098
2023-01-05 12:46:55,41,45,4098,4098
2023-01-05 12:46:59,41,46,4098,4098
2023-01-05 12:49:52,40,46,4098,4098
2023-01-05 12:50:34,40,48,4098,4098
2023-01-05 12:50:35,40,46,4098,4098
2023-01-05 12:51:54,38,46,4098,4098
2023-01-05 12:51:54,39,46,4098,4098
2023-01-05 12:51:54,41,46,4098,4098
2023-01-05 12:53:23,39,46,4098,4098
2023-01-05 12:53:24,41,46,4098,4098
2023-01-05 12:53:27,41,47,4098,4098
2023-01-05 12:54:52,40,47,4098,4098
2023-01-05 12:54:53,42,47,4098,4098
2023-01-05 12:54:55,42,51,5107,5107
2023-01-05 12:55:30,42,50,5107,5107
2023-01-05 12:55:30,44,50,5107,5107
2023-01-05 12:56:26,45,50,5107,5107
2023-01-05 12:57:52,43,50,5107,5107
2023-01-05 12:57:52,45,50,5107,5107
2023-01-05 12:57:52,45,51,5107,5107
2023-01-05 12:57:52,46,51,5107,5107
2023-01-05 12:59:23,46,55,5107,5107
2023-01-05 12:59:23,46,50,5107,5107
2023-01-05 12:59:54,46,51,5107,5107
2023-01-05 13:00:36,46,53,5107,5107
2023-01-05 13:00:37,46,52,5107,5107
2023-01-05 13:00:37,46,50,5107,5107
2023-01-05 13:01:06,46,51,5107,5107
2023-01-05 13:11:54,46,52,5107,5107
2023-01-05 13:13:56,47,52,5107,5107
2023-01-05 13:14:54,46,52,5107,5107
2023-01-05 13:16:24,47,52,5107,5107
2023-01-05 13:19:53,47,54,5107,5107
2023-01-05 13:19:53,47,55,5107,5107
2023-01-05 13:19:53,47,53,5107,5107
2023-01-05 13:19:59,47,55,5561,5561
2023-01-05 13:20:33,46,55,5561,5561
2023-01-05 13:20:33,46,59,5561,5561
2023-01-05 13:20:33,46,56,5561,5561
2023-01-05 13:20:33,46,54,5561,5561
2023-01-05 13:20:34,48,54,5561,5561
2023-01-05 13:20:48,46,54,5561,5998
2023-01-05 13:21:01,46,50,5561,5998
2023-01-05 13:21:01,46,48,5561,5998
2023-01-05 13:21:03,46,48,5571,6008
2023-01-05 13:21:03,46,48,5737,6341
2023-01-05 13:21:04,46,48,5747,6351
2023-01-05 13:21:04,46,48,5826,6508
2023-01-05 13:21:05,46,48,5861,6543
2023-01-05 13:21:05,46,48,5896,6578
2023-01-05 13:21:25,46,48,5920,6602
2023-01-05 13:21:28,46,47,5920,6602
2023-01-05 13:21:36,46,47,5923,6605
2023-01-05 13:22:05,41,47,5933,6625
2023-01-05 13:22:11,39,47,6017,6794
2023-01-05 13:22:25,41,47,6017,6794
2023-01-05 13:22:25,41,46,6017,6794
2023-01-05 13:22:33,39,46,6098,6956
2023-01-05 13:22:39,37,46,6187,7133
2023-01-05 13:22:41,37,39,6187,7133
2023-01-05 13:22:46,37,46,6187,7133
2023-01-05 13:22:52,33,46,6187,7133
2023-01-05 13:22:53,33,36,6187,7133
2023-01-05 13:22:54,33,34,6187,7133
2023-01-05 13:23:01,33,34,6287,7233
2023-01-05 13:23:03,33,36,6297,7243
2023-01-05 13:23:08,33,38,6336,7321
2023-01-05 13:23:24,33,55,6336,7321
2023-01-05 13:23:29,34,55,6336,7321
2023-01-05 13:24:07,33,55,6336,7321
2023-01-05 13:24:08,30,55,6336,7321
2023-01-05 13:24:22,30,45,6336,7321
2023-01-05 13:24:41,30,55,6336,7321
2023-01-05 13:24:53,32,55,6336,7321
2023-01-05 13:24:53,32,42,6336,7321
2023-01-05 13:24:53,32,40,6336,7321
2023-01-05 13:24:53,32,38,6336,7321
2023-01-05 13:25:56,33,38,6336,7321
2023-01-05 13:26:22,34,38,6336,7321
2023-01-05 13:26:25,34,40,6336,7321
2023-01-05 13:26:52,34,36,6336,7321
2023-01-05 13:26:56,33,36,6336,7321
2023-01-05 13:27:51,33,45,6336,7321
2023-01-05 13:27:52,33,45,6557,7542
2023-01-05 13:27:52,33,35,6750,7735
2023-01-05 13:28:31,30,33,6836,7821
2023-01-05 13:28:41,30,35,6897,7944
2023-01-05 13:28:57,30,35,6970,8089
2023-01-05 13:29:00,30,37,7038,8157
2023-01-05 13:29:26,30,45,7038,8157
2023-01-05 13:29:27,32,45,7038,8157
2023-01-05 13:29:27,32,43,7038,8157
2023-01-05 13:29:27,32,41,7038,8157
2023-01-05 13:29:27,34,41,7038,8157
2023-01-05 13:29:27,34,39,7038,8157
2023-01-05 13:30:04,35,39,7038,8157
2023-01-05 13:30:16,34,39,7038,8157
2023-01-05 13:30:24,35,39,7038,8157
2023-01-05 13:30:36,35,41,7038,8157
2023-01-05 13:31:08,35,40,7038,8157
2023-01-05 13:33:01,35,42,7038,8157
2023-01-05 13:33:02,35,39,7038,8157
2023-01-05 13:33:15,35,39,7204,8490
2023-01-05 13:33:32,33,39,7204,8490
2023-01-05 13:33:32,33,38,7204,8490
2023-01-05 13:33:32,33,36,7204,8490
2023-01-05 13:33:32,33,34,7204,8490
2023-01-05 13:33:32,30,34,7204,8490
2023-01-05 13:33:44,31,34,7204,8490
2023-01-05 13:34:00,31,38,7204,8490
2023-01-05 13:34:00,31,37,7204,8490
2023-01-05 13:34:00,31,35,7204,8490
2023-01-05 13:34:29,31,37,7204,8490
2023-01-05 13:34:29,31,36,7204,8490
2023-01-05 13:35:00,31,34,7204,8490
2023-01-05 13:36:15,31,32,7204,8490
2023-01-05 13:36:44,31,34,7204,8490
2023-01-05 13:36:44,31,35,7204,8490
2023-01-05 13:36:44,31,33,7204,8490
2023-01-05 13:37:03,31,33,7285,8652
2023-01-05 13:37:13,31,33,7385,8752
2023-01-05 13:37:15,31,35,7385,8752
2023-01-05 13:37:17,31,36,7385,8752
2023-01-05 13:37:42,31,38,7631,8998
2023-01-05 13:37:46,32,38,7631,8998
2023-01-05 13:37:47,32,39,7631,8998
2023-01-05 13:37:47,32,37,7631,8998
2023-01-05 13:37:53,32,37,7698,9065
2023-01-05 13:38:15,34,37,7698,9065
2023-01-05 13:38:15,34,39,7698,9065
2023-01-05 13:38:42,32,39,7698,9065
2023-01-05 13:38:42,30,39,7698,9065
2023-01-05 13:38:42,31,39,7698,9065
2023-01-05 13:38:43,35,39,7698,9065
2023-01-05 13:38:43,35,41,7698,9065
2023-01-05 13:39:12,35,43,7698,9065
2023-01-05 13:39:14,35,41,7698,9065
2023-01-05 13:39:43,36,41,7698,9065
2023-01-05 13:40:17,36,43,7698,9065
2023-01-05 13:40:17,36,42,7698,9065
2023-01-05 13:40:18,36,40,7698,9065
2023-01-05 13:40:18,34,40,7698,9065
2023-01-05 13:41:23,32,40,7698,9065
2023-01-05 13:41:23,32,37,7698,9065
2023-01-05 13:41:23,31,37,7698,9065
2023-01-05 13:41:53,30,37,7698,9065
2023-01-05 13:41:53,30,39,7698,9065
2023-01-05 13:41:53,30,45,7698,9065
2023-01-05 13:41:54,30,42,7698,9065
2023-01-05 13:41:54,30,38,7698,9065
2023-01-05 13:41:56,32,38,7698,9065
2023-01-05 13:42:24,32,37,7698,9065
2023-01-05 13:43:19,33,37,7698,9065
2023-01-05 13:43:23,33,39,7698,9065
2023-01-05 13:43:23,34,39,7698,9065
2023-01-05 13:43:55,34,40,7698,9065
2023-01-05 13:44:27,34,42,7698,9065
2023-01-05 13:44:27,37,42,7698,9065
2023-01-05 13:45:32,37,44,7698,9065
2023-01-05 13:45:33,37,43,7698,9065
2023-01-05 13:46:01,39,43,7698,9065
2023-01-05 13:46:01,39,45,7698,9065
2023-01-05 13:46:29,38,45,7698,9065
2023-01-05 13:46:29,38,44,7698,9065
2023-01-05 13:47:00,40,44,7698,9065
2023-01-05 13:47:09,38,44,7698,9065
2023-01-05 13:47:24,38,46,7698,9065
2023-01-05 13:47:25,39,46,7698,9065
2023-01-05 13:47:25,39,45,7698,9065
2023-01-05 13:47:53,37,45,7698,9065
2023-01-05 13:47:53,37,43,7698,9065
2023-01-05 13:48:54,37,41,7698,9065
2023-01-05 13:48:54,36,41,7698,9065
2023-01-05 13:49:24,38,41,7698,9065
2023-01-05 13:49:25,38,43,7698,9065
2023-01-05 13:49:26,38,44,7698,9065
2023-01-05 13:49:31,39,44,7698,9065
2023-01-05 13:49:50,39,44,7871,9238
2023-01-05 13:50:39,39,49,7871,9238
2023-01-05 13:50:39,39,47,7871,9238
2023-01-05 13:50:39,39,45,7871,9238
2023-01-05 13:51:06,39,47,7871,9238
2023-01-05 13:51:07,39,52,7871,9238
2023-01-05 13:51:07,41,52,7871,9238
2023-01-05 13:51:07,41,50,7871,9238
2023-01-05 13:51:07,41,48,7871,9238
2023-01-05 13:51:07,41,46,7871,9238
2023-01-05 13:51:36,40,46,7871,9238
2023-01-05 13:52:01,40,45,7871,9238
2023-01-05 13:52:01,39,45,7871,9238
2023-01-05 13:53:07,40,45,7871,9238
2023-01-05 13:53:13,40,47,8180,9547
2023-01-05 13:53:25,40,46,8180,9547
2023-01-05 13:53:25,41,46,8180,9547
2023-01-05 13:54:23,41,48,8180,9547
2023-01-05 13:54:24,40,48,8180,9547
2023-01-05 13:54:24,40,50,8180,9547
2023-01-05 13:54:25,40,49,8180,9547
2023-01-05 13:54:25,40,45,8180,9547
2023-01-05 13:54:54,40,47,8180,9547
2023-01-05 13:54:54,40,46,8180,9547
2023-01-05 13:55:33,41,46,8180,9547
2023-01-05 13:56:00,42,46,8180,9547
2023-01-05 13:56:29,39,46,8180,9547
2023-01-05 13:56:29,39,44,8180,9547
2023-01-05 13:56:29,38,44,8180,9547
2023-01-05 13:57:24,38,46,8180,9547
2023-01-05 13:57:24,39,46,8180,9547
2023-01-05 13:57:25,39,47,8180,9547
2023-01-05 13:57:25,39,45,8180,9547
2023-01-05 13:57:53,37,45,8180,9547
2023-01-05 13:57:53,35,45,8180,9547
2023-01-05 13:57:54,38,45,8180,9547
2023-01-05 13:57:54,40,45,8180,9547
2023-01-05 13:58:24,40,47,8180,9547
2023-01-05 13:58:24,40,46,8180,9547
2023-01-05 13:58:54,42,46,8180,9547
2023-01-05 13:58:55,42,49,8180,9547
2023-01-05 13:58:55,44,49,8180,9547
2023-01-05 13:59:24,44,51,8180,9547
2023-01-05 13:59:25,44,55,8180,9547
2023-01-05 13:59:25,45,55,8180,9547
2023-01-05 13:59:25,45,52,8180,9547
2023-01-05 13:59:25,45,50,8180,9547
2023-01-05 13:59:54,41,50,8180,9547
2023-01-05 13:59:54,44,50,8180,9547
2023-01-05 14:00:34,44,52,8180,9547
2023-01-05 14:00:35,44,51,8180,9547
2023-01-05 14:00:38,44,49,8180,9547
2023-01-05 14:01:04,42,49,8180,9547
2023-01-05 14:01:05,43,49,8180,9547
2023-01-05 14:01:31,43,46,8180,9547
2023-01-05 14:01:31,41,46,8180,9547
2023-01-05 14:02:23,42,46,8180,9547
2023-01-05 14:02:23,42,48,8180,9547
2023-01-05 14:02:51,38,48,8180,9547
2023-01-05 14:02:51,38,52,8180,9547
2023-01-05 14:02:51,33,52,8180,9547
2023-01-05 14:02:51,41,52,8180,9547
2023-01-05 14:02:52,41,47,8180,9547
2023-01-05 14:03:24,39,47,8180,9547
2023-01-05 14:03:24,39,49,8180,9547
2023-01-05 14:03:24,33,49,8180,9547
2023-01-05 14:03:24,38,49,8180,9547
2023-01-05 14:03:24,40,49,8180,9547
2023-01-05 14:03:25,40,50,8180,9547
2023-01-05 14:03:25,40,48,8180,9547
2023-01-05 14:03:26,40,46,8180,9547
2023-01-05 14:04:21,40,48,8496,9863
2023-01-05 14:04:23,38,48,8496,9863
2023-01-05 14:04:23,37,48,8496,9863
2023-01-05 14:04:23,37,47,8496,9863
2023-01-05 14:04:24,41,47,8496,9863
2023-01-05 14:04:51,37,47,8496,9863
2023-01-05 14:04:51,40,47,8496,9863
2023-01-05 14:04:52,42,47,8496,9863
2023-01-05 14:05:31,44,47,8496,9863
2023-01-05 14:05:31,44,49,8496,9863
2023-01-05 14:06:22,42,49,8496,9863
2023-01-05 14:06:22,40,49,8496,9863
2023-01-05 14:06:23,39,49,8496,9863
2023-01-05 14:06:23,43,49,8496,9863
2023-01-05 14:07:51,43,48,8496,9863
2023-01-05 14:08:22,37,48,8496,9863
2023-01-05 14:08:22,42,48,8496,9863
2023-01-05 14:08:22,42,50,8496,9863
2023-01-05 14:08:22,44,50,8496,9863
2023-01-05 14:08:51,44,52,8496,9863
2023-01-05 14:08:52,44,49,8496,9863
2023-01-05 14:08:52,42,49,8496,9863
2023-01-05 14:08:52,43,49,8496,9863
2023-01-05 14:09:22,43,51,8496,9863
2023-01-05 14:09:22,43,48,8496,9863
2023-01-05 14:09:52,43,46,8496,9863
2023-01-05 14:09:52,41,46,8496,9863
2023-01-05 14:09:53,40,46,8496,9863
2023-01-05 14:10:32,38,46,8496,9863
2023-01-05 14:10:33,38,50,8496,9863
2023-01-05 14:10:33,38,49,8496,9863
2023-01-05 14:10:33,38,47,8496,9863
2023-01-05 14:10:33,39,47,8496,9863
2023-01-05 14:10:33,39,45,8496,9863
2023-01-05 14:11:22,37,45,8496,9863
2023-01-05 14:11:23,38,45,8496,9863
2023-01-05 14:11:23,38,48,8496,9863
2023-01-05 14:11:23,40,48,8496,9863
2023-01-05 14:11:24,40,46,8496,9863
2023-01-05 14:11:51,40,48,8496,9863
2023-01-05 14:11:51,40,50,8496,9863
2023-01-05 14:11:52,40,51,8496,9863
2023-01-05 14:11:52,41,51,8496,9863
2023-01-05 14:11:52,41,49,8496,9863
2023-01-05 14:11:52,41,47,8496,9863
2023-01-05 14:12:22,41,50,8496,9863
2023-01-05 14:12:22,41,48,8496,9863
2023-01-05 14:12:22,40,48,8496,9863
2023-01-05 14:12:23,42,48,8496,9863
2023-01-05 14:12:50,43,48,8496,9863
2023-01-05 14:13:21,43,51,8496,9863
2023-01-05 14:13:22,43,49,8496,9863
2023-01-05 14:13:22,41,49,8496,9863
2023-01-05 14:13:24,41,47,8496,9863
2023-01-05 14:13:52,42,47,8496,9863
2023-01-05 14:14:25,40,47,8496,9863
2023-01-05 14:14:25,41,47,8496,9863
2023-01-05 14:14:51,41,51,8496,9863
2023-01-05 14:14:51,43,51,8496,9863
2023-01-05 14:14:51,45,51,8496,9863
2023-01-05 14:15:32,45,53,8496,9863
2023-01-05 14:15:32,47,53,8496,9863
2023-01-05 14:16:10,47,55,8722,10089
2023-01-05 14:16:22,45,55,8722,10271
2023-01-05 14:16:22,45,59,8722,10271
2023-01-05 14:16:23,45,56,8722,10271
2023-01-05 14:16:23,45,54,8722,10271
2023-01-05 14:16:23,47,54,8722,10271
2023-01-05 14:16:23,47,52,8722,10271
2023-01-05 14:16:51,47,53,8722,10271
2023-01-05 14:16:52,47,51,8722,10271
2023-01-05 14:16:52,47,49,8722,10271
2023-01-05 14:16:53,43,49,8722,10271
2023-01-05 14:17:51,43,51,8722,10271
2023-01-05 14:17:51,42,51,8722,10271
2023-01-05 14:17:52,42,48,8722,10271
2023-01-05 14:18:24,42,59,8722,10271
2023-01-05 14:18:25,42,49,8722,10271
2023-01-05 14:18:25,42,47,8722,10271
2023-01-05 14:18:52,42,49,8722,10271
2023-01-05 14:18:53,43,49,8722,10271
2023-01-05 14:19:52,43,48,8722,10271
2023-01-05 14:19:53,42,48,8722,10271
2023-01-05 14:20:32,42,51,8722,10271
2023-01-05 14:20:33,42,49,8722,10271
2023-01-05 14:20:33,42,47,8722,10271
2023-01-05 14:21:22,42,49,8722,10271
2023-01-05 14:21:22,42,48,8722,10271
2023-01-05 14:22:26,42,50,8722,10271
2023-01-05 14:22:26,43,50,8722,10271
2023-01-05 14:22:27,43,49,8722,10271
2023-01-05 14:22:55,41,49,8722,10271
2023-01-05 14:22:57,41,47,8722,10271
2023-01-05 14:23:26,42,47,8722,10271
2023-01-05 14:23:54,43,47,8722,10271
2023-01-05 14:23:55,43,49,8722,10271
2023-01-05 14:24:26,43,48,8722,10271
2023-01-05 14:24:55,43,50,8722,10271
2023-01-05 14:24:55,42,50,8722,10271
2023-01-05 14:24:55,44,50,8722,10271
2023-01-05 14:25:30,42,50,8722,10271
2023-01-05 14:25:31,40,50,8722,10271
2023-01-05 14:25:31,41,50,8722,10271
2023-01-05 14:25:31,43,50,8722,10271
2023-01-05 14:25:31,43,48,8722,10271
2023-01-05 14:26:08,43,50,8902,10451
2023-01-05 14:26:25,45,50,8902,10451
2023-01-05 14:26:26,45,51,8902,10451
2023-01-05 14:27:25,46,51,8902,10451
2023-01-05 14:28:25,46,53,8902,10451
2023-01-05 14:28:25,46,55,8902,10451
2023-01-05 14:28:25,47,55,8902,10451
2023-01-05 14:28:25,47,56,8902,10451
2023-01-05 14:28:25,47,54,8902,10451
2023-01-05 14:28:26,47,52,8902,10451
2023-01-05 14:28:44,47,54,9103,10652
2023-01-05 14:28:53,48,54,9103,10652
2023-01-05 14:29:25,50,54,9103,10652
2023-01-05 14:29:25,50,56,9103,10652
2023-01-05 14:30:35,51,56,9103,10652
2023-01-05 14:31:30,51,57,9103,10652
2023-01-05 14:31:30,48,57,9103,10652
2023-01-05 14:31:30,48,55,9103,10652
2023-01-05 14:31:31,50,55,9103,10652
2023-01-05 14:31:53,48,55,9103,10652
2023-01-05 14:31:54,47,55,9103,10652
2023-01-05 14:31:56,47,53,9103,10652
2023-01-05 14:32:22,47,55,9103,10652
2023-01-05 14:32:22,48,55,9103,10652
2023-01-05 14:32:22,48,54,9103,10652
2023-01-05 14:32:52,48,52,9103,10652
2023-01-05 14:32:53,47,52,9103,10652
2023-01-05 14:33:22,47,54,9103,10652
2023-01-05 14:33:22,49,54,9103,10652
2023-01-05 14:33:51,49,56,9103,10652
2023-01-05 14:33:51,49,61,9103,10652
2023-01-05 14:33:51,49,53,9103,10652
2023-01-05 14:33:51,47,53,9103,10652
2023-01-05 14:34:08,47,53,9103,10653
2023-01-05 14:34:22,47,55,9103,10653
2023-01-05 14:34:22,48,55,9103,10653
2023-01-05 14:34:22,48,56,9103,10653
2023-01-05 14:34:22,48,54,9103,10653
2023-01-05 14:34:51,50,54,9103,10653
2023-01-05 14:34:51,50,55,9103,10653
2023-01-05 14:35:51,48,55,9103,10653
2023-01-05 14:35:52,47,55,9103,10653
2023-01-05 14:35:52,49,55,9103,10653
2023-01-05 14:36:22,49,54,9103,10653
2023-01-05 14:36:33,49,54,9103,10785
2023-01-05 14:36:36,47,54,9103,10852
2023-01-05 14:36:43,45,54,9184,11013
2023-01-05 14:36:52,36,54,9184,11013
2023-01-05 14:36:52,39,54,9184,11013
2023-01-05 14:36:52,43,54,9184,11013
2023-01-05 14:36:52,43,49,9184,11013
2023-01-05 14:37:21,36,49,9184,11013
2023-01-05 14:37:22,36,50,9184,11013
2023-01-05 14:37:22,36,48,9184,11013
2023-01-05 14:37:22,40,48,9184,11013
2023-01-05 14:37:22,42,48,9184,11013
2023-01-05 14:37:27,42,45,9184,11013
2023-01-05 14:37:49,40,45,9184,11199
2023-01-05 14:37:52,40,42,9184,11199
2023-01-05 14:37:53,33,42,9184,11199
2023-01-05 14:37:53,33,40,9184,11199
2023-01-05 14:38:11,33,42,9184,11199
2023-01-05 14:38:21,33,39,9184,11199
2023-01-05 14:38:22,33,35,9184,11199
2023-01-05 14:38:22,33,35,9284,11299
2023-01-05 14:38:23,30,35,9284,11299
2023-01-05 14:38:29,30,37,9304,11340
2023-01-05 14:38:33,31,37,9304,11340
2023-01-05 14:38:45,31,39,9357,11445
2023-01-05 14:38:55,33,39,9357,11445
2023-01-05 14:39:20,33,41,9492,11580
2023-01-05 14:39:26,33,40,9492,11580
2023-01-05 14:39:31,33,38,9492,11580
2023-01-05 14:39:32,34,38,9492,11580
2023-01-05 14:39:38,34,40,9619,11707
2023-01-05 14:40:22,33,40,9619,11707
2023-01-05 14:40:36,29,40,9619,11707
2023-01-05 14:40:37,22,40,9619,11707
2023-01-05 14:40:38,32,40,9619,11707
2023-01-05 14:40:38,34,40,9619,11707
2023-01-05 14:40:38,36,40,9619,11707
2023-01-05 14:40:39,36,41,9619,11707
2023-01-05 14:41:06,34,41,9619,11707
2023-01-05 14:41:06,35,41,9619,11707
2023-01-05 14:41:33,35,39,9619,11707
2023-01-05 14:41:33,33,39,9619,11707
2023-01-05 14:42:01,33,44,9619,11707
2023-01-05 14:42:02,33,38,9619,11707
2023-01-05 14:42:02,32,38,9619,11707
2023-01-05 14:42:30,32,39,9619,11707
2023-01-05 14:42:31,34,39,9619,11707
2023-01-05 14:43:14,34,39,9626,11722
2023-01-05 14:43:23,34,41,9774,11870
2023-01-05 14:43:25,34,43,9774,11870
2023-01-05 14:43:25,35,43,9774,11870
2023-01-05 14:43:25,37,43,9774,11870
2023-01-05 14:43:26,37,44,9774,11870
2023-01-05 14:43:26,37,42,9774,11870
2023-01-05 14:43:54,35,42,9774,11870
2023-01-05 14:43:55,36,42,9774,11870
2023-01-05 14:43:55,36,43,9774,11870
2023-01-05 14:43:55,38,43,9774,11870
2023-01-05 14:44:26,38,44,9774,11870
2023-01-05 14:44:55,38,43,9774,11870
2023-01-05 14:45:25,38,43,9874,11970
2023-01-05 14:45:34,39,43,9874,11970
2023-01-05 14:45:34,39,44,9874,11970
2023-01-05 14:45:43,39,43,9874,11970
2023-01-05 14:45:49,39,43,9874,12070
2023-01-05 14:45:56,37,43,9874,12139
2023-01-05 14:46:02,35,43,9874,12139
2023-01-05 14:46:02,36,43,9874,12139
2023-01-05 14:46:03,36,41,9874,12139
2023-01-05 14:46:33,36,39,9874,12139
2023-01-05 14:46:34,31,39,9874,12139
2023-01-05 14:46:34,33,39,9874,12139
2023-01-05 14:48:24,31,39,9874,12139
2023-01-05 14:48:24,30,39,9874,12139
2023-01-05 14:48:24,30,38,9874,12139
2023-01-05 14:48:25,32,38,9874,12139
2023-01-05 14:48:51,32,37,9874,12139
2023-01-05 14:48:59,32,37,9874,12239
2023-01-05 14:49:17,30,37,9903,12297
2023-01-05 14:49:22,32,37,9903,12297
2023-01-05 14:49:29,30,37,9914,12446
2023-01-05 14:49:53,30,39,9914,12446
2023-01-05 14:49:53,30,41,9914,12446
2023-01-05 14:49:53,30,42,9914,12446
2023-01-05 14:49:53,30,33,9914,12446
2023-01-05 14:49:53,30,31,9914,12446
2023-01-05 14:49:54,24,31,9914,12446
2023-01-05 14:50:33,24,33,9914,12446
2023-01-05 14:50:35,24,42,9914,12446
2023-01-05 14:50:36,18,42,9914,12446
2023-01-05 14:50:50,21,42,9914,12446
2023-01-05 14:51:23,26,68,9914,12446
2023-01-05 14:51:23,26,34,9914,12446
2023-01-05 14:51:23,28,34,9914,12446
2023-01-05 14:51:52,26,34,9914,12446
2023-01-05 14:51:52,24,34,9914,12446
2023-01-05 14:51:53,27,34,9914,12446
2023-01-05 14:51:53,27,32,9914,12446
2023-01-05 14:52:23,27,33,9914,12446
2023-01-05 14:52:31,28,33,9914,12446
2023-01-05 14:52:34,28,35,10087,12619
2023-01-05 14:52:51,28,37,10087,12619
2023-01-05 14:52:51,33,37,10087,12619
2023-01-05 14:52:52,33,38,10087,12619
2023-01-05 14:53:23,31,38,10087,12619
2023-01-05 14:53:23,31,37,10087,12619
2023-01-05 14:53:23,31,35,10087,12619
2023-01-05 14:53:24,29,35,10087,12619
2023-01-05 14:53:53,30,35,10087,12619
2023-01-05 14:54:22,29,35,10087,12619
2023-01-05 14:54:51,29,34,10087,12619
2023-01-05 14:54:51,25,34,10087,12619
2023-01-05 14:54:51,24,34,10087,12619
2023-01-05 14:54:51,26,34,10087,12619
2023-01-05 14:54:51,28,34,10087,12619
2023-01-05 14:55:17,28,34,10087,12792
2023-01-05 14:55:28,28,36,10087,12792
2023-01-05 14:55:28,27,36,10087,12792
2023-01-05 14:55:28,27,44,10087,12792
2023-01-05 14:55:28,27,35,10087,12792
2023-01-05 14:55:28,27,33,10087,12792
2023-01-05 14:55:51,27,32,10087,12792
2023-01-05 14:56:08,27,32,10187,12892
2023-01-05 14:56:15,27,34,10203,12919
2023-01-05 14:56:22,27,34,10232,12977
2023-01-05 14:56:22,28,34,10232,12977
2023-01-05 14:56:23,30,34,10232,12977
2023-01-05 14:56:26,30,35,10232,12977
2023-01-05 14:56:27,34,35,10232,12977
2023-01-05 14:56:31,34,37,10348,13093
2023-01-05 14:56:35,30,37,10348,13093
2023-01-05 14:56:44,31,37,10348,13093
2023-01-05 14:56:51,31,39,10348,13093
2023-01-05 14:56:51,31,68,10348,13093
2023-01-05 14:56:51,35,68,10348,13093
2023-01-05 14:56:51,35,46,10348,13093
2023-01-05 14:56:52,37,46,10348,13093
2023-01-05 14:56:52,37,42,10348,13093
2023-01-05 14:57:21,37,44,10348,13093
2023-01-05 14:57:21,37,43,10348,13093
2023-01-05 14:57:22,37,41,10348,13093
2023-01-05 14:57:22,36,41,10348,13093
2023-01-05 14:57:42,36,43,10443,13188
2023-01-05 14:57:47,37,43,10443,13188
2023-01-05 14:57:52,39,43,10443,13188
2023-01-05 14:57:52,39,45,10443,13188
2023-01-05 14:58:22,37,45,10443,13188
2023-01-05 14:58:22,38,45,10443,13188
2023-01-05 14:58:23,40,45,10443,13188
2023-01-05 14:58:51,40,48,10443,13188
2023-01-05 14:58:53,40,46,10443,13188
2023-01-05 14:59:52,41,46,10443,13188
2023-01-05 14:59:52,43,46,10443,13188
2023-01-05 14:59:52,43,48,10443,13188
2023-01-05 15:00:30,43,50,10559,13304
2023-01-05 15:00:32,43,51,10559,13304
2023-01-05 15:00:32,43,49,10559,13304
2023-01-05 15:01:22,43,52,10559,13304
2023-01-05 15:01:22,41,52,10559,13304
2023-01-05 15:01:23,47,52,10559,13304
2023-01-05 15:01:24,49,52,10559,13304
2023-01-05 15:01:52,48,52,10559,13304
2023-01-05 15:02:52,46,52,10559,13304
2023-01-05 15:02:52,47,52,10559,13304
2023-01-05 15:02:52,51,52,10559,13304
2023-01-05 15:02:55,51,57,10617,13420
2023-01-05 15:03:10,51,55,10617,13420
2023-01-05 15:03:22,53,55,10617,13420
2023-01-05 15:04:21,53,55,10617,13515
2023-01-05 15:04:24,51,55,10617,13515
2023-01-05 15:05:03,49,55,10693,13667
2023-01-05 15:05:28,49,53,10693,13667
2023-01-05 15:05:30,47,53,10693,13667
2023-01-05 15:05:54,46,53,10693,13667
2023-01-05 15:05:54,46,55,10693,13667
2023-01-05 15:05:54,48,55,10693,13667
2023-01-05 15:05:54,50,55,10693,13667
2023-01-05 15:06:01,50,56,10693,13667
2023-01-05 15:06:22,50,58,10693,13667
2023-01-05 15:06:22,53,58,10693,13667
2023-01-05 15:06:51,53,60,10693,13667
2023-01-05 15:06:51,54,60,10693,13667
2023-01-05 15:08:10,60,62,10815,13789
2023-01-05 15:08:52,60,61,10815,13789
2023-01-05 15:09:52,60,64,10815,13789
2023-01-05 15:09:52,60,62,10815,13789
2023-01-05 15:10:33,60,64,10815,13789
2023-01-05 15:11:25,60,66,10815,13789
2023-01-05 15:11:25,60,68,10815,13789
2023-01-05 15:11:25,62,68,10815,13789
2023-01-05 15:11:26,62,67,10815,13789
2023-01-05 15:11:51,62,69,10815,13789
2023-01-05 15:11:52,64,69,10815,13789
2023-01-05 15:12:22,64,71,10815,13789
2023-01-05 15:12:22,62,71,10815,13789
2023-01-05 15:12:23,62,66,10815,13789
2023-01-05 15:12:23,60,66,10815,13789
2023-01-05 15:12:24,61,66,10815,13789
2023-01-05 15:13:07,61,68,10929,13903
2023-01-05 15:13:22,61,70,10929,13903
2023-01-05 15:13:23,62,70,10929,13903
2023-01-05 15:13:23,62,71,10929,13903
2023-01-05 15:13:23,62,69,10929,13903
2023-01-05 15:13:23,64,69,10929,13903
2023-01-05 15:14:24,64,73,10929,13903
2023-01-05 15:14:24,64,70,10929,13903
2023-01-05 15:14:24,65,70,10929,13903
2023-01-05 15:14:52,65,68,10929,13903
2023-01-05 15:14:52,63,68,10929,13903
2023-01-05 15:15:28,63,70,10929,13903
2023-01-05 15:15:28,60,70,10929,13903
2023-01-05 15:15:28,60,69,10929,13903
2023-01-05 15:15:29,62,69,10929,13903
2023-01-05 15:15:29,62,67,10929,13903
2023-01-05 15:15:35,62,67,10929,13908
2023-01-05 15:15:53,60,67,10967,13983
2023-01-05 15:16:24,60,63,10967,13983
2023-01-05 15:16:52,60,64,10967,13983
2023-01-05 15:17:22,61,64,10967,13983
2023-01-05 15:17:24,61,67,10967,13983
2023-01-05 15:17:51,63,67,10967,13983
2023-01-05 15:17:51,63,68,10967,13983
2023-01-05 15:18:52,60,68,10967,13983
2023-01-05 15:18:52,66,68,10967,13983
2023-01-05 15:18:52,66,70,10967,13983
2023-01-05 15:18:53,66,80,10967,13983
2023-01-05 15:19:23,67,80,10967,13983
2023-01-05 15:19:54,67,87,10967,13983
2023-01-05 15:19:54,69,87,10967,13983
2023-01-05 15:20:14,69,82,10967,13983
2023-01-05 15:20:34,69,74,10967,13983
2023-01-05 15:21:02,67,74,10967,13983
2023-01-05 15:21:02,70,74,10967,13983
2023-01-05 15:21:02,70,75,10967,13983
2023-01-05 15:21:52,70,77,10967,13983
2023-01-05 15:21:53,68,77,10967,13983
2023-01-05 15:21:54,68,82,10967,13983
2023-01-05 15:22:18,68,87,10967,13983
2023-01-05 15:22:23,70,87,10967,13983
2023-01-05 15:22:51,72,87,10967,13983
2023-01-05 15:23:22,68,87,10967,13983
2023-01-05 15:23:23,71,87,10967,13983
2023-01-05 15:23:23,73,87,10967,13983
2023-01-05 15:24:21,73,78,10967,13983
2023-01-05 15:24:51,73,88,10967,13983
2023-01-05 15:24:51,75,88,10967,13983
2023-01-05 15:25:18,80,98,10967,13983
2023-01-05 15:25:22,80,85,10967,13983
2023-01-05 15:26:02,77,89,10987,14023
2023-01-05 15:27:20,85,95,10987,14023
2023-01-05 15:27:20,85,98,10987,14023
2023-01-05 15:27:21,28,98,11567,15422
2023-01-05 15:27:22,79,98,11567,15422
2023-01-05 15:27:29,79,93,11567,15422
2023-01-05 15:27:35,79,98,11567,15422
2023-01-05 15:27:44,79,93,11567,15422
2023-01-05 15:27:52,78,93,11567,15422
2023-01-05 15:28:23,76,93,11567,15512
2023-01-05 15:28:51,78,93,11567,15512
2023-01-05 15:29:19,78,92,11567,15512
2023-01-05 15:29:53,76,92,11567,15512
2023-01-05 15:30:33,78,92,11567,15512
2023-01-05 15:31:23,76,92,11567,15512
2023-01-05 15:31:23,79,92,11567,15512
2023-01-05 15:31:23,83,92,11567,15512
2023-01-05 15:31:52,61,92,11567,15512
2023-01-05 15:32:14,70,92,11567,15512
2023-01-05 15:33:04,75,92,11567,15512
2023-01-05 15:33:22,81,92,11567,15512
2023-01-05 15:33:22,83,92,11567,15512
2023-01-05 15:33:53,75,92,11567,15512
2023-01-05 15:33:55,67,92,11567,15512
2023-01-05 15:34:03,80,92,11567,15512
2023-01-05 15:34:16,67,92,11567,15512
2023-01-05 15:34:55,82,92,11567,15512
2023-01-05 15:35:23,67,92,11567,15512
2023-01-05 15:35:33,75,92,11567,15512
2023-01-05 15:36:40,75,98,11567,15512
2023-01-05 15:36:52,75,98,11644,15589
2023-01-05 15:36:54,75,97,11644,15589
2023-01-05 15:37:19,67,97,11644,15589
2023-01-05 15:37:26,70,97,11644,15589
2023-01-05 15:41:48,73,97,11644,15589
2023-01-05 15:43:17,68,97,11644,15589
2023-01-05 15:43:26,75,97,11644,15589
2023-01-05 15:46:21,28,97,11744,15689
2023-01-05 15:46:30,75,97,11744,15689
2023-01-05 15:46:54,76,97,11744,15689
2023-01-05 15:47:31,80,97,11744,15689
2023-01-05 15:50:12,76,97,11744,15689
2023-01-05 15:50:12,75,97,11744,15689
2023-01-05 15:51:16,80,97,11744,15689
2023-01-05 15:51:26,75,97,11744,15689
2023-01-05 15:52:07,75,99,11744,15689
2023-01-05 15:52:30,75,98,11744,15689
2023-01-05 15:53:27,85,98,11744,15689
2023-01-05 15:54:24,75,98,11744,15689
2023-01-05 15:54:42,76,98,11744,15689
2023-01-05 15:55:01,75,98,11744,15689
2023-01-05 15:56:05,85,98,11744,15689
2023-01-05 15:56:47,85,100,11841,15786
2023-01-05 15:56:57,92,100,11841,15786
2023-01-05 15:57:13,93,100,11841,15786
2023-01-05 15:57:55,95,100,11841,15786
2023-01-05 15:58:00,99,100,11841,15786
