datetime,bid,ask,open_interest,volume
2023-10-26 09:30:31,17,24,607,607
2023-10-26 09:30:43,2,24,607,607
2023-10-26 09:30:43,16,24,607,607
2023-10-26 09:31:00,19,24,607,607
2023-10-26 09:31:00,20,24,607,607
2023-10-26 09:31:00,21,24,607,607
2023-10-26 09:31:03,20,24,607,607
2023-10-26 09:31:03,21,24,607,607
2023-10-26 09:31:05,20,24,607,607
2023-10-26 09:31:05,21,24,607,607
2023-10-26 09:31:09,20,24,607,607
2023-10-26 09:31:09,21,24,607,607
2023-10-26 09:31:10,20,24,607,607
2023-10-26 09:31:10,21,24,607,607
2023-10-26 09:31:11,20,24,607,607
2023-10-26 09:31:13,20,23,607,607
2023-10-26 09:31:22,19,23,607,607
2023-10-26 09:31:27,20,23,607,607
2023-10-26 09:31:29,19,23,607,607
2023-10-26 09:31:30,20,23,607,607
2023-10-26 09:31:31,19,23,607,607
2023-10-26 09:31:36,19,22,607,607
2023-10-26 09:31:41,19,22,807,807
2023-10-26 09:31:44,19,23,807,807
2023-10-26 09:31:44,19,22,807,807
2023-10-26 09:31:44,20,22,807,807
2023-10-26 09:31:49,19,22,807,807
2023-10-26 09:32:10,20,22,807,807
2023-10-26 09:32:14,20,23,807,807
2023-10-26 09:32:14,20,22,807,807
2023-10-26 09:32:27,19,22,807,807
2023-10-26 09:32:28,20,22,807,807
2023-10-26 09:32:31,19,22,807,807
2023-10-26 09:33:05,19,21,807,807
2023-10-26 09:33:11,18,21,807,807
2023-10-26 09:33:17,18,19,807,807
2023-10-26 09:34:08,18,21,1007,1007
2023-10-26 09:34:20,19,21,1007,1007
2023-10-26 09:35:10,19,20,1007,1007
2023-10-26 09:35:13,19,20,1257,1257
2023-10-26 09:35:32,19,21,1257,1257
2023-10-26 09:35:32,19,20,1257,1257
2023-10-26 09:35:36,19,20,1507,1507
2023-10-26 09:35:37,19,21,1507,1507
2023-10-26 09:36:03,20,21,1507,1507
2023-10-26 09:36:12,19,21,1507,1507
2023-10-26 09:36:12,20,21,1507,1507
2023-10-26 09:36:16,19,21,1507,1507
2023-10-26 09:36:28,19,20,1507,1507
2023-10-26 09:36:29,19,21,1507,1507
2023-10-26 09:36:29,19,20,1507,1507
2023-10-26 09:36:52,19,21,1507,1507
2023-10-26 09:36:52,19,20,1507,1507
2023-10-26 09:36:56,19,21,1507,1507
2023-10-26 09:36:56,19,20,1507,1507
2023-10-26 09:36:58,19,21,1507,1507
2023-10-26 09:37:15,19,20,1507,1507
2023-10-26 09:37:16,19,21,1507,1507
2023-10-26 09:37:20,19,20,1507,1507
2023-10-26 09:37:20,19,21,1507,1507
2023-10-26 09:37:57,20,21,1507,1507
2023-10-26 09:38:26,21,22,1507,1508
2023-10-26 09:38:32,21,22,1757,1758
2023-10-26 09:38:33,21,22,2007,2008
2023-10-26 09:38:52,21,23,2107,2108
2023-10-26 09:38:58,22,23,2107,2108
2023-10-26 09:39:11,22,23,2357,2358
2023-10-26 09:39:11,22,23,2357,2410
2023-10-26 09:39:12,22,24,2507,2560
2023-10-26 09:39:17,23,24,2507,2560
2023-10-26 09:40:23,23,24,2507,2810
2023-10-26 09:40:44,23,24,2508,2811
2023-10-26 09:40:47,22,24,2508,2811
2023-10-26 09:40:56,23,24,2508,2811
2023-10-26 09:41:11,22,24,2508,2811
2023-10-26 09:41:11,23,24,2508,2811
2023-10-26 09:41:40,22,24,2508,2811
2023-10-26 09:41:43,23,24,2508,2811
2023-10-26 09:41:45,22,24,2508,2811
2023-10-26 09:42:20,22,23,2508,2811
2023-10-26 09:42:23,22,24,2508,2811
2023-10-26 09:42:26,22,23,2508,2811
2023-10-26 09:42:27,21,23,2508,2811
2023-10-26 09:42:29,22,23,2508,2811
2023-10-26 09:42:29,22,24,2508,2811
2023-10-26 09:42:30,21,24,2508,2811
2023-10-26 09:42:30,21,23,2508,2811
2023-10-26 09:42:30,21,24,2508,2811
2023-10-26 09:42:30,21,23,2508,2811
2023-10-26 09:42:43,21,22,2508,2811
2023-10-26 09:43:00,21,23,2508,2811
2023-10-26 09:43:04,21,22,2508,2811
2023-10-26 09:43:06,21,23,2508,2811
2023-10-26 09:43:15,22,23,2508,2811
2023-10-26 09:43:15,22,24,2508,2811
2023-10-26 09:43:19,22,23,2508,2811
2023-10-26 09:43:25,22,24,2508,2811
2023-10-26 09:43:29,22,23,2508,2811
2023-10-26 09:43:33,22,24,2508,2811
2023-10-26 09:43:43,22,23,2508,2811
2023-10-26 09:43:44,22,24,2508,2811
2023-10-26 09:43:44,22,23,2508,2811
2023-10-26 09:43:45,22,24,2508,2811
2023-10-26 09:43:49,22,23,2508,2811
2023-10-26 09:43:53,21,23,2508,2811
2023-10-26 09:44:01,21,22,2508,2811
2023-10-26 09:44:31,21,23,2508,2811
2023-10-26 09:44:33,21,22,2508,2811
2023-10-26 09:44:34,21,23,2508,2811
2023-10-26 09:44:53,22,23,2508,2811
2023-10-26 09:45:06,21,23,2508,2811
2023-10-26 09:45:07,22,23,2508,2811
2023-10-26 09:45:07,21,23,2508,2811
2023-10-26 09:45:08,22,23,2508,2811
2023-10-26 09:45:15,22,24,2508,2811
2023-10-26 09:45:25,21,24,2508,2811
2023-10-26 09:45:26,21,23,2508,2811
2023-10-26 09:45:34,21,22,2508,2811
2023-10-26 09:45:45,21,23,2508,2811
2023-10-26 09:45:45,21,22,2508,2811
2023-10-26 09:45:52,21,23,2508,2811
2023-10-26 09:45:54,21,23,2508,2861
2023-10-26 09:45:56,21,23,2508,2879
2023-10-26 09:45:57,21,23,2508,2929
2023-10-26 09:45:59,21,23,2508,2979
2023-10-26 09:46:01,21,23,2508,3029
2023-10-26 09:46:03,21,23,2508,3039
2023-10-26 09:46:05,21,23,2508,3058
2023-10-26 09:46:11,22,23,2508,3058
2023-10-26 09:46:12,21,23,2508,3058
2023-10-26 09:46:12,22,23,2508,3058
2023-10-26 09:46:13,22,23,2508,3072
2023-10-26 09:46:17,22,23,2508,3089
2023-10-26 09:46:17,21,23,2508,3089
2023-10-26 09:46:20,21,23,2508,3101
2023-10-26 09:46:47,22,23,2508,3101
2023-10-26 09:46:50,22,24,2508,3101
2023-10-26 09:47:03,22,24,2508,3116
2023-10-26 09:47:05,22,24,2508,3127
2023-10-26 09:47:07,22,24,2508,3138
2023-10-26 09:47:09,22,24,2508,3151
2023-10-26 09:47:11,22,24,2508,3198
2023-10-26 09:47:28,23,24,2508,3198
2023-10-26 09:47:41,23,24,2758,3448
2023-10-26 09:47:44,23,25,2961,3651
2023-10-26 09:48:10,23,25,2961,3662
2023-10-26 09:48:42,24,25,2961,3662
2023-10-26 09:49:14,23,25,2961,3662
2023-10-26 09:49:14,24,25,2961,3662
2023-10-26 09:49:39,23,25,2961,4097
2023-10-26 09:49:40,24,25,2961,4097
2023-10-26 09:51:18,24,25,2961,4110
2023-10-26 09:51:20,24,25,2961,4123
2023-10-26 09:51:32,24,25,2961,4147
2023-10-26 09:52:00,24,25,2961,4362
2023-10-26 09:52:32,24,25,2961,4380
2023-10-26 09:52:40,24,25,2961,4880
2023-10-26 09:52:49,24,25,2961,4900
2023-10-26 09:53:05,24,25,2961,4925
2023-10-26 09:53:15,24,25,2961,4975
2023-10-26 09:54:02,24,25,2961,5025
2023-10-26 09:58:48,24,25,2961,5038
2023-10-26 09:58:50,24,25,2961,5149
2023-10-26 10:00:45,23,25,3296,5549
2023-10-26 10:01:02,24,25,3296,5549
2023-10-26 10:02:27,24,25,3384,5684
2023-10-26 10:05:43,24,25,3434,5734
2023-10-26 10:20:43,24,25,3634,5934
2023-10-26 10:20:43,25,26,3635,5935
2023-10-26 10:21:09,24,26,3635,5935
2023-10-26 10:21:11,25,26,3635,5935
2023-10-26 10:21:17,24,26,3635,5935
2023-10-26 10:22:06,25,26,3635,5935
2023-10-26 10:22:07,25,26,3635,6085
2023-10-26 10:22:34,24,26,3635,6085
2023-10-26 10:22:34,25,26,3635,6085
2023-10-26 10:22:34,24,26,3635,6085
2023-10-26 10:22:35,25,26,3635,6085
2023-10-26 10:22:38,24,26,3635,6085
2023-10-26 10:22:38,25,26,3635,6085
2023-10-26 10:22:41,24,26,3635,6085
2023-10-26 10:22:48,25,26,3635,6085
2023-10-26 10:22:54,24,26,3635,6085
2023-10-26 10:23:40,23,26,3635,6085
2023-10-26 10:23:42,23,25,3635,6085
2023-10-26 10:23:46,24,25,3635,6085
2023-10-26 10:23:53,23,25,3635,6085
2023-10-26 10:23:54,24,25,3635,6085
2023-10-26 10:23:58,23,25,3635,6085
2023-10-26 10:24:02,24,25,3635,6085
2023-10-26 10:24:10,24,25,3735,6185
2023-10-26 10:24:10,23,25,3735,6185
2023-10-26 10:24:19,24,25,3735,6185
2023-10-26 10:24:35,23,25,3735,6185
2023-10-26 10:25:06,23,26,3735,6185
2023-10-26 10:25:06,24,26,3735,6185
2023-10-26 10:25:24,24,26,3735,6335
2023-10-26 10:26:04,25,26,3735,6335
2023-10-26 10:27:04,24,26,3735,6335
2023-10-26 10:27:05,25,26,3735,6335
2023-10-26 10:27:22,24,26,3735,6335
2023-10-26 10:27:23,25,26,3735,6335
2023-10-26 10:27:48,24,26,3735,6335
2023-10-26 10:27:48,25,26,3735,6335
2023-10-26 10:28:00,24,26,3735,6335
2023-10-26 10:28:00,25,26,3735,6335
2023-10-26 10:28:03,25,26,3795,6395
2023-10-26 10:28:39,25,27,3795,6395
2023-10-26 10:28:39,26,27,3795,6395
2023-10-26 10:28:39,26,27,3915,6515
2023-10-26 10:28:52,26,27,4055,6655
2023-10-26 10:28:57,25,27,4055,6655
2023-10-26 10:28:57,26,27,4055,6655
2023-10-26 10:29:05,26,27,4055,6665
2023-10-26 10:30:30,26,27,4055,6800
2023-10-26 10:33:44,26,27,4186,6931
2023-10-26 10:33:45,25,27,4186,6931
2023-10-26 10:33:55,26,27,4186,6931
2023-10-26 10:35:33,26,27,4436,7181
2023-10-26 10:35:45,25,27,4436,7181
2023-10-26 10:37:12,25,26,4436,7181
2023-10-26 10:37:20,25,27,4436,7181
2023-10-26 10:37:59,25,26,4436,7181
2023-10-26 10:38:06,25,27,4436,7181
2023-10-26 10:38:09,25,26,4436,7181
2023-10-26 10:38:34,25,27,4436,7181
2023-10-26 10:38:47,25,26,4436,7181
2023-10-26 10:39:02,25,27,4436,7181
2023-10-26 10:39:02,25,26,4436,7181
2023-10-26 10:39:08,25,26,4436,7316
2023-10-26 10:39:09,24,26,4436,7316
2023-10-26 10:39:46,24,25,4436,7316
2023-10-26 10:40:03,24,25,4461,7341
2023-10-26 10:40:55,24,27,4486,7366
2023-10-26 10:40:58,25,27,4486,7366
2023-10-26 10:41:08,24,27,4486,7366
2023-10-26 10:41:08,25,27,4486,7366
2023-10-26 10:41:13,24,27,4486,7366
2023-10-26 10:41:14,24,26,4486,7366
2023-10-26 10:41:16,25,26,4486,7366
2023-10-26 10:41:19,24,26,4486,7366
2023-10-26 10:41:24,24,27,4486,7366
2023-10-26 10:41:25,24,26,4486,7366
2023-10-26 10:41:26,25,26,4486,7366
2023-10-26 10:41:26,25,27,4486,7366
2023-10-26 10:41:36,25,26,4486,7366
2023-10-26 10:41:37,25,27,4511,7391
2023-10-26 10:41:38,26,27,4511,7391
2023-10-26 10:42:02,25,27,4511,7391
2023-10-26 10:42:02,26,27,4511,7391
2023-10-26 10:42:07,25,27,4511,7391
2023-10-26 10:42:37,26,27,4511,7391
2023-10-26 10:42:42,25,27,4511,7391
2023-10-26 10:42:43,26,27,4511,7391
2023-10-26 10:42:44,25,27,4511,7391
2023-10-26 10:42:45,26,27,4511,7391
2023-10-26 10:42:45,25,27,4511,7391
2023-10-26 10:42:45,26,27,4511,7391
2023-10-26 10:44:11,26,28,4536,7471
2023-10-26 10:44:11,27,28,4536,7471
2023-10-26 10:44:41,26,28,4536,7471
2023-10-26 10:44:41,27,28,4536,7471
2023-10-26 10:44:55,26,28,4536,7471
2023-10-26 10:44:56,27,28,4536,7471
2023-10-26 10:45:05,26,28,4536,7471
2023-10-26 10:45:06,27,28,4536,7471
2023-10-26 10:45:54,27,28,4736,7671
2023-10-26 10:47:01,27,28,4761,7696
2023-10-26 10:47:01,27,29,4761,8096
2023-10-26 10:47:02,28,29,4761,8096
2023-10-26 10:47:08,28,29,4786,8121
2023-10-26 10:47:11,27,29,4786,8121
2023-10-26 10:47:12,28,29,4786,8121
2023-10-26 10:47:16,28,29,4836,8171
2023-10-26 10:47:32,27,29,4836,8171
2023-10-26 10:47:32,28,29,4836,8171
2023-10-26 10:47:47,27,29,4836,8171
2023-10-26 10:47:47,28,29,4836,8171
2023-10-26 10:47:49,28,29,4936,8271
2023-10-26 10:48:29,28,29,4961,8296
2023-10-26 10:48:51,28,29,4986,8321
2023-10-26 10:49:08,28,29,5011,8346
2023-10-26 10:49:33,28,29,5036,8371
2023-10-26 10:49:58,28,29,5086,8421
2023-10-26 10:51:40,27,29,5086,8421
2023-10-26 10:51:45,27,28,5086,8421
2023-10-26 10:51:46,27,28,5286,8621
2023-10-26 10:52:41,27,28,5311,8646
2023-10-26 10:52:42,27,28,5336,8671
2023-10-26 10:55:05,28,29,5361,8696
2023-10-26 10:55:38,28,30,5361,8696
2023-10-26 10:55:51,29,30,5361,8696
2023-10-26 11:00:30,29,31,5361,8696
2023-10-26 11:02:28,30,31,5361,8696
2023-10-26 11:02:29,29,31,5361,8696
2023-10-26 11:02:29,30,31,5361,8696
2023-10-26 11:02:38,29,31,5361,8696
2023-10-26 11:02:39,30,31,5361,8696
2023-10-26 11:02:46,29,31,5361,8696
2023-10-26 11:02:47,30,31,5361,8696
2023-10-26 11:03:13,29,31,5361,8696
2023-10-26 11:03:16,30,31,5361,8696
2023-10-26 11:03:42,29,31,5361,8696
2023-10-26 11:03:43,30,31,5361,8696
2023-10-26 11:04:16,29,31,5361,8696
2023-10-26 11:04:16,30,31,5361,8696
2023-10-26 11:04:43,29,31,5361,8696
2023-10-26 11:04:43,30,31,5361,8696
2023-10-26 11:04:50,29,31,5361,8696
2023-10-26 11:06:44,29,31,5375,8710
2023-10-26 11:07:05,30,31,5375,8710
2023-10-26 11:07:06,29,31,5375,8710
2023-10-26 11:07:08,30,31,5375,8710
2023-10-26 11:07:30,29,31,5375,8710
2023-10-26 11:07:34,30,31,5375,8710
2023-10-26 11:07:40,29,31,5375,8710
2023-10-26 11:09:11,29,30,5375,8710
2023-10-26 11:09:11,29,31,5375,8710
2023-10-26 11:09:23,29,30,5375,8710
2023-10-26 11:09:24,29,31,5375,8710
2023-10-26 11:10:08,30,31,5375,8710
2023-10-26 11:10:13,29,31,5793,9128
2023-10-26 11:10:25,30,31,5793,9128
2023-10-26 11:10:54,29,31,5793,9128
2023-10-26 11:10:58,30,31,5793,9128
2023-10-26 11:10:59,29,31,5793,9128
2023-10-26 11:11:42,29,30,5793,9128
2023-10-26 11:12:33,29,30,5865,9200
2023-10-26 11:12:34,28,30,5865,9200
2023-10-26 11:12:37,28,29,5865,9200
2023-10-26 11:12:56,28,30,5865,9200
2023-10-26 11:12:59,28,29,5865,9200
2023-10-26 11:13:03,28,30,5865,9200
2023-10-26 11:13:14,28,30,5870,9205
2023-10-26 11:13:27,28,29,5870,9205
2023-10-26 11:13:27,28,29,6048,9383
2023-10-26 11:13:33,28,30,6048,9383
2023-10-26 11:13:35,28,29,6048,9383
2023-10-26 11:13:45,28,30,6048,9383
2023-10-26 11:13:49,28,29,6048,9383
2023-10-26 11:13:51,28,30,6048,9383
2023-10-26 11:14:02,28,29,6048,9383
2023-10-26 11:15:30,27,29,6048,9383
2023-10-26 11:15:32,27,28,6048,9383
2023-10-26 11:16:27,27,29,6048,9383
2023-10-26 11:16:31,27,28,6048,9383
2023-10-26 11:16:34,27,29,6048,9383
2023-10-26 11:17:05,27,28,6048,9383
2023-10-26 11:17:07,27,29,6048,9383
2023-10-26 11:17:10,27,28,6048,9383
2023-10-26 11:17:31,27,29,6048,9383
2023-10-26 11:17:32,27,28,6048,9383
2023-10-26 11:17:35,27,29,6048,9383
2023-10-26 11:18:51,27,30,6048,9383
2023-10-26 11:18:55,28,30,6048,9383
2023-10-26 11:18:57,28,29,6048,9383
2023-10-26 11:19:00,27,29,6048,9383
2023-10-26 11:19:25,27,30,6048,9383
2023-10-26 11:19:28,28,30,6048,9383
2023-10-26 11:19:35,27,30,6048,9383
2023-10-26 11:19:36,27,29,6048,9383
2023-10-26 11:19:39,28,29,6048,9383
2023-10-26 11:19:41,28,30,6048,9383
2023-10-26 11:19:42,28,29,6048,9383
2023-10-26 11:19:44,27,29,6048,9383
2023-10-26 11:20:40,27,28,6048,9383
2023-10-26 11:20:41,27,29,6048,9383
2023-10-26 11:20:41,27,28,6048,9383
2023-10-26 11:20:43,27,29,6048,9383
2023-10-26 11:21:03,27,28,6048,9383
2023-10-26 11:21:05,27,29,6048,9383
2023-10-26 11:21:05,27,28,6048,9383
2023-10-26 11:21:08,27,29,6048,9383
2023-10-26 11:21:14,27,28,6048,9383
2023-10-26 11:21:15,27,29,6048,9383
2023-10-26 11:21:16,27,28,6048,9383
2023-10-26 11:22:09,27,29,6048,9383
2023-10-26 11:22:09,27,28,6048,9383
2023-10-26 11:23:12,26,28,6048,9383
2023-10-26 11:23:12,26,27,6048,9383
2023-10-26 11:23:32,25,27,6048,9383
2023-10-26 11:23:32,25,26,6048,9383
2023-10-26 11:23:53,25,27,6048,9383
2023-10-26 11:24:17,26,27,6048,9383
2023-10-26 11:24:58,25,27,6048,9383
2023-10-26 11:25:45,25,26,6048,9383
2023-10-26 11:25:48,25,27,6048,9620
2023-10-26 11:25:53,25,26,6048,9620
2023-10-26 11:25:59,25,27,6048,9620
2023-10-26 11:26:03,25,26,6048,9620
2023-10-26 11:26:06,25,27,6048,9620
2023-10-26 11:26:07,25,26,6048,9620
2023-10-26 11:26:08,25,27,6048,9620
2023-10-26 11:26:14,25,26,6048,9620
2023-10-26 11:26:25,25,26,6063,9635
2023-10-26 11:26:29,25,26,6074,9646
2023-10-26 11:27:16,24,26,6074,9646
2023-10-26 11:27:16,24,25,6074,9646
2023-10-26 11:27:26,24,26,6074,9646
2023-10-26 11:27:45,25,26,6074,9646
2023-10-26 11:28:05,25,27,6074,9646
2023-10-26 11:28:23,26,27,6074,9646
2023-10-26 11:28:24,25,27,6074,9646
2023-10-26 11:28:25,26,27,6074,9646
2023-10-26 11:28:31,25,27,6074,9646
2023-10-26 11:28:31,26,27,6074,9646
2023-10-26 11:28:32,25,27,6074,9646
2023-10-26 11:28:32,26,27,6074,9646
2023-10-26 11:28:35,26,28,6074,9846
2023-10-26 11:29:01,26,28,6239,10011
2023-10-26 11:29:03,26,27,6239,10011
2023-10-26 11:29:08,25,27,6239,10011
2023-10-26 11:29:11,25,26,6239,10011
2023-10-26 11:29:30,25,27,6239,10011
2023-10-26 11:29:30,25,26,6239,10011
2023-10-26 11:30:08,25,27,6239,10011
2023-10-26 11:30:52,25,26,6239,10011
2023-10-26 11:31:33,25,27,6239,10011
2023-10-26 11:31:34,25,28,6239,10011
2023-10-26 11:31:38,25,27,6239,10011
2023-10-26 11:31:39,25,28,6239,10011
2023-10-26 11:31:40,26,28,6239,10011
2023-10-26 11:31:53,27,28,6239,10011
2023-10-26 11:31:53,27,28,6253,10025
2023-10-26 11:31:55,27,28,6269,10041
2023-10-26 11:32:00,26,28,6269,10041
2023-10-26 11:32:03,27,28,6269,10041
2023-10-26 11:32:03,27,29,6269,10041
2023-10-26 11:32:05,26,29,6269,10041
2023-10-26 11:32:06,26,28,6269,10041
2023-10-26 11:33:08,26,29,6269,10041
2023-10-26 11:33:10,26,28,6269,10041
2023-10-26 11:33:19,26,29,6269,10041
2023-10-26 11:33:23,27,29,6269,10041
2023-10-26 11:33:23,26,28,6269,10041
2023-10-26 11:33:36,26,29,6269,10041
2023-10-26 11:33:41,26,28,6269,10041
2023-10-26 11:33:41,27,28,6269,10041
2023-10-26 11:33:41,27,28,6402,10174
2023-10-26 11:33:42,26,28,6402,10174
2023-10-26 11:33:49,27,28,6402,10174
2023-10-26 11:33:58,26,29,6402,10174
2023-10-26 11:33:58,26,28,6402,10174
2023-10-26 11:34:05,27,28,6402,10174
2023-10-26 11:34:06,26,28,6402,10174
2023-10-26 11:34:09,26,29,6402,10174
2023-10-26 11:34:09,26,28,6402,10174
2023-10-26 11:35:03,26,27,6402,10174
2023-10-26 11:35:06,26,28,6402,10174
2023-10-26 11:35:10,26,27,6402,10174
2023-10-26 11:35:11,26,28,6402,10174
2023-10-26 11:35:12,26,27,6402,10174
2023-10-26 11:35:54,26,28,6402,10174
2023-10-26 11:35:54,26,27,6402,10174
2023-10-26 11:36:46,26,28,6402,10174
2023-10-26 11:36:49,26,27,6402,10174
2023-10-26 11:36:54,26,28,6402,10174
2023-10-26 11:37:00,26,29,6402,10174
2023-10-26 11:37:04,26,28,6402,10174
2023-10-26 11:37:21,26,27,6402,10174
2023-10-26 11:37:38,26,28,6402,10174
2023-10-26 11:38:01,26,27,6402,10174
2023-10-26 11:38:02,26,28,6402,10174
2023-10-26 11:38:08,26,27,6402,10174
2023-10-26 11:38:22,26,28,6402,10174
2023-10-26 11:38:58,27,28,6402,10174
2023-10-26 11:39:00,26,28,6402,10174
2023-10-26 11:39:02,27,28,6402,10174
2023-10-26 11:39:05,26,28,6402,10174
2023-10-26 11:39:46,26,27,6402,10174
2023-10-26 11:39:52,26,28,6402,10174
2023-10-26 11:40:01,26,27,6402,10174
2023-10-26 11:40:03,26,28,6402,10174
2023-10-26 11:40:14,26,27,6402,10174
2023-10-26 11:41:24,25,27,6402,10174
2023-10-26 11:41:25,25,26,6402,10174
2023-10-26 11:41:36,24,26,6402,10174
2023-10-26 11:41:36,24,25,6402,10174
2023-10-26 11:41:41,24,26,6402,10174
2023-10-26 11:41:42,24,25,6402,10174
2023-10-26 11:41:47,24,25,6402,10424
2023-10-26 11:41:48,24,26,6402,10424
2023-10-26 11:41:52,24,25,6402,10424
2023-10-26 11:41:58,24,26,6402,10424
2023-10-26 11:42:21,25,26,6402,10424
2023-10-26 11:42:21,25,27,6402,10424
2023-10-26 11:42:31,25,26,6402,10424
2023-10-26 11:42:35,24,26,6402,10424
2023-10-26 11:42:37,24,25,6402,10424
2023-10-26 11:42:52,24,26,6402,10424
2023-10-26 11:42:56,24,25,6402,10424
2023-10-26 11:43:05,23,25,6402,10424
2023-10-26 11:43:05,23,24,6402,10424
2023-10-26 11:43:43,22,24,6402,10424
2023-10-26 11:43:43,22,23,6402,10424
2023-10-26 11:44:15,22,23,6402,10674
2023-10-26 11:44:20,22,24,6402,10893
2023-10-26 11:44:20,22,23,6402,10893
2023-10-26 11:44:21,22,23,6402,11143
2023-10-26 11:44:21,22,24,6402,11143
2023-10-26 11:44:27,22,23,6402,11143
2023-10-26 11:44:28,22,23,6402,11393
2023-10-26 11:44:29,22,24,6402,11393
2023-10-26 11:44:36,22,23,6402,11393
2023-10-26 11:44:37,22,24,6402,11393
2023-10-26 11:44:38,22,23,6402,11393
2023-10-26 11:44:38,22,23,6518,11643
2023-10-26 11:44:39,22,24,6518,11643
2023-10-26 11:44:42,22,23,6518,11643
2023-10-26 11:44:48,22,23,6543,11668
2023-10-26 11:45:00,21,23,6543,11668
2023-10-26 11:45:12,21,23,6544,11669
2023-10-26 11:45:22,21,23,6544,11753
2023-10-26 11:45:36,22,23,6544,11753
2023-10-26 11:45:36,22,24,6544,11753
2023-10-26 11:45:55,23,24,6544,11753
2023-10-26 11:46:01,23,25,6544,11753
2023-10-26 11:46:11,24,25,6544,11753
2023-10-26 11:46:12,23,25,6544,11753
2023-10-26 11:46:13,24,25,6544,11753
2023-10-26 11:46:18,24,26,6544,11753
2023-10-26 11:46:51,24,27,6544,11753
2023-10-26 11:46:51,25,27,6544,11753
2023-10-26 11:47:13,24,27,6544,11753
2023-10-26 11:47:13,25,27,6544,11753
2023-10-26 11:47:57,26,27,6544,11753
2023-10-26 11:48:40,25,27,6544,11753
2023-10-26 11:48:59,26,27,6544,11753
2023-10-26 11:49:08,25,27,6544,11753
2023-10-26 11:49:54,26,27,6544,11753
2023-10-26 11:50:22,25,27,6544,11753
2023-10-26 11:50:24,26,27,6544,11753
2023-10-26 11:50:58,26,28,6544,11753
2023-10-26 11:50:58,27,28,6544,11753
2023-10-26 11:51:04,26,28,6544,11753
2023-10-26 11:51:32,27,28,6544,11753
2023-10-26 11:51:58,26,28,6544,11753
2023-10-26 11:52:00,27,28,6544,11753
2023-10-26 11:53:02,26,28,6544,11753
2023-10-26 11:53:04,27,28,6544,11753
2023-10-26 11:53:05,26,28,6544,11753
2023-10-26 11:53:21,27,28,6544,11753
2023-10-26 11:53:56,26,28,6544,11753
2023-10-26 11:53:56,27,28,6544,11753
2023-10-26 11:54:24,26,28,6544,11753
2023-10-26 11:54:28,27,28,6544,11753
2023-10-26 11:54:29,26,28,6544,11753
2023-10-26 11:54:57,27,28,6544,11753
2023-10-26 11:55:29,26,28,6544,11753
2023-10-26 11:55:30,27,28,6544,11753
2023-10-26 11:55:30,26,28,6544,11753
2023-10-26 11:55:30,27,28,6544,11753
2023-10-26 11:56:02,27,29,6544,11953
2023-10-26 11:56:03,28,29,6544,11953
2023-10-26 11:56:19,27,29,6544,11953
2023-10-26 11:56:20,28,29,6544,11953
2023-10-26 11:56:20,27,29,6544,11953
2023-10-26 11:56:21,28,29,6544,11953
2023-10-26 11:56:22,27,29,6544,11953
2023-10-26 11:56:22,28,29,6544,11953
2023-10-26 11:56:32,28,30,6544,11953
2023-10-26 11:56:32,29,30,6544,11953
2023-10-26 11:56:42,28,30,6544,11953
2023-10-26 11:56:43,29,30,6544,11953
2023-10-26 11:56:43,28,30,6544,11953
2023-10-26 11:56:43,29,30,6544,11953
2023-10-26 11:57:57,29,31,6544,11953
2023-10-26 11:57:57,30,31,6544,11953
2023-10-26 11:58:45,29,31,6544,11953
2023-10-26 11:58:51,28,31,6544,11953
2023-10-26 11:58:52,29,31,6544,11953
2023-10-26 11:58:53,28,31,6544,11953
2023-10-26 11:58:53,29,31,6544,11953
2023-10-26 11:58:56,28,31,7227,12753
2023-10-26 11:58:56,28,30,7227,12753
2023-10-26 11:59:01,28,29,7227,12753
2023-10-26 12:00:17,27,29,7227,12753
2023-10-26 12:00:17,27,28,7227,12753
2023-10-26 12:00:40,26,28,7227,12753
2023-10-26 12:00:40,26,27,7227,12753
2023-10-26 12:00:46,25,27,7227,12753
2023-10-26 12:00:46,25,26,7227,12753
2023-10-26 12:00:55,24,26,7627,13153
2023-10-26 12:01:02,24,26,7677,13203
2023-10-26 12:01:13,25,26,7677,13203
2023-10-26 12:01:13,25,26,7797,13323
2023-10-26 12:01:14,25,26,7797,13573
2023-10-26 12:01:28,25,26,7827,13603
2023-10-26 12:01:29,24,26,7827,13603
2023-10-26 12:01:49,25,26,7827,13603
2023-10-26 12:01:53,25,27,7827,13779
2023-10-26 12:02:10,24,27,7827,13779
2023-10-26 12:02:12,25,27,7827,13779
2023-10-26 12:02:14,25,26,7827,13779
2023-10-26 12:02:15,25,27,7827,13779
2023-10-26 12:02:34,26,27,7827,13779
2023-10-26 12:02:54,26,28,7827,13779
2023-10-26 12:02:57,26,29,7827,13779
2023-10-26 12:02:59,27,29,7827,13779
2023-10-26 12:03:08,28,29,7827,13779
2023-10-26 12:03:11,27,29,7827,13779
2023-10-26 12:03:15,28,29,7827,13779
2023-10-26 12:03:15,27,29,7827,13779
2023-10-26 12:03:19,27,28,7827,13779
2023-10-26 12:03:20,26,28,7827,13779
2023-10-26 12:03:25,27,28,7827,13779
2023-10-26 12:03:26,26,28,7827,13779
2023-10-26 12:04:11,26,27,7827,13779
2023-10-26 12:04:20,26,28,7827,13779
2023-10-26 12:04:23,26,27,7827,13779
2023-10-26 12:04:26,26,28,7827,13779
2023-10-26 12:04:29,26,27,7827,13779
2023-10-26 12:04:53,25,27,7827,13779
2023-10-26 12:04:57,25,26,7827,13779
2023-10-26 12:05:13,24,26,7827,13779
2023-10-26 12:05:14,24,25,7827,13779
2023-10-26 12:05:15,23,25,7827,13779
2023-10-26 12:05:15,23,24,7827,13779
2023-10-26 12:05:22,23,25,7827,13779
2023-10-26 12:05:49,23,24,7827,13779
2023-10-26 12:05:51,23,25,7827,13779
2023-10-26 12:06:06,23,24,7827,13779
2023-10-26 12:06:31,22,24,7827,13779
2023-10-26 12:06:36,22,23,7827,13779
2023-10-26 12:06:42,21,23,7827,13779
2023-10-26 12:06:46,21,22,7827,13779
2023-10-26 12:07:08,20,22,7827,13779
2023-10-26 12:07:08,20,21,7827,13779
2023-10-26 12:07:42,19,21,7827,13779
2023-10-26 12:07:42,19,20,7827,13779
2023-10-26 12:07:45,19,21,7827,13779
2023-10-26 12:07:47,19,20,7827,13779
2023-10-26 12:07:54,19,21,7827,13779
2023-10-26 12:07:54,19,20,7827,13779
2023-10-26 12:08:03,19,20,7827,14029
2023-10-26 12:08:03,19,21,7827,14029
2023-10-26 12:08:31,19,20,7827,14029
2023-10-26 12:08:44,19,21,7827,14029
2023-10-26 12:08:45,19,20,7827,14029
2023-10-26 12:10:26,18,20,7927,14129
2023-10-26 12:10:26,18,19,7927,14129
2023-10-26 12:10:55,18,20,7927,14129
2023-10-26 12:11:00,18,19,7927,14129
2023-10-26 12:11:00,18,20,7927,14129
2023-10-26 12:11:09,18,19,7927,14129
2023-10-26 12:11:21,17,19,7927,14129
2023-10-26 12:11:25,17,18,7927,14129
2023-10-26 12:11:28,17,19,7927,14129
2023-10-26 12:13:02,18,19,7927,14129
2023-10-26 12:13:02,18,20,7927,14129
2023-10-26 12:13:06,18,19,7927,14129
2023-10-26 12:13:10,18,20,7927,14129
2023-10-26 12:13:10,18,19,7927,14129
2023-10-26 12:13:27,18,20,7927,14129
2023-10-26 12:13:29,18,19,7927,14129
2023-10-26 12:13:36,18,20,7927,14129
2023-10-26 12:13:36,18,19,7927,14129
2023-10-26 12:14:45,18,20,7927,14129
2023-10-26 12:14:49,18,19,7927,14129
2023-10-26 12:15:06,18,20,7927,14129
2023-10-26 12:15:06,18,19,7927,14129
2023-10-26 12:15:11,17,19,7927,14129
2023-10-26 12:15:15,17,18,7927,14129
2023-10-26 12:15:49,16,17,7927,14279
2023-10-26 12:16:28,15,17,7927,14279
2023-10-26 12:16:28,15,16,7927,14279
2023-10-26 12:16:42,15,17,7927,14279
2023-10-26 12:16:46,15,16,7927,14279
2023-10-26 12:16:54,15,17,7927,14279
2023-10-26 12:16:58,15,16,7927,14279
2023-10-26 12:18:19,15,16,7927,14479
2023-10-26 12:18:21,15,16,7959,14511
2023-10-26 12:18:23,14,16,7977,14529
2023-10-26 12:18:23,14,15,7977,14529
2023-10-26 12:18:32,13,15,7977,14529
2023-10-26 12:18:32,13,14,7977,14529
2023-10-26 12:18:33,13,15,7977,14529
2023-10-26 12:18:34,13,14,7977,14529
2023-10-26 12:18:45,13,14,8035,14587
2023-10-26 12:18:46,12,14,8035,14587
2023-10-26 12:18:46,12,13,8035,14587
2023-10-26 12:19:06,12,13,8066,14618
2023-10-26 12:19:07,12,13,8091,14643
2023-10-26 12:19:09,12,13,8116,14668
2023-10-26 12:19:11,12,13,8142,14694
2023-10-26 12:19:13,12,13,8179,14731
2023-10-26 12:19:14,12,13,8214,14766
2023-10-26 12:19:18,12,13,8245,14797
2023-10-26 12:19:20,12,13,8277,14829
2023-10-26 12:19:21,11,13,8285,14837
2023-10-26 12:19:22,11,12,8285,14837
2023-10-26 12:19:22,11,13,8285,14837
2023-10-26 12:19:22,11,12,8285,14837
2023-10-26 12:19:37,10,12,8285,14837
2023-10-26 12:19:39,10,11,8285,14837
2023-10-26 12:19:45,10,12,8285,14837
2023-10-26 12:19:50,10,12,8440,14992
2023-10-26 12:19:50,10,12,8520,15072
2023-10-26 12:19:50,10,11,8520,15072
2023-10-26 12:19:50,9,11,8520,15072
2023-10-26 12:19:54,10,11,8520,15072
2023-10-26 12:19:55,9,11,8520,15072
2023-10-26 12:19:56,10,11,8520,15072
2023-10-26 12:19:57,10,12,8520,15072
2023-10-26 12:20:00,10,11,8520,15072
2023-10-26 12:20:00,9,11,8520,15072
2023-10-26 12:20:00,10,11,8520,15072
2023-10-26 12:20:01,9,11,8520,15072
2023-10-26 12:20:06,10,11,8520,15072
2023-10-26 12:20:08,10,12,8520,15072
2023-10-26 12:20:42,11,12,8520,15072
2023-10-26 12:20:43,11,13,8520,15072
2023-10-26 12:20:58,12,13,8520,15072
2023-10-26 12:20:58,12,14,8520,15072
2023-10-26 12:21:02,12,13,8520,15072
2023-10-26 12:21:09,12,14,8520,15072
2023-10-26 12:21:22,12,13,8520,15072
2023-10-26 12:21:34,12,14,8520,15072
2023-10-26 12:21:34,12,13,8520,15072
2023-10-26 12:21:35,12,14,8520,15072
2023-10-26 12:21:35,12,13,8520,15072
2023-10-26 12:21:48,11,13,8520,15072
2023-10-26 12:21:54,11,14,8520,15072
2023-10-26 12:21:54,11,13,8520,15072
2023-10-26 12:22:29,11,14,8520,15072
2023-10-26 12:22:29,11,13,8520,15072
2023-10-26 12:22:44,11,12,8520,15072
2023-10-26 12:23:05,11,13,8520,15072
2023-10-26 12:23:09,11,12,8520,15072
2023-10-26 12:23:13,11,13,8520,15072
2023-10-26 12:23:26,12,13,8520,15072
2023-10-26 12:23:30,12,14,8520,15072
2023-10-26 12:23:32,12,13,8520,15072
2023-10-26 12:23:36,12,14,8520,15072
2023-10-26 12:24:09,12,13,8520,15072
2023-10-26 12:24:11,12,14,8520,15072
2023-10-26 12:24:11,12,13,8520,15072
2023-10-26 12:24:20,11,13,8520,15072
2023-10-26 12:24:26,11,12,8520,15072
2023-10-26 12:24:45,11,13,8520,15072
2023-10-26 12:24:46,11,12,8520,15072
2023-10-26 12:24:47,11,13,8520,15072
2023-10-26 12:25:09,12,13,8520,15072
2023-10-26 12:25:09,12,14,8520,15072
2023-10-26 12:25:09,12,13,8520,15072
2023-10-26 12:25:10,12,14,8520,15072
2023-10-26 12:26:10,12,13,8520,15072
2023-10-26 12:26:11,12,14,8520,15072
2023-10-26 12:26:13,12,13,8520,15072
2023-10-26 12:26:41,11,13,8520,15072
2023-10-26 12:27:10,11,14,8520,15072
2023-10-26 12:27:10,11,13,8520,15072
2023-10-26 12:27:36,12,13,8520,15072
2023-10-26 12:27:36,12,14,8520,15072
2023-10-26 12:27:40,12,13,8520,15072
2023-10-26 12:27:48,12,13,8908,15472
2023-10-26 12:27:48,12,15,8918,15482
2023-10-26 12:27:53,12,14,8918,15482
2023-10-26 12:27:56,12,15,8918,15482
2023-10-26 12:27:57,13,15,8918,15482
2023-10-26 12:27:59,12,15,8918,15482
2023-10-26 12:28:00,13,15,8918,15482
2023-10-26 12:28:20,14,15,8918,15482
2023-10-26 12:28:20,12,15,8918,15482
2023-10-26 12:28:20,13,15,8918,15482
2023-10-26 12:28:28,13,14,8918,15482
2023-10-26 12:28:36,13,15,8918,15482
2023-10-26 12:28:40,14,15,8918,15482
2023-10-26 12:28:43,13,15,8918,15482
2023-10-26 12:30:10,13,14,8918,15482
2023-10-26 12:30:11,12,14,8918,15482
2023-10-26 12:30:12,13,14,8918,15482
2023-10-26 12:30:13,13,15,8918,15482
2023-10-26 12:30:20,13,14,8918,15482
2023-10-26 12:30:20,12,14,8918,15482
2023-10-26 12:30:32,13,14,8918,15482
2023-10-26 12:30:34,13,15,8918,15482
2023-10-26 12:30:43,12,15,8918,15482
2023-10-26 12:30:43,13,15,8918,15482
2023-10-26 12:30:44,13,14,8918,15482
2023-10-26 12:30:45,12,14,8918,15482
2023-10-26 12:30:45,13,14,8918,15482
2023-10-26 12:30:52,13,15,8918,15482
2023-10-26 12:31:23,13,14,8918,15482
2023-10-26 12:31:24,13,15,8918,15482
2023-10-26 12:31:38,14,15,8918,15482
2023-10-26 12:31:44,14,15,8918,15632
2023-10-26 12:31:48,14,15,8918,15660
2023-10-26 12:31:53,13,15,8918,15660
2023-10-26 12:31:54,13,15,8918,15910
2023-10-26 12:31:58,14,15,8918,15910
2023-10-26 12:32:01,13,15,8918,15910
2023-10-26 12:32:03,14,15,8918,15910
2023-10-26 12:32:07,13,15,8918,15910
2023-10-26 12:33:21,13,14,8918,15910
2023-10-26 12:33:24,13,15,8918,15910
2023-10-26 12:33:29,13,14,8918,15910
2023-10-26 12:33:35,13,15,8918,15910
2023-10-26 12:33:53,13,14,8918,15910
2023-10-26 12:34:00,13,15,8918,15910
2023-10-26 12:34:05,13,14,8918,15910
2023-10-26 12:34:15,13,14,8918,15930
2023-10-26 12:34:16,13,15,8918,15930
2023-10-26 12:34:19,13,14,8918,15930
2023-10-26 12:34:27,13,15,8918,15930
2023-10-26 12:34:28,13,14,8918,15930
2023-10-26 12:34:29,13,15,8918,15930
2023-10-26 12:34:33,13,14,8918,15930
2023-10-26 12:34:39,13,15,8918,15930
2023-10-26 12:34:54,13,14,8918,15930
2023-10-26 12:35:04,13,14,8718,16130
2023-10-26 12:35:06,13,14,8718,16330
2023-10-26 12:35:06,13,14,8838,16450
2023-10-26 12:35:09,12,14,8838,16450
2023-10-26 12:35:35,12,15,8838,16450
2023-10-26 12:35:49,12,14,8838,16450
2023-10-26 12:35:56,12,13,8838,16450
2023-10-26 12:36:01,12,15,8838,16450
2023-10-26 12:36:01,12,14,8838,16450
2023-10-26 12:36:03,12,13,8838,16450
2023-10-26 12:36:04,12,15,8838,16450
2023-10-26 12:36:04,12,14,8838,16450
2023-10-26 12:36:36,12,15,8838,16450
2023-10-26 12:36:36,12,13,8838,16450
2023-10-26 12:36:55,12,14,8838,16450
2023-10-26 12:37:06,12,13,8838,16450
2023-10-26 12:37:26,12,14,8838,16450
2023-10-26 12:37:26,12,13,8838,16450
2023-10-26 12:37:39,12,14,8838,16450
2023-10-26 12:37:39,12,13,8838,16450
2023-10-26 12:37:39,12,14,8838,16450
2023-10-26 12:37:40,12,13,8838,16450
2023-10-26 12:38:48,12,13,8853,16465
2023-10-26 12:39:02,12,13,8853,16665
2023-10-26 12:39:05,11,12,8853,16700
2023-10-26 12:39:06,11,12,9018,16865
2023-10-26 12:39:09,10,12,9018,16865
2023-10-26 12:39:09,10,11,9018,16865
2023-10-26 12:39:44,10,12,9018,16865
2023-10-26 12:39:44,10,11,9018,16865
2023-10-26 12:39:55,9,11,9018,16865
2023-10-26 12:39:55,9,10,9018,16865
2023-10-26 12:39:56,9,11,9018,16865
2023-10-26 12:39:56,9,10,9018,16865
2023-10-26 12:40:26,9,10,9019,16866
2023-10-26 12:40:26,9,10,9020,16867
2023-10-26 12:41:02,9,11,9020,16867
2023-10-26 12:41:03,9,10,9020,16867
2023-10-26 12:41:06,9,11,9020,16867
2023-10-26 12:41:07,9,10,9020,16867
2023-10-26 12:41:09,9,11,9020,16867
2023-10-26 12:41:13,9,10,9020,16867
2023-10-26 12:41:14,9,11,9020,16867
2023-10-26 12:41:23,10,11,9020,16867
2023-10-26 12:41:39,10,12,9020,16867
2023-10-26 12:41:41,10,11,9020,16867
2023-10-26 12:41:52,10,12,9020,16867
2023-10-26 12:41:52,10,11,9020,16867
2023-10-26 12:43:05,10,11,9021,16868
2023-10-26 12:43:55,10,12,9021,16868
2023-10-26 12:44:10,10,11,9021,16868
2023-10-26 12:44:11,10,12,9021,16868
2023-10-26 12:44:11,10,12,9025,16872
2023-10-26 12:44:20,10,13,9025,16872
2023-10-26 12:44:20,10,12,9025,16872
2023-10-26 12:44:39,10,12,9025,16873
2023-10-26 12:44:58,10,11,9025,16873
2023-10-26 12:44:59,10,13,9025,16873
2023-10-26 12:44:59,10,12,9025,16873
2023-10-26 12:45:03,10,13,9025,16873
2023-10-26 12:45:38,9,11,9025,16873
2023-10-26 12:46:02,9,10,9025,16873
2023-10-26 12:46:06,9,11,9025,16873
2023-10-26 12:46:34,9,10,9025,16873
2023-10-26 12:46:45,9,11,9025,16873
2023-10-26 12:46:45,9,10,9025,16873
2023-10-26 12:47:12,9,11,9025,16873
2023-10-26 12:47:12,9,10,9025,16873
2023-10-26 12:47:41,9,10,9098,16946
2023-10-26 12:47:43,9,10,9149,16997
2023-10-26 12:47:48,8,10,9149,17121
2023-10-26 12:47:49,8,9,9149,17121
2023-10-26 12:48:52,8,10,9149,17121
2023-10-26 12:49:04,8,9,9149,17121
2023-10-26 12:49:24,8,9,9150,17122
2023-10-26 12:52:05,7,9,9150,17122
2023-10-26 12:52:07,7,8,9150,17122
2023-10-26 12:52:11,7,9,9150,17122
2023-10-26 12:52:13,7,8,9150,17122
2023-10-26 12:52:31,7,8,9150,17123
2023-10-26 12:53:01,7,9,9150,17123
2023-10-26 12:53:06,7,8,9150,17123
2023-10-26 12:53:07,7,9,9150,17123
2023-10-26 12:53:07,7,8,9150,17123
2023-10-26 12:53:08,7,9,9150,17123
2023-10-26 12:53:46,7,10,9150,17123
2023-10-26 12:53:47,7,9,9150,17123
2023-10-26 12:55:07,7,10,9150,17123
2023-10-26 12:55:12,7,9,9150,17123
2023-10-26 12:55:26,9,10,9247,17539
2023-10-26 12:55:26,9,11,9247,17539
2023-10-26 12:55:27,9,11,9367,17659
2023-10-26 12:55:31,9,10,9367,17659
2023-10-26 12:55:47,8,10,9367,17659
2023-10-26 12:56:06,8,9,9367,17659
2023-10-26 12:56:14,8,10,9367,17659
2023-10-26 12:56:19,8,9,9367,17659
2023-10-26 12:56:20,8,10,9367,17659
2023-10-26 12:56:21,8,9,9367,17659
2023-10-26 12:56:23,8,10,9367,17659
2023-10-26 12:56:24,8,9,9367,17659
2023-10-26 12:56:30,8,10,9367,17659
2023-10-26 12:56:33,8,9,9367,17659
2023-10-26 12:56:34,7,9,9367,17659
2023-10-26 12:56:37,8,9,9367,17659
2023-10-26 12:56:39,7,9,9367,17659
2023-10-26 12:56:47,8,9,9367,17659
2023-10-26 12:56:51,8,10,9367,17659
2023-10-26 12:57:04,7,10,9367,17659
2023-10-26 12:57:04,8,10,9367,17659
2023-10-26 12:57:04,7,10,9367,17659
2023-10-26 12:57:04,8,10,9367,17659
2023-10-26 12:57:08,8,9,9367,17659
2023-10-26 12:57:08,7,9,9367,17659
2023-10-26 12:57:08,8,9,9367,17659
2023-10-26 12:57:18,8,10,9367,17659
2023-10-26 12:57:22,8,9,9367,17659
2023-10-26 12:57:31,7,9,9367,17659
2023-10-26 12:57:32,8,9,9367,17659
2023-10-26 12:57:46,8,10,9367,17659
2023-10-26 12:58:01,8,9,9367,17659
2023-10-26 12:58:15,8,10,9367,17659
2023-10-26 12:58:26,8,9,9367,17659
2023-10-26 12:58:26,7,9,9367,17659
2023-10-26 12:58:30,8,9,9367,17659
2023-10-26 12:58:30,7,9,9367,17659
2023-10-26 12:58:31,8,9,9367,17659
2023-10-26 12:58:33,7,9,9367,17659
2023-10-26 12:59:54,7,8,9367,17659
2023-10-26 13:00:14,6,8,9367,17659
2023-10-26 13:00:30,6,7,9367,17659
2023-10-26 13:00:37,6,8,9367,17659
2023-10-26 13:00:41,7,8,9367,17659
2023-10-26 13:01:03,6,8,9367,17659
2023-10-26 13:01:04,7,8,9367,17659
2023-10-26 13:01:08,6,8,9367,17659
2023-10-26 13:01:12,7,8,9367,17659
2023-10-26 13:01:42,7,9,9367,17659
2023-10-26 13:01:43,7,10,9367,17659
2023-10-26 13:01:45,7,9,9367,17659
2023-10-26 13:01:46,8,9,9367,17659
2023-10-26 13:01:56,8,10,9367,17659
2023-10-26 13:01:58,7,10,9367,17659
2023-10-26 13:02:00,8,10,9367,17659
2023-10-26 13:02:00,9,11,9367,17659
2023-10-26 13:02:13,9,12,9367,17659
2023-10-26 13:02:13,10,12,9367,17659
2023-10-26 13:02:48,11,12,9367,17659
2023-10-26 13:02:48,11,12,9367,17909
2023-10-26 13:02:55,11,12,9367,18159
2023-10-26 13:03:03,11,13,9367,18159
2023-10-26 13:03:07,12,13,9367,18159
2023-10-26 13:03:13,12,14,9367,18159
2023-10-26 13:03:35,12,13,9367,18159
2023-10-26 13:03:46,12,14,9367,18159
2023-10-26 13:03:48,12,13,9367,18159
2023-10-26 13:03:53,12,14,9367,18159
2023-10-26 13:03:53,12,13,9367,18159
2023-10-26 13:03:54,12,14,9367,18159
2023-10-26 13:03:55,12,13,9367,18159
2023-10-26 13:03:55,12,14,9367,18159
2023-10-26 13:03:58,13,14,9367,18159
2023-10-26 13:03:58,13,15,9367,18159
2023-10-26 13:03:59,13,14,9367,18159
2023-10-26 13:04:00,13,15,9367,18159
2023-10-26 13:04:01,13,14,9367,18159
2023-10-26 13:04:02,13,15,9367,18159
2023-10-26 13:04:06,13,14,9367,18159
2023-10-26 13:04:08,13,15,9367,18159
2023-10-26 13:04:08,13,14,9367,18159
2023-10-26 13:05:06,12,14,9367,18159
2023-10-26 13:05:06,12,13,9367,18159
2023-10-26 13:05:08,12,14,9367,18159
2023-10-26 13:05:48,13,14,9367,18159
2023-10-26 13:06:01,13,15,9367,18159
2023-10-26 13:06:28,13,14,9367,18159
2023-10-26 13:06:33,13,15,9367,18159
2023-10-26 13:06:34,13,14,9367,18159
2023-10-26 13:06:38,13,15,9367,18159
2023-10-26 13:06:45,14,15,9367,18159
2023-10-26 13:06:49,14,16,9367,18159
2023-10-26 13:06:55,15,16,9367,18159
2023-10-26 13:07:30,14,16,9367,18159
2023-10-26 13:07:35,14,15,9367,18159
2023-10-26 13:07:47,13,15,9367,18159
2023-10-26 13:07:55,13,14,9367,18159
2023-10-26 13:08:31,13,15,9367,18159
2023-10-26 13:08:31,13,14,9367,18159
2023-10-26 13:08:36,13,15,9367,18159
2023-10-26 13:08:37,13,14,9367,18159
2023-10-26 13:08:39,13,15,9367,18159
2023-10-26 13:08:42,13,16,9367,18159
2023-10-26 13:08:43,13,15,9367,18159
2023-10-26 13:08:57,14,15,9367,18159
2023-10-26 13:08:59,14,16,9367,18159
2023-10-26 13:09:00,14,15,9367,18159
2023-10-26 13:09:13,14,16,9367,18159
2023-10-26 13:09:20,14,15,9367,18159
2023-10-26 13:09:22,14,15,9392,18184
2023-10-26 13:09:26,13,15,9392,18184
2023-10-26 13:09:52,13,14,9392,18184
2023-10-26 13:09:53,13,15,9392,18184
2023-10-26 13:09:53,13,14,9392,18184
2023-10-26 13:09:58,13,15,9392,18184
2023-10-26 13:10:01,13,16,9392,18184
2023-10-26 13:10:01,13,15,9392,18184
2023-10-26 13:10:21,13,14,9392,18184
2023-10-26 13:11:00,12,14,9392,18184
2023-10-26 13:11:00,12,13,9392,18184
2023-10-26 13:11:09,12,14,9392,18184
2023-10-26 13:11:37,12,13,9392,18184
2023-10-26 13:11:41,12,14,9392,18184
2023-10-26 13:11:56,13,14,9392,18184
2023-10-26 13:11:57,13,15,9392,18184
2023-10-26 13:11:58,13,14,9392,18184
2023-10-26 13:12:06,13,15,9392,18184
2023-10-26 13:12:07,13,14,9392,18184
2023-10-26 13:12:51,13,15,9392,18184
2023-10-26 13:12:53,13,14,9392,18184
2023-10-26 13:13:02,12,14,9392,18184
2023-10-26 13:13:37,12,13,9392,18184
2023-10-26 13:14:56,12,14,9392,18184
2023-10-26 13:15:09,13,14,9392,18184
2023-10-26 13:15:11,13,15,9392,18184
2023-10-26 13:15:11,13,16,9392,18184
2023-10-26 13:15:11,13,15,9392,18184
2023-10-26 13:15:20,13,16,9392,18184
2023-10-26 13:15:21,14,16,9392,18184
2023-10-26 13:15:25,14,15,9392,18184
2023-10-26 13:15:26,14,16,9392,18184
2023-10-26 13:15:29,14,15,9392,18184
2023-10-26 13:15:30,13,15,9392,18184
2023-10-26 13:15:31,13,16,9392,18184
2023-10-26 13:15:32,13,15,9392,18184
2023-10-26 13:15:32,13,16,9392,18184
2023-10-26 13:15:33,13,15,9392,18184
2023-10-26 13:15:33,14,15,9392,18184
2023-10-26 13:15:33,14,16,9392,18184
2023-10-26 13:15:35,13,16,9392,18184
2023-10-26 13:15:35,13,15,9392,18184
2023-10-26 13:15:43,13,16,9392,18184
2023-10-26 13:15:44,14,16,9392,18184
2023-10-26 13:15:59,15,16,9392,18184
2023-10-26 13:16:22,14,16,9392,18184
2023-10-26 13:16:23,14,15,9392,18184
2023-10-26 13:16:43,13,15,9392,18184
2023-10-26 13:17:02,13,14,9392,18184
2023-10-26 13:18:38,12,14,9392,18184
2023-10-26 13:18:42,12,13,9392,18184
2023-10-26 13:18:42,12,14,9392,18184
2023-10-26 13:18:55,12,15,9392,18184
2023-10-26 13:18:55,12,14,9392,18184
2023-10-26 13:19:20,12,15,9392,18184
2023-10-26 13:19:20,12,14,9392,18184
2023-10-26 13:19:52,12,13,9392,18184
2023-10-26 13:20:13,11,13,9392,18184
2023-10-26 13:20:13,11,12,9392,18184
2023-10-26 13:20:22,10,12,9392,18184
2023-10-26 13:20:23,10,11,9392,18184
2023-10-26 13:20:32,9,11,9392,18184
2023-10-26 13:20:37,9,10,9392,18184
2023-10-26 13:20:42,9,11,9392,18184
2023-10-26 13:20:46,9,10,9392,18184
2023-10-26 13:20:59,8,10,9392,18184
2023-10-26 13:21:21,8,9,9392,18184
2023-10-26 13:21:32,8,10,9392,18184
2023-10-26 13:21:33,8,9,9392,18184
2023-10-26 13:21:36,8,10,9392,18184
2023-10-26 13:22:11,8,9,9392,18184
2023-10-26 13:22:24,7,9,9392,18184
2023-10-26 13:23:01,7,8,9392,18184
2023-10-26 13:23:02,7,9,9392,18184
2023-10-26 13:23:17,7,8,9392,18184
2023-10-26 13:23:17,6,8,9392,18184
2023-10-26 13:23:24,6,7,9392,18184
2023-10-26 13:25:01,6,7,9572,18364
2023-10-26 13:26:39,6,8,9572,18364
2023-10-26 13:26:57,7,8,9572,18364
2023-10-26 13:27:02,6,8,9572,18364
2023-10-26 13:27:02,7,8,9572,18364
2023-10-26 13:27:05,6,8,9572,18364
2023-10-26 13:27:50,6,9,9572,18364
2023-10-26 13:27:50,7,9,9572,18364
2023-10-26 13:28:05,7,8,9572,18364
2023-10-26 13:28:06,7,9,9572,18364
2023-10-26 13:28:07,7,8,9572,18364
2023-10-26 13:28:14,7,9,9572,18364
2023-10-26 13:28:32,7,8,9572,18364
2023-10-26 13:28:32,6,8,9572,18364
2023-10-26 13:28:37,7,8,9572,18364
2023-10-26 13:28:39,6,8,9572,18364
2023-10-26 13:28:43,7,8,9572,18364
2023-10-26 13:28:49,7,9,9572,18364
2023-10-26 13:29:05,7,8,9572,18364
2023-10-26 13:29:06,6,8,9572,18364
2023-10-26 13:29:07,7,8,9572,18364
2023-10-26 13:29:09,6,8,9572,18364
2023-10-26 13:29:10,7,8,9572,18364
2023-10-26 13:29:14,6,8,9572,18364
2023-10-26 13:30:21,7,8,9572,18364
2023-10-26 13:30:27,6,8,9572,18364
2023-10-26 13:30:42,6,7,9572,18364
2023-10-26 13:30:44,5,6,9572,18434
2023-10-26 13:31:10,5,8,9642,18504
2023-10-26 13:31:10,6,8,9642,18504
2023-10-26 13:31:11,5,8,9642,18504
2023-10-26 13:31:11,6,8,9642,18504
2023-10-26 13:31:13,5,8,9642,18504
2023-10-26 13:31:16,5,7,9642,18504
2023-10-26 13:31:17,6,7,9642,18504
2023-10-26 13:31:18,6,8,9642,18504
2023-10-26 13:31:19,5,8,9642,18504
2023-10-26 13:31:20,5,7,9642,18504
2023-10-26 13:31:21,5,8,9642,18504
2023-10-26 13:31:22,5,7,9642,18504
2023-10-26 13:31:39,6,7,9642,18504
2023-10-26 13:31:52,5,7,9642,18504
2023-10-26 13:31:57,6,7,9642,18504
2023-10-26 13:31:59,5,7,9642,18504
2023-10-26 13:32:46,6,7,9642,18504
2023-10-26 13:32:47,6,8,9642,18504
2023-10-26 13:32:56,6,7,9642,18504
2023-10-26 13:32:56,6,8,9642,18504
2023-10-26 13:33:16,7,8,9642,18504
2023-10-26 13:33:16,7,9,9642,18504
2023-10-26 13:33:56,8,9,9642,18504
2023-10-26 13:33:57,8,10,9642,18504
2023-10-26 13:34:14,9,10,9642,18504
2023-10-26 13:34:14,9,11,9642,18504
2023-10-26 13:35:11,10,11,9642,18504
2023-10-26 13:36:52,9,11,9642,18504
2023-10-26 13:37:10,10,11,9642,18504
2023-10-26 13:38:23,9,11,9642,18504
2023-10-26 13:38:59,10,11,9642,18504
2023-10-26 13:39:07,9,11,9642,18504
2023-10-26 13:39:17,8,11,9642,18504
2023-10-26 13:39:17,8,10,9642,18504
2023-10-26 13:40:16,9,10,9642,18504
2023-10-26 13:40:24,9,11,9642,18504
2023-10-26 13:40:42,8,11,9642,18504
2023-10-26 13:40:42,9,11,9642,18504
2023-10-26 13:40:42,8,11,9642,18504
2023-10-26 13:40:43,8,10,9642,18504
2023-10-26 13:40:53,8,11,9642,18504
2023-10-26 13:40:55,8,10,9642,18504
2023-10-26 13:41:35,9,10,9642,18504
2023-10-26 13:41:35,9,11,9642,18504
2023-10-26 13:41:58,9,12,9642,18504
2023-10-26 13:41:58,10,12,9642,18504
2023-10-26 13:42:01,11,12,9642,18504
2023-10-26 13:42:01,11,12,9642,18754
2023-10-26 13:42:23,11,13,9642,18754
2023-10-26 13:42:44,12,13,9642,18754
2023-10-26 13:42:45,12,13,9692,19004
2023-10-26 13:43:02,12,14,9692,19004
2023-10-26 13:43:06,12,13,9692,19004
2023-10-26 13:43:07,12,13,9942,19254
2023-10-26 13:43:08,12,14,9942,19254
2023-10-26 13:43:58,13,14,9942,19254
2023-10-26 13:44:03,13,15,9942,19454
2023-10-26 13:44:06,13,14,9942,19454
2023-10-26 13:44:40,13,15,9942,19454
2023-10-26 13:45:07,13,16,9942,19454
2023-10-26 13:45:08,14,16,9942,19454
2023-10-26 13:45:18,15,16,9942,19454
2023-10-26 13:45:21,15,17,9942,19454
2023-10-26 13:45:25,16,17,9942,19454
2023-10-26 13:45:25,16,17,9992,19704
2023-10-26 13:45:27,16,17,10242,19954
2023-10-26 13:45:28,16,18,10242,19954
2023-10-26 13:45:29,16,17,10242,19954
2023-10-26 13:45:31,16,18,10242,19954
2023-10-26 13:45:39,17,18,10242,19954
2023-10-26 13:45:42,17,19,10242,19954
2023-10-26 13:45:46,18,19,10242,19954
2023-10-26 13:46:01,18,19,10492,20204
2023-10-26 13:46:01,18,20,10492,20204
2023-10-26 13:46:02,19,20,10492,20204
2023-10-26 13:46:06,19,21,10492,20204
2023-10-26 13:46:09,19,20,10492,20204
2023-10-26 13:46:12,19,21,10492,20204
2023-10-26 13:46:14,19,22,10492,20204
2023-10-26 13:46:16,19,21,10492,20204
2023-10-26 13:46:26,20,21,10492,20204
2023-10-26 13:46:31,19,21,10492,20204
2023-10-26 13:46:42,19,20,10492,20204
2023-10-26 13:46:44,19,22,10492,20204
2023-10-26 13:46:44,19,21,10492,20204
2023-10-26 13:47:03,19,20,10492,20204
2023-10-26 13:47:04,18,20,10492,20204
2023-10-26 13:47:07,18,19,10492,20204
2023-10-26 13:47:10,17,19,10492,20204
2023-10-26 13:47:14,17,18,10492,20204
2023-10-26 13:47:23,16,18,10492,20404
2023-10-26 13:47:26,16,17,10492,20404
2023-10-26 13:47:27,16,18,10492,20404
2023-10-26 13:47:28,16,17,10492,20404
2023-10-26 13:47:28,16,18,10492,20404
2023-10-26 13:47:29,16,17,10492,20404
2023-10-26 13:47:36,16,18,10492,20404
2023-10-26 13:47:37,16,17,10492,20404
2023-10-26 13:47:45,16,18,10492,20404
2023-10-26 13:48:00,17,18,10492,20404
2023-10-26 13:48:02,17,19,10492,20404
2023-10-26 13:48:06,17,18,10492,20404
2023-10-26 13:48:17,16,18,10492,20404
2023-10-26 13:48:27,16,19,10492,20404
2023-10-26 13:48:30,16,18,10492,20404
2023-10-26 13:48:47,16,19,10492,20404
2023-10-26 13:48:48,16,18,10492,20404
2023-10-26 13:49:22,16,19,10492,20404
2023-10-26 13:49:23,17,19,10492,20404
2023-10-26 13:49:41,18,19,10492,20404
2023-10-26 13:50:33,18,21,10492,20404
2023-10-26 13:50:33,18,20,10492,20404
2023-10-26 13:50:44,18,19,10492,20404
2023-10-26 13:50:44,18,21,10492,20404
2023-10-26 13:50:45,18,20,10492,20404
2023-10-26 13:51:02,18,19,10492,20404
2023-10-26 13:51:04,17,19,10492,20404
2023-10-26 13:51:14,16,19,10492,20404
2023-10-26 13:51:15,16,18,10492,20404
2023-10-26 13:51:16,16,19,10492,20404
2023-10-26 13:51:16,16,18,10492,20404
2023-10-26 13:51:25,16,17,10492,20404
2023-10-26 13:51:47,16,18,10492,20404
2023-10-26 13:51:47,16,17,10492,20404
2023-10-26 13:52:12,16,18,10492,20404
2023-10-26 13:52:13,16,17,10492,20404
2023-10-26 13:52:35,15,17,10492,20604
2023-10-26 13:52:39,15,16,10492,20604
2023-10-26 13:52:59,15,17,10492,20604
2023-10-26 13:53:01,15,16,10492,20604
2023-10-26 13:53:07,14,16,10492,20604
2023-10-26 13:53:18,14,15,10492,20604
2023-10-26 13:54:00,14,17,10742,20854
2023-10-26 13:54:00,15,17,10742,20854
2023-10-26 13:54:21,16,17,10742,20854
2023-10-26 13:54:34,15,17,10742,20854
2023-10-26 13:54:36,16,17,10742,20854
2023-10-26 13:54:47,15,17,10742,20854
2023-10-26 13:54:48,16,17,10742,20854
2023-10-26 13:54:49,15,17,10742,20854
2023-10-26 13:54:51,16,17,10742,20854
2023-10-26 13:54:51,15,17,10742,20854
2023-10-26 13:54:53,16,17,10742,20854
2023-10-26 13:54:54,15,17,10742,20854
2023-10-26 13:54:55,16,17,10742,20854
2023-10-26 13:55:32,15,17,10742,20854
2023-10-26 13:55:35,16,17,10742,20854
2023-10-26 13:55:35,15,17,10742,20854
2023-10-26 13:55:36,16,17,10742,20854
2023-10-26 13:55:38,15,17,10742,20854
2023-10-26 13:55:40,16,17,10742,20854
2023-10-26 13:55:43,16,18,10742,20854
2023-10-26 13:55:56,15,18,10742,20854
2023-10-26 13:55:57,15,17,10742,20854
2023-10-26 13:56:07,16,17,10742,20854
2023-10-26 13:56:13,15,17,10742,20854
2023-10-26 13:56:24,14,17,10742,20854
2023-10-26 13:56:25,14,16,10742,20854
2023-10-26 13:56:40,14,15,10742,20854
2023-10-26 13:56:53,13,15,10742,20854
2023-10-26 13:57:05,14,15,10742,20854
2023-10-26 13:57:08,14,16,10742,20854
2023-10-26 13:57:20,15,16,10742,20854
2023-10-26 13:57:20,15,17,10742,20854
2023-10-26 13:57:21,15,16,10742,20854
2023-10-26 13:57:21,14,16,10742,20854
2023-10-26 13:57:22,15,16,10742,20854
2023-10-26 13:57:23,15,17,10742,20854
2023-10-26 13:57:30,15,18,10742,20854
2023-10-26 13:57:33,16,18,10742,20854
2023-10-26 13:57:38,16,19,10742,20854
2023-10-26 13:57:42,17,19,10742,20854
2023-10-26 13:57:50,18,19,10742,20854
2023-10-26 13:57:51,17,19,10742,20854
2023-10-26 13:58:00,18,19,10742,20854
2023-10-26 13:58:01,17,19,10742,20854
2023-10-26 13:58:08,17,18,10742,20854
2023-10-26 13:58:08,17,19,10742,20854
2023-10-26 13:58:44,18,19,10742,20854
2023-10-26 13:59:18,17,19,10742,20854
2023-10-26 13:59:20,18,19,10742,20854
2023-10-26 13:59:22,17,19,10742,20854
2023-10-26 13:59:29,18,19,10742,20854
2023-10-26 14:00:02,18,20,10742,20854
2023-10-26 14:00:05,19,20,10742,20854
2023-10-26 14:00:12,19,21,10742,20854
2023-10-26 14:00:13,20,21,10742,20854
2023-10-26 14:00:27,20,21,10740,20856
2023-10-26 14:00:29,20,22,10740,20856
2023-10-26 14:00:46,19,22,10740,20856
2023-10-26 14:00:50,19,21,10740,20856
2023-10-26 14:00:52,19,22,10740,20856
2023-10-26 14:00:52,19,21,10740,20856
2023-10-26 14:00:53,20,21,10740,20856
2023-10-26 14:00:55,19,21,10740,20856
2023-10-26 14:00:58,18,21,10740,20856
2023-10-26 14:01:02,18,20,10740,20856
2023-10-26 14:01:17,18,19,10740,20856
2023-10-26 14:01:17,17,19,10740,20856
2023-10-26 14:01:42,17,18,10740,20856
2023-10-26 14:01:44,16,18,10740,20856
2023-10-26 14:01:47,16,17,10740,20856
2023-10-26 14:01:51,16,18,10740,20856
2023-10-26 14:01:55,17,18,10740,20856
2023-10-26 14:01:56,17,19,10740,20856
2023-10-26 14:02:01,16,19,10740,20856
2023-10-26 14:02:01,17,19,10740,20856
2023-10-26 14:02:01,16,19,10740,20856
2023-10-26 14:02:02,17,19,10740,20856
2023-10-26 14:02:07,18,19,10740,20856
2023-10-26 14:02:08,18,20,10740,20856
2023-10-26 14:02:08,18,19,10740,20856
2023-10-26 14:02:09,18,20,10740,20856
2023-10-26 14:02:19,17,20,10740,20856
2023-10-26 14:02:20,18,20,10740,20856
2023-10-26 14:02:26,19,20,10740,20856
2023-10-26 14:02:28,18,20,10740,20856
2023-10-26 14:02:28,19,20,10740,20856
2023-10-26 14:02:31,18,20,10740,20856
2023-10-26 14:02:35,19,20,10740,20856
2023-10-26 14:02:44,18,20,10740,20856
2023-10-26 14:02:54,18,19,10740,20856
2023-10-26 14:02:54,17,19,10740,20856
2023-10-26 14:02:58,18,19,10740,20856
2023-10-26 14:03:01,17,19,10740,20856
2023-10-26 14:03:12,18,19,10740,20856
2023-10-26 14:03:24,17,19,10740,20856
2023-10-26 14:04:18,17,18,10740,20856
2023-10-26 14:04:18,16,18,10740,20856
2023-10-26 14:04:36,16,17,10740,20856
2023-10-26 14:05:11,16,18,10740,20856
2023-10-26 14:05:14,16,19,10740,20856
2023-10-26 14:05:15,17,19,10740,20856
2023-10-26 14:05:51,18,19,10740,20856
2023-10-26 14:06:07,17,19,10740,20856
2023-10-26 14:06:19,18,19,10740,20856
2023-10-26 14:06:20,17,19,10740,20856
2023-10-26 14:06:23,18,19,10740,20856
2023-10-26 14:06:28,18,20,10740,20856
2023-10-26 14:06:32,18,21,10740,20856
2023-10-26 14:06:34,19,21,10740,20856
2023-10-26 14:06:38,19,22,10740,20856
2023-10-26 14:06:38,20,22,10740,20856
2023-10-26 14:06:41,21,22,10740,20856
2023-10-26 14:06:42,21,23,10740,20856
2023-10-26 14:06:47,21,23,10740,21106
2023-10-26 14:06:48,22,23,10740,21106
2023-10-26 14:06:57,21,23,10740,21106
2023-10-26 14:07:04,21,22,10740,21106
2023-10-26 14:07:04,21,23,10740,21106
2023-10-26 14:07:06,21,22,10740,21106
2023-10-26 14:07:07,20,22,10740,21106
2023-10-26 14:07:11,19,22,10740,21106
2023-10-26 14:07:15,19,21,10740,21106
2023-10-26 14:07:45,20,21,10740,21106
2023-10-26 14:07:45,20,22,10740,21106
2023-10-26 14:08:04,19,22,10740,21106
2023-10-26 14:08:08,19,21,10740,21106
2023-10-26 14:08:10,20,21,10740,21106
2023-10-26 14:08:10,20,22,10740,21106
2023-10-26 14:08:13,19,22,10740,21106
2023-10-26 14:08:17,19,21,10740,21106
2023-10-26 14:08:20,19,22,10740,21106
2023-10-26 14:08:39,20,23,10740,21106
2023-10-26 14:08:41,21,23,10740,21106
2023-10-26 14:08:45,21,23,10840,21356
2023-10-26 14:08:48,21,24,11006,21522
2023-10-26 14:08:48,22,24,11006,21522
2023-10-26 14:08:50,21,24,11006,21522
2023-10-26 14:08:51,21,23,11006,21522
2023-10-26 14:08:57,21,23,11256,21772
2023-10-26 14:09:05,21,22,11256,21772
2023-10-26 14:09:05,20,22,11256,21772
2023-10-26 14:09:12,21,22,11256,21772
2023-10-26 14:09:12,20,22,11256,21772
2023-10-26 14:09:13,21,22,11256,21772
2023-10-26 14:09:15,21,23,11256,21772
2023-10-26 14:09:26,21,22,11256,21772
2023-10-26 14:09:29,20,22,11256,21772
2023-10-26 14:09:51,20,21,11256,21772
2023-10-26 14:09:51,19,21,11256,21772
2023-10-26 14:10:11,19,22,11256,21772
2023-10-26 14:10:12,19,21,11256,21772
2023-10-26 14:10:21,19,22,11256,21772
2023-10-26 14:10:21,20,22,11256,21772
2023-10-26 14:10:31,21,22,11256,21772
2023-10-26 14:10:58,21,24,11256,21772
2023-10-26 14:11:00,21,23,11256,21772
2023-10-26 14:11:21,21,24,11256,21772
2023-10-26 14:11:23,22,24,11256,21772
2023-10-26 14:11:27,23,24,11256,21772
2023-10-26 14:11:31,22,24,11256,21772
2023-10-26 14:11:33,21,24,11256,21772
2023-10-26 14:11:36,21,23,11256,21772
2023-10-26 14:11:36,22,23,11256,21772
2023-10-26 14:11:37,22,24,11256,21772
2023-10-26 14:11:38,22,23,11256,21772
2023-10-26 14:11:40,22,23,11256,21772
2023-10-26 14:11:40,22,24,11256,21772
2023-10-26 14:12:12,23,24,11256,21772
2023-10-26 14:12:14,22,24,11256,21772
2023-10-26 14:12:15,23,24,11256,21772
2023-10-26 14:12:15,22,24,11256,21772
2023-10-26 14:12:35,23,24,11256,21772
2023-10-26 14:12:35,23,24,11368,22022
2023-10-26 14:12:37,23,25,11518,22172
2023-10-26 14:12:52,24,25,11518,22172
2023-10-26 14:12:52,24,25,11768,22422
2023-10-26 14:12:52,24,26,11768,22422
2023-10-26 14:13:03,25,26,11768,22422
2023-10-26 14:13:03,25,27,11968,22622
2023-10-26 14:13:12,26,27,11968,22622
2023-10-26 14:13:17,26,27,11968,22652
2023-10-26 14:13:19,26,27,11968,22686
2023-10-26 14:13:20,25,27,11968,22686
2023-10-26 14:13:21,26,27,11968,22686
2023-10-26 14:13:21,26,27,11968,22719
2023-10-26 14:13:21,26,28,11968,22719
2023-10-26 14:13:25,26,27,11968,22719
2023-10-26 14:13:25,26,27,11968,22747
2023-10-26 14:13:27,25,27,11968,22747
2023-10-26 14:13:32,26,27,11968,22747
2023-10-26 14:13:32,26,27,11968,22780
2023-10-26 14:13:34,26,27,11968,22980
2023-10-26 14:13:34,26,29,11968,22980
2023-10-26 14:13:38,27,29,11968,22980
2023-10-26 14:13:39,26,29,11968,22980
2023-10-26 14:13:42,26,28,11968,22980
2023-10-26 14:13:54,25,28,11968,22980
2023-10-26 14:13:55,25,27,11968,22980
2023-10-26 14:13:57,25,28,11968,22980
2023-10-26 14:14:01,25,27,11968,22980
2023-10-26 14:14:04,25,28,11968,22980
2023-10-26 14:14:06,25,27,11968,22980
2023-10-26 14:14:09,25,28,11968,22980
2023-10-26 14:14:12,26,28,11968,22980
2023-10-26 14:14:18,25,28,11968,22980
2023-10-26 14:14:20,25,27,11968,22980
2023-10-26 14:14:20,25,28,11968,22980
2023-10-26 14:14:21,25,27,11968,22980
2023-10-26 14:14:24,25,28,11968,22980
2023-10-26 14:14:28,25,27,11968,22980
2023-10-26 14:14:34,25,28,11968,22980
2023-10-26 14:14:35,26,28,11968,22980
2023-10-26 14:14:38,25,28,11968,22980
2023-10-26 14:14:39,25,27,11968,22980
2023-10-26 14:14:40,25,28,11968,22980
2023-10-26 14:14:41,26,28,11968,22980
2023-10-26 14:14:45,25,28,11968,22980
2023-10-26 14:14:47,25,27,11968,22980
2023-10-26 14:15:00,25,26,11968,22980
2023-10-26 14:15:00,24,26,11968,22980
2023-10-26 14:15:00,24,27,11968,22980
2023-10-26 14:15:01,25,27,11968,22980
2023-10-26 14:15:03,25,28,11968,22980
2023-10-26 14:15:04,26,28,11968,22980
2023-10-26 14:15:08,26,27,11968,22980
2023-10-26 14:15:08,26,27,11968,23011
2023-10-26 14:15:10,26,28,11968,23011
2023-10-26 14:15:15,25,28,11968,23011
2023-10-26 14:15:17,25,27,11968,23011
2023-10-26 14:15:23,24,27,11968,23011
2023-10-26 14:15:27,24,26,11968,23011
2023-10-26 14:15:28,24,27,11968,23011
2023-10-26 14:15:30,24,26,11968,23011
2023-10-26 14:15:42,23,26,11968,23011
2023-10-26 14:15:46,24,26,11968,23011
2023-10-26 14:15:50,23,26,11968,23011
2023-10-26 14:15:51,23,25,11968,23011
2023-10-26 14:15:58,22,25,11968,23011
2023-10-26 14:16:00,22,24,11968,23011
2023-10-26 14:16:01,22,25,11968,23011
2023-10-26 14:16:02,22,24,11968,23011
2023-10-26 14:16:05,23,24,11968,23011
2023-10-26 14:16:19,22,25,11968,23011
2023-10-26 14:16:23,22,24,11968,23011
2023-10-26 14:16:36,22,25,11968,23011
2023-10-26 14:16:40,23,25,11968,23011
2023-10-26 14:16:40,23,24,11968,23011
2023-10-26 14:16:43,22,24,11968,23011
2023-10-26 14:16:58,22,23,11968,23011
2023-10-26 14:17:03,22,23,11718,23261
2023-10-26 14:17:04,21,23,11718,23261
2023-10-26 14:17:06,21,22,11718,23261
2023-10-26 14:17:11,20,22,11718,23261
2023-10-26 14:17:24,21,22,11718,23261
2023-10-26 14:17:24,21,23,11718,23261
2023-10-26 14:17:26,20,23,11718,23261
2023-10-26 14:17:27,21,23,11718,23261
2023-10-26 14:18:12,20,23,11718,23261
2023-10-26 14:18:16,20,22,11718,23261
2023-10-26 14:18:29,20,23,11718,23261
2023-10-26 14:18:31,21,23,11718,23261
2023-10-26 14:18:46,21,24,11718,23261
2023-10-26 14:18:49,22,24,11718,23261
2023-10-26 14:18:51,22,25,11718,23261
2023-10-26 14:18:53,23,25,11718,23261
2023-10-26 14:19:13,22,25,11718,23261
2023-10-26 14:19:14,23,25,11718,23261
2023-10-26 14:19:16,22,25,11718,23261
2023-10-26 14:19:17,23,25,11718,23261
2023-10-26 14:19:19,23,24,11718,23261
2023-10-26 14:19:19,22,24,11718,23261
2023-10-26 14:19:27,21,24,11718,23261
2023-10-26 14:19:30,21,23,11718,23261
2023-10-26 14:19:40,21,24,11718,23261
2023-10-26 14:19:44,22,24,11718,23261
2023-10-26 14:19:48,22,23,11718,23261
2023-10-26 14:19:49,22,24,11718,23261
2023-10-26 14:19:54,21,24,11718,23261
2023-10-26 14:19:56,21,23,11718,23261
2023-10-26 14:19:56,22,23,11718,23261
2023-10-26 14:20:00,21,23,11718,23261
2023-10-26 14:20:01,22,23,11718,23261
2023-10-26 14:20:03,21,23,11718,23261
2023-10-26 14:20:23,21,24,11718,23261
2023-10-26 14:20:25,22,24,11718,23261
2023-10-26 14:20:41,22,25,11718,23261
2023-10-26 14:20:44,23,25,11718,23261
2023-10-26 14:20:45,23,24,11718,23261
2023-10-26 14:20:48,22,24,11718,23261
2023-10-26 14:20:57,21,24,11718,23261
2023-10-26 14:20:59,21,23,11718,23261
2023-10-26 14:21:00,20,23,11718,23261
2023-10-26 14:21:01,20,22,11718,23261
2023-10-26 14:21:05,20,22,11695,23511
2023-10-26 14:21:06,20,21,11695,23511
2023-10-26 14:21:30,20,22,11695,23511
2023-10-26 14:21:35,21,22,11695,23511
2023-10-26 14:21:37,20,22,11695,23511
2023-10-26 14:21:38,21,22,11695,23511
2023-10-26 14:21:40,21,23,11695,23511
2023-10-26 14:21:43,21,22,11695,23511
2023-10-26 14:21:43,20,22,11695,23511
2023-10-26 14:22:02,21,22,11695,23511
2023-10-26 14:22:05,20,22,11695,23511
2023-10-26 14:22:09,21,22,11695,23511
2023-10-26 14:22:14,21,23,11695,23511
2023-10-26 14:22:22,22,23,11695,23511
2023-10-26 14:22:32,22,24,11695,23511
2023-10-26 14:22:35,22,23,11695,23511
2023-10-26 14:22:35,21,23,11695,23511
2023-10-26 14:22:38,22,23,11695,23511
2023-10-26 14:22:42,21,23,11695,23511
2023-10-26 14:22:44,21,24,11695,23511
2023-10-26 14:22:44,22,24,11695,23511
2023-10-26 14:22:53,22,23,11695,23511
2023-10-26 14:22:54,21,23,11695,23511
2023-10-26 14:22:54,22,23,11695,23511
2023-10-26 14:22:59,21,23,11695,23511
2023-10-26 14:23:00,22,23,11695,23511
2023-10-26 14:23:09,22,24,11695,23511
2023-10-26 14:23:15,23,24,11695,23511
2023-10-26 14:23:18,23,25,11695,23511
2023-10-26 14:23:20,23,24,11695,23511
2023-10-26 14:23:21,22,24,11695,23511
2023-10-26 14:23:34,23,24,11695,23511
2023-10-26 14:23:36,23,25,11695,23511
2023-10-26 14:23:37,22,25,11695,23511
2023-10-26 14:23:38,23,25,11695,23511
2023-10-26 14:23:49,23,24,11695,23511
2023-10-26 14:23:50,22,24,11695,23511
2023-10-26 14:24:30,21,24,11695,23511
2023-10-26 14:24:30,23,24,11695,23511
2023-10-26 14:24:32,21,24,11695,23511
2023-10-26 14:24:32,22,24,11695,23511
2023-10-26 14:24:33,23,24,11695,23511
2023-10-26 14:24:34,21,24,11695,23511
2023-10-26 14:24:34,22,24,11695,23511
2023-10-26 14:24:37,22,23,11695,23511
2023-10-26 14:24:37,21,23,11695,23511
2023-10-26 14:24:40,20,23,11695,23511
2023-10-26 14:24:42,21,23,11695,23511
2023-10-26 14:24:46,21,22,11695,23511
2023-10-26 14:24:46,20,22,11695,23511
2023-10-26 14:24:48,20,23,11695,23511
2023-10-26 14:24:48,21,23,11695,23511
2023-10-26 14:24:54,21,22,11695,23511
2023-10-26 14:24:55,20,22,11695,23511
2023-10-26 14:25:19,20,21,11695,23511
2023-10-26 14:25:19,18,20,11487,23719
2023-10-26 14:25:42,18,19,11487,23719
2023-10-26 14:25:43,17,19,11487,23719
2023-10-26 14:26:05,18,19,11487,23719
2023-10-26 14:26:06,17,19,11487,23719
2023-10-26 14:26:08,18,19,11487,23719
2023-10-26 14:26:21,18,20,11487,23719
2023-10-26 14:26:25,18,21,11487,23719
2023-10-26 14:26:27,19,21,11487,23719
2023-10-26 14:26:32,19,22,11487,23719
2023-10-26 14:26:32,20,22,11487,23719
2023-10-26 14:26:33,20,23,11487,23719
2023-10-26 14:26:33,21,23,11487,23719
2023-10-26 14:26:44,22,23,11487,23719
2023-10-26 14:26:51,22,24,11668,23919
2023-10-26 14:27:05,23,24,11668,23919
2023-10-26 14:27:09,22,24,11668,23919
2023-10-26 14:27:13,23,24,11668,23919
2023-10-26 14:27:14,23,25,11668,23919
2023-10-26 14:27:18,24,25,11668,23919
2023-10-26 14:27:21,24,26,11668,23919
2023-10-26 14:27:31,23,26,11668,23919
2023-10-26 14:27:35,23,25,11668,23919
2023-10-26 14:27:48,22,25,11668,23919
2023-10-26 14:27:49,22,24,11668,23919
2023-10-26 14:27:56,22,25,11668,23919
2023-10-26 14:27:59,23,25,11668,23919
2023-10-26 14:28:00,23,24,11668,23919
2023-10-26 14:28:01,22,24,11668,23919
2023-10-26 14:28:12,22,25,11668,23919
2023-10-26 14:28:15,23,25,11668,23919
2023-10-26 14:28:29,22,25,11668,23919
2023-10-26 14:28:33,23,25,11668,23919
2023-10-26 14:28:34,23,24,11668,23919
2023-10-26 14:28:35,23,25,11668,23919
2023-10-26 14:28:46,23,26,11668,23919
2023-10-26 14:28:47,24,26,11668,23919
2023-10-26 14:28:49,25,26,11668,23919
2023-10-26 14:28:49,25,27,11868,24119
2023-10-26 14:28:50,26,27,11868,24119
2023-10-26 14:28:54,27,28,11868,24119
2023-10-26 14:29:00,26,28,11868,24119
2023-10-26 14:29:28,27,28,11868,24119
2023-10-26 14:29:31,27,29,11868,24119
2023-10-26 14:29:48,26,29,11868,24119
2023-10-26 14:29:49,27,29,11868,24119
2023-10-26 14:29:54,28,29,11868,24119
2023-10-26 14:29:57,28,30,12068,24319
2023-10-26 14:29:58,29,30,12068,24319
2023-10-26 14:29:59,29,31,12068,24319
2023-10-26 14:30:01,29,32,12269,24520
2023-10-26 14:30:01,30,32,12269,24520
2023-10-26 14:30:02,30,31,12269,24520
2023-10-26 14:30:06,29,31,12269,24520
2023-10-26 14:30:06,30,31,12269,24520
2023-10-26 14:30:10,29,31,12269,24520
2023-10-26 14:30:11,29,30,12269,24520
2023-10-26 14:30:17,28,30,12069,24720
2023-10-26 14:30:22,28,29,12069,24720
2023-10-26 14:30:27,27,29,12069,24720
2023-10-26 14:30:28,26,29,12069,24720
2023-10-26 14:30:31,26,28,12069,24720
2023-10-26 14:30:38,27,28,12069,24720
2023-10-26 14:30:38,27,29,12069,24720
2023-10-26 14:30:39,27,28,12069,24720
2023-10-26 14:30:44,26,28,12069,24720
2023-10-26 14:30:46,27,28,12069,24720
2023-10-26 14:30:48,27,29,12069,24720
2023-10-26 14:30:50,28,29,12069,24720
2023-10-26 14:30:50,28,30,12069,24720
2023-10-26 14:30:50,27,30,11819,24970
2023-10-26 14:30:52,27,29,11819,24970
2023-10-26 14:30:52,27,30,11819,24970
2023-10-26 14:30:56,28,30,11819,24970
2023-10-26 14:31:03,28,31,11819,24970
2023-10-26 14:31:04,29,31,11819,24970
2023-10-26 14:31:05,29,32,11819,24970
2023-10-26 14:31:06,30,32,11819,24970
2023-10-26 14:31:09,30,31,11819,24970
2023-10-26 14:31:13,29,31,11819,24970
2023-10-26 14:31:17,30,31,11819,24970
2023-10-26 14:31:17,30,32,11819,24970
2023-10-26 14:31:20,30,31,11819,24970
2023-10-26 14:31:22,29,31,11819,24970
2023-10-26 14:31:28,29,30,11819,24970
2023-10-26 14:31:30,29,31,11819,24970
2023-10-26 14:31:35,29,31,12069,25220
2023-10-26 14:31:35,30,31,12069,25220
2023-10-26 14:31:35,30,32,12069,25220
2023-10-26 14:32:19,30,33,12069,25220
2023-10-26 14:32:20,31,33,12069,25220
2023-10-26 14:32:35,30,33,12069,25220
2023-10-26 14:32:38,31,33,12069,25220
2023-10-26 14:32:44,32,33,12069,25220
2023-10-26 14:32:44,32,34,12069,25348
2023-10-26 14:32:44,32,34,12319,25598
2023-10-26 14:32:45,32,35,12319,25598
2023-10-26 14:32:45,33,35,12319,25598
2023-10-26 14:32:45,34,35,12319,25598
2023-10-26 14:32:45,34,36,12319,25598
2023-10-26 14:32:46,35,36,12319,25598
2023-10-26 14:32:46,35,36,12319,25600
2023-10-26 14:32:49,35,36,12321,25616
2023-10-26 14:32:50,34,36,12321,25616
2023-10-26 14:32:51,35,36,12321,25616
2023-10-26 14:32:51,35,36,12321,25653
2023-10-26 14:32:56,35,37,12321,25901
2023-10-26 14:32:57,35,37,12317,26101
2023-10-26 14:32:57,36,37,12317,26101
2023-10-26 14:32:57,36,37,12317,26194
2023-10-26 14:32:57,36,39,12317,26194
2023-10-26 14:33:01,37,39,12317,26194
2023-10-26 14:33:01,37,39,12317,26254
2023-10-26 14:33:04,37,40,12317,26254
2023-10-26 14:33:05,38,40,12317,26254
2023-10-26 14:33:06,39,40,12317,26254
2023-10-26 14:33:12,39,40,12468,26454
2023-10-26 14:33:12,39,41,13068,27054
2023-10-26 14:33:12,40,41,13068,27054
2023-10-26 14:33:12,40,41,13204,27190
2023-10-26 14:33:12,40,41,13206,27192
2023-10-26 14:33:12,40,42,13206,27192
2023-10-26 14:33:12,40,43,13206,27192
2023-10-26 14:33:12,40,41,13206,27192
2023-10-26 14:33:12,40,43,13206,27192
2023-10-26 14:33:12,40,42,13206,27192
2023-10-26 14:33:12,41,42,13206,27192
2023-10-26 14:33:13,41,42,13208,27194
2023-10-26 14:33:13,41,42,13208,27299
2023-10-26 14:33:13,41,42,13210,27301
2023-10-26 14:33:13,41,43,13210,27301
2023-10-26 14:33:15,42,43,13210,27301
2023-10-26 14:33:15,42,43,13410,27501
2023-10-26 14:33:25,42,44,13410,27701
2023-10-26 14:33:25,43,44,13410,27701
2023-10-26 14:33:27,43,44,13410,27713
2023-10-26 14:33:54,43,44,13410,27743
2023-10-26 14:33:56,43,44,13410,27775
2023-10-26 14:33:57,43,44,13410,27803
2023-10-26 14:33:59,43,44,13410,27836
2023-10-26 14:34:01,43,44,13410,27859
2023-10-26 14:34:03,43,44,13410,27885
2023-10-26 14:34:05,43,44,13410,27898
2023-10-26 14:34:22,43,44,13410,27902
2023-10-26 14:34:23,42,44,13410,27902
2023-10-26 14:34:24,42,43,13410,27902
2023-10-26 14:34:27,42,44,13410,27902
2023-10-26 14:34:27,43,44,13410,27902
2023-10-26 14:35:01,43,44,13210,28102
2023-10-26 14:35:01,41,44,13210,28102
2023-10-26 14:35:01,41,43,13210,28102
2023-10-26 14:35:01,42,43,13210,28102
2023-10-26 14:35:02,42,43,13010,28302
2023-10-26 14:35:02,40,43,13010,28302
2023-10-26 14:35:02,40,42,13010,28302
2023-10-26 14:35:03,40,41,13010,28302
2023-10-26 14:35:04,39,41,13010,28302
2023-10-26 14:35:04,39,40,13010,28302
2023-10-26 14:35:07,39,40,13010,28306
2023-10-26 14:35:12,39,40,13010,28556
2023-10-26 14:35:13,38,40,13010,28556
2023-10-26 14:35:15,38,39,13010,28556
2023-10-26 14:35:15,38,39,13012,28558
2023-10-26 14:35:16,38,39,13014,28560
2023-10-26 14:35:20,37,39,13014,28560
2023-10-26 14:35:21,38,39,13014,28560
2023-10-26 14:35:25,37,39,13014,28560
2023-10-26 14:35:29,38,39,13014,28560
2023-10-26 14:35:30,38,39,13014,28606
2023-10-26 14:35:31,37,39,13014,28606
2023-10-26 14:35:32,37,38,13014,28606
2023-10-26 14:35:41,37,39,13014,28606
2023-10-26 14:35:44,38,39,13014,28606
2023-10-26 14:35:44,38,39,13014,28678
2023-10-26 14:35:44,37,39,13014,28678
2023-10-26 14:35:45,38,39,13014,28678
2023-10-26 14:35:51,37,39,13014,28678
2023-10-26 14:35:52,37,38,13014,28678
2023-10-26 14:36:00,37,39,13014,28678
2023-10-26 14:36:06,37,38,13014,28678
2023-10-26 14:36:11,36,38,13010,28682
2023-10-26 14:36:13,36,37,13010,28682
2023-10-26 14:36:16,36,37,13010,28862
2023-10-26 14:36:24,36,38,13010,28862
2023-10-26 14:36:29,37,38,13010,28862
2023-10-26 14:36:29,36,38,13010,29006
2023-10-26 14:36:29,37,38,13010,29006
2023-10-26 14:36:36,38,39,13010,29206
2023-10-26 14:36:36,38,39,13210,29406
2023-10-26 14:36:36,38,39,13246,29442
2023-10-26 14:36:36,38,40,13246,29442
2023-10-26 14:36:36,38,41,13246,29442
2023-10-26 14:36:36,38,42,13246,29442
2023-10-26 14:36:37,40,42,13246,29442
2023-10-26 14:36:37,40,42,13246,29692
2023-10-26 14:36:38,40,43,13246,29692
2023-10-26 14:36:39,41,43,13246,29692
2023-10-26 14:36:39,40,43,13246,29692
2023-10-26 14:36:39,42,43,13246,29692
2023-10-26 14:36:39,42,43,13246,29812
2023-10-26 14:36:40,40,43,13166,29894
2023-10-26 14:36:40,41,43,13166,29894
2023-10-26 14:36:46,41,42,13166,29894
2023-10-26 14:36:47,41,43,13166,29894
2023-10-26 14:36:47,41,42,13166,29894
2023-10-26 14:36:48,40,42,13166,29894
2023-10-26 14:36:48,40,43,13166,29894
2023-10-26 14:36:48,40,42,13166,29894
2023-10-26 14:36:52,41,42,13166,29894
2023-10-26 14:36:53,41,43,13166,29894
2023-10-26 14:36:54,41,42,13166,29894
2023-10-26 14:36:56,39,42,13166,29894
2023-10-26 14:36:56,40,42,13166,29894
2023-10-26 14:37:00,41,42,13166,29894
2023-10-26 14:37:01,39,42,13166,29894
2023-10-26 14:37:01,40,42,13166,29894
2023-10-26 14:37:04,40,41,13166,29894
2023-10-26 14:37:04,39,41,13166,29894
2023-10-26 14:37:13,39,40,13166,29894
2023-10-26 14:37:13,38,40,13166,29894
2023-10-26 14:37:20,38,39,13166,29894
2023-10-26 14:37:20,37,39,13166,29894
2023-10-26 14:37:20,37,39,13166,29896
2023-10-26 14:37:23,37,40,13166,29896
2023-10-26 14:37:23,38,40,13166,29896
2023-10-26 14:37:25,38,39,13166,29896
2023-10-26 14:37:26,38,40,13166,29896
2023-10-26 14:37:31,38,39,13166,29896
2023-10-26 14:37:32,37,39,13166,29896
2023-10-26 14:37:36,37,38,13166,29896
2023-10-26 14:37:37,37,39,13166,29896
2023-10-26 14:37:40,37,40,13166,29896
2023-10-26 14:37:41,37,39,13166,29896
2023-10-26 14:37:42,38,39,13166,29896
2023-10-26 14:37:43,37,39,13166,29896
2023-10-26 14:37:44,38,39,13166,29896
2023-10-26 14:37:48,37,39,13166,29896
2023-10-26 14:37:51,37,38,13166,29896
2023-10-26 14:37:53,36,38,13166,29896
2023-10-26 14:37:53,37,38,13166,29896
2023-10-26 14:37:54,36,38,13166,29896
2023-10-26 14:38:01,36,37,13166,29896
2023-10-26 14:38:03,35,37,13166,29896
2023-10-26 14:38:11,36,37,13166,29896
2023-10-26 14:38:15,36,38,13166,30096
2023-10-26 14:38:17,36,39,13166,30096
2023-10-26 14:38:17,37,39,13166,30096
2023-10-26 14:38:52,37,38,13166,30096
2023-10-26 14:38:52,36,38,13166,30096
2023-10-26 14:39:05,36,37,13166,30096
2023-10-26 14:39:05,35,36,13166,30338
2023-10-26 14:39:32,34,36,13166,30538
2023-10-26 14:39:50,35,36,13166,30538
2023-10-26 14:39:51,34,36,13166,30538
2023-10-26 14:39:52,35,36,13166,30538
2023-10-26 14:40:03,34,36,13166,30538
2023-10-26 14:40:07,33,36,13166,30738
2023-10-26 14:40:08,33,35,13166,30738
2023-10-26 14:40:10,33,36,13166,30738
2023-10-26 14:40:10,33,35,13166,30738
2023-10-26 14:40:10,34,35,13166,30738
2023-10-26 14:40:11,34,36,13166,30738
2023-10-26 14:40:27,34,35,13166,30738
2023-10-26 14:40:27,33,35,13166,30738
2023-10-26 14:40:30,33,34,13166,30738
2023-10-26 14:40:31,32,34,13166,30738
2023-10-26 14:40:49,32,33,13166,30738
2023-10-26 14:40:49,32,33,13166,30798
2023-10-26 14:40:49,31,33,13166,30798
2023-10-26 14:40:52,32,33,13166,30798
2023-10-26 14:40:53,32,34,13166,30798
2023-10-26 14:41:00,33,34,13166,30798
2023-10-26 14:41:03,33,35,13166,30798
2023-10-26 14:41:08,34,35,13166,30798
2023-10-26 14:41:19,34,36,13166,30798
2023-10-26 14:41:23,34,36,13224,31048
2023-10-26 14:41:25,35,36,13224,31048
2023-10-26 14:41:26,35,37,13224,31056
2023-10-26 14:41:28,34,37,13224,31056
2023-10-26 14:41:28,35,37,13224,31056
2023-10-26 14:41:29,35,37,13224,31089
2023-10-26 14:41:35,35,36,13224,31089
2023-10-26 14:41:36,34,36,13224,31089
2023-10-26 14:41:39,34,37,13224,31089
2023-10-26 14:41:40,34,36,13224,31089
2023-10-26 14:41:40,35,36,13224,31089
2023-10-26 14:41:40,34,36,13224,31089
2023-10-26 14:41:40,34,37,13224,31089
2023-10-26 14:41:40,35,37,13224,31089
2023-10-26 14:41:41,35,37,13474,31339
2023-10-26 14:41:41,35,38,13474,31339
2023-10-26 14:41:45,36,38,13474,31339
2023-10-26 14:41:55,36,39,13474,31339
2023-10-26 14:41:56,37,39,13474,31339
2023-10-26 14:41:56,37,39,13474,31376
2023-10-26 14:41:58,37,40,13474,31376
2023-10-26 14:41:58,39,40,13474,31376
2023-10-26 14:41:58,39,40,13874,31776
2023-10-26 14:41:58,39,40,14037,31939
2023-10-26 14:41:59,39,41,14037,31939
2023-10-26 14:41:59,39,42,14037,31939
2023-10-26 14:41:59,40,42,14037,31939
2023-10-26 14:41:59,41,42,14037,31939
2023-10-26 14:42:00,41,42,14037,31941
2023-10-26 14:42:01,42,43,13639,32339
2023-10-26 14:42:01,41,43,13639,32339
2023-10-26 14:42:02,42,43,13639,32339
2023-10-26 14:42:03,41,43,13639,32339
2023-10-26 14:42:05,41,42,13639,32339
2023-10-26 14:42:15,41,43,13639,32339
2023-10-26 14:42:20,41,42,13639,32339
2023-10-26 14:42:32,41,43,13639,32339
2023-10-26 14:42:34,41,42,13639,32339
2023-10-26 14:42:46,41,43,13639,32339
2023-10-26 14:43:01,41,42,13639,32339
2023-10-26 14:43:08,41,43,13639,32339
2023-10-26 14:43:10,41,42,13639,32339
2023-10-26 14:43:15,41,43,13639,32339
2023-10-26 14:43:21,41,42,13639,32339
2023-10-26 14:43:24,41,43,13639,32339
2023-10-26 14:43:28,41,42,13639,32339
2023-10-26 14:43:36,41,43,13639,32339
2023-10-26 14:43:39,41,42,13639,32339
2023-10-26 14:43:40,41,43,13639,32339
2023-10-26 14:43:49,42,43,13639,32339
2023-10-26 14:43:56,42,43,13639,32368
2023-10-26 14:44:00,42,44,13639,32368
2023-10-26 14:44:03,42,44,13639,32400
2023-10-26 14:44:05,42,44,13639,32428
2023-10-26 14:44:10,41,44,13639,32428
2023-10-26 14:44:10,42,44,13639,32428
2023-10-26 14:44:18,42,43,13639,32428
2023-10-26 14:44:18,40,43,13639,32428
2023-10-26 14:44:18,41,43,13639,32428
2023-10-26 14:44:21,40,43,13639,32428
2023-10-26 14:44:22,41,43,13639,32428
2023-10-26 14:44:35,40,43,13639,32428
2023-10-26 14:44:37,41,43,13639,32428
2023-10-26 14:44:39,40,43,13639,32428
2023-10-26 14:44:39,41,43,13639,32428
2023-10-26 14:44:42,41,42,13639,32428
2023-10-26 14:44:42,39,42,13639,32428
2023-10-26 14:44:44,39,41,13639,32428
2023-10-26 14:44:49,38,41,13639,32428
2023-10-26 14:44:49,38,40,13639,32428
2023-10-26 14:44:49,38,40,13639,32430
2023-10-26 14:44:51,37,40,13639,32430
2023-10-26 14:44:51,37,39,13639,32430
2023-10-26 14:44:52,37,38,13639,32430
2023-10-26 14:44:53,37,38,13641,32432
2023-10-26 14:44:53,37,38,13643,32434
2023-10-26 14:44:59,37,39,13643,32434
2023-10-26 14:45:09,37,38,13643,32434
2023-10-26 14:45:09,36,38,13643,32434
2023-10-26 14:45:19,37,38,13643,32434
2023-10-26 14:45:21,36,38,13643,32434
2023-10-26 14:45:24,36,39,13643,32434
2023-10-26 14:45:24,37,39,13643,32434
2023-10-26 14:45:32,37,40,13643,32434
2023-10-26 14:45:33,37,39,13643,32434
2023-10-26 14:45:35,37,40,13643,32634
2023-10-26 14:45:35,37,41,13643,32634
2023-10-26 14:45:35,40,41,13643,32634
2023-10-26 14:45:36,40,42,13643,32634
2023-10-26 14:45:36,40,43,13643,32634
2023-10-26 14:45:36,40,43,13763,32754
2023-10-26 14:45:38,40,43,13763,33004
2023-10-26 14:45:38,41,43,13763,33004
2023-10-26 14:45:40,41,43,13791,33032
2023-10-26 14:46:04,42,43,13791,33032
2023-10-26 14:46:04,42,44,13791,33032
2023-10-26 14:46:13,43,44,13791,33032
2023-10-26 14:46:14,43,44,13791,33282
2023-10-26 14:46:19,42,44,13791,33282
2023-10-26 14:46:23,43,44,13791,33282
2023-10-26 14:46:23,42,44,13791,33282
2023-10-26 14:46:24,43,44,13791,33282
2023-10-26 14:46:28,44,45,13793,33284
2023-10-26 14:46:30,44,46,13793,33284
2023-10-26 14:46:31,44,46,13847,33338
2023-10-26 14:46:32,43,46,13847,33338
2023-10-26 14:46:32,44,46,13847,33338
2023-10-26 14:46:34,44,46,13847,33369
2023-10-26 14:46:37,44,47,13847,33369
2023-10-26 14:46:37,45,47,13847,33369
2023-10-26 14:46:44,44,47,13847,33369
2023-10-26 14:46:45,44,46,13847,33369
2023-10-26 14:46:47,43,46,13847,33369
2023-10-26 14:46:49,43,45,13847,33369
2023-10-26 14:46:50,44,45,13847,33369
2023-10-26 14:46:53,43,45,13847,33369
2023-10-26 14:46:55,43,46,13847,33369
2023-10-26 14:47:12,44,47,13847,33369
2023-10-26 14:47:16,44,46,13847,33369
2023-10-26 14:47:16,45,46,13847,33369
2023-10-26 14:47:16,45,47,13847,33369
2023-10-26 14:47:20,45,47,13947,33869
2023-10-26 14:47:20,45,48,13947,33869
2023-10-26 14:47:21,46,48,13947,33869
2023-10-26 14:47:24,47,48,13947,33869
2023-10-26 14:47:38,47,48,13974,33896
2023-10-26 14:47:40,47,48,13999,33921
2023-10-26 14:47:42,47,48,14028,33950
2023-10-26 14:47:45,46,48,14028,33950
2023-10-26 14:47:49,46,47,14028,33950
2023-10-26 14:47:59,46,48,14028,33950
2023-10-26 14:48:01,46,47,14028,33950
2023-10-26 14:48:03,46,48,14028,33950
2023-10-26 14:48:04,47,48,14028,33950
2023-10-26 14:48:11,46,48,14028,33950
2023-10-26 14:48:14,46,47,14028,33950
2023-10-26 14:48:17,46,48,14028,33950
2023-10-26 14:48:25,46,47,14028,33950
2023-10-26 14:48:26,45,47,14028,33950
2023-10-26 14:48:28,45,47,14028,33950
2023-10-26 14:48:28,45,48,14028,33950
2023-10-26 14:48:30,45,47,14028,33950
2023-10-26 14:48:31,44,47,14028,33950
2023-10-26 14:48:31,45,47,14028,33950
2023-10-26 14:48:39,46,47,14028,33950
2023-10-26 14:48:41,46,48,14028,33950
2023-10-26 14:48:43,46,47,14028,33950
2023-10-26 14:48:49,46,48,14028,33950
2023-10-26 14:48:50,46,47,14028,33950
2023-10-26 14:48:56,45,47,14028,33950
2023-10-26 14:48:58,46,47,14028,33950
2023-10-26 14:48:58,46,48,14028,33950
2023-10-26 14:49:03,45,48,14028,33950
2023-10-26 14:49:03,45,47,14028,33950
2023-10-26 14:49:07,44,47,14028,33950
2023-10-26 14:49:07,44,46,14028,33950
2023-10-26 14:49:08,45,46,14028,33950
2023-10-26 14:49:09,44,46,14028,33950
2023-10-26 14:49:21,44,45,14028,33950
2023-10-26 14:49:25,44,46,14028,33950
2023-10-26 14:49:27,44,45,14028,33950
2023-10-26 14:49:29,44,46,14028,33950
2023-10-26 14:49:35,45,46,14028,33950
2023-10-26 14:49:36,45,47,14028,33950
2023-10-26 14:49:39,45,46,14028,33950
2023-10-26 14:49:40,44,46,14028,33950
2023-10-26 14:49:54,44,45,14028,33950
2023-10-26 14:49:56,44,46,14028,33950
2023-10-26 14:50:00,44,45,14028,33950
2023-10-26 14:50:02,44,46,14028,33950
2023-10-26 14:50:02,44,47,14028,33950
2023-10-26 14:50:02,44,46,14028,33950
2023-10-26 14:50:13,45,46,14028,33950
2023-10-26 14:50:14,45,47,14028,33950
2023-10-26 14:50:23,45,48,14028,33950
2023-10-26 14:50:23,45,46,14028,33950
2023-10-26 14:50:24,45,48,14028,33950
2023-10-26 14:50:24,45,47,14028,33950
2023-10-26 14:50:24,45,46,14028,33950
2023-10-26 14:50:25,45,48,14028,33950
2023-10-26 14:50:25,45,47,14028,33950
2023-10-26 14:50:26,45,48,14028,33950
2023-10-26 14:50:26,45,46,14028,33950
2023-10-26 14:50:34,45,47,14028,33950
2023-10-26 14:50:34,45,48,14028,33950
2023-10-26 14:50:34,45,47,14028,33950
2023-10-26 14:50:36,45,48,14028,33950
2023-10-26 14:50:45,44,46,14028,33950
2023-10-26 14:50:47,43,46,14028,33950
2023-10-26 14:50:48,43,45,14028,33950
2023-10-26 14:50:51,43,44,14028,33950
2023-10-26 14:50:53,43,45,14028,33950
2023-10-26 14:50:56,44,45,14028,33950
2023-10-26 14:51:03,44,46,14028,33950
2023-10-26 14:51:04,44,45,14028,33950
2023-10-26 14:51:05,44,46,14028,33950
2023-10-26 14:51:14,44,47,14028,33950
2023-10-26 14:51:15,44,46,14028,33950
2023-10-26 14:51:17,45,46,14028,33950
2023-10-26 14:51:17,45,47,14028,33950
2023-10-26 14:51:34,45,46,14028,33950
2023-10-26 14:51:36,45,46,14278,34200
2023-10-26 14:51:36,45,48,14278,34200
2023-10-26 14:51:36,45,47,14278,34200
2023-10-26 14:51:40,46,47,14278,34200
2023-10-26 14:51:40,46,48,14278,34200
2023-10-26 14:51:43,45,48,14278,34200
2023-10-26 14:51:43,45,47,14278,34200
2023-10-26 14:51:52,45,46,14278,34200
2023-10-26 14:51:54,44,46,14278,34200
2023-10-26 14:51:56,43,46,14278,34200
2023-10-26 14:51:58,43,45,14278,34200
2023-10-26 14:52:10,44,45,14278,34200
2023-10-26 14:52:10,44,46,14278,34200
2023-10-26 14:52:10,44,47,14278,34200
2023-10-26 14:52:10,44,46,14278,34200
2023-10-26 14:52:12,43,46,14278,34200
2023-10-26 14:52:12,43,45,14278,34200
2023-10-26 14:52:13,43,46,14278,34200
2023-10-26 14:52:13,43,45,14278,34200
2023-10-26 14:52:14,44,45,14278,34200
2023-10-26 14:52:16,43,45,14278,34200
2023-10-26 14:52:17,44,45,14278,34200
2023-10-26 14:52:17,44,46,14278,34200
2023-10-26 14:52:17,44,47,14278,34200
2023-10-26 14:52:17,44,46,14278,34200
2023-10-26 14:52:19,44,47,14278,34200
2023-10-26 14:52:22,45,47,14278,34200
2023-10-26 14:52:30,46,47,14278,34200
2023-10-26 14:52:30,46,48,14278,34200
2023-10-26 14:52:38,45,48,14278,34200
2023-10-26 14:52:40,45,47,14278,34200
2023-10-26 14:52:45,46,47,14278,34200
2023-10-26 14:52:46,46,48,14278,34200
2023-10-26 14:52:49,46,47,14278,34200
2023-10-26 14:52:51,46,48,14278,34200
2023-10-26 14:52:56,47,48,14278,34200
2023-10-26 14:52:56,47,50,14278,34450
2023-10-26 14:52:57,47,49,14278,34450
2023-10-26 14:52:57,49,50,14582,34754
2023-10-26 14:52:57,49,50,14982,35154
2023-10-26 14:52:57,49,51,14982,35154
2023-10-26 14:52:57,49,52,14982,35154
2023-10-26 14:52:58,49,51,14982,35154
2023-10-26 14:52:58,50,51,14982,35154
2023-10-26 14:53:01,50,51,14982,35180
2023-10-26 14:53:03,50,51,14982,35214
2023-10-26 14:53:05,50,51,14982,35215
2023-10-26 14:53:06,50,52,14982,35215
2023-10-26 14:53:09,50,51,14982,35215
2023-10-26 14:53:14,49,51,14982,35215
2023-10-26 14:53:14,49,51,14982,35216
2023-10-26 14:53:24,50,51,14982,35216
2023-10-26 14:53:27,50,52,14982,35216
2023-10-26 14:53:29,51,52,14982,35216
2023-10-26 14:53:29,51,52,14982,35296
2023-10-26 14:53:33,51,52,14982,35425
2023-10-26 14:53:43,51,52,14982,35443
2023-10-26 14:53:46,51,53,14982,35443
2023-10-26 14:53:46,52,53,14982,35443
2023-10-26 14:54:20,51,53,14982,35443
2023-10-26 14:54:23,51,52,14982,35443
2023-10-26 14:54:28,51,53,14982,35443
2023-10-26 14:54:29,52,53,14982,35443
2023-10-26 14:54:45,52,54,14982,35443
2023-10-26 14:54:45,53,54,14982,35443
2023-10-26 14:54:46,52,54,14982,35556
2023-10-26 14:55:11,52,53,14982,35556
2023-10-26 14:55:14,51,53,14982,35556
2023-10-26 14:55:24,51,54,14982,35556
2023-10-26 14:55:24,51,53,14982,35556
2023-10-26 14:55:28,51,54,14982,35556
2023-10-26 14:55:29,51,53,14982,35556
2023-10-26 14:55:32,52,53,14982,35556
2023-10-26 14:55:32,52,54,14982,35556
2023-10-26 14:55:36,52,54,15082,36056
2023-10-26 14:55:36,53,54,15082,36056
2023-10-26 14:55:49,53,55,15082,36056
2023-10-26 14:55:51,53,54,15082,36056
2023-10-26 14:56:02,53,55,15082,36056
2023-10-26 14:56:04,53,54,15082,36056
2023-10-26 14:56:07,53,54,15186,36160
2023-10-26 14:56:07,53,55,15186,36160
2023-10-26 14:56:08,54,55,15186,36160
2023-10-26 14:56:08,54,56,15186,36160
2023-10-26 14:56:10,53,56,15186,36160
2023-10-26 14:56:10,54,55,15186,36160
2023-10-26 14:56:13,54,56,15186,36160
2023-10-26 14:56:14,54,56,15186,36166
2023-10-26 14:56:19,54,55,15186,36166
2023-10-26 14:56:21,54,56,15186,36166
2023-10-26 14:56:23,54,55,15186,36166
2023-10-26 14:57:04,54,55,15386,36366
2023-10-26 14:57:04,54,56,15386,36366
2023-10-26 14:57:04,55,56,15386,36366
2023-10-26 14:57:07,54,56,15386,36366
2023-10-26 14:57:10,54,55,15386,36366
2023-10-26 14:57:12,54,56,15386,36366
2023-10-26 14:57:15,54,55,15386,36366
2023-10-26 14:57:26,54,56,15386,36366
2023-10-26 14:57:29,54,55,15386,36366
2023-10-26 14:57:38,54,56,15386,36366
2023-10-26 14:57:49,54,55,15386,36366
2023-10-26 14:58:05,54,56,15386,36366
2023-10-26 14:58:06,55,56,15386,36366
2023-10-26 14:58:21,55,57,15386,36366
2023-10-26 14:58:23,56,57,15386,36366
2023-10-26 14:58:33,55,57,15386,36366
2023-10-26 14:58:35,55,56,15386,36366
2023-10-26 14:58:35,55,57,15386,36366
2023-10-26 14:58:35,55,56,15386,36366
2023-10-26 14:58:36,55,57,15386,36366
2023-10-26 14:58:37,55,56,15386,36366
2023-10-26 14:58:38,55,57,15386,36366
2023-10-26 14:58:41,56,57,15386,36366
2023-10-26 14:58:57,55,57,15386,36366
2023-10-26 14:58:57,55,56,15386,36366
2023-10-26 14:59:03,55,57,15386,36366
2023-10-26 14:59:04,56,57,15386,36366
2023-10-26 14:59:10,56,58,15386,36366
2023-10-26 14:59:13,56,57,15386,36366
2023-10-26 14:59:16,56,58,15386,36366
2023-10-26 14:59:16,57,58,15386,36366
2023-10-26 14:59:46,57,59,15386,36366
2023-10-26 14:59:46,58,59,15386,36366
2023-10-26 15:00:12,58,60,15386,36366
2023-10-26 15:00:12,59,60,15386,36366
2023-10-26 15:00:44,58,60,15386,36366
2023-10-26 15:00:44,58,59,15386,36366
2023-10-26 15:00:57,58,60,15386,36366
2023-10-26 15:00:57,58,59,15386,36366
2023-10-26 15:01:12,58,61,15386,36366
2023-10-26 15:01:12,58,60,15386,36366
2023-10-26 15:01:13,59,60,15386,36366
2023-10-26 15:01:40,60,61,15903,36883
2023-10-26 15:01:40,60,62,15903,36883
2023-10-26 15:01:41,59,62,15903,36883
2023-10-26 15:01:41,61,62,15903,36883
2023-10-26 15:01:52,62,63,15503,37654
2023-10-26 15:01:53,62,63,15503,37673
2023-10-26 15:01:54,62,63,15503,37686
2023-10-26 15:01:58,62,63,15503,37696
2023-10-26 15:02:02,62,63,14689,38980
2023-10-26 15:02:06,62,63,14689,39174
2023-10-26 15:02:16,63,64,14689,39671
2023-10-26 15:02:18,63,64,14689,39686
2023-10-26 15:02:30,63,64,14689,40716
2023-10-26 15:02:30,63,65,14689,40716
2023-10-26 15:02:37,63,65,14689,40917
2023-10-26 15:03:39,63,65,14689,40977
2023-10-26 15:03:43,63,65,14689,40995
2023-10-26 15:03:45,63,65,14689,41014
2023-10-26 15:03:46,63,65,14689,41030
2023-10-26 15:03:53,63,65,14689,41049
2023-10-26 15:03:55,63,65,14689,41126
2023-10-26 15:03:56,63,65,14689,41136
2023-10-26 15:03:58,63,65,14689,41267
2023-10-26 15:04:00,63,65,14689,41281
2023-10-26 15:04:02,63,65,14689,41300
2023-10-26 15:04:27,63,65,14689,41319
2023-10-26 15:04:29,63,65,14689,41331
2023-10-26 15:04:30,63,65,14689,41343
2023-10-26 15:04:32,63,65,14689,41354
2023-10-26 15:04:34,63,65,14689,41368
2023-10-26 15:04:36,63,65,14689,41386
2023-10-26 15:04:37,63,65,14689,41403
2023-10-26 15:04:39,63,65,14689,41413
2023-10-26 15:04:44,65,66,15288,42012
2023-10-26 15:04:44,64,66,15363,42087
2023-10-26 15:04:46,64,66,15363,42097
2023-10-26 15:04:47,64,66,15363,42116
2023-10-26 15:04:49,64,66,15363,42135
2023-10-26 15:04:59,64,66,15363,42147
2023-10-26 15:05:01,64,66,15363,42165
2023-10-26 15:05:03,64,66,15363,42184
2023-10-26 15:05:04,64,66,15363,42197
2023-10-26 15:05:06,64,66,15363,42215
2023-10-26 15:05:09,64,66,15363,42232
2023-10-26 15:05:11,64,66,15363,42247
2023-10-26 15:05:12,64,66,15363,42264
2023-10-26 15:05:14,64,66,15363,42278
2023-10-26 15:05:16,64,66,15363,42295
2023-10-26 15:05:21,64,66,15363,42309
2023-10-26 15:05:23,64,66,15363,42322
2023-10-26 15:05:44,63,66,15363,42411
2023-10-26 15:05:46,63,65,15363,42411
2023-10-26 15:05:51,63,65,15363,42424
2023-10-26 15:05:52,63,65,15363,42484
2023-10-26 15:05:53,62,65,15363,42484
2023-10-26 15:05:54,62,64,15363,42484
2023-10-26 15:05:55,62,63,15363,42484
2023-10-26 15:05:55,62,63,15363,42486
2023-10-26 15:05:56,62,64,15363,42486
2023-10-26 15:06:11,61,64,15363,42486
2023-10-26 15:06:20,62,64,15363,42486
2023-10-26 15:06:20,62,64,15363,42505
2023-10-26 15:06:21,61,64,15363,42505
2023-10-26 15:06:33,61,63,15363,42505
2023-10-26 15:06:38,61,63,15363,42555
2023-10-26 15:06:39,60,63,15363,42555
2023-10-26 15:07:05,61,63,15363,42555
2023-10-26 15:07:08,60,63,15363,42555
2023-10-26 15:07:20,61,63,15363,42555
2023-10-26 15:07:29,61,63,15363,42671
2023-10-26 15:07:29,63,64,15563,42871
2023-10-26 15:07:30,61,63,15734,43042
2023-10-26 15:07:35,60,63,15734,43042
2023-10-26 15:07:43,60,63,15734,43102
2023-10-26 15:07:44,60,63,15734,43115
2023-10-26 15:07:46,60,63,15734,43130
2023-10-26 15:07:48,60,63,15734,43146
2023-10-26 15:07:49,60,63,15734,43156
2023-10-26 15:07:51,60,63,15734,43168
2023-10-26 15:07:53,60,63,15734,43179
2023-10-26 15:07:55,60,63,15734,43195
2023-10-26 15:07:57,60,63,15734,43266
2023-10-26 15:07:57,60,62,15734,43266
2023-10-26 15:07:58,60,62,15734,43281
2023-10-26 15:08:01,60,63,15734,43281
2023-10-26 15:08:02,61,63,15734,43281
2023-10-26 15:08:11,60,63,15734,43281
2023-10-26 15:08:20,60,63,15734,43300
2023-10-26 15:08:21,60,63,15734,43319
2023-10-26 15:08:27,60,63,15734,43335
2023-10-26 15:08:58,60,63,15734,43347
2023-10-26 15:09:05,60,63,15734,43365
2023-10-26 15:09:38,60,62,15734,43365
2023-10-26 15:09:39,60,61,15734,43365
2023-10-26 15:09:39,60,61,15734,43425
2023-10-26 15:09:39,59,61,15717,43442
2023-10-26 15:09:40,58,61,15717,43442
2023-10-26 15:09:40,58,60,15717,43442
2023-10-26 15:09:56,58,61,15717,43442
2023-10-26 15:10:01,59,61,15717,43442
2023-10-26 15:10:01,59,61,15717,43454
2023-10-26 15:10:09,58,61,15717,43454
2023-10-26 15:10:21,58,60,15717,43454
2023-10-26 15:10:21,57,59,15717,43454
2023-10-26 15:10:21,56,59,15717,43454
2023-10-26 15:10:24,56,59,15467,43704
2023-10-26 15:10:25,56,58,15467,43704
2023-10-26 15:10:31,55,58,15467,43704
2023-10-26 15:10:38,55,57,15467,43704
2023-10-26 15:10:38,55,56,15467,43704
2023-10-26 15:10:39,54,56,15467,43704
2023-10-26 15:10:39,54,55,15467,43704
2023-10-26 15:10:40,52,55,15467,43704
2023-10-26 15:10:40,50,55,15542,43904
2023-10-26 15:10:40,50,54,15542,43904
2023-10-26 15:10:40,50,53,15542,43904
2023-10-26 15:10:41,50,52,15542,43904
2023-10-26 15:10:41,51,52,15542,43904
2023-10-26 15:10:41,51,52,15542,43906
2023-10-26 15:10:41,51,52,15542,43908
2023-10-26 15:10:48,51,53,15542,43908
2023-10-26 15:10:50,51,54,15542,43908
2023-10-26 15:10:50,51,52,15542,43908
2023-10-26 15:10:51,50,52,15542,43908
2023-10-26 15:10:53,50,51,15542,43908
2023-10-26 15:10:54,49,51,15538,43912
2023-10-26 15:11:00,50,51,15538,43912
2023-10-26 15:11:00,50,52,15538,43912
2023-10-26 15:11:04,49,52,15538,43912
2023-10-26 15:11:04,49,51,15538,43912
2023-10-26 15:11:08,49,50,15538,43912
2023-10-26 15:11:17,48,50,15538,43912
2023-10-26 15:11:17,48,49,15538,43912
2023-10-26 15:11:17,46,49,15538,43912
2023-10-26 15:11:17,46,48,15538,43912
2023-10-26 15:11:19,46,47,15538,43912
2023-10-26 15:11:21,45,47,15338,44112
2023-10-26 15:11:23,45,47,15169,44362
2023-10-26 15:11:26,45,46,15169,44362
2023-10-26 15:11:27,45,46,14919,44612
2023-10-26 15:11:27,44,46,14919,44612
2023-10-26 15:11:28,44,45,14919,44612
2023-10-26 15:11:28,45,46,14919,44614
2023-10-26 15:11:33,46,48,14919,44616
2023-10-26 15:11:35,47,48,14919,44616
2023-10-26 15:11:35,47,50,14919,44616
2023-10-26 15:11:39,47,49,14919,44616
2023-10-26 15:11:42,45,49,14919,44616
2023-10-26 15:11:42,46,49,14919,44616
2023-10-26 15:11:47,47,49,14919,44616
2023-10-26 15:11:50,47,49,14919,44617
2023-10-26 15:11:59,45,49,14919,44617
2023-10-26 15:11:59,46,49,14919,44617
2023-10-26 15:12:02,47,49,14919,44617
2023-10-26 15:12:06,45,49,14919,44617
2023-10-26 15:12:06,46,49,14919,44617
2023-10-26 15:12:07,46,48,14919,44617
2023-10-26 15:12:07,45,48,14919,44617
2023-10-26 15:12:09,45,47,14919,44617
2023-10-26 15:12:10,45,46,14919,44617
2023-10-26 15:12:10,43,45,14915,44621
2023-10-26 15:12:14,44,45,14915,44621
2023-10-26 15:12:16,44,46,14915,44621
2023-10-26 15:12:22,43,46,14915,44621
2023-10-26 15:12:22,43,45,14915,44621
2023-10-26 15:12:27,44,45,14915,44621
2023-10-26 15:12:27,43,45,14915,44621
2023-10-26 15:12:28,43,46,14915,44621
2023-10-26 15:12:28,44,46,14915,44621
2023-10-26 15:12:31,44,47,14915,44621
2023-10-26 15:12:34,44,46,14915,44621
2023-10-26 15:12:35,45,46,14915,44621
2023-10-26 15:12:35,43,46,14915,44621
2023-10-26 15:12:35,44,46,14915,44621
2023-10-26 15:12:47,45,46,14915,44621
2023-10-26 15:12:51,43,46,14915,44621
2023-10-26 15:12:51,44,46,14915,44621
2023-10-26 15:12:59,46,47,14915,44696
2023-10-26 15:12:59,46,48,14915,44696
2023-10-26 15:12:59,46,49,14915,44696
2023-10-26 15:13:00,46,50,14915,44696
2023-10-26 15:13:01,47,50,14915,44696
2023-10-26 15:13:04,47,49,14915,44696
2023-10-26 15:13:05,46,49,14915,44696
2023-10-26 15:13:05,46,49,15163,45096
2023-10-26 15:13:06,47,49,15163,45096
2023-10-26 15:13:06,47,50,15163,45096
2023-10-26 15:13:06,47,49,15163,45096
2023-10-26 15:13:06,46,49,15163,45096
2023-10-26 15:13:08,47,49,15163,45096
2023-10-26 15:13:12,47,50,15163,45096
2023-10-26 15:13:15,47,49,15163,45096
2023-10-26 15:13:17,46,49,15163,45096
2023-10-26 15:13:19,46,48,15163,45096
2023-10-26 15:13:20,44,48,15163,45096
2023-10-26 15:13:20,45,48,15163,45096
2023-10-26 15:13:28,45,47,15163,45096
2023-10-26 15:13:28,43,47,15163,45096
2023-10-26 15:13:28,44,47,15163,45096
2023-10-26 15:13:32,45,47,15163,45096
2023-10-26 15:13:35,45,48,15163,45096
2023-10-26 15:13:40,46,48,15163,45096
2023-10-26 15:13:41,44,48,15163,45096
2023-10-26 15:13:41,45,48,15163,45096
2023-10-26 15:13:43,45,47,15163,45096
2023-10-26 15:13:43,43,47,15163,45096
2023-10-26 15:13:43,44,47,15163,45096
2023-10-26 15:13:44,44,46,15163,45096
2023-10-26 15:13:44,43,46,15163,45096
2023-10-26 15:13:45,43,45,15163,45096
2023-10-26 15:13:53,44,45,15163,45096
2023-10-26 15:13:54,43,45,15163,45096
2023-10-26 15:14:24,44,45,15163,45096
2023-10-26 15:14:25,43,45,15163,45096
2023-10-26 15:14:26,41,45,15163,45096
2023-10-26 15:14:26,41,43,15163,45096
2023-10-26 15:14:30,42,43,15163,45096
2023-10-26 15:14:34,42,44,15163,45096
2023-10-26 15:14:34,42,45,15163,45096
2023-10-26 15:14:35,42,44,15163,45096
2023-10-26 15:14:41,42,45,15163,45096
2023-10-26 15:14:41,43,45,15163,45096
2023-10-26 15:14:45,43,46,15163,45096
2023-10-26 15:14:49,44,46,15163,45096
2023-10-26 15:14:53,42,46,15163,45096
2023-10-26 15:14:53,43,46,15163,45096
2023-10-26 15:14:54,43,45,15163,45096
2023-10-26 15:14:56,42,45,15163,45096
2023-10-26 15:14:58,43,45,15163,45096
2023-10-26 15:15:01,43,44,15163,45096
2023-10-26 15:15:01,41,44,15163,45096
2023-10-26 15:15:01,42,44,15163,45096
2023-10-26 15:15:03,41,44,15163,45096
2023-10-26 15:15:05,42,44,15163,45096
2023-10-26 15:15:08,42,43,15163,45096
2023-10-26 15:15:08,42,43,14913,45346
2023-10-26 15:15:08,41,43,14913,45346
2023-10-26 15:15:15,41,43,14913,45546
2023-10-26 15:15:15,41,42,14913,45546
2023-10-26 15:15:15,39,42,14913,45546
2023-10-26 15:15:16,39,41,14913,45546
2023-10-26 15:15:16,38,41,14713,45746
2023-10-26 15:15:17,38,40,14713,45746
2023-10-26 15:15:17,38,39,14713,45746
2023-10-26 15:15:18,38,39,14713,45748
2023-10-26 15:15:18,38,40,14713,45748
2023-10-26 15:15:18,38,41,14713,45748
2023-10-26 15:15:21,38,40,14713,45748
2023-10-26 15:15:23,38,41,14713,45748
2023-10-26 15:15:24,39,41,14713,45748
2023-10-26 15:15:24,38,41,14713,45748
2023-10-26 15:15:25,39,41,14713,45748
2023-10-26 15:15:26,38,41,14713,45748
2023-10-26 15:15:27,38,40,14713,45748
2023-10-26 15:15:30,37,40,14713,45748
2023-10-26 15:15:32,37,40,14713,45748
2023-10-26 15:15:33,38,40,14713,45748
2023-10-26 15:15:33,38,41,14713,45748
2023-10-26 15:15:37,39,41,14713,45748
2023-10-26 15:15:43,39,42,14713,45748
2023-10-26 15:15:51,39,41,14713,45748
2023-10-26 15:15:52,39,42,14713,45748
2023-10-26 15:15:52,39,41,14713,45748
2023-10-26 15:15:53,39,42,14713,45748
2023-10-26 15:15:54,39,41,14713,45748
2023-10-26 15:15:55,40,41,14713,45748
2023-10-26 15:15:55,40,42,14713,45748
2023-10-26 15:15:55,40,42,14713,45750
2023-10-26 15:15:58,40,43,14713,45750
2023-10-26 15:15:59,40,44,14713,45750
2023-10-26 15:15:59,42,44,14713,45750
2023-10-26 15:15:59,42,45,14713,45750
2023-10-26 15:16:00,43,45,14713,45750
2023-10-26 15:16:00,43,46,14713,45750
2023-10-26 15:16:00,44,46,14713,45750
2023-10-26 15:16:00,45,46,14713,45750
2023-10-26 15:16:01,45,47,14713,45750
2023-10-26 15:16:01,46,47,14713,45750
2023-10-26 15:16:01,46,47,14713,45752
2023-10-26 15:16:02,46,47,14713,45754
2023-10-26 15:16:02,46,47,14713,45756
2023-10-26 15:16:04,45,46,14715,45758
2023-10-26 15:16:07,42,45,14717,45760
2023-10-26 15:16:09,43,45,14717,45760
2023-10-26 15:16:10,42,45,14717,45760
2023-10-26 15:16:13,42,46,14717,45760
2023-10-26 15:16:13,42,44,14717,45760
2023-10-26 15:16:14,42,44,14707,45770
2023-10-26 15:16:24,42,43,14707,45770
2023-10-26 15:16:25,41,43,14707,45770
2023-10-26 15:16:25,40,43,14707,45770
2023-10-26 15:16:25,41,43,14707,45770
2023-10-26 15:16:29,41,45,14707,45770
2023-10-26 15:16:29,41,44,14707,45770
2023-10-26 15:16:31,41,43,14707,45770
2023-10-26 15:16:36,40,43,14707,45770
2023-10-26 15:16:40,40,42,14707,45770
2023-10-26 15:16:41,39,42,14707,45770
2023-10-26 15:16:42,40,42,14707,45770
2023-10-26 15:16:44,40,43,14707,45770
2023-10-26 15:16:48,41,43,14707,45770
2023-10-26 15:16:51,42,43,14707,45770
2023-10-26 15:16:51,42,44,14707,45770
2023-10-26 15:16:51,42,45,14707,45770
2023-10-26 15:16:55,42,44,14707,45770
2023-10-26 15:17:02,43,44,14707,45770
2023-10-26 15:17:02,43,45,14707,45770
2023-10-26 15:17:02,43,46,14707,45770
2023-10-26 15:17:02,43,45,14707,45770
2023-10-26 15:17:03,42,45,14707,45770
2023-10-26 15:17:04,43,45,14707,45770
2023-10-26 15:17:04,43,46,14707,45770
2023-10-26 15:17:09,44,46,14707,45770
2023-10-26 15:17:09,44,47,14707,45770
2023-10-26 15:17:12,44,46,14707,45770
2023-10-26 15:17:29,43,46,14707,45770
2023-10-26 15:17:31,42,46,14707,45770
2023-10-26 15:17:31,42,45,14707,45770
2023-10-26 15:17:35,42,44,14707,45770
2023-10-26 15:17:46,42,45,14707,45770
2023-10-26 15:17:50,43,45,14707,45770
2023-10-26 15:17:51,43,44,14707,45770
2023-10-26 15:17:53,43,45,14707,45770
2023-10-26 15:17:55,43,46,14707,45770
2023-10-26 15:17:55,43,47,14707,45770
2023-10-26 15:17:55,43,46,14707,45770
2023-10-26 15:17:56,45,46,14707,45770
2023-10-26 15:17:56,45,47,14707,45770
2023-10-26 15:17:58,45,48,14707,45770
2023-10-26 15:18:00,46,48,14707,45770
2023-10-26 15:18:02,47,48,14707,45770
2023-10-26 15:18:02,47,49,14707,45770
2023-10-26 15:18:02,48,49,14707,45770
2023-10-26 15:18:06,47,48,14711,45774
2023-10-26 15:18:06,47,48,14713,45776
2023-10-26 15:18:08,46,48,14713,45776
2023-10-26 15:18:10,45,48,14713,45776
2023-10-26 15:18:10,45,47,14713,45776
2023-10-26 15:18:21,45,46,14713,45776
2023-10-26 15:18:24,45,48,14713,45776
2023-10-26 15:18:24,45,47,14713,45776
2023-10-26 15:18:30,46,47,14713,45776
2023-10-26 15:18:33,46,49,14713,45776
2023-10-26 15:18:34,46,48,14713,45776
2023-10-26 15:18:34,45,48,14713,45776
2023-10-26 15:18:34,45,47,14713,45776
2023-10-26 15:18:38,46,47,14713,45776
2023-10-26 15:18:38,46,49,14713,45776
2023-10-26 15:18:38,46,48,14713,45776
2023-10-26 15:18:44,45,48,14713,45776
2023-10-26 15:18:46,46,48,14713,45776
2023-10-26 15:18:47,46,49,14713,45776
2023-10-26 15:18:47,46,48,14713,45776
2023-10-26 15:18:49,45,48,14713,45776
2023-10-26 15:18:49,46,47,14713,45776
2023-10-26 15:18:49,46,48,14713,45776
2023-10-26 15:18:49,45,48,14713,45776
2023-10-26 15:18:50,45,48,14713,45776
2023-10-26 15:18:50,46,48,14713,45776
2023-10-26 15:18:57,46,47,14713,45776
2023-10-26 15:19:07,45,49,14713,45776
2023-10-26 15:19:07,45,48,14713,45776
2023-10-26 15:19:08,46,48,14713,45776
2023-10-26 15:19:14,47,48,14713,45776
2023-10-26 15:19:14,47,49,14713,45776
2023-10-26 15:19:23,47,50,14713,45776
2023-10-26 15:19:23,47,49,14713,45776
2023-10-26 15:19:24,47,50,14713,45776
2023-10-26 15:19:24,47,49,14713,45776
2023-10-26 15:19:26,46,49,14713,45776
2023-10-26 15:19:26,46,48,14713,45776
2023-10-26 15:19:29,45,48,14713,45776
2023-10-26 15:19:30,45,47,14713,45776
2023-10-26 15:19:34,45,46,14713,45776
2023-10-26 15:19:35,45,46,14707,45782
2023-10-26 15:19:35,45,48,14707,45782
2023-10-26 15:19:35,45,47,14707,45782
2023-10-26 15:19:36,45,48,14707,45782
2023-10-26 15:19:36,45,46,14707,45782
2023-10-26 15:19:39,44,46,14707,45782
2023-10-26 15:19:39,44,45,14707,45782
2023-10-26 15:19:40,43,45,14707,45782
2023-10-26 15:19:40,42,44,14707,45782
2023-10-26 15:19:47,41,44,14707,45782
2023-10-26 15:19:51,42,44,14707,45782
2023-10-26 15:19:51,41,44,14707,45782
2023-10-26 15:19:52,42,44,14707,45782
2023-10-26 15:19:53,41,44,14707,45782
2023-10-26 15:19:53,42,44,14707,45782
2023-10-26 15:20:02,41,44,14707,45782
2023-10-26 15:20:02,41,45,14707,45782
2023-10-26 15:20:02,41,44,14707,45782
2023-10-26 15:20:02,42,44,14707,45782
2023-10-26 15:20:02,42,43,14707,45782
2023-10-26 15:20:03,40,43,14707,45782
2023-10-26 15:20:03,40,42,14707,45782
2023-10-26 15:20:04,41,42,14707,45782
2023-10-26 15:20:04,40,42,14707,45782
2023-10-26 15:20:05,41,42,14707,45782
2023-10-26 15:20:10,41,43,14707,45782
2023-10-26 15:20:11,42,43,14707,45782
2023-10-26 15:20:11,42,45,14707,45782
2023-10-26 15:20:11,42,44,14707,45782
2023-10-26 15:20:13,42,46,14707,45782
2023-10-26 15:20:13,42,45,14707,45782
2023-10-26 15:20:15,42,44,14707,45782
2023-10-26 15:20:19,42,46,14707,45782
2023-10-26 15:20:19,42,45,14707,45782
2023-10-26 15:20:23,43,45,14707,45782
2023-10-26 15:20:23,43,46,14707,45782
2023-10-26 15:20:23,43,47,14707,45782
