datetime,bid,ask,open_interest,volume
2023-10-26 09:30:04,2,28,5,5
2023-10-26 09:30:31,17,28,5,5
2023-10-26 09:30:43,2,28,5,5
2023-10-26 09:30:43,18,28,5,5
2023-10-26 09:31:00,18,26,5,5
2023-10-26 09:31:00,22,25,5,5
2023-10-26 09:31:05,22,26,5,5
2023-10-26 09:31:05,23,26,5,5
2023-10-26 09:31:12,23,26,5,5
2023-10-26 09:31:12,23,25,5,5
2023-10-26 09:31:15,23,25,250,255
2023-10-26 09:31:26,23,26,450,455
2023-10-26 09:31:41,23,25,450,455
2023-10-26 09:31:42,23,26,650,655
2023-10-26 09:32:11,23,25,650,655
2023-10-26 09:33:26,22,25,650,1055
2023-10-26 09:33:34,23,25,650,1055
2023-10-26 09:33:35,22,25,650,1055
2023-10-26 09:33:41,23,25,650,1055
2023-10-26 09:34:02,22,25,650,1255
2023-10-26 09:34:26,23,25,650,1255
2023-10-26 09:35:52,24,25,650,1255
2023-10-26 09:36:03,23,25,750,1355
2023-10-26 09:38:31,22,25,750,1355
2023-10-26 09:38:32,23,25,750,1355
2023-10-26 09:38:32,22,25,750,1355
2023-10-26 09:38:33,22,24,750,1355
2023-10-26 09:38:33,22,25,750,1355
2023-10-26 09:38:33,23,25,750,1355
2023-10-26 09:38:33,22,25,750,1355
2023-10-26 09:38:34,22,24,750,1355
2023-10-26 09:38:34,23,24,750,1355
2023-10-26 09:38:34,22,24,750,1355
2023-10-26 09:38:34,22,23,750,1355
2023-10-26 09:38:38,22,25,996,1601
2023-10-26 09:38:38,22,24,996,1601
2023-10-26 09:38:46,22,25,1240,1845
2023-10-26 09:38:46,23,25,1240,1845
2023-10-26 09:38:59,22,25,1240,1845
2023-10-26 09:39:01,23,25,1240,1845
2023-10-26 09:39:02,22,25,1240,1845
2023-10-26 09:39:02,22,24,1240,1845
2023-10-26 09:39:11,22,24,1490,2095
2023-10-26 09:39:11,23,24,1490,2095
2023-10-26 09:39:12,22,24,1490,2095
2023-10-26 09:39:26,22,23,1490,2095
2023-10-26 09:39:31,22,23,1490,2126
2023-10-26 09:39:32,22,24,1544,2180
2023-10-26 09:39:52,21,24,1544,2180
2023-10-26 09:39:52,22,24,1544,2180
2023-10-26 09:39:56,22,23,1544,2180
2023-10-26 09:40:05,22,24,1544,2180
2023-10-26 09:40:14,23,24,1544,2180
2023-10-26 09:40:40,23,25,1544,2180
2023-10-26 09:40:40,23,24,1544,2180
2023-10-26 09:41:03,22,24,1544,2180
2023-10-26 09:41:03,23,24,1544,2180
2023-10-26 09:41:51,22,24,1544,2180
2023-10-26 09:41:52,23,24,1544,2180
2023-10-26 09:42:04,23,25,1544,2180
2023-10-26 09:42:10,23,24,1544,2180
2023-10-26 09:42:14,23,25,1544,2180
2023-10-26 09:42:19,24,25,1544,2180
2023-10-26 09:42:24,23,25,1544,2180
2023-10-26 09:42:26,24,25,1544,2180
2023-10-26 09:45:00,24,25,1576,2212
2023-10-26 09:45:43,24,26,2776,3412
2023-10-26 09:45:54,24,26,2826,3462
2023-10-26 09:45:56,24,26,2844,3480
2023-10-26 09:45:57,24,26,2894,3530
2023-10-26 09:45:59,24,26,2944,3580
2023-10-26 09:46:01,24,26,2944,3630
2023-10-26 09:46:01,24,25,2944,3630
2023-10-26 09:46:03,24,25,2944,3640
2023-10-26 09:46:05,24,25,2944,3659
2023-10-26 09:46:12,24,26,2944,3659
2023-10-26 09:46:12,24,25,2944,3659
2023-10-26 09:46:13,24,25,2944,3673
2023-10-26 09:46:17,24,25,2944,3690
2023-10-26 09:46:20,24,25,2944,3702
2023-10-26 09:46:23,24,26,2944,3702
2023-10-26 09:46:46,24,25,2944,3702
2023-10-26 09:47:03,24,25,2944,3717
2023-10-26 09:47:05,24,25,2944,3728
2023-10-26 09:47:07,24,25,2944,3739
2023-10-26 09:47:09,24,25,2944,3752
2023-10-26 09:47:11,24,25,2944,3799
2023-10-26 09:47:25,24,25,2944,3810
2023-10-26 09:47:41,24,25,2944,3837
2023-10-26 09:47:43,24,25,2944,3848
2023-10-26 09:47:45,24,25,2944,3919
2023-10-26 09:47:47,24,25,2944,3941
2023-10-26 09:47:49,24,25,2944,3952
2023-10-26 09:48:01,24,25,2944,3999
2023-10-26 09:48:10,24,25,2944,4010
2023-10-26 09:48:12,23,25,2944,4040
2023-10-26 09:48:14,23,24,2944,4040
2023-10-26 09:48:23,22,24,2944,4040
2023-10-26 09:48:42,22,24,2944,4160
2023-10-26 09:48:43,21,24,2944,4160
2023-10-26 09:48:45,22,24,2944,4160
2023-10-26 09:49:00,22,23,2944,4160
2023-10-26 09:49:00,21,23,2944,4160
2023-10-26 09:49:07,22,23,2944,4160
2023-10-26 09:49:07,22,24,2944,4160
2023-10-26 09:49:07,22,24,2944,4260
2023-10-26 09:49:09,21,24,2944,4260
2023-10-26 09:49:09,21,23,2944,4260
2023-10-26 09:49:19,22,23,2944,4260
2023-10-26 09:49:19,22,23,2944,4320
2023-10-26 09:49:19,21,23,2944,4320
2023-10-26 09:49:32,22,23,2944,4320
2023-10-26 09:49:40,21,23,2944,4320
2023-10-26 09:49:42,22,23,2944,4320
2023-10-26 09:50:01,21,23,2944,4320
2023-10-26 09:50:02,22,23,2944,4320
2023-10-26 09:50:06,21,23,2944,4320
2023-10-26 09:50:34,21,22,2944,4320
2023-10-26 09:50:39,21,22,2944,4347
2023-10-26 09:50:39,21,23,2944,4347
2023-10-26 09:50:40,21,22,2944,4347
2023-10-26 09:50:41,21,22,2944,4373
2023-10-26 09:50:42,21,23,2944,4373
2023-10-26 09:50:42,21,22,2944,4373
2023-10-26 09:50:43,21,22,2944,4445
2023-10-26 09:50:47,21,23,2944,4445
2023-10-26 09:50:48,21,22,2944,4445
2023-10-26 09:51:18,21,22,2944,4458
2023-10-26 09:51:20,21,22,2944,4471
2023-10-26 09:51:32,21,22,2944,4495
2023-10-26 09:51:32,20,22,2944,4495
2023-10-26 09:51:32,20,21,2944,4495
2023-10-26 09:51:34,20,22,2944,4495
2023-10-26 09:51:35,20,21,2944,4495
2023-10-26 09:51:53,20,22,2944,4495
2023-10-26 09:51:54,20,21,2944,4495
2023-10-26 09:51:54,20,22,2944,4495
2023-10-26 09:51:56,20,21,2944,4495
2023-10-26 09:52:02,20,22,2944,4495
2023-10-26 09:52:02,20,21,2944,4495
2023-10-26 09:52:03,20,22,2944,4495
2023-10-26 09:52:18,21,22,2944,4495
2023-10-26 09:52:32,21,23,2944,4495
2023-10-26 09:52:32,21,23,2944,4513
2023-10-26 09:52:35,22,23,2944,4513
2023-10-26 09:52:44,21,23,2944,4513
2023-10-26 09:52:46,22,23,2944,4513
2023-10-26 09:52:46,21,23,2944,4513
2023-10-26 09:53:02,21,22,2944,4513
2023-10-26 09:53:08,20,22,2944,4513
2023-10-26 09:53:19,20,21,2944,4513
2023-10-26 09:53:59,20,21,2944,4516
2023-10-26 09:54:01,20,21,2944,4640
2023-10-26 09:54:33,20,21,2944,4890
2023-10-26 09:54:43,20,22,2944,4890
2023-10-26 09:55:16,21,22,2944,4890
2023-10-26 09:55:36,20,22,2944,4890
2023-10-26 09:57:10,20,21,2944,4890
2023-10-26 09:57:45,19,21,2944,4890
2023-10-26 09:57:45,19,20,2944,4890
2023-10-26 09:58:01,19,21,2944,4890
2023-10-26 09:58:05,19,20,2944,4890
2023-10-26 09:58:07,19,21,2944,4890
2023-10-26 09:58:40,19,20,2944,4890
2023-10-26 09:58:41,19,21,2944,4890
2023-10-26 09:58:41,19,20,2944,4890
2023-10-26 09:58:45,19,21,2944,4890
2023-10-26 09:58:45,19,20,2944,4890
2023-10-26 09:58:46,19,21,2944,4890
2023-10-26 09:58:46,19,20,2944,4890
2023-10-26 09:58:47,19,21,2944,4890
2023-10-26 09:58:47,19,20,2944,4890
2023-10-26 09:58:48,19,20,2944,4903
2023-10-26 09:58:50,19,20,3050,5014
2023-10-26 09:59:59,19,21,3050,5014
2023-10-26 10:01:03,19,20,3050,5014
2023-10-26 10:01:15,19,21,3050,5014
2023-10-26 10:01:19,19,20,3050,5014
2023-10-26 10:01:25,19,21,3050,5014
2023-10-26 10:01:31,19,20,3050,5014
2023-10-26 10:01:56,18,20,3050,5014
2023-10-26 10:01:56,18,19,3050,5014
2023-10-26 10:02:27,18,19,3185,5149
2023-10-26 10:02:28,17,19,3185,5149
2023-10-26 10:02:28,17,18,3185,5149
2023-10-26 10:02:40,17,19,3185,5149
2023-10-26 10:02:42,17,18,3185,5149
2023-10-26 10:02:45,17,19,3185,5149
2023-10-26 10:02:59,18,19,3185,5149
2023-10-26 10:03:12,17,19,3185,5149
2023-10-26 10:03:14,18,19,3185,5149
2023-10-26 10:03:16,17,19,3185,5149
2023-10-26 10:03:17,18,19,3185,5149
2023-10-26 10:03:21,17,19,3185,5149
2023-10-26 10:03:25,18,19,3185,5149
2023-10-26 10:04:08,18,21,3298,5262
2023-10-26 10:04:10,19,21,3298,5262
2023-10-26 10:04:17,20,21,3298,5262
2023-10-26 10:04:21,19,21,3298,5262
2023-10-26 10:04:21,20,21,3298,5262
2023-10-26 10:04:22,19,21,3298,5262
2023-10-26 10:04:38,19,20,3298,5262
2023-10-26 10:04:45,18,20,3298,5262
2023-10-26 10:04:57,18,19,3298,5262
2023-10-26 10:05:01,17,19,3298,5262
2023-10-26 10:05:04,17,18,3298,5262
2023-10-26 10:05:24,17,19,3298,5262
2023-10-26 10:05:27,17,18,3298,5262
2023-10-26 10:05:32,17,19,3298,5262
2023-10-26 10:05:42,17,20,3298,5262
2023-10-26 10:05:43,18,20,3298,5262
2023-10-26 10:06:20,18,21,3298,5262
2023-10-26 10:06:24,19,21,3298,5262
2023-10-26 10:06:36,18,21,3298,5262
2023-10-26 10:06:39,18,20,3298,5262
2023-10-26 10:07:12,18,21,3298,5262
2023-10-26 10:07:12,18,20,3298,5262
2023-10-26 10:07:22,18,21,3298,5262
2023-10-26 10:07:22,18,20,3298,5262
2023-10-26 10:07:31,18,21,3298,5262
2023-10-26 10:07:32,18,20,3298,5262
2023-10-26 10:07:35,19,20,3298,5262
2023-10-26 10:07:36,19,21,3298,5262
2023-10-26 10:07:40,19,20,3298,5262
2023-10-26 10:07:43,18,20,3298,5262
2023-10-26 10:07:45,18,21,3298,5262
2023-10-26 10:07:45,19,21,3298,5262
2023-10-26 10:08:04,19,20,3298,5262
2023-10-26 10:08:07,19,21,3298,5262
2023-10-26 10:08:09,19,20,3298,5262
2023-10-26 10:08:11,18,20,3298,5262
2023-10-26 10:08:58,18,19,3298,5262
2023-10-26 10:09:06,17,19,3298,5262
2023-10-26 10:09:11,17,18,3298,5262
2023-10-26 10:09:16,17,19,3298,5262
2023-10-26 10:09:23,17,18,3298,5262
2023-10-26 10:09:38,17,19,3298,5262
2023-10-26 10:09:38,17,18,3298,5262
2023-10-26 10:09:41,17,19,3298,5262
2023-10-26 10:09:49,17,18,3298,5262
2023-10-26 10:10:00,17,18,3326,5290
2023-10-26 10:10:17,17,19,3326,5290
2023-10-26 10:10:30,18,19,3326,5290
2023-10-26 10:10:33,18,20,3326,5290
2023-10-26 10:10:44,18,19,3326,5290
2023-10-26 10:11:01,17,19,3326,5290
2023-10-26 10:11:07,18,19,3326,5290
2023-10-26 10:11:25,17,19,3326,5290
2023-10-26 10:11:39,17,18,3326,5290
2023-10-26 10:11:57,17,19,3326,5290
2023-10-26 10:11:58,17,18,3326,5290
2023-10-26 10:12:06,17,19,3326,5290
2023-10-26 10:12:09,17,18,3326,5290
2023-10-26 10:12:10,17,19,3326,5290
2023-10-26 10:12:28,17,18,3326,5290
2023-10-26 10:12:29,17,19,3326,5290
2023-10-26 10:12:30,17,18,3326,5290
2023-10-26 10:12:30,17,19,3326,5290
2023-10-26 10:12:32,17,18,3326,5290
2023-10-26 10:12:55,16,18,3326,5290
2023-10-26 10:12:55,16,17,3326,5290
2023-10-26 10:13:10,16,17,3336,5300
2023-10-26 10:13:12,16,17,3363,5327
2023-10-26 10:13:22,16,18,3528,5492
2023-10-26 10:13:22,16,17,3528,5492
2023-10-26 10:13:32,16,18,3528,5492
2023-10-26 10:13:33,16,17,3528,5492
2023-10-26 10:13:34,16,18,3528,5492
2023-10-26 10:13:35,17,18,3528,5492
2023-10-26 10:13:35,16,17,3613,5577
2023-10-26 10:13:38,16,18,3613,5577
2023-10-26 10:13:53,17,18,3613,5577
2023-10-26 10:13:55,16,18,3613,5577
2023-10-26 10:13:57,17,18,3613,5577
2023-10-26 10:13:58,16,18,3613,5577
2023-10-26 10:13:59,17,18,3613,5577
2023-10-26 10:14:02,16,18,3613,5577
2023-10-26 10:14:03,17,18,3613,5577
2023-10-26 10:14:03,16,18,3613,5577
2023-10-26 10:14:25,16,17,3613,5577
2023-10-26 10:14:54,16,18,3613,5577
2023-10-26 10:15:21,17,18,3613,5577
2023-10-26 10:15:22,17,19,3613,5577
2023-10-26 10:15:45,18,19,3613,5577
2023-10-26 10:15:47,17,19,3613,5577
2023-10-26 10:15:48,18,19,3613,5577
2023-10-26 10:15:49,17,19,3613,5577
2023-10-26 10:15:54,18,19,3613,5577
2023-10-26 10:16:05,18,19,3613,5577
2023-10-26 10:16:15,18,20,3613,5577
2023-10-26 10:16:16,18,19,3613,5577
2023-10-26 10:16:21,17,19,3613,5577
2023-10-26 10:16:27,16,19,3613,5577
2023-10-26 10:16:28,16,18,3613,5577
2023-10-26 10:16:29,17,18,3613,5577
2023-10-26 10:16:29,17,19,3613,5577
2023-10-26 10:16:34,17,18,3613,5577
2023-10-26 10:16:35,16,18,3613,5577
2023-10-26 10:16:53,16,17,3613,5577
2023-10-26 10:17:04,16,18,3613,5577
2023-10-26 10:17:05,16,17,3613,5577
2023-10-26 10:17:06,16,18,3613,5577
2023-10-26 10:17:32,16,19,3613,5577
2023-10-26 10:17:33,16,18,3613,5577
2023-10-26 10:17:50,16,17,3613,5577
2023-10-26 10:17:58,16,18,3613,5577
2023-10-26 10:17:58,16,17,3613,5577
2023-10-26 10:17:59,16,18,3613,5577
2023-10-26 10:17:59,16,17,3613,5577
2023-10-26 10:18:06,16,18,3613,5577
2023-10-26 10:18:10,16,17,3613,5577
2023-10-26 10:18:13,16,18,3613,5577
2023-10-26 10:18:13,16,17,3613,5577
2023-10-26 10:18:13,16,18,3613,5577
2023-10-26 10:18:14,16,17,3613,5577
2023-10-26 10:18:16,16,18,3613,5577
2023-10-26 10:18:18,16,19,3613,5577
2023-10-26 10:18:24,17,19,3613,5577
2023-10-26 10:18:35,17,18,3613,5577
2023-10-26 10:18:35,16,18,3613,5577
2023-10-26 10:18:37,16,17,3613,5577
2023-10-26 10:18:42,16,19,3733,5697
2023-10-26 10:18:43,17,19,3733,5697
2023-10-26 10:18:49,16,19,3733,5697
2023-10-26 10:18:52,17,19,3733,5697
2023-10-26 10:19:00,17,19,3733,5733
2023-10-26 10:19:04,17,18,3733,5733
2023-10-26 10:19:04,16,18,3733,5733
2023-10-26 10:19:39,16,17,3733,5733
2023-10-26 10:19:59,16,17,3763,5763
2023-10-26 10:20:34,16,18,3768,5768
2023-10-26 10:20:36,16,19,3768,5768
2023-10-26 10:20:37,17,19,3768,5768
2023-10-26 10:20:38,16,19,3768,5768
2023-10-26 10:20:38,17,19,3768,5768
2023-10-26 10:20:39,16,19,3768,5768
2023-10-26 10:20:39,17,19,3768,5768
2023-10-26 10:20:54,16,19,3768,5768
2023-10-26 10:20:55,16,18,3768,5768
2023-10-26 10:21:09,16,17,3768,5768
2023-10-26 10:21:10,16,18,3768,5768
2023-10-26 10:21:10,16,17,3768,5768
2023-10-26 10:21:11,16,18,3768,5768
2023-10-26 10:21:11,16,17,3768,5768
2023-10-26 10:21:27,16,17,3794,5794
2023-10-26 10:21:31,15,17,3938,5938
2023-10-26 10:21:31,15,16,3938,5938
2023-10-26 10:21:36,15,17,3938,5938
2023-10-26 10:21:40,15,16,3938,5938
2023-10-26 10:21:45,15,17,3938,5938
2023-10-26 10:22:07,15,18,3938,5938
2023-10-26 10:22:07,16,18,3938,5938
2023-10-26 10:22:25,15,18,3938,5938
2023-10-26 10:22:25,16,18,3938,5938
2023-10-26 10:22:35,15,18,3938,5938
2023-10-26 10:22:35,16,18,3938,5938
2023-10-26 10:22:36,15,18,3938,5938
2023-10-26 10:22:40,16,18,3938,5938
2023-10-26 10:22:40,16,17,3938,5938
2023-10-26 10:22:41,15,17,3938,5938
2023-10-26 10:22:49,15,18,3938,5938
2023-10-26 10:22:51,16,18,3938,5938
2023-10-26 10:22:52,16,17,3938,5938
2023-10-26 10:22:54,15,17,3938,5938
2023-10-26 10:22:58,15,18,3938,5938
2023-10-26 10:22:58,15,17,3938,5938
2023-10-26 10:23:01,15,18,3938,5938
2023-10-26 10:23:01,15,17,3938,5938
2023-10-26 10:23:02,15,18,3938,5938
2023-10-26 10:23:02,15,17,3938,5938
2023-10-26 10:23:39,15,16,3938,5938
2023-10-26 10:23:59,15,16,4054,6054
2023-10-26 10:24:10,15,16,4154,6154
2023-10-26 10:24:19,15,16,4168,6168
2023-10-26 10:24:46,14,15,4168,6188
2023-10-26 10:25:03,14,16,4168,6188
2023-10-26 10:26:00,14,17,4168,6188
2023-10-26 10:26:00,15,17,4168,6188
2023-10-26 10:26:34,16,17,4168,6188
2023-10-26 10:26:34,16,18,4168,6188
2023-10-26 10:26:46,16,17,4168,6188
2023-10-26 10:27:06,15,17,4168,6188
2023-10-26 10:27:09,15,18,4168,6188
2023-10-26 10:27:12,15,17,4168,6188
2023-10-26 10:27:13,16,17,4168,6188
2023-10-26 10:27:14,15,17,4168,6188
2023-10-26 10:27:16,16,17,4168,6188
2023-10-26 10:27:16,16,18,4168,6188
2023-10-26 10:27:43,16,17,4168,6188
2023-10-26 10:27:48,16,18,4168,6188
2023-10-26 10:27:48,16,17,4168,6188
2023-10-26 10:27:56,16,18,4168,6188
2023-10-26 10:28:16,17,18,4168,6188
2023-10-26 10:28:34,17,19,4168,6188
2023-10-26 10:28:35,18,19,4168,6188
2023-10-26 10:28:42,18,20,4168,6188
2023-10-26 10:28:46,19,20,4168,6188
2023-10-26 10:28:52,19,20,4168,6328
2023-10-26 10:28:59,19,21,4168,6328
2023-10-26 10:28:59,20,21,4168,6328
2023-10-26 10:29:12,19,21,4168,6328
2023-10-26 10:29:49,19,20,4168,6328
2023-10-26 10:30:06,18,20,4168,6328
2023-10-26 10:30:22,18,21,4168,6328
2023-10-26 10:30:22,18,20,4168,6328
2023-10-26 10:30:42,19,20,4168,6328
2023-10-26 10:30:42,19,21,4168,6328
2023-10-26 10:31:01,19,20,4168,6328
2023-10-26 10:31:02,19,21,4168,6328
2023-10-26 10:31:30,19,20,4168,6328
2023-10-26 10:31:34,19,21,4168,6328
2023-10-26 10:31:41,19,20,4168,6328
2023-10-26 10:31:51,18,20,4168,6328
2023-10-26 10:31:58,18,19,4168,6328
2023-10-26 10:32:11,18,20,4168,6328
2023-10-26 10:32:29,18,21,4168,6328
2023-10-26 10:32:32,19,21,4168,6328
2023-10-26 10:32:36,19,20,4168,6328
2023-10-26 10:32:37,18,20,4168,6328
2023-10-26 10:32:39,18,21,4168,6328
2023-10-26 10:32:39,18,20,4168,6328
2023-10-26 10:32:52,18,19,4168,6328
2023-10-26 10:32:53,18,20,4168,6328
2023-10-26 10:32:53,18,19,4168,6328
2023-10-26 10:32:58,17,19,4168,6328
2023-10-26 10:33:07,18,19,4168,6328
2023-10-26 10:33:12,17,19,4168,6328
2023-10-26 10:33:37,17,18,4168,6328
2023-10-26 10:33:44,17,18,4299,6459
2023-10-26 10:35:09,17,19,4299,6459
2023-10-26 10:35:12,17,18,4299,6459
2023-10-26 10:35:13,17,19,4299,6459
2023-10-26 10:35:13,17,18,4299,6459
2023-10-26 10:35:40,16,18,4299,6459
2023-10-26 10:35:40,16,17,4299,6459
2023-10-26 10:35:47,15,17,4299,6459
2023-10-26 10:35:49,15,16,4299,6459
2023-10-26 10:35:55,15,17,4299,6459
2023-10-26 10:36:23,15,16,4299,6459
2023-10-26 10:37:12,14,16,4299,6459
2023-10-26 10:37:14,14,15,4299,6459
2023-10-26 10:37:19,14,16,4299,6459
2023-10-26 10:38:02,14,15,4299,6459
2023-10-26 10:38:05,14,16,4299,6459
2023-10-26 10:38:09,14,15,4299,6459
2023-10-26 10:38:35,14,16,4299,6459
2023-10-26 10:38:47,14,15,4299,6459
2023-10-26 10:39:02,14,16,4299,6459
2023-10-26 10:39:02,14,15,4299,6459
2023-10-26 10:39:16,13,15,4299,6459
2023-10-26 10:39:40,13,15,4299,6579
2023-10-26 10:39:57,14,15,4299,6579
2023-10-26 10:39:58,13,15,4299,6579
2023-10-26 10:40:02,14,15,4299,6579
2023-10-26 10:40:03,13,15,4299,6579
2023-10-26 10:40:08,14,15,4299,6579
2023-10-26 10:40:10,14,16,4299,6579
2023-10-26 10:40:47,13,16,4299,6579
2023-10-26 10:40:52,14,16,4299,6579
2023-10-26 10:41:20,13,16,4299,6579
2023-10-26 10:41:21,14,16,4299,6579
2023-10-26 10:41:31,14,17,4299,6579
2023-10-26 10:41:32,15,17,4299,6579
2023-10-26 10:41:44,16,17,4299,6579
2023-10-26 10:41:44,16,17,4239,6639
2023-10-26 10:41:45,16,18,4239,6639
2023-10-26 10:42:00,15,18,4239,6639
2023-10-26 10:42:02,15,17,4239,6639
2023-10-26 10:42:12,15,16,4239,6639
2023-10-26 10:42:32,15,17,4239,6639
2023-10-26 10:42:40,15,18,4239,6639
2023-10-26 10:42:42,16,18,4239,6639
2023-10-26 10:42:42,15,18,4239,6639
2023-10-26 10:42:42,16,18,4239,6639
2023-10-26 10:42:44,15,18,4239,6639
2023-10-26 10:42:45,16,18,4239,6639
2023-10-26 10:42:45,15,18,4239,6639
2023-10-26 10:42:45,16,18,4239,6639
2023-10-26 10:43:04,17,18,4239,6639
2023-10-26 10:43:06,16,18,4239,6639
2023-10-26 10:43:14,17,18,4239,6639
2023-10-26 10:43:14,16,18,4239,6639
2023-10-26 10:43:14,17,18,4239,6639
2023-10-26 10:43:19,16,18,4239,6639
2023-10-26 10:43:26,17,18,4239,6639
2023-10-26 10:44:09,17,19,4239,6839
2023-10-26 10:44:42,18,19,4239,6839
2023-10-26 10:44:46,18,20,4239,6839
2023-10-26 10:44:51,19,20,4239,6839
2023-10-26 10:44:55,18,20,4239,6839
2023-10-26 10:44:56,19,20,4239,6839
2023-10-26 10:45:02,18,20,4239,6839
2023-10-26 10:45:03,19,20,4239,6839
2023-10-26 10:45:05,18,20,4239,6839
2023-10-26 10:45:06,19,20,4239,6839
2023-10-26 10:45:06,18,20,4239,6839
2023-10-26 10:45:08,19,20,4239,6839
2023-10-26 10:45:33,18,20,4239,6839
2023-10-26 10:45:38,19,20,4239,6839
2023-10-26 10:45:52,19,21,4239,6839
2023-10-26 10:45:56,20,21,4239,6839
2023-10-26 10:45:56,19,21,4239,6839
2023-10-26 10:45:58,20,21,4239,6839
2023-10-26 10:46:13,19,21,4239,6839
2023-10-26 10:46:17,20,21,4239,6839
2023-10-26 10:46:29,20,22,4239,6839
2023-10-26 10:46:32,21,22,4239,6839
2023-10-26 10:46:45,21,23,4239,6839
2023-10-26 10:46:45,22,23,4239,6839
2023-10-26 10:47:00,21,23,4239,6839
2023-10-26 10:47:01,22,23,4239,6839
2023-10-26 10:47:02,21,23,4239,6839
2023-10-26 10:47:02,22,23,4239,6839
2023-10-26 10:47:21,22,24,4239,6839
2023-10-26 10:47:27,23,24,4239,6839
2023-10-26 10:47:32,22,24,4239,6839
2023-10-26 10:47:32,23,24,4239,6839
2023-10-26 10:47:47,22,24,4239,6839
2023-10-26 10:47:47,23,24,4239,6839
2023-10-26 10:48:06,23,24,4239,6989
2023-10-26 10:48:16,23,25,4239,6989
2023-10-26 10:48:19,24,25,4239,6989
2023-10-26 10:48:35,23,25,4239,6989
2023-10-26 10:49:00,24,25,4239,6989
2023-10-26 10:49:00,23,25,4239,6989
2023-10-26 10:49:01,24,25,4239,6989
2023-10-26 10:49:02,23,25,4239,6989
2023-10-26 10:49:03,24,25,4239,6989
2023-10-26 10:49:54,24,26,4239,6989
2023-10-26 10:49:54,25,26,4239,6989
2023-10-26 10:50:34,25,27,4239,6989
2023-10-26 10:50:34,26,27,4239,6989
2023-10-26 10:50:47,25,27,4239,6989
2023-10-26 10:50:47,26,27,4239,6989
2023-10-26 10:51:40,27,28,4239,6990
2023-10-26 10:51:48,26,28,4239,6990
2023-10-26 10:51:50,27,28,4239,6990
2023-10-26 10:51:50,26,28,4239,6990
2023-10-26 10:51:51,27,28,4239,6990
2023-10-26 10:51:52,26,28,4239,6990
2023-10-26 10:51:56,27,28,4239,6990
2023-10-26 10:51:58,26,28,4239,6990
2023-10-26 10:52:07,27,28,4239,6990
2023-10-26 10:52:29,26,28,4239,6990
2023-10-26 10:52:29,27,28,4239,6990
2023-10-26 10:53:00,26,28,4239,6990
2023-10-26 10:53:02,27,28,4239,6990
2023-10-26 10:53:10,26,28,4239,6990
2023-10-26 10:53:11,27,28,4239,6990
2023-10-26 10:53:27,26,28,4239,6990
2023-10-26 10:53:27,27,28,4239,6990
2023-10-26 10:53:28,26,28,4239,6990
2023-10-26 10:53:28,27,28,4239,6990
2023-10-26 10:53:29,26,28,4239,6990
2023-10-26 10:53:29,27,28,4239,6990
2023-10-26 10:53:30,26,28,4239,6990
2023-10-26 10:53:30,27,28,4239,6990
2023-10-26 10:54:12,27,29,4239,6990
2023-10-26 10:54:12,28,29,4239,6990
2023-10-26 10:54:31,27,29,4056,7173
2023-10-26 10:54:34,28,29,4056,7173
2023-10-26 10:54:36,27,29,4056,7173
2023-10-26 10:54:38,28,29,4056,7173
2023-10-26 10:54:39,27,29,4056,7173
2023-10-26 10:54:39,28,29,4056,7173
2023-10-26 10:54:43,27,29,4056,7173
2023-10-26 10:55:04,27,28,4056,7173
2023-10-26 10:55:09,27,29,4056,7173
2023-10-26 10:55:27,28,29,4056,7173
2023-10-26 10:55:30,27,29,4056,7173
2023-10-26 10:55:34,28,29,4056,7173
2023-10-26 10:55:40,27,29,4056,7173
2023-10-26 10:55:41,26,29,4056,7173
2023-10-26 10:55:41,27,29,4056,7173
2023-10-26 10:55:42,27,28,4056,7173
2023-10-26 10:55:43,26,28,4056,7173
2023-10-26 10:55:47,27,28,4056,7173
2023-10-26 10:55:50,26,28,4056,7173
2023-10-26 10:55:50,27,28,4056,7173
2023-10-26 10:55:51,26,28,4056,7173
2023-10-26 10:56:15,27,28,4056,7173
2023-10-26 10:56:41,26,28,4056,7173
2023-10-26 10:56:42,27,28,4056,7173
2023-10-26 10:56:48,26,28,4056,7173
2023-10-26 10:56:51,27,28,4056,7173
2023-10-26 10:57:00,26,28,4056,7173
2023-10-26 10:57:13,27,28,4056,7173
2023-10-26 10:57:16,26,28,4056,7173
2023-10-26 10:57:16,27,28,4056,7173
2023-10-26 10:57:33,26,28,4056,7173
2023-10-26 10:57:44,27,28,4056,7173
2023-10-26 10:57:45,26,28,4056,7173
2023-10-26 10:57:45,27,28,4056,7173
2023-10-26 10:57:48,26,28,4056,7173
2023-10-26 10:58:17,26,27,4056,7173
2023-10-26 10:58:18,25,27,4056,7173
2023-10-26 10:58:20,26,27,4056,7173
2023-10-26 10:58:28,25,27,4056,7173
2023-10-26 10:58:39,26,27,4056,7173
2023-10-26 10:58:40,25,27,4056,7173
2023-10-26 10:58:43,26,27,4056,7173
2023-10-26 10:58:43,25,27,4056,7173
2023-10-26 10:58:43,26,27,4056,7173
2023-10-26 10:58:45,25,27,4056,7173
2023-10-26 10:58:45,26,27,4056,7173
2023-10-26 10:58:46,25,27,4056,7173
2023-10-26 10:58:50,25,26,4056,7173
2023-10-26 10:59:15,24,26,4056,7173
2023-10-26 10:59:16,24,25,4056,7173
2023-10-26 10:59:30,24,26,4056,7173
2023-10-26 10:59:36,25,26,4056,7173
2023-10-26 10:59:44,24,26,4056,7173
2023-10-26 10:59:44,25,26,4056,7173
2023-10-26 10:59:46,25,26,4056,7298
2023-10-26 10:59:46,24,26,4056,7298
2023-10-26 10:59:47,25,26,4056,7298
2023-10-26 11:00:03,24,26,4056,7298
2023-10-26 11:00:12,24,25,4056,7298
2023-10-26 11:00:14,24,26,4056,7298
2023-10-26 11:00:22,24,25,4056,7298
2023-10-26 11:01:01,24,26,4056,7298
2023-10-26 11:01:03,25,26,4056,7298
2023-10-26 11:01:06,24,26,4056,7298
2023-10-26 11:01:06,25,26,4056,7298
2023-10-26 11:01:09,24,26,4056,7298
2023-10-26 11:01:10,25,26,4056,7298
2023-10-26 11:01:10,24,26,4056,7298
2023-10-26 11:01:10,25,26,4056,7298
2023-10-26 11:01:12,24,26,4056,7298
2023-10-26 11:01:13,25,26,4056,7298
2023-10-26 11:01:19,24,26,4056,7298
2023-10-26 11:01:25,24,25,4056,7298
2023-10-26 11:01:28,24,26,4056,7298
2023-10-26 11:01:36,25,26,4056,7298
2023-10-26 11:01:38,24,26,4056,7298
2023-10-26 11:02:00,25,26,4056,7298
2023-10-26 11:02:04,24,26,4056,7298
2023-10-26 11:02:26,24,25,4056,7298
2023-10-26 11:02:40,23,25,4056,7298
2023-10-26 11:02:44,23,24,4056,7298
2023-10-26 11:02:47,22,24,4056,7298
2023-10-26 11:02:48,22,23,4056,7298
2023-10-26 11:03:54,21,23,4056,7298
2023-10-26 11:04:04,21,22,4056,7298
2023-10-26 11:04:13,21,23,4056,7298
2023-10-26 11:04:32,22,23,4056,7298
2023-10-26 11:04:32,21,23,4056,7298
2023-10-26 11:04:33,22,23,4056,7298
2023-10-26 11:04:34,21,23,4056,7298
2023-10-26 11:04:35,22,23,4056,7298
2023-10-26 11:04:35,21,23,4056,7298
2023-10-26 11:04:39,21,22,4056,7298
2023-10-26 11:04:40,20,22,4056,7298
2023-10-26 11:04:49,20,21,4056,7298
2023-10-26 11:04:59,20,21,4116,7358
2023-10-26 11:05:09,19,21,4116,7358
2023-10-26 11:05:16,19,20,4116,7358
2023-10-26 11:05:20,18,20,4116,7358
2023-10-26 11:06:10,19,20,4116,7358
2023-10-26 11:06:25,18,20,4116,7358
2023-10-26 11:06:40,18,19,4116,7358
2023-10-26 11:06:44,18,19,4130,7372
2023-10-26 11:06:54,17,19,4130,7372
2023-10-26 11:06:56,17,18,4130,7372
2023-10-26 11:06:58,17,19,4130,7372
2023-10-26 11:06:58,17,18,4130,7372
2023-10-26 11:07:00,17,19,4130,7372
2023-10-26 11:07:13,17,20,4130,7372
2023-10-26 11:07:16,17,19,4130,7372
2023-10-26 11:08:07,18,19,4130,7372
2023-10-26 11:08:07,18,20,4130,7372
2023-10-26 11:08:12,18,19,4130,7372
2023-10-26 11:08:17,17,19,4130,7372
2023-10-26 11:08:59,17,18,4130,7372
2023-10-26 11:09:32,17,19,4130,7372
2023-10-26 11:10:01,17,20,4130,7372
2023-10-26 11:10:03,18,20,4130,7372
2023-10-26 11:10:20,19,20,4130,7372
2023-10-26 11:10:21,19,21,4130,7372
2023-10-26 11:10:29,20,21,4130,7372
2023-10-26 11:10:30,19,21,4130,7372
2023-10-26 11:10:34,20,21,4130,7372
2023-10-26 11:10:35,19,21,4130,7372
2023-10-26 11:10:36,20,21,4130,7372
2023-10-26 11:10:43,19,21,4130,7372
2023-10-26 11:10:43,20,21,4130,7372
2023-10-26 11:10:49,19,21,4130,7372
2023-10-26 11:10:59,19,20,4130,7372
2023-10-26 11:11:00,18,20,4130,7372
2023-10-26 11:11:06,18,19,4130,7372
2023-10-26 11:11:27,18,20,4130,7372
2023-10-26 11:11:29,18,19,4130,7372
2023-10-26 11:11:36,17,19,4130,7372
2023-10-26 11:11:41,17,18,4130,7372
2023-10-26 11:12:12,16,18,4130,7372
2023-10-26 11:12:12,16,17,4130,7372
2023-10-26 11:12:18,16,18,4130,7372
2023-10-26 11:12:33,16,17,4130,7372
2023-10-26 11:12:33,16,17,4202,7444
2023-10-26 11:12:34,15,17,4202,7444
2023-10-26 11:12:34,15,16,4202,7444
2023-10-26 11:12:55,15,17,4202,7444
2023-10-26 11:13:04,15,18,4202,7444
2023-10-26 11:13:08,16,18,4202,7444
2023-10-26 11:13:19,15,18,4202,7444
2023-10-26 11:13:20,15,17,4202,7444
2023-10-26 11:14:06,15,16,4202,7444
2023-10-26 11:15:32,14,15,4202,7694
2023-10-26 11:15:45,13,15,4202,7694
2023-10-26 11:15:45,13,14,4202,7694
2023-10-26 11:15:50,13,15,4202,7694
2023-10-26 11:16:02,13,14,4202,7694
2023-10-26 11:16:15,13,15,4202,7694
2023-10-26 11:16:35,14,15,4202,7694
2023-10-26 11:16:57,13,15,4202,7694
2023-10-26 11:17:00,14,15,4202,7694
2023-10-26 11:17:01,13,15,4202,7694
2023-10-26 11:17:07,14,15,4202,7694
2023-10-26 11:17:09,13,15,4202,7694
2023-10-26 11:17:18,13,14,4202,7694
2023-10-26 11:17:22,13,15,4202,7694
2023-10-26 11:17:24,13,14,4202,7694
2023-10-26 11:17:28,13,15,4202,7694
2023-10-26 11:17:41,14,15,4202,7694
2023-10-26 11:17:53,14,16,4212,7704
2023-10-26 11:18:23,14,15,4212,7704
2023-10-26 11:18:24,14,16,4212,7704
2023-10-26 11:18:25,14,15,4212,7704
2023-10-26 11:18:26,14,16,4212,7704
2023-10-26 11:18:51,15,16,4212,7704
2023-10-26 11:18:51,15,17,4212,7704
2023-10-26 11:19:00,15,16,4212,7704
2023-10-26 11:19:24,15,17,4212,7704
2023-10-26 11:19:37,15,16,4212,7704
2023-10-26 11:19:41,15,17,4212,7704
2023-10-26 11:19:43,15,16,4212,7704
2023-10-26 11:20:18,14,16,4212,7704
2023-10-26 11:20:35,14,15,4212,7704
2023-10-26 11:20:40,13,15,4212,7704
2023-10-26 11:20:41,13,16,4212,7704
2023-10-26 11:20:41,14,16,4212,7704
2023-10-26 11:20:41,14,15,4212,7704
2023-10-26 11:21:02,13,15,4212,7704
2023-10-26 11:21:09,14,15,4212,7704
2023-10-26 11:21:12,13,15,4212,7704
2023-10-26 11:21:36,13,14,4212,7704
2023-10-26 11:21:41,13,15,4212,7704
2023-10-26 11:21:43,13,14,4212,7704
2023-10-26 11:21:49,13,15,4212,7704
2023-10-26 11:21:53,13,14,4212,7704
2023-10-26 11:21:54,13,15,4212,7704
2023-10-26 11:22:04,13,14,4212,7704
2023-10-26 11:22:09,13,15,4212,7704
2023-10-26 11:22:09,13,14,4212,7704
2023-10-26 11:22:50,13,15,4212,7704
2023-10-26 11:22:51,13,14,4212,7704
2023-10-26 11:22:53,13,15,4212,7704
2023-10-26 11:22:58,13,14,4212,7704
2023-10-26 11:23:15,12,14,4212,7704
2023-10-26 11:23:15,12,13,4212,7704
2023-10-26 11:23:32,12,13,4392,7884
2023-10-26 11:25:41,12,13,4392,8034
2023-10-26 11:26:20,11,13,4392,8034
2023-10-26 11:26:20,11,12,4392,8034
2023-10-26 11:26:25,11,12,4407,8049
2023-10-26 11:26:29,11,12,4418,8060
2023-10-26 11:27:16,10,12,4418,8060
2023-10-26 11:27:17,10,11,4418,8060
2023-10-26 11:27:23,10,11,4419,8061
2023-10-26 11:27:26,10,12,4419,8061
2023-10-26 11:27:34,10,13,4419,8061
2023-10-26 11:27:37,10,12,4419,8061
2023-10-26 11:27:45,10,13,4419,8061
2023-10-26 11:27:46,10,12,4419,8061
2023-10-26 11:27:48,11,12,4419,8061
2023-10-26 11:27:55,10,12,4419,8061
2023-10-26 11:28:05,11,12,4419,8061
2023-10-26 11:28:05,11,13,4419,8061
2023-10-26 11:28:09,11,12,4419,8061
2023-10-26 11:28:11,11,13,4419,8061
2023-10-26 11:28:26,12,13,4419,8061
2023-10-26 11:28:31,11,13,4419,8061
2023-10-26 11:28:31,12,13,4419,8061
2023-10-26 11:28:32,11,13,4419,8061
2023-10-26 11:28:32,12,13,4419,8061
2023-10-26 11:28:58,11,13,4419,8061
2023-10-26 11:29:11,10,13,4419,8061
2023-10-26 11:29:11,10,12,4419,8061
2023-10-26 11:30:08,11,12,4419,8061
2023-10-26 11:30:18,10,12,4419,8061
2023-10-26 11:30:20,11,12,4419,8061
2023-10-26 11:30:21,10,12,4419,8061
2023-10-26 11:30:23,11,12,4419,8061
2023-10-26 11:30:30,11,13,4419,8061
2023-10-26 11:30:36,11,12,4419,8061
2023-10-26 11:30:45,11,13,4419,8061
2023-10-26 11:30:45,11,12,4419,8061
2023-10-26 11:30:48,10,12,4419,8061
2023-10-26 11:31:34,11,12,4419,8061
2023-10-26 11:31:34,11,13,4419,8061
2023-10-26 11:31:46,12,13,4419,8061
2023-10-26 11:31:53,12,13,4419,8075
2023-10-26 11:31:55,12,13,4419,8091
2023-10-26 11:33:01,11,13,4419,8091
2023-10-26 11:33:01,12,13,4419,8091
2023-10-26 11:33:19,12,14,4479,8151
2023-10-26 11:34:09,12,15,4479,8151
2023-10-26 11:34:09,12,14,4479,8151
2023-10-26 11:34:34,12,13,4479,8151
2023-10-26 11:34:36,12,14,4479,8151
2023-10-26 11:34:37,12,13,4479,8151
2023-10-26 11:34:48,11,13,4479,8151
2023-10-26 11:34:53,12,13,4479,8151
2023-10-26 11:35:02,11,13,4479,8151
2023-10-26 11:35:47,11,12,4479,8151
2023-10-26 11:35:50,11,13,4479,8151
2023-10-26 11:35:51,11,12,4479,8151
2023-10-26 11:35:56,11,13,4479,8151
2023-10-26 11:36:35,11,12,4479,8151
2023-10-26 11:36:36,11,13,4479,8151
2023-10-26 11:37:00,12,13,4479,8151
2023-10-26 11:37:00,12,14,4479,8151
2023-10-26 11:37:07,12,13,4479,8151
2023-10-26 11:37:10,11,13,4479,8151
2023-10-26 11:37:48,11,12,4479,8151
2023-10-26 11:38:02,11,13,4479,8151
2023-10-26 11:38:07,11,12,4479,8151
2023-10-26 11:38:08,11,13,4479,8151
2023-10-26 11:38:09,11,12,4479,8151
2023-10-26 11:38:14,11,13,4479,8151
2023-10-26 11:38:47,11,14,4479,8151
2023-10-26 11:38:48,12,14,4479,8151
2023-10-26 11:39:02,12,14,4479,8151
2023-10-26 11:39:05,12,13,4479,8151
2023-10-26 11:39:07,11,13,4479,8151
2023-10-26 11:40:16,11,12,4479,8151
2023-10-26 11:40:23,11,13,4479,8151
2023-10-26 11:40:24,11,12,4479,8151
2023-10-26 11:40:36,11,13,4479,8151
2023-10-26 11:40:38,11,12,4479,8151
2023-10-26 11:41:02,10,12,4479,8151
2023-10-26 11:41:30,10,11,4479,8151
2023-10-26 11:41:36,9,11,4479,8151
2023-10-26 11:42:17,10,11,4479,8151
2023-10-26 11:42:21,10,12,4479,8151
2023-10-26 11:42:28,10,11,4479,8151
2023-10-26 11:42:34,9,11,4479,8151
2023-10-26 11:42:38,9,10,4479,8151
2023-10-26 11:42:52,9,11,4479,8151
2023-10-26 11:43:01,9,10,4479,8151
2023-10-26 11:43:17,9,10,4481,8153
2023-10-26 11:43:43,9,10,4481,8353
2023-10-26 11:43:47,8,9,4521,8403
2023-10-26 11:45:54,8,10,4521,8403
2023-10-26 11:46:10,9,10,4521,8403
2023-10-26 11:46:20,9,11,4521,8403
2023-10-26 11:46:22,9,10,4521,8403
2023-10-26 11:46:34,9,11,4521,8403
2023-10-26 11:46:35,9,10,4521,8403
2023-10-26 11:46:37,9,11,4521,8403
2023-10-26 11:46:41,9,10,4521,8403
2023-10-26 11:46:45,9,11,4521,8403
2023-10-26 11:47:17,10,11,4521,8403
2023-10-26 11:47:23,10,12,4521,8403
2023-10-26 11:47:24,10,11,4521,8403
2023-10-26 11:48:03,10,12,4521,8403
2023-10-26 11:48:12,10,11,4521,8403
2023-10-26 11:48:13,10,12,4521,8403
2023-10-26 11:48:34,10,11,4521,8403
2023-10-26 11:50:12,10,12,4521,8403
2023-10-26 11:50:12,10,11,4521,8403
2023-10-26 11:50:28,10,12,4521,8403
2023-10-26 11:50:29,10,11,4521,8403
2023-10-26 11:50:30,10,12,4521,8403
2023-10-26 11:50:30,10,11,4521,8403
2023-10-26 11:50:32,10,12,4521,8403
2023-10-26 11:51:13,10,11,4521,8403
2023-10-26 11:51:25,10,12,4521,8403
2023-10-26 11:51:33,11,12,4521,8403
2023-10-26 11:55:57,11,13,4521,8403
2023-10-26 11:56:01,12,13,4521,8403
2023-10-26 11:56:06,12,14,4521,8403
2023-10-26 11:56:09,12,13,4521,8403
2023-10-26 11:56:19,12,14,4521,8403
2023-10-26 11:56:19,12,13,4521,8403
2023-10-26 11:56:19,12,14,4521,8403
2023-10-26 11:56:19,12,13,4521,8403
2023-10-26 11:56:19,12,14,4521,8403
2023-10-26 11:56:20,12,13,4521,8403
2023-10-26 11:56:20,12,14,4521,8403
2023-10-26 11:56:21,12,13,4521,8403
2023-10-26 11:56:22,12,14,4521,8403
2023-10-26 11:56:22,12,13,4521,8403
2023-10-26 11:56:27,12,14,4521,8403
2023-10-26 11:56:32,13,14,4521,8403
2023-10-26 11:56:59,13,15,4521,8403
2023-10-26 11:57:00,13,14,4521,8403
2023-10-26 11:57:10,12,13,4881,8803
2023-10-26 11:57:18,12,13,5131,9053
2023-10-26 11:57:24,12,15,5281,9203
2023-10-26 11:57:24,12,14,5281,9203
2023-10-26 11:57:54,12,15,5281,9203
2023-10-26 11:57:54,12,14,5281,9203
2023-10-26 11:58:46,12,15,5281,9203
2023-10-26 11:58:48,12,14,5281,9203
2023-10-26 11:58:52,12,13,5281,9203
2023-10-26 11:58:53,12,14,5281,9203
2023-10-26 11:58:53,12,13,5281,9203
2023-10-26 11:59:04,11,13,5281,9203
2023-10-26 11:59:09,12,13,5281,9203
2023-10-26 11:59:16,11,13,5281,9203
2023-10-26 11:59:32,11,12,5281,9203
2023-10-26 11:59:35,11,13,5281,9203
2023-10-26 11:59:39,11,12,5281,9203
2023-10-26 12:00:21,10,12,5281,9203
2023-10-26 12:00:22,10,11,5281,9203
2023-10-26 12:00:40,10,11,5731,9653
2023-10-26 12:00:40,9,11,5731,9653
2023-10-26 12:00:41,9,10,5731,9653
2023-10-26 12:00:47,9,10,5732,9654
2023-10-26 12:00:54,9,10,5733,9655
2023-10-26 12:00:55,8,10,5733,9655
2023-10-26 12:01:05,8,10,5853,9775
2023-10-26 12:01:15,8,11,5853,9775
2023-10-26 12:01:16,9,11,5853,9775
2023-10-26 12:01:24,8,11,5853,9775
2023-10-26 12:01:24,9,11,5853,9775
2023-10-26 12:01:28,8,11,5853,9775
2023-10-26 12:01:28,9,11,5853,9775
2023-10-26 12:01:29,9,10,5853,9775
2023-10-26 12:01:29,8,10,5853,9775
2023-10-26 12:01:37,8,9,5853,9775
2023-10-26 12:01:41,8,10,5883,9805
2023-10-26 12:01:44,9,10,5883,9805
2023-10-26 12:01:46,8,10,5883,9805
2023-10-26 12:01:47,9,10,5883,9805
2023-10-26 12:01:49,9,11,5883,9805
2023-10-26 12:02:07,8,11,5883,9805
2023-10-26 12:02:07,9,11,5883,9805
2023-10-26 12:02:08,9,10,5883,9805
2023-10-26 12:02:10,8,10,5883,9805
2023-10-26 12:02:11,9,10,5883,9805
2023-10-26 12:02:28,9,11,5883,9805
2023-10-26 12:02:55,9,12,5883,9805
2023-10-26 12:02:57,10,12,5883,9805
2023-10-26 12:03:26,10,11,5883,9805
2023-10-26 12:03:38,9,11,5883,9805
2023-10-26 12:03:53,10,11,5883,9805
2023-10-26 12:03:56,9,11,5883,9805
2023-10-26 12:04:42,9,10,5883,9805
2023-10-26 12:04:54,8,10,5883,9805
2023-10-26 12:05:14,8,9,5883,9805
2023-10-26 12:05:15,7,9,5883,9805
2023-10-26 12:05:15,7,8,5883,9805
2023-10-26 12:05:21,7,9,5883,9805
2023-10-26 12:06:08,7,8,5883,9805
2023-10-26 12:06:42,6,8,5883,9805
2023-10-26 12:07:05,6,7,5883,9805
2023-10-26 12:07:48,6,7,5883,10005
2023-10-26 12:07:56,5,6,5883,10055
2023-10-26 12:08:02,5,7,5883,10055
2023-10-26 12:08:30,5,6,5883,10055
2023-10-26 12:09:47,5,6,6283,10555
2023-10-26 12:09:47,4,6,6283,10555
2023-10-26 12:10:57,5,6,6283,10555
2023-10-26 12:10:57,4,6,6283,10555
2023-10-26 12:10:58,5,6,6283,10555
2023-10-26 12:10:58,4,6,6283,10555
2023-10-26 12:10:59,5,6,6283,10555
2023-10-26 12:11:05,4,6,6283,10555
2023-10-26 12:11:21,4,5,6283,10555
2023-10-26 12:11:47,4,6,6283,10555
2023-10-26 12:11:47,4,5,6283,10555
2023-10-26 12:12:55,4,5,6284,10556
2023-10-26 12:13:02,4,6,6284,10556
2023-10-26 12:15:10,4,5,6284,10556
2023-10-26 12:16:27,4,5,6284,10756
2023-10-26 12:16:29,3,4,6284,10835
2023-10-26 12:18:32,3,4,6284,11035
2023-10-26 12:18:45,3,4,6284,11235
2023-10-26 12:18:45,3,4,6342,11293
2023-10-26 12:18:46,2,4,6384,11335
2023-10-26 12:19:06,2,3,6384,11335
2023-10-26 12:19:50,2,3,6539,11490
2023-10-26 12:19:51,1,3,6539,11490
2023-10-26 12:27:48,1,4,6539,11490
2023-10-26 12:27:48,2,4,6539,11490
2023-10-26 12:27:49,1,4,6539,11490
2023-10-26 12:29:32,2,4,6539,11490
2023-10-26 12:29:32,3,4,6539,11490
2023-10-26 12:29:32,2,4,6689,11730
2023-10-26 12:29:34,1,4,6689,11730
2023-10-26 12:29:38,2,4,6689,11730
2023-10-26 12:29:40,1,4,6689,11730
2023-10-26 12:29:56,2,4,6689,11730
2023-10-26 12:30:00,1,4,6689,11730
2023-10-26 12:30:01,2,4,6689,11730
2023-10-26 12:30:02,1,4,6689,11730
2023-10-26 12:31:34,2,4,6689,11730
2023-10-26 12:31:42,3,4,6689,11730
2023-10-26 12:31:42,2,4,6901,11942
2023-10-26 12:32:11,1,4,6901,11942
2023-10-26 12:32:29,2,4,6901,11942
2023-10-26 12:32:31,1,4,6901,11942
2023-10-26 12:34:07,1,3,6901,11942
2023-10-26 12:34:48,1,4,6901,11942
2023-10-26 12:34:54,1,3,6901,11942
2023-10-26 12:35:38,1,4,6901,11942
2023-10-26 12:35:53,1,3,6901,11942
2023-10-26 12:36:10,1,4,6901,11942
2023-10-26 12:36:13,1,3,6901,11942
2023-10-26 12:36:15,1,4,6901,11942
2023-10-26 12:36:32,1,3,6901,11942
2023-10-26 12:39:52,1,2,6901,11942
2023-10-26 12:43:15,1,2,6902,11943
2023-10-26 12:44:17,1,3,6902,11943
2023-10-26 12:44:20,1,3,6903,11944
2023-10-26 12:44:33,1,2,6903,11944
2023-10-26 12:45:31,1,2,6905,11946
2023-10-26 12:47:41,1,2,6978,12019
2023-10-26 12:47:43,1,2,7029,12070
2023-10-26 12:49:12,1,2,7030,12071
2023-10-26 12:55:27,1,2,7150,12191
2023-10-26 13:01:58,1,2,7052,12290
2023-10-26 13:02:49,1,3,7052,12290
2023-10-26 13:20:59,1,2,7052,12290
2023-10-26 13:23:17,1,2,7052,12490
2023-10-26 13:24:52,1,2,7052,12690
2023-10-26 13:24:56,1,2,7232,12870
2023-10-26 13:25:00,0,2,7232,12870
2023-10-26 13:41:51,0,1,7232,12870
2023-10-26 13:43:12,0,2,7272,12970
2023-10-26 13:43:13,0,3,7272,12970
2023-10-26 13:45:13,1,3,7272,12970
2023-10-26 13:46:06,1,4,7272,12970
2023-10-26 13:46:06,1,3,7272,12970
2023-10-26 13:46:12,1,4,7272,12970
2023-10-26 13:46:14,2,4,7272,12970
2023-10-26 13:46:16,1,4,7272,12970
2023-10-26 13:46:42,1,3,7272,12970
2023-10-26 13:51:21,0,3,7272,12970
2023-10-26 13:58:58,1,3,7272,12970
2023-10-26 13:59:02,0,3,7272,12970
2023-10-26 13:59:05,1,3,7272,12970
2023-10-26 13:59:07,0,3,7272,12970
2023-10-26 14:00:02,1,3,7272,12970
2023-10-26 14:00:58,0,3,7272,12970
2023-10-26 14:06:32,1,3,7272,12970
2023-10-26 14:07:17,0,3,7272,12970
2023-10-26 14:07:36,1,3,7272,12970
2023-10-26 14:09:51,0,3,7272,12970
2023-10-26 14:10:11,1,3,7272,12970
2023-10-26 14:10:12,0,3,7272,12970
2023-10-26 14:10:18,1,3,7272,12970
2023-10-26 14:13:12,2,3,7272,12970
2023-10-26 14:13:14,1,3,7272,12970
2023-10-26 14:13:16,2,3,7272,12970
2023-10-26 14:13:17,1,3,7272,12970
2023-10-26 14:13:21,2,3,7272,12970
2023-10-26 14:13:26,1,3,7272,12970
2023-10-26 14:13:34,2,3,7272,12970
2023-10-26 14:13:54,1,3,7272,12970
2023-10-26 14:14:13,2,3,7272,12970
2023-10-26 14:14:17,1,3,7272,12970
2023-10-26 14:17:04,0,3,7272,12970
2023-10-26 14:17:40,1,3,7272,12970
2023-10-26 14:18:12,0,3,7272,12970
2023-10-26 14:18:46,1,3,7272,12970
2023-10-26 14:19:32,0,3,7272,12970
2023-10-26 14:19:40,1,3,7272,12970
2023-10-26 14:20:03,0,3,7272,12970
2023-10-26 14:20:21,1,3,7272,12970
2023-10-26 14:21:00,0,3,7272,12970
2023-10-26 14:22:21,1,3,7272,12970
2023-10-26 14:22:24,0,3,7272,12970
2023-10-26 14:22:29,1,3,7272,12970
2023-10-26 14:22:35,0,3,7272,12970
2023-10-26 14:22:48,1,3,7272,12970
2023-10-26 14:22:52,0,3,7272,12970
2023-10-26 14:23:09,1,3,7272,12970
2023-10-26 14:24:04,0,3,7272,12970
2023-10-26 14:24:06,1,3,7272,12970
2023-10-26 14:24:22,0,3,7272,12970
2023-10-26 14:24:25,1,3,7272,12970
2023-10-26 14:24:37,0,3,7272,12970
2023-10-26 14:26:49,1,3,7272,12970
2023-10-26 14:26:59,0,3,7272,12970
2023-10-26 14:27:00,1,3,7272,12970
2023-10-26 14:28:01,0,3,7272,12970
2023-10-26 14:28:02,1,3,7272,12970
2023-10-26 14:28:03,0,3,7272,12970
2023-10-26 14:28:11,1,3,7272,12970
2023-10-26 14:29:59,2,3,7272,12970
2023-10-26 14:30:08,1,3,7272,12970
2023-10-26 14:31:05,2,3,7272,12970
2023-10-26 14:31:22,1,3,7272,12970
2023-10-26 14:31:42,2,3,7272,12970
2023-10-26 14:31:46,1,3,7272,12970
2023-10-26 14:31:49,2,3,7272,12970
2023-10-26 14:31:51,1,3,7272,12970
2023-10-26 14:32:07,2,3,7272,12970
2023-10-26 14:32:08,1,3,7272,12970
2023-10-26 14:32:18,2,3,7272,12970
2023-10-26 14:32:48,3,4,7285,13020
2023-10-26 14:32:57,2,4,7403,13138
2023-10-26 14:32:57,3,4,7403,13138
2023-10-26 14:33:04,4,5,7404,13139
2023-10-26 14:33:05,4,5,7524,13259
2023-10-26 14:33:12,5,6,7526,13261
2023-10-26 14:33:12,5,6,7726,13461
2023-10-26 14:33:12,5,6,7862,13597
2023-10-26 14:33:12,5,6,7864,13599
2023-10-26 14:33:13,5,6,7866,13601
2023-10-26 14:33:13,5,6,7971,13706
2023-10-26 14:33:13,5,6,7973,13708
2023-10-26 14:33:20,5,6,7974,13709
2023-10-26 14:33:31,5,7,7974,13909
2023-10-26 14:33:31,6,7,7974,13909
2023-10-26 14:33:59,6,7,8007,13942
2023-10-26 14:34:23,4,7,8007,13942
2023-10-26 14:34:23,5,7,8007,13942
2023-10-26 14:34:23,5,6,8007,13942
2023-10-26 14:34:27,6,7,8007,13943
2023-10-26 14:35:01,4,7,8007,13943
2023-10-26 14:35:01,5,7,8007,13943
2023-10-26 14:35:02,5,6,8007,13943
2023-10-26 14:35:02,4,6,8007,13943
2023-10-26 14:35:15,4,5,8007,13943
2023-10-26 14:35:30,4,5,8053,13989
2023-10-26 14:35:44,4,5,8125,14061
2023-10-26 14:36:13,3,5,8125,14061
2023-10-26 14:36:15,4,5,8125,14061
2023-10-26 14:36:16,4,5,8305,14241
2023-10-26 14:36:16,3,5,8305,14241
2023-10-26 14:36:27,4,5,8305,14241
2023-10-26 14:36:31,3,5,8410,14346
2023-10-26 14:36:31,4,5,8410,14346
2023-10-26 14:36:33,4,5,8470,14406
2023-10-26 14:36:33,3,5,8470,14406
2023-10-26 14:36:36,4,5,8470,14406
2023-10-26 14:36:36,4,5,8506,14442
2023-10-26 14:36:36,4,6,8506,14442
2023-10-26 14:36:39,4,7,8506,14442
2023-10-26 14:36:39,4,6,8506,14442
2023-10-26 14:36:40,5,6,8506,14442
2023-10-26 14:36:41,4,6,8681,14617
2023-10-26 14:36:41,5,6,8681,14617
2023-10-26 14:36:43,4,6,8855,14791
2023-10-26 14:37:14,4,5,8855,14791
2023-10-26 14:37:14,3,5,8855,14791
2023-10-26 14:39:06,3,4,8855,14791
2023-10-26 14:39:07,3,5,8855,14791
2023-10-26 14:39:08,3,4,8855,14791
2023-10-26 14:39:20,3,5,8855,14791
2023-10-26 14:39:24,3,4,8855,14791
2023-10-26 14:39:26,3,5,8855,14791
2023-10-26 14:39:27,3,4,8855,14791
2023-10-26 14:40:31,2,4,8855,14791
2023-10-26 14:41:26,3,4,8855,14791
2023-10-26 14:41:26,3,4,8975,14911
2023-10-26 14:41:26,2,4,8975,14911
2023-10-26 14:41:41,3,4,8975,14911
2023-10-26 14:41:56,3,5,8975,14911
2023-10-26 14:41:58,4,5,8975,14911
2023-10-26 14:41:58,4,6,8975,14911
2023-10-26 14:41:58,4,6,9138,15074
2023-10-26 14:43:59,5,6,9138,15074
2023-10-26 14:44:01,4,6,9138,15074
2023-10-26 14:44:03,5,6,9138,15074
2023-10-26 14:44:10,4,6,9138,15074
2023-10-26 14:44:44,3,6,9138,15074
2023-10-26 14:44:44,3,5,9138,15074
2023-10-26 14:45:09,2,5,9138,15074
2023-10-26 14:45:13,3,5,9138,15074
2023-10-26 14:45:13,3,4,9138,15074
2023-10-26 14:45:24,3,5,9138,15074
2023-10-26 14:45:36,3,6,9138,15074
2023-10-26 14:45:38,4,6,9138,15074
2023-10-26 14:45:53,3,6,9138,15074
2023-10-26 14:45:54,4,6,9138,15074
2023-10-26 14:46:14,5,6,9138,15074
2023-10-26 14:46:16,4,6,9384,15320
2023-10-26 14:46:28,5,6,9384,15320
2023-10-26 14:46:29,5,6,9438,15374
2023-10-26 14:46:29,5,7,9438,15374
2023-10-26 14:46:49,5,6,9438,15374
2023-10-26 14:46:56,5,7,9438,15374
2023-10-26 14:47:23,5,8,9772,16282
2023-10-26 14:47:23,5,7,9772,16282
2023-10-26 14:47:24,5,7,9572,16482
2023-10-26 14:47:24,6,9,9572,16482
2023-10-26 14:47:24,6,8,9572,16482
2023-10-26 14:47:48,6,7,9572,16482
2023-10-26 14:47:56,5,7,9572,16482
2023-10-26 14:47:59,6,7,9572,16482
2023-10-26 14:47:59,6,8,9572,16482
2023-10-26 14:47:59,6,7,9572,16482
2023-10-26 14:48:00,6,8,9572,16482
2023-10-26 14:48:01,6,7,9572,16482
2023-10-26 14:48:04,6,8,9572,16482
2023-10-26 14:48:08,6,7,9572,16482
2023-10-26 14:48:09,6,8,9572,16482
2023-10-26 14:48:10,6,7,9572,16482
2023-10-26 14:48:19,6,8,9572,16482
2023-10-26 14:48:20,6,7,9572,16482
2023-10-26 14:48:23,6,8,9572,16482
2023-10-26 14:48:24,5,8,9572,16482
2023-10-26 14:48:24,5,7,9572,16482
2023-10-26 14:48:59,5,8,9572,16482
2023-10-26 14:48:59,5,7,9572,16482
2023-10-26 14:49:00,5,8,9572,16482
2023-10-26 14:49:00,5,7,9572,16482
2023-10-26 14:49:10,5,6,9572,16482
2023-10-26 14:49:34,5,7,9572,16482
2023-10-26 14:49:34,5,6,9572,16482
2023-10-26 14:49:35,5,7,9572,16482
2023-10-26 14:49:43,5,6,9572,16482
2023-10-26 14:49:59,5,7,9572,16482
2023-10-26 14:50:00,5,6,9572,16482
2023-10-26 14:50:03,5,7,9572,16482
2023-10-26 14:50:07,5,6,9572,16482
2023-10-26 14:50:11,5,7,9572,16482
2023-10-26 14:50:44,5,6,9572,16482
2023-10-26 14:50:46,5,6,9572,16536
2023-10-26 14:50:48,5,6,9572,16590
2023-10-26 14:51:19,5,6,9606,16650
2023-10-26 14:51:20,4,6,9606,16650
2023-10-26 14:51:24,4,7,9606,16650
2023-10-26 14:51:24,5,7,9606,16650
2023-10-26 14:51:27,4,7,9606,16650
2023-10-26 14:51:28,5,7,9606,16650
2023-10-26 14:51:33,5,6,9606,16650
2023-10-26 14:51:34,5,7,9606,16650
2023-10-26 14:51:52,5,6,9606,16650
2023-10-26 14:51:52,4,6,9606,16650
2023-10-26 14:52:26,5,6,9606,16650
2023-10-26 14:52:29,5,7,9606,16650
2023-10-26 14:52:57,6,7,9606,16650
2023-10-26 14:52:57,6,8,9606,16650
2023-10-26 14:52:57,6,9,9606,16650
2023-10-26 14:52:58,6,8,9606,16650
2023-10-26 14:53:05,7,8,9606,16650
2023-10-26 14:53:06,6,9,9606,16650
2023-10-26 14:53:06,7,9,9606,16650
2023-10-26 14:53:07,6,9,9606,16650
2023-10-26 14:53:07,7,9,9606,16650
2023-10-26 14:53:10,7,8,9606,16650
2023-10-26 14:53:10,6,8,9606,16650
2023-10-26 14:53:27,6,9,9606,16650
2023-10-26 14:53:29,7,9,9606,16650
2023-10-26 14:53:29,7,9,9686,16730
2023-10-26 14:53:33,7,9,9815,16859
2023-10-26 14:53:51,8,9,9815,16859
2023-10-26 14:53:55,7,9,9815,16859
2023-10-26 14:53:56,8,9,9815,16859
2023-10-26 14:53:57,7,9,9815,16859
2023-10-26 14:54:00,7,10,9981,17491
2023-10-26 14:54:00,8,10,9981,17491
2023-10-26 14:54:17,7,10,9981,17491
2023-10-26 14:54:18,7,9,9981,17491
2023-10-26 14:54:29,7,10,9981,17491
2023-10-26 14:54:32,7,9,9981,17491
2023-10-26 14:54:39,8,9,9981,17491
2023-10-26 14:54:41,8,10,9981,17491
2023-10-26 14:55:07,7,10,9981,17491
2023-10-26 14:55:10,8,10,9981,17491
2023-10-26 14:55:13,7,10,9981,17491
2023-10-26 14:55:32,7,10,9981,17491
2023-10-26 14:55:36,7,10,9981,17491
2023-10-26 14:55:39,8,10,9981,17491
2023-10-26 14:55:43,8,9,9981,17491
2023-10-26 14:55:44,8,10,9981,17491
2023-10-26 14:56:04,8,9,9981,17491
2023-10-26 14:56:19,8,10,9981,17820
2023-10-26 14:56:23,9,10,9981,17820
2023-10-26 14:56:23,8,10,9981,17820
2023-10-26 14:56:25,9,10,9981,17820
2023-10-26 14:56:27,8,10,9981,17820
2023-10-26 14:57:21,7,10,9981,17820
2023-10-26 14:57:24,8,10,9981,17820
2023-10-26 14:57:52,7,10,9981,17820
2023-10-26 14:57:53,8,10,9981,17820
2023-10-26 14:57:56,8,9,9981,17820
2023-10-26 14:58:00,7,9,9981,17820
2023-10-26 14:58:02,8,9,9981,17820
2023-10-26 14:58:06,8,10,9981,17820
2023-10-26 14:58:25,9,10,9981,17820
2023-10-26 14:58:31,8,10,9981,17820
2023-10-26 14:58:59,8,9,9981,17820
2023-10-26 14:58:59,7,9,9981,17820
2023-10-26 14:59:02,8,9,9981,17820
2023-10-26 14:59:03,8,10,9981,17820
2023-10-26 14:59:13,9,10,9981,17820
2023-10-26 14:59:14,8,10,9981,17820
2023-10-26 14:59:16,9,10,9981,17820
2023-10-26 14:59:26,8,10,9981,17820
2023-10-26 14:59:26,9,10,9981,17820
2023-10-26 14:59:50,10,11,9984,17823
2023-10-26 15:00:03,10,12,10184,18023
2023-10-26 15:00:16,11,12,10184,18023
2023-10-26 15:00:23,11,13,10184,18023
2023-10-26 15:00:36,10,13,10184,18023
2023-10-26 15:00:37,10,12,10184,18023
2023-10-26 15:00:46,10,11,10184,18023
2023-10-26 15:00:46,9,11,10184,18023
2023-10-26 15:01:00,10,11,10184,18023
2023-10-26 15:01:01,9,11,10184,18023
2023-10-26 15:01:05,9,12,10184,18023
2023-10-26 15:01:08,10,12,10184,18023
2023-10-26 15:01:10,10,13,10184,18023
2023-10-26 15:01:15,11,13,10184,18023
2023-10-26 15:01:19,10,13,10184,18023
2023-10-26 15:01:23,10,12,10184,18023
2023-10-26 15:01:24,11,12,10184,18023
2023-10-26 15:01:24,11,13,10184,18023
2023-10-26 15:01:30,10,13,10184,18023
2023-10-26 15:01:32,10,12,10184,18023
2023-10-26 15:01:32,10,13,10184,18023
2023-10-26 15:01:34,11,13,10184,18023
2023-10-26 15:01:36,11,12,10184,18023
2023-10-26 15:01:40,12,14,9934,18273
2023-10-26 15:01:45,13,14,9934,18273
2023-10-26 15:01:45,13,14,10184,18523
2023-10-26 15:01:46,13,15,10334,18673
2023-10-26 15:01:47,14,15,10334,18673
2023-10-26 15:01:56,14,16,10334,18923
2023-10-26 15:02:01,15,16,10334,18923
2023-10-26 15:02:02,15,17,10334,18923
2023-10-26 15:02:03,14,17,10334,18923
2023-10-26 15:02:03,14,16,10334,18923
2023-10-26 15:02:13,15,16,10334,18923
2023-10-26 15:02:18,15,16,10334,18938
2023-10-26 15:02:18,15,18,10334,18938
2023-10-26 15:02:30,15,17,10334,19059
2023-10-26 15:02:50,15,16,10334,19059
2023-10-26 15:02:51,14,16,10334,19059
2023-10-26 15:02:56,15,16,10334,19059
2023-10-26 15:02:56,15,17,10334,19059
2023-10-26 15:03:00,15,16,10334,19059
2023-10-26 15:03:04,14,16,10334,19059
2023-10-26 15:03:31,14,15,10334,19059
2023-10-26 15:03:34,13,15,10334,19059
2023-10-26 15:03:39,13,15,10394,19119
2023-10-26 15:03:39,12,15,10394,19119
2023-10-26 15:03:40,12,14,10394,19119
2023-10-26 15:03:51,12,13,10394,19119
2023-10-26 15:03:53,12,13,10394,19138
2023-10-26 15:03:54,11,13,10394,19138
2023-10-26 15:03:57,11,14,10394,19138
2023-10-26 15:03:57,11,13,10394,19138
2023-10-26 15:04:03,11,14,10394,19138
2023-10-26 15:04:04,12,14,10394,19138
2023-10-26 15:04:25,11,14,10394,19138
2023-10-26 15:04:27,11,13,10394,19138
2023-10-26 15:04:44,11,12,10394,19138
2023-10-26 15:04:44,12,13,10394,19213
2023-10-26 15:04:45,11,13,10394,19213
2023-10-26 15:04:50,12,13,10394,19213
2023-10-26 15:04:52,12,14,10394,19213
2023-10-26 15:04:59,12,14,10394,19225
2023-10-26 15:05:01,12,14,10394,19243
2023-10-26 15:05:03,12,14,10394,19262
2023-10-26 15:05:04,12,14,10394,19275
2023-10-26 15:05:06,12,14,10394,19293
2023-10-26 15:05:09,12,14,10394,19310
2023-10-26 15:05:11,12,14,10394,19325
2023-10-26 15:05:12,12,14,10394,19342
2023-10-26 15:05:14,12,14,10394,19356
2023-10-26 15:05:16,12,14,10394,19373
2023-10-26 15:05:21,13,14,10394,19373
2023-10-26 15:05:21,13,14,10408,19387
2023-10-26 15:05:22,12,14,10408,19387
2023-10-26 15:05:22,13,14,10408,19387
2023-10-26 15:05:23,13,14,10421,19400
2023-10-26 15:05:24,12,14,10421,19400
2023-10-26 15:05:40,11,14,10421,19400
2023-10-26 15:05:44,11,13,10421,19400
2023-10-26 15:05:44,11,13,10421,19489
2023-10-26 15:05:45,10,13,10421,19489
2023-10-26 15:05:47,10,12,10421,19489
2023-10-26 15:05:50,11,12,10421,19489
2023-10-26 15:05:51,11,12,10434,19502
2023-10-26 15:05:52,10,12,10434,19502
2023-10-26 15:05:53,10,11,10434,19502
2023-10-26 15:05:56,9,11,10434,19502
2023-10-26 15:06:12,8,11,10434,19502
2023-10-26 15:06:12,8,10,10434,19502
2023-10-26 15:06:14,9,10,10434,19502
2023-10-26 15:06:20,9,10,10453,19521
2023-10-26 15:06:23,8,10,10453,19521
2023-10-26 15:06:27,9,10,10453,19521
2023-10-26 15:06:28,8,10,10453,19521
2023-10-26 15:06:31,9,10,10453,19521
2023-10-26 15:06:32,8,10,10453,19521
2023-10-26 15:06:36,8,9,10453,19521
2023-10-26 15:06:38,8,9,10503,19571
2023-10-26 15:06:39,7,9,10503,19571
2023-10-26 15:06:42,8,9,10503,19571
2023-10-26 15:06:49,7,9,10503,19571
2023-10-26 15:06:49,8,9,10503,19571
2023-10-26 15:06:57,7,9,10503,19571
2023-10-26 15:06:57,8,9,10503,19571
2023-10-26 15:06:58,7,9,10503,19571
2023-10-26 15:07:01,8,9,10503,19571
2023-10-26 15:07:08,7,9,10503,19571
2023-10-26 15:07:10,8,9,10503,19571
2023-10-26 15:07:29,8,9,10619,19687
2023-10-26 15:07:29,7,9,10619,19687
2023-10-26 15:07:29,7,8,10619,19687
2023-10-26 15:07:30,7,9,10619,19687
2023-10-26 15:07:43,7,9,10642,19747
2023-10-26 15:07:44,7,8,10642,19747
2023-10-26 15:07:44,7,8,10655,19760
2023-10-26 15:07:46,7,8,10670,19775
2023-10-26 15:07:48,7,8,10686,19791
2023-10-26 15:07:49,7,8,10696,19801
2023-10-26 15:07:51,7,8,10708,19813
2023-10-26 15:07:53,7,8,10719,19824
2023-10-26 15:07:55,7,8,10735,19840
2023-10-26 15:07:57,7,8,10806,19911
2023-10-26 15:07:58,7,8,10821,19926
2023-10-26 15:08:04,7,9,10821,19926
2023-10-26 15:08:18,6,9,10821,19926
2023-10-26 15:08:19,6,9,10822,19927
2023-10-26 15:08:21,6,8,10822,19927
2023-10-26 15:08:29,6,8,10823,19928
2023-10-26 15:08:39,6,9,10823,19928
2023-10-26 15:08:39,7,9,10823,19928
2023-10-26 15:08:48,6,9,10823,19928
2023-10-26 15:08:48,7,9,10823,19928
2023-10-26 15:09:00,7,8,10823,19928
2023-10-26 15:09:01,6,8,10823,19928
2023-10-26 15:09:02,7,8,10823,19928
2023-10-26 15:09:03,7,8,10835,19940
2023-10-26 15:09:03,7,9,10835,19940
2023-10-26 15:09:03,7,8,10835,19940
2023-10-26 15:09:04,7,9,10835,19940
2023-10-26 15:09:04,7,8,10835,19940
2023-10-26 15:09:05,7,8,10853,19958
2023-10-26 15:09:05,7,9,10853,19958
2023-10-26 15:09:22,6,9,10853,19958
2023-10-26 15:09:25,7,9,10853,19958
2023-10-26 15:09:28,7,8,10853,19958
2023-10-26 15:09:30,6,8,10853,19958
2023-10-26 15:09:32,6,7,10853,19958
2023-10-26 15:09:39,6,7,10913,20018
2023-10-26 15:09:40,5,7,10913,20018
2023-10-26 15:09:48,6,7,10913,20018
2023-10-26 15:09:56,5,7,10913,20018
2023-10-26 15:09:56,6,7,10913,20018
2023-10-26 15:10:01,6,7,10925,20030
2023-10-26 15:10:07,5,7,10925,20030
2023-10-26 15:10:08,6,7,10925,20030
2023-10-26 15:10:09,5,7,10925,20030
2023-10-26 15:10:13,6,7,10925,20030
2023-10-26 15:10:14,5,7,10925,20030
2023-10-26 15:10:21,5,6,10925,20030
2023-10-26 15:10:21,4,6,11132,20237
2023-10-26 15:10:31,4,5,11132,20237
2023-10-26 15:10:38,4,5,11192,20297
2023-10-26 15:10:39,3,5,11192,20297
2023-10-26 15:10:40,3,4,11192,20297
2023-10-26 15:10:40,3,4,11392,20497
2023-10-26 15:10:41,2,4,11592,20697
2023-10-26 15:10:44,3,4,11592,20697
2023-10-26 15:10:51,3,4,11712,20817
2023-10-26 15:10:53,2,4,11712,20817
2023-10-26 15:11:17,2,3,11712,20817
2023-10-26 15:11:25,1,3,11712,20817
2023-10-26 15:11:51,1,3,11712,21067
2023-10-26 15:11:56,2,3,11712,21067
2023-10-26 15:12:49,2,3,11713,21068
2023-10-26 15:14:05,2,3,11714,21069
2023-10-26 15:15:15,2,3,11714,21269
2023-10-26 15:15:21,2,3,11714,21419
2023-10-26 15:15:22,1,2,11777,21567
2023-10-26 15:15:23,1,3,11777,21567
2023-10-26 15:15:55,1,3,11779,21569
2023-10-26 15:16:34,1,3,11782,21572
2023-10-26 15:21:16,1,2,11782,21572
2023-10-26 15:22:03,1,2,11819,21609
2023-10-26 15:22:09,1,2,11879,21669
2023-10-26 15:22:11,1,2,11890,21680
2023-10-26 15:22:29,1,2,12235,22025
2023-10-26 15:24:01,0,2,12777,22567
2023-10-26 15:30:52,0,1,12777,22567
2023-10-26 15:35:50,0,1,12777,22600
2023-10-26 15:37:52,1,2,12777,22800
2023-10-26 15:38:16,1,2,12777,23000
2023-10-26 15:38:16,1,2,12777,23200
2023-10-26 15:38:36,1,2,12777,23400
2023-10-26 15:39:10,1,2,12777,23427
2023-10-26 15:40:02,0,2,11604,24600
2023-10-26 15:46:53,0,1,11604,24600
