datetime,bid,ask,open_interest,volume
2023-10-26 09:30:31,11,79,61,70
2023-10-26 09:30:31,11,21,61,70
2023-10-26 09:30:43,11,79,61,70
2023-10-26 09:30:43,11,78,61,70
2023-10-26 09:30:43,1,78,61,70
2023-10-26 09:30:43,1,79,61,70
2023-10-26 09:30:43,9,79,61,70
2023-10-26 09:30:43,9,20,61,70
2023-10-26 09:31:00,9,16,61,70
2023-10-26 09:31:05,14,15,61,70
2023-10-26 09:31:11,13,15,61,70
2023-10-26 09:31:16,12,14,61,70
2023-10-26 09:31:22,11,14,61,70
2023-10-26 09:32:14,11,14,61,70
2023-10-26 09:32:14,12,14,61,70
2023-10-26 09:32:17,11,14,61,70
2023-10-26 09:32:17,12,14,61,70
2023-10-26 09:32:23,11,14,61,70
2023-10-26 09:32:36,11,13,61,70
2023-10-26 09:33:08,10,13,61,70
2023-10-26 09:33:09,10,12,61,70
2023-10-26 09:33:13,10,11,61,70
2023-10-26 09:34:17,10,12,61,70
2023-10-26 09:34:25,10,13,61,70
2023-10-26 09:34:32,10,12,61,70
2023-10-26 09:34:33,10,13,61,70
2023-10-26 09:34:34,10,12,61,70
2023-10-26 09:34:38,10,13,61,70
2023-10-26 09:34:42,11,13,61,70
2023-10-26 09:34:58,11,12,61,70
2023-10-26 09:35:01,11,13,61,70
2023-10-26 09:35:05,11,12,61,70
2023-10-26 09:35:32,11,13,61,70
2023-10-26 09:35:32,11,12,61,70
2023-10-26 09:35:59,11,13,61,70
2023-10-26 09:36:20,11,12,61,70
2023-10-26 09:36:28,10,12,61,70
2023-10-26 09:36:32,10,11,61,70
2023-10-26 09:36:52,10,12,61,70
2023-10-26 09:36:52,10,11,61,70
2023-10-26 09:36:56,10,12,61,70
2023-10-26 09:36:56,10,11,61,70
2023-10-26 09:36:57,10,12,61,70
2023-10-26 09:36:58,11,12,61,70
2023-10-26 09:37:02,11,13,61,70
2023-10-26 09:37:02,11,12,61,70
2023-10-26 09:37:08,10,12,61,70
2023-10-26 09:37:26,10,13,61,70
2023-10-26 09:37:27,11,13,61,70
2023-10-26 09:37:30,11,12,61,70
2023-10-26 09:37:31,11,13,61,70
2023-10-26 09:37:32,11,12,61,70
2023-10-26 09:37:38,11,13,61,70
2023-10-26 09:37:40,11,12,61,70
2023-10-26 09:37:42,11,13,61,70
2023-10-26 09:37:44,11,12,61,70
2023-10-26 09:37:45,11,13,61,70
2023-10-26 09:37:48,11,12,61,70
2023-10-26 09:37:48,11,13,61,70
2023-10-26 09:37:59,12,13,61,70
2023-10-26 09:38:02,12,14,61,70
2023-10-26 09:38:03,12,13,61,70
2023-10-26 09:38:11,12,14,61,70
2023-10-26 09:38:18,12,13,61,70
2023-10-26 09:38:21,12,14,61,70
2023-10-26 09:38:26,13,14,61,70
2023-10-26 09:38:31,13,15,61,70
2023-10-26 09:38:59,14,15,61,70
2023-10-26 09:39:11,14,15,113,122
2023-10-26 09:39:12,14,16,113,122
2023-10-26 09:39:17,15,16,113,122
2023-10-26 09:39:29,15,17,113,122
2023-10-26 09:39:33,16,17,113,122
2023-10-26 09:39:36,15,17,113,122
2023-10-26 09:39:56,16,17,113,122
2023-10-26 09:40:05,15,17,113,122
2023-10-26 09:40:12,15,16,113,122
2023-10-26 09:41:03,15,17,113,122
2023-10-26 09:41:03,15,16,113,122
2023-10-26 09:41:14,15,17,113,122
2023-10-26 09:41:17,15,16,113,122
2023-10-26 09:41:19,15,17,113,122
2023-10-26 09:41:28,15,16,113,122
2023-10-26 09:41:29,15,17,113,122
2023-10-26 09:41:30,15,16,113,122
2023-10-26 09:41:32,15,17,348,357
2023-10-26 09:41:32,15,16,348,357
2023-10-26 09:41:51,15,17,348,357
2023-10-26 09:41:52,15,16,348,357
2023-10-26 09:42:04,14,16,348,357
2023-10-26 09:42:07,14,15,348,357
2023-10-26 09:42:10,14,16,348,357
2023-10-26 09:42:12,14,15,348,357
2023-10-26 09:42:26,13,15,348,357
2023-10-26 09:42:30,13,14,348,357
2023-10-26 09:42:30,13,15,348,357
2023-10-26 09:42:30,13,14,348,357
2023-10-26 09:43:15,13,15,348,357
2023-10-26 09:43:56,13,14,348,357
2023-10-26 09:43:56,13,15,348,357
2023-10-26 09:43:56,13,14,348,357
2023-10-26 09:44:26,12,14,348,357
2023-10-26 09:44:26,12,13,348,357
2023-10-26 09:44:30,12,14,348,357
2023-10-26 09:44:50,13,14,348,357
2023-10-26 09:44:52,12,14,348,357
2023-10-26 09:44:52,13,14,348,357
2023-10-26 09:45:08,13,15,348,357
2023-10-26 09:45:25,12,15,348,357
2023-10-26 09:45:28,12,14,348,357
2023-10-26 09:45:34,12,13,348,357
2023-10-26 09:45:45,12,14,348,357
2023-10-26 09:45:45,12,13,348,357
2023-10-26 09:45:51,12,14,348,357
2023-10-26 09:46:06,12,15,348,357
2023-10-26 09:46:07,13,15,348,357
2023-10-26 09:46:17,13,15,365,374
2023-10-26 09:46:20,12,15,365,374
2023-10-26 09:46:20,12,13,365,374
2023-10-26 09:46:44,12,13,565,574
2023-10-26 09:46:44,12,13,815,824
2023-10-26 09:46:45,12,13,1065,1074
2023-10-26 09:46:46,12,13,1265,1274
2023-10-26 09:46:47,12,13,1465,1474
2023-10-26 09:46:49,12,13,1665,1674
2023-10-26 09:46:50,12,13,1865,1874
2023-10-26 09:46:54,12,13,2115,2124
2023-10-26 09:47:00,12,13,2365,2374
2023-10-26 09:47:04,12,15,2377,2386
2023-10-26 09:47:05,13,15,2377,2386
2023-10-26 09:47:09,13,14,2377,2386
2023-10-26 09:47:11,13,15,2377,2386
2023-10-26 09:47:11,13,14,2377,2386
2023-10-26 09:47:17,13,15,2377,2386
2023-10-26 09:47:23,14,15,2377,2386
2023-10-26 09:47:27,14,15,2377,2636
2023-10-26 09:47:30,14,15,2377,2886
2023-10-26 09:47:32,14,16,2377,2886
2023-10-26 09:47:32,15,16,2377,2886
2023-10-26 09:47:41,15,16,2377,3136
2023-10-26 09:47:45,15,16,2377,3386
2023-10-26 09:48:03,15,17,2408,3486
2023-10-26 09:48:10,15,17,2408,3497
2023-10-26 09:48:18,15,17,2658,3747
2023-10-26 09:48:18,16,17,2658,3747
2023-10-26 09:48:19,16,17,2908,3997
2023-10-26 09:48:33,16,17,3158,4247
2023-10-26 09:48:33,16,18,3158,4247
2023-10-26 09:48:35,17,18,3158,4247
2023-10-26 09:49:02,17,19,3158,4247
2023-10-26 09:49:02,18,19,3158,4247
2023-10-26 09:50:20,18,20,3158,4247
2023-10-26 09:50:20,19,20,3158,4247
2023-10-26 09:50:59,19,21,3158,4247
2023-10-26 09:50:59,20,21,3158,4247
2023-10-26 09:51:06,19,21,3158,4247
2023-10-26 09:51:14,19,20,3158,4247
2023-10-26 09:51:15,19,21,3158,4247
2023-10-26 09:51:16,20,21,3158,4247
2023-10-26 09:51:18,20,21,3158,4260
2023-10-26 09:51:20,20,21,3158,4273
2023-10-26 09:51:32,20,21,3158,4297
2023-10-26 09:52:15,19,21,3158,4297
2023-10-26 09:52:24,19,20,3158,4297
2023-10-26 09:52:25,19,21,3158,4297
2023-10-26 09:52:26,19,20,3158,4297
2023-10-26 09:52:27,19,21,3158,4297
2023-10-26 09:52:27,19,20,3158,4297
2023-10-26 09:52:32,19,20,3158,4315
2023-10-26 09:52:36,18,20,3158,4315
2023-10-26 09:52:36,18,19,3158,4315
2023-10-26 09:52:38,18,20,3158,4315
2023-10-26 09:52:38,18,19,3158,4315
2023-10-26 09:52:41,18,20,3158,4315
2023-10-26 09:52:48,18,21,3158,4315
2023-10-26 09:52:51,19,21,3158,4315
2023-10-26 09:52:53,18,21,3158,4315
2023-10-26 09:52:53,19,21,3158,4315
2023-10-26 09:52:54,18,21,3158,4315
2023-10-26 09:52:54,19,21,3158,4315
2023-10-26 09:53:08,20,21,3158,4315
2023-10-26 09:53:32,20,22,3158,4315
2023-10-26 09:53:32,21,22,3158,4315
2023-10-26 09:53:43,20,22,3158,4315
2023-10-26 09:53:46,21,22,3158,4315
2023-10-26 09:54:31,20,22,3158,4315
2023-10-26 09:54:47,20,21,3158,4315
2023-10-26 09:54:48,20,22,3158,4315
2023-10-26 09:55:02,20,21,3158,4315
2023-10-26 09:55:06,20,22,3158,4315
2023-10-26 09:55:07,20,21,3158,4315
2023-10-26 09:55:12,20,22,3158,4315
2023-10-26 09:55:13,20,21,3158,4315
2023-10-26 09:55:22,19,21,3158,4315
2023-10-26 09:55:58,20,21,3158,4315
2023-10-26 09:55:59,20,22,3158,4315
2023-10-26 09:56:00,19,22,3158,4315
2023-10-26 09:56:01,19,21,3158,4315
2023-10-26 09:56:05,20,21,3158,4315
2023-10-26 09:56:06,19,21,3158,4315
2023-10-26 09:56:07,20,21,3158,4315
2023-10-26 09:56:07,19,21,3158,4315
2023-10-26 09:56:26,19,22,3158,4315
2023-10-26 09:56:28,20,22,3158,4315
2023-10-26 09:56:35,19,22,3158,4315
2023-10-26 09:56:35,19,21,3158,4315
2023-10-26 09:56:57,20,21,3158,4315
2023-10-26 09:56:57,20,22,3158,4315
2023-10-26 09:56:59,19,22,3158,4315
2023-10-26 09:57:01,20,22,3158,4315
2023-10-26 09:57:19,21,22,3158,4315
2023-10-26 09:58:44,21,23,3158,4315
2023-10-26 09:58:48,22,23,3158,4315
2023-10-26 09:58:48,22,23,3158,4328
2023-10-26 09:58:50,22,23,3158,4439
2023-10-26 09:59:11,21,23,3158,4439
2023-10-26 09:59:19,22,23,3158,4439
2023-10-26 09:59:23,21,23,3158,4439
2023-10-26 10:01:37,22,23,3158,4439
2023-10-26 10:01:41,21,23,3158,4439
2023-10-26 10:01:44,22,23,3158,4439
2023-10-26 10:02:22,22,24,3158,4439
2023-10-26 10:02:22,23,24,3158,4439
2023-10-26 10:02:27,23,24,3158,4574
2023-10-26 10:02:46,22,24,3158,4574
2023-10-26 10:03:45,22,23,3158,4574
2023-10-26 10:03:50,22,23,3158,4647
2023-10-26 10:03:59,22,24,3158,4647
2023-10-26 10:04:03,22,23,3158,4647
2023-10-26 10:04:08,21,23,3158,4647
2023-10-26 10:04:14,21,22,3158,4647
2023-10-26 10:04:22,21,23,3158,4647
2023-10-26 10:04:44,21,24,3158,4647
2023-10-26 10:04:45,22,24,3158,4647
2023-10-26 10:05:00,23,24,3158,4647
2023-10-26 10:05:50,22,24,3158,4647
2023-10-26 10:06:04,21,24,3158,4647
2023-10-26 10:06:05,22,24,3158,4647
2023-10-26 10:06:06,21,24,3158,4647
2023-10-26 10:06:07,21,23,3158,4647
2023-10-26 10:06:08,22,23,3158,4647
2023-10-26 10:06:09,22,24,3158,4647
2023-10-26 10:06:20,21,24,3158,4647
2023-10-26 10:06:22,21,23,3158,4647
2023-10-26 10:06:23,21,24,3158,4647
2023-10-26 10:06:24,21,23,3158,4647
2023-10-26 10:06:37,21,24,3158,4647
2023-10-26 10:06:40,22,24,3158,4647
2023-10-26 10:07:12,21,24,3158,4647
2023-10-26 10:07:12,22,24,3158,4647
2023-10-26 10:07:22,21,24,3158,4647
2023-10-26 10:07:22,22,24,3158,4647
2023-10-26 10:07:30,21,24,3158,4647
2023-10-26 10:07:32,21,23,3158,4647
2023-10-26 10:07:33,21,24,3158,4647
2023-10-26 10:07:33,21,23,3158,4647
2023-10-26 10:07:34,22,23,3158,4647
2023-10-26 10:07:35,21,23,3158,4647
2023-10-26 10:07:43,21,24,3158,4647
2023-10-26 10:07:44,21,23,3158,4647
2023-10-26 10:08:04,21,24,3158,4647
2023-10-26 10:08:07,21,23,3158,4647
2023-10-26 10:08:09,21,24,3158,4647
2023-10-26 10:08:09,22,24,3158,4647
2023-10-26 10:09:00,23,24,3158,4647
2023-10-26 10:09:54,23,25,3158,4647
2023-10-26 10:09:55,24,25,3158,4647
2023-10-26 10:10:02,23,25,3158,4647
2023-10-26 10:10:05,24,25,3158,4647
2023-10-26 10:10:05,23,25,3158,4647
2023-10-26 10:10:06,24,25,3158,4647
2023-10-26 10:10:14,23,25,3158,4647
2023-10-26 10:10:27,23,24,3158,4647
2023-10-26 10:10:42,23,25,3158,4647
2023-10-26 10:10:46,23,24,3158,4647
2023-10-26 10:10:48,23,25,3158,4647
2023-10-26 10:12:38,24,25,3158,4647
2023-10-26 10:12:46,23,25,3158,4647
2023-10-26 10:12:48,24,25,3158,4647
2023-10-26 10:15:31,23,25,3158,4647
2023-10-26 10:15:58,23,24,3158,4647
2023-10-26 10:16:01,23,25,3158,4647
2023-10-26 10:16:26,24,25,3158,4647
2023-10-26 10:18:23,24,25,3158,4707
2023-10-26 10:19:50,24,26,3158,4707
2023-10-26 10:19:50,25,26,3158,4707
2023-10-26 10:20:03,24,26,3158,4707
2023-10-26 10:20:06,25,26,3158,4707
2023-10-26 10:20:08,24,26,3158,4707
2023-10-26 10:20:38,24,25,3158,4707
2023-10-26 10:20:43,23,25,3158,4707
2023-10-26 10:20:51,23,25,3308,4857
2023-10-26 10:20:53,23,26,3308,4857
2023-10-26 10:20:54,24,26,3308,4857
2023-10-26 10:21:11,25,26,3308,4857
2023-10-26 10:22:02,24,26,3308,4857
2023-10-26 10:23:17,25,26,3308,4857
2023-10-26 10:23:19,24,26,3308,4857
2023-10-26 10:23:20,25,26,3308,4857
2023-10-26 10:24:10,25,27,3308,4857
2023-10-26 10:24:31,26,27,3308,4857
2023-10-26 10:24:32,25,27,3308,4857
2023-10-26 10:24:32,26,27,3308,4857
2023-10-26 10:24:50,25,27,3308,4857
2023-10-26 10:24:50,26,27,3308,4857
2023-10-26 10:25:03,25,27,3308,4857
2023-10-26 10:25:03,26,27,3308,4857
2023-10-26 10:25:07,25,27,3308,4857
2023-10-26 10:25:10,26,27,3308,4857
2023-10-26 10:25:13,25,27,3308,4857
2023-10-26 10:25:16,26,27,3308,4857
2023-10-26 10:25:33,25,27,3308,4857
2023-10-26 10:25:50,26,27,3308,4857
2023-10-26 10:25:58,25,27,3308,4857
2023-10-26 10:26:38,25,26,3308,4857
2023-10-26 10:26:38,25,27,3308,4857
2023-10-26 10:26:38,25,26,3308,4857
2023-10-26 10:26:39,25,27,3308,4857
2023-10-26 10:26:40,25,26,3308,4857
2023-10-26 10:26:43,25,27,3308,4857
2023-10-26 10:26:44,25,26,3308,4857
2023-10-26 10:26:45,25,27,3308,4857
2023-10-26 10:27:21,25,26,3308,4857
2023-10-26 10:27:21,25,27,3308,4857
2023-10-26 10:27:21,25,26,3308,4857
2023-10-26 10:27:22,25,27,3308,4857
2023-10-26 10:27:25,25,26,3308,4857
2023-10-26 10:27:26,25,27,3308,4857
2023-10-26 10:27:26,25,26,3308,4857
2023-10-26 10:27:27,25,27,3308,4857
2023-10-26 10:27:28,25,26,3308,4857
2023-10-26 10:27:29,25,27,3308,4857
2023-10-26 10:28:03,25,26,3308,4857
2023-10-26 10:28:03,25,26,3308,4917
2023-10-26 10:28:16,24,26,3308,4917
2023-10-26 10:28:28,23,26,3308,4917
2023-10-26 10:28:33,23,25,3308,4917
2023-10-26 10:28:39,23,25,3308,5037
2023-10-26 10:28:46,23,24,3308,5037
2023-10-26 10:28:52,22,24,3308,5177
2023-10-26 10:28:54,22,24,3308,5237
2023-10-26 10:28:56,22,23,3308,5237
2023-10-26 10:28:57,22,24,3308,5237
2023-10-26 10:28:57,22,23,3308,5237
2023-10-26 10:29:12,22,24,3308,5237
2023-10-26 10:29:47,23,24,3308,5237
2023-10-26 10:29:47,23,24,3308,5297
2023-10-26 10:29:47,22,24,3308,5297
2023-10-26 10:29:50,23,24,3308,5297
2023-10-26 10:30:22,22,24,3308,5297
2023-10-26 10:30:22,23,24,3308,5297
2023-10-26 10:30:42,22,24,3308,5297
2023-10-26 10:30:58,23,24,3308,5297
2023-10-26 10:31:02,22,24,3308,5297
2023-10-26 10:31:28,23,24,3308,5297
2023-10-26 10:31:34,22,24,3308,5297
2023-10-26 10:31:38,23,24,3308,5297
2023-10-26 10:31:56,23,25,3308,5297
2023-10-26 10:31:57,24,25,3308,5297
2023-10-26 10:32:11,23,25,3308,5297
2023-10-26 10:32:15,24,25,3308,5297
2023-10-26 10:32:15,23,25,3308,5297
2023-10-26 10:32:16,24,25,3308,5297
2023-10-26 10:32:17,23,25,3308,5297
2023-10-26 10:32:17,24,25,3308,5297
2023-10-26 10:32:17,23,25,3308,5297
2023-10-26 10:32:18,24,25,3308,5297
2023-10-26 10:32:18,23,25,3308,5297
2023-10-26 10:32:36,23,24,3308,5297
2023-10-26 10:32:36,23,25,3308,5297
2023-10-26 10:32:51,24,25,3308,5297
2023-10-26 10:32:58,24,26,3308,5297
2023-10-26 10:33:35,25,26,3308,5297
2023-10-26 10:33:44,25,26,3423,5428
2023-10-26 10:35:45,25,27,3423,5428
2023-10-26 10:35:45,26,27,3423,5428
2023-10-26 10:37:12,26,28,3423,5428
2023-10-26 10:37:14,27,28,3423,5428
2023-10-26 10:37:19,26,28,3423,5428
2023-10-26 10:37:58,27,28,3423,5428
2023-10-26 10:38:06,26,28,3423,5428
2023-10-26 10:38:08,27,28,3423,5428
2023-10-26 10:38:36,26,28,3423,5428
2023-10-26 10:38:37,27,28,3423,5428
2023-10-26 10:38:39,26,28,3423,5428
2023-10-26 10:38:42,27,28,3423,5428
2023-10-26 10:39:02,26,28,3423,5428
2023-10-26 10:39:02,27,28,3423,5428
2023-10-26 10:39:59,27,28,3428,5433
2023-10-26 10:40:07,26,28,3428,5433
2023-10-26 10:40:45,27,28,3428,5433
2023-10-26 10:40:47,26,28,3428,5433
2023-10-26 10:41:17,27,28,3428,5433
2023-10-26 10:41:22,26,28,3428,5433
2023-10-26 10:41:23,27,28,3428,5433
2023-10-26 10:41:24,26,28,3428,5433
2023-10-26 10:41:34,25,28,3428,5433
2023-10-26 10:41:34,26,28,3428,5433
2023-10-26 10:41:36,26,27,3428,5433
2023-10-26 10:41:36,25,27,3428,5433
2023-10-26 10:41:39,26,27,3428,5433
2023-10-26 10:41:42,25,27,3428,5433
2023-10-26 10:42:07,26,27,3428,5433
2023-10-26 10:42:09,26,28,3428,5433
2023-10-26 10:42:31,26,28,3428,5583
2023-10-26 10:42:34,25,28,3428,5583
2023-10-26 10:42:37,25,27,3428,5583
2023-10-26 10:42:42,25,28,3428,5583
2023-10-26 10:42:43,25,27,3428,5583
2023-10-26 10:42:44,25,28,3428,5583
2023-10-26 10:42:45,25,27,3428,5583
2023-10-26 10:43:05,25,26,3428,5583
2023-10-26 10:43:05,25,26,3428,5703
2023-10-26 10:43:06,25,27,3428,5703
2023-10-26 10:43:14,25,26,3428,5703
2023-10-26 10:43:14,25,27,3428,5703
2023-10-26 10:43:14,25,26,3428,5703
2023-10-26 10:43:19,25,27,3428,5703
2023-10-26 10:43:27,25,26,3428,5703
2023-10-26 10:43:28,25,27,3428,5703
2023-10-26 10:43:29,25,26,3428,5703
2023-10-26 10:43:33,25,26,3428,5763
2023-10-26 10:44:10,24,26,3428,5763
2023-10-26 10:44:46,24,25,3428,5763
2023-10-26 10:44:46,24,25,3428,5823
2023-10-26 10:44:48,24,25,3544,5943
2023-10-26 10:44:53,23,25,3544,5943
2023-10-26 10:45:52,23,24,3544,5943
2023-10-26 10:45:54,23,24,3744,6143
2023-10-26 10:46:21,22,24,3744,6143
2023-10-26 10:46:29,22,23,3744,6143
2023-10-26 10:46:43,21,23,3744,6143
2023-10-26 10:46:44,21,22,3744,6143
2023-10-26 10:47:21,20,22,3744,6143
2023-10-26 10:47:29,20,21,3744,6143
2023-10-26 10:47:32,20,22,3744,6143
2023-10-26 10:47:32,20,21,3744,6143
2023-10-26 10:47:36,20,22,3744,6143
2023-10-26 10:47:39,20,21,3744,6143
2023-10-26 10:47:47,20,22,3744,6143
2023-10-26 10:47:47,20,21,3744,6143
2023-10-26 10:49:15,19,21,3744,6143
2023-10-26 10:49:15,19,20,3744,6143
2023-10-26 10:49:30,19,21,3744,6143
2023-10-26 10:49:32,19,20,3744,6143
2023-10-26 10:50:07,19,20,3744,6153
2023-10-26 10:50:08,19,20,3744,6163
2023-10-26 10:50:32,18,19,3744,6243
2023-10-26 10:50:57,17,19,3744,6243
2023-10-26 10:50:57,17,18,3744,6243
2023-10-26 10:51:06,17,19,3744,6243
2023-10-26 10:51:07,17,18,3744,6243
2023-10-26 10:51:24,17,19,3744,6437
2023-10-26 10:51:24,17,18,3744,6437
2023-10-26 10:51:25,17,19,3784,6548
2023-10-26 10:51:25,17,18,3784,6548
2023-10-26 10:51:35,17,18,3934,6698
2023-10-26 10:51:59,17,19,3978,6812
2023-10-26 10:52:00,17,18,3978,6812
2023-10-26 10:54:07,16,17,3978,6912
2023-10-26 10:54:17,16,17,4182,7162
2023-10-26 10:54:28,16,18,4186,7166
2023-10-26 10:54:29,16,17,4186,7166
2023-10-26 10:54:32,16,18,4397,7377
2023-10-26 10:54:34,16,17,4397,7377
2023-10-26 10:54:36,16,18,4397,7377
2023-10-26 10:54:39,16,17,4397,7377
2023-10-26 10:54:41,16,18,4523,7503
2023-10-26 10:55:04,17,18,4523,7503
2023-10-26 10:55:05,17,19,4523,7503
2023-10-26 10:55:08,17,18,4523,7503
2023-10-26 10:55:09,16,18,4523,7503
2023-10-26 10:55:11,17,18,4523,7503
2023-10-26 10:55:15,16,18,4523,7503
2023-10-26 10:55:28,16,17,4523,7503
2023-10-26 10:55:29,16,18,4523,7503
2023-10-26 10:55:42,17,18,4523,7503
2023-10-26 10:55:43,17,19,4523,7503
2023-10-26 10:55:51,18,19,4523,7503
2023-10-26 10:55:54,18,20,4523,7503
2023-10-26 10:55:55,18,19,4523,7503
2023-10-26 10:56:01,18,20,4523,7503
2023-10-26 10:56:02,18,19,4523,7503
2023-10-26 10:56:19,17,19,4523,7503
2023-10-26 10:56:21,17,18,4523,7503
2023-10-26 10:56:22,17,19,4716,7696
2023-10-26 10:56:26,17,18,4716,7696
2023-10-26 10:56:26,17,19,4716,7696
2023-10-26 10:56:27,17,18,4716,7696
2023-10-26 10:56:28,17,19,4716,7696
2023-10-26 10:56:28,17,18,4716,7696
2023-10-26 10:56:41,17,19,4716,7696
2023-10-26 10:56:42,17,18,4716,7696
2023-10-26 10:56:42,17,19,4716,7696
2023-10-26 10:57:40,17,20,4716,7696
2023-10-26 10:57:41,17,19,4716,7696
2023-10-26 10:58:15,18,19,4716,7696
2023-10-26 10:58:15,18,20,4716,7696
2023-10-26 10:58:49,19,20,4716,7696
2023-10-26 10:58:50,19,21,4716,7696
2023-10-26 10:59:03,20,21,4716,7696
2023-10-26 10:59:16,20,22,4716,7696
2023-10-26 10:59:33,20,21,4716,7696
2023-10-26 11:00:03,20,22,4716,7696
2023-10-26 11:00:30,21,22,4716,7696
2023-10-26 11:00:50,20,22,4716,7696
2023-10-26 11:00:57,20,21,4716,7696
2023-10-26 11:00:57,20,22,4716,7696
2023-10-26 11:00:57,20,21,4716,7696
2023-10-26 11:01:07,19,21,4716,7696
2023-10-26 11:01:08,20,21,4716,7696
2023-10-26 11:01:24,20,22,4955,7935
2023-10-26 11:01:36,20,21,4955,7935
2023-10-26 11:01:38,20,22,4955,7935
2023-10-26 11:02:00,20,21,4955,7935
2023-10-26 11:02:04,20,22,4955,7935
2023-10-26 11:02:29,21,22,4955,7935
2023-10-26 11:02:43,21,23,5155,8135
2023-10-26 11:02:44,22,23,5155,8135
2023-10-26 11:02:47,22,24,5155,8135
2023-10-26 11:02:48,23,24,5155,8135
2023-10-26 11:03:10,22,24,5155,8135
2023-10-26 11:03:16,23,24,5155,8135
2023-10-26 11:03:54,23,25,5155,8135
2023-10-26 11:04:04,24,25,5155,8135
2023-10-26 11:04:15,23,25,5155,8135
2023-10-26 11:04:39,24,25,5155,8135
2023-10-26 11:04:43,24,26,5155,8135
2023-10-26 11:04:49,25,26,5155,8135
2023-10-26 11:05:17,25,27,5155,8135
2023-10-26 11:05:17,26,27,5155,8135
2023-10-26 11:06:44,26,28,5155,8135
2023-10-26 11:06:44,27,28,5155,8135
2023-10-26 11:06:44,27,28,5155,8149
2023-10-26 11:07:13,26,28,5155,8149
2023-10-26 11:07:17,27,28,5155,8149
2023-10-26 11:07:23,26,28,5155,8149
2023-10-26 11:07:24,27,28,5155,8149
2023-10-26 11:07:41,26,28,5155,8149
2023-10-26 11:07:41,27,28,5155,8149
2023-10-26 11:08:07,26,28,5155,8149
2023-10-26 11:08:15,27,28,5155,8149
2023-10-26 11:08:38,26,28,5155,8149
2023-10-26 11:08:38,27,28,5155,8149
2023-10-26 11:08:39,26,28,5155,8149
2023-10-26 11:08:39,27,28,5155,8149
2023-10-26 11:08:56,26,28,5155,8149
2023-10-26 11:08:57,27,28,5155,8149
2023-10-26 11:09:39,26,28,5155,8149
2023-10-26 11:09:39,27,28,5155,8149
2023-10-26 11:10:01,26,28,5155,8149
2023-10-26 11:10:13,26,27,5155,8149
2023-10-26 11:10:13,25,26,5155,8349
2023-10-26 11:11:02,25,26,5291,8549
2023-10-26 11:11:03,26,28,5309,8567
2023-10-26 11:11:05,27,28,5309,8567
2023-10-26 11:12:12,27,29,5309,8567
2023-10-26 11:12:12,28,29,5309,8567
2023-10-26 11:12:33,28,29,5309,8639
2023-10-26 11:12:43,28,30,5309,8639
2023-10-26 11:12:43,29,30,5309,8639
2023-10-26 11:13:04,27,29,5207,8741
2023-10-26 11:13:04,28,29,5207,8741
2023-10-26 11:13:09,28,30,5207,8741
2023-10-26 11:13:10,28,29,5207,8741
2023-10-26 11:13:18,28,30,5207,8741
2023-10-26 11:13:27,29,30,5207,8741
2023-10-26 11:13:27,28,30,5207,8919
2023-10-26 11:13:28,29,30,5207,8919
2023-10-26 11:13:32,28,30,5207,8919
2023-10-26 11:13:41,29,30,5207,8919
2023-10-26 11:13:43,28,30,5207,8919
2023-10-26 11:14:03,29,30,5207,8919
2023-10-26 11:15:04,28,30,5207,8919
2023-10-26 11:15:04,29,30,5207,8919
2023-10-26 11:20:21,28,30,5207,8919
2023-10-26 11:20:21,29,30,5207,8919
2023-10-26 11:20:41,28,30,5207,8919
2023-10-26 11:20:41,29,30,5207,8919
2023-10-26 11:21:35,29,31,5207,8919
2023-10-26 11:21:35,30,31,5207,8919
2023-10-26 11:22:09,29,31,5207,8919
2023-10-26 11:22:09,30,31,5207,8919
2023-10-26 11:26:25,30,32,5207,8919
2023-10-26 11:26:25,31,32,5207,8919
2023-10-26 11:26:25,31,32,5207,8934
2023-10-26 11:26:29,31,32,5207,8945
2023-10-26 11:28:31,30,32,5207,8945
2023-10-26 11:28:31,31,32,5207,8945
2023-10-26 11:28:32,30,32,5207,8945
2023-10-26 11:28:32,31,32,5207,8945
2023-10-26 11:29:01,30,32,5207,9110
2023-10-26 11:29:01,31,32,5207,9110
2023-10-26 11:29:03,30,32,5207,9110
2023-10-26 11:29:03,31,32,5207,9110
2023-10-26 11:29:30,30,32,5207,9110
2023-10-26 11:29:30,31,32,5207,9110
2023-10-26 11:31:47,30,32,5207,9110
2023-10-26 11:31:47,31,32,5207,9110
2023-10-26 11:31:53,31,32,5207,9124
2023-10-26 11:31:55,31,32,5207,9140
2023-10-26 11:33:01,30,32,5207,9140
2023-10-26 11:33:01,31,32,5207,9140
2023-10-26 11:33:37,30,32,5207,9140
2023-10-26 11:33:39,31,32,5207,9140
2023-10-26 11:33:41,31,32,5207,9273
2023-10-26 11:33:49,30,32,5207,9273
2023-10-26 11:33:56,31,32,5207,9273
2023-10-26 11:34:09,30,32,5207,9273
2023-10-26 11:34:09,31,32,5207,9273
2023-10-26 11:34:30,30,32,5207,9273
2023-10-26 11:34:30,31,32,5207,9273
2023-10-26 11:34:30,30,32,5207,9273
2023-10-26 11:34:31,31,32,5207,9273
2023-10-26 11:35:54,30,32,5207,9273
2023-10-26 11:35:54,31,32,5207,9273
2023-10-26 11:35:54,30,32,5207,9273
2023-10-26 11:35:55,31,32,5207,9273
2023-10-26 11:41:03,31,33,5207,9273
2023-10-26 11:41:03,32,33,5207,9273
2023-10-26 11:43:45,32,33,5207,9281
2023-10-26 11:43:51,32,33,5207,9289
2023-10-26 11:45:05,32,33,5207,9290
2023-10-26 11:49:31,32,34,5207,9290
2023-10-26 11:49:31,33,34,5207,9290
2023-10-26 11:50:35,33,34,5207,9410
2023-10-26 11:52:58,32,34,5207,9410
2023-10-26 11:52:59,33,34,5207,9410
2023-10-26 11:52:59,32,34,5207,9410
2023-10-26 11:53:00,33,34,5207,9410
2023-10-26 11:53:10,32,34,5207,9410
2023-10-26 11:53:10,33,34,5207,9410
2023-10-26 11:53:26,32,34,5207,9410
2023-10-26 11:53:26,33,34,5207,9410
2023-10-26 11:53:51,32,34,5207,9410
2023-10-26 11:53:51,33,34,5207,9410
2023-10-26 11:54:42,32,34,5207,9410
2023-10-26 11:54:42,33,34,5207,9410
2023-10-26 11:55:30,32,34,5207,9410
2023-10-26 11:55:30,33,34,5207,9410
2023-10-26 11:55:59,32,34,5207,9410
2023-10-26 11:56:00,32,33,5207,9410
2023-10-26 11:56:19,31,33,5207,9410
2023-10-26 11:56:20,32,33,5207,9410
2023-10-26 11:56:20,31,33,5207,9410
2023-10-26 11:56:21,32,33,5207,9410
2023-10-26 11:56:23,32,33,5207,9427
2023-10-26 11:56:32,31,33,5207,9427
2023-10-26 11:56:47,32,33,5207,9427
2023-10-26 11:56:54,31,33,5207,9427
2023-10-26 11:56:55,32,33,5207,9427
2023-10-26 11:56:58,31,33,5207,9427
2023-10-26 11:57:06,32,33,5207,9427
2023-10-26 11:58:46,31,33,5207,9427
2023-10-26 11:58:51,31,34,5207,9427
2023-10-26 11:58:51,32,34,5207,9427
2023-10-26 11:58:52,33,34,5207,9427
2023-10-26 11:59:30,32,34,5207,9427
2023-10-26 11:59:31,33,34,5207,9427
2023-10-26 12:04:59,33,35,5207,9427
2023-10-26 12:04:59,34,35,5207,9427
2023-10-26 12:06:29,33,35,5207,9427
2023-10-26 12:06:29,34,35,5207,9427
2023-10-26 12:07:26,33,35,5207,9427
2023-10-26 12:07:26,34,35,5207,9427
2023-10-26 12:07:54,33,35,5207,9427
2023-10-26 12:07:54,34,35,5207,9427
2023-10-26 12:08:04,33,35,5207,9427
2023-10-26 12:08:04,34,35,5207,9427
2023-10-26 12:08:22,33,35,5207,9427
2023-10-26 12:08:22,34,35,5207,9427
2023-10-26 12:08:34,33,35,5207,9427
2023-10-26 12:08:34,34,35,5207,9427
2023-10-26 12:10:49,33,35,5207,9427
2023-10-26 12:10:49,34,35,5207,9427
2023-10-26 12:11:50,33,35,5207,9427
2023-10-26 12:11:50,34,35,5207,9427
2023-10-26 12:12:50,33,35,5207,9427
2023-10-26 12:12:50,34,35,5207,9427
2023-10-26 12:13:10,33,35,5207,9427
2023-10-26 12:13:10,34,35,5207,9427
2023-10-26 12:13:36,33,35,5207,9427
2023-10-26 12:13:36,34,35,5207,9427
2023-10-26 12:13:51,33,35,5207,9427
2023-10-26 12:13:51,34,35,5207,9427
2023-10-26 12:15:06,33,35,5207,9427
2023-10-26 12:15:06,34,35,5207,9427
2023-10-26 12:15:47,33,35,5207,9427
2023-10-26 12:16:04,34,35,5207,9427
2023-10-26 12:16:10,33,35,5207,9427
2023-10-26 12:16:10,34,35,5207,9427
2023-10-26 12:16:25,33,35,5207,9427
2023-10-26 12:16:28,33,34,5207,9427
2023-10-26 12:16:35,33,35,5207,9427
2023-10-26 12:16:54,34,35,5207,9427
2023-10-26 12:17:06,33,35,5207,9427
2023-10-26 12:17:22,33,34,5207,9427
2023-10-26 12:17:54,32,34,5207,9427
2023-10-26 12:18:20,32,33,5207,9427
2023-10-26 12:18:26,31,33,5207,9427
2023-10-26 12:18:45,31,32,5207,9427
2023-10-26 12:19:01,30,32,5207,9427
2023-10-26 12:19:05,30,31,5207,9427
2023-10-26 12:19:18,30,31,5238,9458
2023-10-26 12:19:20,30,31,5270,9490
2023-10-26 12:19:21,30,31,5278,9498
2023-10-26 12:19:26,29,31,5278,9498
2023-10-26 12:19:30,29,30,5278,9498
2023-10-26 12:20:01,28,30,5278,9498
2023-10-26 12:20:01,28,29,5278,9498
2023-10-26 12:20:02,28,30,5278,9498
2023-10-26 12:20:03,28,29,5278,9498
2023-10-26 12:20:07,28,30,5278,9498
2023-10-26 12:20:11,28,29,5278,9498
2023-10-26 12:20:42,29,31,5279,9499
2023-10-26 12:20:54,30,31,5279,9499
2023-10-26 12:20:54,30,31,5279,9521
2023-10-26 12:20:56,30,31,5279,9559
2023-10-26 12:20:58,30,32,5279,9559
2023-10-26 12:21:11,31,32,5279,9559
2023-10-26 12:21:20,30,32,5279,9559
2023-10-26 12:21:35,29,32,5279,9559
2023-10-26 12:21:35,30,32,5279,9559
2023-10-26 12:21:54,29,32,5279,9559
2023-10-26 12:21:54,30,32,5279,9559
2023-10-26 12:22:41,29,32,5279,9559
2023-10-26 12:22:43,30,32,5279,9559
2023-10-26 12:22:47,29,32,5279,9559
2023-10-26 12:22:48,29,31,5279,9559
2023-10-26 12:22:49,29,32,5279,9559
2023-10-26 12:22:50,30,31,5279,9559
2023-10-26 12:22:50,29,31,5279,9559
2023-10-26 12:22:54,30,31,5279,9559
2023-10-26 12:22:57,29,31,5279,9559
2023-10-26 12:23:05,29,32,5279,9559
2023-10-26 12:23:07,30,32,5279,9559
2023-10-26 12:23:18,29,32,5279,9559
2023-10-26 12:23:19,30,32,5279,9559
2023-10-26 12:23:25,31,32,5279,9559
2023-10-26 12:23:33,32,33,5972,10359
2023-10-26 12:24:50,32,33,5977,10364
2023-10-26 12:28:01,33,34,5977,10365
2023-10-26 12:28:03,32,34,5977,10365
2023-10-26 12:28:05,33,34,5977,10365
2023-10-26 12:28:17,32,34,5977,10365
2023-10-26 12:28:17,33,34,5977,10365
2023-10-26 12:28:22,32,34,5977,10365
2023-10-26 12:28:40,33,34,5977,10365
2023-10-26 12:29:14,32,34,5977,10365
2023-10-26 12:29:14,33,34,5977,10365
2023-10-26 12:29:15,32,34,5977,10365
2023-10-26 12:29:15,33,34,5977,10365
2023-10-26 12:29:19,32,34,5977,10365
2023-10-26 12:29:20,33,34,5977,10365
2023-10-26 12:29:37,33,35,6177,10565
2023-10-26 12:30:10,32,35,6177,10565
2023-10-26 12:30:10,32,34,6177,10565
2023-10-26 12:30:13,32,35,6177,10565
2023-10-26 12:30:13,33,35,6177,10565
2023-10-26 12:30:18,32,35,6177,10565
2023-10-26 12:30:18,32,34,6177,10565
2023-10-26 12:30:34,32,35,6177,10565
2023-10-26 12:30:35,32,34,6177,10565
2023-10-26 12:30:36,32,35,6177,10565
2023-10-26 12:30:38,33,35,6177,10565
2023-10-26 12:30:41,32,35,6177,10565
2023-10-26 12:30:45,32,34,6177,10565
2023-10-26 12:30:52,33,34,6177,10565
2023-10-26 12:30:52,33,35,6177,10565
2023-10-26 12:30:54,33,34,6177,10565
2023-10-26 12:31:00,33,35,6177,10565
2023-10-26 12:31:09,33,34,6177,10565
2023-10-26 12:31:09,33,35,6177,10565
2023-10-26 12:31:43,33,35,6177,10566
2023-10-26 12:31:44,34,35,6177,10566
2023-10-26 12:31:44,34,35,6177,10716
2023-10-26 12:31:44,33,35,6177,10716
2023-10-26 12:31:46,34,35,6177,10716
2023-10-26 12:31:46,33,35,6177,10716
2023-10-26 12:31:47,34,35,6177,10716
2023-10-26 12:31:48,34,35,6177,10744
2023-10-26 12:31:48,33,35,6177,10744
2023-10-26 12:31:59,34,35,6177,10744
2023-10-26 12:31:59,33,35,6177,10744
2023-10-26 12:34:10,33,35,6177,10764
2023-10-26 12:34:59,33,34,6177,10764
2023-10-26 12:35:04,33,34,6177,10775
2023-10-26 12:35:06,33,34,6277,10895
2023-10-26 12:35:09,32,34,6277,10895
2023-10-26 12:35:35,32,35,6277,10895
2023-10-26 12:35:49,32,34,6277,10895
2023-10-26 12:36:10,33,34,6277,10895
2023-10-26 12:36:13,32,34,6277,10895
2023-10-26 12:36:21,33,34,6277,10895
2023-10-26 12:36:24,32,34,6277,10895
2023-10-26 12:36:25,33,34,6277,10895
2023-10-26 12:36:27,32,34,6277,10895
2023-10-26 12:37:06,32,33,6277,10895
2023-10-26 12:37:26,32,34,6277,10895
2023-10-26 12:37:26,32,33,6277,10895
2023-10-26 12:37:39,32,34,6277,10895
2023-10-26 12:37:39,32,33,6277,10895
2023-10-26 12:37:39,32,34,6277,10895
2023-10-26 12:37:40,32,33,6277,10895
2023-10-26 12:38:48,32,33,6292,10910
2023-10-26 12:38:51,32,34,6292,10910
2023-10-26 12:38:52,32,33,6292,10910
2023-10-26 12:38:52,32,34,6292,10910
2023-10-26 12:38:52,32,33,6292,10910
2023-10-26 12:39:06,32,33,6457,11075
2023-10-26 12:39:08,31,32,6472,11090
2023-10-26 12:39:09,30,32,6472,11090
2023-10-26 12:39:09,30,31,6472,11090
2023-10-26 12:39:44,30,32,6472,11090
2023-10-26 12:39:45,30,31,6472,11090
2023-10-26 12:40:23,29,31,6472,11090
2023-10-26 12:40:23,29,30,6472,11090
2023-10-26 12:41:02,29,31,6472,11090
2023-10-26 12:41:03,29,30,6472,11090
2023-10-26 12:41:06,29,31,6472,11090
2023-10-26 12:41:06,29,30,6472,11090
2023-10-26 12:41:09,30,31,6372,11281
2023-10-26 12:41:34,30,32,6372,11281
2023-10-26 12:41:35,30,31,6372,11281
2023-10-26 12:41:37,30,32,6372,11281
2023-10-26 12:41:45,30,31,6372,11281
2023-10-26 12:41:52,30,32,6372,11281
2023-10-26 12:41:52,30,31,6372,11281
2023-10-26 12:42:20,30,32,6372,11281
2023-10-26 12:42:20,30,31,6372,11281
2023-10-26 12:42:26,30,32,6372,11281
2023-10-26 12:42:29,30,31,6372,11281
2023-10-26 12:42:33,30,32,6372,11281
2023-10-26 12:42:37,30,31,6372,11281
2023-10-26 12:42:39,30,32,6372,11281
2023-10-26 12:42:52,30,31,6372,11281
2023-10-26 12:43:54,30,32,6372,11281
2023-10-26 12:43:58,31,32,6372,11281
2023-10-26 12:44:40,31,33,6372,11281
2023-10-26 12:44:41,31,32,6372,11281
2023-10-26 12:44:43,31,33,6372,11281
2023-10-26 12:44:45,31,32,6372,11281
2023-10-26 12:44:59,31,32,6373,11282
2023-10-26 12:45:07,30,32,6373,11282
2023-10-26 12:45:07,30,31,6373,11282
2023-10-26 12:46:02,29,31,6373,11282
2023-10-26 12:46:02,29,30,6373,11282
2023-10-26 12:46:06,29,31,6373,11282
2023-10-26 12:46:32,29,32,6373,11282
2023-10-26 12:46:34,29,31,6373,11282
2023-10-26 12:46:42,29,30,6373,11282
2023-10-26 12:46:45,29,31,6373,11282
2023-10-26 12:46:45,29,30,6373,11282
2023-10-26 12:47:12,29,31,6373,11282
2023-10-26 12:47:12,29,30,6373,11282
2023-10-26 12:47:41,29,30,6373,11355
2023-10-26 12:47:43,29,30,6373,11406
2023-10-26 12:47:44,28,30,6373,11406
2023-10-26 12:47:44,28,29,6373,11406
2023-10-26 12:48:52,28,30,6373,11406
2023-10-26 12:48:58,28,29,6373,11406
2023-10-26 12:50:24,27,29,6373,11406
2023-10-26 12:50:24,27,28,6373,11406
2023-10-26 12:50:36,27,28,6373,11606
2023-10-26 12:50:36,27,30,6373,11606
2023-10-26 12:50:36,27,29,6373,11606
2023-10-26 12:50:41,28,29,6373,11606
2023-10-26 12:50:56,27,29,6373,11606
2023-10-26 12:50:57,28,29,6373,11606
2023-10-26 12:51:03,27,29,6373,11606
2023-10-26 12:51:05,28,29,6373,11606
2023-10-26 12:51:13,27,29,6373,11606
2023-10-26 12:51:32,27,28,6373,11606
2023-10-26 12:51:33,27,29,6373,11606
2023-10-26 12:51:34,27,28,6373,11606
2023-10-26 12:51:59,27,29,6373,11606
2023-10-26 12:52:00,27,28,6373,11606
2023-10-26 12:52:28,28,29,6559,11792
2023-10-26 12:53:32,28,30,6559,11792
2023-10-26 12:53:32,28,29,6559,11792
2023-10-26 12:53:45,28,30,6559,11792
2023-10-26 12:53:50,28,29,6559,11792
2023-10-26 12:53:55,29,30,6764,11997
2023-10-26 12:54:30,29,30,6776,12009
2023-10-26 12:54:31,29,30,6788,12021
2023-10-26 12:54:34,29,30,6848,12081
2023-10-26 12:54:52,28,30,6859,12092
2023-10-26 12:54:52,28,29,6859,12092
2023-10-26 12:55:04,28,30,6859,12092
2023-10-26 12:55:12,28,29,6859,12092
2023-10-26 12:55:16,28,30,6859,12092
2023-10-26 12:55:26,29,30,6859,12092
2023-10-26 12:55:26,29,30,6859,12346
2023-10-26 12:55:26,29,31,6859,12346
2023-10-26 12:55:27,30,31,6859,12346
2023-10-26 12:55:27,30,31,6925,12466
2023-10-26 12:55:38,29,31,6925,12466
2023-10-26 12:55:47,29,30,6925,12466
2023-10-26 12:56:05,28,30,6925,12466
2023-10-26 12:56:23,29,30,6925,12466
2023-10-26 12:56:34,28,30,6925,12466
2023-10-26 12:56:34,28,29,6925,12466
2023-10-26 12:56:52,28,31,6925,12466
2023-10-26 12:56:52,28,30,6925,12466
2023-10-26 12:56:54,29,30,6925,12466
2023-10-26 12:57:04,28,30,6925,12466
2023-10-26 12:57:04,29,30,6925,12466
2023-10-26 12:57:04,28,30,6925,12466
2023-10-26 12:57:04,29,30,6925,12466
2023-10-26 12:57:07,28,30,6925,12466
2023-10-26 12:57:08,28,29,6925,12466
2023-10-26 12:57:16,28,31,6925,12532
2023-10-26 12:57:16,29,31,6925,12532
2023-10-26 12:57:21,29,30,6925,12532
2023-10-26 12:57:22,28,30,6925,12532
2023-10-26 12:57:23,29,30,6925,12532
2023-10-26 12:57:24,28,30,6925,12532
2023-10-26 12:57:32,29,30,6925,12532
2023-10-26 12:57:32,28,30,6925,12532
2023-10-26 12:57:42,28,31,6925,12532
2023-10-26 12:57:45,28,30,6925,12532
2023-10-26 12:57:46,29,31,6925,12532
2023-10-26 12:57:59,28,31,6925,12532
2023-10-26 12:58:01,28,30,6925,12532
2023-10-26 12:58:15,28,31,6925,12532
2023-10-26 12:58:18,29,31,6925,12532
2023-10-26 12:58:26,29,30,6925,12532
2023-10-26 12:58:26,28,30,6925,12532
2023-10-26 12:58:53,28,29,6925,12532
2023-10-26 12:59:19,28,30,6925,12532
2023-10-26 12:59:20,28,29,6925,12532
2023-10-26 12:59:22,28,30,6925,12532
2023-10-26 12:59:24,28,29,6925,12532
2023-10-26 13:00:14,28,29,7125,12732
2023-10-26 13:00:30,27,28,7239,12846
2023-10-26 13:00:37,27,29,7239,12846
2023-10-26 13:01:02,27,28,7239,12846
2023-10-26 13:01:16,27,29,7239,12846
2023-10-26 13:01:24,28,29,7239,12846
2023-10-26 13:01:26,28,30,7239,12846
2023-10-26 13:01:34,28,29,7239,12846
2023-10-26 13:01:34,28,30,7239,12846
2023-10-26 13:01:43,28,31,7239,12846
2023-10-26 13:01:43,29,31,7239,12846
2023-10-26 13:01:48,28,31,7239,12846
2023-10-26 13:01:49,29,31,7239,12846
2023-10-26 13:02:00,30,31,7239,12846
2023-10-26 13:02:00,30,32,7234,12851
2023-10-26 13:02:01,31,32,7234,12851
2023-10-26 13:02:10,31,33,7234,12851
2023-10-26 13:02:12,32,33,7234,12851
2023-10-26 13:02:14,32,35,7234,12851
2023-10-26 13:02:17,33,35,7234,12851
2023-10-26 13:02:39,34,35,7234,12851
2023-10-26 13:02:58,33,35,7234,12851
2023-10-26 13:02:58,34,35,7234,12851
2023-10-26 13:03:10,34,36,7434,13051
2023-10-26 13:03:11,35,36,7434,13051
2023-10-26 13:03:13,35,37,7434,13051
2023-10-26 13:03:14,36,37,7434,13051
2023-10-26 13:03:34,35,37,7434,13051
2023-10-26 13:03:41,36,37,7434,13051
2023-10-26 13:03:41,35,37,7434,13051
2023-10-26 13:03:42,36,37,7434,13051
2023-10-26 13:05:39,36,38,7434,13051
2023-10-26 13:05:39,37,38,7434,13051
2023-10-26 13:06:37,36,38,7434,13051
2023-10-26 13:06:37,37,38,7434,13051
2023-10-26 13:06:48,38,39,7434,13052
2023-10-26 13:07:23,38,39,7034,13452
2023-10-26 13:07:42,37,39,7034,13452
2023-10-26 13:08:02,36,37,6767,13719
2023-10-26 13:08:15,36,39,6767,13719
2023-10-26 13:08:15,36,38,6767,13719
2023-10-26 13:08:22,37,38,6767,13719
2023-10-26 13:08:22,37,39,6767,13719
2023-10-26 13:08:31,36,39,6767,13719
2023-10-26 13:08:31,37,39,6767,13719
2023-10-26 13:08:32,37,38,6767,13719
2023-10-26 13:08:33,37,39,6767,13719
2023-10-26 13:08:48,38,39,6767,13719
2023-10-26 13:08:49,37,39,6767,13719
2023-10-26 13:08:56,38,39,6767,13719
2023-10-26 13:09:05,38,39,6567,13919
2023-10-26 13:09:05,37,39,6567,13919
2023-10-26 13:09:08,38,39,6567,13919
2023-10-26 13:09:09,37,39,6567,13919
2023-10-26 13:09:13,38,39,6567,13919
2023-10-26 13:09:14,37,39,6567,13919
2023-10-26 13:09:17,38,39,6567,13919
2023-10-26 13:09:17,38,39,6367,14119
2023-10-26 13:09:17,37,39,6367,14119
2023-10-26 13:09:27,37,38,6367,14119
2023-10-26 13:09:45,36,37,5967,14519
2023-10-26 13:10:09,36,38,5967,14519
2023-10-26 13:10:09,36,39,5967,14519
2023-10-26 13:10:10,37,39,5967,14519
2023-10-26 13:10:17,36,39,5967,14519
2023-10-26 13:10:19,36,38,5967,14519
2023-10-26 13:10:19,36,39,5967,14519
2023-10-26 13:10:20,37,39,5967,14519
2023-10-26 13:10:20,37,38,5967,14519
2023-10-26 13:10:23,37,39,5967,14519
2023-10-26 13:10:26,37,38,5967,14519
2023-10-26 13:10:32,36,38,5967,14519
2023-10-26 13:10:38,37,38,5967,14519
2023-10-26 13:10:39,37,39,5967,14519
2023-10-26 13:10:40,37,38,5967,14519
2023-10-26 13:10:45,36,38,5967,14519
2023-10-26 13:11:01,36,37,5967,14519
2023-10-26 13:11:08,35,36,5960,14719
2023-10-26 13:11:18,35,38,5960,14852
2023-10-26 13:11:18,36,38,5960,14852
2023-10-26 13:11:56,37,38,5960,14852
2023-10-26 13:11:57,37,39,5960,14852
2023-10-26 13:12:03,37,38,5960,14852
2023-10-26 13:12:10,36,38,5960,14852
2023-10-26 13:12:11,37,38,5960,14852
2023-10-26 13:12:14,37,39,5960,14852
2023-10-26 13:12:18,37,38,5960,14852
2023-10-26 13:12:18,36,38,5960,14852
2023-10-26 13:12:41,37,38,5960,14852
2023-10-26 13:12:48,37,39,5960,14852
2023-10-26 13:13:01,37,38,5960,14852
2023-10-26 13:13:01,36,38,5960,14852
2023-10-26 13:13:27,37,38,5960,14852
2023-10-26 13:13:29,36,38,5960,14852
2023-10-26 13:14:05,35,38,5960,14852
2023-10-26 13:14:08,36,38,5960,14852
2023-10-26 13:14:56,37,38,5960,14852
2023-10-26 13:14:56,36,39,5960,14852
2023-10-26 13:14:57,37,39,5960,14852
2023-10-26 13:15:00,37,38,5960,14852
2023-10-26 13:15:00,37,39,5960,14852
2023-10-26 13:15:14,38,39,5960,14852
2023-10-26 13:15:53,38,40,6167,15252
2023-10-26 13:15:53,39,40,6167,15252
2023-10-26 13:16:18,38,40,6167,15252
2023-10-26 13:16:18,39,40,6167,15252
2023-10-26 13:16:20,38,40,6167,15252
2023-10-26 13:17:05,37,40,6167,15252
2023-10-26 13:17:05,37,39,6167,15252
2023-10-26 13:17:48,37,40,6167,15252
2023-10-26 13:17:49,37,39,6167,15252
2023-10-26 13:18:03,38,39,6167,15252
2023-10-26 13:18:03,38,40,6167,15252
2023-10-26 13:18:05,38,39,6167,15252
2023-10-26 13:18:05,37,39,6167,15252
2023-10-26 13:18:06,38,39,6167,15252
2023-10-26 13:18:10,37,39,6167,15252
2023-10-26 13:18:11,38,39,6167,15252
2023-10-26 13:18:15,37,39,6167,15252
2023-10-26 13:18:17,37,40,6167,15252
2023-10-26 13:18:17,38,40,6167,15252
2023-10-26 13:18:30,38,39,6167,15252
2023-10-26 13:18:32,38,40,6167,15252
2023-10-26 13:18:34,38,39,6167,15252
2023-10-26 13:18:55,37,40,6167,15252
2023-10-26 13:18:55,37,39,6167,15252
2023-10-26 13:18:57,37,40,6167,15252
2023-10-26 13:19:00,37,39,6167,15252
2023-10-26 13:19:02,37,39,6167,15252
2023-10-26 13:19:16,37,40,6167,15252
2023-10-26 13:19:17,38,40,6167,15252
2023-10-26 13:19:18,37,40,6167,15252
2023-10-26 13:19:20,37,39,6167,15252
2023-10-26 13:19:20,37,40,6167,15252
2023-10-26 13:19:20,37,39,6167,15252
2023-10-26 13:19:24,38,39,6167,15252
2023-10-26 13:19:35,37,39,6167,15252
2023-10-26 13:19:42,38,39,6167,15252
2023-10-26 13:19:43,37,39,6167,15252
2023-10-26 13:20:02,37,38,6167,15252
2023-10-26 13:20:09,36,38,6167,15252
2023-10-26 13:20:11,36,39,6167,15252
2023-10-26 13:20:11,36,38,6167,15252
2023-10-26 13:20:16,36,37,6167,15252
2023-10-26 13:20:23,35,37,6167,15252
2023-10-26 13:20:23,35,36,6167,15252
2023-10-26 13:20:32,34,36,6167,15252
2023-10-26 13:20:32,34,35,6167,15252
2023-10-26 13:21:04,33,35,6167,15252
2023-10-26 13:21:04,33,34,6167,15252
2023-10-26 13:22:23,32,34,6167,15252
2023-10-26 13:22:23,32,33,6167,15252
2023-10-26 13:22:35,31,33,6167,15252
2023-10-26 13:22:35,31,32,6167,15252
2023-10-26 13:23:17,30,32,6167,15252
2023-10-26 13:23:17,30,31,6167,15252
2023-10-26 13:23:25,29,31,6167,15252
2023-10-26 13:23:25,29,30,6167,15252
2023-10-26 13:23:46,28,30,5967,15452
2023-10-26 13:23:46,28,29,5967,15452
2023-10-26 13:24:55,27,29,5967,15452
2023-10-26 13:24:55,27,28,5967,15452
2023-10-26 13:25:10,27,29,6175,15660
2023-10-26 13:25:10,27,28,6175,15660
2023-10-26 13:25:11,27,28,6425,15910
2023-10-26 13:25:11,27,29,6425,15910
2023-10-26 13:25:12,27,28,6425,15910
2023-10-26 13:25:17,27,29,6425,15910
2023-10-26 13:25:17,27,28,6425,15910
2023-10-26 13:25:27,27,29,6620,16105
2023-10-26 13:25:29,27,28,6620,16105
2023-10-26 13:25:47,27,29,6620,16105
2023-10-26 13:25:49,27,28,6620,16105
2023-10-26 13:25:53,27,28,6870,16355
2023-10-26 13:25:54,27,29,6870,16355
2023-10-26 13:26:02,28,29,6870,16355
2023-10-26 13:26:15,28,30,6870,16355
2023-10-26 13:26:26,28,29,6870,16355
2023-10-26 13:26:31,28,30,6870,16355
2023-10-26 13:26:31,28,31,6870,16355
2023-10-26 13:26:32,29,31,6870,16355
2023-10-26 13:26:35,29,30,6870,16355
2023-10-26 13:26:37,29,31,7119,16604
2023-10-26 13:26:44,30,31,7119,16604
2023-10-26 13:26:46,30,32,7119,16604
2023-10-26 13:26:59,31,32,7119,16604
2023-10-26 13:27:02,30,32,7119,16604
2023-10-26 13:27:02,31,32,7119,16604
2023-10-26 13:27:04,30,32,7119,16604
2023-10-26 13:27:50,31,32,7119,16604
2023-10-26 13:28:27,31,33,8119,17604
2023-10-26 13:28:28,32,33,8119,17604
2023-10-26 13:28:34,33,34,8624,18109
2023-10-26 13:28:35,32,33,9119,18604
2023-10-26 13:28:35,32,34,9119,18604
2023-10-26 13:28:35,32,33,9119,18604
2023-10-26 13:29:20,31,33,9119,18604
2023-10-26 13:29:21,31,32,9119,18604
2023-10-26 13:30:02,31,33,9119,18604
2023-10-26 13:30:03,31,32,9119,18604
2023-10-26 13:30:14,31,33,9119,18604
2023-10-26 13:30:14,31,32,9119,18604
2023-10-26 13:30:16,31,33,9119,18604
2023-10-26 13:30:17,32,33,9119,18604
2023-10-26 13:30:32,31,33,9119,18604
2023-10-26 13:30:32,31,32,9119,18604
2023-10-26 13:30:34,31,33,9119,18604
2023-10-26 13:30:34,31,32,9119,18604
2023-10-26 13:30:42,31,32,9119,19404
2023-10-26 13:30:42,29,32,9119,19404
2023-10-26 13:30:42,29,31,9119,19404
2023-10-26 13:30:43,29,30,9119,19404
2023-10-26 13:30:44,28,30,9119,19404
2023-10-26 13:30:44,28,30,9119,19474
2023-10-26 13:30:45,28,29,9119,19474
2023-10-26 13:30:52,29,30,9119,19724
2023-10-26 13:31:03,29,31,9119,19724
2023-10-26 13:31:03,30,31,9119,19724
2023-10-26 13:31:04,30,32,9119,19724
2023-10-26 13:31:07,30,31,9119,19724
2023-10-26 13:31:10,30,31,9119,19854
2023-10-26 13:31:10,30,32,9119,19854
2023-10-26 13:31:10,31,32,9119,19854
2023-10-26 13:31:13,30,32,9119,19854
2023-10-26 13:31:13,30,31,9119,19854
2023-10-26 13:31:18,30,32,9119,19854
2023-10-26 13:31:18,31,32,9119,19854
2023-10-26 13:31:20,30,32,9119,19854
2023-10-26 13:31:20,30,31,9119,19854
2023-10-26 13:31:31,30,31,9119,19865
2023-10-26 13:31:39,30,31,9119,19878
2023-10-26 13:31:41,30,31,9119,19888
2023-10-26 13:31:43,30,31,9119,19899
2023-10-26 13:31:44,30,31,9119,19910
2023-10-26 13:31:47,30,31,9119,19925
2023-10-26 13:31:56,30,31,9119,19939
2023-10-26 13:31:59,29,31,9119,19939
2023-10-26 13:32:46,30,32,9119,20016
2023-10-26 13:32:46,30,31,9119,20016
2023-10-26 13:33:07,30,32,9119,20016
2023-10-26 13:33:07,31,32,9119,20016
2023-10-26 13:33:13,31,32,9369,20266
2023-10-26 13:33:14,31,33,9463,20360
2023-10-26 13:33:14,32,33,9463,20360
2023-10-26 13:33:30,32,34,9463,20360
2023-10-26 13:33:30,33,34,9463,20360
2023-10-26 13:33:43,33,34,9713,20610
2023-10-26 13:33:43,33,35,9713,20610
2023-10-26 13:33:43,34,35,9713,20610
2023-10-26 13:33:44,34,35,9715,20612
2023-10-26 13:33:45,34,35,9717,20614
2023-10-26 13:33:57,34,36,9717,20614
2023-10-26 13:33:57,35,36,9717,20614
2023-10-26 13:34:10,35,37,9717,20614
2023-10-26 13:34:10,36,37,9717,20614
2023-10-26 13:35:13,37,38,9713,20618
2023-10-26 13:35:41,37,38,9213,21118
2023-10-26 13:38:31,37,39,9213,21118
2023-10-26 13:38:58,37,40,9213,21118
2023-10-26 13:38:59,38,40,9213,21118
2023-10-26 13:39:06,37,40,9213,21118
2023-10-26 13:39:07,37,39,9213,21118
2023-10-26 13:39:09,38,39,9213,21118
2023-10-26 13:39:11,37,39,9213,21118
2023-10-26 13:39:16,37,38,9213,21118
2023-10-26 13:39:17,36,38,9213,21118
2023-10-26 13:39:37,36,37,9213,21118
2023-10-26 13:39:38,36,38,9213,21118
2023-10-26 13:39:42,36,37,9213,21118
2023-10-26 13:39:42,36,38,9213,21118
2023-10-26 13:40:16,37,38,9213,21118
2023-10-26 13:40:17,37,39,9213,21118
2023-10-26 13:40:24,37,40,9213,21118
2023-10-26 13:40:26,37,39,9213,21118
2023-10-26 13:40:26,37,40,9213,21118
2023-10-26 13:40:27,37,39,9213,21118
2023-10-26 13:40:29,38,39,9213,21118
2023-10-26 13:40:31,37,39,9213,21118
2023-10-26 13:40:39,37,39,9211,21120
2023-10-26 13:40:43,36,39,9211,21120
2023-10-26 13:40:43,36,38,9211,21120
2023-10-26 13:40:49,36,37,9211,21120
2023-10-26 13:40:51,36,38,9211,21120
2023-10-26 13:41:27,37,38,9211,21120
2023-10-26 13:41:36,37,39,9211,21120
2023-10-26 13:41:36,37,40,9211,21120
2023-10-26 13:41:41,37,39,9211,21120
2023-10-26 13:41:47,37,40,9211,21120
2023-10-26 13:41:47,37,39,9211,21120
2023-10-26 13:41:47,38,39,9211,21120
2023-10-26 13:41:47,38,40,9211,21120
2023-10-26 13:41:58,39,40,9211,21120
2023-10-26 13:42:22,40,41,9211,21123
2023-10-26 13:42:28,40,41,9111,21223
2023-10-26 13:43:02,40,42,9111,21223
2023-10-26 13:43:02,41,42,9111,21223
2023-10-26 13:43:22,41,42,8711,21623
2023-10-26 13:43:35,40,41,8711,21715
2023-10-26 13:43:39,41,42,8711,21723
2023-10-26 13:44:40,41,43,8711,21723
2023-10-26 13:44:40,42,43,8711,21723
2023-10-26 13:45:12,43,44,8711,21724
2023-10-26 13:45:27,43,45,8711,21724
2023-10-26 13:45:27,44,45,8711,21724
2023-10-26 13:45:42,44,45,8611,21824
2023-10-26 13:45:49,44,45,8611,21874
2023-10-26 13:45:51,44,45,8611,21924
2023-10-26 13:45:52,44,45,8611,21974
2023-10-26 13:45:56,44,46,8611,21974
2023-10-26 13:45:56,45,46,8611,21974
2023-10-26 13:46:00,45,46,8611,22034
2023-10-26 13:46:24,45,46,8311,22334
2023-10-26 13:46:30,45,46,8211,22434
2023-10-26 13:47:13,45,46,8121,22524
2023-10-26 13:47:19,45,46,7881,22764
2023-10-26 13:47:22,44,46,7881,22764
2023-10-26 13:47:26,45,46,7881,22764
2023-10-26 13:47:31,44,45,7756,22889
2023-10-26 13:47:40,44,45,7711,23739
2023-10-26 13:47:41,43,45,7711,23739
2023-10-26 13:47:42,44,45,7711,23739
2023-10-26 13:47:47,44,46,7711,23739
2023-10-26 13:47:52,44,46,7802,24039
2023-10-26 13:47:59,44,46,7802,24239
2023-10-26 13:48:03,45,46,7802,24239
2023-10-26 13:48:08,45,46,7897,24334
2023-10-26 13:48:08,44,46,7897,24334
2023-10-26 13:48:49,44,46,7914,24351
2023-10-26 13:48:49,44,45,7914,24351
2023-10-26 13:50:15,44,46,7914,24368
2023-10-26 13:50:15,45,46,7914,24368
2023-10-26 13:50:38,45,46,7964,24418
2023-10-26 13:50:40,45,46,8014,24468
2023-10-26 13:50:41,45,46,8064,24518
2023-10-26 13:51:14,45,46,8065,24519
2023-10-26 13:54:23,45,47,8065,24519
2023-10-26 13:54:27,46,47,8065,24519
2023-10-26 13:54:33,45,47,8065,24519
2023-10-26 13:55:03,46,47,8065,24519
2023-10-26 13:55:20,45,47,8065,24519
2023-10-26 13:55:21,46,47,8065,24519
2023-10-26 13:56:24,45,47,8065,24519
2023-10-26 13:56:36,45,46,8065,24519
2023-10-26 13:56:49,45,47,8065,24519
2023-10-26 13:56:54,45,46,8065,24519
2023-10-26 13:57:00,45,47,8065,24519
2023-10-26 13:57:13,46,47,8065,24519
2023-10-26 13:57:27,46,48,8065,24519
2023-10-26 13:57:31,47,48,8065,24519
2023-10-26 13:57:45,47,49,8065,24519
2023-10-26 13:57:46,48,49,8065,24519
2023-10-26 13:58:02,47,49,8065,24519
2023-10-26 13:58:25,48,49,8065,24519
2023-10-26 13:58:38,47,49,8065,24519
2023-10-26 13:58:40,48,49,8065,24519
2023-10-26 13:59:38,48,50,8065,24519
2023-10-26 14:00:12,49,50,8065,24519
2023-10-26 14:01:17,48,50,8065,24519
2023-10-26 14:01:18,48,49,8065,24519
2023-10-26 14:01:19,48,49,8065,24521
2023-10-26 14:01:34,48,50,8065,24521
2023-10-26 14:01:34,48,49,8065,24521
2023-10-26 14:01:34,48,50,8065,24521
2023-10-26 14:01:34,48,49,8065,24521
2023-10-26 14:01:57,48,50,8065,24521
2023-10-26 14:02:22,49,50,8065,24521
2023-10-26 14:02:32,49,51,9008,25594
2023-10-26 14:02:32,49,50,9008,25594
2023-10-26 14:03:31,48,50,9008,25594
2023-10-26 14:03:31,48,49,9008,25594
2023-10-26 14:04:17,48,50,9008,25594
2023-10-26 14:04:17,48,49,9008,25594
2023-10-26 14:04:18,48,50,9008,25594
2023-10-26 14:04:18,48,49,9008,25594
2023-10-26 14:04:21,48,50,9008,25594
2023-10-26 14:04:21,48,49,9008,25594
2023-10-26 14:05:00,48,50,9008,25594
2023-10-26 14:05:00,48,49,9008,25594
2023-10-26 14:05:12,48,50,9008,25594
2023-10-26 14:05:24,49,50,9008,25594
2023-10-26 14:06:31,49,51,9008,25594
2023-10-26 14:06:46,49,51,9008,25665
2023-10-26 14:06:48,50,51,9008,25665
2023-10-26 14:06:52,49,51,9008,25665
2023-10-26 14:07:09,49,50,9008,25665
2023-10-26 14:07:35,49,51,9008,25665
2023-10-26 14:08:47,49,52,10312,27199
2023-10-26 14:08:47,49,51,10312,27199
2023-10-26 14:08:47,50,51,10312,27199
2023-10-26 14:08:57,50,51,10312,27201
2023-10-26 14:10:38,50,52,10312,27201
2023-10-26 14:11:31,50,51,10312,27201
2023-10-26 14:12:38,50,52,10312,27201
2023-10-26 14:13:21,50,52,10312,27234
2023-10-26 14:13:25,50,52,10312,27262
2023-10-26 14:13:29,51,52,10312,27262
2023-10-26 14:13:29,51,52,10312,27266
2023-10-26 14:13:32,50,52,10312,27299
2023-10-26 14:13:38,50,51,10312,27299
2023-10-26 14:13:54,50,51,10312,27499
2023-10-26 14:13:54,50,52,10312,27499
2023-10-26 14:14:48,51,52,10312,27499
2023-10-26 14:15:08,51,52,10312,27530
2023-10-26 14:16:12,51,53,10312,27530
2023-10-26 14:16:16,51,52,10312,27530
2023-10-26 14:16:27,51,53,10312,27530
2023-10-26 14:17:09,51,52,10312,27530
2023-10-26 14:17:09,51,53,10312,27530
2023-10-26 14:17:09,51,52,10312,27530
2023-10-26 14:17:15,51,53,10312,27530
2023-10-26 14:17:39,51,53,10812,28030
2023-10-26 14:17:39,52,53,10812,28030
2023-10-26 14:22:28,52,54,11012,28230
2023-10-26 14:22:35,53,54,11012,28230
2023-10-26 14:23:12,53,54,11012,28290
2023-10-26 14:23:37,53,54,11012,28350
2023-10-26 14:25:46,53,54,11012,28410
2023-10-26 14:26:32,52,53,11512,29358
2023-10-26 14:26:33,53,54,11512,29410
2023-10-26 14:26:52,53,54,11512,29412
2023-10-26 14:28:50,52,54,11512,29412
2023-10-26 14:28:50,52,53,11512,29412
2023-10-26 14:29:03,52,53,11312,29612
2023-10-26 14:29:48,52,53,11310,29614
2023-10-26 14:29:49,52,53,11308,29616
2023-10-26 14:29:50,52,53,11306,29618
2023-10-26 14:30:19,52,53,11110,29814
2023-10-26 14:30:28,53,54,11012,29912
2023-10-26 14:30:56,52,54,11012,29912
2023-10-26 14:30:56,52,53,11012,29912
2023-10-26 14:31:00,52,54,11012,29912
2023-10-26 14:31:03,52,53,11012,29912
2023-10-26 14:31:22,52,54,11012,29912
2023-10-26 14:31:26,52,53,11012,29912
2023-10-26 14:32:44,51,53,11012,30040
2023-10-26 14:32:44,51,52,11012,30040
2023-10-26 14:32:45,50,52,11012,30040
2023-10-26 14:32:45,50,51,11012,30040
2023-10-26 14:32:46,50,51,11012,30042
2023-10-26 14:32:49,50,51,11012,30058
2023-10-26 14:32:51,50,51,11012,30095
2023-10-26 14:32:52,49,50,11012,30099
2023-10-26 14:32:57,49,50,11012,30217
2023-10-26 14:32:57,48,49,11012,30301
2023-10-26 14:33:01,48,49,11012,30361
2023-10-26 14:33:04,47,49,11012,30501
2023-10-26 14:33:05,47,48,11012,30501
2023-10-26 14:33:05,47,48,11012,30503
2023-10-26 14:33:06,47,48,11012,30505
2023-10-26 14:33:07,47,48,11012,30565
2023-10-26 14:33:12,47,48,11512,31065
2023-10-26 14:33:12,47,48,11512,31265
2023-10-26 14:33:12,46,48,11512,31265
2023-10-26 14:33:12,45,48,11512,31265
2023-10-26 14:33:12,45,48,11652,31465
2023-10-26 14:33:12,45,47,11652,31465
2023-10-26 14:33:12,45,47,11654,31467
2023-10-26 14:33:12,45,47,11656,31469
2023-10-26 14:33:12,46,47,11656,31469
2023-10-26 14:33:13,46,47,11656,31471
2023-10-26 14:33:13,44,45,11654,31847
2023-10-26 14:33:13,44,45,11759,31952
2023-10-26 14:33:13,44,45,11761,31954
2023-10-26 14:33:13,44,45,11852,32045
2023-10-26 14:33:14,44,45,11854,32047
2023-10-26 14:33:14,44,47,11854,32047
2023-10-26 14:33:14,44,46,11854,32047
2023-10-26 14:33:14,44,46,11856,32049
2023-10-26 14:33:15,44,45,11856,32049
2023-10-26 14:33:15,44,45,11823,32173
2023-10-26 14:33:15,44,45,11823,32373
2023-10-26 14:33:17,44,45,11773,32423
2023-10-26 14:33:17,44,45,11723,32473
2023-10-26 14:33:17,44,45,11673,32523
2023-10-26 14:33:18,43,45,11623,32573
2023-10-26 14:33:18,44,45,11623,32573
2023-10-26 14:33:18,44,45,11573,32623
2023-10-26 14:33:18,44,45,11523,32673
2023-10-26 14:33:18,43,45,11473,32723
2023-10-26 14:33:18,43,44,11473,32723
2023-10-26 14:33:22,43,45,11473,32723
2023-10-26 14:33:22,43,44,11473,32723
2023-10-26 14:33:27,43,44,11473,32735
2023-10-26 14:33:28,42,44,11350,32927
2023-10-26 14:33:28,42,43,11350,32927
2023-10-26 14:33:32,41,43,11350,32927
2023-10-26 14:33:39,42,43,11350,32927
2023-10-26 14:33:43,43,44,11350,33050
2023-10-26 14:33:45,42,44,11350,33050
2023-10-26 14:33:45,42,43,11350,33050
2023-10-26 14:33:54,43,44,11224,33176
2023-10-26 14:33:54,43,44,11224,33206
2023-10-26 14:33:56,43,44,11224,33238
2023-10-26 14:33:57,43,44,11224,33266
2023-10-26 14:33:59,43,44,11224,33299
2023-10-26 14:34:01,43,44,11224,33322
2023-10-26 14:34:03,43,44,11224,33348
2023-10-26 14:34:05,43,44,11224,33361
2023-10-26 14:34:38,43,44,11224,33422
2023-10-26 14:34:45,43,44,11224,33439
2023-10-26 14:35:01,43,46,11224,33439
2023-10-26 14:35:01,43,45,11224,33439
2023-10-26 14:35:02,43,45,11224,33639
2023-10-26 14:35:02,44,45,11224,33639
2023-10-26 14:35:02,44,46,11224,33639
2023-10-26 14:35:02,44,47,11224,33639
2023-10-26 14:35:03,45,47,11224,33639
2023-10-26 14:35:05,46,47,11224,33639
2023-10-26 14:35:12,46,47,11412,33889
2023-10-26 14:35:12,46,48,11412,33889
2023-10-26 14:35:13,46,47,11412,33889
2023-10-26 14:35:15,46,48,11582,34059
2023-10-26 14:35:15,47,48,11582,34059
2023-10-26 14:35:16,47,48,11582,34061
2023-10-26 14:35:21,47,49,11720,34199
2023-10-26 14:35:21,47,48,11720,34199
2023-10-26 14:35:25,47,49,11720,34199
2023-10-26 14:35:29,47,48,11720,34199
2023-10-26 14:35:30,47,49,11330,35083
2023-10-26 14:35:31,48,49,11330,35083
2023-10-26 14:35:44,47,49,11330,35083
2023-10-26 14:35:44,48,49,11330,35083
2023-10-26 14:35:44,48,49,11330,35155
2023-10-26 14:35:45,47,49,11330,35155
2023-10-26 14:35:45,47,48,11330,35155
2023-10-26 14:35:47,47,49,11330,35155
2023-10-26 14:35:50,47,48,11330,35155
2023-10-26 14:35:51,47,48,11392,35355
2023-10-26 14:35:51,47,49,11392,35355
2023-10-26 14:35:51,47,50,11392,35355
2023-10-26 14:35:51,47,49,11392,35355
2023-10-26 14:35:52,48,49,11392,35355
2023-10-26 14:35:52,48,50,11392,35355
2023-10-26 14:35:56,48,49,11392,35355
2023-10-26 14:36:00,47,49,11392,35355
2023-10-26 14:36:03,47,49,11422,35385
2023-10-26 14:36:06,48,49,11422,35385
2023-10-26 14:36:06,48,50,11422,35385
2023-10-26 14:36:27,48,49,11422,35385
2023-10-26 14:36:29,48,49,11566,35529
2023-10-26 14:36:30,47,49,11566,35529
2023-10-26 14:36:36,47,49,11760,35929
2023-10-26 14:36:36,47,48,11760,35929
2023-10-26 14:36:36,47,48,11760,35965
2023-10-26 14:36:36,45,48,11760,35965
2023-10-26 14:36:37,45,47,11760,35965
2023-10-26 14:36:39,45,46,11760,35965
2023-10-26 14:36:39,45,46,11760,36085
2023-10-26 14:36:42,45,46,11758,36087
2023-10-26 14:36:46,45,46,11758,36089
2023-10-26 14:37:04,45,48,11758,36089
2023-10-26 14:37:04,45,47,11758,36089
2023-10-26 14:37:12,46,47,11758,36089
2023-10-26 14:37:14,46,49,11758,36089
2023-10-26 14:37:14,46,48,11758,36089
2023-10-26 14:37:15,47,48,11758,36089
2023-10-26 14:37:20,47,48,11756,36091
2023-10-26 14:37:35,47,50,11756,36091
2023-10-26 14:37:35,47,49,11756,36091
2023-10-26 14:37:36,48,49,11756,36091
2023-10-26 14:37:37,47,49,11756,36091
2023-10-26 14:37:38,47,48,11756,36091
2023-10-26 14:37:50,47,50,11756,36091
2023-10-26 14:37:50,47,49,11756,36091
2023-10-26 14:37:53,48,49,11756,36091
2023-10-26 14:38:02,48,50,11756,36091
2023-10-26 14:38:11,48,49,11756,36091
2023-10-26 14:38:17,47,49,11756,36091
2023-10-26 14:38:23,47,48,11756,36091
2023-10-26 14:38:27,47,50,11756,36091
2023-10-26 14:38:27,47,49,11756,36091
2023-10-26 14:38:52,48,49,11756,36091
2023-10-26 14:39:05,48,49,11722,36291
2023-10-26 14:39:05,48,51,11722,36291
2023-10-26 14:39:05,48,50,11722,36291
2023-10-26 14:39:06,49,50,11722,36291
2023-10-26 14:39:21,48,50,11722,36291
2023-10-26 14:39:31,49,50,11722,36291
2023-10-26 14:40:04,49,51,11722,36489
2023-10-26 14:40:08,50,51,11722,36489
2023-10-26 14:40:11,49,51,11722,36489
2023-10-26 14:40:27,50,51,11722,36489
2023-10-26 14:40:31,50,52,11722,36489
2023-10-26 14:40:41,51,52,11722,36489
2023-10-26 14:40:42,50,52,11722,36489
2023-10-26 14:40:49,51,52,11722,36489
2023-10-26 14:40:49,51,52,11782,36549
2023-10-26 14:40:56,50,52,11782,36549
2023-10-26 14:41:09,50,51,11782,36549
2023-10-26 14:41:19,49,51,11782,36549
2023-10-26 14:41:27,49,50,11782,36549
2023-10-26 14:41:28,49,50,11784,36551
2023-10-26 14:41:29,49,50,11817,36584
2023-10-26 14:41:29,49,51,11817,36584
2023-10-26 14:41:41,49,50,11817,36584
2023-10-26 14:41:41,48,50,11817,36584
2023-10-26 14:41:56,48,50,11854,36621
2023-10-26 14:41:57,48,49,11854,36621
2023-10-26 14:41:58,48,49,11852,36821
2023-10-26 14:41:58,47,49,11852,36821
2023-10-26 14:41:58,46,49,11852,36821
2023-10-26 14:41:58,46,48,11852,36821
2023-10-26 14:41:58,45,48,11852,36821
2023-10-26 14:41:59,44,48,11852,36821
2023-10-26 14:41:59,44,46,11852,36821
2023-10-26 14:42:01,44,45,11852,36821
2023-10-26 14:42:01,44,45,11854,36823
2023-10-26 14:42:02,44,45,11856,36825
2023-10-26 14:42:08,44,46,11856,36825
2023-10-26 14:42:08,45,46,11856,36825
2023-10-26 14:42:09,44,46,11856,36825
2023-10-26 14:42:15,44,45,11856,36825
2023-10-26 14:42:25,45,47,11856,37023
2023-10-26 14:42:25,45,46,11856,37023
2023-10-26 14:42:26,44,46,11856,37023
2023-10-26 14:43:03,44,47,12045,37212
2023-10-26 14:43:05,45,47,12045,37212
2023-10-26 14:43:07,44,47,12045,37212
2023-10-26 14:43:07,44,46,12045,37212
2023-10-26 14:43:13,45,46,12045,37212
2023-10-26 14:43:13,45,47,12045,37212
2023-10-26 14:43:14,44,47,12045,37212
2023-10-26 14:43:15,44,46,12045,37212
2023-10-26 14:43:29,44,47,12045,37212
2023-10-26 14:43:31,45,47,12045,37212
2023-10-26 14:43:33,44,47,12045,37212
2023-10-26 14:43:33,44,46,12045,37212
2023-10-26 14:43:53,44,45,12045,37212
2023-10-26 14:43:56,44,45,12074,37241
2023-10-26 14:44:03,44,45,12106,37273
2023-10-26 14:44:05,44,45,12134,37301
2023-10-26 14:44:06,43,45,12134,37301
2023-10-26 14:44:10,43,46,12134,37301
2023-10-26 14:44:10,43,45,12134,37301
2023-10-26 14:44:18,44,45,12134,37301
2023-10-26 14:44:18,44,46,12334,37501
2023-10-26 14:44:21,44,47,12334,37501
2023-10-26 14:44:22,44,46,12334,37501
2023-10-26 14:44:32,44,47,12334,37501
2023-10-26 14:44:33,44,46,12334,37501
2023-10-26 14:44:34,44,47,12334,37501
2023-10-26 14:44:35,45,47,12334,37501
2023-10-26 14:44:37,44,47,12334,37501
2023-10-26 14:44:41,45,47,12334,37501
2023-10-26 14:44:42,45,48,12334,37501
2023-10-26 14:44:44,46,48,12334,37501
2023-10-26 14:44:49,47,48,12334,37501
2023-10-26 14:44:50,47,48,12334,37505
2023-10-26 14:44:50,47,49,12493,37664
2023-10-26 14:44:51,47,50,12493,37664
2023-10-26 14:44:52,48,50,12493,37664
2023-10-26 14:44:52,49,50,12493,37664
2023-10-26 14:45:00,48,50,12493,37664
2023-10-26 14:45:14,49,50,12493,37664
2023-10-26 14:45:14,48,50,12493,37664
2023-10-26 14:45:15,49,50,12493,37664
2023-10-26 14:45:16,48,50,12493,37664
2023-10-26 14:45:21,49,50,12493,37664
2023-10-26 14:45:22,48,50,12493,37664
2023-10-26 14:45:30,47,50,12493,37664
2023-10-26 14:45:35,47,48,12493,37664
2023-10-26 14:45:35,47,48,12335,38064
2023-10-26 14:45:35,45,48,12335,38064
2023-10-26 14:45:36,45,47,12335,38064
2023-10-26 14:45:37,45,46,12335,38064
2023-10-26 14:45:37,45,46,12335,38066
2023-10-26 14:45:39,45,46,12354,38094
2023-10-26 14:45:54,45,48,12354,38325
2023-10-26 14:45:54,45,47,12354,38325
2023-10-26 14:45:56,45,46,12354,38325
2023-10-26 14:45:58,45,47,12458,38429
2023-10-26 14:45:59,45,46,12458,38429
2023-10-26 14:46:04,44,46,12458,38429
2023-10-26 14:46:08,44,45,12458,38429
2023-10-26 14:46:28,43,44,12456,38431
2023-10-26 14:46:31,43,44,12456,38485
2023-10-26 14:46:34,43,44,12456,38516
2023-10-26 14:46:37,41,43,12439,38542
2023-10-26 14:46:37,41,42,12439,38542
2023-10-26 14:46:38,41,42,12439,38544
2023-10-26 14:46:38,41,42,12439,38546
2023-10-26 14:46:41,41,43,12602,38709
2023-10-26 14:46:44,41,44,12602,38709
2023-10-26 14:46:45,42,44,12602,38709
2023-10-26 14:46:45,42,43,12602,38709
2023-10-26 14:46:45,42,44,12602,38709
2023-10-26 14:46:46,42,45,12802,38909
2023-10-26 14:46:49,42,44,12802,38909
2023-10-26 14:46:53,43,44,12802,38909
2023-10-26 14:46:55,42,44,12802,38909
2023-10-26 14:47:13,41,44,12802,38909
2023-10-26 14:47:13,41,43,12802,38909
2023-10-26 14:47:15,41,44,12802,38909
2023-10-26 14:47:16,41,43,12802,38909
2023-10-26 14:47:23,41,42,12802,38909
2023-10-26 14:47:24,40,41,12808,38921
2023-10-26 14:47:38,40,41,12812,38948
2023-10-26 14:47:40,40,41,12812,38973
2023-10-26 14:47:41,39,41,12812,38973
2023-10-26 14:47:42,40,41,12812,38973
2023-10-26 14:47:42,40,41,12812,39002
2023-10-26 14:47:43,39,41,12812,39002
2023-10-26 14:47:44,40,41,12812,39002
2023-10-26 14:47:45,39,41,12812,39002
2023-10-26 14:47:45,40,41,12812,39002
2023-10-26 14:47:46,40,42,12812,39002
2023-10-26 14:47:52,41,42,12812,39002
2023-10-26 14:47:53,40,42,12812,39002
2023-10-26 14:47:54,41,42,12812,39002
2023-10-26 14:47:55,41,43,12812,39012
2023-10-26 14:47:57,40,43,12812,39012
2023-10-26 14:47:57,41,43,12812,39012
2023-10-26 14:47:58,40,43,12812,39012
2023-10-26 14:48:03,40,42,12812,39012
2023-10-26 14:48:12,40,43,12812,39012
2023-10-26 14:48:16,40,42,12812,39012
2023-10-26 14:48:17,40,43,12812,39012
2023-10-26 14:48:18,40,42,12812,39012
2023-10-26 14:48:24,40,43,12812,39012
2023-10-26 14:48:25,41,43,12812,39012
2023-10-26 14:48:25,41,44,12812,39012
2023-10-26 14:48:26,42,44,12812,39012
2023-10-26 14:48:26,42,45,12812,39012
2023-10-26 14:48:28,41,45,12812,39012
2023-10-26 14:48:28,41,44,12812,39012
2023-10-26 14:48:35,41,43,12812,39012
2023-10-26 14:48:41,40,43,12812,39012
2023-10-26 14:48:43,41,43,12812,39012
2023-10-26 14:48:49,40,43,12812,39012
2023-10-26 14:48:50,41,43,12812,39012
2023-10-26 14:48:58,40,43,12812,39012
2023-10-26 14:49:03,42,43,12812,39012
2023-10-26 14:49:03,42,44,12812,39012
2023-10-26 14:49:05,42,45,12812,39012
2023-10-26 14:49:07,42,44,12812,39012
2023-10-26 14:49:17,42,45,12812,39012
2023-10-26 14:49:18,43,45,12812,39012
2023-10-26 14:49:35,43,44,12812,39012
2023-10-26 14:49:45,42,45,12812,39012
2023-10-26 14:49:46,42,44,12812,39012
2023-10-26 14:49:49,43,44,12812,39012
2023-10-26 14:49:50,43,45,12812,39012
2023-10-26 14:49:58,42,45,12812,39012
2023-10-26 14:50:00,43,45,12812,39012
2023-10-26 14:50:02,42,45,12812,39012
2023-10-26 14:50:05,42,44,12812,39012
2023-10-26 14:50:06,42,45,12812,39012
2023-10-26 14:50:08,42,44,12812,39012
2023-10-26 14:50:20,42,43,12812,39012
2023-10-26 14:50:22,42,44,12812,39012
2023-10-26 14:50:26,42,45,12812,39012
2023-10-26 14:50:26,42,44,12812,39012
2023-10-26 14:50:45,43,44,12812,39012
2023-10-26 14:50:45,43,45,12812,39012
2023-10-26 14:50:47,44,45,12812,39012
2023-10-26 14:50:47,44,46,12812,39012
2023-10-26 14:50:55,43,46,12812,39012
2023-10-26 14:50:57,43,45,12812,39012
2023-10-26 14:51:19,42,45,12812,39012
2023-10-26 14:51:21,42,44,12812,39012
2023-10-26 14:51:52,43,44,12812,39012
2023-10-26 14:51:52,43,45,12812,39012
2023-10-26 14:51:54,43,46,12812,39012
2023-10-26 14:52:00,44,46,12812,39012
2023-10-26 14:52:10,43,46,12812,39012
2023-10-26 14:52:12,44,46,12812,39012
2023-10-26 14:52:13,43,46,12812,39012
2023-10-26 14:52:13,44,46,12812,39012
2023-10-26 14:52:17,43,46,12812,39012
2023-10-26 14:52:19,43,45,12812,39012
2023-10-26 14:52:24,42,45,12812,39012
2023-10-26 14:52:24,42,44,12812,39012
2023-10-26 14:52:33,42,43,12812,39012
2023-10-26 14:52:37,42,44,12812,39012
2023-10-26 14:52:49,42,43,12812,39012
2023-10-26 14:52:53,41,43,12812,39012
2023-10-26 14:52:56,39,43,12612,39212
2023-10-26 14:52:57,39,41,12612,39212
2023-10-26 14:52:57,39,40,12812,39412
2023-10-26 14:52:57,37,40,12812,39412
2023-10-26 14:52:58,37,41,12812,39412
2023-10-26 14:52:58,37,40,12812,39412
2023-10-26 14:52:58,38,40,12812,39412
2023-10-26 14:52:58,38,39,12812,39412
2023-10-26 14:53:01,38,39,12812,39438
2023-10-26 14:53:03,38,39,12812,39472
2023-10-26 14:53:04,38,39,12655,39722
2023-10-26 14:53:04,37,39,12655,39722
2023-10-26 14:53:04,38,39,12655,39722
2023-10-26 14:53:05,37,39,12655,39722
2023-10-26 14:53:13,38,39,12655,39722
2023-10-26 14:53:14,38,40,12655,39722
2023-10-26 14:53:24,38,39,12655,39722
2023-10-26 14:53:26,37,39,12655,39722
2023-10-26 14:53:28,37,39,12775,39842
2023-10-26 14:53:28,37,38,12775,39842
2023-10-26 14:53:29,36,38,12855,39922
2023-10-26 14:53:33,37,38,12855,39922
2023-10-26 14:53:33,36,38,12855,40051
2023-10-26 14:53:39,36,37,12855,40051
2023-10-26 14:53:43,36,37,12873,40069
2023-10-26 14:53:46,35,37,12873,40069
2023-10-26 14:53:47,35,36,12873,40069
2023-10-26 14:53:51,34,36,12873,40069
2023-10-26 14:53:57,35,36,12873,40069
2023-10-26 14:54:02,34,36,12873,40069
2023-10-26 14:54:05,35,36,12873,40069
2023-10-26 14:54:07,34,36,12873,40069
2023-10-26 14:54:14,35,36,12873,40069
2023-10-26 14:54:17,35,37,12873,40069
2023-10-26 14:54:22,36,37,12873,40069
2023-10-26 14:54:22,36,38,12873,40269
2023-10-26 14:54:28,36,37,12873,40269
2023-10-26 14:54:28,35,37,12873,40269
2023-10-26 14:54:41,35,36,12873,40269
2023-10-26 14:54:41,34,36,12873,40269
2023-10-26 14:54:46,34,36,12986,40382
2023-10-26 14:54:47,33,36,12986,40382
2023-10-26 14:54:47,33,35,12986,40382
2023-10-26 14:54:49,34,35,12986,40382
2023-10-26 14:54:49,33,35,12986,40382
2023-10-26 14:54:49,34,35,12986,40382
2023-10-26 14:54:52,34,36,12986,40382
2023-10-26 14:55:00,33,36,12986,40382
2023-10-26 14:55:00,34,36,12986,40382
2023-10-26 14:55:13,34,37,12986,40382
2023-10-26 14:55:14,35,37,12986,40382
2023-10-26 14:55:24,34,37,12986,40382
2023-10-26 14:55:24,35,37,12986,40382
2023-10-26 14:55:32,35,36,12986,40382
2023-10-26 14:55:32,33,36,12986,40382
2023-10-26 14:55:32,34,36,12986,40382
2023-10-26 14:55:49,34,35,12986,40382
2023-10-26 14:56:02,33,35,12986,40382
2023-10-26 14:56:03,34,35,12986,40382
2023-10-26 14:56:07,33,35,12986,40382
2023-10-26 14:56:08,33,34,12986,40382
2023-10-26 14:56:08,32,34,12986,40382
2023-10-26 14:56:10,32,35,12986,40582
2023-10-26 14:56:11,33,35,12986,40582
2023-10-26 14:56:13,33,34,12986,40582
2023-10-26 14:56:13,32,34,12986,40582
2023-10-26 14:56:24,33,34,12986,40582
2023-10-26 14:56:25,32,34,12986,40582
2023-10-26 14:56:27,33,34,12986,40582
2023-10-26 14:56:31,33,35,12986,40582
2023-10-26 14:57:04,33,34,12986,40582
2023-10-26 14:57:04,32,34,12986,40582
2023-10-26 14:57:07,32,35,12986,40582
2023-10-26 14:57:07,33,35,12986,40582
2023-10-26 14:57:20,33,36,12986,40582
2023-10-26 14:57:22,34,36,12986,40582
2023-10-26 14:57:23,33,36,12986,40582
2023-10-26 14:57:24,34,36,12986,40582
2023-10-26 14:57:25,34,35,12986,40582
2023-10-26 14:57:25,33,35,12986,40582
2023-10-26 14:57:52,33,36,12986,40582
2023-10-26 14:57:53,34,36,12986,40582
2023-10-26 14:58:05,33,36,12986,40582
2023-10-26 14:58:06,33,35,12986,40582
2023-10-26 14:58:06,32,35,12986,40582
2023-10-26 14:58:09,33,35,12986,40582
2023-10-26 14:58:16,33,34,12986,40582
2023-10-26 14:58:16,32,34,12986,40582
2023-10-26 14:58:23,32,33,12986,40582
2023-10-26 14:58:23,31,33,12986,40582
2023-10-26 14:58:31,32,33,12986,40582
2023-10-26 14:58:33,32,34,12986,40582
2023-10-26 14:58:57,32,35,12986,40582
2023-10-26 14:58:57,33,35,12986,40582
2023-10-26 14:58:59,33,36,12986,40582
2023-10-26 14:59:01,33,35,12986,40582
2023-10-26 14:59:03,32,35,12986,40582
2023-10-26 14:59:04,32,34,12986,40582
2023-10-26 14:59:09,32,33,12986,40582
2023-10-26 14:59:09,31,33,12986,40582
2023-10-26 14:59:26,30,33,12986,40582
2023-10-26 14:59:26,31,33,12986,40582
2023-10-26 14:59:39,30,33,12986,40582
2023-10-26 14:59:40,30,32,12986,40582
2023-10-26 14:59:44,29,32,12986,40582
2023-10-26 14:59:46,29,31,12986,40582
2023-10-26 14:59:46,29,30,12986,40582
2023-10-26 14:59:47,29,30,12988,40584
2023-10-26 14:59:54,29,31,12988,40584
2023-10-26 14:59:54,29,30,12988,40584
2023-10-26 14:59:55,28,30,12988,40584
2023-10-26 14:59:58,28,29,12988,40584
2023-10-26 15:00:13,27,29,12986,40586
2023-10-26 15:00:18,27,28,12986,40586
2023-10-26 15:00:23,26,28,12818,40754
2023-10-26 15:00:23,27,28,12818,40754
2023-10-26 15:00:25,27,28,12618,40954
2023-10-26 15:00:25,25,28,12618,40954
2023-10-26 15:00:25,26,28,12618,40954
2023-10-26 15:00:36,26,29,12618,40954
2023-10-26 15:00:36,27,29,12618,40954
2023-10-26 15:00:40,28,29,12618,40954
2023-10-26 15:00:43,28,30,12618,40954
2023-10-26 15:00:46,28,31,12618,40954
2023-10-26 15:00:48,29,31,12618,40954
2023-10-26 15:00:57,28,31,12618,40954
2023-10-26 15:00:57,29,31,12618,40954
2023-10-26 15:01:01,29,32,12618,40954
2023-10-26 15:01:05,29,31,12618,40954
2023-10-26 15:01:05,28,31,12618,40954
2023-10-26 15:01:06,28,30,12618,40954
2023-10-26 15:01:07,27,30,12618,40954
2023-10-26 15:01:10,27,29,12618,40954
2023-10-26 15:01:10,26,29,12618,40954
2023-10-26 15:01:10,28,29,12618,40954
2023-10-26 15:01:10,26,29,12618,40954
2023-10-26 15:01:10,27,29,12618,40954
2023-10-26 15:01:12,27,28,12618,40954
2023-10-26 15:01:12,26,28,12618,40954
2023-10-26 15:01:14,26,29,12618,40954
2023-10-26 15:01:16,26,28,12618,40954
2023-10-26 15:01:19,26,29,12618,40954
2023-10-26 15:01:19,27,29,12618,40954
2023-10-26 15:01:24,27,28,12618,40954
2023-10-26 15:01:24,25,28,12618,40954
2023-10-26 15:01:24,26,28,12618,40954
2023-10-26 15:01:38,26,27,12618,40954
2023-10-26 15:01:38,25,27,12618,40954
2023-10-26 15:01:40,25,26,12618,40954
2023-10-26 15:01:40,23,26,12592,41154
2023-10-26 15:01:41,23,27,12592,41154
2023-10-26 15:01:41,23,26,12592,41154
2023-10-26 15:01:44,24,26,12592,41154
2023-10-26 15:01:45,23,26,12592,41154
2023-10-26 15:01:46,23,25,12592,41154
2023-10-26 15:01:47,23,24,12592,41154
2023-10-26 15:01:47,22,24,12592,41154
2023-10-26 15:01:49,21,24,12592,41154
2023-10-26 15:01:51,22,24,12592,41154
2023-10-26 15:01:53,22,23,12592,41154
2023-10-26 15:01:59,21,23,12592,41154
2023-10-26 15:02:01,21,22,12592,41154
2023-10-26 15:02:04,21,23,12592,41154
2023-10-26 15:02:13,21,22,12592,41154
2023-10-26 15:02:30,20,22,12592,41275
2023-10-26 15:02:30,21,22,12592,41275
2023-10-26 15:02:40,19,22,12592,41275
2023-10-26 15:02:40,20,22,12592,41275
2023-10-26 15:02:47,19,22,12592,41518
2023-10-26 15:02:48,20,22,12592,41518
2023-10-26 15:02:51,21,22,12592,41518
2023-10-26 15:02:56,19,22,12592,41518
2023-10-26 15:02:56,20,22,12592,41518
2023-10-26 15:02:57,20,21,12592,41518
2023-10-26 15:03:34,20,21,12842,41768
2023-10-26 15:03:37,20,23,12886,41812
2023-10-26 15:03:37,21,23,12886,41812
2023-10-26 15:03:39,22,23,12886,41812
2023-10-26 15:03:40,22,25,12886,41812
2023-10-26 15:03:40,23,25,12886,41812
2023-10-26 15:03:44,23,24,12886,41812
2023-10-26 15:03:47,23,25,13086,42012
2023-10-26 15:03:48,24,25,13086,42012
2023-10-26 15:03:54,24,26,13086,42012
2023-10-26 15:03:56,23,26,13086,42012
2023-10-26 15:03:57,24,26,13086,42012
2023-10-26 15:04:03,22,26,13086,42012
2023-10-26 15:04:03,23,26,13086,42012
2023-10-26 15:04:03,22,26,13086,42012
2023-10-26 15:04:04,23,26,13086,42012
2023-10-26 15:04:04,23,25,13086,42012
2023-10-26 15:04:08,22,25,13105,42197
2023-10-26 15:04:08,23,25,13105,42197
2023-10-26 15:04:13,21,22,13389,42681
2023-10-26 15:04:16,21,24,13589,42881
2023-10-26 15:04:16,22,24,13589,42881
2023-10-26 15:04:23,22,25,13589,42881
2023-10-26 15:04:24,23,25,13589,42881
2023-10-26 15:04:44,23,25,13664,42956
2023-10-26 15:04:45,23,24,13664,42956
2023-10-26 15:04:45,23,25,13664,42956
2023-10-26 15:04:50,23,24,13664,42956
2023-10-26 15:04:50,21,24,13664,42956
2023-10-26 15:04:50,22,24,13664,42956
2023-10-26 15:05:13,21,24,13664,42956
2023-10-26 15:05:14,22,24,13664,42956
2023-10-26 15:05:17,22,23,13664,42956
2023-10-26 15:05:17,20,23,13664,42956
2023-10-26 15:05:17,21,23,13664,42956
2023-10-26 15:05:22,20,23,13664,42956
2023-10-26 15:05:22,21,23,13664,42956
2023-10-26 15:05:24,22,23,13664,42956
2023-10-26 15:05:24,22,24,13664,42956
2023-10-26 15:05:35,21,24,13664,42956
2023-10-26 15:05:35,22,24,13664,42956
2023-10-26 15:05:36,21,24,13664,42956
2023-10-26 15:05:36,22,24,13664,42956
2023-10-26 15:05:40,22,25,13664,42956
2023-10-26 15:05:40,23,25,13664,42956
2023-10-26 15:05:44,23,26,13664,42956
2023-10-26 15:05:44,24,26,13664,42956
2023-10-26 15:05:48,25,26,13664,42956
2023-10-26 15:05:53,25,27,13864,43156
2023-10-26 15:05:54,26,27,13864,43156
2023-10-26 15:05:54,27,28,13864,43156
2023-10-26 15:05:55,27,28,13866,43158
2023-10-26 15:06:05,27,29,13866,43158
2023-10-26 15:06:11,27,30,14066,43358
2023-10-26 15:06:12,28,30,14066,43358
2023-10-26 15:06:17,27,30,14066,43358
2023-10-26 15:06:18,27,29,14066,43358
2023-10-26 15:06:22,28,29,14066,43358
2023-10-26 15:06:22,28,30,14066,43358
2023-10-26 15:06:34,29,30,14066,43358
2023-10-26 15:06:37,29,31,14066,43360
2023-10-26 15:06:38,29,31,14316,43610
2023-10-26 15:06:39,30,31,14316,43610
2023-10-26 15:06:39,30,32,14316,43610
2023-10-26 15:06:43,30,31,14316,43610
2023-10-26 15:06:45,30,32,14316,43610
2023-10-26 15:06:48,30,31,14316,43610
2023-10-26 15:06:57,30,32,14316,43610
2023-10-26 15:07:01,30,31,14316,43610
2023-10-26 15:07:06,29,31,14316,43610
2023-10-26 15:07:08,29,32,14316,43610
2023-10-26 15:07:12,29,31,14316,43610
2023-10-26 15:07:14,29,32,14316,43610
2023-10-26 15:07:15,29,31,14316,43610
2023-10-26 15:07:25,28,31,14484,44178
2023-10-26 15:07:26,29,31,14484,44178
2023-10-26 15:07:29,29,32,14484,44178
2023-10-26 15:07:35,30,32,14484,44178
2023-10-26 15:07:39,31,32,14484,44178
2023-10-26 15:07:43,31,33,14484,44178
2023-10-26 15:07:59,30,33,14484,44178
2023-10-26 15:08:02,30,32,14484,44178
2023-10-26 15:08:11,30,33,14484,44178
2023-10-26 15:08:16,31,33,14484,44178
2023-10-26 15:08:30,31,32,14484,44178
2023-10-26 15:08:30,30,32,14484,44178
2023-10-26 15:08:35,30,33,14484,44178
2023-10-26 15:08:39,31,33,14484,44178
2023-10-26 15:08:39,31,32,14484,44178
2023-10-26 15:08:39,30,32,14484,44178
2023-10-26 15:08:42,30,33,14484,44178
2023-10-26 15:08:43,30,32,14484,44178
2023-10-26 15:08:44,30,33,14484,44178
2023-10-26 15:08:45,30,32,14484,44178
2023-10-26 15:08:48,30,33,14484,44178
2023-10-26 15:08:48,30,32,14484,44178
2023-10-26 15:08:51,31,32,14484,44178
2023-10-26 15:08:51,31,33,14484,44178
2023-10-26 15:09:09,30,33,14484,44178
2023-10-26 15:09:11,30,32,14484,44178
2023-10-26 15:09:21,31,32,14484,44178
2023-10-26 15:09:21,31,33,14484,44178
2023-10-26 15:09:32,32,33,14484,44178
2023-10-26 15:09:32,32,34,14484,44178
2023-10-26 15:09:34,31,34,14484,44178
2023-10-26 15:09:36,32,34,14484,44178
2023-10-26 15:09:39,32,35,14484,44178
2023-10-26 15:09:40,34,35,14484,44178
2023-10-26 15:09:40,34,36,14484,44178
2023-10-26 15:09:49,34,35,14484,44178
2023-10-26 15:10:01,32,35,14484,44178
2023-10-26 15:10:05,32,34,14484,44178
2023-10-26 15:10:07,32,35,14484,44178
2023-10-26 15:10:08,33,35,14484,44178
2023-10-26 15:10:09,33,36,14484,44178
2023-10-26 15:10:12,33,35,14484,44178
2023-10-26 15:10:17,33,36,14484,44178
2023-10-26 15:10:18,34,36,14484,44178
2023-10-26 15:10:18,33,35,14484,44178
2023-10-26 15:10:20,34,35,14484,44178
2023-10-26 15:10:21,34,35,14284,44378
2023-10-26 15:10:21,34,36,14211,44451
2023-10-26 15:10:21,34,38,14211,44451
2023-10-26 15:10:21,34,37,14211,44451
2023-10-26 15:10:21,34,38,14211,44451
2023-10-26 15:10:21,34,39,14211,44451
2023-10-26 15:10:21,35,39,14211,44451
2023-10-26 15:10:24,37,39,14211,44451
2023-10-26 15:10:31,37,40,14211,44451
2023-10-26 15:10:33,37,39,14211,44451
2023-10-26 15:10:35,38,39,14211,44451
2023-10-26 15:10:35,38,40,14211,44451
2023-10-26 15:10:36,37,40,14211,44451
2023-10-26 15:10:37,38,40,14211,44451
2023-10-26 15:10:39,39,40,14211,44451
2023-10-26 15:10:39,39,42,14211,44451
2023-10-26 15:10:40,42,43,14308,44651
2023-10-26 15:10:40,42,44,14308,44651
2023-10-26 15:10:40,41,44,14508,44851
2023-10-26 15:10:40,41,45,14508,44851
2023-10-26 15:10:41,41,44,14508,44851
2023-10-26 15:10:44,42,44,14508,44851
2023-10-26 15:10:46,41,44,14508,44851
2023-10-26 15:10:47,42,44,14508,44851
2023-10-26 15:10:50,42,45,14508,44851
2023-10-26 15:10:53,43,45,14508,44851
2023-10-26 15:10:53,43,46,14508,44851
2023-10-26 15:10:58,44,46,14508,44851
2023-10-26 15:10:59,43,46,14508,44851
2023-10-26 15:11:00,43,45,14508,44851
2023-10-26 15:11:01,42,45,14508,44851
2023-10-26 15:11:04,43,45,14508,44851
2023-10-26 15:11:05,43,46,14508,44851
2023-10-26 15:11:07,44,46,14508,44851
2023-10-26 15:11:17,44,46,14508,45051
2023-10-26 15:11:17,44,47,14508,45079
2023-10-26 15:11:17,45,47,14508,45079
2023-10-26 15:11:18,46,49,14508,45079
2023-10-26 15:11:19,47,49,14508,45079
2023-10-26 15:11:24,48,49,14508,45079
2023-10-26 15:11:26,48,50,14508,45079
2023-10-26 15:11:26,49,50,14508,45079
2023-10-26 15:11:27,49,50,14508,45081
2023-10-26 15:11:28,48,49,14508,45083
2023-10-26 15:11:29,47,49,14508,45083
2023-10-26 15:11:30,46,49,14508,45083
2023-10-26 15:11:35,46,48,14508,45083
2023-10-26 15:11:35,45,48,14508,45083
2023-10-26 15:11:36,44,48,14508,45083
2023-10-26 15:11:38,45,48,14508,45083
2023-10-26 15:11:39,45,47,14508,45083
2023-10-26 15:11:42,46,47,14508,45083
2023-10-26 15:11:42,46,49,14508,45083
2023-10-26 15:11:42,46,48,14508,45083
2023-10-26 15:12:07,46,50,14508,45083
2023-10-26 15:12:07,46,49,14508,45083
2023-10-26 15:12:09,47,49,14508,45083
2023-10-26 15:12:09,47,50,14508,45083
2023-10-26 15:12:10,48,50,14508,45083
2023-10-26 15:12:10,49,50,14508,45083
2023-10-26 15:12:10,49,51,14508,45083
2023-10-26 15:12:14,49,50,14508,45083
2023-10-26 15:12:22,49,51,14508,45083
2023-10-26 15:12:30,49,50,14508,45083
2023-10-26 15:12:31,47,50,14508,45083
2023-10-26 15:12:32,48,50,14508,45083
2023-10-26 15:12:33,47,50,14508,45083
2023-10-26 15:12:34,48,50,14508,45083
2023-10-26 15:12:50,48,49,14508,45083
2023-10-26 15:12:51,48,50,14508,45083
2023-10-26 15:12:51,48,51,14508,45083
2023-10-26 15:12:51,48,50,14508,45083
2023-10-26 15:12:59,47,50,14508,45083
2023-10-26 15:12:59,47,48,14508,45083
2023-10-26 15:12:59,45,48,14508,45083
2023-10-26 15:13:03,45,47,14508,45083
2023-10-26 15:13:04,45,48,14508,45083
2023-10-26 15:13:07,46,48,14508,45083
2023-10-26 15:13:08,45,48,14508,45083
2023-10-26 15:13:09,46,48,14508,45083
2023-10-26 15:13:11,45,48,14508,45083
2023-10-26 15:13:15,46,48,14508,45083
2023-10-26 15:13:20,47,48,14508,45083
2023-10-26 15:13:28,48,49,14509,45084
2023-10-26 15:13:28,48,50,14509,45084
2023-10-26 15:13:28,48,51,14509,45084
2023-10-26 15:13:28,48,50,14509,45084
2023-10-26 15:13:35,47,50,14509,45084
2023-10-26 15:13:36,47,49,14509,45084
2023-10-26 15:13:43,48,49,14509,45084
2023-10-26 15:13:43,48,50,14509,45084
2023-10-26 15:13:43,48,51,14509,45084
2023-10-26 15:13:43,48,50,14509,45084
2023-10-26 15:13:44,48,51,14509,45084
2023-10-26 15:13:45,49,51,14509,45084
2023-10-26 15:13:45,50,51,14509,45084
2023-10-26 15:13:49,49,51,14509,45084
2023-10-26 15:13:59,50,51,14509,45084
2023-10-26 15:14:01,49,51,14509,45084
2023-10-26 15:14:02,50,51,14509,45084
2023-10-26 15:14:04,49,51,14509,45084
2023-10-26 15:14:08,50,51,14509,45084
2023-10-26 15:14:14,49,51,14509,45084
2023-10-26 15:14:25,50,51,14509,45084
2023-10-26 15:14:26,51,52,14509,45088
2023-10-26 15:14:26,51,53,14509,45088
2023-10-26 15:14:34,51,52,14509,45088
2023-10-26 15:14:45,48,52,14509,45088
2023-10-26 15:14:45,48,51,14509,45088
2023-10-26 15:14:48,49,51,14509,45088
2023-10-26 15:14:54,49,52,14509,45088
2023-10-26 15:14:56,50,52,14509,45088
2023-10-26 15:15:01,51,52,14509,45088
2023-10-26 15:15:01,51,53,14509,45088
2023-10-26 15:15:15,51,53,14575,45197
2023-10-26 15:15:15,52,54,14575,45197
2023-10-26 15:15:16,53,54,14575,45197
2023-10-26 15:15:16,53,55,14576,45198
2023-10-26 15:15:16,54,55,14576,45198
2023-10-26 15:15:17,54,55,14576,45200
2023-10-26 15:15:18,54,56,14576,45200
2023-10-26 15:15:19,54,55,14576,45200
2023-10-26 15:15:25,53,55,14576,45200
2023-10-26 15:15:26,54,55,14576,45200
2023-10-26 15:15:27,54,56,14576,45200
2023-10-26 15:15:30,55,56,14576,45200
2023-10-26 15:15:30,55,57,14576,45200
2023-10-26 15:15:32,55,56,14576,45200
2023-10-26 15:15:33,53,56,14576,45200
2023-10-26 15:15:33,53,56,14611,45235
2023-10-26 15:15:37,53,55,14611,45235
2023-10-26 15:15:48,53,56,14611,45235
2023-10-26 15:15:48,53,55,14611,45235
2023-10-26 15:15:55,53,55,14613,45237
2023-10-26 15:15:57,53,54,14613,45237
2023-10-26 15:15:58,52,54,14613,45237
2023-10-26 15:15:59,52,53,14613,45237
2023-10-26 15:15:59,51,53,14613,45237
2023-10-26 15:16:00,49,53,14613,45237
2023-10-26 15:16:00,49,51,14613,45237
2023-10-26 15:16:01,48,51,14613,45237
2023-10-26 15:16:01,48,50,14613,45237
2023-10-26 15:16:01,48,49,14613,45237
2023-10-26 15:16:04,48,51,14613,45237
2023-10-26 15:16:04,49,51,14613,45237
2023-10-26 15:16:07,50,51,14613,45237
2023-10-26 15:16:07,50,51,14611,45239
2023-10-26 15:16:11,50,53,14611,45239
2023-10-26 15:16:11,50,52,14611,45239
2023-10-26 15:16:12,50,53,14611,45239
2023-10-26 15:16:15,51,53,14611,45239
2023-10-26 15:16:15,51,52,14611,45239
2023-10-26 15:16:15,50,52,14611,45239
2023-10-26 15:16:18,50,53,14611,45239
2023-10-26 15:16:18,51,53,14611,45239
2023-10-26 15:16:24,51,54,14611,45239
2023-10-26 15:16:32,51,53,14611,45239
2023-10-26 15:16:34,51,55,14611,45239
2023-10-26 15:16:34,51,54,14611,45239
2023-10-26 15:16:36,52,54,14611,45239
2023-10-26 15:16:38,52,55,14611,45239
2023-10-26 15:16:41,53,55,14611,45239
2023-10-26 15:16:41,53,56,14611,45239
2023-10-26 15:16:42,53,55,14611,45239
2023-10-26 15:16:44,52,55,14611,45239
2023-10-26 15:16:46,52,54,14611,45239
2023-10-26 15:16:51,52,53,14611,45239
2023-10-26 15:16:51,50,53,14611,45239
2023-10-26 15:16:56,51,53,14611,45239
2023-10-26 15:17:02,51,52,14611,45239
2023-10-26 15:17:02,49,52,14611,45239
2023-10-26 15:17:02,50,52,14611,45239
2023-10-26 15:17:03,50,51,14611,45239
2023-10-26 15:17:03,50,51,14611,45241
2023-10-26 15:17:04,49,51,14611,45241
2023-10-26 15:17:27,49,52,14611,45241
2023-10-26 15:17:30,50,52,14611,45241
2023-10-26 15:17:30,50,53,14611,45241
2023-10-26 15:17:34,51,53,14611,45241
2023-10-26 15:17:54,50,53,14611,45241
2023-10-26 15:17:55,50,52,14611,45241
2023-10-26 15:17:55,49,52,14611,45241
2023-10-26 15:17:56,49,51,14611,45241
2023-10-26 15:17:59,49,50,14611,45241
2023-10-26 15:18:02,47,49,14609,45243
2023-10-26 15:18:02,46,49,14609,45243
2023-10-26 15:18:04,47,49,14609,45243
2023-10-26 15:18:06,47,48,14609,45243
2023-10-26 15:18:07,47,48,14609,45245
2023-10-26 15:18:08,48,50,14609,45247
2023-10-26 15:18:17,48,51,14609,45247
2023-10-26 15:18:19,49,51,14609,45247
2023-10-26 15:18:25,49,50,14609,45247
2023-10-26 15:18:25,47,50,14609,45247
2023-10-26 15:18:25,48,50,14609,45247
2023-10-26 15:18:28,48,51,14609,45247
2023-10-26 15:18:30,48,50,14609,45247
2023-10-26 15:18:33,47,50,14609,45247
2023-10-26 15:18:33,48,50,14609,45247
2023-10-26 15:18:34,48,51,14609,45247
2023-10-26 15:18:34,47,51,14609,45247
2023-10-26 15:18:34,48,51,14609,45247
2023-10-26 15:18:36,48,50,14609,45247
2023-10-26 15:18:47,47,50,14609,45247
2023-10-26 15:18:47,48,50,14609,45247
2023-10-26 15:18:49,47,50,14609,45247
2023-10-26 15:18:49,48,50,14609,45247
2023-10-26 15:18:58,48,51,14609,45247
2023-10-26 15:18:58,49,51,14609,45247
2023-10-26 15:18:59,49,52,14609,45247
2023-10-26 15:18:59,49,51,14609,45247
2023-10-26 15:19:00,47,51,14609,45247
2023-10-26 15:19:00,48,51,14609,45247
2023-10-26 15:19:07,48,50,14609,45247
2023-10-26 15:19:13,48,49,14609,45247
2023-10-26 15:19:13,47,49,14609,45247
2023-10-26 15:19:26,47,50,14609,45247
2023-10-26 15:19:29,47,51,14609,45247
2023-10-26 15:19:29,48,51,14609,45247
2023-10-26 15:19:30,49,51,14609,45247
2023-10-26 15:19:31,49,52,14609,45247
2023-10-26 15:19:34,49,51,14609,45247
2023-10-26 15:19:36,49,52,14609,45247
2023-10-26 15:19:38,50,52,14609,45247
2023-10-26 15:19:39,50,53,14609,45247
2023-10-26 15:19:40,50,54,14609,45247
2023-10-26 15:19:41,50,54,14605,45251
2023-10-26 15:19:43,51,54,14605,45251
2023-10-26 15:19:44,50,54,14605,45251
2023-10-26 15:19:44,51,54,14605,45251
2023-10-26 15:19:47,52,54,14605,45251
2023-10-26 15:19:47,52,55,14605,45251
2023-10-26 15:19:48,52,54,14605,45251
2023-10-26 15:19:51,52,55,14605,45251
2023-10-26 15:19:51,52,54,14605,45251
2023-10-26 15:19:51,52,55,14605,45251
2023-10-26 15:19:52,52,54,14605,45251
2023-10-26 15:19:53,52,55,14605,45251
2023-10-26 15:19:53,52,54,14605,45251
2023-10-26 15:19:58,51,54,14605,45251
2023-10-26 15:20:01,52,54,14605,45251
2023-10-26 15:20:01,51,54,14605,45251
2023-10-26 15:20:02,51,55,14605,45251
2023-10-26 15:20:02,52,55,14605,45251
2023-10-26 15:20:02,52,54,14605,45251
2023-10-26 15:20:02,53,54,14605,45251
2023-10-26 15:20:03,53,54,14607,45253
2023-10-26 15:20:03,53,56,14607,45253
2023-10-26 15:20:03,53,55,14607,45253
2023-10-26 15:20:07,53,54,14607,45253
2023-10-26 15:20:10,52,54,14607,45253
2023-10-26 15:20:11,51,54,14607,45253
2023-10-26 15:20:12,51,54,14607,45255
2023-10-26 15:20:16,52,54,14607,45255
2023-10-26 15:20:17,51,54,14607,45255
2023-10-26 15:20:19,50,54,14607,45255
2023-10-26 15:20:19,50,54,14607,45255
2023-10-26 15:20:19,51,54,14607,45255
2023-10-26 15:20:21,51,53,14607,45255
2023-10-26 15:20:23,49,53,14607,45255
2023-10-26 15:20:23,50,53,14607,45255
2023-10-26 15:20:27,50,52,14607,45255
2023-10-26 15:20:30,48,52,14607,45255
2023-10-26 15:20:30,49,52,14607,45255
2023-10-26 15:20:34,48,52,14607,45255
2023-10-26 15:20:34,49,52,14607,45255
2023-10-26 15:20:38,49,51,14607,45255
2023-10-26 15:20:39,49,50,14607,45255
2023-10-26 15:20:40,49,50,14607,45257
2023-10-26 15:20:40,49,50,14607,45259
2023-10-26 15:20:43,47,50,14607,45259
2023-10-26 15:20:43,48,50,14607,45259
2023-10-26 15:20:57,48,51,14607,45259
2023-10-26 15:20:58,49,51,14607,45259
2023-10-26 15:20:59,49,52,14607,45259
2023-10-26 15:21:02,49,53,14607,45259
2023-10-26 15:21:02,50,53,14607,45259
2023-10-26 15:21:05,51,53,14607,45259
2023-10-26 15:21:06,50,53,14607,45259
2023-10-26 15:21:06,51,53,14607,45259
2023-10-26 15:21:07,51,54,14607,45259
2023-10-26 15:21:09,51,55,14607,45259
2023-10-26 15:21:09,52,55,14607,45259
2023-10-26 15:21:10,52,55,14603,45263
2023-10-26 15:21:11,52,54,14603,45263
2023-10-26 15:21:12,52,55,14603,45263
2023-10-26 15:21:12,52,54,14603,45263
2023-10-26 15:21:15,52,55,14603,45263
2023-10-26 15:21:15,53,55,14603,45263
2023-10-26 15:21:15,53,56,14603,45263
2023-10-26 15:21:16,54,56,14603,45263
2023-10-26 15:21:19,54,55,14603,45263
2023-10-26 15:21:24,53,55,14603,45263
2023-10-26 15:21:24,54,55,14603,45263
2023-10-26 15:21:24,54,56,14603,45263
2023-10-26 15:21:25,54,57,14603,45263
2023-10-26 15:21:25,55,57,14603,45263
2023-10-26 15:21:32,54,57,14603,45263
2023-10-26 15:21:39,54,56,14603,45263
2023-10-26 15:21:47,55,56,14603,45263
2023-10-26 15:21:47,55,57,14603,45263
2023-10-26 15:21:49,56,57,14603,45263
2023-10-26 15:21:49,56,58,14603,45263
2023-10-26 15:21:52,57,58,14603,45263
2023-10-26 15:21:52,57,59,14603,45263
2023-10-26 15:21:53,57,60,14603,45263
2023-10-26 15:21:53,58,60,14603,45263
2023-10-26 15:21:53,59,60,14603,45263
2023-10-26 15:22:03,59,60,14640,45300
2023-10-26 15:22:04,58,60,14640,45300
2023-10-26 15:22:08,58,59,14640,45300
2023-10-26 15:22:11,58,59,14651,45311
2023-10-26 15:22:11,57,59,14651,45311
2023-10-26 15:22:26,57,58,14651,45311
2023-10-26 15:22:28,57,59,14651,45311
2023-10-26 15:22:28,57,60,14651,45311
2023-10-26 15:22:28,57,58,14651,45311
2023-10-26 15:22:28,57,59,14651,45311
2023-10-26 15:22:28,57,58,14651,45311
2023-10-26 15:22:29,57,60,14651,45311
2023-10-26 15:22:29,56,60,14905,45656
2023-10-26 15:22:29,56,58,14905,45656
2023-10-26 15:22:30,56,60,14905,45656
2023-10-26 15:22:30,56,59,14905,45656
2023-10-26 15:22:32,57,59,14905,45656
2023-10-26 15:22:32,57,60,14905,45656
2023-10-26 15:22:36,57,59,14905,45656
2023-10-26 15:22:59,57,61,14905,45656
2023-10-26 15:22:59,57,60,14905,45656
2023-10-26 15:23:01,58,60,14905,45656
2023-10-26 15:23:02,57,60,14905,45656
2023-10-26 15:23:03,57,59,14905,45656
2023-10-26 15:23:11,58,59,14905,45656
2023-10-26 15:23:11,58,61,14905,45656
2023-10-26 15:23:11,58,60,14905,45656
2023-10-26 15:23:12,59,60,14905,45656
2023-10-26 15:23:12,59,61,14905,45656
2023-10-26 15:23:16,59,60,14905,45656
2023-10-26 15:23:19,58,60,14905,45656
2023-10-26 15:23:25,59,60,14905,45656
2023-10-26 15:23:25,59,61,14905,45656
2023-10-26 15:23:26,59,60,14905,45656
2023-10-26 15:23:27,58,60,14905,45656
2023-10-26 15:23:28,57,60,14905,45656
2023-10-26 15:23:32,57,59,14905,45656
2023-10-26 15:23:32,58,59,14905,45656
2023-10-26 15:23:33,57,59,14905,45656
2023-10-26 15:23:34,56,59,14905,45656
2023-10-26 15:23:38,56,58,14905,45656
2023-10-26 15:23:39,56,59,14905,45656
2023-10-26 15:23:40,56,58,14905,45656
2023-10-26 15:23:42,56,59,14905,45656
2023-10-26 15:23:44,57,59,14905,45656
2023-10-26 15:23:49,56,59,14905,45656
2023-10-26 15:23:50,57,59,14905,45656
2023-10-26 15:23:52,56,59,14905,45656
2023-10-26 15:23:56,56,58,14905,45656
2023-10-26 15:23:58,56,59,14905,45656
2023-10-26 15:23:58,57,59,14905,45656
2023-10-26 15:24:00,56,59,14905,45656
2023-10-26 15:24:01,57,59,14905,45656
2023-10-26 15:24:03,57,60,14905,45656
2023-10-26 15:24:04,58,60,14905,45656
2023-10-26 15:24:04,58,61,14905,45656
2023-10-26 15:24:05,58,60,14905,45656
2023-10-26 15:24:10,59,60,14905,45656
2023-10-26 15:24:10,59,60,15051,45856
2023-10-26 15:24:10,59,61,15051,45856
2023-10-26 15:24:15,58,61,15051,45856
2023-10-26 15:24:19,58,60,15051,45856
2023-10-26 15:24:23,58,61,15051,45856
2023-10-26 15:24:23,57,61,15051,45856
2023-10-26 15:24:23,57,60,15051,45856
2023-10-26 15:24:23,58,60,15051,45856
2023-10-26 15:24:24,58,61,15051,45856
2023-10-26 15:24:24,57,61,15051,45856
2023-10-26 15:24:24,58,61,15051,45856
2023-10-26 15:24:24,58,60,15051,45856
2023-10-26 15:24:25,57,60,15051,45856
2023-10-26 15:24:25,58,61,15051,45856
2023-10-26 15:24:25,58,60,15051,45856
2023-10-26 15:24:35,56,60,15051,45856
2023-10-26 15:24:35,57,60,15051,45856
2023-10-26 15:24:37,58,60,15051,45856
2023-10-26 15:24:44,57,60,15051,45856
2023-10-26 15:24:46,57,59,15051,45856
2023-10-26 15:24:47,56,59,15051,45856
2023-10-26 15:24:50,56,58,15051,45856
2023-10-26 15:24:50,55,58,15051,45856
2023-10-26 15:24:52,54,58,15051,45856
2023-10-26 15:24:52,54,57,15051,45856
2023-10-26 15:24:53,54,58,15051,45856
2023-10-26 15:24:54,54,57,15051,45856
2023-10-26 15:24:54,54,56,15051,45856
2023-10-26 15:24:55,55,56,15051,45856
2023-10-26 15:25:03,55,57,15051,45856
2023-10-26 15:25:03,55,58,15051,45856
2023-10-26 15:25:05,56,58,15051,45856
2023-10-26 15:25:05,56,59,15051,45856
2023-10-26 15:25:08,56,58,15051,45856
2023-10-26 15:25:15,55,58,15051,45856
2023-10-26 15:25:19,56,58,15051,45856
2023-10-26 15:25:28,56,57,15051,45856
2023-10-26 15:25:28,54,57,15051,45856
2023-10-26 15:25:32,55,57,15051,45856
2023-10-26 15:25:34,54,57,15051,45856
2023-10-26 15:25:35,55,57,15051,45856
2023-10-26 15:25:37,54,57,15051,45856
2023-10-26 15:25:37,55,57,15051,45856
2023-10-26 15:25:38,55,59,15051,45856
2023-10-26 15:25:39,57,59,15051,45856
2023-10-26 15:25:39,58,59,15051,45856
2023-10-26 15:25:39,58,61,15051,45856
2023-10-26 15:25:43,57,61,15051,45856
2023-10-26 15:25:43,57,60,15051,45856
2023-10-26 15:25:44,57,58,15051,45856
2023-10-26 15:25:44,55,58,15051,45856
2023-10-26 15:25:45,54,58,15051,45856
2023-10-26 15:25:45,54,57,15051,45856
2023-10-26 15:25:46,53,57,15051,45856
2023-10-26 15:25:46,53,56,15051,45856
2023-10-26 15:25:46,52,56,15051,45856
2023-10-26 15:25:47,52,57,15051,45856
2023-10-26 15:25:48,53,57,15051,45856
2023-10-26 15:25:48,54,57,15051,45856
2023-10-26 15:25:48,54,56,15051,45856
2023-10-26 15:25:49,54,55,15051,45856
2023-10-26 15:25:57,54,57,15051,45856
2023-10-26 15:25:57,54,56,15051,45856
2023-10-26 15:25:59,54,57,15051,45856
2023-10-26 15:26:01,54,56,15051,45856
2023-10-26 15:26:04,54,56,15051,45866
2023-10-26 15:26:04,54,57,15051,45866
2023-10-26 15:26:18,55,57,15051,45866
2023-10-26 15:26:23,55,56,15051,45866
2023-10-26 15:26:23,53,56,15051,45866
2023-10-26 15:26:23,54,56,15051,45866
2023-10-26 15:26:27,54,57,15051,45866
2023-10-26 15:26:27,55,57,15051,45866
2023-10-26 15:26:39,55,58,15051,45866
2023-10-26 15:26:42,55,57,15051,45866
2023-10-26 15:26:44,55,58,15051,45866
2023-10-26 15:26:48,56,58,15051,45866
2023-10-26 15:26:49,56,59,15051,45866
2023-10-26 15:26:52,57,59,15051,45866
2023-10-26 15:26:53,57,60,15051,45866
2023-10-26 15:26:53,57,59,15051,45866
2023-10-26 15:26:54,57,61,15051,45866
2023-10-26 15:26:54,57,60,15051,45866
2023-10-26 15:26:54,58,60,15051,45866
2023-10-26 15:27:06,58,61,15051,45866
2023-10-26 15:27:07,59,61,15051,45866
2023-10-26 15:27:08,60,61,15051,45866
2023-10-26 15:27:10,59,61,15051,45866
2023-10-26 15:27:11,58,61,15051,45866
2023-10-26 15:27:14,57,61,15051,45866
2023-10-26 15:27:14,57,60,15051,45866
2023-10-26 15:27:16,57,59,15051,45866
2023-10-26 15:27:17,56,59,15051,45866
2023-10-26 15:27:19,56,60,15051,45866
2023-10-26 15:27:19,56,59,15051,45866
2023-10-26 15:27:21,57,59,15051,45866
2023-10-26 15:27:23,57,61,15051,45866
2023-10-26 15:27:23,57,60,15051,45866
2023-10-26 15:27:25,58,60,15051,45866
2023-10-26 15:27:25,58,61,15051,45866
2023-10-26 15:27:27,58,60,15051,45866
2023-10-26 15:27:32,57,60,15051,45866
2023-10-26 15:27:34,56,60,15051,45866
2023-10-26 15:27:35,56,59,15051,45866
2023-10-26 15:27:35,55,59,15051,45866
2023-10-26 15:27:38,56,59,15051,45866
2023-10-26 15:27:39,56,58,15051,45866
2023-10-26 15:27:42,55,58,15051,45866
2023-10-26 15:27:44,53,58,15051,45866
2023-10-26 15:27:44,54,58,15051,45866
2023-10-26 15:27:46,55,58,15051,45866
2023-10-26 15:27:50,55,57,15051,45866
2023-10-26 15:27:51,55,59,15051,45866
2023-10-26 15:27:51,55,58,15051,45866
2023-10-26 15:27:54,55,59,15051,45866
2023-10-26 15:27:54,56,59,15051,45866
2023-10-26 15:27:55,56,58,15051,45866
2023-10-26 15:28:01,54,58,15051,45866
2023-10-26 15:28:01,55,58,15051,45866
2023-10-26 15:28:02,55,57,15051,45866
2023-10-26 15:28:02,55,56,15051,45866
2023-10-26 15:28:02,53,56,15051,45866
2023-10-26 15:28:03,53,55,15051,45866
2023-10-26 15:28:06,51,55,15051,45866
2023-10-26 15:28:06,52,55,15051,45866
2023-10-26 15:28:07,53,55,15051,45866
2023-10-26 15:28:07,52,55,15051,45866
2023-10-26 15:28:10,53,55,15051,45866
2023-10-26 15:28:11,51,55,15051,45866
2023-10-26 15:28:11,52,55,15051,45866
2023-10-26 15:28:12,52,54,15051,45866
2023-10-26 15:28:14,51,54,15051,45866
2023-10-26 15:28:15,50,54,15051,45866
2023-10-26 15:28:16,50,52,15051,45866
2023-10-26 15:28:22,50,54,15051,45866
2023-10-26 15:28:24,50,53,15051,45866
2023-10-26 15:28:26,50,54,15051,45866
2023-10-26 15:28:30,51,53,15051,45866
2023-10-26 15:28:40,49,53,15051,45866
2023-10-26 15:28:40,50,53,15051,45866
2023-10-26 15:28:41,50,54,15051,45866
2023-10-26 15:28:41,51,54,15051,45866
2023-10-26 15:28:42,51,55,15051,45866
2023-10-26 15:28:42,52,55,15051,45866
2023-10-26 15:28:43,52,56,15051,45866
2023-10-26 15:28:45,52,57,15051,45866
2023-10-26 15:28:45,53,57,15051,45866
2023-10-26 15:28:45,54,57,15051,45866
2023-10-26 15:28:46,55,57,15051,45866
2023-10-26 15:28:47,56,57,15051,45866
2023-10-26 15:28:48,56,57,15051,45868
2023-10-26 15:28:53,55,56,15053,45870
2023-10-26 15:28:54,54,56,15053,45870
2023-10-26 15:28:54,54,57,15053,45870
2023-10-26 15:28:54,55,57,15053,45870
2023-10-26 15:28:56,55,58,15053,45870
2023-10-26 15:28:59,55,57,15053,45870
2023-10-26 15:29:05,55,58,15053,45870
2023-10-26 15:29:08,55,57,15053,45870
2023-10-26 15:29:10,55,58,15053,45870
2023-10-26 15:29:14,56,58,15053,45870
2023-10-26 15:29:18,57,58,15053,45870
2023-10-26 15:29:20,58,60,15053,45874
2023-10-26 15:29:21,58,61,15053,45874
2023-10-26 15:29:22,58,60,15053,45874
2023-10-26 15:29:24,59,60,15053,45874
2023-10-26 15:29:25,59,61,15053,45874
2023-10-26 15:29:25,59,60,15053,45874
2023-10-26 15:29:30,59,60,15253,46074
2023-10-26 15:29:30,59,61,15253,46074
2023-10-26 15:29:30,60,61,15253,46074
2023-10-26 15:29:33,60,61,15453,46274
2023-10-26 15:29:33,60,64,15453,46274
2023-10-26 15:29:33,60,63,15453,46274
2023-10-26 15:29:35,61,63,15453,46274
2023-10-26 15:29:36,61,64,15615,46436
2023-10-26 15:29:36,61,63,15615,46436
2023-10-26 15:29:42,60,63,15615,46436
2023-10-26 15:29:57,61,63,15615,46436
2023-10-26 15:30:00,62,63,15615,46436
2023-10-26 15:30:00,62,63,15615,46489
2023-10-26 15:30:00,62,64,15615,46489
2023-10-26 15:30:01,62,63,15615,46489
2023-10-26 15:30:01,62,64,15615,46489
2023-10-26 15:30:02,63,64,15615,46489
2023-10-26 15:30:02,63,65,15615,46489
2023-10-26 15:30:03,64,65,15615,46489
2023-10-26 15:30:03,64,65,15815,46689
2023-10-26 15:30:03,64,66,15815,46689
2023-10-26 15:30:04,66,67,15915,46789
2023-10-26 15:30:04,66,68,15915,46789
2023-10-26 15:30:07,66,67,15915,46789
2023-10-26 15:30:08,64,67,15915,46789
2023-10-26 15:30:08,64,66,15915,46789
2023-10-26 15:30:10,63,66,15915,46789
2023-10-26 15:30:12,64,66,15915,46789
2023-10-26 15:30:14,63,66,15915,46789
2023-10-26 15:30:14,63,65,15915,46789
2023-10-26 15:30:15,63,66,16165,47039
2023-10-26 15:30:15,63,65,16165,47039
2023-10-26 15:30:28,64,65,16165,47039
2023-10-26 15:30:28,64,66,16165,47039
2023-10-26 15:30:28,64,67,16165,47039
2023-10-26 15:30:28,64,66,16165,47039
2023-10-26 15:30:30,65,66,16165,47039
2023-10-26 15:30:30,65,67,16165,47039
2023-10-26 15:30:32,65,66,16165,47039
2023-10-26 15:30:33,65,67,16165,47039
2023-10-26 15:30:33,65,68,16165,47039
2023-10-26 15:30:33,65,67,16165,47039
2023-10-26 15:30:35,66,67,16165,47039
2023-10-26 15:30:36,66,67,16365,47239
2023-10-26 15:30:36,66,68,16365,47239
2023-10-26 15:30:36,66,69,16365,47239
2023-10-26 15:30:36,66,68,16365,47239
2023-10-26 15:30:44,67,68,16365,47239
2023-10-26 15:30:45,67,68,16367,47241
2023-10-26 15:30:47,67,69,16367,47241
2023-10-26 15:30:47,67,68,16367,47241
2023-10-26 15:30:49,67,69,16367,47241
2023-10-26 15:30:49,67,68,16367,47241
2023-10-26 15:30:50,67,70,16367,47241
2023-10-26 15:30:50,67,69,16367,47241
2023-10-26 15:30:53,68,69,16367,47241
2023-10-26 15:31:06,67,69,16367,47241
2023-10-26 15:31:06,67,68,16367,47241
2023-10-26 15:31:13,66,68,16367,47241
2023-10-26 15:31:14,66,67,16367,47241
2023-10-26 15:31:14,64,67,16367,47241
2023-10-26 15:31:14,65,67,16367,47241
2023-10-26 15:31:15,65,66,16367,47241
2023-10-26 15:31:15,64,66,16367,47241
2023-10-26 15:31:17,64,67,16367,47241
2023-10-26 15:31:17,65,67,16367,47241
2023-10-26 15:31:18,65,68,16367,47241
2023-10-26 15:31:20,65,67,16367,47241
2023-10-26 15:31:21,65,68,16367,47241
2023-10-26 15:31:21,65,67,16367,47241
2023-10-26 15:31:21,65,68,16367,47241
2023-10-26 15:31:25,66,68,16367,47241
2023-10-26 15:31:25,66,69,16367,47241
2023-10-26 15:31:29,67,69,16367,47241
2023-10-26 15:31:33,67,70,16367,47241
2023-10-26 15:31:35,67,69,16367,47241
2023-10-26 15:31:35,67,70,16367,47241
2023-10-26 15:31:38,68,70,16367,47241
2023-10-26 15:31:40,67,70,16367,47241
2023-10-26 15:31:44,67,69,16367,47241
2023-10-26 15:31:48,66,69,16367,47241
2023-10-26 15:31:48,66,68,16367,47241
2023-10-26 15:31:49,66,67,16367,47241
2023-10-26 15:31:51,64,67,16367,47241
2023-10-26 15:31:51,65,67,16367,47241
2023-10-26 15:31:52,65,66,16367,47241
2023-10-26 15:31:58,65,67,16367,47241
2023-10-26 15:32:03,65,66,16367,47241
