datetime,bid,ask,open_interest,volume
2023-12-20 09:31:00,42,47,6,6
2023-12-20 09:31:00,43,47,6,6
2023-12-20 09:31:00,45,47,6,6
2023-12-20 09:31:02,44,47,205,206
2023-12-20 09:31:02,43,47,205,206
2023-12-20 09:31:02,43,46,205,206
2023-12-20 09:31:02,44,46,205,206
2023-12-20 09:31:03,43,46,205,206
2023-12-20 09:31:05,44,46,205,206
2023-12-20 09:31:07,44,46,455,456
2023-12-20 09:31:10,43,46,455,456
2023-12-20 09:31:13,43,45,455,456
2023-12-20 09:31:29,43,44,455,456
2023-12-20 09:31:38,42,44,455,456
2023-12-20 09:31:41,42,43,455,456
2023-12-20 09:31:42,42,44,455,456
2023-12-20 09:31:44,42,43,455,456
2023-12-20 09:31:47,42,44,455,456
2023-12-20 09:31:48,42,43,455,456
2023-12-20 09:32:09,41,43,455,456
2023-12-20 09:32:09,41,42,455,456
2023-12-20 09:32:12,41,43,455,456
2023-12-20 09:32:12,41,42,455,456
2023-12-20 09:32:18,41,43,455,456
2023-12-20 09:32:33,41,42,455,456
2023-12-20 09:32:37,40,42,455,456
2023-12-20 09:32:39,41,42,455,456
2023-12-20 09:32:47,40,42,465,466
2023-12-20 09:33:14,40,42,506,507
2023-12-20 09:34:05,41,42,506,507
2023-12-20 09:34:53,40,42,516,517
2023-12-20 09:34:53,40,43,315,718
2023-12-20 09:35:06,40,41,315,718
2023-12-20 09:35:19,40,41,372,775
2023-12-20 09:35:24,40,43,172,975
2023-12-20 09:35:42,41,43,172,975
2023-12-20 09:35:44,41,42,172,975
2023-12-20 09:35:51,40,42,182,985
2023-12-20 09:35:52,41,42,182,985
2023-12-20 09:35:53,41,43,182,985
2023-12-20 09:36:09,42,43,182,985
2023-12-20 09:36:09,42,43,242,1045
2023-12-20 09:36:09,41,43,242,1045
2023-12-20 09:36:14,40,43,242,1045
2023-12-20 09:36:39,40,42,242,1045
2023-12-20 09:36:43,40,42,244,1295
2023-12-20 09:36:44,41,42,244,1295
2023-12-20 09:36:46,41,43,288,1349
2023-12-20 09:36:46,41,42,288,1349
2023-12-20 09:36:49,41,43,401,1462
2023-12-20 09:36:49,41,42,401,1462
2023-12-20 09:36:50,41,43,401,1462
2023-12-20 09:36:55,41,42,401,1462
2023-12-20 09:37:01,41,43,401,1462
2023-12-20 09:37:15,41,44,401,1462
2023-12-20 09:37:16,41,43,401,1462
2023-12-20 09:37:25,41,42,401,1462
2023-12-20 09:37:26,41,43,401,1462
2023-12-20 09:37:32,41,42,401,1462
2023-12-20 09:37:41,41,43,401,1462
2023-12-20 09:37:43,41,44,401,1462
2023-12-20 09:37:45,41,43,401,1462
2023-12-20 09:37:55,42,43,401,1462
2023-12-20 09:39:24,41,43,411,1472
2023-12-20 09:39:30,41,42,411,1472
2023-12-20 09:40:08,41,42,661,1722
2023-12-20 09:40:10,41,43,784,1847
2023-12-20 09:40:10,41,42,784,1847
2023-12-20 09:40:12,41,43,921,1984
2023-12-20 09:40:12,41,42,921,1984
2023-12-20 09:40:16,41,43,1069,2132
2023-12-20 09:40:16,41,42,1069,2132
2023-12-20 09:40:18,41,43,1069,2132
2023-12-20 09:40:20,41,42,1069,2132
2023-12-20 09:40:29,40,42,1079,2142
2023-12-20 09:40:32,40,43,1079,2142
2023-12-20 09:40:33,40,42,1079,2142
2023-12-20 09:40:36,40,43,1079,2142
2023-12-20 09:40:36,40,42,1079,2142
2023-12-20 09:40:41,40,41,1079,2142
2023-12-20 09:40:42,40,42,1079,2142
2023-12-20 09:40:42,40,41,1079,2142
2023-12-20 09:41:16,40,41,1079,2202
2023-12-20 09:41:17,39,41,1079,2202
2023-12-20 09:41:26,39,40,1079,2202
2023-12-20 09:41:45,38,40,1079,2202
2023-12-20 09:41:45,38,39,1079,2202
2023-12-20 09:41:46,38,40,1079,2202
2023-12-20 09:41:49,38,39,1079,2202
2023-12-20 09:42:09,38,39,1079,2279
2023-12-20 09:42:23,38,41,1079,2279
2023-12-20 09:42:23,38,40,1079,2279
2023-12-20 09:42:25,38,41,1079,2279
2023-12-20 09:42:27,38,40,1079,2279
2023-12-20 09:42:33,39,40,1079,2279
2023-12-20 09:42:33,39,41,1079,2279
2023-12-20 09:42:34,39,40,1079,2279
2023-12-20 09:42:37,39,41,1079,2279
2023-12-20 09:42:37,39,40,1079,2279
2023-12-20 09:42:40,38,40,1079,2279
2023-12-20 09:42:41,39,40,1079,2279
2023-12-20 09:42:45,39,41,1079,2279
2023-12-20 09:42:45,39,40,1079,2279
2023-12-20 09:42:49,38,40,1079,2279
2023-12-20 09:42:50,39,40,1079,2279
2023-12-20 09:42:54,38,40,1079,2279
2023-12-20 09:43:02,38,39,1079,2279
2023-12-20 09:43:36,38,41,1079,2279
2023-12-20 09:43:36,38,40,1079,2279
2023-12-20 09:43:43,38,39,1079,2279
2023-12-20 09:43:56,39,41,1146,2459
2023-12-20 09:43:56,39,40,1146,2459
2023-12-20 09:43:57,38,40,1146,2459
2023-12-20 09:44:01,39,40,1146,2459
2023-12-20 09:44:10,39,41,1146,2459
2023-12-20 09:44:11,40,41,1146,2459
2023-12-20 09:44:15,40,42,1146,2459
2023-12-20 09:44:22,40,41,1146,2459
2023-12-20 09:44:37,39,41,1146,2459
2023-12-20 09:44:37,39,40,1146,2459
2023-12-20 09:44:39,39,40,1156,2469
2023-12-20 09:45:01,40,41,1343,2661
2023-12-20 09:45:02,39,41,1343,2661
2023-12-20 09:45:02,39,40,1343,2661
2023-12-20 09:45:11,39,41,1343,2661
2023-12-20 09:45:11,39,40,1343,2661
2023-12-20 09:45:25,39,41,1343,2661
2023-12-20 09:45:25,39,40,1343,2661
2023-12-20 09:45:54,40,41,1343,2666
2023-12-20 09:46:10,39,41,1343,2666
2023-12-20 09:46:10,39,40,1343,2666
2023-12-20 09:46:11,39,41,1343,2666
2023-12-20 09:46:11,39,40,1343,2666
2023-12-20 09:46:12,39,41,1343,2666
2023-12-20 09:46:25,39,40,1343,2666
2023-12-20 09:46:30,39,41,1343,2666
2023-12-20 09:46:30,39,40,1343,2666
2023-12-20 09:46:41,39,41,1343,2666
2023-12-20 09:46:43,39,40,1343,2666
2023-12-20 09:46:44,40,41,1343,2671
2023-12-20 09:47:25,40,41,1351,2679
2023-12-20 09:47:25,39,40,1353,2681
2023-12-20 09:50:48,38,40,1363,2691
2023-12-20 09:50:48,38,39,1363,2691
2023-12-20 09:50:54,38,40,1363,2691
2023-12-20 09:50:54,38,39,1363,2691
2023-12-20 09:50:56,38,40,1363,2691
2023-12-20 09:51:04,38,39,1363,2691
2023-12-20 09:51:06,38,40,1363,2691
2023-12-20 09:51:06,38,39,1363,2691
2023-12-20 09:51:15,38,39,1463,2791
2023-12-20 09:52:50,39,40,1491,2819
2023-12-20 09:52:50,38,40,1563,2891
2023-12-20 09:52:51,38,39,1563,2891
2023-12-20 09:53:06,39,40,1687,3015
2023-12-20 09:53:07,38,40,1687,3015
2023-12-20 09:53:07,38,39,1687,3015
2023-12-20 09:53:23,39,40,1822,3150
2023-12-20 09:53:24,38,40,1822,3150
2023-12-20 09:54:09,38,39,1822,3150
2023-12-20 09:54:16,38,40,1822,3150
2023-12-20 09:54:18,38,39,1822,3150
2023-12-20 09:54:22,37,39,1832,3160
2023-12-20 09:55:07,36,39,1832,3160
2023-12-20 09:55:08,36,38,1832,3160
2023-12-20 09:55:42,36,37,1832,3160
2023-12-20 09:55:45,36,38,1832,3160
2023-12-20 09:56:00,36,38,1870,3198
2023-12-20 09:56:21,36,37,1870,3198
2023-12-20 09:56:21,36,37,2130,3458
2023-12-20 09:56:32,36,38,2130,3458
2023-12-20 09:56:45,37,38,2130,3458
2023-12-20 09:56:53,36,38,2130,3458
2023-12-20 09:56:56,37,38,2130,3458
2023-12-20 09:57:15,37,39,2130,3458
2023-12-20 09:58:01,37,40,2130,3458
2023-12-20 09:58:09,37,39,2130,3458
2023-12-20 09:58:16,38,39,2130,3458
2023-12-20 09:58:16,38,40,2130,3458
2023-12-20 09:58:34,38,41,2130,3458
2023-12-20 09:58:39,38,40,2130,3458
2023-12-20 09:58:41,37,40,2130,3458
2023-12-20 09:58:53,38,40,2130,3458
2023-12-20 09:58:55,37,40,2130,3458
2023-12-20 09:59:07,37,39,2130,3458
2023-12-20 10:00:00,37,40,2130,3458
2023-12-20 10:00:01,38,40,2130,3458
2023-12-20 10:00:01,38,41,2130,3458
2023-12-20 10:00:01,38,40,2130,3458
2023-12-20 10:00:01,38,41,2130,3458
2023-12-20 10:00:03,38,40,2130,3458
2023-12-20 10:00:04,37,40,2130,3458
2023-12-20 10:00:09,37,39,2130,3458
2023-12-20 10:00:10,37,40,2130,3458
2023-12-20 10:00:11,37,39,2130,3458
2023-12-20 10:00:22,37,38,2130,3458
2023-12-20 10:00:27,36,38,2140,3468
2023-12-20 10:00:31,36,37,2140,3468
2023-12-20 10:00:33,35,36,2140,3478
2023-12-20 10:00:41,34,36,2140,3488
2023-12-20 10:00:50,34,37,2140,3488
2023-12-20 10:00:52,35,37,2140,3488
2023-12-20 10:00:55,34,37,2140,3488
2023-12-20 10:00:57,34,36,2140,3488
2023-12-20 10:01:00,34,37,2140,3488
2023-12-20 10:01:02,35,37,2140,3488
2023-12-20 10:01:07,35,38,2140,3488
2023-12-20 10:01:22,36,38,2140,3488
2023-12-20 10:01:29,36,39,2140,3488
2023-12-20 10:01:40,36,38,2140,3488
2023-12-20 10:01:40,35,38,2140,3488
2023-12-20 10:01:48,35,37,2140,3488
2023-12-20 10:01:49,34,37,2140,3488
2023-12-20 10:01:52,34,36,2140,3488
2023-12-20 10:01:54,34,37,2140,3488
2023-12-20 10:02:00,34,36,2140,3488
2023-12-20 10:02:02,34,35,2140,3488
2023-12-20 10:02:02,34,35,2159,3507
2023-12-20 10:02:04,34,36,2159,3507
2023-12-20 10:02:09,34,35,2159,3507
2023-12-20 10:02:16,34,36,2159,3507
2023-12-20 10:02:30,34,37,2159,3507
2023-12-20 10:02:33,35,37,2159,3507
2023-12-20 10:02:40,34,37,2159,3507
2023-12-20 10:02:41,34,35,2159,3507
2023-12-20 10:02:42,34,35,2340,3688
2023-12-20 10:02:44,34,35,2590,3938
2023-12-20 10:02:45,34,35,2790,4138
2023-12-20 10:02:47,35,37,2840,4188
2023-12-20 10:02:50,36,37,2840,4188
2023-12-20 10:02:57,36,38,2840,4188
2023-12-20 10:03:00,35,38,2840,4188
2023-12-20 10:03:04,36,38,2840,4188
2023-12-20 10:03:08,37,38,2840,4188
2023-12-20 10:03:11,36,38,2840,4188
2023-12-20 10:03:16,35,38,2840,4188
2023-12-20 10:03:17,35,37,2840,4188
2023-12-20 10:03:23,34,37,2840,4188
2023-12-20 10:03:34,34,36,2840,4188
2023-12-20 10:03:35,34,37,2840,4188
2023-12-20 10:03:36,34,36,2840,4188
2023-12-20 10:03:48,35,36,2840,4188
2023-12-20 10:04:08,34,35,2840,4198
2023-12-20 10:04:19,33,34,2840,4208
2023-12-20 10:05:29,32,34,2850,4218
2023-12-20 10:05:30,32,33,2850,4218
2023-12-20 10:05:32,32,33,2884,4252
2023-12-20 10:05:32,32,34,2884,4252
2023-12-20 10:05:33,32,33,2884,4252
2023-12-20 10:05:38,32,34,2884,4252
2023-12-20 10:05:39,31,34,2884,4252
2023-12-20 10:05:40,32,34,2884,4252
2023-12-20 10:05:41,31,34,2884,4252
2023-12-20 10:05:44,32,33,2884,4252
2023-12-20 10:05:47,31,32,2884,4262
2023-12-20 10:05:49,31,33,2884,4262
2023-12-20 10:06:00,31,32,2884,4262
2023-12-20 10:06:27,31,32,3084,4462
2023-12-20 10:06:27,31,33,3084,4462
2023-12-20 10:06:29,30,33,3084,4462
2023-12-20 10:06:29,30,32,3084,4462
2023-12-20 10:06:54,30,31,3084,4462
2023-12-20 10:06:57,30,31,3141,4519
2023-12-20 10:07:13,29,30,3141,4529
2023-12-20 10:07:32,29,31,3141,4529
2023-12-20 10:07:45,29,32,3141,4529
2023-12-20 10:07:46,29,31,3141,4529
2023-12-20 10:07:53,29,32,3256,4644
2023-12-20 10:07:55,30,32,3256,4644
2023-12-20 10:07:58,29,32,3256,4644
2023-12-20 10:07:59,29,31,3256,4644
2023-12-20 10:08:01,29,32,3256,4644
2023-12-20 10:08:02,30,32,3256,4644
2023-12-20 10:08:10,29,32,3256,4644
2023-12-20 10:08:11,29,31,3256,4644
2023-12-20 10:08:36,29,32,3256,4644
2023-12-20 10:08:37,29,31,3256,4644
2023-12-20 10:08:40,29,32,3256,4644
2023-12-20 10:08:48,29,31,3256,4644
2023-12-20 10:08:51,29,32,3256,4644
2023-12-20 10:08:53,29,31,3256,4644
2023-12-20 10:08:55,29,32,3256,4644
2023-12-20 10:09:00,30,32,3256,4644
2023-12-20 10:09:01,29,32,3256,4644
2023-12-20 10:09:03,29,31,3256,4644
2023-12-20 10:09:06,29,32,3256,4644
2023-12-20 10:09:07,29,31,3256,4644
2023-12-20 10:09:08,30,31,3256,4644
2023-12-20 10:09:08,30,32,3256,4644
2023-12-20 10:09:16,29,32,3256,4644
2023-12-20 10:09:20,30,32,3256,4644
2023-12-20 10:09:23,30,32,3256,4894
2023-12-20 10:09:28,31,32,3256,4894
2023-12-20 10:09:32,31,34,3256,4894
2023-12-20 10:09:43,32,35,3256,4894
2023-12-20 10:09:44,33,35,3256,4894
2023-12-20 10:09:45,32,35,3256,4894
2023-12-20 10:09:47,32,34,3256,4894
2023-12-20 10:09:54,32,33,3256,4894
2023-12-20 10:09:58,31,32,3256,4904
2023-12-20 10:10:11,31,32,3256,4914
2023-12-20 10:10:27,31,33,3256,4914
2023-12-20 10:10:34,31,34,3256,4942
2023-12-20 10:10:41,31,33,3256,4942
2023-12-20 10:10:53,31,34,3256,4942
2023-12-20 10:11:04,32,34,3256,4942
2023-12-20 10:11:13,32,35,3256,4942
2023-12-20 10:11:16,32,34,3256,4942
2023-12-20 10:11:17,32,35,3256,4942
2023-12-20 10:11:18,32,34,3256,4942
2023-12-20 10:11:52,32,35,3256,4942
2023-12-20 10:11:55,32,34,3256,4942
2023-12-20 10:12:02,31,34,3256,4942
2023-12-20 10:12:12,32,34,3256,4942
2023-12-20 10:12:23,32,35,3256,4942
2023-12-20 10:12:24,32,34,3256,4942
2023-12-20 10:12:26,32,35,3256,4942
2023-12-20 10:12:33,32,34,3256,4942
2023-12-20 10:12:34,33,34,3256,4942
2023-12-20 10:12:52,32,33,3256,4952
2023-12-20 10:12:59,32,34,3256,4952
2023-12-20 10:13:05,32,35,3256,4952
2023-12-20 10:13:07,32,34,3256,4952
2023-12-20 10:13:30,33,34,3256,4952
2023-12-20 10:13:40,32,34,3256,4952
2023-12-20 10:13:45,32,35,3256,4957
2023-12-20 10:13:59,32,34,3256,4957
2023-12-20 10:14:15,32,33,3256,4957
2023-12-20 10:14:16,32,34,3256,4957
2023-12-20 10:14:16,32,33,3256,4957
2023-12-20 10:14:23,31,33,3256,4957
2023-12-20 10:14:34,31,32,3256,4957
2023-12-20 10:15:03,31,33,3256,4957
2023-12-20 10:15:08,31,34,3256,4957
2023-12-20 10:15:09,31,33,3256,4957
2023-12-20 10:15:14,31,34,3256,4957
2023-12-20 10:15:15,31,33,3256,4957
2023-12-20 10:15:18,31,34,3256,4957
2023-12-20 10:15:19,31,33,3256,4957
2023-12-20 10:15:28,31,32,3256,4957
2023-12-20 10:15:33,31,33,3256,4957
2023-12-20 10:15:37,31,32,3256,4957
2023-12-20 10:15:38,31,33,3256,4957
2023-12-20 10:15:45,31,32,3256,4957
2023-12-20 10:15:53,30,31,3256,4967
2023-12-20 10:16:02,29,30,3256,4977
2023-12-20 10:16:02,29,30,3314,5035
2023-12-20 10:16:06,29,31,3314,5035
2023-12-20 10:16:19,29,30,3314,5035
2023-12-20 10:16:20,29,31,3314,5035
2023-12-20 10:16:20,29,30,3314,5035
2023-12-20 10:16:25,29,31,3314,5035
2023-12-20 10:16:26,29,31,3426,5147
2023-12-20 10:16:26,29,30,3426,5147
2023-12-20 10:16:28,29,31,3426,5147
2023-12-20 10:16:28,29,30,3426,5147
2023-12-20 10:16:29,28,30,3426,5147
2023-12-20 10:17:03,28,29,3426,5147
2023-12-20 10:17:04,27,29,3436,5157
2023-12-20 10:17:18,26,29,3446,5167
2023-12-20 10:17:19,26,28,3446,5167
2023-12-20 10:17:20,26,29,3446,5167
2023-12-20 10:17:20,26,28,3446,5167
2023-12-20 10:17:35,26,29,3446,5167
2023-12-20 10:17:37,26,28,3446,5167
2023-12-20 10:17:39,26,29,3446,5167
2023-12-20 10:17:56,26,28,3446,5167
2023-12-20 10:17:59,26,29,3590,5311
2023-12-20 10:17:59,27,29,3590,5311
2023-12-20 10:18:04,26,29,3590,5311
2023-12-20 10:18:05,27,29,3590,5311
2023-12-20 10:18:26,27,29,3600,5331
2023-12-20 10:18:32,27,30,3600,5336
2023-12-20 10:18:35,27,29,3600,5336
2023-12-20 10:18:41,26,29,3600,5336
2023-12-20 10:18:43,27,29,3600,5336
2023-12-20 10:19:08,27,30,3600,5541
2023-12-20 10:19:23,28,30,3600,5541
2023-12-20 10:19:23,28,30,3660,5601
2023-12-20 10:19:44,28,29,3660,5601
2023-12-20 10:19:47,28,30,3660,5601
2023-12-20 10:19:48,28,29,3660,5601
2023-12-20 10:19:49,28,30,3660,5601
2023-12-20 10:19:50,28,29,3660,5601
2023-12-20 10:19:54,28,30,3660,5601
2023-12-20 10:19:55,28,29,3660,5601
2023-12-20 10:19:58,28,30,3660,5601
2023-12-20 10:20:13,28,29,3660,5601
2023-12-20 10:20:39,28,30,3660,5601
2023-12-20 10:20:47,28,29,3660,5601
2023-12-20 10:20:48,28,30,3660,5601
2023-12-20 10:20:49,28,29,3660,5601
2023-12-20 10:20:57,27,28,3660,5606
2023-12-20 10:20:58,27,29,3660,5606
2023-12-20 10:21:01,27,28,3660,5606
2023-12-20 10:21:04,27,29,3660,5606
2023-12-20 10:21:09,27,28,3660,5606
2023-12-20 10:21:19,26,28,3670,5616
2023-12-20 10:21:20,26,27,3670,5616
2023-12-20 10:21:48,25,26,3670,5626
2023-12-20 10:22:06,24,25,3670,5636
2023-12-20 10:22:09,24,26,3670,5636
2023-12-20 10:22:13,24,25,3670,5636
2023-12-20 10:22:18,23,25,3670,5636
2023-12-20 10:22:19,24,25,3670,5636
2023-12-20 10:22:23,24,26,3670,5636
2023-12-20 10:22:32,23,26,3670,5636
2023-12-20 10:22:32,24,26,3670,5636
2023-12-20 10:23:10,23,26,3670,5636
2023-12-20 10:23:12,23,25,3670,5636
2023-12-20 10:23:25,23,26,3670,5636
2023-12-20 10:23:26,24,26,3670,5636
2023-12-20 10:23:31,23,26,3670,5636
2023-12-20 10:23:38,24,26,3670,5636
2023-12-20 10:23:57,24,25,3670,5636
2023-12-20 10:23:57,23,25,3670,5636
2023-12-20 10:23:57,24,25,3670,5636
2023-12-20 10:23:59,23,25,3670,5636
2023-12-20 10:24:12,24,25,3670,5636
2023-12-20 10:24:17,23,25,3670,5636
2023-12-20 10:24:41,22,25,3670,5636
2023-12-20 10:24:41,22,24,3670,5636
2023-12-20 10:24:48,23,24,3670,5636
2023-12-20 10:24:52,22,24,3670,5636
2023-12-20 10:24:54,23,24,3670,5636
2023-12-20 10:24:58,23,25,3670,5636
2023-12-20 10:25:01,23,24,3670,5636
2023-12-20 10:25:12,23,25,3670,5636
2023-12-20 10:25:20,23,24,3670,5636
2023-12-20 10:25:25,23,25,3670,5636
2023-12-20 10:25:34,23,24,3670,5636
2023-12-20 10:26:13,23,25,3670,5636
2023-12-20 10:26:19,24,25,3670,5636
2023-12-20 10:26:22,23,25,3670,5636
2023-12-20 10:26:22,24,25,3670,5636
2023-12-20 10:26:27,24,26,3670,5636
2023-12-20 10:26:31,24,25,3670,5636
2023-12-20 10:26:33,23,25,3670,5636
2023-12-20 10:26:33,24,25,3670,5636
2023-12-20 10:26:34,24,26,3670,5636
2023-12-20 10:26:41,23,26,3670,5636
2023-12-20 10:26:45,24,26,3670,5636
2023-12-20 10:26:47,23,26,3670,5636
2023-12-20 10:26:49,24,26,3670,5636
2023-12-20 10:26:50,24,25,3670,5636
2023-12-20 10:26:50,23,25,3670,5636
2023-12-20 10:27:06,24,25,3670,5636
2023-12-20 10:27:09,23,25,3670,5636
2023-12-20 10:27:56,23,26,3670,5636
2023-12-20 10:27:57,23,25,3670,5636
2023-12-20 10:27:58,23,26,3670,5636
2023-12-20 10:28:02,23,25,3670,5636
2023-12-20 10:28:02,24,25,3670,5636
2023-12-20 10:28:04,24,26,3670,5636
2023-12-20 10:28:11,24,25,3670,5636
2023-12-20 10:28:16,24,26,3670,5636
2023-12-20 10:28:26,24,25,3670,5636
2023-12-20 10:28:34,23,25,3670,5636
2023-12-20 10:28:34,24,25,3670,5636
2023-12-20 10:28:35,23,25,3670,5636
2023-12-20 10:29:03,23,24,3670,5636
2023-12-20 10:29:16,23,25,3670,5636
2023-12-20 10:30:02,23,24,3670,5636
2023-12-20 10:30:06,23,24,3670,5641
2023-12-20 10:30:10,22,23,3670,5646
2023-12-20 10:30:12,21,22,3670,5651
2023-12-20 10:30:14,19,21,3670,5656
2023-12-20 10:30:20,20,21,3670,5656
2023-12-20 10:30:20,20,21,3725,5711
2023-12-20 10:30:21,20,22,3725,5711
2023-12-20 10:30:36,21,22,3725,5711
2023-12-20 10:30:55,20,21,3725,5716
2023-12-20 10:31:12,19,20,3607,5839
2023-12-20 10:31:14,18,20,3607,5839
2023-12-20 10:31:26,19,20,3607,5839
2023-12-20 10:31:40,18,19,3481,5970
2023-12-20 10:31:41,18,20,3481,5970
2023-12-20 10:31:41,19,20,3481,5970
2023-12-20 10:31:42,18,19,3295,6156
2023-12-20 10:31:43,18,20,3295,6156
2023-12-20 10:31:43,19,20,3295,6156
2023-12-20 10:31:44,18,20,3295,6156
2023-12-20 10:31:45,18,19,3295,6156
2023-12-20 10:31:45,17,18,3114,6342
2023-12-20 10:31:45,16,18,3114,6342
2023-12-20 10:31:59,16,17,3114,6342
2023-12-20 10:32:03,16,18,3114,6342
2023-12-20 10:32:07,16,17,3114,6342
2023-12-20 10:32:26,14,16,2957,6499
2023-12-20 10:32:26,15,16,2957,6499
2023-12-20 10:32:28,14,16,2957,6499
2023-12-20 10:32:28,15,16,2957,6499
2023-12-20 10:32:34,15,17,2957,6499
2023-12-20 10:32:35,15,16,2957,6499
2023-12-20 10:32:46,14,16,2957,6499
2023-12-20 10:32:51,15,16,2957,6499
2023-12-20 10:33:21,15,17,2957,6499
2023-12-20 10:33:23,16,17,2957,6499
2023-12-20 10:33:39,16,18,2957,6499
2023-12-20 10:33:43,17,18,2957,6499
2023-12-20 10:33:49,17,19,2957,6499
2023-12-20 10:33:56,18,19,2957,6499
2023-12-20 10:34:05,18,20,2957,6499
2023-12-20 10:34:09,18,19,2957,6499
2023-12-20 10:34:13,18,20,2957,6499
2023-12-20 10:34:17,19,20,2957,6499
2023-12-20 10:34:32,18,20,2957,6499
2023-12-20 10:34:34,18,19,2957,6499
2023-12-20 10:35:10,18,20,2957,6499
2023-12-20 10:35:22,18,19,2957,6499
2023-12-20 10:35:37,18,20,2957,6499
2023-12-20 10:35:49,18,21,2957,6499
2023-12-20 10:35:51,18,20,2957,6499
2023-12-20 10:35:54,19,20,2957,6499
2023-12-20 10:36:09,18,20,2957,6499
2023-12-20 10:36:09,19,20,2957,6499
2023-12-20 10:36:11,19,21,2957,6499
2023-12-20 10:36:51,18,21,2957,6499
2023-12-20 10:36:51,19,21,2957,6499
2023-12-20 10:37:00,18,21,2957,6499
2023-12-20 10:37:00,20,21,2957,6499
2023-12-20 10:37:02,18,21,2957,6499
2023-12-20 10:37:02,19,21,2957,6499
2023-12-20 10:37:13,19,20,2957,6499
2023-12-20 10:37:13,18,20,2957,6499
2023-12-20 10:37:20,18,19,2957,6499
2023-12-20 10:37:34,18,20,2957,6499
2023-12-20 10:37:37,18,19,2957,6499
2023-12-20 10:38:05,18,20,2957,6499
2023-12-20 10:38:18,18,21,2957,6499
2023-12-20 10:38:21,19,21,2957,6499
2023-12-20 10:38:23,18,21,2957,6499
2023-12-20 10:38:25,19,21,2957,6499
2023-12-20 10:38:26,18,21,2957,6499
2023-12-20 10:38:27,19,21,2957,6499
2023-12-20 10:38:41,18,21,2957,6499
2023-12-20 10:38:41,19,21,2957,6499
2023-12-20 10:38:41,19,21,2957,6638
2023-12-20 10:38:54,20,21,2957,6638
2023-12-20 10:38:57,19,21,2957,6638
2023-12-20 10:39:00,20,21,2957,6638
2023-12-20 10:39:09,19,21,2957,6638
2023-12-20 10:39:09,20,21,2957,6638
2023-12-20 10:39:16,19,21,2957,6638
2023-12-20 10:39:16,20,21,2957,6638
2023-12-20 10:39:19,19,21,2957,6638
2023-12-20 10:40:07,19,22,2957,6638
2023-12-20 10:40:07,20,22,2957,6638
2023-12-20 10:40:14,20,21,2957,6638
2023-12-20 10:40:15,19,21,2957,6638
2023-12-20 10:40:38,20,21,2957,6638
2023-12-20 10:41:40,19,20,2962,6643
2023-12-20 10:41:42,19,20,3212,6893
2023-12-20 10:43:06,17,19,3212,6898
2023-12-20 10:43:07,18,19,3212,6898
2023-12-20 10:43:22,18,20,3212,6898
2023-12-20 10:43:22,18,19,3212,6898
2023-12-20 10:43:22,17,18,3212,6903
2023-12-20 10:43:53,15,17,3212,6908
2023-12-20 10:44:03,16,17,3212,6908
2023-12-20 10:44:12,16,18,3212,6908
2023-12-20 10:44:20,17,18,3212,6908
2023-12-20 10:44:53,17,19,3212,6908
2023-12-20 10:44:58,16,19,3212,6908
2023-12-20 10:44:58,17,19,3212,6908
2023-12-20 10:45:00,17,18,3212,6908
2023-12-20 10:45:32,16,18,3212,6908
2023-12-20 10:45:32,17,18,3212,6908
2023-12-20 10:46:11,16,18,3212,6908
2023-12-20 10:46:13,17,18,3212,6908
2023-12-20 10:46:20,16,18,3212,6908
2023-12-20 10:46:29,17,18,3212,6908
2023-12-20 10:46:40,17,18,3462,7158
2023-12-20 10:46:46,17,18,3712,7408
2023-12-20 10:46:59,17,18,3962,7658
2023-12-20 10:47:02,17,18,4212,7908
2023-12-20 10:47:05,17,18,4462,8158
2023-12-20 10:47:06,17,18,4662,8358
2023-12-20 10:47:06,17,20,4912,8608
2023-12-20 10:47:06,18,20,4912,8608
2023-12-20 10:47:07,18,21,4912,8608
2023-12-20 10:47:07,18,20,4912,8608
2023-12-20 10:47:07,18,19,4912,8608
2023-12-20 10:47:08,18,20,4912,8608
2023-12-20 10:47:08,18,21,4912,8608
2023-12-20 10:47:08,18,20,4912,8608
2023-12-20 10:47:09,17,20,4912,8608
2023-12-20 10:47:09,18,20,4912,8608
2023-12-20 10:47:20,19,20,4912,8608
2023-12-20 10:47:24,18,20,4912,8608
2023-12-20 10:47:24,19,20,4912,8608
2023-12-20 10:47:33,19,21,4912,8608
2023-12-20 10:47:38,19,22,4912,8608
2023-12-20 10:47:38,20,22,4912,8608
2023-12-20 10:47:45,20,21,4912,8608
2023-12-20 10:47:54,20,22,4912,8608
2023-12-20 10:48:06,20,23,4912,8608
2023-12-20 10:48:08,21,23,4912,8608
2023-12-20 10:48:09,22,23,4912,8608
2023-12-20 10:48:13,22,24,4917,8613
2023-12-20 10:48:46,22,23,4917,8613
2023-12-20 10:48:47,22,24,5033,8729
2023-12-20 10:48:48,22,23,5033,8729
2023-12-20 10:48:49,22,24,5222,8918
2023-12-20 10:49:01,22,23,5222,8918
2023-12-20 10:49:03,22,24,5222,8918
2023-12-20 10:49:04,22,23,5222,8918
2023-12-20 10:49:06,22,24,5222,8918
2023-12-20 10:49:10,22,23,5222,8918
2023-12-20 10:49:11,22,24,5222,8918
2023-12-20 10:49:14,22,23,5222,8918
2023-12-20 10:49:52,22,24,5222,8918
2023-12-20 10:49:57,22,23,5222,8918
2023-12-20 10:50:00,22,24,5222,8918
2023-12-20 10:50:05,22,23,5222,8918
2023-12-20 10:52:09,22,24,5222,8918
2023-12-20 10:52:23,23,24,5222,8918
2023-12-20 10:52:30,24,25,5222,8923
2023-12-20 10:52:57,24,25,5222,8923
2023-12-20 10:53:00,24,26,5222,8923
2023-12-20 10:53:01,24,25,5222,8923
2023-12-20 10:53:10,24,26,5222,8923
2023-12-20 10:53:13,24,25,5222,8923
2023-12-20 10:53:44,24,26,5222,8923
2023-12-20 10:53:58,24,27,5222,8923
2023-12-20 10:53:58,24,26,5222,8923
2023-12-20 10:54:09,24,25,5222,8923
2023-12-20 10:54:11,24,26,5222,8923
2023-12-20 10:54:31,25,26,5222,8923
2023-12-20 10:54:32,25,27,5222,8923
2023-12-20 10:54:32,25,26,5222,8923
2023-12-20 10:54:36,25,27,5222,8923
2023-12-20 10:54:36,25,26,5222,8923
2023-12-20 10:54:38,26,27,5324,9025
2023-12-20 10:54:39,25,27,5324,9025
2023-12-20 10:54:40,26,27,5324,9025
2023-12-20 10:54:41,26,28,5324,9025
2023-12-20 10:54:54,26,29,5324,9025
2023-12-20 10:54:57,27,29,5324,9025
2023-12-20 10:55:09,27,28,5324,9025
2023-12-20 10:55:18,26,28,5324,9025
2023-12-20 10:55:32,26,27,5324,9025
2023-12-20 10:55:43,25,27,5324,9025
2023-12-20 10:55:52,25,26,5324,9025
2023-12-20 10:56:06,24,26,5324,9025
2023-12-20 10:56:22,24,27,5324,9025
2023-12-20 10:56:22,25,27,5324,9025
2023-12-20 10:57:04,26,27,5324,9025
2023-12-20 10:57:17,25,27,5324,9025
2023-12-20 10:58:14,25,26,5324,9025
2023-12-20 10:58:14,24,26,5324,9025
2023-12-20 10:58:21,24,27,5324,9025
2023-12-20 10:58:21,24,25,5324,9025
2023-12-20 10:58:22,23,25,5324,9025
2023-12-20 10:58:40,24,25,5324,9025
2023-12-20 10:58:43,23,25,5324,9025
2023-12-20 10:58:43,23,24,5324,9025
2023-12-20 10:59:06,22,24,5324,9025
2023-12-20 10:59:06,22,23,5324,9025
2023-12-20 10:59:09,22,24,5324,9025
2023-12-20 10:59:12,23,24,5324,9025
2023-12-20 10:59:14,22,24,5324,9025
2023-12-20 10:59:14,23,24,5324,9025
2023-12-20 10:59:16,22,24,5324,9025
2023-12-20 10:59:23,22,23,5324,9025
2023-12-20 10:59:31,22,24,5324,9025
2023-12-20 10:59:35,22,23,5324,9025
2023-12-20 10:59:39,22,24,5324,9025
2023-12-20 10:59:41,22,23,5324,9025
2023-12-20 11:01:16,23,24,5324,9030
2023-12-20 11:01:39,22,24,5324,9030
2023-12-20 11:01:39,23,24,5324,9030
2023-12-20 11:01:40,22,24,5324,9030
2023-12-20 11:01:51,22,23,5324,9030
2023-12-20 11:02:32,21,22,5324,9035
2023-12-20 11:02:49,21,23,5324,9035
2023-12-20 11:03:34,21,22,5324,9035
2023-12-20 11:03:42,21,23,5324,9035
2023-12-20 11:04:11,22,23,5324,9035
2023-12-20 11:04:14,21,23,5324,9035
2023-12-20 11:04:20,22,23,5324,9035
2023-12-20 11:04:35,22,24,5324,9040
2023-12-20 11:04:41,23,24,5324,9040
2023-12-20 11:04:42,22,24,5324,9040
2023-12-20 11:04:45,23,24,5324,9040
2023-12-20 11:05:22,23,25,5324,9045
2023-12-20 11:05:23,24,25,5324,9045
2023-12-20 11:05:28,23,25,5324,9045
2023-12-20 11:05:28,24,25,5324,9045
2023-12-20 11:05:30,23,25,5324,9045
2023-12-20 11:05:31,24,25,5324,9045
2023-12-20 11:05:44,24,27,5324,9050
2023-12-20 11:05:48,25,27,5324,9050
2023-12-20 11:05:59,25,28,5324,9050
2023-12-20 11:06:00,25,27,5324,9050
2023-12-20 11:06:39,25,26,5324,9050
2023-12-20 11:06:41,24,26,5324,9050
2023-12-20 11:06:43,24,27,5324,9050
2023-12-20 11:06:46,24,26,5324,9050
2023-12-20 11:06:54,23,26,5324,9050
2023-12-20 11:06:54,24,26,5324,9050
2023-12-20 11:06:59,24,27,5324,9050
2023-12-20 11:06:59,24,25,5324,9050
2023-12-20 11:06:59,23,25,5324,9050
2023-12-20 11:07:13,23,26,5324,9050
2023-12-20 11:07:13,24,26,5324,9050
2023-12-20 11:07:15,24,25,5324,9050
2023-12-20 11:07:16,24,26,5324,9050
2023-12-20 11:07:34,25,26,5324,9050
2023-12-20 11:07:45,24,26,5324,9050
2023-12-20 11:07:46,25,26,5324,9050
2023-12-20 11:07:47,24,26,5324,9050
2023-12-20 11:07:47,25,26,5324,9050
2023-12-20 11:08:06,24,26,5324,9050
2023-12-20 11:08:12,24,25,5324,9050
2023-12-20 11:09:22,24,26,5324,9055
2023-12-20 11:09:35,25,26,5324,9055
2023-12-20 11:09:36,24,26,5324,9055
2023-12-20 11:09:36,25,26,5324,9055
2023-12-20 11:09:39,25,27,5324,9060
2023-12-20 11:09:40,26,27,5324,9060
2023-12-20 11:09:42,27,28,5324,9065
2023-12-20 11:09:43,28,29,5324,9070
2023-12-20 11:09:43,28,30,5324,9070
2023-12-20 11:10:08,27,30,5324,9070
2023-12-20 11:10:09,27,29,5324,9070
2023-12-20 11:10:13,27,30,5324,9070
2023-12-20 11:10:16,28,30,5324,9070
2023-12-20 11:10:39,27,30,5324,9070
2023-12-20 11:10:42,27,29,5324,9070
2023-12-20 11:10:58,27,28,5324,9070
2023-12-20 11:11:05,26,28,5324,9070
2023-12-20 11:11:55,26,27,5324,9070
2023-12-20 11:11:58,26,28,5324,9070
2023-12-20 11:11:59,26,27,5324,9070
2023-12-20 11:12:00,25,27,5324,9070
2023-12-20 11:12:12,25,28,5324,9070
2023-12-20 11:12:12,25,27,5324,9070
2023-12-20 11:12:12,25,26,5324,9070
2023-12-20 11:12:23,25,27,5324,9070
2023-12-20 11:12:39,26,27,5324,9070
2023-12-20 11:12:40,25,27,5324,9070
2023-12-20 11:12:44,26,27,5324,9070
2023-12-20 11:12:46,25,27,5324,9070
2023-12-20 11:12:47,25,28,5324,9070
2023-12-20 11:12:48,25,27,5324,9070
2023-12-20 11:12:49,25,28,5324,9070
2023-12-20 11:12:51,26,28,5324,9070
2023-12-20 11:13:02,27,28,5324,9070
2023-12-20 11:13:04,28,29,5324,9075
2023-12-20 11:13:07,28,30,5324,9080
2023-12-20 11:13:20,29,30,5324,9080
2023-12-20 11:13:21,28,30,5324,9080
2023-12-20 11:13:21,29,30,5324,9080
2023-12-20 11:13:23,28,30,5324,9080
2023-12-20 11:13:24,29,30,5324,9080
2023-12-20 11:13:27,28,30,5324,9080
2023-12-20 11:13:29,29,30,5324,9080
2023-12-20 11:13:30,28,30,5324,9080
2023-12-20 11:13:47,28,29,5324,9080
2023-12-20 11:13:49,27,29,5324,9080
2023-12-20 11:13:57,27,30,5324,9080
2023-12-20 11:13:58,28,30,5324,9080
2023-12-20 11:14:14,27,30,5324,9080
2023-12-20 11:14:16,27,29,5324,9080
2023-12-20 11:14:21,28,29,5324,9080
2023-12-20 11:14:22,28,30,5324,9080
2023-12-20 11:15:01,29,30,5324,9080
2023-12-20 11:15:03,28,30,5324,9080
2023-12-20 11:15:05,30,31,5324,9085
2023-12-20 11:15:42,29,31,5324,9085
2023-12-20 11:15:42,29,30,5324,9085
2023-12-20 11:15:46,29,31,5324,9085
2023-12-20 11:15:48,29,30,5324,9085
2023-12-20 11:15:52,28,30,5324,9085
2023-12-20 11:16:02,28,29,5324,9085
2023-12-20 11:16:04,27,29,5324,9085
2023-12-20 11:16:53,27,28,5324,9085
2023-12-20 11:17:28,27,29,5324,9085
2023-12-20 11:17:34,27,28,5324,9085
2023-12-20 11:18:25,26,27,5324,9090
2023-12-20 11:18:29,25,26,5324,9095
2023-12-20 11:18:29,25,27,5324,9095
2023-12-20 11:19:24,25,26,5324,9095
2023-12-20 11:19:27,24,26,5324,9100
2023-12-20 11:19:40,24,25,5324,9100
2023-12-20 11:19:47,22,24,5324,9105
2023-12-20 11:19:56,22,23,5324,9105
2023-12-20 11:20:06,22,24,5324,9105
2023-12-20 11:20:09,22,23,5324,9105
2023-12-20 11:20:17,21,23,5324,9105
2023-12-20 11:20:35,22,23,5324,9105
2023-12-20 11:20:36,22,24,5324,9105
2023-12-20 11:20:36,21,24,5324,9105
2023-12-20 11:20:36,22,24,5324,9105
2023-12-20 11:20:37,21,24,5324,9105
2023-12-20 11:20:37,22,24,5324,9105
2023-12-20 11:20:40,22,23,5324,9105
2023-12-20 11:20:46,22,23,5324,9105
2023-12-20 11:20:48,22,24,5324,9105
2023-12-20 11:20:55,22,23,5324,9105
2023-12-20 11:20:59,22,24,5324,9105
2023-12-20 11:21:03,22,23,5324,9105
2023-12-20 11:21:07,21,23,5324,9105
2023-12-20 11:21:07,22,23,5324,9105
2023-12-20 11:21:13,21,23,5324,9105
2023-12-20 11:21:26,21,22,5324,9105
2023-12-20 11:21:37,21,23,5324,9105
2023-12-20 11:21:56,21,22,5324,9105
2023-12-20 11:23:14,21,23,5324,9105
2023-12-20 11:23:49,21,24,5324,9105
2023-12-20 11:24:02,21,25,5324,9105
2023-12-20 11:24:05,22,25,5324,9105
2023-12-20 11:24:06,22,24,5324,9105
2023-12-20 11:24:06,21,24,5324,9105
2023-12-20 11:24:18,22,24,5324,9105
2023-12-20 11:24:27,21,24,5324,9105
2023-12-20 11:24:41,22,24,5324,9105
2023-12-20 11:24:47,22,23,5324,9105
2023-12-20 11:24:48,21,23,5324,9105
2023-12-20 11:24:55,21,24,5324,9105
2023-12-20 11:24:57,22,24,5324,9105
2023-12-20 11:24:59,21,24,5324,9105
2023-12-20 11:25:01,22,24,5324,9105
2023-12-20 11:25:10,22,23,5324,9105
2023-12-20 11:25:15,22,24,5324,9105
2023-12-20 11:25:20,22,23,5324,9105
2023-12-20 11:25:22,22,24,5324,9105
2023-12-20 11:25:24,22,23,5324,9105
2023-12-20 11:25:25,22,24,5324,9105
2023-12-20 11:25:26,22,23,5324,9105
2023-12-20 11:25:32,22,24,5324,9105
2023-12-20 11:25:34,22,23,5324,9105
2023-12-20 11:25:37,22,24,5324,9105
2023-12-20 11:25:40,22,25,5324,9105
2023-12-20 11:25:41,22,24,5324,9105
2023-12-20 11:26:00,22,23,5324,9105
2023-12-20 11:26:16,22,23,5324,9105
2023-12-20 11:26:17,21,23,5324,9105
2023-12-20 11:26:18,22,23,5324,9105
2023-12-20 11:26:22,22,24,5324,9105
2023-12-20 11:26:25,21,24,5324,9105
2023-12-20 11:26:26,22,24,5324,9105
2023-12-20 11:26:27,21,24,5324,9105
2023-12-20 11:26:27,22,24,5324,9105
2023-12-20 11:26:34,21,24,5324,9105
2023-12-20 11:26:34,22,24,5324,9105
2023-12-20 11:26:41,22,25,5324,9105
2023-12-20 11:26:42,22,24,5324,9105
2023-12-20 11:26:43,22,25,5324,9105
2023-12-20 11:26:44,24,25,5324,9105
2023-12-20 11:26:45,24,27,5324,9110
2023-12-20 11:26:51,24,26,5324,9110
2023-12-20 11:26:57,23,26,5324,9110
2023-12-20 11:27:01,23,25,5324,9110
2023-12-20 11:27:06,23,26,5324,9110
2023-12-20 11:27:15,24,26,5324,9110
2023-12-20 11:27:15,24,27,5324,9110
2023-12-20 11:27:30,24,26,5324,9110
2023-12-20 11:27:40,25,26,5324,9110
2023-12-20 11:27:40,25,27,5324,9110
2023-12-20 11:28:01,25,28,5429,9220
2023-12-20 11:28:05,26,28,5429,9220
2023-12-20 11:28:10,26,27,5429,9220
2023-12-20 11:28:21,26,28,5429,9220
2023-12-20 11:28:21,26,27,5429,9220
2023-12-20 11:28:22,26,28,5574,9365
2023-12-20 11:28:23,26,29,5685,9476
2023-12-20 11:28:24,26,28,5685,9476
2023-12-20 11:28:24,27,28,5685,9476
2023-12-20 11:28:24,27,29,5685,9476
2023-12-20 11:28:32,28,29,5685,9476
2023-12-20 11:28:32,28,30,5685,9481
2023-12-20 11:28:37,28,31,5685,9481
2023-12-20 11:28:39,29,31,5685,9481
2023-12-20 11:28:48,29,30,5685,9481
2023-12-20 11:29:12,29,31,5685,9481
2023-12-20 11:29:12,29,30,5685,9481
2023-12-20 11:29:20,28,30,5685,9481
2023-12-20 11:29:26,27,30,5685,9481
2023-12-20 11:29:26,27,29,5685,9481
2023-12-20 11:29:41,27,28,5685,9481
2023-12-20 11:30:06,25,27,5685,9486
2023-12-20 11:30:38,25,28,5685,9486
2023-12-20 11:30:43,26,28,5685,9486
2023-12-20 11:30:43,26,30,5685,9486
2023-12-20 11:30:43,26,29,5685,9486
2023-12-20 11:30:59,26,28,5685,9486
2023-12-20 11:30:59,27,28,5685,9486
2023-12-20 11:31:00,27,29,5685,9486
2023-12-20 11:31:09,26,29,5685,9486
2023-12-20 11:31:09,26,28,5685,9486
2023-12-20 11:31:18,25,28,5685,9486
2023-12-20 11:31:20,26,28,5685,9486
2023-12-20 11:31:21,26,29,5685,9486
2023-12-20 11:31:35,27,29,5685,9486
2023-12-20 11:31:37,27,30,5685,9511
2023-12-20 11:31:37,27,31,5685,9511
2023-12-20 11:31:37,28,31,5685,9511
2023-12-20 11:31:37,29,31,5685,9511
2023-12-20 11:31:37,29,30,5685,9511
2023-12-20 11:31:37,29,31,5685,9511
2023-12-20 11:31:38,28,31,5685,9511
2023-12-20 11:31:38,30,31,5685,9511
2023-12-20 11:31:38,30,32,5685,9511
2023-12-20 11:31:38,30,32,5975,9801
2023-12-20 11:31:39,29,32,5975,9801
2023-12-20 11:31:39,30,32,5975,9801
2023-12-20 11:31:39,29,32,5975,9801
2023-12-20 11:31:45,29,31,5975,9801
2023-12-20 11:31:48,28,31,5975,9801
2023-12-20 11:32:04,29,31,5975,9801
2023-12-20 11:32:05,28,31,5975,9801
2023-12-20 11:32:06,28,30,5975,9801
2023-12-20 11:32:11,28,31,5975,9801
2023-12-20 11:32:18,28,32,5975,9801
2023-12-20 11:32:24,28,31,5975,9801
2023-12-20 11:32:27,29,31,5975,9801
2023-12-20 11:32:28,28,31,5975,9801
2023-12-20 11:32:29,29,31,5975,9801
2023-12-20 11:32:44,30,31,5975,9801
2023-12-20 11:32:46,29,31,5975,9801
2023-12-20 11:32:49,30,31,5975,9801
2023-12-20 11:32:53,29,31,5975,9801
2023-12-20 11:33:15,30,31,5975,9801
2023-12-20 11:33:17,30,32,5975,9806
2023-12-20 11:33:18,31,32,5975,9806
2023-12-20 11:33:20,31,33,5975,9811
2023-12-20 11:33:35,31,32,5975,9811
2023-12-20 11:33:37,31,33,5975,9811
2023-12-20 11:33:37,31,32,5975,9811
2023-12-20 11:33:45,30,32,5975,9811
2023-12-20 11:33:55,30,33,5975,9811
2023-12-20 11:33:55,30,32,5975,9811
2023-12-20 11:34:01,31,32,5975,9811
2023-12-20 11:34:04,30,32,5975,9811
2023-12-20 11:34:18,29,32,5975,9811
2023-12-20 11:34:18,29,31,5975,9811
2023-12-20 11:34:20,30,31,5975,9811
2023-12-20 11:34:23,29,31,5975,9811
2023-12-20 11:34:51,30,31,5975,9811
2023-12-20 11:34:56,30,32,5975,9816
2023-12-20 11:35:34,30,31,5975,9816
2023-12-20 11:35:43,29,30,5975,9821
2023-12-20 11:36:08,27,29,5975,9826
2023-12-20 11:36:13,27,30,5975,9826
2023-12-20 11:36:13,26,30,5975,9826
2023-12-20 11:36:13,26,29,5975,9826
2023-12-20 11:36:13,26,28,5975,9826
2023-12-20 11:36:35,27,28,5975,9826
2023-12-20 11:36:39,27,29,5975,9826
2023-12-20 11:36:41,27,28,5975,9826
2023-12-20 11:37:06,27,29,5975,9831
2023-12-20 11:37:07,27,30,5975,9831
2023-12-20 11:37:14,27,29,5975,9831
2023-12-20 11:38:18,27,30,5975,9836
2023-12-20 11:38:20,28,30,5975,9836
2023-12-20 11:38:34,28,29,5975,9836
2023-12-20 11:38:36,27,29,5975,9836
2023-12-20 11:38:39,27,30,5975,9836
2023-12-20 11:38:40,28,30,5975,9836
2023-12-20 11:39:34,29,30,5975,9836
2023-12-20 11:39:39,28,30,5975,9836
2023-12-20 11:39:58,29,30,5975,9836
2023-12-20 11:40:03,28,30,5975,9836
2023-12-20 11:40:07,29,30,5975,9836
2023-12-20 11:40:08,28,30,5975,9836
2023-12-20 11:40:31,29,30,5975,9836
2023-12-20 11:40:58,29,31,5975,9841
2023-12-20 11:41:45,28,31,5975,9841
2023-12-20 11:41:45,29,31,5975,9841
2023-12-20 11:42:08,29,30,5975,9841
2023-12-20 11:42:08,29,31,5975,9841
2023-12-20 11:42:10,29,30,5975,9841
2023-12-20 11:42:17,29,31,5975,9841
2023-12-20 11:42:18,30,31,5975,9841
2023-12-20 11:42:21,29,31,5975,9841
2023-12-20 11:42:23,30,31,5975,9841
2023-12-20 11:42:24,29,31,5975,9841
2023-12-20 11:42:26,29,31,5975,9941
2023-12-20 11:43:00,29,30,5975,9941
2023-12-20 11:43:16,29,31,5975,9941
2023-12-20 11:43:16,28,29,5975,9946
2023-12-20 11:43:16,28,31,5975,9946
2023-12-20 11:43:16,28,30,5975,9946
2023-12-20 11:43:17,28,31,5975,9946
2023-12-20 11:43:17,28,29,5975,9946
2023-12-20 11:43:29,28,31,5975,9946
2023-12-20 11:43:29,28,30,5975,9946
2023-12-20 11:43:29,28,31,5975,9946
2023-12-20 11:43:29,28,30,5975,9946
2023-12-20 11:43:29,28,29,5975,9946
2023-12-20 11:43:33,28,30,5975,9946
2023-12-20 11:43:33,28,31,5975,9946
2023-12-20 11:43:33,28,30,5975,9946
2023-12-20 11:43:34,28,31,5975,9946
2023-12-20 11:43:34,28,29,5975,9946
2023-12-20 11:43:39,28,30,5975,9946
2023-12-20 11:43:39,28,31,5975,9946
2023-12-20 11:43:39,28,30,5975,9946
2023-12-20 11:44:23,28,29,5975,9946
2023-12-20 11:44:25,28,30,5975,9946
2023-12-20 11:45:14,28,29,5975,9946
2023-12-20 11:45:18,28,30,5975,9946
2023-12-20 11:46:43,28,29,5975,9946
2023-12-20 11:46:45,28,30,5975,9946
2023-12-20 11:46:47,28,29,5975,9946
2023-12-20 11:46:59,27,28,5975,9951
2023-12-20 11:46:59,27,29,5975,9951
2023-12-20 11:47:02,27,28,5975,9951
2023-12-20 11:47:10,25,27,5975,9956
2023-12-20 11:47:10,25,28,5975,9956
2023-12-20 11:47:12,25,27,5975,9956
2023-12-20 11:47:17,24,27,5975,9956
2023-12-20 11:47:18,24,26,5975,9956
2023-12-20 11:47:34,25,26,5975,9956
2023-12-20 11:47:35,24,26,5975,9956
2023-12-20 11:47:45,25,26,5975,9956
2023-12-20 11:47:57,24,26,5975,9956
2023-12-20 11:47:59,25,26,5975,9956
2023-12-20 11:48:11,24,26,5975,9956
2023-12-20 11:48:28,25,26,5975,9956
2023-12-20 11:48:30,24,25,5873,10058
2023-12-20 11:48:31,24,26,5873,10058
2023-12-20 11:48:39,24,25,5873,10058
2023-12-20 11:49:06,24,26,5873,10058
2023-12-20 11:49:24,25,26,5873,10058
2023-12-20 11:49:25,24,26,5873,10058
2023-12-20 11:49:25,25,26,5873,10058
2023-12-20 11:49:26,24,26,5873,10058
2023-12-20 11:49:26,25,26,5873,10058
2023-12-20 11:49:27,24,26,5873,10058
2023-12-20 11:49:32,25,26,5873,10058
2023-12-20 11:49:41,24,25,5702,10229
2023-12-20 11:49:42,24,26,5702,10229
2023-12-20 11:49:51,24,25,5702,10229
2023-12-20 11:49:55,24,26,5702,10229
2023-12-20 11:49:57,24,25,5702,10229
2023-12-20 11:51:07,23,24,5702,10234
2023-12-20 11:51:07,23,25,5702,10234
2023-12-20 11:51:39,23,24,5702,10234
2023-12-20 11:52:10,22,24,5707,10386
2023-12-20 11:52:17,22,23,5707,10386
2023-12-20 11:52:38,22,23,5712,10474
2023-12-20 11:52:38,21,23,5712,10474
2023-12-20 11:52:42,22,23,5712,10474
2023-12-20 11:52:43,21,23,5712,10474
2023-12-20 11:52:46,21,23,5717,10484
2023-12-20 11:53:01,20,23,5717,10484
2023-12-20 11:53:01,21,23,5717,10484
2023-12-20 11:53:05,21,22,5717,10484
2023-12-20 11:53:05,21,22,5717,10507
2023-12-20 11:53:06,21,23,5717,10507
2023-12-20 11:53:07,21,22,5717,10507
2023-12-20 11:53:07,21,22,5717,10517
2023-12-20 11:53:11,21,23,5717,10517
2023-12-20 11:53:27,21,23,5717,10614
2023-12-20 11:54:25,22,23,5717,10614
2023-12-20 11:54:26,22,24,5717,10614
2023-12-20 11:54:54,23,24,5717,10614
2023-12-20 11:55:01,22,24,5717,10614
2023-12-20 11:55:01,22,24,5718,10615
2023-12-20 11:55:16,23,24,5718,10615
2023-12-20 11:55:18,22,24,5718,10615
2023-12-20 11:55:20,23,24,5718,10615
2023-12-20 11:55:21,22,24,5718,10615
2023-12-20 11:55:23,23,24,5718,10615
2023-12-20 11:55:24,22,24,5718,10615
2023-12-20 11:55:24,23,24,5718,10615
2023-12-20 11:55:26,22,24,5718,10615
2023-12-20 11:55:40,21,24,5718,10615
2023-12-20 11:55:40,22,24,5718,10615
2023-12-20 11:55:46,21,24,5718,10615
2023-12-20 11:55:48,22,24,5718,10615
2023-12-20 11:56:24,22,25,5718,10615
2023-12-20 11:56:29,23,25,5718,10615
2023-12-20 11:56:41,24,25,5718,10615
2023-12-20 11:56:45,24,26,5718,10620
2023-12-20 11:57:12,23,26,5718,10620
2023-12-20 11:57:14,24,26,5718,10620
2023-12-20 11:58:07,25,26,5718,10620
2023-12-20 11:58:43,25,27,5718,10625
2023-12-20 11:59:27,25,26,5718,10625
2023-12-20 12:00:10,24,25,5718,10630
2023-12-20 12:00:21,24,26,5718,10630
2023-12-20 12:00:22,24,25,5718,10630
2023-12-20 12:00:36,23,24,5718,10635
2023-12-20 12:00:52,22,23,5718,10640
2023-12-20 12:01:05,21,23,5718,10645
2023-12-20 12:01:11,21,22,5718,10645
2023-12-20 12:01:27,21,23,5718,10645
2023-12-20 12:01:28,21,22,5718,10645
2023-12-20 12:01:49,20,22,5718,10650
2023-12-20 12:01:53,20,21,5718,10650
2023-12-20 12:01:57,19,21,5718,10660
2023-12-20 12:02:11,18,21,5559,10829
2023-12-20 12:02:11,19,21,5559,10829
2023-12-20 12:02:12,19,20,5559,10829
2023-12-20 12:02:13,18,20,5426,10962
2023-12-20 12:02:13,19,20,5426,10962
2023-12-20 12:02:15,19,21,5426,10962
2023-12-20 12:02:15,18,21,5426,11097
2023-12-20 12:02:15,19,21,5426,11097
2023-12-20 12:02:16,19,20,5426,11097
2023-12-20 12:02:17,18,20,5426,11097
2023-12-20 12:02:27,17,20,5426,11097
2023-12-20 12:02:27,18,20,5426,11097
2023-12-20 12:02:39,17,20,5426,11200
2023-12-20 12:02:39,18,20,5426,11200
2023-12-20 12:03:06,17,20,5426,11200
2023-12-20 12:03:06,19,20,5426,11200
2023-12-20 12:03:08,19,21,5426,11200
2023-12-20 12:03:22,18,21,5426,11200
2023-12-20 12:03:22,19,21,5426,11200
2023-12-20 12:03:25,19,20,5426,11200
2023-12-20 12:03:33,19,20,5426,11215
2023-12-20 12:03:33,17,20,5426,11215
2023-12-20 12:03:33,18,20,5426,11215
2023-12-20 12:03:49,18,21,5426,11215
2023-12-20 12:03:57,19,21,5426,11215
2023-12-20 12:04:04,18,21,5426,11215
2023-12-20 12:04:04,20,21,5426,11215
2023-12-20 12:04:04,20,21,5426,11335
2023-12-20 12:04:04,18,21,5426,11335
2023-12-20 12:04:04,20,21,5426,11335
2023-12-20 12:04:04,18,21,5426,11335
2023-12-20 12:04:04,19,21,5426,11335
2023-12-20 12:04:25,18,21,5426,11335
2023-12-20 12:04:25,20,21,5426,11335
2023-12-20 12:04:25,20,22,5426,11335
2023-12-20 12:04:32,20,22,5426,11385
2023-12-20 12:04:36,20,22,5426,11400
2023-12-20 12:04:47,20,21,5426,11400
2023-12-20 12:04:48,18,21,5426,11400
2023-12-20 12:04:48,19,21,5426,11400
2023-12-20 12:05:01,20,21,5426,11400
2023-12-20 12:05:07,20,22,5426,11400
2023-12-20 12:05:10,19,22,5426,11400
2023-12-20 12:05:11,20,22,5426,11400
2023-12-20 12:05:13,19,22,5426,11400
2023-12-20 12:05:14,20,22,5426,11400
2023-12-20 12:05:17,20,23,5426,11400
2023-12-20 12:05:17,19,23,5426,11400
2023-12-20 12:05:17,20,23,5426,11400
2023-12-20 12:05:25,20,22,5426,11400
2023-12-20 12:05:52,20,23,5426,11400
2023-12-20 12:05:52,21,23,5426,11400
2023-12-20 12:05:56,20,23,5426,11400
2023-12-20 12:05:56,21,23,5426,11400
2023-12-20 12:06:08,22,23,5426,11400
2023-12-20 12:07:02,21,22,5426,11405
2023-12-20 12:07:02,21,23,5426,11405
2023-12-20 12:07:03,21,22,5426,11405
2023-12-20 12:07:40,21,23,5426,11405
2023-12-20 12:07:42,21,22,5426,11405
2023-12-20 12:09:46,22,23,5426,11410
2023-12-20 12:10:19,21,23,5426,11410
2023-12-20 12:10:31,22,23,5426,11410
2023-12-20 12:10:52,21,23,5426,11410
2023-12-20 12:10:58,21,22,5426,11410
2023-12-20 12:11:21,20,21,5426,11415
2023-12-20 12:11:25,18,20,5426,11425
2023-12-20 12:11:40,19,20,5426,11425
2023-12-20 12:11:44,19,21,5426,11425
2023-12-20 12:11:55,20,21,5426,11425
2023-12-20 12:11:59,19,21,5426,11425
2023-12-20 12:11:59,20,21,5426,11425
2023-12-20 12:12:34,19,21,5426,11425
2023-12-20 12:12:49,20,21,5426,11425
2023-12-20 12:13:21,20,22,5426,11425
2023-12-20 12:13:35,20,21,5426,11425
2023-12-20 12:13:43,20,22,5426,11425
2023-12-20 12:14:06,21,22,5426,11425
2023-12-20 12:14:07,20,22,5426,11425
2023-12-20 12:14:07,21,22,5426,11425
2023-12-20 12:14:35,20,22,5426,11425
2023-12-20 12:14:35,21,22,5426,11425
2023-12-20 12:15:04,20,22,5426,11425
2023-12-20 12:15:04,20,23,5426,11425
2023-12-20 12:15:09,21,23,5426,11425
2023-12-20 12:15:12,20,23,5426,11425
2023-12-20 12:15:12,20,22,5426,11425
2023-12-20 12:15:20,21,22,5426,11425
2023-12-20 12:15:34,21,23,5426,11425
2023-12-20 12:15:50,22,23,5426,11425
2023-12-20 12:15:53,21,23,5426,11425
2023-12-20 12:15:57,22,23,5426,11425
2023-12-20 12:17:26,22,24,5426,11430
2023-12-20 12:17:35,23,24,5426,11430
2023-12-20 12:17:40,22,24,5426,11430
2023-12-20 12:18:00,23,24,5426,11430
2023-12-20 12:18:01,22,24,5426,11430
2023-12-20 12:18:16,23,24,5426,11430
2023-12-20 12:18:17,22,24,5426,11430
2023-12-20 12:18:18,22,23,5426,11430
2023-12-20 12:18:40,22,24,5426,11430
2023-12-20 12:18:57,22,23,5426,11430
2023-12-20 12:19:01,22,24,5426,11430
2023-12-20 12:19:58,22,23,5426,11430
2023-12-20 12:20:03,22,24,5426,11430
2023-12-20 12:20:12,23,24,5426,11430
2023-12-20 12:20:15,22,24,5426,11430
2023-12-20 12:20:25,22,25,5426,11430
2023-12-20 12:20:26,22,24,5426,11430
2023-12-20 12:20:49,22,23,5426,11430
2023-12-20 12:20:52,22,24,5426,11430
2023-12-20 12:20:58,22,23,5426,11430
2023-12-20 12:21:12,21,22,5426,11435
2023-12-20 12:21:12,21,23,5426,11435
2023-12-20 12:21:12,21,22,5426,11435
2023-12-20 12:21:12,21,23,5426,11435
2023-12-20 12:21:14,21,22,5426,11435
2023-12-20 12:21:31,21,23,5426,11435
2023-12-20 12:21:49,22,23,5426,11435
2023-12-20 12:21:52,21,23,5426,11435
2023-12-20 12:21:52,22,23,5426,11435
2023-12-20 12:21:55,21,23,5426,11435
2023-12-20 12:22:03,21,22,5426,11435
2023-12-20 12:22:48,19,21,5426,11440
2023-12-20 12:22:51,20,21,5426,11440
2023-12-20 12:22:53,19,21,5426,11440
2023-12-20 12:23:03,20,21,5426,11440
2023-12-20 12:23:03,20,21,5426,11445
2023-12-20 12:23:10,20,22,5426,11445
2023-12-20 12:23:10,19,22,5426,11445
2023-12-20 12:23:14,20,22,5426,11445
2023-12-20 12:23:20,20,23,5426,11445
2023-12-20 12:23:21,19,23,5426,11445
2023-12-20 12:23:22,20,23,5426,11445
2023-12-20 12:23:29,21,23,5426,11445
2023-12-20 12:23:30,20,23,5426,11445
2023-12-20 12:23:30,21,23,5426,11445
2023-12-20 12:23:31,20,23,5426,11445
2023-12-20 12:23:33,21,23,5426,11445
2023-12-20 12:25:02,21,22,5426,11445
2023-12-20 12:25:37,20,21,5426,11450
2023-12-20 12:25:46,20,22,5426,11450
2023-12-20 12:26:04,21,22,5426,11450
2023-12-20 12:26:10,20,22,5426,11450
2023-12-20 12:27:15,21,22,5426,11450
2023-12-20 12:27:20,20,22,5426,11450
2023-12-20 12:27:27,21,22,5426,11450
2023-12-20 12:27:35,21,23,5426,11450
2023-12-20 12:27:44,20,23,5426,11450
2023-12-20 12:27:44,21,23,5426,11450
2023-12-20 12:28:05,22,23,5426,11450
2023-12-20 12:28:06,21,23,5426,11450
2023-12-20 12:28:07,22,23,5426,11450
2023-12-20 12:28:13,21,23,5426,11450
2023-12-20 12:28:43,22,23,5426,11450
2023-12-20 12:30:47,21,22,5426,11455
2023-12-20 12:30:47,21,23,5426,11455
2023-12-20 12:30:58,21,22,5426,11455
2023-12-20 12:30:58,21,23,5426,11455
2023-12-20 12:31:00,21,22,5426,11455
2023-12-20 12:31:01,21,23,5426,11455
2023-12-20 12:31:13,22,23,5426,11455
2023-12-20 12:31:14,22,24,5426,11460
2023-12-20 12:31:20,23,24,5426,11460
2023-12-20 12:31:20,23,25,5426,11465
2023-12-20 12:31:23,23,26,5626,11670
2023-12-20 12:31:24,22,26,5626,11670
2023-12-20 12:31:29,23,26,5626,11670
2023-12-20 12:31:29,23,25,5626,11670
2023-12-20 12:31:44,23,26,5626,11670
2023-12-20 12:31:47,23,25,5626,11670
2023-12-20 12:31:54,22,25,5626,11670
2023-12-20 12:31:55,23,25,5626,11670
2023-12-20 12:31:57,22,25,5626,11670
2023-12-20 12:32:06,23,25,5626,11670
2023-12-20 12:32:17,23,26,5626,11670
2023-12-20 12:32:21,23,27,5626,11875
2023-12-20 12:32:22,24,27,5626,11875
2023-12-20 12:32:33,24,27,5871,12125
2023-12-20 12:32:33,24,28,5871,12125
2023-12-20 12:32:33,24,27,5871,12125
2023-12-20 12:32:34,26,27,5871,12125
2023-12-20 12:32:34,26,28,5871,12125
2023-12-20 12:32:34,26,27,5871,12125
2023-12-20 12:32:35,26,28,6028,12282
2023-12-20 12:32:35,26,27,6028,12282
2023-12-20 12:32:36,26,28,6028,12282
2023-12-20 12:32:38,26,27,6028,12282
2023-12-20 12:32:41,26,29,6028,12282
2023-12-20 12:32:43,27,29,6028,12282
2023-12-20 12:32:45,27,30,6028,12282
2023-12-20 12:32:52,26,30,6028,12282
2023-12-20 12:32:52,28,30,6028,12282
2023-12-20 12:32:58,28,31,6028,12282
2023-12-20 12:32:59,29,31,6028,12282
2023-12-20 12:32:59,29,31,6278,12532
2023-12-20 12:32:59,29,32,6278,12532
2023-12-20 12:33:00,30,32,6278,12532
2023-12-20 12:33:02,29,32,6278,12532
2023-12-20 12:33:08,29,31,6278,12532
2023-12-20 12:33:12,29,32,6278,12532
2023-12-20 12:33:12,29,31,6278,12532
2023-12-20 12:33:14,30,31,6278,12532
2023-12-20 12:33:14,30,32,6411,12665
2023-12-20 12:33:15,31,32,6411,12670
2023-12-20 12:33:16,31,33,6411,12675
2023-12-20 12:33:17,32,33,6411,12675
2023-12-20 12:33:25,33,35,6411,12680
2023-12-20 12:33:28,32,35,6411,12680
2023-12-20 12:33:31,32,34,6411,12680
2023-12-20 12:33:32,32,33,6411,12680
2023-12-20 12:33:33,32,35,6411,12680
2023-12-20 12:33:33,32,34,6411,12680
2023-12-20 12:33:35,32,33,6411,12680
2023-12-20 12:33:51,31,33,6411,12680
2023-12-20 12:33:51,31,32,6411,12680
2023-12-20 12:34:01,32,33,6591,12860
2023-12-20 12:34:02,31,33,6591,12860
2023-12-20 12:34:02,31,32,6591,12860
2023-12-20 12:34:25,29,31,6591,12865
2023-12-20 12:34:25,29,32,6591,12865
2023-12-20 12:34:25,29,31,6591,12865
2023-12-20 12:34:30,29,30,6591,12865
2023-12-20 12:34:36,28,30,6591,12865
2023-12-20 12:34:41,28,29,6591,12865
2023-12-20 12:34:42,28,30,6591,12865
2023-12-20 12:34:43,27,30,6591,12865
2023-12-20 12:34:51,27,29,6591,12865
2023-12-20 12:35:08,27,30,6591,12865
2023-12-20 12:35:08,27,28,6591,12865
2023-12-20 12:35:21,27,29,6591,12865
2023-12-20 12:35:24,27,28,6591,12865
2023-12-20 12:35:27,27,29,6591,12865
2023-12-20 12:35:30,27,28,6591,12865
2023-12-20 12:35:33,27,29,6591,12865
2023-12-20 12:35:35,27,28,6591,12865
2023-12-20 12:36:07,28,29,6591,12870
2023-12-20 12:36:33,27,29,6591,12870
2023-12-20 12:36:46,27,28,6591,12870
2023-12-20 12:38:52,25,27,6591,12875
2023-12-20 12:39:08,25,26,6591,12875
2023-12-20 12:39:19,25,27,6591,12875
2023-12-20 12:39:26,25,26,6591,12875
2023-12-20 12:39:38,25,27,6591,12875
2023-12-20 12:39:48,25,26,6591,12875
2023-12-20 12:39:54,25,27,6591,12875
2023-12-20 12:40:23,25,26,6591,12875
2023-12-20 12:40:26,25,27,6591,12875
2023-12-20 12:40:27,25,26,6591,12875
2023-12-20 12:40:30,23,25,6591,12880
2023-12-20 12:40:47,22,25,6591,12880
2023-12-20 12:40:50,22,24,6591,12880
2023-12-20 12:41:29,22,23,6591,12880
2023-12-20 12:41:35,21,23,6591,12885
2023-12-20 12:41:41,21,22,6591,12885
2023-12-20 12:41:47,20,22,6591,12890
2023-12-20 12:42:01,19,22,6591,12890
2023-12-20 12:42:03,19,21,6591,12890
2023-12-20 12:42:08,19,20,6591,12890
2023-12-20 12:42:09,18,20,6591,12890
2023-12-20 12:42:10,18,21,6591,12890
2023-12-20 12:42:12,18,20,6591,12890
2023-12-20 12:42:14,18,21,6591,12890
2023-12-20 12:42:14,18,20,6591,12890
2023-12-20 12:42:14,18,19,6591,12890
2023-12-20 12:42:15,18,20,6591,12890
2023-12-20 12:42:53,19,20,6591,12890
2023-12-20 12:42:55,18,20,6591,12890
2023-12-20 12:42:59,18,21,6591,12890
2023-12-20 12:43:02,19,21,6591,12890
2023-12-20 12:43:07,19,20,6591,12890
2023-12-20 12:43:08,20,21,6591,12894
2023-12-20 12:43:14,19,21,6597,12900
2023-12-20 12:43:16,18,21,6597,12905
2023-12-20 12:43:23,18,20,6597,12905
2023-12-20 12:43:30,18,21,6597,12905
2023-12-20 12:43:31,18,20,6597,12905
2023-12-20 12:43:38,17,20,6597,12910
2023-12-20 12:43:44,18,20,6597,12910
2023-12-20 12:43:49,18,19,6597,12910
2023-12-20 12:44:06,18,19,6597,12915
2023-12-20 12:44:08,18,20,6597,12915
2023-12-20 12:44:09,17,20,6597,12915
2023-12-20 12:44:19,18,20,6597,12915
2023-12-20 12:44:27,18,19,6597,12915
2023-12-20 12:44:28,18,20,6597,12915
2023-12-20 12:44:31,17,20,6597,12915
2023-12-20 12:44:31,18,20,6597,12915
2023-12-20 12:44:46,18,21,6597,12915
2023-12-20 12:44:46,17,21,6597,12915
2023-12-20 12:44:46,18,21,6597,12915
2023-12-20 12:44:46,18,20,6597,12915
2023-12-20 12:44:50,17,20,6597,12915
2023-12-20 12:44:50,18,20,6597,12915
2023-12-20 12:44:50,18,21,6597,12915
2023-12-20 12:44:50,18,20,6597,12915
2023-12-20 12:44:58,19,20,6597,12915
2023-12-20 12:44:58,18,20,6597,12920
2023-12-20 12:45:10,18,19,6597,12920
2023-12-20 12:45:11,17,19,6597,12925
2023-12-20 12:45:34,18,19,6597,12925
2023-12-20 12:45:46,17,19,6597,12925
2023-12-20 12:45:59,18,19,6597,12925
2023-12-20 12:46:04,17,19,6597,12925
2023-12-20 12:46:23,18,19,6597,12925
2023-12-20 12:46:37,18,21,6597,12925
2023-12-20 12:46:37,18,20,6597,12925
2023-12-20 12:46:38,18,21,6597,12925
2023-12-20 12:46:47,18,20,6597,12925
2023-12-20 12:46:47,17,20,6597,12925
2023-12-20 12:46:50,18,20,6597,12925
2023-12-20 12:46:51,17,20,6597,12925
2023-12-20 12:46:56,18,20,6597,12925
2023-12-20 12:47:00,18,21,6597,12925
2023-12-20 12:47:19,18,22,6597,12925
2023-12-20 12:47:19,18,21,6597,12925
2023-12-20 12:47:21,19,21,6597,12925
2023-12-20 12:47:23,19,22,6597,12925
2023-12-20 12:47:39,20,22,6597,12925
2023-12-20 12:47:48,19,22,6597,12925
2023-12-20 12:48:05,20,22,6597,12925
2023-12-20 12:48:20,20,24,6597,12925
2023-12-20 12:48:20,20,23,6597,12925
2023-12-20 12:48:43,21,23,6597,12925
2023-12-20 12:48:44,20,23,6597,12925
2023-12-20 12:48:45,21,23,6597,12925
2023-12-20 12:48:48,20,23,6597,12925
2023-12-20 12:48:52,19,23,6597,12925
2023-12-20 12:49:05,19,22,6597,12925
2023-12-20 12:49:06,19,23,6597,12925
2023-12-20 12:49:06,19,22,6597,12925
2023-12-20 12:49:06,20,22,6597,12925
2023-12-20 12:49:25,19,22,6597,12925
2023-12-20 12:49:30,19,21,6597,12925
2023-12-20 12:49:32,19,22,6597,12925
2023-12-20 12:49:41,19,21,6597,12925
2023-12-20 12:49:57,19,20,6597,12925
2023-12-20 12:50:02,19,21,6597,12925
2023-12-20 12:50:02,19,20,6597,12925
2023-12-20 12:50:04,19,22,6597,12925
2023-12-20 12:50:04,19,21,6597,12925
2023-12-20 12:50:18,19,22,6597,12925
2023-12-20 12:50:20,19,21,6597,12925
2023-12-20 12:50:21,19,22,6597,12925
2023-12-20 12:50:31,19,21,6597,12925
2023-12-20 12:50:51,18,21,6423,13104
2023-12-20 12:51:01,19,21,6423,13104
2023-12-20 12:51:10,18,21,6423,13104
2023-12-20 12:51:10,19,21,6423,13104
2023-12-20 12:51:21,18,21,6423,13104
2023-12-20 12:51:29,19,21,6423,13104
2023-12-20 12:51:38,18,21,6423,13104
2023-12-20 12:51:57,18,20,6423,13104
2023-12-20 12:52:13,17,20,6286,13246
2023-12-20 12:52:14,17,19,6286,13246
2023-12-20 12:52:27,17,20,6286,13246
2023-12-20 12:52:29,17,19,6286,13246
2023-12-20 12:53:40,16,19,6286,13451
2023-12-20 12:53:40,16,18,6286,13451
2023-12-20 12:53:48,17,18,6286,13451
2023-12-20 12:53:53,17,19,6286,13451
2023-12-20 12:53:53,17,20,6286,13451
2023-12-20 12:53:53,17,19,6286,13451
2023-12-20 12:53:57,17,20,6286,13451
2023-12-20 12:53:57,16,19,6286,13451
2023-12-20 12:53:57,17,19,6286,13451
2023-12-20 12:53:59,17,20,6286,13451
2023-12-20 12:54:09,17,19,6286,13451
2023-12-20 12:54:12,17,21,6286,13451
2023-12-20 12:54:12,17,20,6286,13451
2023-12-20 12:54:12,17,21,6286,13451
2023-12-20 12:54:12,17,20,6286,13451
2023-12-20 12:54:15,18,20,6286,13451
2023-12-20 12:54:21,18,19,6286,13451
2023-12-20 12:54:23,17,19,6286,13456
2023-12-20 12:54:44,16,19,6091,13656
2023-12-20 12:54:44,17,19,6091,13656
2023-12-20 12:54:47,16,19,6091,13656
2023-12-20 12:54:50,17,19,6091,13656
2023-12-20 12:54:50,17,18,6091,13656
2023-12-20 12:54:51,16,18,6091,13656
2023-12-20 12:54:53,16,19,6091,13656
2023-12-20 12:55:00,16,18,6091,13656
2023-12-20 12:55:11,17,18,6091,13656
2023-12-20 12:55:11,17,18,6091,13716
2023-12-20 12:55:11,16,18,6091,13716
2023-12-20 12:55:24,16,17,6091,13716
2023-12-20 12:55:28,15,17,6091,13721
2023-12-20 12:55:32,14,17,6091,13726
2023-12-20 12:55:41,15,17,6091,13726
2023-12-20 12:55:43,15,16,6091,13726
2023-12-20 12:55:43,15,16,6121,13783
2023-12-20 12:55:44,14,16,6121,13826
2023-12-20 12:55:50,14,16,6121,14076
2023-12-20 12:55:53,14,15,6121,14076
2023-12-20 12:55:54,12,15,6121,14081
2023-12-20 12:56:07,12,14,6121,14081
2023-12-20 12:56:10,12,15,6121,14081
2023-12-20 12:56:11,12,14,6121,14081
2023-12-20 12:56:14,12,15,6121,14081
2023-12-20 12:56:18,13,15,6121,14081
2023-12-20 12:57:03,14,15,6121,14081
2023-12-20 12:57:05,13,15,6121,14086
2023-12-20 12:57:24,12,15,6121,14096
2023-12-20 12:57:30,12,14,6121,14096
2023-12-20 12:57:37,12,13,6121,14096
2023-12-20 12:57:47,11,13,6126,14101
2023-12-20 12:57:53,10,13,6126,14106
2023-12-20 12:57:56,10,12,6126,14106
2023-12-20 12:58:13,11,12,6126,14106
2023-12-20 12:58:13,10,12,6131,14111
2023-12-20 12:58:36,10,13,6131,14111
2023-12-20 12:58:39,10,12,6131,14111
2023-12-20 12:59:05,10,13,6131,14111
2023-12-20 12:59:14,10,12,6131,14111
2023-12-20 12:59:15,10,13,6131,14111
2023-12-20 12:59:16,10,12,6131,14111
2023-12-20 12:59:27,11,12,6131,14111
2023-12-20 12:59:43,10,12,6146,14126
2023-12-20 13:00:14,11,12,6146,14126
2023-12-20 13:00:14,10,12,6156,14136
2023-12-20 13:00:33,10,13,6156,14136
2023-12-20 13:01:02,11,13,6156,14136
2023-12-20 13:01:10,11,14,6156,14136
2023-12-20 13:01:10,12,14,6156,14136
2023-12-20 13:01:10,12,15,6156,14136
2023-12-20 13:01:10,12,14,6156,14136
2023-12-20 13:01:19,13,14,6156,14136
2023-12-20 13:01:19,13,15,6156,14136
2023-12-20 13:01:26,14,15,6156,14136
2023-12-20 13:01:40,14,16,6156,14136
2023-12-20 13:01:44,14,17,6156,14136
2023-12-20 13:01:47,15,17,6156,14136
2023-12-20 13:02:05,15,18,6156,14136
2023-12-20 13:02:06,16,18,6156,14136
2023-12-20 13:02:11,16,17,6156,14136
2023-12-20 13:02:16,16,18,6156,14136
2023-12-20 13:02:21,16,17,6156,14136
2023-12-20 13:02:22,15,17,6156,14136
2023-12-20 13:02:50,15,16,6156,14136
2023-12-20 13:02:51,14,16,6156,14136
2023-12-20 13:03:08,14,17,6156,14136
2023-12-20 13:03:12,15,17,6156,14136
2023-12-20 13:03:50,14,17,6156,14136
2023-12-20 13:03:50,14,16,6156,14136
2023-12-20 13:03:59,14,17,6156,14136
2023-12-20 13:04:04,14,16,6156,14136
2023-12-20 13:04:25,14,15,6156,14136
2023-12-20 13:04:34,13,15,6156,14146
2023-12-20 13:04:34,12,15,6156,14146
2023-12-20 13:04:36,12,14,6156,14146
2023-12-20 13:04:48,11,14,6156,14146
2023-12-20 13:04:49,11,13,6156,14146
2023-12-20 13:04:54,11,13,6156,14396
2023-12-20 13:04:54,10,13,6156,14396
2023-12-20 13:05:11,10,12,6156,14396
2023-12-20 13:05:22,10,13,6156,14396
2023-12-20 13:06:17,10,12,6156,14396
2023-12-20 13:06:37,10,12,6156,14406
2023-12-20 13:06:56,10,12,6156,14411
2023-12-20 13:07:20,11,12,6156,14411
2023-12-20 13:07:31,10,12,6166,14421
2023-12-20 13:08:55,10,13,6166,14421
2023-12-20 13:09:03,10,12,6166,14421
2023-12-20 13:09:03,10,12,6166,14431
2023-12-20 13:09:07,10,13,6166,14431
2023-12-20 13:09:11,11,13,6166,14431
2023-12-20 13:09:11,11,12,6166,14431
2023-12-20 13:09:13,11,13,6166,14431
2023-12-20 13:09:15,11,12,6166,14431
2023-12-20 13:09:19,11,13,6166,14431
2023-12-20 13:09:23,11,12,6166,14431
2023-12-20 13:09:39,11,13,6166,14431
2023-12-20 13:09:51,12,13,6166,14431
2023-12-20 13:09:51,11,13,6176,14441
2023-12-20 13:10:10,11,12,6176,14441
2023-12-20 13:10:21,10,12,6176,14451
2023-12-20 13:10:39,10,11,6176,14451
2023-12-20 13:10:43,9,11,6156,14481
2023-12-20 13:11:09,9,12,6156,14481
2023-12-20 13:11:11,9,11,6156,14481
2023-12-20 13:11:38,10,11,6156,14481
2023-12-20 13:11:47,9,11,6166,14491
2023-12-20 13:11:55,10,11,6166,14491
2023-12-20 13:11:55,9,11,6176,14501
2023-12-20 13:12:19,9,10,6176,14501
2023-12-20 13:12:22,9,10,6176,14511
2023-12-20 13:12:23,8,10,6176,14521
2023-12-20 13:12:42,8,9,6176,14521
2023-12-20 13:13:31,8,10,6176,14521
2023-12-20 13:13:42,8,11,6176,14521
2023-12-20 13:13:46,9,11,6176,14521
2023-12-20 13:13:57,10,11,6176,14521
2023-12-20 13:13:57,9,11,6186,14531
2023-12-20 13:14:20,9,12,6186,14531
2023-12-20 13:14:43,10,12,6186,14531
2023-12-20 13:14:53,11,12,6186,14531
2023-12-20 13:15:09,11,13,6186,14531
2023-12-20 13:15:11,11,12,6186,14531
2023-12-20 13:16:13,10,12,6196,14541
2023-12-20 13:16:18,10,11,6196,14541
2023-12-20 13:16:29,10,12,6196,14541
2023-12-20 13:16:31,10,11,6196,14541
2023-12-20 13:16:49,10,12,6196,14541
2023-12-20 13:17:17,10,13,6196,14541
2023-12-20 13:17:33,11,13,6196,14541
2023-12-20 13:18:48,11,12,6196,14541
2023-12-20 13:19:01,10,12,6206,14551
2023-12-20 13:19:03,10,11,6206,14551
2023-12-20 13:19:06,9,11,6206,14561
2023-12-20 13:19:23,8,11,6206,14561
2023-12-20 13:19:52,9,11,6206,14561
2023-12-20 13:19:53,8,11,6206,14561
2023-12-20 13:20:36,8,10,6206,14561
2023-12-20 13:20:50,8,11,6206,14561
2023-12-20 13:20:56,9,11,6206,14561
2023-12-20 13:20:58,9,12,6206,14561
2023-12-20 13:21:04,10,12,6206,14561
2023-12-20 13:21:14,9,12,6206,14561
2023-12-20 13:21:17,9,12,6213,14568
2023-12-20 13:21:23,9,11,6213,14568
2023-12-20 13:21:28,8,11,6213,14568
2023-12-20 13:21:50,8,12,6213,14568
2023-12-20 13:21:50,8,11,6213,14568
2023-12-20 13:21:50,8,10,6213,14568
2023-12-20 13:21:54,7,10,6213,14568
2023-12-20 13:22:02,8,10,6213,14568
2023-12-20 13:22:07,7,10,6213,14568
2023-12-20 13:22:18,8,10,6213,14568
2023-12-20 13:22:21,7,10,6213,14568
2023-12-20 13:22:24,8,10,6213,14568
2023-12-20 13:22:25,7,10,6213,14568
2023-12-20 13:22:35,8,10,6213,14568
2023-12-20 13:23:11,8,12,6213,14568
2023-12-20 13:23:11,8,11,6213,14568
2023-12-20 13:23:25,9,11,6213,14568
2023-12-20 13:23:29,8,11,6213,14568
2023-12-20 13:23:29,9,11,6213,14568
2023-12-20 13:23:35,9,12,6213,14568
2023-12-20 13:23:35,9,11,6213,14568
2023-12-20 13:23:35,9,10,6213,14568
2023-12-20 13:23:42,9,11,6213,14568
2023-12-20 13:23:42,9,12,6213,14568
2023-12-20 13:23:42,9,11,6213,14568
2023-12-20 13:23:59,10,11,6213,14568
2023-12-20 13:24:47,10,13,6213,14568
2023-12-20 13:24:47,10,12,6213,14568
2023-12-20 13:24:55,10,13,6213,14568
2023-12-20 13:24:55,10,11,6213,14568
2023-12-20 13:26:15,10,12,6213,14568
2023-12-20 13:26:20,10,11,6213,14568
2023-12-20 13:26:26,9,10,6213,14578
2023-12-20 13:27:01,9,11,6213,14578
2023-12-20 13:27:28,9,10,6213,14578
2023-12-20 13:27:35,9,11,6213,14578
2023-12-20 13:28:54,9,12,6213,14578
2023-12-20 13:29:05,9,11,6213,14578
2023-12-20 13:29:23,8,11,6213,14578
2023-12-20 13:29:58,9,11,6213,14578
2023-12-20 13:30:01,8,11,6213,14578
2023-12-20 13:30:07,8,10,6213,14578
2023-12-20 13:30:09,8,11,6213,14578
2023-12-20 13:30:27,8,10,6213,14578
2023-12-20 13:30:33,7,10,6213,14578
2023-12-20 13:31:01,8,10,6213,14578
2023-12-20 13:31:02,8,11,6213,14578
2023-12-20 13:31:12,8,10,6213,14578
2023-12-20 13:32:02,8,9,6213,14578
2023-12-20 13:32:09,8,10,6213,14578
2023-12-20 13:32:17,8,9,6213,14578
2023-12-20 13:32:55,8,9,6213,14778
2023-12-20 13:33:06,8,9,6239,14804
2023-12-20 13:33:07,7,8,6239,14838
2023-12-20 13:33:08,7,9,6239,14838
2023-12-20 13:33:20,7,8,6239,14838
2023-12-20 13:33:23,7,9,6239,14838
2023-12-20 13:33:44,7,8,6239,14838
2023-12-20 13:33:46,7,9,6239,14838
2023-12-20 13:33:47,7,8,6239,14838
2023-12-20 13:33:51,7,9,6239,14838
2023-12-20 13:34:03,7,8,6239,14838
2023-12-20 13:34:05,7,9,6239,14838
2023-12-20 13:34:20,7,8,6239,14838
2023-12-20 13:34:23,7,9,6239,14838
2023-12-20 13:35:00,7,8,6239,14838
2023-12-20 13:35:14,7,9,6239,14838
2023-12-20 13:35:28,7,8,6239,14838
2023-12-20 13:35:44,7,9,6239,14838
2023-12-20 13:36:11,7,10,6239,14838
2023-12-20 13:36:25,7,9,6239,14838
2023-12-20 13:36:36,7,10,6239,14838
2023-12-20 13:36:53,7,9,6239,14838
2023-12-20 13:39:19,7,10,6239,14838
2023-12-20 13:39:19,7,11,6239,14838
2023-12-20 13:39:19,7,10,6239,14838
2023-12-20 13:39:23,8,10,6239,14838
2023-12-20 13:39:39,8,12,6239,14838
2023-12-20 13:39:39,8,11,6239,14838
2023-12-20 13:39:45,8,10,6239,14838
2023-12-20 13:40:01,8,12,6239,14838
2023-12-20 13:40:01,8,11,6239,14838
2023-12-20 13:40:16,8,10,6239,14838
2023-12-20 13:40:47,9,10,6239,14838
2023-12-20 13:40:47,8,9,6239,14848
2023-12-20 13:40:48,8,10,6239,14848
2023-12-20 13:41:02,8,11,6239,14848
2023-12-20 13:41:10,9,11,6239,14848
2023-12-20 13:41:38,9,13,6239,14848
2023-12-20 13:41:38,9,12,6239,14848
2023-12-20 13:41:56,11,12,6239,14848
2023-12-20 13:42:14,11,12,6239,15048
2023-12-20 13:42:14,11,13,6377,15248
2023-12-20 13:42:15,11,14,6377,15248
2023-12-20 13:42:15,13,14,6377,15248
2023-12-20 13:42:16,12,14,6377,15248
2023-12-20 13:42:22,11,14,6377,15248
2023-12-20 13:42:22,11,13,6377,15248
2023-12-20 13:42:30,12,13,6377,15248
2023-12-20 13:42:32,12,14,6377,15448
2023-12-20 13:42:41,12,15,6377,15448
2023-12-20 13:42:50,12,16,6377,15448
2023-12-20 13:42:50,13,16,6377,15448
2023-12-20 13:42:53,14,16,6377,15448
2023-12-20 13:43:09,14,16,6377,15698
2023-12-20 13:43:09,14,17,6377,15698
2023-12-20 13:43:10,15,17,6377,15698
2023-12-20 13:43:16,15,18,6377,15698
2023-12-20 13:43:21,15,18,6427,15948
2023-12-20 13:43:22,16,18,6427,15948
2023-12-20 13:43:28,16,18,6677,16198
2023-12-20 13:43:30,16,19,6677,16198
2023-12-20 13:43:32,16,19,6727,16448
2023-12-20 13:43:33,18,19,6727,16448
2023-12-20 13:44:02,16,19,6727,16448
2023-12-20 13:44:02,16,18,6727,16448
2023-12-20 13:44:03,16,19,6727,16448
2023-12-20 13:44:04,16,18,6727,16448
2023-12-20 13:44:05,15,18,6727,16448
2023-12-20 13:44:19,15,17,6727,16448
2023-12-20 13:44:23,15,17,6477,16698
2023-12-20 13:44:24,15,16,6477,16698
2023-12-20 13:44:27,15,16,6227,16948
2023-12-20 13:44:45,15,16,5977,17198
2023-12-20 13:45:05,16,17,5977,17200
2023-12-20 13:45:27,16,18,5977,17202
2023-12-20 13:45:34,17,18,5977,17202
2023-12-20 13:45:35,16,18,5977,17202
2023-12-20 13:45:57,15,18,5977,17202
2023-12-20 13:46:02,15,17,5977,17202
2023-12-20 13:46:15,15,17,5727,17452
2023-12-20 13:46:17,15,17,5477,17702
2023-12-20 13:46:18,15,16,5477,17702
2023-12-20 13:46:20,15,16,5227,17952
2023-12-20 13:46:22,15,17,5227,17952
2023-12-20 13:46:22,15,16,5227,17952
2023-12-20 13:46:22,15,16,4977,18202
2023-12-20 13:46:25,15,17,4977,18202
2023-12-20 13:46:25,15,16,4977,18202
2023-12-20 13:46:25,13,16,4772,18407
2023-12-20 13:46:27,13,15,4772,18407
2023-12-20 13:46:29,13,16,4772,18407
2023-12-20 13:46:30,14,16,4772,18407
2023-12-20 13:46:31,14,16,4522,18657
2023-12-20 13:46:34,14,17,4522,18657
2023-12-20 13:46:36,13,17,4522,18657
2023-12-20 13:46:36,15,17,4522,18657
2023-12-20 13:46:40,13,17,4522,18657
2023-12-20 13:46:40,14,17,4522,18657
2023-12-20 13:46:49,14,16,4522,18657
2023-12-20 13:46:51,14,17,4522,18657
2023-12-20 13:46:51,14,16,4522,18657
2023-12-20 13:47:00,14,17,4522,18657
2023-12-20 13:47:00,15,17,4522,18657
2023-12-20 13:47:00,14,17,4522,18657
2023-12-20 13:47:01,15,17,4522,18657
2023-12-20 13:47:05,15,16,4522,18657
2023-12-20 13:47:08,15,18,4522,18657
2023-12-20 13:47:09,15,17,4522,18657
2023-12-20 13:47:25,15,16,4522,18657
2023-12-20 13:47:32,15,17,4522,18657
2023-12-20 13:47:45,16,17,4522,18657
2023-12-20 13:47:56,15,17,4522,18657
2023-12-20 13:47:59,16,17,4522,18657
2023-12-20 13:48:00,15,17,4522,18657
2023-12-20 13:48:09,15,16,4522,18657
2023-12-20 13:48:10,15,17,4522,18657
2023-12-20 13:48:21,16,17,4522,18657
2023-12-20 13:48:55,15,17,4522,18657
2023-12-20 13:48:55,16,17,4522,18657
2023-12-20 13:48:55,17,18,4520,18659
2023-12-20 13:48:55,16,18,4520,18659
2023-12-20 13:48:56,17,18,4520,18659
2023-12-20 13:49:04,17,19,4520,18661
2023-12-20 13:49:12,17,18,4520,18661
2023-12-20 13:49:15,16,18,4520,18661
2023-12-20 13:49:21,16,19,4520,18661
2023-12-20 13:49:22,15,19,4520,18661
2023-12-20 13:49:31,15,18,4520,18661
2023-12-20 13:49:33,16,18,4520,18661
2023-12-20 13:50:39,16,17,4520,18661
2023-12-20 13:50:41,16,18,4520,18661
2023-12-20 13:50:43,16,17,4520,18661
2023-12-20 13:50:44,16,18,4520,18661
2023-12-20 13:50:46,16,17,4520,18661
2023-12-20 13:50:47,16,18,4520,18661
2023-12-20 13:51:06,17,18,4520,18661
2023-12-20 13:51:13,17,19,4520,18661
2023-12-20 13:51:21,16,19,4520,18661
2023-12-20 13:51:21,17,19,4520,18661
2023-12-20 13:51:21,18,19,4520,18661
2023-12-20 13:51:21,18,20,4520,18661
2023-12-20 13:51:23,19,20,4520,18661
2023-12-20 13:51:26,18,20,4520,18661
2023-12-20 13:51:30,18,20,4765,18911
2023-12-20 13:51:30,18,21,4765,18911
2023-12-20 13:51:30,19,21,4765,18911
2023-12-20 13:51:38,18,21,4765,18911
2023-12-20 13:51:52,18,19,4765,18911
2023-12-20 13:52:28,18,19,5015,19161
2023-12-20 13:52:32,18,19,5215,19361
2023-12-20 13:52:34,18,19,5465,19611
2023-12-20 13:52:35,18,19,5465,19847
2023-12-20 13:52:35,18,19,5715,20097
2023-12-20 13:52:37,18,19,5965,20347
2023-12-20 13:52:42,18,19,6215,20597
2023-12-20 13:52:43,18,19,6465,20847
2023-12-20 13:52:44,18,21,6529,20918
2023-12-20 13:52:44,18,20,6529,20918
2023-12-20 13:52:44,18,21,6529,20918
2023-12-20 13:52:45,18,20,6529,20918
2023-12-20 13:52:47,18,21,6564,21026
2023-12-20 13:52:47,18,20,6564,21026
2023-12-20 13:52:49,18,21,6742,21204
2023-12-20 13:52:49,18,20,6742,21204
2023-12-20 13:52:49,19,20,6742,21204
2023-12-20 13:52:50,19,21,6914,21376
2023-12-20 13:53:17,20,21,6914,21376
2023-12-20 13:53:47,19,21,6914,21376
2023-12-20 13:54:01,20,21,6914,21376
2023-12-20 13:54:02,19,21,6914,21376
2023-12-20 13:54:02,20,21,6914,21376
2023-12-20 13:54:07,18,21,6914,21376
2023-12-20 13:54:07,19,21,6914,21376
2023-12-20 13:54:08,18,21,6914,21376
2023-12-20 13:54:24,19,21,6914,21376
2023-12-20 13:54:57,18,21,6914,21376
2023-12-20 13:54:57,19,21,6914,21376
2023-12-20 13:55:06,20,21,6914,21376
2023-12-20 13:55:16,21,22,6914,21381
2023-12-20 13:55:19,22,23,6914,21386
2023-12-20 13:55:22,24,25,6914,21396
2023-12-20 13:55:23,25,28,6914,21401
2023-12-20 13:55:24,25,29,6914,21401
2023-12-20 13:55:24,26,29,6914,21401
2023-12-20 13:55:24,26,30,6914,21401
2023-12-20 13:55:24,26,29,6914,21401
2023-12-20 13:55:24,26,30,6914,21401
2023-12-20 13:55:26,26,29,6914,21401
2023-12-20 13:55:27,25,29,6914,21401
2023-12-20 13:55:35,25,28,6914,21401
2023-12-20 13:55:35,24,28,6914,21401
2023-12-20 13:55:40,25,28,6914,21401
2023-12-20 13:55:40,25,27,6914,21401
2023-12-20 13:55:41,25,28,6914,21401
2023-12-20 13:55:41,25,27,6914,21401
2023-12-20 13:55:49,24,27,6914,21401
2023-12-20 13:55:52,24,26,6914,21401
2023-12-20 13:56:09,24,28,6914,21401
2023-12-20 13:56:09,24,27,6914,21401
2023-12-20 13:56:09,24,25,6914,21401
2023-12-20 13:56:10,24,28,6914,21401
2023-12-20 13:56:10,24,27,6914,21401
2023-12-20 13:56:10,24,26,6914,21401
2023-12-20 13:56:13,24,25,6914,21401
2023-12-20 13:56:33,25,26,6914,21406
2023-12-20 13:56:34,24,26,6914,21406
2023-12-20 13:56:35,24,25,6914,21406
2023-12-20 13:56:36,24,26,6914,21406
2023-12-20 13:56:36,24,25,6914,21406
2023-12-20 13:56:41,24,26,6914,21406
2023-12-20 13:56:41,24,25,6914,21406
2023-12-20 13:56:42,24,26,6914,21406
2023-12-20 13:56:45,25,26,6914,21406
2023-12-20 13:56:47,24,26,6914,21406
2023-12-20 13:56:51,25,26,6914,21406
2023-12-20 13:56:52,24,26,6914,21406
2023-12-20 13:56:54,24,25,6914,21406
2023-12-20 13:56:55,24,26,6914,21406
2023-12-20 13:57:04,24,25,6914,21406
2023-12-20 13:57:05,24,26,6914,21406
2023-12-20 13:57:09,22,26,6914,21406
2023-12-20 13:57:12,21,26,6914,21406
2023-12-20 13:57:14,21,25,6914,21406
2023-12-20 13:57:21,20,25,6914,21406
2023-12-20 13:57:25,20,24,6914,21406
2023-12-20 13:57:30,20,23,6914,21406
2023-12-20 13:57:32,19,23,6914,21406
2023-12-20 13:57:41,19,22,6914,21406
2023-12-20 13:57:48,20,22,6914,21406
2023-12-20 13:58:00,20,23,6914,21406
2023-12-20 13:58:11,21,23,6914,21406
2023-12-20 13:58:16,20,23,6914,21406
2023-12-20 13:58:18,21,23,6914,21406
2023-12-20 13:58:57,20,23,6914,21406
2023-12-20 13:58:57,21,23,6914,21406
2023-12-20 13:59:10,20,23,6914,21406
2023-12-20 13:59:22,21,23,6914,21406
2023-12-20 13:59:24,20,23,6914,21406
2023-12-20 13:59:24,21,23,6914,21406
2023-12-20 13:59:25,20,23,6914,21406
2023-12-20 13:59:25,21,23,6914,21406
2023-12-20 13:59:26,20,23,6914,21406
2023-12-20 13:59:26,21,22,6914,21406
2023-12-20 13:59:31,20,22,6914,21406
2023-12-20 13:59:31,21,22,6914,21406
2023-12-20 13:59:33,21,23,6914,21406
2023-12-20 13:59:47,20,23,6914,21406
2023-12-20 13:59:57,21,23,6914,21406
2023-12-20 13:59:59,20,23,6914,21406
2023-12-20 14:00:00,21,23,6914,21406
2023-12-20 14:00:32,20,23,6914,21406
2023-12-20 14:00:55,20,22,6914,21406
2023-12-20 14:01:08,20,21,6914,21406
2023-12-20 14:01:11,20,22,6914,21406
2023-12-20 14:01:11,20,21,6914,21406
2023-12-20 14:01:17,20,23,6914,21406
2023-12-20 14:01:17,20,22,6914,21406
2023-12-20 14:01:19,20,23,6914,21406
2023-12-20 14:01:21,20,22,6914,21406
2023-12-20 14:01:24,20,23,6914,21406
2023-12-20 14:01:35,21,23,6914,21406
2023-12-20 14:01:40,22,23,6914,21406
2023-12-20 14:01:49,21,23,6914,21406
2023-12-20 14:01:50,22,23,6914,21406
2023-12-20 14:01:51,21,23,6914,21406
2023-12-20 14:02:08,20,23,6914,21406
2023-12-20 14:02:14,21,23,6914,21406
2023-12-20 14:02:27,22,23,6914,21406
2023-12-20 14:02:29,23,24,6914,21411
2023-12-20 14:02:34,24,25,6914,21416
2023-12-20 14:02:35,24,26,6914,21421
2023-12-20 14:02:36,25,26,6914,21421
2023-12-20 14:02:38,27,28,6914,21431
2023-12-20 14:02:39,28,29,6914,21436
2023-12-20 14:02:53,29,30,6914,21441
2023-12-20 14:02:54,28,30,6914,21441
2023-12-20 14:02:55,28,29,6914,21441
2023-12-20 14:03:14,29,30,7068,21595
2023-12-20 14:03:19,30,34,7068,21600
2023-12-20 14:03:21,30,35,7068,21600
2023-12-20 14:03:22,31,35,7068,21600
2023-12-20 14:03:35,31,34,7068,21600
2023-12-20 14:03:40,31,35,7068,21600
2023-12-20 14:03:40,31,33,7068,21600
2023-12-20 14:03:55,32,33,7068,21600
2023-12-20 14:03:55,32,36,7068,21600
2023-12-20 14:03:55,32,35,7068,21600
2023-12-20 14:03:55,32,34,7068,21600
2023-12-20 14:04:03,31,34,7068,21600
2023-12-20 14:04:26,33,34,7068,21600
2023-12-20 14:04:26,33,36,7068,21600
2023-12-20 14:04:26,33,35,7068,21600
2023-12-20 14:04:26,33,36,7068,21600
2023-12-20 14:04:26,33,35,7068,21600
2023-12-20 14:04:27,33,37,7068,21600
2023-12-20 14:04:27,33,36,7068,21600
2023-12-20 14:04:31,34,36,7068,21600
2023-12-20 14:04:34,34,38,7068,21600
2023-12-20 14:04:34,34,37,7068,21600
2023-12-20 14:04:34,34,38,7068,21600
2023-12-20 14:04:34,34,37,7068,21600
2023-12-20 14:04:37,35,37,7068,21600
2023-12-20 14:04:37,35,39,7068,21600
2023-12-20 14:04:42,35,38,7068,21600
2023-12-20 14:04:44,34,38,7068,21600
2023-12-20 14:04:44,34,37,7068,21600
2023-12-20 14:04:45,35,37,7068,21600
2023-12-20 14:04:57,35,39,7068,21600
2023-12-20 14:04:57,35,36,7068,21600
2023-12-20 14:04:58,34,36,7068,21600
2023-12-20 14:05:12,33,36,7068,21600
2023-12-20 14:05:57,34,36,7068,21600
2023-12-20 14:05:59,34,39,7068,21600
2023-12-20 14:05:59,34,38,7068,21600
2023-12-20 14:05:59,34,37,7068,21600
2023-12-20 14:06:00,34,39,7068,21600
2023-12-20 14:06:00,34,38,7068,21600
2023-12-20 14:06:00,34,39,7068,21600
2023-12-20 14:06:00,34,38,7068,21600
2023-12-20 14:06:01,35,38,7068,21600
2023-12-20 14:06:01,35,39,7068,21600
2023-12-20 14:06:02,35,38,7068,21600
2023-12-20 14:06:03,35,39,7068,21600
2023-12-20 14:06:05,34,39,7068,21600
2023-12-20 14:06:05,34,38,7068,21600
2023-12-20 14:06:12,35,38,7068,21600
2023-12-20 14:06:13,34,38,7068,21600
2023-12-20 14:06:14,34,39,7068,21600
2023-12-20 14:06:14,34,37,7068,21600
2023-12-20 14:06:19,33,37,7068,21600
2023-12-20 14:06:22,33,36,7068,21600
2023-12-20 14:06:23,31,36,7068,21600
2023-12-20 14:06:33,31,35,7068,21600
2023-12-20 14:06:34,31,36,7068,21600
2023-12-20 14:06:35,31,35,7068,21600
2023-12-20 14:06:38,31,36,7068,21600
2023-12-20 14:06:38,31,35,7068,21600
2023-12-20 14:06:42,31,34,7068,21600
2023-12-20 14:06:46,31,33,7068,21600
2023-12-20 14:06:49,32,33,7068,21600
2023-12-20 14:06:50,32,34,7068,21600
2023-12-20 14:06:51,32,33,7068,21600
2023-12-20 14:06:57,33,34,7068,21605
2023-12-20 14:06:58,33,35,7068,21610
2023-12-20 14:07:11,33,34,7068,21610
2023-12-20 14:07:13,32,34,7068,21610
2023-12-20 14:07:14,32,35,7068,21610
2023-12-20 14:07:25,31,35,7068,21610
2023-12-20 14:07:27,31,34,7068,21610
2023-12-20 14:07:33,32,34,7068,21610
2023-12-20 14:07:37,34,35,7259,21801
2023-12-20 14:07:38,32,35,7259,21801
2023-12-20 14:07:38,31,35,7259,21801
2023-12-20 14:07:42,32,35,7259,21801
2023-12-20 14:07:46,32,36,7252,21808
2023-12-20 14:07:48,31,36,7252,21808
2023-12-20 14:07:52,31,35,7252,21808
2023-12-20 14:07:53,32,35,7252,21808
2023-12-20 14:07:54,31,35,7252,21808
2023-12-20 14:07:56,31,34,7252,21808
2023-12-20 14:08:04,30,34,7252,21808
2023-12-20 14:08:06,31,34,7252,21808
2023-12-20 14:08:08,30,34,7252,21808
2023-12-20 14:08:08,31,34,7252,21808
2023-12-20 14:08:11,31,35,7252,21808
2023-12-20 14:08:11,30,35,7252,21808
2023-12-20 14:08:11,31,35,7252,21808
2023-12-20 14:08:11,31,34,7252,21808
2023-12-20 14:08:18,31,36,7252,21808
2023-12-20 14:08:18,31,35,7252,21808
2023-12-20 14:08:27,31,34,7252,21808
2023-12-20 14:08:54,32,34,7252,21808
2023-12-20 14:08:56,30,34,7252,21808
2023-12-20 14:08:56,31,34,7252,21808
2023-12-20 14:08:57,31,35,7252,21808
2023-12-20 14:08:57,31,34,7252,21808
2023-12-20 14:08:57,32,34,7252,21808
2023-12-20 14:08:58,30,34,7252,21808
2023-12-20 14:08:58,31,34,7252,21808
2023-12-20 14:09:16,32,34,7252,21808
2023-12-20 14:09:18,32,34,7280,21836
2023-12-20 14:09:24,30,34,7280,21836
2023-12-20 14:09:24,31,34,7280,21836
2023-12-20 14:09:26,30,34,7280,21836
2023-12-20 14:09:28,29,34,7280,21836
2023-12-20 14:09:41,30,34,7280,21836
2023-12-20 14:09:42,29,34,7280,21836
2023-12-20 14:09:42,29,33,7280,21836
2023-12-20 14:09:42,30,33,7280,21836
2023-12-20 14:09:50,31,33,7280,21836
2023-12-20 14:09:55,30,33,7280,21836
2023-12-20 14:09:55,31,33,7280,21836
2023-12-20 14:10:04,29,33,7280,21836
2023-12-20 14:10:04,30,33,7280,21836
2023-12-20 14:10:10,29,33,7280,21836
2023-12-20 14:10:11,30,33,7280,21836
2023-12-20 14:10:15,29,33,7280,21836
2023-12-20 14:10:19,30,33,7280,21836
2023-12-20 14:10:20,30,32,7280,21836
2023-12-20 14:10:28,30,31,7280,21836
2023-12-20 14:10:28,28,31,7280,21836
2023-12-20 14:10:28,29,31,7280,21836
2023-12-20 14:10:29,27,31,7280,21836
2023-12-20 14:10:34,27,30,7280,21836
2023-12-20 14:10:41,27,29,7280,21836
2023-12-20 14:10:42,26,29,7280,21836
2023-12-20 14:10:48,24,29,7280,21836
2023-12-20 14:10:48,24,28,7280,21836
2023-12-20 14:10:50,25,28,7280,21836
2023-12-20 14:10:54,25,27,7280,21836
2023-12-20 14:10:58,26,27,7280,21836
2023-12-20 14:10:59,26,27,7275,21841
2023-12-20 14:12:14,25,26,7277,21984
2023-12-20 14:12:14,25,26,7277,22044
2023-12-20 14:12:32,25,29,7277,22044
2023-12-20 14:12:38,26,29,7277,22044
2023-12-20 14:12:52,25,29,7277,22044
2023-12-20 14:12:52,27,29,7277,22044
2023-12-20 14:12:58,26,29,7277,22044
2023-12-20 14:12:59,27,29,7277,22044
2023-12-20 14:13:14,28,29,7277,22044
2023-12-20 14:13:26,25,29,7277,22044
2023-12-20 14:13:26,26,29,7277,22044
2023-12-20 14:13:47,25,29,7277,22044
2023-12-20 14:13:49,26,29,7277,22044
2023-12-20 14:13:59,27,29,7277,22044
2023-12-20 14:14:11,26,29,7277,22044
2023-12-20 14:14:26,26,28,7277,22044
2023-12-20 14:14:26,25,28,7277,22046
2023-12-20 14:14:27,26,28,7277,22046
2023-12-20 14:14:28,25,28,7277,22046
2023-12-20 14:14:37,24,25,7279,22166
2023-12-20 14:16:11,22,25,7279,22168
2023-12-20 14:16:25,22,24,7279,22168
2023-12-20 14:16:55,21,24,7279,22168
2023-12-20 14:16:55,23,24,7279,22168
2023-12-20 14:16:58,23,25,7279,22168
2023-12-20 14:17:12,24,25,7279,22168
2023-12-20 14:17:18,24,27,7279,22168
2023-12-20 14:17:22,25,27,7279,22168
2023-12-20 14:17:33,25,28,7279,22168
2023-12-20 14:17:34,24,28,7279,22168
2023-12-20 14:17:44,25,28,7279,22168
2023-12-20 14:17:46,24,28,7279,22168
2023-12-20 14:17:47,24,26,7279,22168
2023-12-20 14:17:47,25,26,7279,22168
2023-12-20 14:17:48,24,26,7279,22168
2023-12-20 14:17:53,24,25,7279,22168
2023-12-20 14:18:22,24,26,7279,22168
2023-12-20 14:18:22,25,26,7279,22168
2023-12-20 14:18:30,24,26,7279,22168
2023-12-20 14:18:45,25,26,7279,22168
2023-12-20 14:19:07,24,26,7279,22168
2023-12-20 14:19:07,25,26,7279,22168
2023-12-20 14:19:11,25,27,7279,22168
2023-12-20 14:19:33,25,26,7279,22168
2023-12-20 14:19:34,25,27,7279,22168
2023-12-20 14:19:40,26,27,7279,22168
2023-12-20 14:19:49,26,32,7279,22173
2023-12-20 14:19:49,26,31,7279,22173
2023-12-20 14:19:56,28,31,7279,22173
2023-12-20 14:19:58,29,31,7279,22173
2023-12-20 14:20:05,30,31,7279,22173
2023-12-20 14:20:23,30,33,7279,22178
2023-12-20 14:20:23,31,33,7279,22178
2023-12-20 14:20:24,32,33,7279,22178
2023-12-20 14:20:31,31,33,7279,22178
2023-12-20 14:20:34,32,33,7279,22178
2023-12-20 14:20:36,32,34,7279,22178
2023-12-20 14:20:39,32,35,7279,22178
2023-12-20 14:20:45,32,34,7279,22178
2023-12-20 14:20:49,33,34,7279,22178
2023-12-20 14:20:50,31,34,7279,22178
2023-12-20 14:20:50,32,34,7279,22178
2023-12-20 14:20:58,33,34,7279,22178
2023-12-20 14:21:00,33,35,7279,22178
2023-12-20 14:21:06,33,34,7279,22178
2023-12-20 14:21:14,33,35,7279,22178
2023-12-20 14:21:18,33,36,7279,22178
2023-12-20 14:21:23,33,34,7279,22178
2023-12-20 14:21:30,33,35,7279,22178
2023-12-20 14:21:30,34,35,7279,22178
2023-12-20 14:21:36,33,34,7279,22283
2023-12-20 14:21:38,33,35,7279,22283
2023-12-20 14:21:39,34,35,7279,22283
2023-12-20 14:21:39,33,35,7279,22283
2023-12-20 14:21:39,34,35,7279,22283
2023-12-20 14:21:41,34,35,7479,22483
2023-12-20 14:21:41,34,36,7479,22483
2023-12-20 14:21:46,34,37,7479,22483
2023-12-20 14:21:53,34,36,7479,22483
2023-12-20 14:21:55,34,37,7479,22483
2023-12-20 14:21:56,34,36,7479,22483
2023-12-20 14:21:58,35,36,7479,22483
2023-12-20 14:22:03,35,37,7679,22683
2023-12-20 14:22:03,36,37,7679,22683
2023-12-20 14:22:08,35,37,7679,22683
2023-12-20 14:22:12,36,37,7679,22683
2023-12-20 14:22:12,36,37,7929,22933
2023-12-20 14:22:13,36,37,8179,23183
2023-12-20 14:22:13,36,39,8179,23183
2023-12-20 14:22:15,36,41,8179,23183
2023-12-20 14:22:17,36,42,8179,23183
2023-12-20 14:22:22,36,41,8179,23183
2023-12-20 14:22:23,36,42,8179,23183
2023-12-20 14:22:24,37,42,8179,23183
2023-12-20 14:22:25,37,39,8179,23183
2023-12-20 14:22:27,36,39,8179,23183
2023-12-20 14:22:29,36,38,8179,23183
2023-12-20 14:22:32,36,39,8179,23183
2023-12-20 14:22:33,36,41,8179,23183
2023-12-20 14:22:33,36,40,8179,23183
2023-12-20 14:22:34,36,41,8179,23183
2023-12-20 14:22:36,37,41,8179,23183
2023-12-20 14:22:36,37,42,8179,23183
2023-12-20 14:22:37,37,39,8179,23183
2023-12-20 14:22:38,36,39,8179,23183
2023-12-20 14:22:38,36,38,8179,23183
2023-12-20 14:22:40,36,37,8179,23183
2023-12-20 14:22:41,35,37,8179,23183
2023-12-20 14:22:45,35,36,8179,23183
2023-12-20 14:22:46,34,36,8179,23183
2023-12-20 14:22:48,34,35,8179,23183
2023-12-20 14:22:53,33,35,8379,23383
2023-12-20 14:22:54,33,34,8379,23383
2023-12-20 14:22:55,31,34,8379,23383
2023-12-20 14:22:55,31,35,8379,23383
2023-12-20 14:22:55,31,33,8379,23383
2023-12-20 14:22:59,30,33,8379,23383
2023-12-20 14:23:06,30,32,8379,23383
2023-12-20 14:23:07,30,33,8379,23383
2023-12-20 14:23:08,31,33,8379,23383
2023-12-20 14:23:16,32,33,8379,23383
2023-12-20 14:23:18,32,35,8379,23383
2023-12-20 14:23:19,32,34,8379,23383
2023-12-20 14:23:23,31,34,8379,23383
2023-12-20 14:23:23,31,35,8379,23383
2023-12-20 14:23:24,32,35,8379,23383
2023-12-20 14:23:28,32,36,8379,23383
2023-12-20 14:23:32,33,36,8379,23383
2023-12-20 14:23:33,32,36,8379,23383
2023-12-20 14:23:33,33,36,8379,23383
2023-12-20 14:23:39,33,35,8379,23383
2023-12-20 14:23:41,33,34,8379,23383
2023-12-20 14:23:45,31,34,8379,23383
2023-12-20 14:23:45,31,35,8379,23383
2023-12-20 14:23:46,32,35,8379,23383
2023-12-20 14:23:57,32,36,8379,23383
2023-12-20 14:24:00,32,35,8379,23383
2023-12-20 14:24:02,31,35,8379,23383
2023-12-20 14:24:02,33,35,8379,23383
2023-12-20 14:24:11,33,36,8379,23383
2023-12-20 14:24:12,32,36,8379,23383
2023-12-20 14:24:12,34,36,8379,23383
2023-12-20 14:24:16,31,36,8379,23383
2023-12-20 14:24:16,32,36,8379,23383
2023-12-20 14:24:17,32,35,8379,23383
2023-12-20 14:24:40,31,35,8379,23383
2023-12-20 14:24:40,33,35,8379,23383
2023-12-20 14:24:47,33,34,8379,23383
2023-12-20 14:24:56,33,35,8379,23383
2023-12-20 14:24:58,33,36,8379,23383
2023-12-20 14:25:05,33,35,8379,23383
2023-12-20 14:25:15,33,34,8379,23383
2023-12-20 14:25:16,31,34,8379,23383
2023-12-20 14:25:17,32,34,8379,23383
2023-12-20 14:25:41,32,35,8379,23383
2023-12-20 14:25:45,31,35,8379,23383
2023-12-20 14:25:45,33,35,8379,23383
2023-12-20 14:25:50,32,35,8379,23383
2023-12-20 14:25:52,33,35,8379,23383
2023-12-20 14:25:54,33,36,8379,23383
2023-12-20 14:25:55,33,35,8379,23383
2023-12-20 14:25:59,33,36,8379,23383
2023-12-20 14:26:04,34,36,8379,23383
2023-12-20 14:26:13,33,36,8379,23383
2023-12-20 14:26:13,35,36,8379,23383
2023-12-20 14:26:14,33,36,8379,23383
2023-12-20 14:26:14,34,36,8379,23383
2023-12-20 14:26:16,33,36,8379,23383
2023-12-20 14:26:16,34,36,8379,23383
2023-12-20 14:26:19,33,36,8379,23383
2023-12-20 14:26:19,34,36,8379,23383
2023-12-20 14:26:20,35,36,8379,23383
2023-12-20 14:26:32,35,38,8395,23409
2023-12-20 14:26:32,36,38,8395,23409
2023-12-20 14:26:34,36,39,8395,23409
2023-12-20 14:26:36,36,38,8395,23409
2023-12-20 14:26:36,37,38,8395,23409
2023-12-20 14:26:37,36,38,8395,23409
2023-12-20 14:26:37,37,38,8395,23409
2023-12-20 14:26:38,35,38,8395,23409
2023-12-20 14:26:38,36,38,8395,23409
2023-12-20 14:26:46,36,37,8395,23409
2023-12-20 14:26:59,36,42,8395,23409
2023-12-20 14:26:59,37,42,8395,23409
2023-12-20 14:27:11,38,42,8395,23409
2023-12-20 14:27:12,41,42,8395,23409
2023-12-20 14:27:24,38,42,8395,23409
2023-12-20 14:27:24,37,42,8395,23409
2023-12-20 14:27:27,38,42,8395,23409
2023-12-20 14:27:34,39,42,8395,23409
2023-12-20 14:27:35,41,42,8395,23409
2023-12-20 14:27:41,41,45,8395,23414
2023-12-20 14:27:51,42,45,8395,23414
2023-12-20 14:27:53,41,45,8395,23414
2023-12-20 14:27:53,42,45,8395,23414
2023-12-20 14:27:56,41,45,8395,23414
2023-12-20 14:27:57,42,45,8395,23414
2023-12-20 14:28:03,42,44,8395,23414
2023-12-20 14:28:03,41,44,8395,23414
2023-12-20 14:28:04,41,45,8395,23414
2023-12-20 14:28:06,42,45,8395,23414
2023-12-20 14:28:11,41,45,8395,23414
2023-12-20 14:28:11,42,45,8395,23414
2023-12-20 14:28:20,41,45,8395,23414
2023-12-20 14:28:22,42,45,8395,23414
2023-12-20 14:28:45,43,45,8395,23414
2023-12-20 14:28:53,42,45,8395,23414
2023-12-20 14:29:00,43,45,8395,23414
2023-12-20 14:29:18,43,47,8395,23414
2023-12-20 14:29:20,43,48,8395,23414
2023-12-20 14:29:20,44,48,8395,23414
2023-12-20 14:29:21,43,48,8395,23414
2023-12-20 14:29:31,42,48,8395,23414
2023-12-20 14:29:32,43,48,8395,23414
2023-12-20 14:29:33,43,47,8395,23414
2023-12-20 14:29:40,44,47,8395,23414
2023-12-20 14:29:40,44,48,8395,23414
2023-12-20 14:29:50,45,48,8395,23414
2023-12-20 14:29:57,44,48,8395,23414
2023-12-20 14:30:02,45,48,8395,23414
2023-12-20 14:30:07,46,48,8395,23414
2023-12-20 14:30:17,45,48,8395,23414
2023-12-20 14:30:21,44,48,8395,23414
2023-12-20 14:30:30,45,48,8395,23414
2023-12-20 14:30:34,46,48,8395,23414
2023-12-20 14:30:40,47,48,8395,23414
2023-12-20 14:30:48,47,52,8396,23415
2023-12-20 14:30:50,48,52,8396,23415
2023-12-20 14:30:53,48,54,8396,23415
2023-12-20 14:30:54,47,54,8396,23415
2023-12-20 14:30:54,50,54,8396,23415
2023-12-20 14:31:07,50,53,8396,23415
2023-12-20 14:31:09,47,53,8396,23415
2023-12-20 14:31:09,48,53,8396,23415
2023-12-20 14:31:12,47,53,8396,23415
2023-12-20 14:31:12,47,52,8396,23415
2023-12-20 14:31:19,46,52,8396,23415
2023-12-20 14:31:19,46,51,8396,23415
2023-12-20 14:31:27,47,51,8396,23415
2023-12-20 14:31:28,46,51,8396,23415
2023-12-20 14:31:31,47,51,8396,23415
2023-12-20 14:31:34,47,50,8396,23415
2023-12-20 14:31:37,47,52,8396,23415
2023-12-20 14:31:37,47,51,8396,23415
2023-12-20 14:31:39,48,51,8396,23415
2023-12-20 14:31:39,48,52,8396,23415
2023-12-20 14:31:41,49,52,8396,23415
2023-12-20 14:31:48,48,52,8396,23415
2023-12-20 14:31:52,47,52,8396,23415
2023-12-20 14:31:53,48,52,8396,23415
2023-12-20 14:31:56,47,52,8396,23415
2023-12-20 14:31:58,48,52,8396,23415
2023-12-20 14:32:01,49,52,8396,23415
2023-12-20 14:32:09,50,52,8396,23415
2023-12-20 14:32:12,49,52,8396,23415
2023-12-20 14:32:13,50,52,8396,23415
2023-12-20 14:32:22,52,53,8396,23420
2023-12-20 14:32:23,54,55,8397,23431
2023-12-20 14:32:43,55,56,8397,23436
2023-12-20 14:32:45,57,60,8397,23446
2023-12-20 14:32:53,58,60,8397,23446
2023-12-20 14:32:53,58,61,8397,23446
2023-12-20 14:32:54,60,61,8397,23446
2023-12-20 14:32:58,61,62,8398,23447
2023-12-20 14:32:58,61,62,8598,23647
2023-12-20 14:32:58,61,63,8598,23647
2023-12-20 14:32:58,61,64,8598,23647
2023-12-20 14:32:59,62,64,8598,23647
2023-12-20 14:32:59,62,64,8798,23847
2023-12-20 14:32:59,63,64,8798,23847
2023-12-20 14:32:59,63,65,8798,23847
2023-12-20 14:33:00,62,65,8798,23847
2023-12-20 14:33:01,63,65,8798,23847
2023-12-20 14:33:02,62,65,8798,23847
2023-12-20 14:33:03,63,65,8798,23847
2023-12-20 14:33:05,62,65,8798,23847
2023-12-20 14:33:07,60,65,8798,23847
2023-12-20 14:33:08,60,63,8798,23847
2023-12-20 14:33:08,60,63,8758,23887
2023-12-20 14:33:24,60,62,8758,23887
2023-12-20 14:33:25,60,63,8758,23887
2023-12-20 14:33:30,60,62,8758,23887
2023-12-20 14:33:31,60,63,8758,23887
2023-12-20 14:33:31,60,62,8758,23887
2023-12-20 14:33:33,61,62,8758,23887
2023-12-20 14:33:33,61,63,8758,23887
2023-12-20 14:33:34,60,63,8758,23887
2023-12-20 14:33:34,60,62,8758,23887
2023-12-20 14:33:49,59,62,8758,23887
2023-12-20 14:34:01,60,62,8758,23887
2023-12-20 14:34:09,59,62,8758,23887
2023-12-20 14:34:18,59,61,8758,23887
2023-12-20 14:34:18,58,61,8758,23887
2023-12-20 14:34:19,58,60,8758,23887
2023-12-20 14:34:21,57,60,8758,23887
2023-12-20 14:34:26,57,61,8758,23887
2023-12-20 14:34:27,57,62,8758,23887
2023-12-20 14:34:27,58,62,8758,23887
2023-12-20 14:34:28,59,62,8758,23887
2023-12-20 14:34:37,58,62,8758,23887
2023-12-20 14:34:39,58,61,8758,23887
2023-12-20 14:34:42,57,61,8758,23887
2023-12-20 14:34:52,58,61,8758,23887
2023-12-20 14:34:55,58,60,8758,23887
2023-12-20 14:34:58,57,60,8758,23887
2023-12-20 14:35:03,56,60,8758,23887
2023-12-20 14:35:04,57,60,8758,23887
2023-12-20 14:35:07,57,61,8758,23892
2023-12-20 14:35:13,57,60,8758,23892
2023-12-20 14:35:22,57,59,8758,23892
2023-12-20 14:35:23,56,59,8758,23892
2023-12-20 14:35:25,56,60,8758,23892
2023-12-20 14:35:28,55,60,8758,23892
2023-12-20 14:35:28,55,58,8758,23892
2023-12-20 14:35:33,54,58,8758,23892
2023-12-20 14:35:42,54,58,8758,23892
2023-12-20 14:35:44,55,58,8758,23892
2023-12-20 14:35:44,55,58,8808,24142
2023-12-20 14:35:45,56,58,8808,24142
2023-12-20 14:35:45,56,59,8808,24142
2023-12-20 14:35:47,56,58,8808,24142
2023-12-20 14:35:54,56,57,8808,24142
2023-12-20 14:35:56,54,57,8808,24142
2023-12-20 14:35:56,54,58,8808,24142
2023-12-20 14:36:02,55,58,8808,24142
2023-12-20 14:36:07,55,59,8916,24255
2023-12-20 14:36:07,56,59,8916,24255
2023-12-20 14:36:07,56,58,8916,24255
2023-12-20 14:36:07,56,59,8916,24255
2023-12-20 14:36:10,56,59,9166,24505
2023-12-20 14:36:11,56,60,9166,24510
2023-12-20 14:36:12,57,60,9166,24510
2023-12-20 14:36:12,57,60,9416,24760
2023-12-20 14:36:19,57,61,9416,24765
2023-12-20 14:36:21,59,61,9416,24765
2023-12-20 14:36:21,59,61,9661,25015
2023-12-20 14:36:21,59,62,9661,25015
2023-12-20 14:36:24,60,62,9661,25015
2023-12-20 14:36:26,61,62,9661,25015
2023-12-20 14:36:26,61,63,9661,25020
2023-12-20 14:36:27,62,63,9661,25020
2023-12-20 14:36:28,62,64,9661,25025
2023-12-20 14:36:35,62,64,9856,25225
2023-12-20 14:36:35,62,65,9856,25225
2023-12-20 14:36:35,64,65,9856,25225
2023-12-20 14:36:46,64,66,9851,25280
2023-12-20 14:36:50,64,65,9851,25280
2023-12-20 14:36:54,64,66,9851,25280
2023-12-20 14:36:55,64,65,9851,25280
2023-12-20 14:37:03,62,64,9851,25340
2023-12-20 14:37:03,62,65,9851,25340
2023-12-20 14:37:03,62,66,9851,25340
2023-12-20 14:37:03,62,63,9851,25340
2023-12-20 14:37:04,63,66,10047,25536
2023-12-20 14:37:04,63,65,10047,25536
2023-12-20 14:37:04,63,64,10047,25536
2023-12-20 14:37:04,62,63,10051,25540
2023-12-20 14:37:05,62,66,10051,25540
2023-12-20 14:37:05,63,66,10051,25540
2023-12-20 14:37:06,64,66,10051,25540
2023-12-20 14:37:11,65,66,10051,25540
2023-12-20 14:37:13,67,68,10051,25550
2023-12-20 14:37:14,68,70,10051,25555
2023-12-20 14:37:15,68,71,10051,25555
2023-12-20 14:37:16,69,71,10051,25555
2023-12-20 14:37:23,69,71,10251,25755
2023-12-20 14:37:23,69,73,10251,25755
2023-12-20 14:37:23,69,72,10251,25755
2023-12-20 14:37:23,69,73,10251,25755
2023-12-20 14:37:24,71,73,10251,25755
2023-12-20 14:37:39,71,74,10251,25755
2023-12-20 14:37:39,68,74,10251,25755
2023-12-20 14:37:39,73,74,10251,25755
2023-12-20 14:37:40,73,74,10451,25955
2023-12-20 14:37:40,71,74,10451,25955
2023-12-20 14:37:40,68,74,10451,25955
2023-12-20 14:37:40,69,74,10451,25955
2023-12-20 14:37:40,69,75,10451,25955
2023-12-20 14:37:40,69,76,10451,25955
2023-12-20 14:37:40,69,75,10451,25955
2023-12-20 14:37:40,69,76,10451,25955
2023-12-20 14:37:41,72,76,10451,25955
2023-12-20 14:37:50,72,75,10451,25955
2023-12-20 14:37:52,69,75,10451,25955
2023-12-20 14:37:52,71,74,10451,25955
2023-12-20 14:38:00,71,73,10451,25955
2023-12-20 14:38:01,71,74,10451,25955
2023-12-20 14:38:03,71,73,10451,25955
2023-12-20 14:38:03,71,72,10451,25955
2023-12-20 14:38:07,69,72,10451,25955
2023-12-20 14:38:07,72,74,10451,26084
2023-12-20 14:38:07,72,73,10451,26084
2023-12-20 14:38:13,72,73,10451,26209
2023-12-20 14:38:13,72,73,10451,26327
2023-12-20 14:38:15,72,73,10451,26442
2023-12-20 14:38:23,69,73,10451,26442
2023-12-20 14:38:23,68,72,10451,26442
2023-12-20 14:38:23,71,72,10451,26442
2023-12-20 14:38:23,71,72,10451,26618
2023-12-20 14:38:24,71,72,10251,26818
2023-12-20 14:38:24,71,72,10001,27068
2023-12-20 14:38:25,68,72,10001,27068
2023-12-20 14:38:25,69,72,10001,27068
2023-12-20 14:38:25,70,72,10001,27068
2023-12-20 14:38:25,69,72,9774,27295
2023-12-20 14:38:29,69,71,9774,27295
2023-12-20 14:38:31,69,72,9774,27295
2023-12-20 14:38:31,69,71,9774,27295
2023-12-20 14:38:35,69,71,9774,27323
2023-12-20 14:38:42,69,72,9774,27323
2023-12-20 14:38:47,69,71,9774,27323
2023-12-20 14:38:55,70,71,9774,27323
2023-12-20 14:38:55,70,73,9774,27323
2023-12-20 14:38:55,70,72,9774,27323
2023-12-20 14:38:59,71,72,9774,27323
2023-12-20 14:38:59,71,73,9774,27323
2023-12-20 14:39:00,71,74,9774,27323
2023-12-20 14:39:03,72,74,9774,27323
2023-12-20 14:39:10,71,74,9774,27323
2023-12-20 14:39:10,71,73,9774,27323
2023-12-20 14:39:14,71,74,9774,27323
2023-12-20 14:39:14,71,73,9774,27323
2023-12-20 14:39:16,71,72,9774,27323
2023-12-20 14:39:28,71,73,9774,27323
2023-12-20 14:39:28,71,72,9774,27323
2023-12-20 14:39:31,71,73,9955,27504
2023-12-20 14:39:31,69,73,9955,27504
2023-12-20 14:39:31,69,74,9955,27504
2023-12-20 14:39:31,69,75,9955,27504
2023-12-20 14:39:31,70,75,9955,27504
2023-12-20 14:39:31,71,75,9955,27504
2023-12-20 14:39:31,71,74,9955,27504
2023-12-20 14:39:31,71,75,9955,27504
2023-12-20 14:39:34,72,75,9955,27504
2023-12-20 14:39:40,72,76,9955,27504
2023-12-20 14:39:41,73,76,9955,27504
2023-12-20 14:40:04,73,75,9955,27504
2023-12-20 14:40:04,73,76,9955,27504
2023-12-20 14:40:09,73,75,9955,27504
2023-12-20 14:40:12,73,75,9955,27515
2023-12-20 14:40:25,73,74,9955,27515
2023-12-20 14:40:27,73,75,9955,27515
2023-12-20 14:40:28,73,74,9955,27515
2023-12-20 14:40:47,72,74,9955,27515
2023-12-20 14:40:47,72,73,9955,27515
2023-12-20 14:40:48,72,74,9955,27515
2023-12-20 14:40:49,72,73,9955,27515
2023-12-20 14:41:11,71,73,9955,27515
2023-12-20 14:41:11,71,72,9955,27515
2023-12-20 14:41:29,71,73,9955,27515
2023-12-20 14:41:37,70,72,9955,27515
2023-12-20 14:41:40,70,71,9955,27515
2023-12-20 14:41:42,69,71,9955,27515
2023-12-20 14:41:44,69,70,9955,27515
2023-12-20 14:41:48,69,71,9955,27515
2023-12-20 14:41:48,69,70,9955,27515
2023-12-20 14:41:54,69,71,9955,27520
2023-12-20 14:41:55,70,71,9955,27520
2023-12-20 14:42:03,70,71,9955,27521
2023-12-20 14:42:31,70,71,9955,27531
2023-12-20 14:43:18,69,71,9955,27531
2023-12-20 14:43:18,70,71,9955,27531
2023-12-20 14:44:44,69,71,9955,27531
2023-12-20 14:44:46,70,71,9955,27531
2023-12-20 14:45:20,69,71,9955,27531
2023-12-20 14:45:22,70,71,9955,27531
2023-12-20 14:45:55,69,71,9764,27722
2023-12-20 14:45:56,70,71,9764,27722
2023-12-20 14:45:59,68,71,9764,27722
2023-12-20 14:46:00,68,70,9764,27722
2023-12-20 14:46:00,69,70,9764,27722
2023-12-20 14:46:02,69,71,9764,27722
2023-12-20 14:46:04,68,71,9764,27722
2023-12-20 14:46:05,69,71,9764,27722
2023-12-20 14:46:05,70,71,9764,27722
2023-12-20 14:46:27,68,71,9764,27722
2023-12-20 14:46:27,70,71,9764,27722
2023-12-20 14:46:38,68,71,9664,27822
2023-12-20 14:46:39,69,71,9664,27822
2023-12-20 14:46:39,69,70,9664,27822
2023-12-20 14:47:01,69,71,9553,27933
2023-12-20 14:47:07,67,71,9553,27933
2023-12-20 14:47:08,67,70,9553,27933
2023-12-20 14:47:16,67,69,9553,27933
2023-12-20 14:47:16,66,69,9553,27933
2023-12-20 14:47:18,67,69,9553,27933
2023-12-20 14:47:25,68,69,9553,27933
2023-12-20 14:47:27,67,69,9553,27933
2023-12-20 14:47:35,68,69,9553,27933
2023-12-20 14:47:37,67,68,9384,28102
2023-12-20 14:47:38,67,69,9384,28102
2023-12-20 14:47:40,68,69,9384,28102
2023-12-20 14:47:48,67,69,9384,28102
2023-12-20 14:47:48,68,69,9384,28102
2023-12-20 14:47:49,67,69,9384,28102
2023-12-20 14:47:50,67,68,9384,28102
2023-12-20 14:47:53,66,67,9384,28112
2023-12-20 14:47:54,65,67,9384,28112
2023-12-20 14:47:55,64,67,9384,28112
2023-12-20 14:47:57,64,65,9384,28112
2023-12-20 14:47:58,63,65,9384,28112
2023-12-20 14:48:04,63,64,9384,28112
2023-12-20 14:48:05,63,64,9384,28312
2023-12-20 14:48:05,62,64,9384,28312
2023-12-20 14:48:06,61,64,9384,28312
2023-12-20 14:48:07,61,62,9384,28312
2023-12-20 14:48:07,60,62,9384,28312
2023-12-20 14:48:13,59,62,9384,28312
2023-12-20 14:48:15,59,61,9384,28312
2023-12-20 14:48:15,58,61,9384,28312
2023-12-20 14:48:17,58,60,9384,28312
2023-12-20 14:48:19,58,61,9384,28312
2023-12-20 14:48:22,58,60,9384,28312
2023-12-20 14:48:23,59,60,9384,28312
2023-12-20 14:48:26,58,60,9384,28312
2023-12-20 14:48:26,59,60,9384,28312
2023-12-20 14:48:27,57,60,9384,28312
2023-12-20 14:48:28,57,59,9384,28312
2023-12-20 14:48:29,57,58,9384,28312
2023-12-20 14:48:29,56,58,9384,28312
2023-12-20 14:48:31,56,59,9384,28312
2023-12-20 14:48:31,57,59,9384,28312
2023-12-20 14:48:32,56,59,9384,28312
2023-12-20 14:48:35,57,59,9384,28312
2023-12-20 14:48:37,58,59,9384,28312
2023-12-20 14:48:42,56,59,9384,28312
2023-12-20 14:48:42,57,59,9384,28312
2023-12-20 14:48:43,57,58,9384,28312
2023-12-20 14:48:51,55,57,9212,28484
2023-12-20 14:48:51,56,57,9212,28484
2023-12-20 14:48:52,56,58,9212,28484
2023-12-20 14:48:52,55,58,9212,28484
2023-12-20 14:48:54,54,58,9212,28484
2023-12-20 14:48:54,54,57,9212,28484
2023-12-20 14:48:57,55,57,9212,28484
2023-12-20 14:48:58,54,57,9212,28484
2023-12-20 14:48:58,55,57,9212,28484
2023-12-20 14:48:59,54,57,9212,28484
2023-12-20 14:49:00,55,57,9212,28484
2023-12-20 14:49:01,55,56,9212,28484
2023-12-20 14:49:01,53,56,9212,28484
2023-12-20 14:49:02,53,55,9212,28484
2023-12-20 14:49:02,52,54,9212,28484
2023-12-20 14:49:03,52,55,9212,28484
2023-12-20 14:49:04,52,54,9212,28484
2023-12-20 14:49:06,51,54,9212,28484
2023-12-20 14:49:06,51,53,9212,28484
2023-12-20 14:49:08,50,53,9212,28484
2023-12-20 14:49:10,49,53,9212,28484
2023-12-20 14:49:10,49,52,9212,28484
2023-12-20 14:49:12,49,51,9212,28484
2023-12-20 14:49:13,48,51,9212,28484
2023-12-20 14:49:17,49,51,9212,28484
2023-12-20 14:49:18,49,52,9212,28484
2023-12-20 14:49:18,50,52,9212,28484
2023-12-20 14:49:18,50,53,9212,28484
2023-12-20 14:49:19,50,54,9212,28484
2023-12-20 14:49:22,51,54,9212,28484
2023-12-20 14:49:23,51,55,9212,28484
2023-12-20 14:49:24,52,55,9212,28484
2023-12-20 14:49:24,53,55,9212,28484
2023-12-20 14:49:24,53,56,9212,28484
2023-12-20 14:49:28,53,55,9212,28484
2023-12-20 14:49:28,52,55,9212,28484
2023-12-20 14:49:31,52,54,9212,28484
2023-12-20 14:49:31,51,54,9212,28484
2023-12-20 14:49:34,51,53,9212,28484
2023-12-20 14:49:40,50,53,9212,28484
2023-12-20 14:49:43,51,53,9212,28484
2023-12-20 14:49:44,50,53,9212,28484
2023-12-20 14:49:44,51,53,9212,28484
2023-12-20 14:49:48,51,54,9212,28484
2023-12-20 14:49:49,52,54,9212,28484
2023-12-20 14:49:54,52,53,9212,28484
2023-12-20 14:49:56,52,54,9212,28484
2023-12-20 14:50:00,52,55,9212,28484
2023-12-20 14:50:00,53,55,9212,28484
2023-12-20 14:50:04,54,55,9212,28484
2023-12-20 14:50:06,52,55,9106,28590
2023-12-20 14:50:06,53,55,9106,28590
2023-12-20 14:50:08,53,54,9106,28590
2023-12-20 14:50:09,52,53,8992,28704
2023-12-20 14:50:09,51,53,8992,28704
2023-12-20 14:50:09,52,53,8992,28704
2023-12-20 14:50:11,51,53,8819,29104
