datetime,bid,ask,open_interest,volume
2023-12-20 09:31:00,15,19,2,2
2023-12-20 09:31:00,15,18,2,2
2023-12-20 09:31:01,15,17,2,2
2023-12-20 09:31:02,15,16,2,2
2023-12-20 09:31:03,15,17,202,202
2023-12-20 09:31:04,15,16,202,202
2023-12-20 09:31:04,15,17,402,402
2023-12-20 09:31:05,15,18,402,402
2023-12-20 09:31:07,15,19,402,402
2023-12-20 09:31:08,16,19,402,402
2023-12-20 09:31:10,16,18,402,402
2023-12-20 09:31:11,15,18,402,402
2023-12-20 09:31:16,15,17,402,402
2023-12-20 09:31:17,15,18,402,402
2023-12-20 09:31:19,15,19,402,402
2023-12-20 09:31:19,16,19,402,402
2023-12-20 09:31:19,16,18,402,402
2023-12-20 09:31:22,16,19,402,402
2023-12-20 09:31:26,17,19,402,402
2023-12-20 09:31:29,17,20,402,402
2023-12-20 09:31:29,17,18,402,402
2023-12-20 09:31:29,17,20,402,402
2023-12-20 09:31:29,17,18,402,402
2023-12-20 09:31:34,17,20,402,402
2023-12-20 09:31:34,17,19,402,402
2023-12-20 09:31:41,16,19,402,402
2023-12-20 09:31:41,16,18,402,402
2023-12-20 09:31:44,15,18,402,402
2023-12-20 09:31:47,16,18,402,402
2023-12-20 09:31:54,16,17,402,402
2023-12-20 09:31:57,16,18,402,402
2023-12-20 09:31:57,16,17,402,402
2023-12-20 09:32:02,16,18,402,402
2023-12-20 09:32:02,16,17,402,402
2023-12-20 09:32:12,17,19,402,508
2023-12-20 09:32:12,17,18,402,508
2023-12-20 09:32:13,16,18,402,508
2023-12-20 09:32:18,17,18,402,508
2023-12-20 09:32:18,17,20,402,508
2023-12-20 09:32:18,17,19,402,508
2023-12-20 09:32:31,17,18,402,508
2023-12-20 09:32:32,16,18,402,508
2023-12-20 09:32:41,15,18,402,508
2023-12-20 09:32:47,15,17,402,508
2023-12-20 09:33:00,15,18,402,508
2023-12-20 09:33:00,16,18,402,508
2023-12-20 09:33:01,16,17,402,508
2023-12-20 09:33:05,15,17,402,508
2023-12-20 09:33:19,16,17,402,508
2023-12-20 09:33:20,15,17,402,508
2023-12-20 09:33:22,16,17,402,508
2023-12-20 09:33:25,16,18,402,508
2023-12-20 09:33:25,16,17,402,508
2023-12-20 09:33:29,15,17,402,508
2023-12-20 09:33:34,16,17,402,508
2023-12-20 09:33:34,16,18,402,508
2023-12-20 09:33:34,16,18,402,649
2023-12-20 09:33:34,16,17,402,649
2023-12-20 09:33:35,15,17,402,649
2023-12-20 09:33:42,15,16,402,649
2023-12-20 09:33:48,16,18,411,811
2023-12-20 09:33:48,16,17,411,811
2023-12-20 09:33:49,16,18,411,811
2023-12-20 09:33:53,16,19,411,811
2023-12-20 09:34:02,16,18,411,811
2023-12-20 09:34:03,16,19,411,811
2023-12-20 09:34:04,16,18,411,811
2023-12-20 09:34:07,16,18,411,1061
2023-12-20 09:34:08,15,18,411,1061
2023-12-20 09:34:11,16,18,411,1061
2023-12-20 09:34:12,15,18,411,1061
2023-12-20 09:34:14,15,17,411,1061
2023-12-20 09:34:15,15,18,411,1061
2023-12-20 09:34:15,15,17,411,1061
2023-12-20 09:34:20,15,16,411,1061
2023-12-20 09:34:22,15,18,411,1061
2023-12-20 09:34:22,15,17,411,1061
2023-12-20 09:34:32,15,16,411,1061
2023-12-20 09:34:37,15,17,411,1061
2023-12-20 09:34:43,15,16,411,1061
2023-12-20 09:34:44,15,17,411,1061
2023-12-20 09:34:48,15,16,411,1061
2023-12-20 09:34:49,14,16,411,1071
2023-12-20 09:34:51,14,15,411,1071
2023-12-20 09:34:53,13,15,411,1071
2023-12-20 09:35:21,13,14,411,1071
2023-12-20 09:35:24,13,15,411,1071
2023-12-20 09:35:25,13,14,411,1071
2023-12-20 09:35:29,13,15,411,1071
2023-12-20 09:35:31,13,14,411,1071
2023-12-20 09:35:32,13,15,411,1071
2023-12-20 09:35:38,13,14,411,1071
2023-12-20 09:35:39,13,15,411,1071
2023-12-20 09:36:16,13,14,411,1071
2023-12-20 09:36:19,12,14,411,1071
2023-12-20 09:36:21,12,13,411,1071
2023-12-20 09:36:22,12,13,411,1081
2023-12-20 09:36:29,12,14,411,1081
2023-12-20 09:36:50,12,13,411,1081
2023-12-20 09:37:00,11,13,411,1081
2023-12-20 09:37:09,12,13,411,1081
2023-12-20 09:37:11,12,14,411,1081
2023-12-20 09:37:11,11,14,411,1081
2023-12-20 09:37:14,12,14,411,1081
2023-12-20 09:37:17,11,14,411,1081
2023-12-20 09:37:18,12,14,411,1081
2023-12-20 09:37:19,11,14,411,1081
2023-12-20 09:37:28,12,14,411,1081
2023-12-20 09:37:30,11,14,411,1081
2023-12-20 09:37:32,12,14,411,1081
2023-12-20 09:37:36,12,13,411,1081
2023-12-20 09:37:36,11,13,411,1081
2023-12-20 09:37:41,11,14,411,1081
2023-12-20 09:37:43,12,14,411,1081
2023-12-20 09:37:49,11,14,411,1081
2023-12-20 09:37:57,11,13,411,1081
2023-12-20 09:37:59,11,14,411,1081
2023-12-20 09:38:03,12,14,411,1081
2023-12-20 09:38:11,12,15,411,1081
2023-12-20 09:38:15,12,14,411,1081
2023-12-20 09:38:17,11,14,411,1081
2023-12-20 09:38:19,12,14,411,1081
2023-12-20 09:38:22,12,15,411,1081
2023-12-20 09:38:25,12,14,411,1081
2023-12-20 09:38:27,11,14,411,1081
2023-12-20 09:38:27,12,14,411,1081
2023-12-20 09:38:29,11,14,411,1081
2023-12-20 09:38:34,11,13,411,1081
2023-12-20 09:38:43,11,14,411,1081
2023-12-20 09:38:46,12,14,411,1081
2023-12-20 09:38:56,11,14,411,1081
2023-12-20 09:39:08,12,14,411,1081
2023-12-20 09:39:13,11,14,411,1081
2023-12-20 09:39:18,11,13,411,1081
2023-12-20 09:39:24,11,12,411,1081
2023-12-20 09:39:28,10,12,411,1081
2023-12-20 09:39:40,10,11,411,1081
2023-12-20 09:39:47,10,12,411,1081
2023-12-20 09:39:49,10,11,411,1081
2023-12-20 09:39:53,10,12,411,1081
2023-12-20 09:39:58,10,11,411,1081
2023-12-20 09:40:00,10,12,411,1081
2023-12-20 09:40:01,10,11,411,1081
2023-12-20 09:40:03,10,12,411,1081
2023-12-20 09:40:06,10,11,411,1081
2023-12-20 09:40:09,10,12,411,1081
2023-12-20 09:40:13,10,11,411,1081
2023-12-20 09:40:15,10,12,411,1081
2023-12-20 09:40:21,10,11,411,1081
2023-12-20 09:40:59,9,11,411,1081
2023-12-20 09:41:07,9,10,411,1081
2023-12-20 09:41:10,8,10,411,1081
2023-12-20 09:41:23,9,10,411,1081
2023-12-20 09:41:24,8,10,411,1081
2023-12-20 09:41:25,9,10,411,1081
2023-12-20 09:41:27,8,10,411,1081
2023-12-20 09:41:36,7,10,411,1081
2023-12-20 09:41:41,8,10,411,1081
2023-12-20 09:41:46,8,9,411,1081
2023-12-20 09:41:46,7,9,411,1081
2023-12-20 09:41:46,8,9,411,1081
2023-12-20 09:41:54,8,9,411,1083
2023-12-20 09:41:56,7,8,313,1181
2023-12-20 09:41:57,7,9,313,1181
2023-12-20 09:41:57,8,9,313,1181
2023-12-20 09:42:07,7,8,198,1296
2023-12-20 09:43:15,6,8,198,1296
2023-12-20 09:43:20,7,8,198,1296
2023-12-20 09:43:21,6,8,198,1296
2023-12-20 09:43:21,7,8,198,1296
2023-12-20 09:44:12,7,9,198,1296
2023-12-20 09:44:12,8,9,198,1296
2023-12-20 09:44:12,8,9,198,1373
2023-12-20 09:44:14,7,9,198,1373
2023-12-20 09:44:14,8,9,198,1373
2023-12-20 09:45:02,7,9,198,1373
2023-12-20 09:45:02,8,9,198,1373
2023-12-20 09:45:11,7,9,198,1373
2023-12-20 09:45:11,8,9,198,1373
2023-12-20 09:45:54,8,10,198,1373
2023-12-20 09:45:55,8,9,198,1373
2023-12-20 09:45:57,7,9,198,1373
2023-12-20 09:45:57,8,9,198,1373
2023-12-20 09:45:59,8,10,198,1373
2023-12-20 09:46:01,8,9,198,1373
2023-12-20 09:46:03,8,10,198,1373
2023-12-20 09:46:06,8,9,198,1373
2023-12-20 09:46:11,7,9,198,1373
2023-12-20 09:46:11,8,9,198,1373
2023-12-20 09:46:12,7,9,198,1373
2023-12-20 09:46:12,8,9,198,1373
2023-12-20 09:46:13,6,9,198,1373
2023-12-20 09:46:13,7,9,198,1373
2023-12-20 09:46:16,8,9,198,1373
2023-12-20 09:46:18,7,9,198,1373
2023-12-20 09:46:20,8,9,198,1373
2023-12-20 09:46:59,6,9,198,1373
2023-12-20 09:46:59,8,9,198,1373
2023-12-20 09:46:59,6,9,198,1373
2023-12-20 09:46:59,8,9,198,1373
2023-12-20 09:47:00,6,9,198,1373
2023-12-20 09:47:00,7,9,198,1373
2023-12-20 09:49:35,6,9,198,1373
2023-12-20 09:49:35,8,9,198,1373
2023-12-20 09:49:35,6,9,276,1568
2023-12-20 09:49:35,7,9,276,1568
2023-12-20 09:49:49,6,9,276,1568
2023-12-20 09:49:49,8,9,276,1568
2023-12-20 09:49:49,8,9,321,1613
2023-12-20 09:49:49,6,9,321,1613
2023-12-20 09:49:49,8,9,321,1613
2023-12-20 09:49:49,6,9,321,1613
2023-12-20 09:49:49,7,9,321,1613
2023-12-20 09:50:28,6,9,321,1613
2023-12-20 09:50:37,7,9,321,1613
2023-12-20 09:50:40,7,8,321,1613
2023-12-20 09:50:48,6,7,401,1729
2023-12-20 09:50:49,6,8,401,1729
2023-12-20 09:50:49,7,8,401,1729
2023-12-20 09:50:50,6,7,576,1904
2023-12-20 09:50:51,6,8,576,1904
2023-12-20 09:50:53,6,7,576,1904
2023-12-20 09:52:50,6,7,576,1976
2023-12-20 09:54:20,5,7,576,1976
2023-12-20 09:55:07,5,6,576,1976
2023-12-20 09:55:42,4,6,576,1976
2023-12-20 09:56:21,4,5,576,1976
2023-12-20 09:56:21,4,6,576,1976
2023-12-20 09:57:45,5,6,576,1976
2023-12-20 09:58:16,5,7,576,1976
2023-12-20 09:58:31,5,7,586,2036
2023-12-20 09:58:32,4,7,586,2036
2023-12-20 09:58:34,5,7,586,2036
2023-12-20 09:58:39,4,7,586,2036
2023-12-20 09:59:17,4,6,586,2036
2023-12-20 10:00:00,4,7,586,2036
2023-12-20 10:00:01,5,7,586,2036
2023-12-20 10:00:01,5,7,586,2156
2023-12-20 10:00:02,4,7,586,2156
2023-12-20 10:00:04,4,6,586,2156
2023-12-20 10:00:32,4,5,586,2156
2023-12-20 10:00:32,4,5,633,2216
2023-12-20 10:00:35,4,5,933,2516
2023-12-20 10:01:27,4,6,933,2516
2023-12-20 10:01:49,4,5,933,2516
2023-12-20 10:02:35,4,6,933,2516
2023-12-20 10:02:39,4,5,933,2516
2023-12-20 10:02:42,4,6,933,2516
2023-12-20 10:02:43,4,5,933,2516
2023-12-20 10:02:44,4,6,933,2516
2023-12-20 10:03:24,4,5,933,2516
2023-12-20 10:03:27,4,6,933,2516
2023-12-20 10:03:34,4,5,933,2516
2023-12-20 10:03:46,4,6,933,2516
2023-12-20 10:03:49,4,5,933,2516
2023-12-20 10:03:50,4,6,933,2516
2023-12-20 10:03:51,4,5,933,2516
2023-12-20 10:05:29,4,5,943,2526
2023-12-20 10:05:32,4,5,977,2560
2023-12-20 10:05:42,4,5,1097,2680
2023-12-20 10:05:44,4,5,1217,2800
2023-12-20 10:05:47,4,5,1337,2920
2023-12-20 10:06:14,4,5,1337,3120
2023-12-20 10:06:28,4,5,1577,3360
2023-12-20 10:06:57,4,5,1634,3417
2023-12-20 10:07:14,4,5,1771,3554
2023-12-20 10:15:47,4,5,1890,3673
2023-12-20 10:16:02,4,5,1943,3873
2023-12-20 10:16:02,4,5,2001,3931
2023-12-20 10:16:13,4,5,2187,4117
2023-12-20 10:16:46,4,5,2387,4317
2023-12-20 10:16:54,4,5,2587,4517
2023-12-20 10:17:04,3,4,2611,4541
2023-12-20 10:17:18,3,4,2611,4551
2023-12-20 10:17:23,3,4,2611,4730
2023-12-20 10:17:24,2,4,2611,4730
2023-12-20 10:17:40,3,4,2611,4730
2023-12-20 10:18:38,2,4,2611,4730
2023-12-20 10:18:51,3,4,2611,4730
2023-12-20 10:18:57,2,4,2611,4730
2023-12-20 10:18:57,3,4,2611,4730
2023-12-20 10:19:36,2,4,2611,4730
2023-12-20 10:19:51,3,4,2611,4730
2023-12-20 10:19:52,2,4,2611,4730
2023-12-20 10:19:52,3,4,2611,4730
2023-12-20 10:19:56,2,4,2611,4730
2023-12-20 10:19:58,3,4,2611,4730
2023-12-20 10:20:10,2,4,2611,4730
2023-12-20 10:20:42,3,4,2611,4730
2023-12-20 10:20:47,2,4,2611,4730
2023-12-20 10:20:48,3,4,2611,4730
2023-12-20 10:20:49,2,4,2611,4730
2023-12-20 10:20:51,3,4,2611,4730
2023-12-20 10:20:52,2,4,2611,4730
2023-12-20 10:21:17,2,3,2611,4730
2023-12-20 10:23:12,0,3,2611,4730
2023-12-20 10:23:26,1,3,2611,4730
2023-12-20 10:23:32,0,3,2611,4730
2023-12-20 10:23:33,1,3,2611,4730
2023-12-20 10:23:35,0,3,2611,4730
2023-12-20 10:23:36,1,3,2611,4730
2023-12-20 10:23:42,0,3,2611,4730
2023-12-20 10:23:43,1,3,2611,4730
2023-12-20 10:23:44,0,3,2611,4730
2023-12-20 10:23:47,1,3,2611,4730
2023-12-20 10:23:55,0,3,2611,4730
2023-12-20 10:26:36,1,3,2611,4730
2023-12-20 10:26:37,0,3,2611,4730
2023-12-20 10:30:12,0,2,2611,4730
2023-12-20 10:41:32,0,1,2611,4730
2023-12-20 10:47:49,1,2,2616,4735
2023-12-20 10:54:43,1,3,2616,4735
2023-12-20 10:56:10,1,2,2616,4735
2023-12-20 10:59:12,1,2,2616,4765
2023-12-20 11:15:00,1,3,2616,4765
2023-12-20 11:16:51,1,2,2616,4765
2023-12-20 11:17:15,1,2,2666,4815
2023-12-20 11:31:38,1,2,2956,5105
2023-12-20 11:52:10,1,2,3108,5257
2023-12-20 11:52:38,1,2,3196,5345
2023-12-20 11:53:05,1,2,3219,5368
2023-12-20 11:53:27,1,2,3316,5465
2023-12-20 11:55:01,1,2,3317,5466
2023-12-20 12:02:15,1,2,3452,5601
2023-12-20 12:02:39,1,2,3555,5704
2023-12-20 12:03:33,1,2,3570,5719
2023-12-20 12:04:32,0,2,3620,5769
2023-12-20 13:24:42,0,1,3620,5769
2023-12-20 14:30:27,1,2,3625,5774
2023-12-20 14:30:56,1,2,4125,6274
2023-12-20 14:30:57,1,3,4125,6274
2023-12-20 14:33:08,1,3,4225,6374
2023-12-20 14:37:03,1,3,4285,6434
2023-12-20 14:37:13,2,3,4285,6434
2023-12-20 14:37:19,3,4,4485,6634
2023-12-20 14:37:19,3,4,4518,6667
2023-12-20 14:37:23,3,4,4718,6867
2023-12-20 14:37:40,3,4,4718,6877
2023-12-20 14:37:40,3,5,4718,6877
2023-12-20 14:37:40,3,5,4918,7077
2023-12-20 14:37:41,4,5,4918,7077
2023-12-20 14:37:46,4,6,5118,7277
2023-12-20 14:37:50,3,6,5118,7277
2023-12-20 14:37:52,3,5,5118,7277
2023-12-20 14:38:01,4,5,5118,7277
2023-12-20 14:38:02,3,5,5118,7277
2023-12-20 14:38:05,3,6,5118,7410
2023-12-20 14:38:06,4,6,5118,7410
2023-12-20 14:38:13,3,6,5118,7410
2023-12-20 14:38:13,4,6,5118,7410
2023-12-20 14:38:13,3,6,5236,7528
2023-12-20 14:38:13,4,6,5236,7528
2023-12-20 14:38:14,4,5,5236,7528
2023-12-20 14:38:15,3,5,5351,7643
2023-12-20 14:38:15,4,5,5351,7643
2023-12-20 14:38:21,4,6,5351,7643
2023-12-20 14:38:23,3,6,5351,7643
2023-12-20 14:38:23,3,5,5351,7643
2023-12-20 14:38:29,3,6,5351,7643
2023-12-20 14:38:29,2,6,5351,7643
2023-12-20 14:38:31,3,6,5351,7643
2023-12-20 14:38:39,3,5,5351,7643
2023-12-20 14:38:53,3,6,5351,7643
2023-12-20 14:38:58,4,6,5351,7643
2023-12-20 14:39:10,3,6,5351,7643
2023-12-20 14:39:13,4,6,5351,7643
2023-12-20 14:39:16,3,6,5351,7643
2023-12-20 14:39:19,4,6,5351,7643
2023-12-20 14:39:20,3,6,5351,7643
2023-12-20 14:39:21,4,6,5351,7643
2023-12-20 14:39:22,3,6,5351,7643
2023-12-20 14:39:22,4,6,5351,7643
2023-12-20 14:39:31,5,6,5351,7643
2023-12-20 14:39:31,5,7,5351,7643
2023-12-20 14:39:32,4,7,5351,7643
2023-12-20 14:39:32,5,7,5351,7643
2023-12-20 14:39:34,6,7,5351,7643
2023-12-20 14:39:34,6,7,5351,7649
2023-12-20 14:39:37,6,8,5351,7649
2023-12-20 14:39:40,6,9,5351,7649
2023-12-20 14:39:40,7,9,5351,7649
2023-12-20 14:39:41,7,10,5351,7649
2023-12-20 14:39:41,8,10,5351,7649
2023-12-20 14:39:43,9,10,5351,7649
2023-12-20 14:39:52,8,10,5351,7649
2023-12-20 14:40:02,9,10,5351,7649
2023-12-20 14:40:02,9,11,5370,7668
2023-12-20 14:40:03,9,12,5370,7668
2023-12-20 14:40:03,10,12,5370,7668
2023-12-20 14:40:04,10,13,5370,7668
2023-12-20 14:40:04,12,13,5370,7668
2023-12-20 14:40:10,11,13,5370,7668
2023-12-20 14:40:10,11,12,5370,7668
2023-12-20 14:40:13,10,12,5370,7668
2023-12-20 14:40:13,9,12,5370,7668
2023-12-20 14:40:13,9,11,5370,7668
2023-12-20 14:40:18,8,11,5370,7668
2023-12-20 14:40:29,9,11,5370,7668
2023-12-20 14:40:37,10,11,5370,7668
2023-12-20 14:40:38,10,12,5370,7668
2023-12-20 14:40:39,11,12,5370,7668
2023-12-20 14:40:40,10,12,5370,7668
2023-12-20 14:40:41,9,12,5370,7668
2023-12-20 14:40:41,9,11,5370,7668
2023-12-20 14:40:42,10,11,5370,7668
2023-12-20 14:40:44,9,11,5370,7668
2023-12-20 14:40:47,9,10,5370,7668
2023-12-20 14:40:49,8,10,5370,7668
2023-12-20 14:41:03,9,10,5370,7668
2023-12-20 14:41:04,8,10,5370,7668
2023-12-20 14:41:12,7,10,5370,7668
2023-12-20 14:41:12,7,9,5370,7668
2023-12-20 14:41:40,7,8,5370,7668
2023-12-20 14:41:40,6,8,5370,7668
2023-12-20 14:41:44,5,8,5370,7668
2023-12-20 14:41:44,5,7,5370,7668
2023-12-20 14:41:51,5,8,5370,7668
2023-12-20 14:41:52,6,8,5370,7668
2023-12-20 14:41:53,6,9,5370,7668
2023-12-20 14:41:54,8,9,5370,7668
2023-12-20 14:41:54,8,10,5370,7668
2023-12-20 14:42:07,6,10,5370,7668
2023-12-20 14:42:07,7,10,5370,7668
2023-12-20 14:42:15,7,9,5370,7668
2023-12-20 14:42:18,8,9,5370,7668
2023-12-20 14:42:18,8,10,5370,7668
2023-12-20 14:42:26,9,10,5370,7668
2023-12-20 14:42:26,9,11,5370,7668
2023-12-20 14:42:40,10,11,5370,7668
2023-12-20 14:42:40,10,12,5370,7668
2023-12-20 14:42:50,11,12,5370,7668
2023-12-20 14:42:51,11,13,5370,7668
2023-12-20 14:42:57,11,14,5370,7668
2023-12-20 14:42:57,12,14,5370,7668
2023-12-20 14:42:58,12,13,5370,7668
2023-12-20 14:43:04,11,13,5370,7668
2023-12-20 14:43:11,11,12,5370,7668
2023-12-20 14:43:16,11,12,5365,7673
2023-12-20 14:43:51,12,13,5235,7803
2023-12-20 14:43:52,11,13,5235,7803
2023-12-20 14:43:52,11,12,5235,7803
2023-12-20 14:43:54,11,13,5235,7803
2023-12-20 14:43:57,12,13,5235,7803
2023-12-20 14:44:20,13,14,5078,7960
2023-12-20 14:44:21,12,14,5078,7960
2023-12-20 14:44:21,12,13,5078,7960
2023-12-20 14:44:24,13,14,4950,8088
2023-12-20 14:44:27,14,16,4945,8093
2023-12-20 14:44:28,14,17,4945,8093
2023-12-20 14:44:32,15,16,4945,8093
2023-12-20 14:44:34,15,17,4945,8093
2023-12-20 14:44:42,15,16,4945,8093
2023-12-20 14:44:44,16,18,4797,8241
2023-12-20 14:44:48,16,17,4797,8241
2023-12-20 14:44:48,15,17,4797,8241
2023-12-20 14:44:51,16,17,4797,8241
2023-12-20 14:44:51,16,18,4797,8241
2023-12-20 14:44:53,16,19,4797,8241
2023-12-20 14:44:56,17,19,4797,8241
2023-12-20 14:45:00,17,20,4797,8241
2023-12-20 14:45:01,18,20,4797,8241
2023-12-20 14:45:01,19,20,4797,8241
2023-12-20 14:45:03,19,21,4797,8241
2023-12-20 14:45:04,19,20,4797,8241
2023-12-20 14:45:05,18,20,4797,8241
2023-12-20 14:45:07,17,20,4797,8241
2023-12-20 14:45:07,17,19,4797,8241
2023-12-20 14:45:14,16,19,4797,8241
2023-12-20 14:45:15,16,18,4797,8241
2023-12-20 14:45:19,15,18,4797,8241
2023-12-20 14:45:20,15,17,4797,8241
2023-12-20 14:45:23,15,18,4797,8241
2023-12-20 14:45:24,16,18,4797,8241
2023-12-20 14:45:28,16,19,4797,8241
2023-12-20 14:45:30,16,18,4797,8241
2023-12-20 14:45:34,16,19,4797,8241
2023-12-20 14:45:39,16,18,4797,8241
2023-12-20 14:45:50,16,17,4797,8241
2023-12-20 14:45:54,17,18,4703,8353
2023-12-20 14:45:54,17,19,4703,8353
2023-12-20 14:45:54,17,18,4703,8353
2023-12-20 14:45:59,18,19,4703,8460
2023-12-20 14:45:59,18,19,4703,8660
2023-12-20 14:45:59,18,20,4703,8660
2023-12-20 14:46:02,17,20,4703,8660
2023-12-20 14:46:02,16,20,4703,8660
2023-12-20 14:46:02,16,19,4703,8660
2023-12-20 14:46:02,17,19,4703,8660
2023-12-20 14:46:05,16,19,4703,8660
2023-12-20 14:46:05,15,19,4703,8660
2023-12-20 14:46:05,15,18,4703,8660
2023-12-20 14:46:05,16,18,4703,8660
2023-12-20 14:46:11,16,18,4811,8768
2023-12-20 14:46:12,15,18,4811,8768
2023-12-20 14:46:12,15,17,4811,8768
2023-12-20 14:46:21,14,17,4811,8768
2023-12-20 14:46:21,16,17,4811,8768
2023-12-20 14:46:23,16,17,4806,8773
2023-12-20 14:46:26,17,18,4801,8778
2023-12-20 14:47:01,18,19,4796,8783
2023-12-20 14:47:04,19,20,4791,8788
2023-12-20 14:47:07,20,21,4786,8793
2023-12-20 14:47:08,20,21,4782,8798
2023-12-20 14:47:09,21,23,4781,8799
2023-12-20 14:47:15,22,23,4781,8799
2023-12-20 14:47:15,22,24,4781,8799
2023-12-20 14:47:16,23,24,4781,8799
2023-12-20 14:47:16,23,25,4781,8799
2023-12-20 14:47:27,23,24,4781,8799
2023-12-20 14:47:31,22,24,4781,8799
2023-12-20 14:47:31,22,23,4781,8799
2023-12-20 14:47:32,23,25,4781,8919
2023-12-20 14:47:32,23,24,4781,8919
2023-12-20 14:47:33,22,24,4781,8919
2023-12-20 14:47:36,23,24,4781,8919
2023-12-20 14:47:37,24,25,4781,9077
2023-12-20 14:47:38,23,25,4781,9077
2023-12-20 14:47:41,22,25,4781,9077
2023-12-20 14:47:43,22,26,4782,9078
2023-12-20 14:47:43,23,26,4782,9078
2023-12-20 14:47:45,22,26,4782,9078
2023-12-20 14:47:45,22,25,4782,9078
2023-12-20 14:47:48,22,26,4782,9078
2023-12-20 14:47:48,23,26,4782,9078
2023-12-20 14:47:48,23,25,4782,9078
2023-12-20 14:47:50,24,25,4782,9078
2023-12-20 14:47:50,24,27,4782,9078
2023-12-20 14:47:53,24,28,4782,9078
2023-12-20 14:47:53,25,28,4782,9078
2023-12-20 14:47:54,26,28,4782,9078
2023-12-20 14:47:54,26,29,4782,9078
2023-12-20 14:47:56,27,29,4782,9078
2023-12-20 14:47:57,27,30,4782,9078
2023-12-20 14:47:57,28,30,4782,9078
2023-12-20 14:47:58,29,30,4782,9078
2023-12-20 14:47:58,29,31,4782,9078
2023-12-20 14:48:04,30,31,4782,9078
2023-12-20 14:48:05,30,31,4608,9273
2023-12-20 14:48:06,30,31,4608,9468
2023-12-20 14:48:07,31,33,4608,9498
2023-12-20 14:48:07,32,33,4608,9498
2023-12-20 14:48:07,32,34,4608,9498
2023-12-20 14:48:07,32,35,4608,9498
2023-12-20 14:48:09,32,36,4608,9498
2023-12-20 14:48:12,33,36,4608,9498
2023-12-20 14:48:15,34,36,4608,9498
2023-12-20 14:48:17,34,37,4608,9498
2023-12-20 14:48:23,34,36,4608,9498
2023-12-20 14:48:26,35,36,4608,9498
2023-12-20 14:48:27,35,38,4608,9498
2023-12-20 14:48:27,35,37,4608,9498
2023-12-20 14:48:28,36,37,4608,9498
2023-12-20 14:48:28,36,38,4608,9498
2023-12-20 14:48:29,36,39,4608,9498
2023-12-20 14:48:31,36,38,4608,9498
2023-12-20 14:48:37,35,38,4608,9498
2023-12-20 14:48:37,35,37,4608,9498
2023-12-20 14:48:41,36,37,4608,9498
2023-12-20 14:48:44,37,39,4755,9645
2023-12-20 14:48:44,37,38,4755,9645
2023-12-20 14:48:45,36,38,4755,9645
2023-12-20 14:48:50,36,37,4755,9645
2023-12-20 14:48:51,36,37,4810,9845
2023-12-20 14:48:52,36,39,4810,9845
2023-12-20 14:48:52,36,38,4810,9845
2023-12-20 14:48:54,37,38,4810,9845
2023-12-20 14:48:54,37,39,4810,9845
2023-12-20 14:48:59,36,39,4810,9845
2023-12-20 14:48:59,38,39,4810,9845
2023-12-20 14:48:59,38,40,4810,9845
2023-12-20 14:48:59,36,40,4810,9845
2023-12-20 14:48:59,37,40,4810,9845
2023-12-20 14:48:59,37,39,4810,9845
2023-12-20 14:49:00,36,39,4810,9845
2023-12-20 14:49:00,37,39,4810,9845
2023-12-20 14:49:00,38,39,4810,9845
2023-12-20 14:49:01,38,40,4810,9845
2023-12-20 14:49:01,39,40,4810,9845
2023-12-20 14:49:02,40,42,4816,9851
2023-12-20 14:49:02,40,43,4816,9851
2023-12-20 14:49:06,41,43,4816,9851
2023-12-20 14:49:06,41,44,4816,9851
2023-12-20 14:49:08,42,44,4816,9851
2023-12-20 14:49:08,41,44,4816,9851
2023-12-20 14:49:09,42,44,4816,9851
2023-12-20 14:49:10,42,46,4816,9851
2023-12-20 14:49:10,42,46,4812,9855
2023-12-20 14:49:12,43,46,4812,9855
2023-12-20 14:49:18,41,46,4812,9855
2023-12-20 14:49:18,41,45,4812,9855
2023-12-20 14:49:18,41,45,4918,9961
2023-12-20 14:49:19,41,44,4918,9961
2023-12-20 14:49:20,41,44,4918,9965
2023-12-20 14:49:22,40,44,4918,9965
2023-12-20 14:49:22,40,43,4918,9965
2023-12-20 14:49:23,39,43,4918,9965
2023-12-20 14:49:24,39,42,4918,9965
2023-12-20 14:49:24,39,41,4918,9965
2023-12-20 14:49:29,39,42,4918,9965
2023-12-20 14:49:31,39,43,4918,9965
2023-12-20 14:49:31,40,43,4918,9965
2023-12-20 14:49:33,40,44,4918,9965
2023-12-20 14:49:34,41,44,4918,9965
2023-12-20 14:49:42,41,43,4918,9965
2023-12-20 14:49:43,40,43,4918,9965
2023-12-20 14:49:44,41,43,4918,9965
2023-12-20 14:49:46,40,43,4918,9965
2023-12-20 14:49:46,40,42,4918,9965
2023-12-20 14:49:49,40,41,4918,9965
2023-12-20 14:49:50,39,41,4918,9965
2023-12-20 14:49:53,40,41,4918,9965
2023-12-20 14:49:59,39,41,4918,9965
2023-12-20 14:49:59,39,40,4918,9965
2023-12-20 14:50:08,39,40,4913,9970
2023-12-20 14:50:09,39,43,4913,10181
2023-12-20 14:50:09,39,42,4913,10181
2023-12-20 14:50:10,40,42,4913,10181
2023-12-20 14:50:11,41,42,4913,10181
2023-12-20 14:50:11,42,43,5066,10334
2023-12-20 14:50:11,42,43,5261,10534
2023-12-20 14:50:11,42,44,5261,10534
2023-12-20 14:50:12,41,44,5261,10534
2023-12-20 14:50:12,41,45,5256,10539
2023-12-20 14:50:12,42,45,5256,10539
2023-12-20 14:50:13,43,45,5256,10539
2023-12-20 14:50:14,43,45,5196,10599
2023-12-20 14:50:14,44,45,5196,10599
2023-12-20 14:50:15,44,46,5196,10599
2023-12-20 14:50:15,43,46,5196,10599
2023-12-20 14:50:15,45,46,5196,10599
2023-12-20 14:50:16,43,46,5196,10599
2023-12-20 14:50:16,43,45,5196,10599
2023-12-20 14:50:16,44,45,5196,10599
2023-12-20 14:50:22,43,45,5196,10599
2023-12-20 14:50:22,43,44,5196,10599
2023-12-20 14:50:22,42,44,5196,10599
2023-12-20 14:50:22,42,44,5076,10719
2023-12-20 14:50:22,43,44,5076,10719
2023-12-20 14:50:23,43,45,5076,10719
2023-12-20 14:50:24,43,44,5076,10719
2023-12-20 14:50:25,43,45,5076,10719
2023-12-20 14:50:26,43,44,5076,10719
2023-12-20 14:50:27,43,45,5076,10719
2023-12-20 14:50:27,43,44,5076,10719
2023-12-20 14:50:33,42,44,5076,10719
2023-12-20 14:50:33,44,45,5072,10918
2023-12-20 14:50:33,42,45,5072,10918
2023-12-20 14:50:33,43,45,5072,10918
2023-12-20 14:50:33,43,44,5072,10918
2023-12-20 14:50:33,42,44,5072,10918
2023-12-20 14:50:33,44,45,5072,11078
2023-12-20 14:50:33,42,45,5072,11078
2023-12-20 14:50:33,43,45,5072,11078
2023-12-20 14:50:33,43,44,5072,11078
2023-12-20 14:50:33,42,44,5072,11078
2023-12-20 14:50:33,42,44,5072,11210
2023-12-20 14:50:40,42,43,5072,11210
2023-12-20 14:50:41,41,43,5072,11210
2023-12-20 14:50:42,41,43,5072,11214
2023-12-20 14:50:48,40,43,5072,11214
2023-12-20 14:50:48,40,42,5072,11214
2023-12-20 14:50:53,40,43,5072,11214
2023-12-20 14:50:56,41,43,5072,11214
2023-12-20 14:50:56,41,44,5072,11214
2023-12-20 14:50:56,41,43,5072,11214
2023-12-20 14:50:57,42,43,5072,11214
2023-12-20 14:50:57,42,45,5072,11214
2023-12-20 14:50:57,43,45,5072,11214
2023-12-20 14:50:59,43,46,5072,11214
2023-12-20 14:51:00,44,46,5072,11214
2023-12-20 14:51:02,45,46,5072,11214
2023-12-20 14:51:02,45,47,5072,11214
2023-12-20 14:51:04,46,47,5072,11214
2023-12-20 14:51:04,46,49,5072,11214
2023-12-20 14:51:05,47,49,5072,11214
2023-12-20 14:51:06,47,50,5072,11214
2023-12-20 14:51:06,48,50,5072,11214
2023-12-20 14:51:09,48,51,5072,11214
2023-12-20 14:51:09,49,51,5072,11214
2023-12-20 14:51:10,49,52,5072,11214
2023-12-20 14:51:10,50,52,5072,11214
2023-12-20 14:51:12,50,52,5012,11274
2023-12-20 14:51:13,51,52,5012,11274
2023-12-20 14:51:13,51,53,5012,11274
2023-12-20 14:51:16,51,54,5012,11274
2023-12-20 14:51:17,52,54,5012,11274
2023-12-20 14:51:17,52,54,4892,11394
2023-12-20 14:51:18,52,55,4892,11394
2023-12-20 14:51:18,53,55,4892,11394
2023-12-20 14:51:19,53,56,4892,11394
2023-12-20 14:51:19,55,56,4892,11394
2023-12-20 14:51:21,55,56,4832,11454
2023-12-20 14:51:22,55,57,4832,11454
2023-12-20 14:51:32,55,57,4663,11623
2023-12-20 14:51:33,56,57,4663,11623
2023-12-20 14:51:35,56,58,4543,11743
2023-12-20 14:51:37,56,57,4543,11743
2023-12-20 14:51:37,56,57,4543,11803
2023-12-20 14:51:37,56,58,4543,11803
2023-12-20 14:51:37,56,57,4543,11803
2023-12-20 14:51:39,56,57,4543,11863
2023-12-20 14:51:41,56,58,4543,11951
2023-12-20 14:51:42,57,58,4543,11951
2023-12-20 14:51:42,57,59,4543,11951
2023-12-20 14:51:42,57,59,4508,12131
2023-12-20 14:51:43,58,59,4508,12131
2023-12-20 14:51:43,58,60,4508,12131
2023-12-20 14:51:44,58,60,4508,12229
2023-12-20 14:51:45,58,61,4508,12229
2023-12-20 14:51:45,59,61,4508,12229
2023-12-20 14:51:46,59,61,4508,12349
2023-12-20 14:51:47,59,61,4508,12469
2023-12-20 14:51:49,59,61,4628,12589
2023-12-20 14:51:50,58,61,4628,12589
2023-12-20 14:51:50,58,60,4628,12589
2023-12-20 14:51:51,58,60,4568,12649
2023-12-20 14:51:53,58,60,4688,12769
2023-12-20 14:51:54,58,61,4688,12949
2023-12-20 14:51:56,58,61,4848,13109
2023-12-20 14:51:57,58,61,4728,13229
2023-12-20 14:52:00,59,61,4728,13229
2023-12-20 14:52:00,59,61,4908,13409
2023-12-20 14:52:01,58,61,4908,13409
2023-12-20 14:52:02,58,61,4888,13429
2023-12-20 14:52:03,59,61,4888,13429
2023-12-20 14:52:04,59,61,4888,13609
2023-12-20 14:52:04,60,61,4888,13609
2023-12-20 14:52:05,60,62,4888,13609
2023-12-20 14:52:05,60,62,5088,13809
2023-12-20 14:52:07,60,62,5088,13888
2023-12-20 14:52:09,60,61,5088,13888
2023-12-20 14:52:09,60,61,5148,13948
2023-12-20 14:52:10,59,61,5148,13948
2023-12-20 14:52:11,59,61,5208,14008
2023-12-20 14:52:12,59,60,5208,14008
2023-12-20 14:52:12,58,60,5208,14008
2023-12-20 14:52:12,58,60,5328,14128
2023-12-20 14:52:15,59,60,5328,14128
2023-12-20 14:52:15,59,60,5408,14208
2023-12-20 14:52:16,59,60,5508,14308
2023-12-20 14:52:21,59,61,5508,14308
2023-12-20 14:52:22,60,61,5508,14308
2023-12-20 14:52:23,60,61,5568,14368
2023-12-20 14:52:25,60,62,5568,14368
2023-12-20 14:52:25,61,62,5568,14368
2023-12-20 14:52:26,61,62,5768,14568
2023-12-20 14:52:26,60,62,5768,14568
2023-12-20 14:52:27,60,61,5768,14568
2023-12-20 14:52:31,60,62,5768,14568
2023-12-20 14:52:31,61,62,5768,14568
2023-12-20 14:52:31,61,62,5828,14628
2023-12-20 14:52:31,61,62,5828,14878
2023-12-20 14:52:31,60,62,5828,14878
2023-12-20 14:52:37,61,62,5828,14878
2023-12-20 14:52:37,61,62,5948,14998
2023-12-20 14:52:38,61,62,5954,15248
2023-12-20 14:52:38,61,62,6014,15308
2023-12-20 14:52:47,60,62,6014,15734
2023-12-20 14:52:49,60,61,6014,15734
2023-12-20 14:52:49,59,61,6014,15734
2023-12-20 14:52:51,58,61,6014,15734
2023-12-20 14:52:55,59,61,6014,15734
2023-12-20 14:53:06,58,61,6014,15734
2023-12-20 14:53:16,59,61,6014,15734
2023-12-20 14:53:19,58,61,6014,15734
2023-12-20 14:53:20,59,61,6014,15734
2023-12-20 14:53:21,59,61,6392,16112
2023-12-20 14:53:27,59,62,6414,16134
2023-12-20 14:53:27,60,62,6414,16134
2023-12-20 14:53:31,60,62,6414,16194
2023-12-20 14:53:33,59,62,6414,16194
2023-12-20 14:53:37,59,61,6414,16194
2023-12-20 14:53:38,59,61,6414,16314
2023-12-20 14:53:39,58,61,6414,16314
2023-12-20 14:53:39,58,60,6414,16314
2023-12-20 14:53:44,58,59,6414,16314
2023-12-20 14:53:52,58,60,6414,16314
2023-12-20 14:54:25,57,60,6414,16314
2023-12-20 14:54:25,57,59,6414,16314
2023-12-20 14:54:32,56,59,6414,16314
2023-12-20 14:54:32,56,58,6414,16314
2023-12-20 14:54:34,56,57,6414,16314
2023-12-20 14:54:36,56,58,6414,16314
2023-12-20 14:54:37,56,57,6414,16314
2023-12-20 14:54:39,56,58,6414,16314
2023-12-20 14:54:46,56,57,6414,16314
2023-12-20 14:54:57,55,56,6414,16314
2023-12-20 14:54:57,54,56,6414,16314
2023-12-20 14:54:57,54,55,6414,16314
2023-12-20 14:55:01,54,55,6414,16374
2023-12-20 14:55:02,53,55,6414,16374
2023-12-20 14:55:02,53,55,6414,16454
2023-12-20 14:55:02,53,54,6414,16454
2023-12-20 14:55:07,53,54,6414,16534
2023-12-20 14:55:16,52,54,6414,16534
2023-12-20 14:55:24,53,54,6414,16534
2023-12-20 14:55:29,52,54,6414,16534
2023-12-20 14:55:42,53,54,6414,16534
2023-12-20 14:55:46,52,54,6414,16534
2023-12-20 14:56:01,52,53,6414,16534
2023-12-20 14:56:07,52,53,6389,16559
2023-12-20 14:56:09,52,54,6389,16559
2023-12-20 14:56:13,53,54,6389,16559
2023-12-20 14:56:19,54,55,6364,16664
2023-12-20 14:56:24,55,56,6339,16742
2023-12-20 14:56:30,54,56,6339,16742
2023-12-20 14:56:36,55,56,6339,16742
2023-12-20 14:56:38,55,57,6339,16742
2023-12-20 14:56:46,56,57,6339,16742
2023-12-20 14:56:51,56,58,6339,16742
2023-12-20 14:57:03,57,58,6339,16742
2023-12-20 14:57:38,57,58,6339,16752
2023-12-20 14:57:59,57,59,6339,16752
2023-12-20 14:58:02,58,59,6339,16752
2023-12-20 14:59:07,58,60,6339,16752
2023-12-20 14:59:35,59,60,6339,16752
2023-12-20 14:59:38,58,60,6339,16752
2023-12-20 15:00:02,58,59,6339,16752
2023-12-20 15:00:02,57,59,6339,16752
2023-12-20 15:00:13,57,60,6339,16752
2023-12-20 15:00:13,58,60,6339,16752
2023-12-20 15:00:36,59,60,6339,16752
2023-12-20 15:00:37,58,60,6339,16752
2023-12-20 15:00:39,59,60,6339,16752
2023-12-20 15:00:42,58,60,6339,16752
2023-12-20 15:00:43,59,60,6339,16752
2023-12-20 15:00:55,59,61,6339,16752
2023-12-20 15:01:16,58,61,6339,16752
2023-12-20 15:01:16,58,60,6339,16752
2023-12-20 15:01:19,57,59,6339,16752
2023-12-20 15:01:26,56,59,6339,16752
2023-12-20 15:01:28,56,58,6339,16752
2023-12-20 15:01:38,56,57,6339,16752
2023-12-20 15:01:38,55,57,6339,16752
2023-12-20 15:01:45,55,58,6339,16752
2023-12-20 15:01:50,55,57,6339,16752
2023-12-20 15:02:05,55,58,6339,16752
2023-12-20 15:02:07,56,58,6339,16752
2023-12-20 15:02:11,57,58,6339,16752
2023-12-20 15:02:12,56,58,6339,16752
2023-12-20 15:02:19,55,58,6339,16752
2023-12-20 15:02:20,56,58,6339,16752
2023-12-20 15:02:21,55,58,6339,16752
2023-12-20 15:02:22,55,57,6339,16752
2023-12-20 15:02:25,55,58,6339,16752
2023-12-20 15:02:25,56,58,6339,16752
2023-12-20 15:02:35,56,57,6339,16752
2023-12-20 15:02:43,55,57,6339,16752
2023-12-20 15:02:44,56,57,6339,16752
2023-12-20 15:02:47,55,56,6339,16919
2023-12-20 15:02:48,55,57,6339,16919
2023-12-20 15:02:51,56,57,6339,16919
2023-12-20 15:02:52,55,57,6339,16919
2023-12-20 15:02:58,54,57,6339,16919
2023-12-20 15:03:00,54,56,6339,16919
2023-12-20 15:03:02,54,57,6339,16919
2023-12-20 15:03:02,54,56,6339,16919
2023-12-20 15:03:13,54,55,6339,16919
2023-12-20 15:03:13,53,55,6339,16919
2023-12-20 15:03:16,52,55,6339,16919
2023-12-20 15:03:16,52,54,6339,16919
2023-12-20 15:03:16,52,54,6339,16979
2023-12-20 15:03:18,52,54,6339,17099
2023-12-20 15:03:19,52,55,6339,17099
2023-12-20 15:03:19,52,54,6339,17099
2023-12-20 15:03:22,52,54,6339,17339
2023-12-20 15:03:24,51,54,6339,17539
2023-12-20 15:03:26,51,54,6339,17579
2023-12-20 15:03:29,51,53,6339,17579
2023-12-20 15:03:31,51,53,6339,17829
2023-12-20 15:04:03,52,53,6339,17829
2023-12-20 15:04:06,52,55,6339,17829
2023-12-20 15:04:09,51,55,6339,17829
2023-12-20 15:04:09,51,54,6339,17829
2023-12-20 15:04:15,51,53,6339,17829
2023-12-20 15:04:17,50,53,6339,17939
2023-12-20 15:04:19,50,52,6339,17939
2023-12-20 15:04:20,49,52,6339,17939
2023-12-20 15:04:20,49,51,6339,17939
2023-12-20 15:04:24,49,52,6339,17939
2023-12-20 15:04:25,49,51,6339,17939
2023-12-20 15:04:35,48,51,6339,17939
2023-12-20 15:04:35,47,50,6339,17939
2023-12-20 15:04:44,47,51,6339,17939
2023-12-20 15:04:44,47,50,6339,17939
2023-12-20 15:04:45,48,50,6339,17939
2023-12-20 15:04:47,48,51,6339,17939
2023-12-20 15:04:48,48,50,6339,17939
2023-12-20 15:04:49,47,50,6339,17939
2023-12-20 15:04:53,47,49,6339,17939
2023-12-20 15:04:53,47,49,6339,18073
2023-12-20 15:04:57,47,50,6339,18073
2023-12-20 15:04:57,48,50,6339,18073
2023-12-20 15:05:02,47,50,6339,18073
2023-12-20 15:05:04,47,49,6339,18073
2023-12-20 15:05:05,47,50,6339,18073
2023-12-20 15:05:11,47,49,6339,18073
2023-12-20 15:05:14,46,49,6339,18073
2023-12-20 15:05:15,45,49,6339,18073
2023-12-20 15:05:17,44,47,6339,18073
2023-12-20 15:05:17,44,46,6339,18073
2023-12-20 15:05:17,44,47,6339,18273
2023-12-20 15:05:18,44,46,6339,18273
2023-12-20 15:05:19,44,46,6339,18333
2023-12-20 15:05:20,44,46,6339,18393
2023-12-20 15:05:21,44,47,6339,18393
2023-12-20 15:05:27,45,47,6339,18393
2023-12-20 15:05:28,45,49,6339,18393
2023-12-20 15:05:28,45,48,6339,18393
2023-12-20 15:05:31,46,48,6339,18393
2023-12-20 15:05:33,46,49,6339,18393
2023-12-20 15:05:34,45,49,6339,18393
2023-12-20 15:05:34,45,48,6339,18393
2023-12-20 15:05:35,44,48,6339,18393
2023-12-20 15:05:41,45,48,6339,18393
2023-12-20 15:05:44,44,48,6339,18393
2023-12-20 15:05:44,44,47,6339,18393
2023-12-20 15:05:46,44,48,6339,18393
2023-12-20 15:05:46,45,48,6339,18393
2023-12-20 15:05:47,46,48,6339,18393
2023-12-20 15:05:48,46,49,6339,18393
2023-12-20 15:05:50,46,48,6339,18393
2023-12-20 15:05:52,45,48,6339,18393
2023-12-20 15:05:53,45,49,6339,18393
2023-12-20 15:05:53,46,49,6339,18393
2023-12-20 15:05:59,47,49,6339,18393
2023-12-20 15:06:00,48,49,6339,18393
2023-12-20 15:06:00,48,49,6236,18496
2023-12-20 15:06:01,49,50,5839,18893
2023-12-20 15:06:01,49,51,5839,18893
2023-12-20 15:06:05,49,52,5839,18893
2023-12-20 15:06:05,50,52,5839,18893
2023-12-20 15:06:08,51,52,5839,18893
2023-12-20 15:06:09,51,53,5839,18893
2023-12-20 15:06:12,51,52,5839,18893
2023-12-20 15:06:12,50,52,5839,18893
2023-12-20 15:06:19,49,52,5839,18893
2023-12-20 15:06:20,48,52,5839,18893
2023-12-20 15:06:23,47,51,5839,18893
2023-12-20 15:06:23,47,50,5839,18893
2023-12-20 15:06:24,47,51,5839,18893
2023-12-20 15:06:24,47,50,5839,18893
2023-12-20 15:06:27,48,50,5839,18893
2023-12-20 15:06:27,48,51,5839,18893
2023-12-20 15:06:31,48,52,5839,18893
2023-12-20 15:06:31,48,51,5839,18893
2023-12-20 15:06:32,49,51,5839,18893
2023-12-20 15:06:32,49,52,5839,18893
2023-12-20 15:06:39,50,52,5839,18893
2023-12-20 15:06:41,49,52,5839,18893
2023-12-20 15:06:43,48,52,5839,18893
2023-12-20 15:06:43,49,52,5839,18893
2023-12-20 15:06:49,48,52,5839,18893
2023-12-20 15:06:50,48,51,5839,18893
2023-12-20 15:06:54,48,52,5839,18893
2023-12-20 15:06:54,48,51,5839,18893
2023-12-20 15:06:55,48,52,5839,18893
2023-12-20 15:06:56,48,51,5839,18893
2023-12-20 15:07:04,47,51,5839,18893
2023-12-20 15:07:07,48,50,5839,18893
2023-12-20 15:07:11,47,50,5839,18893
2023-12-20 15:07:12,46,50,5839,18893
2023-12-20 15:07:12,46,49,5839,18893
2023-12-20 15:07:15,45,49,5839,18893
2023-12-20 15:07:15,45,48,5839,18893
2023-12-20 15:07:16,45,47,5839,18893
2023-12-20 15:07:18,45,48,5839,18893
2023-12-20 15:07:22,45,49,5839,18893
2023-12-20 15:07:22,45,48,5839,18893
2023-12-20 15:07:23,45,49,5839,18893
2023-12-20 15:07:23,46,49,5839,18893
2023-12-20 15:07:25,46,50,5839,18893
2023-12-20 15:07:25,47,50,5839,18893
2023-12-20 15:07:27,46,50,5839,18893
2023-12-20 15:07:27,46,49,5839,18893
2023-12-20 15:07:28,46,50,5839,18893
2023-12-20 15:07:29,47,50,5839,18893
2023-12-20 15:07:32,46,50,5839,18893
2023-12-20 15:07:34,45,49,5839,18893
2023-12-20 15:07:34,46,49,5839,18893
2023-12-20 15:07:41,46,48,5839,18893
2023-12-20 15:07:41,45,48,5839,18893
2023-12-20 15:07:54,44,48,5839,18893
2023-12-20 15:07:54,44,47,5839,18893
2023-12-20 15:08:02,45,47,5839,18893
2023-12-20 15:08:02,45,48,5839,18893
2023-12-20 15:08:04,46,48,5839,18893
2023-12-20 15:08:05,46,49,5839,18893
2023-12-20 15:08:10,45,49,5839,18893
2023-12-20 15:08:10,45,48,5839,18893
2023-12-20 15:08:11,45,49,5839,18893
2023-12-20 15:08:11,46,49,5839,18893
2023-12-20 15:08:12,46,48,5839,18893
2023-12-20 15:08:13,45,48,5839,18893
2023-12-20 15:08:13,46,48,5839,18893
2023-12-20 15:08:18,45,48,5839,18893
2023-12-20 15:08:18,44,47,5839,18893
2023-12-20 15:08:29,43,47,5839,18893
2023-12-20 15:08:29,43,46,5839,18893
2023-12-20 15:08:29,43,45,5839,18893
2023-12-20 15:08:30,43,44,5839,18893
2023-12-20 15:08:32,41,43,5839,18913
2023-12-20 15:08:34,39,43,5839,18913
2023-12-20 15:08:34,39,42,5839,18913
2023-12-20 15:08:35,39,40,5839,18913
2023-12-20 15:08:36,39,42,5839,18913
2023-12-20 15:08:37,39,43,5839,18913
2023-12-20 15:08:37,39,42,5839,18913
2023-12-20 15:08:41,39,41,5839,18913
2023-12-20 15:08:41,39,41,5839,18980
2023-12-20 15:08:42,39,42,5839,18980
2023-12-20 15:08:42,39,41,5839,18980
2023-12-20 15:08:44,39,41,5839,18981
2023-12-20 15:08:51,39,40,5839,18981
2023-12-20 15:08:52,39,41,5839,18981
2023-12-20 15:08:53,39,42,5839,18981
2023-12-20 15:09:03,39,43,5839,18981
2023-12-20 15:09:03,40,43,5839,18981
2023-12-20 15:09:03,41,43,5839,18981
2023-12-20 15:09:05,40,43,5839,18981
2023-12-20 15:09:06,39,43,5839,18981
2023-12-20 15:09:06,40,43,5839,18981
2023-12-20 15:09:07,41,43,5839,18981
2023-12-20 15:09:08,42,43,5839,18981
2023-12-20 15:09:08,42,44,5839,18981
2023-12-20 15:09:11,43,44,5839,18981
2023-12-20 15:09:11,44,46,5839,18982
2023-12-20 15:09:21,43,46,5839,18982
2023-12-20 15:09:22,44,46,5839,18982
2023-12-20 15:09:27,45,46,5839,18982
2023-12-20 15:09:28,45,47,5839,18982
2023-12-20 15:09:34,45,48,5839,18982
2023-12-20 15:09:34,46,48,5839,18982
2023-12-20 15:09:36,47,48,5839,18982
2023-12-20 15:09:38,46,48,5839,18982
2023-12-20 15:09:44,47,48,5839,18982
2023-12-20 15:09:46,47,48,5439,19382
2023-12-20 15:09:46,49,50,5339,19482
2023-12-20 15:09:53,50,51,5339,19483
2023-12-20 15:09:55,50,52,5339,19483
2023-12-20 15:09:59,50,53,5339,19483
2023-12-20 15:10:03,52,53,5339,19483
2023-12-20 15:10:03,53,54,5339,19483
2023-12-20 15:10:04,53,55,5339,19483
2023-12-20 15:10:08,54,55,5339,19483
2023-12-20 15:10:10,54,56,5339,19483
2023-12-20 15:10:11,55,56,5339,19483
2023-12-20 15:10:19,54,56,5339,19483
2023-12-20 15:10:23,55,56,5339,19483
2023-12-20 15:10:26,56,57,5339,19484
2023-12-20 15:10:29,56,59,5339,19484
2023-12-20 15:10:29,57,59,5339,19484
2023-12-20 15:10:34,58,59,5339,19484
2023-12-20 15:10:34,58,60,5339,19484
2023-12-20 15:10:34,58,59,5339,19484
2023-12-20 15:10:45,59,60,5334,19489
2023-12-20 15:10:46,59,61,5334,19489
2023-12-20 15:10:47,60,61,5334,19489
2023-12-20 15:10:50,59,61,5334,19489
2023-12-20 15:11:00,58,61,5334,19489
2023-12-20 15:11:01,57,61,5334,19489
2023-12-20 15:11:01,57,60,5334,19489
2023-12-20 15:11:01,58,60,5334,19489
2023-12-20 15:11:04,57,60,5334,19489
2023-12-20 15:11:07,57,59,5334,19489
2023-12-20 15:11:10,56,59,5334,19489
2023-12-20 15:11:14,56,58,5334,19489
2023-12-20 15:11:18,56,59,5334,19489
2023-12-20 15:11:18,57,59,5334,19489
2023-12-20 15:11:20,57,60,5334,19489
2023-12-20 15:11:22,56,60,5334,19489
2023-12-20 15:11:22,56,59,5334,19489
2023-12-20 15:11:22,57,59,5334,19489
2023-12-20 15:11:31,56,59,5334,19489
2023-12-20 15:11:40,57,59,5334,19489
2023-12-20 15:11:46,58,59,5334,19489
2023-12-20 15:11:52,59,61,5329,19494
2023-12-20 15:11:55,58,61,5329,19494
2023-12-20 15:11:56,59,61,5329,19494
2023-12-20 15:12:03,58,61,5329,19494
2023-12-20 15:12:04,59,61,5329,19494
2023-12-20 15:12:13,58,61,5329,19494
2023-12-20 15:12:15,59,61,5329,19494
2023-12-20 15:12:16,58,61,5329,19494
2023-12-20 15:12:16,58,60,5329,19494
2023-12-20 15:12:17,57,60,5329,19494
2023-12-20 15:12:19,57,59,5329,19494
2023-12-20 15:12:20,56,59,5329,19494
2023-12-20 15:12:21,57,59,5329,19494
2023-12-20 15:12:22,56,59,5329,19494
2023-12-20 15:12:36,56,57,5329,19494
2023-12-20 15:12:36,55,57,5329,19494
2023-12-20 15:12:39,54,57,5329,19494
2023-12-20 15:12:39,54,56,5329,19494
2023-12-20 15:12:42,54,55,5329,19494
2023-12-20 15:12:45,54,56,5329,19494
2023-12-20 15:12:48,54,57,5329,19494
2023-12-20 15:12:48,55,57,5329,19494
2023-12-20 15:12:54,54,57,5329,19494
2023-12-20 15:12:55,54,56,5329,19494
2023-12-20 15:13:00,54,57,5329,19494
2023-12-20 15:13:08,54,56,5329,19494
2023-12-20 15:13:09,53,56,5329,19494
2023-12-20 15:13:15,53,57,5329,19494
2023-12-20 15:13:15,54,57,5329,19494
2023-12-20 15:13:16,55,57,5329,19494
2023-12-20 15:13:17,54,57,5329,19494
2023-12-20 15:13:18,55,57,5329,19494
2023-12-20 15:13:19,54,57,5329,19494
2023-12-20 15:13:20,53,57,5329,19494
2023-12-20 15:13:20,54,57,5329,19494
2023-12-20 15:13:22,53,57,5329,19494
2023-12-20 15:13:22,53,56,5329,19494
2023-12-20 15:13:27,53,56,5324,19499
2023-12-20 15:13:36,53,57,5324,19499
2023-12-20 15:13:36,54,57,5324,19499
2023-12-20 15:13:38,53,57,5324,19499
2023-12-20 15:13:38,53,56,5324,19499
2023-12-20 15:13:44,53,55,5324,19499
2023-12-20 15:13:53,53,54,5324,19499
2023-12-20 15:13:53,52,54,5324,19499
2023-12-20 15:13:54,52,55,5324,19499
2023-12-20 15:13:58,53,55,5324,19499
2023-12-20 15:14:01,52,55,5324,19499
2023-12-20 15:14:03,52,54,5324,19499
2023-12-20 15:14:18,52,53,5324,19499
2023-12-20 15:14:21,51,53,5324,19499
2023-12-20 15:14:23,50,53,5324,19499
2023-12-20 15:14:23,50,52,5324,19499
2023-12-20 15:14:34,51,52,5324,19499
2023-12-20 15:14:42,52,54,5319,19504
2023-12-20 15:14:43,52,55,5319,19504
2023-12-20 15:14:43,53,55,5319,19504
2023-12-20 15:14:44,53,54,5319,19504
2023-12-20 15:14:48,52,54,5319,19504
2023-12-20 15:14:48,52,55,5319,19504
2023-12-20 15:14:49,51,55,5319,19504
2023-12-20 15:14:49,51,54,5319,19504
2023-12-20 15:14:51,50,54,5319,19504
2023-12-20 15:14:51,50,53,5319,19504
2023-12-20 15:14:54,51,53,5319,19504
2023-12-20 15:14:55,51,54,5319,19504
2023-12-20 15:14:59,51,53,5319,19504
2023-12-20 15:15:01,52,53,5319,19504
2023-12-20 15:15:01,52,55,5319,19504
2023-12-20 15:15:01,52,56,5319,19504
2023-12-20 15:15:03,52,57,5319,19504
2023-12-20 15:15:03,54,57,5319,19504
2023-12-20 15:15:03,55,57,5319,19504
2023-12-20 15:15:06,56,57,5319,19504
2023-12-20 15:15:08,55,57,5319,19504
2023-12-20 15:15:12,56,57,5319,19504
2023-12-20 15:15:35,57,60,5314,19509
2023-12-20 15:15:43,58,61,5314,19509
2023-12-20 15:15:43,59,61,5314,19509
2023-12-20 15:15:46,58,61,5314,19509
2023-12-20 15:15:46,59,61,5314,19509
2023-12-20 15:15:51,60,61,5314,19509
2023-12-20 15:15:59,60,63,5309,19514
2023-12-20 15:16:00,61,63,5309,19514
2023-12-20 15:16:02,61,63,5304,19519
2023-12-20 15:16:02,60,63,5304,19519
2023-12-20 15:16:02,61,63,5304,19519
2023-12-20 15:16:05,60,63,5304,19519
2023-12-20 15:16:07,61,63,5304,19519
2023-12-20 15:16:14,62,63,5304,19519
2023-12-20 15:16:32,63,65,5304,19520
2023-12-20 15:16:42,64,65,5304,19520
2023-12-20 15:16:44,64,66,5304,19520
2023-12-20 15:16:53,63,66,5304,19520
2023-12-20 15:16:53,64,66,5304,19520
2023-12-20 15:16:55,63,66,5304,19520
2023-12-20 15:17:02,64,66,5304,19520
2023-12-20 15:17:11,65,66,5304,19520
2023-12-20 15:17:12,65,67,5304,19520
2023-12-20 15:17:17,66,67,5304,19520
2023-12-20 15:17:21,66,68,5304,19520
2023-12-20 15:17:26,67,68,5304,19520
2023-12-20 15:17:32,67,69,5304,19520
2023-12-20 15:17:42,68,69,5304,19520
2023-12-20 15:17:54,68,70,5304,19520
2023-12-20 15:17:54,68,69,5304,19520
2023-12-20 15:17:58,69,70,5446,19662
2023-12-20 15:18:15,69,70,5446,19722
2023-12-20 15:18:24,69,70,5446,19761
2023-12-20 15:18:37,69,70,5446,19762
2023-12-20 15:18:38,69,70,5446,19763
2023-12-20 15:18:39,69,70,5446,19764
2023-12-20 15:18:40,70,71,5446,19871
2023-12-20 15:19:09,69,71,5446,19871
2023-12-20 15:19:20,69,70,5446,19871
2023-12-20 15:19:53,70,71,5642,20067
2023-12-20 15:20:41,70,71,5842,20267
2023-12-20 15:20:42,70,71,6042,20467
2023-12-20 15:20:42,70,71,6053,20478
2023-12-20 15:20:44,70,71,6162,20587
2023-12-20 15:20:54,70,71,6222,20647
2023-12-20 15:21:01,70,71,6282,20707
2023-12-20 15:21:03,68,71,6304,20729
2023-12-20 15:21:03,68,70,6304,20729
2023-12-20 15:21:20,68,69,6304,20729
2023-12-20 15:21:22,68,70,6304,20729
2023-12-20 15:21:24,68,70,6299,20734
2023-12-20 15:21:39,68,69,6299,20734
2023-12-20 15:21:43,68,70,6299,20734
2023-12-20 15:21:43,68,69,6299,20734
2023-12-20 15:21:52,68,70,6299,20734
2023-12-20 15:21:52,68,69,6299,20734
2023-12-20 15:21:59,68,70,6299,20734
2023-12-20 15:21:59,68,69,6299,20734
2023-12-20 15:22:29,67,69,6299,20734
2023-12-20 15:22:38,68,69,6299,20734
2023-12-20 15:22:42,67,69,6299,20734
2023-12-20 15:22:42,68,69,6299,20734
2023-12-20 15:22:45,67,69,6299,20734
2023-12-20 15:23:00,68,69,6299,20734
2023-12-20 15:23:16,67,69,6299,20734
2023-12-20 15:23:16,68,69,6299,20734
2023-12-20 15:23:20,67,69,6299,20734
2023-12-20 15:23:29,68,69,6299,20734
2023-12-20 15:23:33,68,70,6299,20734
2023-12-20 15:23:37,67,70,6299,20734
2023-12-20 15:23:50,67,69,6299,20734
2023-12-20 15:23:52,67,70,6299,20734
2023-12-20 15:23:53,67,69,6299,20734
2023-12-20 15:23:56,67,70,6299,20734
2023-12-20 15:23:56,67,69,6299,20734
2023-12-20 15:24:08,67,68,6299,20734
2023-12-20 15:24:10,66,68,6299,20734
2023-12-20 15:24:12,66,67,6299,20734
2023-12-20 15:24:17,65,67,6299,20734
2023-12-20 15:24:18,64,67,6299,20734
2023-12-20 15:24:18,64,65,6299,20734
2023-12-20 15:24:23,63,65,6299,20734
2023-12-20 15:24:32,61,65,6299,20734
2023-12-20 15:24:35,60,63,6299,20734
2023-12-20 15:24:35,60,62,6299,20734
2023-12-20 15:24:42,60,63,6299,20734
2023-12-20 15:24:48,60,62,6299,20734
2023-12-20 15:24:53,60,61,6299,20734
2023-12-20 15:24:58,57,60,6300,20735
2023-12-20 15:25:06,57,58,6300,20735
2023-12-20 15:25:06,56,58,6300,20735
2023-12-20 15:25:08,55,58,6300,20735
2023-12-20 15:25:09,54,58,6300,20735
2023-12-20 15:25:09,54,57,6300,20735
2023-12-20 15:25:10,54,56,6300,20735
2023-12-20 15:25:13,53,56,6300,20735
2023-12-20 15:25:13,53,55,6300,20735
2023-12-20 15:25:16,51,55,6300,20735
2023-12-20 15:25:16,51,54,6300,20735
2023-12-20 15:25:17,51,53,6300,20735
2023-12-20 15:25:18,50,53,6300,20735
2023-12-20 15:25:21,49,50,5900,21135
2023-12-20 15:25:23,49,50,5900,21140
2023-12-20 15:25:33,49,52,5900,21140
2023-12-20 15:25:39,49,53,5900,21140
2023-12-20 15:25:40,50,53,5900,21140
2023-12-20 15:25:40,50,51,5900,21140
2023-12-20 15:25:46,50,51,5650,21390
2023-12-20 15:25:47,50,51,5428,21790
2023-12-20 15:25:47,50,51,5428,21990
2023-12-20 15:25:47,50,51,5400,22240
2023-12-20 15:25:48,50,51,5400,22490
2023-12-20 15:25:49,51,54,5400,22565
2023-12-20 15:25:53,51,55,5400,22565
2023-12-20 15:25:53,52,55,5400,22565
2023-12-20 15:25:55,52,56,5400,22565
2023-12-20 15:25:55,53,56,5400,22565
2023-12-20 15:25:56,53,57,5400,22565
2023-12-20 15:25:56,54,57,5400,22565
2023-12-20 15:25:56,55,57,5400,22565
2023-12-20 15:25:58,55,58,5400,22565
2023-12-20 15:25:58,57,59,5400,22565
2023-12-20 15:26:03,57,60,5400,22565
2023-12-20 15:26:07,57,59,5400,22565
2023-12-20 15:26:10,57,60,5400,22565
2023-12-20 15:26:12,58,60,5400,22565
2023-12-20 15:26:16,57,60,5400,22565
2023-12-20 15:26:20,57,59,5400,22565
2023-12-20 15:26:27,57,60,5400,22565
2023-12-20 15:26:35,57,61,5400,22565
2023-12-20 15:26:35,58,61,5400,22565
2023-12-20 15:26:37,59,61,5400,22565
2023-12-20 15:26:47,58,61,5400,22565
2023-12-20 15:26:48,57,61,5400,22565
2023-12-20 15:26:48,57,60,5400,22565
2023-12-20 15:26:49,58,60,5400,22565
2023-12-20 15:26:54,57,60,5400,22565
2023-12-20 15:26:59,58,60,5400,22565
2023-12-20 15:27:00,59,60,5400,22565
2023-12-20 15:27:00,59,61,5400,22565
2023-12-20 15:27:01,59,62,5400,22565
2023-12-20 15:27:01,60,62,5400,22565
2023-12-20 15:27:01,61,62,5400,22565
2023-12-20 15:27:01,62,63,5400,22565
2023-12-20 15:27:05,60,63,5400,22565
2023-12-20 15:27:05,60,63,5400,22565
2023-12-20 15:27:08,60,62,5400,22565
2023-12-20 15:27:09,59,62,5400,22565
2023-12-20 15:27:10,59,61,5400,22565
2023-12-20 15:27:11,58,61,5400,22565
2023-12-20 15:27:12,58,60,5400,22565
2023-12-20 15:27:14,57,60,5400,22565
2023-12-20 15:27:19,56,60,5400,22565
2023-12-20 15:27:20,56,59,5400,22565
2023-12-20 15:27:21,56,57,5400,22565
2023-12-20 15:27:33,54,57,5400,22565
2023-12-20 15:27:35,54,56,5400,22565
2023-12-20 15:27:49,54,55,5400,22565
2023-12-20 15:27:49,52,55,5400,22565
2023-12-20 15:27:55,52,56,5400,22565
2023-12-20 15:27:56,52,55,5400,22565
2023-12-20 15:27:57,51,55,5400,22565
2023-12-20 15:27:57,51,54,5400,22565
2023-12-20 15:27:59,49,54,5400,22565
2023-12-20 15:27:59,49,53,5400,22565
2023-12-20 15:28:03,49,54,5400,22565
2023-12-20 15:28:03,50,54,5400,22565
2023-12-20 15:28:05,50,55,5400,22565
2023-12-20 15:28:05,51,55,5400,22565
2023-12-20 15:28:06,51,56,5400,22565
2023-12-20 15:28:06,52,56,5400,22565
2023-12-20 15:28:13,53,56,5400,22565
2023-12-20 15:28:14,53,57,5400,22565
2023-12-20 15:28:14,54,57,5400,22565
2023-12-20 15:28:18,53,57,5400,22565
2023-12-20 15:28:18,52,55,5400,22565
2023-12-20 15:28:21,52,54,5400,22565
2023-12-20 15:28:22,50,53,5400,22565
2023-12-20 15:28:24,50,54,5400,22565
2023-12-20 15:28:26,50,55,5400,22565
2023-12-20 15:28:26,50,54,5400,22565
2023-12-20 15:28:27,50,54,5400,22565
2023-12-20 15:28:28,50,53,5400,22565
2023-12-20 15:28:30,50,51,5400,22565
2023-12-20 15:28:30,49,51,5400,22565
2023-12-20 15:28:41,49,50,5400,22565
2023-12-20 15:28:42,49,51,5400,22565
2023-12-20 15:28:44,49,52,5400,22565
2023-12-20 15:28:45,49,51,5400,22565
2023-12-20 15:28:50,48,49,5400,22570
2023-12-20 15:28:52,46,48,5400,22575
2023-12-20 15:28:53,45,48,5400,22575
2023-12-20 15:29:03,44,48,5400,22575
2023-12-20 15:29:05,42,46,5400,22575
2023-12-20 15:29:06,42,45,5400,22575
2023-12-20 15:29:08,42,46,5400,22575
2023-12-20 15:29:09,42,45,5400,22575
2023-12-20 15:29:10,42,46,5400,22575
2023-12-20 15:29:11,42,45,5400,22575
2023-12-20 15:29:13,41,45,5400,22575
2023-12-20 15:29:14,41,44,5400,22575
2023-12-20 15:29:23,39,44,5400,22575
2023-12-20 15:29:23,39,42,5400,22575
2023-12-20 15:29:28,39,41,5400,22575
2023-12-20 15:29:31,39,42,5400,22575
2023-12-20 15:29:37,39,41,5400,22575
2023-12-20 15:29:42,39,40,5400,22575
2023-12-20 15:29:43,39,41,5400,22575
2023-12-20 15:29:50,39,42,5400,22575
2023-12-20 15:29:57,39,41,5400,22575
2023-12-20 15:30:04,39,42,5400,22575
2023-12-20 15:30:05,40,42,5400,22575
2023-12-20 15:30:05,40,43,5400,22575
2023-12-20 15:30:06,40,44,5400,22575
2023-12-20 15:30:06,40,45,5400,22575
2023-12-20 15:30:07,41,45,5400,22575
2023-12-20 15:30:07,43,45,5400,22575
2023-12-20 15:30:07,43,46,5400,22575
2023-12-20 15:30:08,43,47,5400,22575
2023-12-20 15:30:08,44,47,5400,22575
2023-12-20 15:30:08,44,48,5400,22575
2023-12-20 15:30:11,43,48,5400,22575
2023-12-20 15:30:11,43,47,5400,22575
2023-12-20 15:30:12,42,47,5400,22575
2023-12-20 15:30:12,43,47,5400,22575
2023-12-20 15:30:13,44,47,5400,22575
2023-12-20 15:30:14,45,47,5400,22575
2023-12-20 15:30:14,45,49,5400,22575
2023-12-20 15:30:18,46,49,5400,22575
2023-12-20 15:30:19,46,50,5400,22575
2023-12-20 15:30:19,48,50,5400,22575
2023-12-20 15:30:19,48,51,5400,22575
2023-12-20 15:30:19,48,50,5400,22575
2023-12-20 15:30:19,48,51,5400,22575
2023-12-20 15:30:24,49,51,5400,22575
2023-12-20 15:30:25,49,52,5400,22575
2023-12-20 15:30:26,50,52,5400,22575
2023-12-20 15:30:27,49,52,5400,22575
2023-12-20 15:30:31,50,52,5400,22575
2023-12-20 15:30:31,50,53,5400,22775
2023-12-20 15:30:32,51,53,5400,22775
2023-12-20 15:30:33,51,54,5400,22775
2023-12-20 15:30:35,55,59,5475,22850
2023-12-20 15:30:35,55,58,5475,22850
2023-12-20 15:30:35,55,57,5475,22850
2023-12-20 15:30:35,55,57,5535,22910
2023-12-20 15:30:36,54,57,5535,22910
2023-12-20 15:30:38,53,56,5535,22910
2023-12-20 15:30:39,53,57,5535,22910
2023-12-20 15:30:40,54,57,5535,22910
2023-12-20 15:30:44,54,56,5535,22910
2023-12-20 15:30:44,53,56,5535,22910
2023-12-20 15:30:46,53,57,5535,22910
2023-12-20 15:30:48,53,56,5535,22910
2023-12-20 15:30:48,52,56,5535,22910
2023-12-20 15:30:49,52,54,5535,22910
2023-12-20 15:30:55,51,54,5535,22910
2023-12-20 15:30:55,51,53,5535,22910
2023-12-20 15:30:55,51,54,5535,22910
2023-12-20 15:30:56,51,53,5535,22910
2023-12-20 15:30:57,51,52,5535,22910
2023-12-20 15:30:57,50,52,5535,22910
2023-12-20 15:31:00,50,53,5535,22910
2023-12-20 15:31:00,51,53,5535,22910
2023-12-20 15:31:01,52,53,5535,22910
2023-12-20 15:31:01,52,55,5535,22910
2023-12-20 15:31:01,52,57,5535,22910
2023-12-20 15:31:02,54,57,5535,22910
2023-12-20 15:31:03,54,56,5535,22910
2023-12-20 15:31:04,52,56,5535,22910
2023-12-20 15:31:04,52,55,5535,22910
2023-12-20 15:31:04,53,55,5535,22910
2023-12-20 15:31:07,51,55,5535,22910
2023-12-20 15:31:07,52,55,5535,22910
2023-12-20 15:31:08,51,55,5535,22910
2023-12-20 15:31:08,53,55,5535,22910
2023-12-20 15:31:13,53,56,5535,22910
2023-12-20 15:31:13,52,56,5535,22910
2023-12-20 15:31:13,54,56,5535,22910
2023-12-20 15:31:14,54,55,5535,22910
2023-12-20 15:31:14,52,55,5535,22910
2023-12-20 15:31:14,53,55,5535,22910
2023-12-20 15:31:17,51,55,5535,22910
2023-12-20 15:31:17,52,54,5535,22910
2023-12-20 15:31:20,50,52,5460,22985
2023-12-20 15:31:20,49,52,5460,22985
2023-12-20 15:31:22,49,51,5460,22985
2023-12-20 15:31:25,49,50,5460,22985
2023-12-20 15:31:27,46,48,5460,22990
2023-12-20 15:31:27,45,48,5460,22990
2023-12-20 15:31:30,46,48,5460,22990
2023-12-20 15:31:46,46,50,5460,22990
2023-12-20 15:31:46,48,50,5460,22990
2023-12-20 15:31:50,48,50,5460,22995
2023-12-20 15:31:51,46,48,5460,23000
2023-12-20 15:31:52,46,49,5460,23000
2023-12-20 15:31:53,46,50,5460,23000
2023-12-20 15:31:53,47,50,5460,23000
2023-12-20 15:31:53,47,51,5460,23000
2023-12-20 15:31:55,47,50,5460,23000
2023-12-20 15:31:56,46,50,5460,23000
2023-12-20 15:31:57,46,49,5460,23000
2023-12-20 15:32:09,46,47,5460,23000
2023-12-20 15:32:12,44,46,5460,23005
2023-12-20 15:32:17,44,47,5460,23005
2023-12-20 15:32:24,43,47,5460,23005
2023-12-20 15:32:24,43,46,5460,23005
2023-12-20 15:32:28,43,45,5460,23005
2023-12-20 15:32:28,41,45,5460,23005
2023-12-20 15:32:32,41,44,5460,23005
2023-12-20 15:32:35,41,45,5460,23005
2023-12-20 15:32:35,42,45,5460,23005
2023-12-20 15:32:35,42,46,5460,23005
2023-12-20 15:32:39,41,46,5460,23005
2023-12-20 15:32:41,42,46,5460,23005
2023-12-20 15:32:45,43,46,5460,23005
2023-12-20 15:32:45,43,47,5460,23005
2023-12-20 15:32:47,43,46,5460,23005
2023-12-20 15:32:48,42,46,5460,23005
2023-12-20 15:32:49,42,45,5460,23005
2023-12-20 15:32:51,41,45,5460,23005
2023-12-20 15:32:52,41,43,5460,23005
2023-12-20 15:32:52,40,43,5460,23005
2023-12-20 15:32:53,39,43,5460,23005
2023-12-20 15:32:53,39,42,5460,23005
2023-12-20 15:32:56,39,41,5460,23005
2023-12-20 15:33:01,39,41,5460,23010
2023-12-20 15:33:02,39,42,5460,23010
2023-12-20 15:33:03,39,41,5460,23010
2023-12-20 15:33:05,39,40,5460,23010
2023-12-20 15:33:06,37,39,5406,23069
2023-12-20 15:33:09,36,39,5406,23069
2023-12-20 15:33:13,36,40,5406,23069
2023-12-20 15:33:13,37,40,5406,23069
2023-12-20 15:33:13,37,41,5406,23069
2023-12-20 15:33:14,37,40,5406,23069
2023-12-20 15:33:18,37,41,5406,23069
2023-12-20 15:33:21,37,40,5406,23069
2023-12-20 15:33:21,36,40,5406,23069
2023-12-20 15:33:24,36,41,5406,23069
2023-12-20 15:33:30,37,41,5406,23069
2023-12-20 15:33:34,36,41,5406,23069
2023-12-20 15:33:37,37,41,5406,23069
2023-12-20 15:33:41,37,41,5406,23069
2023-12-20 15:33:41,37,40,5406,23069
2023-12-20 15:33:41,36,40,5406,23069
2023-12-20 15:33:43,36,39,5406,23069
2023-12-20 15:33:43,36,38,5406,23069
2023-12-20 15:33:43,35,38,5406,23069
2023-12-20 15:33:47,35,39,5406,23069
2023-12-20 15:33:47,36,39,5406,23069
2023-12-20 15:33:49,36,40,5406,23069
2023-12-20 15:33:51,37,40,5406,23069
2023-12-20 15:33:51,37,41,5406,23069
2023-12-20 15:33:53,38,41,5406,23069
2023-12-20 15:33:53,38,42,5406,23069
2023-12-20 15:33:54,40,42,5406,23069
2023-12-20 15:33:54,40,43,5406,23069
2023-12-20 15:33:59,38,43,5406,23069
2023-12-20 15:34:00,38,42,5406,23069
2023-12-20 15:34:02,38,41,5406,23069
2023-12-20 15:34:02,37,41,5406,23069
2023-12-20 15:34:03,36,41,5406,23069
2023-12-20 15:34:03,36,40,5406,23069
2023-12-20 15:34:04,35,40,5406,23069
2023-12-20 15:34:04,35,39,5406,23069
2023-12-20 15:34:05,35,37,5406,23069
2023-12-20 15:34:07,35,38,5406,23069
2023-12-20 15:34:07,35,39,5406,23069
2023-12-20 15:34:08,36,39,5406,23069
2023-12-20 15:34:08,36,40,5406,23069
2023-12-20 15:34:09,37,40,5406,23069
2023-12-20 15:34:09,37,41,5406,23069
2023-12-20 15:34:11,37,42,5406,23069
2023-12-20 15:34:11,38,41,5406,23069
2023-12-20 15:34:12,38,42,5406,23069
2023-12-20 15:34:12,39,42,5406,23069
2023-12-20 15:34:12,41,42,5406,23069
2023-12-20 15:34:12,41,43,5406,23069
2023-12-20 15:34:12,41,43,5455,23118
2023-12-20 15:34:12,37,43,5455,24118
2023-12-20 15:34:12,39,43,5455,24118
2023-12-20 15:34:13,42,43,5455,24118
2023-12-20 15:34:16,42,44,5455,24318
2023-12-20 15:34:17,41,44,5455,24318
2023-12-20 15:34:18,39,44,5455,24318
2023-12-20 15:34:18,40,44,5455,24318
2023-12-20 15:34:18,40,42,5455,24318
2023-12-20 15:34:19,39,42,5455,24318
2023-12-20 15:34:19,39,41,5455,24318
2023-12-20 15:34:20,39,40,5455,24318
2023-12-20 15:34:20,37,40,5455,24318
2023-12-20 15:34:22,38,39,5455,24318
2023-12-20 15:34:22,37,39,5455,24318
2023-12-20 15:34:23,36,39,5455,24318
2023-12-20 15:34:24,36,38,5455,24318
2023-12-20 15:34:25,36,39,5455,24318
2023-12-20 15:34:27,37,39,5455,24318
2023-12-20 15:34:27,37,40,5455,24318
2023-12-20 15:34:27,37,39,5455,24318
2023-12-20 15:34:30,37,40,5455,24318
2023-12-20 15:34:31,38,40,5455,24318
2023-12-20 15:34:32,37,40,5455,24318
2023-12-20 15:34:33,37,39,5455,24318
2023-12-20 15:34:36,37,40,5455,24318
2023-12-20 15:34:38,38,40,5455,24318
2023-12-20 15:34:38,38,41,5455,24518
2023-12-20 15:34:39,38,42,5455,24518
2023-12-20 15:34:39,39,42,5455,24518
2023-12-20 15:34:40,40,42,5455,24518
2023-12-20 15:34:40,40,43,5455,24518
2023-12-20 15:34:40,40,44,5455,24518
2023-12-20 15:34:40,40,43,5455,24518
2023-12-20 15:34:42,40,43,5705,24768
2023-12-20 15:34:44,41,43,5705,24768
2023-12-20 15:34:44,41,44,5705,24768
2023-12-20 15:34:45,41,45,5705,24968
2023-12-20 15:34:49,42,45,5705,24968
2023-12-20 15:34:50,41,45,5705,24968
2023-12-20 15:34:51,42,45,5705,24968
2023-12-20 15:34:52,41,45,5705,24968
2023-12-20 15:34:52,41,45,5705,25218
2023-12-20 15:34:53,42,45,5705,25218
2023-12-20 15:35:02,42,44,5705,25218
2023-12-20 15:35:02,41,44,5705,25218
2023-12-20 15:35:05,41,45,5705,25443
2023-12-20 15:35:05,43,45,5705,25443
2023-12-20 15:35:07,43,46,5705,25443
2023-12-20 15:35:07,43,46,5705,25443
2023-12-20 15:35:08,42,46,5705,25443
2023-12-20 15:35:08,42,45,5705,25443
2023-12-20 15:35:10,40,45,5705,25443
2023-12-20 15:35:10,40,44,5705,25443
2023-12-20 15:35:13,39,44,5705,25443
2023-12-20 15:35:13,39,43,5705,25443
2023-12-20 15:35:18,39,42,5705,25443
2023-12-20 15:35:21,37,42,5705,25443
2023-12-20 15:35:21,37,41,5705,25443
2023-12-20 15:35:22,37,40,5705,25443
2023-12-20 15:35:23,37,39,5705,25443
2023-12-20 15:35:25,35,39,5705,25448
2023-12-20 15:35:27,35,38,5705,25448
2023-12-20 15:35:30,34,38,5705,25448
2023-12-20 15:35:30,34,37,5705,25448
2023-12-20 15:35:33,33,37,5705,25448
2023-12-20 15:35:33,33,36,5705,25448
2023-12-20 15:35:36,33,37,5705,25448
2023-12-20 15:35:37,33,36,5705,25448
2023-12-20 15:35:47,33,37,5705,25448
2023-12-20 15:35:53,33,36,5705,25448
2023-12-20 15:35:54,33,37,5705,25448
2023-12-20 15:35:56,33,36,5705,25448
2023-12-20 15:35:59,33,37,5705,25448
2023-12-20 15:36:00,33,36,5705,25448
2023-12-20 15:36:02,32,36,5705,25448
2023-12-20 15:36:03,31,36,5705,25448
2023-12-20 15:36:03,31,34,5705,25448
2023-12-20 15:36:04,31,36,5705,25448
2023-12-20 15:36:04,32,36,5705,25448
2023-12-20 15:36:04,33,36,5705,25448
2023-12-20 15:36:06,33,37,5705,25448
2023-12-20 15:36:07,33,38,5705,25448
2023-12-20 15:36:07,34,38,5705,25448
2023-12-20 15:36:14,34,37,5705,25448
2023-12-20 15:36:14,33,37,5705,25448
2023-12-20 15:36:16,33,36,5705,25448
2023-12-20 15:36:17,32,36,5705,25448
2023-12-20 15:36:18,33,36,5705,25448
2023-12-20 15:36:19,33,37,5705,25448
2023-12-20 15:36:23,33,36,5705,25448
2023-12-20 15:36:24,33,37,5705,25448
2023-12-20 15:36:26,32,37,5705,25448
2023-12-20 15:36:26,32,36,5705,25448
2023-12-20 15:36:27,32,35,5705,25448
2023-12-20 15:36:27,31,35,5705,25448
2023-12-20 15:36:28,31,33,5705,25448
2023-12-20 15:36:28,30,33,5705,25448
2023-12-20 15:36:34,29,33,5705,25448
2023-12-20 15:36:40,29,34,5705,25448
2023-12-20 15:36:40,30,34,5705,25448
2023-12-20 15:36:40,31,34,5705,25448
2023-12-20 15:36:40,31,35,5705,25448
2023-12-20 15:36:42,31,36,5705,25448
2023-12-20 15:36:42,32,36,5705,25448
2023-12-20 15:36:44,33,36,5705,25448
2023-12-20 15:36:44,34,36,5705,25448
2023-12-20 15:36:44,34,38,5705,25448
2023-12-20 15:36:44,34,38,5765,25508
2023-12-20 15:36:45,33,38,5765,25508
2023-12-20 15:36:45,33,37,5765,25508
2023-12-20 15:36:47,34,37,5765,25508
2023-12-20 15:36:47,35,39,5765,25508
2023-12-20 15:36:49,35,40,5765,25508
2023-12-20 15:36:49,36,40,5765,25508
2023-12-20 15:36:50,37,40,5765,25508
2023-12-20 15:36:50,37,41,5765,25508
2023-12-20 15:36:51,36,41,5765,25508
2023-12-20 15:36:52,36,40,5765,25508
2023-12-20 15:36:52,36,40,5825,25568
2023-12-20 15:36:54,35,40,5825,25568
2023-12-20 15:36:54,35,39,5825,25568
2023-12-20 15:36:54,35,38,5825,25568
2023-12-20 15:36:55,34,38,5825,25568
2023-12-20 15:36:56,33,37,5825,25568
2023-12-20 15:36:57,33,36,5825,25568
2023-12-20 15:36:57,32,36,5825,25568
2023-12-20 15:36:59,32,35,5825,25568
2023-12-20 15:37:03,31,35,5825,25568
2023-12-20 15:37:04,31,34,5825,25568
2023-12-20 15:37:08,32,34,5825,25568
2023-12-20 15:37:08,32,36,5825,25568
2023-12-20 15:37:14,33,36,5825,25568
2023-12-20 15:37:14,33,37,5825,25568
2023-12-20 15:37:16,33,36,5825,25568
2023-12-20 15:37:17,32,36,5825,25568
2023-12-20 15:37:21,32,37,5825,25568
2023-12-20 15:37:21,34,37,5825,25568
2023-12-20 15:37:21,34,38,5825,25568
2023-12-20 15:37:24,34,37,5825,25568
2023-12-20 15:37:28,33,37,5825,25568
2023-12-20 15:37:33,33,38,5825,25568
2023-12-20 15:37:33,35,38,5825,25568
2023-12-20 15:37:34,35,40,5825,25568
2023-12-20 15:37:34,36,40,5825,25568
2023-12-20 15:37:34,37,40,5825,25568
2023-12-20 15:37:34,37,41,5825,25568
2023-12-20 15:37:34,37,40,5825,25568
2023-12-20 15:37:34,37,40,5885,25628
2023-12-20 15:37:34,37,41,5885,25628
2023-12-20 15:37:36,37,42,5885,25628
2023-12-20 15:37:37,37,41,5885,25628
2023-12-20 15:37:38,36,41,5885,25628
2023-12-20 15:37:39,36,39,5885,25628
2023-12-20 15:37:39,36,38,5885,25628
2023-12-20 15:37:39,35,38,5885,25628
2023-12-20 15:37:41,35,39,5885,25628
2023-12-20 15:37:42,35,38,5885,25628
2023-12-20 15:37:44,35,39,5885,25628
2023-12-20 15:37:48,36,39,5885,25628
2023-12-20 15:37:49,36,41,5885,25628
2023-12-20 15:37:51,36,40,5885,25628
2023-12-20 15:37:56,36,39,5885,25628
2023-12-20 15:37:56,35,39,5885,25628
2023-12-20 15:37:59,34,39,5885,25628
2023-12-20 15:37:59,33,37,5885,25628
2023-12-20 15:38:03,33,36,5885,25628
2023-12-20 15:38:03,33,35,5885,25628
2023-12-20 15:38:03,31,35,5885,25628
2023-12-20 15:38:03,32,35,5885,25628
2023-12-20 15:38:04,32,36,5885,25628
2023-12-20 15:38:06,32,35,5885,25628
2023-12-20 15:38:09,31,35,5885,25628
2023-12-20 15:38:10,31,36,5885,25628
2023-12-20 15:38:11,32,37,5885,25628
2023-12-20 15:38:11,33,37,5885,25628
2023-12-20 15:38:13,34,37,5885,25628
2023-12-20 15:38:14,34,39,5885,25628
2023-12-20 15:38:14,35,39,5885,25628
2023-12-20 15:38:14,35,40,5885,25628
2023-12-20 15:38:15,36,40,5885,25628
2023-12-20 15:38:15,36,41,5885,25628
2023-12-20 15:38:18,36,39,5885,25628
2023-12-20 15:38:18,35,39,5885,25628
2023-12-20 15:38:22,34,39,5885,25628
2023-12-20 15:38:23,34,40,5885,25628
2023-12-20 15:38:23,36,40,5885,25628
2023-12-20 15:38:23,36,41,5885,25628
2023-12-20 15:38:24,36,40,5885,25628
2023-12-20 15:38:27,35,40,5885,25628
2023-12-20 15:38:27,34,38,5885,25628
2023-12-20 15:38:30,34,37,5885,25628
2023-12-20 15:38:30,33,37,5885,25628
2023-12-20 15:38:42,32,37,5885,25628
2023-12-20 15:38:42,32,36,5885,25628
2023-12-20 15:38:44,32,35,5885,25628
2023-12-20 15:38:44,31,35,5885,25628
2023-12-20 15:38:46,30,35,5885,25628
2023-12-20 15:38:47,31,35,5885,25628
2023-12-20 15:38:59,30,35,5885,25628
2023-12-20 15:39:00,31,35,5885,25628
2023-12-20 15:39:09,31,36,5885,25628
2023-12-20 15:39:15,31,35,5885,25628
2023-12-20 15:39:16,31,34,5885,25628
2023-12-20 15:39:25,29,34,5885,25628
2023-12-20 15:39:25,29,33,5885,25628
2023-12-20 15:39:38,28,33,5885,25628
2023-12-20 15:39:38,28,31,5885,25628
2023-12-20 15:39:44,28,33,5885,25628
2023-12-20 15:39:44,29,33,5885,25628
2023-12-20 15:39:46,28,33,5885,25628
2023-12-20 15:39:47,28,32,5885,25628
2023-12-20 15:39:54,29,32,5885,25628
2023-12-20 15:39:59,28,33,5885,25628
2023-12-20 15:40:00,28,32,5885,25628
2023-12-20 15:40:01,28,33,5885,25628
2023-12-20 15:40:04,28,34,5885,25628
2023-12-20 15:40:04,31,34,5885,25628
2023-12-20 15:40:04,31,35,5885,25628
2023-12-20 15:40:04,31,34,5885,25628
2023-12-20 15:40:04,31,35,5885,25628
2023-12-20 15:40:05,33,35,5885,25628
2023-12-20 15:40:05,35,36,5885,25628
2023-12-20 15:40:05,35,40,5885,25628
2023-12-20 15:40:05,35,39,5885,25628
2023-12-20 15:40:05,35,40,5885,25628
2023-12-20 15:40:06,34,40,5885,25628
2023-12-20 15:40:06,34,38,5885,25628
2023-12-20 15:40:08,34,39,5885,25628
2023-12-20 15:40:09,36,39,5885,25628
2023-12-20 15:40:09,36,40,5885,25628
2023-12-20 15:40:11,36,41,5885,25628
2023-12-20 15:40:12,37,41,5885,25628
2023-12-20 15:40:13,37,42,5885,25628
2023-12-20 15:40:14,38,42,5885,25628
2023-12-20 15:40:17,38,43,5885,25628
2023-12-20 15:40:18,40,43,5885,25628
2023-12-20 15:40:19,41,43,5885,25628
2023-12-20 15:40:19,41,44,5885,25628
2023-12-20 15:40:20,41,45,5885,25628
2023-12-20 15:40:22,42,45,5885,25628
2023-12-20 15:40:22,43,45,5885,25628
2023-12-20 15:40:22,43,46,5885,25628
2023-12-20 15:40:22,43,47,5885,25628
2023-12-20 15:40:24,43,48,5885,25628
2023-12-20 15:40:25,44,48,5885,25628
2023-12-20 15:40:28,43,48,5885,25628
2023-12-20 15:40:28,43,47,5885,25628
2023-12-20 15:40:32,45,47,5885,25628
2023-12-20 15:40:32,45,48,5885,25628
2023-12-20 15:40:33,43,48,5885,25628
2023-12-20 15:40:33,42,47,5885,25628
2023-12-20 15:40:36,41,47,5885,25628
2023-12-20 15:40:36,41,46,5885,25628
2023-12-20 15:40:36,41,45,5885,25628
2023-12-20 15:40:39,40,45,5885,25628
2023-12-20 15:40:41,41,45,5885,25628
2023-12-20 15:40:43,42,45,5885,25628
2023-12-20 15:40:43,42,46,5885,25628
2023-12-20 15:40:44,44,46,5885,25628
2023-12-20 15:40:44,44,48,5885,25628
2023-12-20 15:40:45,45,48,5885,25628
2023-12-20 15:40:46,44,48,5885,25628
2023-12-20 15:40:47,44,47,5885,25628
2023-12-20 15:40:51,42,47,5885,25628
2023-12-20 15:40:52,43,47,5885,25628
2023-12-20 15:40:53,45,47,5885,25628
2023-12-20 15:40:53,45,49,5885,25628
2023-12-20 15:40:57,43,49,5885,25628
2023-12-20 15:40:57,43,48,5885,25628
2023-12-20 15:41:03,43,49,5885,25628
2023-12-20 15:41:04,45,49,5885,25628
2023-12-20 15:41:04,46,49,5885,25628
2023-12-20 15:41:04,47,51,5885,25628
2023-12-20 15:41:05,49,51,5885,25628
2023-12-20 15:41:05,49,52,5885,25628
2023-12-20 15:41:07,49,53,5885,25628
2023-12-20 15:41:08,50,53,5885,25628
2023-12-20 15:41:09,49,53,5885,25628
2023-12-20 15:41:10,50,53,5885,25628
2023-12-20 15:41:11,49,53,5885,25628
2023-12-20 15:41:11,49,52,5885,25628
2023-12-20 15:41:12,49,53,5885,25628
2023-12-20 15:41:13,51,53,5885,25628
2023-12-20 15:41:13,51,55,5885,25628
2023-12-20 15:41:24,52,55,5885,25628
2023-12-20 15:41:25,52,56,5885,25628
2023-12-20 15:41:26,54,56,5885,25628
2023-12-20 15:41:26,54,57,5885,25628
2023-12-20 15:41:29,52,57,5885,25628
2023-12-20 15:41:30,52,56,5885,25628
2023-12-20 15:41:34,51,55,5885,25628
2023-12-20 15:41:40,49,55,5885,25628
2023-12-20 15:41:41,51,55,5885,25628
2023-12-20 15:41:41,51,56,5885,25628
2023-12-20 15:41:44,51,55,5885,25628
2023-12-20 15:41:48,49,55,5885,25628
2023-12-20 15:41:48,49,53,5885,25628
2023-12-20 15:41:48,49,52,5885,25628
2023-12-20 15:41:51,47,51,5885,25628
2023-12-20 15:41:56,47,52,5885,25628
2023-12-20 15:41:58,47,53,5885,25628
2023-12-20 15:42:05,48,55,5885,25628
2023-12-20 15:42:05,50,55,5885,25628
2023-12-20 15:42:05,51,56,5885,25628
2023-12-20 15:42:05,51,55,5885,25628
2023-12-20 15:42:05,51,56,5885,25628
2023-12-20 15:42:09,52,56,5885,25628
2023-12-20 15:42:10,52,57,5885,25628
2023-12-20 15:42:12,54,57,5885,25628
2023-12-20 15:42:15,54,59,5885,25628
2023-12-20 15:42:16,55,59,5885,25628
2023-12-20 15:42:16,55,60,5885,25628
2023-12-20 15:42:18,55,59,5885,25628
2023-12-20 15:42:19,54,59,5885,25628
2023-12-20 15:42:20,54,60,5885,25628
2023-12-20 15:42:20,55,60,5885,25628
2023-12-20 15:42:22,56,60,5885,25628
2023-12-20 15:42:25,55,60,5885,25628
2023-12-20 15:42:27,57,60,5885,25628
2023-12-20 15:42:29,57,62,5885,25628
2023-12-20 15:42:29,58,62,5885,25628
2023-12-20 15:42:35,57,62,5885,25628
2023-12-20 15:42:39,57,61,5885,25628
2023-12-20 15:42:46,57,62,5885,25628
2023-12-20 15:42:46,58,62,5885,25628
2023-12-20 15:42:49,57,62,5885,25628
2023-12-20 15:42:50,57,61,5885,25628
2023-12-20 15:42:53,57,62,5885,25628
2023-12-20 15:42:54,58,62,5885,25628
2023-12-20 15:42:54,59,63,5885,25628
2023-12-20 15:42:54,59,64,5885,25628
2023-12-20 15:42:58,58,64,5885,25628
2023-12-20 15:42:59,58,62,5885,25628
2023-12-20 15:43:00,57,62,5885,25628
2023-12-20 15:43:02,56,62,5885,25628
2023-12-20 15:43:02,56,60,5885,25628
2023-12-20 15:43:02,55,60,5885,25628
2023-12-20 15:43:04,55,59,5885,25628
2023-12-20 15:43:05,55,60,5885,25628
2023-12-20 15:43:15,56,60,5885,25628
2023-12-20 15:43:16,55,60,5885,25628
2023-12-20 15:43:17,56,60,5885,25628
2023-12-20 15:43:20,55,60,5885,25628
2023-12-20 15:43:27,55,59,5885,25628
2023-12-20 15:43:27,54,59,5885,25628
2023-12-20 15:43:30,54,60,5885,25628
2023-12-20 15:43:30,55,60,5885,25628
2023-12-20 15:43:33,56,60,5885,25628
2023-12-20 15:43:35,56,62,5885,25628
2023-12-20 15:43:35,58,62,5885,25628
2023-12-20 15:43:38,58,63,5885,25628
2023-12-20 15:43:38,61,63,5885,25628
2023-12-20 15:43:38,61,64,5885,25628
2023-12-20 15:43:38,61,65,5885,25628
2023-12-20 15:43:44,61,64,5885,25628
2023-12-20 15:43:45,59,64,5885,25628
2023-12-20 15:43:45,59,63,5885,25628
2023-12-20 15:43:45,58,63,5885,25628
2023-12-20 15:43:46,58,61,5885,25628
2023-12-20 15:43:46,56,61,5885,25628
2023-12-20 15:43:50,55,61,5885,25628
2023-12-20 15:43:51,55,60,5885,25628
2023-12-20 15:43:56,54,60,5885,25628
2023-12-20 15:43:59,55,60,5885,25628
2023-12-20 15:44:00,55,59,5885,25628
2023-12-20 15:44:01,54,59,5885,25628
2023-12-20 15:44:01,54,60,5885,25628
2023-12-20 15:44:01,54,58,5885,25628
2023-12-20 15:44:02,54,60,5885,25628
2023-12-20 15:44:02,54,59,5885,25628
2023-12-20 15:44:03,53,59,5885,25628
2023-12-20 15:44:03,53,57,5885,25628
2023-12-20 15:44:04,51,57,5885,25628
2023-12-20 15:44:04,51,55,5885,25628
2023-12-20 15:44:04,51,55,5887,25630
2023-12-20 15:44:06,49,55,5887,25630
2023-12-20 15:44:06,49,53,5887,25630
2023-12-20 15:44:07,48,53,5887,25630
2023-12-20 15:44:07,48,52,5887,25630
2023-12-20 15:44:07,47,52,5887,25630
2023-12-20 15:44:08,47,50,5887,25630
2023-12-20 15:44:11,47,49,5887,25630
2023-12-20 15:44:12,47,50,5887,25630
2023-12-20 15:44:18,47,52,5887,25830
2023-12-20 15:44:19,48,52,5887,25830
2023-12-20 15:44:19,48,53,5887,25830
2023-12-20 15:44:21,48,55,5887,25830
2023-12-20 15:44:21,50,55,5887,25830
2023-12-20 15:44:26,51,55,5887,25830
2023-12-20 15:44:28,51,57,5887,25830
2023-12-20 15:44:29,51,59,5887,25830
2023-12-20 15:44:29,53,59,5887,25830
2023-12-20 15:44:29,55,60,5887,25830
2023-12-20 15:44:29,55,58,5887,25830
2023-12-20 15:44:29,55,60,5887,25830
2023-12-20 15:44:30,58,60,5887,25830
2023-12-20 15:44:30,58,63,5887,25830
2023-12-20 15:44:31,58,64,5887,25830
2023-12-20 15:44:32,58,59,5887,25830
2023-12-20 15:44:32,57,59,5887,25830
2023-12-20 15:44:32,58,59,5887,25830
2023-12-20 15:44:32,50,59,5887,25905
2023-12-20 15:44:32,48,59,5887,25905
2023-12-20 15:44:32,55,56,5887,25905
2023-12-20 15:44:32,55,58,5987,26105
2023-12-20 15:44:32,55,56,5987,26105
2023-12-20 15:44:32,55,56,6062,26180
2023-12-20 15:44:32,48,56,6062,26180
2023-12-20 15:44:32,48,56,6137,26255
2023-12-20 15:44:32,48,57,6187,26305
2023-12-20 15:44:33,48,55,6187,26305
2023-12-20 15:44:33,48,58,6314,26432
2023-12-20 15:44:33,55,58,6314,26432
2023-12-20 15:44:33,56,58,6314,26432
2023-12-20 15:44:33,56,59,6314,26432
2023-12-20 15:44:33,56,60,6514,26632
2023-12-20 15:44:34,56,60,6764,26882
2023-12-20 15:44:34,56,62,6764,26882
2023-12-20 15:44:35,57,62,6764,26882
2023-12-20 15:44:39,58,62,6764,26882
2023-12-20 15:44:39,58,63,6764,26882
2023-12-20 15:44:40,61,63,6764,26882
2023-12-20 15:44:40,61,65,6764,26882
2023-12-20 15:44:44,60,64,6764,26882
2023-12-20 15:44:46,61,64,6764,26882
2023-12-20 15:44:47,60,64,6764,26882
2023-12-20 15:44:54,61,64,6764,26882
2023-12-20 15:44:55,60,64,6764,26882
2023-12-20 15:45:01,58,64,6764,26882
2023-12-20 15:45:01,58,63,6764,26882
2023-12-20 15:45:02,58,62,6764,26882
2023-12-20 15:45:03,58,63,6764,26882
2023-12-20 15:45:06,59,63,6764,26882
2023-12-20 15:45:06,59,64,6764,26882
2023-12-20 15:45:08,61,64,6764,26882
2023-12-20 15:45:09,62,64,6764,26882
2023-12-20 15:45:09,62,65,6764,26882
2023-12-20 15:45:11,61,65,6764,26882
2023-12-20 15:45:12,59,65,6764,26882
2023-12-20 15:45:12,59,64,6764,26882
2023-12-20 15:45:14,58,64,6764,26882
2023-12-20 15:45:14,58,65,6764,26882
2023-12-20 15:45:14,61,65,6764,26882
2023-12-20 15:45:14,61,64,6764,26882
2023-12-20 15:45:18,58,64,6764,26882
2023-12-20 15:45:18,58,63,6764,26882
2023-12-20 15:45:18,58,61,6764,26882
2023-12-20 15:45:18,58,63,6764,26882
2023-12-20 15:45:18,58,62,6764,26882
2023-12-20 15:45:19,57,62,6764,26882
2023-12-20 15:45:20,57,63,6764,26882
2023-12-20 15:45:20,57,61,6764,26882
2023-12-20 15:45:25,59,61,6764,26882
2023-12-20 15:45:25,59,63,6764,26882
2023-12-20 15:45:25,59,62,6764,26882
2023-12-20 15:45:25,59,63,6764,26882
2023-12-20 15:45:26,59,64,6764,26882
2023-12-20 15:45:26,59,63,6764,26882
2023-12-20 15:45:30,60,63,6764,26882
2023-12-20 15:45:30,60,64,6764,26882
2023-12-20 15:45:31,60,65,6764,26882
2023-12-20 15:45:33,61,65,6764,26882
2023-12-20 15:45:38,63,65,6764,26882
2023-12-20 15:45:38,63,67,6944,27062
2023-12-20 15:45:38,63,66,6944,27062
2023-12-20 15:45:43,63,67,6944,27062
2023-12-20 15:45:43,64,67,6944,27062
2023-12-20 15:45:44,63,67,6944,27062
2023-12-20 15:45:47,63,66,6944,27062
2023-12-20 15:45:53,61,66,6944,27062
2023-12-20 15:45:53,61,65,6944,27062
2023-12-20 15:45:54,60,65,6944,27062
2023-12-20 15:45:54,60,64,6944,27062
2023-12-20 15:45:54,60,63,6944,27062
2023-12-20 15:45:55,60,64,6944,27062
2023-12-20 15:45:56,61,64,6944,27062
2023-12-20 15:45:56,61,66,6944,27062
2023-12-20 15:45:56,61,67,6944,27062
2023-12-20 15:45:56,61,66,6944,27062
2023-12-20 15:45:56,61,65,6944,27062
2023-12-20 15:46:08,60,65,6944,27062
2023-12-20 15:46:08,60,64,6944,27062
2023-12-20 15:46:09,59,64,6944,27062
2023-12-20 15:46:09,57,64,6944,27062
2023-12-20 15:46:09,57,61,6944,27062
2023-12-20 15:46:11,56,61,6944,27062
2023-12-20 15:46:11,56,60,6944,27062
2023-12-20 15:46:12,57,60,6944,27062
2023-12-20 15:46:12,57,61,6944,27062
2023-12-20 15:46:12,57,63,6944,27062
2023-12-20 15:46:12,57,61,6944,27062
2023-12-20 15:46:14,56,61,6944,27062
2023-12-20 15:46:14,56,60,6944,27062
2023-12-20 15:46:15,57,60,6944,27062
2023-12-20 15:46:15,57,61,6944,27062
2023-12-20 15:46:18,56,61,6944,27062
2023-12-20 15:46:18,54,61,6944,27062
2023-12-20 15:46:18,54,59,6944,27062
2023-12-20 15:46:18,54,57,6944,27062
2023-12-20 15:46:19,54,59,6944,27062
2023-12-20 15:46:21,56,58,6944,27062
2023-12-20 15:46:21,56,61,6944,27062
2023-12-20 15:46:21,56,60,6944,27062
2023-12-20 15:46:22,58,60,6944,27062
2023-12-20 15:46:22,58,63,6944,27062
2023-12-20 15:46:22,58,62,6944,27062
2023-12-20 15:46:23,59,62,6944,27062
2023-12-20 15:46:24,59,64,6944,27062
2023-12-20 15:46:24,59,65,6944,27062
2023-12-20 15:46:24,59,63,6944,27062
2023-12-20 15:46:24,59,65,6944,27062
2023-12-20 15:46:24,59,63,6944,27062
2023-12-20 15:46:25,59,64,6944,27062
2023-12-20 15:46:25,60,64,6944,27062
2023-12-20 15:46:26,59,64,6944,27062
2023-12-20 15:46:27,59,63,6944,27062
2023-12-20 15:46:31,59,62,6944,27062
2023-12-20 15:46:32,59,64,6944,27062
2023-12-20 15:46:32,59,63,6944,27062
2023-12-20 15:46:35,60,63,6944,27062
2023-12-20 15:46:35,60,65,6944,27062
2023-12-20 15:46:35,60,64,6944,27062
2023-12-20 15:46:37,60,66,6944,27062
2023-12-20 15:46:37,60,65,6944,27062
2023-12-20 15:46:38,60,66,6944,27062
2023-12-20 15:46:38,60,64,6944,27062
2023-12-20 15:46:40,62,64,6944,27062
2023-12-20 15:46:40,62,67,6944,27062
2023-12-20 15:46:40,62,65,6944,27062
2023-12-20 15:46:45,60,65,6944,27062
2023-12-20 15:46:45,60,66,6944,27062
2023-12-20 15:46:45,60,64,6944,27062
2023-12-20 15:46:46,60,65,6944,27062
2023-12-20 15:46:46,60,64,6944,27062
2023-12-20 15:46:46,60,63,6944,27062
2023-12-20 15:46:47,59,63,6944,27062
2023-12-20 15:46:48,59,62,6944,27062
2023-12-20 15:46:52,58,62,6944,27062
2023-12-20 15:46:53,58,61,6944,27062
2023-12-20 15:46:55,56,61,6944,27062
2023-12-20 15:46:55,56,59,6944,27062
2023-12-20 15:46:58,56,61,6944,27062
2023-12-20 15:46:58,56,60,6944,27062
2023-12-20 15:46:59,56,61,6944,27062
2023-12-20 15:46:59,56,60,6944,27062
2023-12-20 15:46:59,56,59,6944,27062
2023-12-20 15:47:00,56,58,6944,27062
2023-12-20 15:47:01,56,59,6944,27062
2023-12-20 15:47:11,56,61,6944,27062
2023-12-20 15:47:11,56,61,6944,27062
2023-12-20 15:47:11,56,60,6944,27062
2023-12-20 15:47:12,56,59,6944,27062
2023-12-20 15:47:15,54,59,6944,27062
2023-12-20 15:47:15,54,56,6944,27062
2023-12-20 15:47:15,54,58,6944,27062
2023-12-20 15:47:15,54,57,6944,27062
2023-12-20 15:47:18,54,60,6944,27062
2023-12-20 15:47:18,54,58,6944,27062
2023-12-20 15:47:20,54,57,6944,27062
2023-12-20 15:47:20,54,58,6944,27062
2023-12-20 15:47:21,54,58,6744,27262
2023-12-20 15:47:21,56,58,6744,27262
2023-12-20 15:47:21,56,63,6744,27262
2023-12-20 15:47:21,56,62,6744,27262
2023-12-20 15:47:22,56,63,6744,27262
2023-12-20 15:47:22,56,61,6744,27262
2023-12-20 15:47:22,56,63,6744,27262
2023-12-20 15:47:22,56,62,6744,27262
2023-12-20 15:47:22,56,61,6744,27262
2023-12-20 15:47:22,56,62,6744,27262
2023-12-20 15:47:25,56,61,6744,27262
2023-12-20 15:47:27,55,61,6744,27262
2023-12-20 15:47:28,55,60,6744,27262
2023-12-20 15:47:30,54,60,6744,27262
2023-12-20 15:47:30,54,59,6744,27262
2023-12-20 15:47:31,54,58,6744,27262
2023-12-20 15:47:35,54,59,6744,27262
2023-12-20 15:47:37,55,59,6744,27262
2023-12-20 15:47:37,55,60,6744,27262
2023-12-20 15:47:38,55,60,6944,27512
2023-12-20 15:47:38,57,60,6944,27512
2023-12-20 15:47:38,57,63,6944,27512
2023-12-20 15:47:38,57,61,6944,27512
2023-12-20 15:47:38,57,63,6944,27512
2023-12-20 15:47:38,57,61,6944,27512
2023-12-20 15:47:39,59,61,6944,27512
2023-12-20 15:47:39,59,64,6944,27512
2023-12-20 15:47:39,59,63,6944,27512
2023-12-20 15:47:39,59,62,6944,27512
2023-12-20 15:47:41,59,63,6944,27512
2023-12-20 15:47:41,59,61,6944,27512
2023-12-20 15:47:43,57,61,6944,27512
2023-12-20 15:47:43,57,60,6944,27512
2023-12-20 15:47:56,57,63,6944,27512
2023-12-20 15:47:56,57,61,6944,27512
2023-12-20 15:47:57,59,61,6944,27512
2023-12-20 15:47:57,59,62,6944,27512
2023-12-20 15:47:58,59,61,6944,27512
2023-12-20 15:47:59,59,62,6944,27512
2023-12-20 15:48:02,60,62,6944,27512
2023-12-20 15:48:03,59,62,6944,27512
2023-12-20 15:48:04,60,62,6944,27512
2023-12-20 15:48:06,60,62,6744,27712
2023-12-20 15:48:06,60,64,6744,27712
2023-12-20 15:48:06,60,66,6744,27712
2023-12-20 15:48:06,60,64,6744,27712
2023-12-20 15:48:09,61,64,6744,27712
2023-12-20 15:48:09,61,67,6744,27712
2023-12-20 15:48:09,61,65,6744,27712
2023-12-20 15:48:10,60,65,6744,27712
2023-12-20 15:48:11,60,66,6744,27712
2023-12-20 15:48:11,60,65,6744,27712
2023-12-20 15:48:11,60,66,6744,27712
2023-12-20 15:48:11,60,64,6744,27712
2023-12-20 15:48:12,60,63,6744,27712
2023-12-20 15:48:13,58,63,6744,27712
2023-12-20 15:48:13,58,62,6744,27712
2023-12-20 15:48:13,55,62,6744,27712
2023-12-20 15:48:13,55,60,6744,27712
2023-12-20 15:48:13,55,62,6744,27712
2023-12-20 15:48:13,55,61,6744,27712
2023-12-20 15:48:14,55,62,6744,27712
2023-12-20 15:48:14,55,60,6744,27712
2023-12-20 15:48:14,55,59,6744,27712
2023-12-20 15:48:15,55,60,6744,27712
2023-12-20 15:48:16,57,60,6744,27712
2023-12-20 15:48:17,57,63,6744,27712
2023-12-20 15:48:17,57,63,6744,27712
2023-12-20 15:48:17,57,61,6744,27712
2023-12-20 15:48:19,60,61,6744,27712
2023-12-20 15:48:19,60,65,6744,27712
2023-12-20 15:48:19,60,63,6744,27712
2023-12-20 15:48:20,61,63,6744,27712
2023-12-20 15:48:20,61,65,6744,27712
2023-12-20 15:48:20,61,63,6744,27712
2023-12-20 15:48:20,61,64,6744,27712
2023-12-20 15:48:21,61,63,6744,27712
2023-12-20 15:48:21,60,63,6744,27712
2023-12-20 15:48:23,60,64,6744,27712
2023-12-20 15:48:23,60,62,6744,27712
2023-12-20 15:48:25,60,65,6744,27712
2023-12-20 15:48:25,60,64,6744,27712
2023-12-20 15:48:25,60,63,6744,27712
2023-12-20 15:48:32,60,62,6744,27712
2023-12-20 15:48:33,57,62,6744,27712
2023-12-20 15:48:33,57,63,6744,27712
2023-12-20 15:48:33,57,60,6744,27712
2023-12-20 15:48:33,55,60,6744,27912
2023-12-20 15:48:33,55,63,6744,27912
2023-12-20 15:48:33,55,61,6744,27912
2023-12-20 15:48:34,55,60,6744,27912
2023-12-20 15:48:34,55,59,6744,27912
2023-12-20 15:48:34,54,59,6744,27912
2023-12-20 15:48:36,55,59,6744,27912
2023-12-20 15:48:36,56,59,6744,27912
2023-12-20 15:48:36,56,61,6744,27912
2023-12-20 15:48:41,56,62,6744,27912
2023-12-20 15:48:42,57,62,6744,27912
2023-12-20 15:48:44,56,62,6744,27912
2023-12-20 15:48:44,56,59,6744,27912
2023-12-20 15:48:44,54,59,6744,27912
2023-12-20 15:48:45,53,59,6744,27912
2023-12-20 15:48:45,53,57,6744,27912
2023-12-20 15:48:45,51,57,6744,27912
2023-12-20 15:48:46,51,56,6744,27912
2023-12-20 15:48:46,50,56,6744,27912
2023-12-20 15:48:47,52,56,6744,27912
2023-12-20 15:48:47,52,57,6744,27912
2023-12-20 15:48:53,52,56,6744,27912
2023-12-20 15:48:54,52,57,6744,27912
2023-12-20 15:48:56,52,56,6744,27912
2023-12-20 15:48:57,52,57,6744,27912
2023-12-20 15:48:59,52,56,6744,27912
2023-12-20 15:49:00,50,56,6744,27912
2023-12-20 15:49:00,50,55,6744,27912
2023-12-20 15:49:01,50,54,6744,27912
2023-12-20 15:49:02,50,56,6744,27912
2023-12-20 15:49:02,50,55,6744,27912
2023-12-20 15:49:04,52,55,6744,27912
2023-12-20 15:49:04,54,55,6744,27912
2023-12-20 15:49:04,54,57,6744,27912
2023-12-20 15:49:04,54,59,6744,27912
2023-12-20 15:49:04,54,58,6744,27912
2023-12-20 15:49:05,55,58,6744,27912
2023-12-20 15:49:05,55,61,6744,27912
2023-12-20 15:49:05,55,59,6744,27912
2023-12-20 15:49:06,54,59,6744,27912
2023-12-20 15:49:06,54,60,6744,27912
2023-12-20 15:49:06,54,58,6744,27912
2023-12-20 15:49:08,52,58,6744,27912
2023-12-20 15:49:08,52,57,6744,27912
2023-12-20 15:49:08,52,56,6744,27912
2023-12-20 15:49:09,50,56,6744,27912
2023-12-20 15:49:09,50,55,6744,27912
2023-12-20 15:49:09,50,54,6744,27912
2023-12-20 15:49:12,48,54,6744,27912
2023-12-20 15:49:13,48,53,6744,27912
2023-12-20 15:49:20,47,53,6744,27912
2023-12-20 15:49:20,47,52,6744,27912
2023-12-20 15:49:23,47,54,6744,27912
2023-12-20 15:49:23,47,53,6744,27912
2023-12-20 15:49:25,47,55,6744,28014
2023-12-20 15:49:25,51,55,6744,28014
2023-12-20 15:49:25,51,57,6744,28014
2023-12-20 15:49:26,54,57,6744,28014
2023-12-20 15:49:26,54,59,6744,28014
2023-12-20 15:49:26,54,59,6744,28014
2023-12-20 15:49:26,54,58,6744,28014
2023-12-20 15:49:26,54,59,6744,28014
2023-12-20 15:49:27,56,59,6744,28014
2023-12-20 15:49:27,56,62,6744,28014
2023-12-20 15:49:27,56,62,6744,28014
2023-12-20 15:49:28,57,62,6744,28014
2023-12-20 15:49:28,57,63,6744,28014
2023-12-20 15:49:29,58,63,6744,28014
2023-12-20 15:49:31,57,63,6744,28014
2023-12-20 15:49:31,60,63,6744,28014
2023-12-20 15:49:31,60,64,6744,28014
2023-12-20 15:49:32,61,64,6744,28014
2023-12-20 15:49:33,63,64,6744,28014
2023-12-20 15:49:33,63,67,6744,28014
2023-12-20 15:49:33,63,65,6744,28014
2023-12-20 15:49:33,63,67,6744,28014
2023-12-20 15:49:33,63,65,6744,28014
2023-12-20 15:49:33,63,67,6744,28014
2023-12-20 15:49:42,61,67,6744,28014
2023-12-20 15:49:43,62,67,6744,28014
2023-12-20 15:49:48,65,67,6744,28014
2023-12-20 15:49:48,65,69,6744,28014
2023-12-20 15:49:49,67,69,6744,28014
2023-12-20 15:49:49,68,69,6744,28014
2023-12-20 15:49:49,68,70,6744,28014
2023-12-20 15:49:52,68,69,6744,28014
2023-12-20 15:49:52,68,70,6744,28014
2023-12-20 15:49:53,67,70,6744,28014
2023-12-20 15:49:53,67,69,6744,28014
2023-12-20 15:49:55,65,69,6744,28014
2023-12-20 15:49:55,65,70,6744,28014
2023-12-20 15:49:57,66,70,6744,28014
2023-12-20 15:49:59,65,70,6744,28014
2023-12-20 15:50:00,68,70,6744,28014
2023-12-20 15:50:00,68,70,6839,28214
2023-12-20 15:50:00,72,75,6845,28220
2023-12-20 15:50:00,73,75,7039,28414
2023-12-20 15:50:00,73,74,7039,28414
2023-12-20 15:50:00,72,75,7096,28471
2023-12-20 15:50:01,74,75,7096,28471
2023-12-20 15:50:02,74,75,7036,28531
2023-12-20 15:50:04,74,75,6916,28651
2023-12-20 15:50:07,74,75,6916,28851
2023-12-20 15:50:07,74,75,6856,28911
2023-12-20 15:50:08,74,75,6796,28971
2023-12-20 15:50:09,73,75,6796,28971
2023-12-20 15:50:09,72,75,6796,28971
2023-12-20 15:50:10,73,75,6796,28971
2023-12-20 15:50:11,73,75,6796,29171
2023-12-20 15:50:12,74,75,6796,29171
2023-12-20 15:50:12,74,75,6796,29371
2023-12-20 15:50:12,74,75,6772,29395
2023-12-20 15:50:12,74,75,6772,29645
2023-12-20 15:50:12,74,79,6772,29645
2023-12-20 15:50:12,74,78,6772,29645
2023-12-20 15:50:13,74,77,6772,29645
2023-12-20 15:50:13,73,77,6772,29645
2023-12-20 15:50:14,74,77,6772,29645
2023-12-20 15:50:15,73,77,6772,29645
2023-12-20 15:50:15,73,76,6772,29645
2023-12-20 15:50:16,73,77,6772,29645
2023-12-20 15:50:16,74,77,6772,29645
2023-12-20 15:50:17,73,77,6772,29645
2023-12-20 15:50:18,72,77,6772,29645
2023-12-20 15:50:18,72,75,6772,29645
2023-12-20 15:50:18,72,75,6822,29895
2023-12-20 15:50:18,72,77,6822,29895
2023-12-20 15:50:18,72,76,6822,29895
2023-12-20 15:50:19,72,77,6822,29895
2023-12-20 15:50:21,72,75,6822,29895
2023-12-20 15:50:21,70,75,6822,29895
2023-12-20 15:50:25,70,74,6822,29895
2023-12-20 15:50:26,70,74,6687,30030
2023-12-20 15:50:27,73,74,6687,30030
2023-12-20 15:50:27,73,76,6687,30030
2023-12-20 15:50:27,73,75,6687,30030
2023-12-20 15:50:28,72,75,6687,30030
2023-12-20 15:50:29,72,74,6687,30030
2023-12-20 15:50:34,72,75,6687,30030
2023-12-20 15:50:40,69,75,6687,30030
2023-12-20 15:50:40,68,73,6687,30030
2023-12-20 15:50:41,67,73,6687,30030
2023-12-20 15:50:41,65,71,6687,30030
2023-12-20 15:50:41,65,69,6687,30030
2023-12-20 15:50:41,63,69,6687,30030
2023-12-20 15:50:42,63,68,6687,30030
2023-12-20 15:50:46,65,68,6687,30030
2023-12-20 15:50:46,65,69,6687,30030
2023-12-20 15:50:46,65,69,6715,30058
2023-12-20 15:50:47,63,69,6715,30058
2023-12-20 15:50:48,63,68,6715,30058
2023-12-20 15:50:50,65,68,6715,30058
2023-12-20 15:50:50,65,70,6715,30058
2023-12-20 15:50:52,67,70,6715,30058
2023-12-20 15:50:53,67,71,6715,30058
2023-12-20 15:50:54,67,72,6715,30058
2023-12-20 15:50:56,67,71,6715,30058
2023-12-20 15:50:58,67,72,6715,30058
2023-12-20 15:50:59,69,72,6715,30058
2023-12-20 15:50:59,71,72,6715,30058
2023-12-20 15:50:59,71,72,6775,30118
2023-12-20 15:50:59,71,74,6775,30118
2023-12-20 15:51:06,71,75,6775,30118
2023-12-20 15:51:07,72,75,6775,30118
2023-12-20 15:51:07,72,76,6775,30118
2023-12-20 15:51:08,71,76,6775,30118
2023-12-20 15:51:08,71,75,6775,30118
2023-12-20 15:51:09,71,74,6775,30118
2023-12-20 15:51:10,70,74,6775,30118
2023-12-20 15:51:10,69,74,6775,30118
2023-12-20 15:51:12,71,74,6775,30118
2023-12-20 15:51:12,71,75,6775,30118
2023-12-20 15:51:15,69,75,6775,30118
2023-12-20 15:51:15,69,74,6775,30118
2023-12-20 15:51:17,67,74,6775,30118
2023-12-20 15:51:17,67,73,6775,30118
2023-12-20 15:51:18,67,71,6775,30118
2023-12-20 15:51:19,63,71,6775,30118
2023-12-20 15:51:19,63,70,6775,30118
2023-12-20 15:51:21,63,69,6775,30118
2023-12-20 15:51:22,63,70,6775,30118
2023-12-20 15:51:22,65,70,6775,30118
2023-12-20 15:51:22,65,71,6775,30118
2023-12-20 15:51:24,63,71,6775,30118
2023-12-20 15:51:24,63,70,6775,30118
2023-12-20 15:51:31,65,70,6775,30118
2023-12-20 15:51:31,65,71,6775,30118
2023-12-20 15:51:32,63,71,6775,30118
2023-12-20 15:51:32,63,69,6775,30118
2023-12-20 15:51:33,63,70,6775,30118
2023-12-20 15:51:33,64,70,6775,30118
2023-12-20 15:51:33,66,70,6775,30118
2023-12-20 15:51:33,66,72,6775,30118
2023-12-20 15:51:34,69,72,6775,30118
2023-12-20 15:51:34,69,73,6775,30118
2023-12-20 15:51:34,69,74,6775,30118
2023-12-20 15:51:35,70,74,6775,30118
2023-12-20 15:51:35,72,74,6775,30118
2023-12-20 15:51:35,72,77,6775,30118
2023-12-20 15:51:36,70,77,6775,30118
2023-12-20 15:51:36,70,76,6775,30118
2023-12-20 15:51:39,67,76,6775,30118
2023-12-20 15:51:39,67,73,6775,30118
2023-12-20 15:51:41,67,72,6775,30118
2023-12-20 15:51:42,67,73,6775,30118
2023-12-20 15:51:43,66,73,6775,30118
2023-12-20 15:51:43,66,72,6775,30118
2023-12-20 15:51:50,64,72,6775,30118
2023-12-20 15:51:50,64,70,6775,30118
2023-12-20 15:51:50,64,68,6775,30118
2023-12-20 15:51:50,62,68,6775,30118
2023-12-20 15:51:54,72,73,7050,30993
2023-12-20 15:51:54,72,73,7393,31336
2023-12-20 15:51:54,72,73,7593,31536
2023-12-20 15:51:54,72,73,7793,31736
2023-12-20 15:51:54,72,73,7993,31936
2023-12-20 15:51:54,72,73,8100,32043
2023-12-20 15:51:54,63,72,8175,32118
2023-12-20 15:51:54,63,70,8175,32118
2023-12-20 15:51:55,67,70,8175,32118
2023-12-20 15:51:55,73,79,8250,32193
2023-12-20 15:51:55,73,79,8325,32268
2023-12-20 15:51:55,71,72,8375,32318
2023-12-20 15:51:55,71,74,8375,32318
2023-12-20 15:51:55,71,79,8375,32318
2023-12-20 15:51:56,67,72,8375,32318
2023-12-20 15:51:56,67,73,8375,32318
2023-12-20 15:51:57,68,73,8375,32318
2023-12-20 15:51:59,68,72,8375,32318
2023-12-20 15:52:01,68,73,8375,32318
2023-12-20 15:52:02,67,73,8375,32318
2023-12-20 15:52:02,70,73,8375,32318
2023-12-20 15:52:03,70,73,8435,32378
2023-12-20 15:52:03,67,73,8435,32378
2023-12-20 15:52:03,68,73,8435,32378
2023-12-20 15:52:04,67,73,8435,32378
2023-12-20 15:52:04,67,72,8435,32378
2023-12-20 15:52:09,67,73,8435,32378
2023-12-20 15:52:09,69,73,8435,32378
2023-12-20 15:52:09,69,74,8435,32378
2023-12-20 15:52:10,69,75,8435,32378
2023-12-20 15:52:10,71,75,8435,32378
2023-12-20 15:52:10,71,76,8435,32378
2023-12-20 15:52:12,69,76,8435,32378
2023-12-20 15:52:13,69,75,8435,32378
2023-12-20 15:52:17,67,75,8435,32378
2023-12-20 15:52:18,68,75,8435,32378
2023-12-20 15:52:19,67,75,8435,32378
2023-12-20 15:52:20,67,73,8435,32378
2023-12-20 15:52:22,65,73,8435,32378
2023-12-20 15:52:22,65,72,8435,32378
2023-12-20 15:52:26,65,73,8435,32378
2023-12-20 15:52:26,65,70,8435,32378
2023-12-20 15:52:27,63,70,8435,32378
2023-12-20 15:52:28,62,70,8435,32378
2023-12-20 15:52:28,62,68,8435,32378
2023-12-20 15:52:34,61,68,8435,32378
2023-12-20 15:52:34,60,68,8435,32378
2023-12-20 15:52:35,61,68,8435,32378
2023-12-20 15:52:39,61,66,8435,32378
2023-12-20 15:52:39,59,66,8435,32378
2023-12-20 15:52:39,60,66,8435,32378
2023-12-20 15:52:40,59,66,8435,32378
2023-12-20 15:52:41,60,66,8435,32378
2023-12-20 15:52:43,60,68,8435,32378
2023-12-20 15:52:43,61,68,8435,32378
2023-12-20 15:52:44,61,70,8435,32378
2023-12-20 15:52:44,64,70,8435,32378
2023-12-20 15:52:46,64,69,8435,32378
2023-12-20 15:52:47,64,70,8435,32378
2023-12-20 15:52:48,63,70,8435,32378
2023-12-20 15:52:48,63,69,8435,32378
2023-12-20 15:52:48,62,69,8435,32378
2023-12-20 15:52:49,63,69,8435,32378
2023-12-20 15:52:50,63,70,8435,32378
2023-12-20 15:52:51,61,70,8435,32378
2023-12-20 15:52:51,64,70,8435,32378
2023-12-20 15:52:53,65,70,8435,32378
2023-12-20 15:52:54,65,73,8435,32378
2023-12-20 15:52:54,65,72,8435,32378
2023-12-20 15:52:56,64,72,8435,32378
2023-12-20 15:52:58,64,73,8435,32378
2023-12-20 15:52:58,64,70,8435,32378
2023-12-20 15:53:00,65,70,8435,32378
2023-12-20 15:53:01,64,70,8435,32378
2023-12-20 15:53:06,64,68,8435,32378
2023-12-20 15:53:06,63,68,8435,32378
2023-12-20 15:53:06,61,68,8435,32378
2023-12-20 15:53:06,62,68,8435,32378
2023-12-20 15:53:07,62,65,8435,32378
2023-12-20 15:53:07,59,65,8435,32378
2023-12-20 15:53:08,59,60,8435,32378
2023-12-20 15:53:08,56,60,8435,32378
2023-12-20 15:53:08,54,60,8435,32378
2023-12-20 15:53:08,56,60,8435,32378
2023-12-20 15:53:09,54,60,8435,32378
2023-12-20 15:53:09,57,60,8435,32378
2023-12-20 15:53:09,57,60,8185,32628
2023-12-20 15:53:11,57,62,8185,32628
2023-12-20 15:53:11,55,62,8185,32628
2023-12-20 15:53:11,59,62,8185,32628
2023-12-20 15:53:12,55,62,8185,32628
2023-12-20 15:53:12,58,62,8185,32628
2023-12-20 15:53:14,58,61,8185,32628
2023-12-20 15:53:14,55,61,8185,32628
2023-12-20 15:53:14,54,61,8185,32628
2023-12-20 15:53:14,57,61,8185,32628
2023-12-20 15:53:15,54,61,8185,32628
2023-12-20 15:53:15,56,61,8185,32628
2023-12-20 15:53:16,56,62,8185,32628
2023-12-20 15:53:16,56,59,8185,32628
2023-12-20 15:53:17,52,59,8185,32628
2023-12-20 15:53:17,55,59,8185,32628
2023-12-20 15:53:20,55,57,8185,32628
2023-12-20 15:53:20,51,57,8185,32628
2023-12-20 15:53:20,50,57,8185,32628
2023-12-20 15:53:20,53,57,8185,32628
2023-12-20 15:53:22,53,55,8185,32628
2023-12-20 15:53:22,49,55,8185,32628
2023-12-20 15:53:22,48,55,8185,32628
2023-12-20 15:53:22,52,55,8185,32628
2023-12-20 15:53:23,52,57,8185,32628
2023-12-20 15:53:23,49,57,8185,32628
2023-12-20 15:53:23,53,57,8185,32628
2023-12-20 15:53:25,53,55,8185,32628
2023-12-20 15:53:25,49,55,8185,32628
2023-12-20 15:53:25,48,55,8185,32628
2023-12-20 15:53:25,52,55,8185,32628
2023-12-20 15:53:26,48,55,8185,32628
2023-12-20 15:53:26,47,55,8185,32628
2023-12-20 15:53:26,51,55,8185,32628
2023-12-20 15:53:26,51,55,8185,32706
2023-12-20 15:53:27,51,53,8185,32706
2023-12-20 15:53:27,47,53,8185,32706
2023-12-20 15:53:27,47,50,8185,32706
2023-12-20 15:53:28,47,48,8185,32706
2023-12-20 15:53:29,47,50,8185,32706
2023-12-20 15:53:30,47,48,8185,32706
2023-12-20 15:53:30,40,46,8190,32711
2023-12-20 15:53:30,43,46,8190,32711
2023-12-20 15:53:31,43,46,7990,32911
2023-12-20 15:53:31,40,46,7990,32911
2023-12-20 15:53:31,38,46,7990,32911
2023-12-20 15:53:31,39,46,7990,32911
2023-12-20 15:53:31,39,46,8070,33161
2023-12-20 15:53:32,39,48,8070,33161
2023-12-20 15:53:32,41,48,8070,33161
2023-12-20 15:53:38,40,48,8070,33161
2023-12-20 15:53:38,40,50,8070,33161
2023-12-20 15:53:38,43,50,8070,33161
2023-12-20 15:53:38,43,50,8105,33221
2023-12-20 15:53:39,47,50,8105,33221
2023-12-20 15:53:39,47,55,8105,33221
2023-12-20 15:53:39,45,55,8105,33421
2023-12-20 15:53:40,45,49,8105,33421
2023-12-20 15:53:40,42,49,8105,33421
2023-12-20 15:53:40,44,49,8105,33421
2023-12-20 15:53:41,44,47,8105,33421
2023-12-20 15:53:41,41,47,8105,33421
2023-12-20 15:53:41,39,47,8105,33421
2023-12-20 15:53:41,43,47,8105,33421
2023-12-20 15:53:42,43,44,8105,33421
2023-12-20 15:53:42,39,44,8105,33421
2023-12-20 15:53:42,38,44,8105,33421
2023-12-20 15:53:42,40,44,8105,33421
2023-12-20 15:53:45,40,41,8105,33421
2023-12-20 15:53:45,38,41,8105,33421
2023-12-20 15:53:47,38,40,8105,33421
2023-12-20 15:53:48,38,41,8105,33421
2023-12-20 15:53:49,39,41,8105,33421
2023-12-20 15:53:50,38,41,8105,33421
2023-12-20 15:53:50,38,44,8105,33421
2023-12-20 15:53:50,38,43,8105,33421
2023-12-20 15:53:50,39,43,8105,33421
2023-12-20 15:53:51,39,44,8105,33421
2023-12-20 15:53:51,39,41,8105,33421
2023-12-20 15:53:51,38,41,8105,33421
2023-12-20 15:53:54,39,41,8105,33421
2023-12-20 15:53:55,39,44,8105,33421
2023-12-20 15:53:55,38,44,8105,33421
2023-12-20 15:53:55,42,44,8105,33421
2023-12-20 15:53:55,38,44,8105,33421
2023-12-20 15:53:55,41,44,8105,33421
2023-12-20 15:53:57,38,44,8105,33421
2023-12-20 15:53:57,40,44,8105,33421
2023-12-20 15:53:59,38,44,8105,33421
2023-12-20 15:53:59,39,44,8105,33421
2023-12-20 15:54:00,36,44,8105,33421
2023-12-20 15:54:00,40,44,8105,33421
2023-12-20 15:54:01,40,47,8105,33421
2023-12-20 15:54:01,38,47,8105,33421
2023-12-20 15:54:01,42,47,8105,33421
2023-12-20 15:54:02,42,49,8105,33421
2023-12-20 15:54:02,41,49,8105,33421
2023-12-20 15:54:02,43,49,8105,33421
2023-12-20 15:54:03,41,49,8105,33421
2023-12-20 15:54:03,44,49,8105,33421
2023-12-20 15:54:04,41,49,8105,33421
2023-12-20 15:54:04,43,49,8105,33421
2023-12-20 15:54:05,43,47,8105,33421
2023-12-20 15:54:05,41,47,8105,33421
2023-12-20 15:54:05,42,47,8105,33421
2023-12-20 15:54:06,42,49,8105,33421
2023-12-20 15:54:06,42,45,8105,33421
2023-12-20 15:54:06,39,45,8105,33421
2023-12-20 15:54:06,38,45,8105,33421
2023-12-20 15:54:06,41,45,8105,33421
2023-12-20 15:54:08,41,49,8105,33621
2023-12-20 15:54:08,41,48,8105,33621
2023-12-20 15:54:10,40,48,8105,33621
2023-12-20 15:54:10,40,43,8105,33621
2023-12-20 15:54:10,36,43,8105,33621
2023-12-20 15:54:10,37,43,8105,33621
2023-12-20 15:54:11,37,45,8105,33621
2023-12-20 15:54:11,37,41,8105,33621
2023-12-20 15:54:11,36,41,8105,33621
2023-12-20 15:54:15,36,44,8105,33621
2023-12-20 15:54:15,37,44,8105,33621
2023-12-20 15:54:16,37,45,8105,33621
2023-12-20 15:54:16,36,45,8105,33621
2023-12-20 15:54:16,38,45,8105,33621
2023-12-20 15:54:17,38,44,8105,33621
2023-12-20 15:54:18,36,44,8105,33621
2023-12-20 15:54:18,37,44,8105,33621
2023-12-20 15:54:19,37,47,8105,33621
2023-12-20 15:54:19,40,47,8105,33621
2023-12-20 15:54:19,40,48,8105,33621
2023-12-20 15:54:19,41,48,8105,33621
2023-12-20 15:54:20,40,48,8105,33621
2023-12-20 15:54:21,40,49,8105,33621
2023-12-20 15:54:22,41,49,8105,33621
2023-12-20 15:54:22,42,49,8105,33621
2023-12-20 15:54:24,38,49,8105,33621
2023-12-20 15:54:24,38,46,8105,33621
2023-12-20 15:54:24,39,46,8105,33621
2023-12-20 15:54:25,38,46,8105,33621
2023-12-20 15:54:25,40,46,8105,33621
2023-12-20 15:54:26,38,46,8105,33621
2023-12-20 15:54:26,39,46,8105,33621
2023-12-20 15:54:27,38,46,8105,33621
2023-12-20 15:54:27,40,46,8105,33621
2023-12-20 15:54:29,38,46,8105,33621
2023-12-20 15:54:29,39,46,8105,33621
2023-12-20 15:54:30,38,46,8105,33621
2023-12-20 15:54:30,40,46,8105,33621
2023-12-20 15:54:34,38,46,8105,33621
2023-12-20 15:54:34,39,46,8105,33621
2023-12-20 15:54:35,38,46,8105,33621
2023-12-20 15:54:35,40,46,8105,33621
2023-12-20 15:54:37,38,46,8105,33621
2023-12-20 15:54:37,39,46,8105,33621
2023-12-20 15:54:38,39,43,8105,33621
2023-12-20 15:54:38,36,43,8105,33621
2023-12-20 15:54:38,38,43,8105,33621
2023-12-20 15:54:40,38,46,8105,33621
2023-12-20 15:54:40,38,48,8105,33621
2023-12-20 15:54:40,40,49,8105,33621
2023-12-20 15:54:40,41,49,8105,33621
2023-12-20 15:54:41,41,51,8105,33621
2023-12-20 15:54:41,44,51,8105,33621
2023-12-20 15:54:42,44,53,8105,33621
2023-12-20 15:54:42,51,54,8105,33621
2023-12-20 15:54:42,54,55,8180,33696
2023-12-20 15:54:42,54,55,8240,33756
2023-12-20 15:54:43,54,62,8241,33758
2023-12-20 15:54:43,52,62,8241,33758
2023-12-20 15:54:43,52,59,8241,33758
2023-12-20 15:54:44,51,59,8241,33758
2023-12-20 15:54:45,52,59,8241,33758
2023-12-20 15:54:46,52,62,8241,33758
2023-12-20 15:54:46,54,62,8241,33758
2023-12-20 15:54:47,54,60,8241,33758
2023-12-20 15:54:48,54,62,8241,33758
2023-12-20 15:54:48,56,62,8241,33758
2023-12-20 15:54:48,56,63,8241,33758
2023-12-20 15:54:48,56,64,8241,33758
2023-12-20 15:54:49,56,65,8241,33758
2023-12-20 15:54:50,56,67,8241,33758
2023-12-20 15:54:50,61,67,8241,33758
2023-12-20 15:54:51,61,70,8241,33758
2023-12-20 15:54:52,61,67,8241,33758
2023-12-20 15:54:53,59,67,8241,33758
2023-12-20 15:54:56,59,69,8241,33758
2023-12-20 15:54:56,62,69,8241,33758
2023-12-20 15:54:56,62,70,8241,33758
2023-12-20 15:54:57,64,70,8241,33758
2023-12-20 15:54:59,62,70,8241,33758
2023-12-20 15:55:00,62,67,8241,33758
2023-12-20 15:55:00,62,67,8071,33958
