datetime,bid,ask,open_interest,volume
2023-09-21 09:30:47,24,35,100,100
2023-09-21 09:30:47,26,35,100,100
2023-09-21 09:30:47,26,34,100,100
2023-09-21 09:31:00,26,32,100,100
2023-09-21 09:31:00,30,32,100,100
2023-09-21 09:31:06,29,32,100,100
2023-09-21 09:31:06,30,32,100,100
2023-09-21 09:31:08,29,32,100,100
2023-09-21 09:31:10,29,31,100,100
2023-09-21 09:31:33,29,32,100,100
2023-09-21 09:32:02,29,31,100,100
2023-09-21 09:33:03,28,31,100,100
2023-09-21 09:33:06,28,30,100,100
2023-09-21 09:33:18,27,30,100,100
2023-09-21 09:33:20,27,29,100,100
2023-09-21 09:33:45,27,29,160,160
2023-09-21 09:33:46,27,28,160,160
2023-09-21 09:33:48,26,28,160,160
2023-09-21 09:34:05,26,27,160,160
2023-09-21 09:34:29,26,28,160,160
2023-09-21 09:34:33,26,29,160,160
2023-09-21 09:34:34,26,28,160,160
2023-09-21 09:34:34,27,28,160,160
2023-09-21 09:34:35,27,29,160,160
2023-09-21 09:34:36,27,28,160,160
2023-09-21 09:34:43,28,30,260,260
2023-09-21 09:35:01,29,30,260,260
2023-09-21 09:35:08,28,30,260,260
2023-09-21 09:35:41,29,30,260,260
2023-09-21 09:35:48,29,31,260,260
2023-09-21 09:35:50,30,31,260,260
2023-09-21 09:35:53,30,32,260,260
2023-09-21 09:36:12,31,32,260,260
2023-09-21 09:36:14,31,33,260,260
2023-09-21 09:36:22,30,33,260,260
2023-09-21 09:36:23,31,33,260,260
2023-09-21 09:36:24,30,33,260,260
2023-09-21 09:36:26,30,32,260,260
2023-09-21 09:36:41,29,32,260,260
2023-09-21 09:36:44,31,32,260,260
2023-09-21 09:36:49,29,31,260,385
2023-09-21 09:37:01,28,31,260,385
2023-09-21 09:37:10,28,30,260,385
2023-09-21 09:37:13,28,29,260,385
2023-09-21 09:37:20,27,29,260,385
2023-09-21 09:37:44,28,29,260,385
2023-09-21 09:38:03,27,30,260,385
2023-09-21 09:38:07,27,29,260,385
2023-09-21 09:38:39,27,28,260,385
2023-09-21 09:38:40,26,28,260,385
2023-09-21 09:38:51,26,27,260,385
2023-09-21 09:39:11,26,28,260,385
2023-09-21 09:39:50,25,28,260,385
2023-09-21 09:39:50,25,27,260,385
2023-09-21 09:39:57,25,26,260,385
2023-09-21 09:39:58,24,26,260,385
2023-09-21 09:40:34,25,26,260,385
2023-09-21 09:40:34,25,27,260,385
2023-09-21 09:40:51,24,27,260,385
2023-09-21 09:41:05,25,27,260,385
2023-09-21 09:41:06,24,27,260,385
2023-09-21 09:41:07,25,27,260,385
2023-09-21 09:41:13,25,28,260,385
2023-09-21 09:41:21,25,27,260,385
2023-09-21 09:41:22,25,28,260,385
2023-09-21 09:41:23,26,28,260,385
2023-09-21 09:42:07,25,28,260,385
2023-09-21 09:42:08,25,27,260,385
2023-09-21 09:42:12,24,27,260,385
2023-09-21 09:42:15,25,27,260,385
2023-09-21 09:42:16,24,27,260,385
2023-09-21 09:42:24,24,26,260,385
2023-09-21 09:42:56,24,25,260,385
2023-09-21 09:43:06,24,26,260,385
2023-09-21 09:43:33,24,25,260,385
2023-09-21 09:43:42,24,26,260,385
2023-09-21 09:44:23,24,25,260,385
2023-09-21 09:45:03,24,25,410,535
2023-09-21 09:45:05,24,25,550,675
2023-09-21 09:45:32,24,26,550,675
2023-09-21 09:46:08,25,26,550,675
2023-09-21 09:46:08,25,27,550,675
2023-09-21 09:46:20,25,28,550,675
2023-09-21 09:46:31,25,27,550,675
2023-09-21 09:46:41,24,27,550,675
2023-09-21 09:46:47,24,26,550,675
2023-09-21 09:47:45,24,27,550,675
2023-09-21 09:47:46,24,26,550,675
2023-09-21 09:47:54,24,27,550,675
2023-09-21 09:47:57,25,27,550,675
2023-09-21 09:48:12,25,28,550,675
2023-09-21 09:48:12,25,27,550,675
2023-09-21 09:48:19,26,27,550,675
2023-09-21 09:48:19,26,27,670,795
2023-09-21 09:48:19,26,28,670,795
2023-09-21 09:48:21,26,28,870,995
2023-09-21 09:48:23,26,28,940,1065
2023-09-21 09:48:23,26,27,940,1065
2023-09-21 09:48:47,25,27,940,1065
2023-09-21 09:48:47,25,26,940,1065
2023-09-21 09:48:49,25,27,940,1135
2023-09-21 09:49:04,25,26,940,1135
2023-09-21 09:49:04,24,26,940,1135
2023-09-21 09:49:23,24,25,940,1135
2023-09-21 09:49:26,24,26,940,1135
2023-09-21 09:49:50,24,25,940,1135
2023-09-21 09:50:02,24,26,940,1135
2023-09-21 09:50:05,24,25,940,1135
2023-09-21 09:50:08,23,25,940,1135
2023-09-21 09:50:36,23,24,940,1135
2023-09-21 09:51:54,23,24,940,1235
2023-09-21 09:51:55,23,25,940,1235
2023-09-21 09:52:01,23,26,940,1235
2023-09-21 09:52:04,23,25,940,1235
2023-09-21 09:52:26,23,26,940,1235
2023-09-21 09:52:27,23,25,940,1235
2023-09-21 09:52:28,23,26,940,1235
2023-09-21 09:52:29,23,25,940,1235
2023-09-21 09:52:31,23,26,940,1235
2023-09-21 09:52:34,23,25,940,1235
2023-09-21 09:52:55,23,24,940,1235
2023-09-21 09:52:56,22,24,940,1235
2023-09-21 09:53:16,22,23,940,1235
2023-09-21 09:53:17,22,23,970,1265
2023-09-21 09:53:24,22,23,1070,1365
2023-09-21 09:53:31,21,23,1070,1365
2023-09-21 09:54:04,21,22,1070,1365
2023-09-21 09:54:10,21,23,1070,1365
2023-09-21 09:54:58,21,24,1070,1365
2023-09-21 09:55:00,22,24,1070,1365
2023-09-21 09:55:05,21,24,1070,1365
2023-09-21 09:55:19,21,23,1070,1365
2023-09-21 09:55:25,21,24,1070,1365
2023-09-21 09:55:26,21,23,1070,1365
2023-09-21 09:55:27,21,24,1070,1365
2023-09-21 09:55:33,21,23,1070,1365
2023-09-21 09:55:34,21,24,1070,1365
2023-09-21 09:55:35,21,23,1070,1365
2023-09-21 09:55:52,21,22,1070,1365
2023-09-21 09:56:38,20,22,1070,1365
2023-09-21 09:58:34,20,21,1070,1365
2023-09-21 09:59:04,20,22,1070,1365
2023-09-21 09:59:21,20,21,1070,1365
2023-09-21 09:59:36,19,21,1070,1365
2023-09-21 09:59:47,19,20,1070,1365
2023-09-21 09:59:57,18,20,1070,1365
2023-09-21 10:00:00,18,19,1070,1365
2023-09-21 10:00:01,18,20,1070,1365
2023-09-21 10:00:04,18,21,1070,1365
2023-09-21 10:00:04,19,21,1070,1365
2023-09-21 10:00:31,18,21,1070,1365
2023-09-21 10:00:32,18,20,1070,1365
2023-09-21 10:00:40,18,21,1070,1365
2023-09-21 10:00:46,18,20,1070,1365
2023-09-21 10:00:50,18,21,1070,1365
2023-09-21 10:00:52,18,20,1070,1365
2023-09-21 10:00:54,18,21,1070,1365
2023-09-21 10:00:55,18,20,1070,1365
2023-09-21 10:01:33,18,21,1070,1365
2023-09-21 10:01:38,18,20,1070,1365
2023-09-21 10:01:40,18,21,1070,1365
2023-09-21 10:01:47,18,20,1070,1365
2023-09-21 10:01:54,18,21,1070,1365
2023-09-21 10:01:56,18,20,1070,1365
2023-09-21 10:01:59,18,21,1070,1365
2023-09-21 10:02:11,18,20,1070,1365
2023-09-21 10:02:16,18,21,1070,1365
2023-09-21 10:02:18,18,20,1070,1365
2023-09-21 10:02:19,18,21,1070,1365
2023-09-21 10:02:24,19,21,1070,1365
2023-09-21 10:02:59,18,21,1070,1365
2023-09-21 10:03:09,18,20,1070,1365
2023-09-21 10:03:19,18,21,1070,1365
2023-09-21 10:03:33,18,20,1070,1365
2023-09-21 10:03:34,18,21,1070,1365
2023-09-21 10:03:36,18,20,1070,1365
2023-09-21 10:03:45,18,21,1070,1365
2023-09-21 10:03:46,18,20,1070,1365
2023-09-21 10:04:02,18,19,1070,1365
2023-09-21 10:04:03,18,20,1070,1365
2023-09-21 10:05:21,18,19,1070,1365
2023-09-21 10:05:23,18,19,1218,1513
2023-09-21 10:05:46,18,20,1218,1513
2023-09-21 10:05:50,18,21,1218,1513
2023-09-21 10:05:51,18,20,1218,1513
2023-09-21 10:05:56,18,21,1218,1513
2023-09-21 10:06:02,18,20,1218,1513
2023-09-21 10:06:03,18,21,1218,1513
2023-09-21 10:06:05,18,20,1218,1513
2023-09-21 10:06:06,18,21,1218,1513
2023-09-21 10:06:08,18,20,1218,1513
2023-09-21 10:06:11,18,21,1218,1513
2023-09-21 10:06:13,19,21,1218,1513
2023-09-21 10:06:24,19,22,1218,1513
2023-09-21 10:06:24,20,22,1218,1513
2023-09-21 10:06:26,21,22,1218,1513
2023-09-21 10:06:27,21,23,1218,1513
2023-09-21 10:06:53,21,22,1218,1513
2023-09-21 10:06:57,20,22,1218,1513
2023-09-21 10:07:00,20,23,1218,2313
2023-09-21 10:07:01,21,23,1218,2313
2023-09-21 10:07:02,20,23,1218,2313
2023-09-21 10:07:10,21,23,1218,2313
2023-09-21 10:07:11,21,23,1318,2413
2023-09-21 10:07:12,20,23,1318,2413
2023-09-21 10:07:23,21,23,1318,2413
2023-09-21 10:07:36,22,23,1318,2413
2023-09-21 10:07:43,22,24,1318,2413
2023-09-21 10:09:07,23,24,1318,2413
2023-09-21 10:09:42,23,25,1318,2413
2023-09-21 10:09:45,24,25,1318,2413
2023-09-21 10:10:01,24,26,1318,2413
2023-09-21 10:10:02,25,26,1318,2413
2023-09-21 10:10:09,25,27,1318,2413
2023-09-21 10:10:29,25,27,1518,2613
2023-09-21 10:10:31,25,27,1718,2813
2023-09-21 10:10:34,24,27,1718,2813
2023-09-21 10:10:42,24,26,1718,2813
2023-09-21 10:11:00,23,26,1718,2813
2023-09-21 10:11:08,23,25,1718,2813
2023-09-21 10:11:18,23,26,1718,2813
2023-09-21 10:11:28,24,26,1718,2813
2023-09-21 10:11:31,24,27,1718,2813
2023-09-21 10:11:42,25,27,1718,2813
2023-09-21 10:11:46,24,27,1718,2813
2023-09-21 10:11:50,24,27,1719,2814
2023-09-21 10:11:53,24,26,1719,2814
2023-09-21 10:12:00,23,26,1719,2814
2023-09-21 10:12:05,24,26,1719,2814
2023-09-21 10:12:07,23,26,1719,2814
2023-09-21 10:12:11,24,26,1719,2814
2023-09-21 10:12:12,23,26,1719,2814
2023-09-21 10:12:28,23,25,1719,2814
2023-09-21 10:12:44,23,24,1719,2814
2023-09-21 10:12:44,23,24,1899,2994
2023-09-21 10:12:45,22,24,1899,2994
2023-09-21 10:14:02,23,24,1899,2994
2023-09-21 10:14:03,23,25,1899,2994
2023-09-21 10:14:08,22,25,1899,2994
2023-09-21 10:14:09,23,25,1899,2994
2023-09-21 10:14:13,23,26,1899,2994
2023-09-21 10:14:40,23,25,1899,2994
2023-09-21 10:14:43,22,25,1899,2994
2023-09-21 10:14:59,23,25,1899,2994
2023-09-21 10:15:03,23,26,1899,2994
2023-09-21 10:15:03,23,25,1899,2994
2023-09-21 10:15:04,23,26,1899,2994
2023-09-21 10:15:04,24,26,1899,2994
2023-09-21 10:15:28,24,25,1899,2994
2023-09-21 10:15:28,23,25,1899,2994
2023-09-21 10:15:29,23,26,1899,2994
2023-09-21 10:15:37,24,26,1899,2994
2023-09-21 10:15:38,24,27,1899,2994
2023-09-21 10:15:51,24,26,1899,2994
2023-09-21 10:15:52,24,27,1899,2994
2023-09-21 10:15:55,24,26,1899,2994
2023-09-21 10:15:57,24,27,1899,2994
2023-09-21 10:15:58,25,27,1899,2994
2023-09-21 10:16:38,26,27,1899,2994
2023-09-21 10:17:05,26,28,1899,2994
2023-09-21 10:17:22,26,29,1899,2994
2023-09-21 10:17:22,27,29,1899,2994
2023-09-21 10:17:34,28,29,1899,2994
2023-09-21 10:17:38,28,30,1899,2994
2023-09-21 10:18:07,29,30,1899,2994
2023-09-21 10:18:08,29,31,1899,2994
2023-09-21 10:18:30,29,32,1899,2994
2023-09-21 10:18:31,30,32,1899,2994
2023-09-21 10:18:33,31,32,1899,2994
2023-09-21 10:18:42,30,32,1899,2994
2023-09-21 10:18:50,31,32,1899,2994
2023-09-21 10:19:05,31,33,1899,2994
2023-09-21 10:19:14,32,33,1899,2994
2023-09-21 10:19:21,31,33,1899,2994
2023-09-21 10:19:24,30,33,1899,2994
2023-09-21 10:19:29,30,32,1899,2994
2023-09-21 10:19:32,30,33,1899,2994
2023-09-21 10:19:33,31,33,1899,2994
2023-09-21 10:19:42,32,33,1899,2994
2023-09-21 10:20:01,31,33,1899,2994
2023-09-21 10:20:05,30,33,1899,2994
2023-09-21 10:20:09,30,32,1899,2994
2023-09-21 10:20:44,31,32,1899,2994
2023-09-21 10:20:44,31,33,1899,2994
2023-09-21 10:20:49,30,33,1899,2994
2023-09-21 10:20:50,30,32,1899,2994
2023-09-21 10:20:57,31,32,1899,2994
2023-09-21 10:20:59,30,32,1899,2994
2023-09-21 10:21:06,31,32,1899,2994
2023-09-21 10:21:08,30,32,1899,2994
2023-09-21 10:21:09,31,32,1899,2994
2023-09-21 10:21:10,30,32,1899,2994
2023-09-21 10:21:14,31,32,1899,2994
2023-09-21 10:21:15,31,33,1899,2994
2023-09-21 10:22:00,32,33,1899,2994
2023-09-21 10:22:00,32,33,1899,3094
2023-09-21 10:22:01,32,34,1899,3094
2023-09-21 10:22:16,31,34,1899,3094
2023-09-21 10:22:16,31,33,1899,3094
2023-09-21 10:22:27,30,33,1899,3094
2023-09-21 10:22:27,30,32,1899,3094
2023-09-21 10:22:28,31,32,1899,3094
2023-09-21 10:22:28,31,33,1999,3194
2023-09-21 10:22:29,30,33,1999,3194
2023-09-21 10:22:33,31,33,1999,3194
2023-09-21 10:22:34,30,33,1999,3194
2023-09-21 10:22:44,30,32,1999,3194
2023-09-21 10:23:06,30,31,1999,3194
2023-09-21 10:23:12,29,31,1999,3194
2023-09-21 10:23:17,29,30,1999,3194
2023-09-21 10:23:17,28,30,1999,3194
2023-09-21 10:23:32,29,30,1999,3194
2023-09-21 10:23:32,29,31,1999,3194
2023-09-21 10:23:43,28,31,1999,3194
2023-09-21 10:23:53,28,30,1999,3194
2023-09-21 10:23:56,27,30,1999,3194
2023-09-21 10:24:01,28,30,1999,3194
2023-09-21 10:24:02,27,30,1999,3194
2023-09-21 10:24:03,28,30,1999,3194
2023-09-21 10:24:12,27,30,1999,3194
2023-09-21 10:24:14,27,29,1999,3194
2023-09-21 10:24:17,28,29,1999,3194
2023-09-21 10:24:18,27,29,1999,3194
2023-09-21 10:24:31,28,29,1999,3194
2023-09-21 10:24:34,27,29,1999,3194
2023-09-21 10:24:59,28,29,1999,3194
2023-09-21 10:25:00,27,29,1999,3194
2023-09-21 10:25:01,28,29,1999,3194
2023-09-21 10:25:05,27,29,1999,3194
2023-09-21 10:25:06,28,29,1999,3194
2023-09-21 10:25:07,28,30,1999,3194
2023-09-21 10:25:17,27,30,1999,3194
2023-09-21 10:25:25,27,29,1999,3194
2023-09-21 10:25:49,27,28,1999,3194
2023-09-21 10:26:10,26,28,1999,3194
2023-09-21 10:26:22,26,27,1999,3194
2023-09-21 10:26:32,26,28,1999,3194
2023-09-21 10:26:33,26,27,1999,3194
2023-09-21 10:26:35,26,28,1999,3194
2023-09-21 10:26:37,26,27,1999,3194
2023-09-21 10:26:38,26,28,1999,3194
2023-09-21 10:26:40,26,27,1999,3194
2023-09-21 10:26:48,25,27,1999,3194
2023-09-21 10:26:49,24,27,1999,3194
2023-09-21 10:26:51,24,26,1999,3194
2023-09-21 10:26:52,25,26,1999,3194
2023-09-21 10:26:52,25,27,1999,3194
2023-09-21 10:26:53,25,28,1999,3194
2023-09-21 10:26:53,25,27,1999,3194
2023-09-21 10:27:16,26,27,1999,3194
2023-09-21 10:27:18,26,28,1999,3194
2023-09-21 10:27:19,27,28,1999,3194
2023-09-21 10:27:27,26,28,1999,3194
2023-09-21 10:27:32,26,27,1999,3194
2023-09-21 10:27:41,25,27,1999,3194
2023-09-21 10:28:14,24,27,1999,3194
2023-09-21 10:28:17,24,26,1999,3194
2023-09-21 10:28:42,24,27,1999,3194
2023-09-21 10:28:43,25,27,1999,3194
2023-09-21 10:28:46,24,27,1999,3194
2023-09-21 10:28:49,25,28,1999,3194
2023-09-21 10:28:57,25,27,1999,3194
2023-09-21 10:29:01,24,27,1999,3194
2023-09-21 10:29:28,24,26,1999,3194
2023-09-21 10:30:09,23,26,1999,3194
2023-09-21 10:30:09,23,25,1999,3194
2023-09-21 10:31:23,23,24,1999,3194
2023-09-21 10:31:24,22,24,1999,3194
2023-09-21 10:31:36,22,25,1999,3194
2023-09-21 10:31:46,23,25,1999,3194
2023-09-21 10:32:08,24,25,1999,3194
2023-09-21 10:32:08,24,26,1999,3194
2023-09-21 10:32:09,24,27,1999,3194
2023-09-21 10:32:09,25,27,1999,3194
2023-09-21 10:32:16,24,27,1999,3194
2023-09-21 10:32:19,24,26,1999,3194
2023-09-21 10:32:25,24,25,1999,3194
2023-09-21 10:32:25,23,25,1999,3194
2023-09-21 10:32:27,22,25,1999,3194
2023-09-21 10:32:39,22,24,1999,3194
2023-09-21 10:32:44,22,23,1999,3194
2023-09-21 10:33:04,22,24,1999,3194
2023-09-21 10:33:12,22,25,1999,3194
2023-09-21 10:33:13,23,25,1999,3194
2023-09-21 10:33:22,23,26,1999,3194
2023-09-21 10:33:25,24,26,1999,3194
2023-09-21 10:33:36,23,26,1999,3194
2023-09-21 10:33:40,23,25,1999,3194
2023-09-21 10:33:44,23,26,1999,3194
2023-09-21 10:34:00,23,25,1999,3194
2023-09-21 10:34:12,22,25,1999,3194
2023-09-21 10:34:14,23,25,1999,3194
2023-09-21 10:34:17,22,25,1999,3194
2023-09-21 10:34:34,23,25,1999,3194
2023-09-21 10:35:07,22,25,1999,3194
2023-09-21 10:35:14,23,25,1999,3194
2023-09-21 10:35:14,23,26,1999,3194
2023-09-21 10:35:19,24,26,1999,3194
2023-09-21 10:35:26,23,26,1999,3194
2023-09-21 10:35:29,24,26,1999,3194
2023-09-21 10:35:34,23,26,1999,3194
2023-09-21 10:36:17,24,26,1999,3194
2023-09-21 10:36:21,25,26,1999,3194
2023-09-21 10:36:22,25,27,1999,3194
2023-09-21 10:36:22,26,27,1999,3194
2023-09-21 10:36:30,25,27,1999,3194
2023-09-21 10:36:44,26,27,1999,3194
2023-09-21 10:36:58,26,27,2099,3294
2023-09-21 10:37:02,26,27,2199,3394
2023-09-21 10:37:05,26,27,2299,3494
2023-09-21 10:37:09,26,27,2399,3594
2023-09-21 10:37:11,26,27,2499,3694
2023-09-21 10:37:14,26,27,2599,3794
2023-09-21 10:37:15,26,27,2699,3894
2023-09-21 10:38:22,26,27,2699,4074
2023-09-21 10:38:29,26,27,2699,4134
2023-09-21 10:38:31,26,27,2699,4197
2023-09-21 10:38:32,26,27,2899,4397
2023-09-21 10:38:38,26,27,2999,4497
2023-09-21 10:38:41,26,27,3099,4597
2023-09-21 10:38:44,26,27,3199,4697
2023-09-21 10:38:49,26,27,3399,4897
2023-09-21 10:38:49,26,27,3399,5014
2023-09-21 10:38:50,26,27,3399,5164
2023-09-21 10:38:50,26,29,3429,5194
2023-09-21 10:38:52,27,29,3429,5194
2023-09-21 10:38:53,28,29,3429,5194
2023-09-21 10:39:00,28,30,3429,5194
2023-09-21 10:39:23,29,30,3429,5194
2023-09-21 10:39:34,29,31,3429,5194
2023-09-21 10:39:43,30,31,3429,5194
2023-09-21 10:39:44,30,32,3429,5194
2023-09-21 10:40:15,29,32,3429,5194
2023-09-21 10:40:21,29,31,3429,5194
2023-09-21 10:40:27,28,31,3429,5194
2023-09-21 10:40:29,28,30,3429,5194
2023-09-21 10:40:33,28,31,3429,5194
2023-09-21 10:40:50,29,31,3429,5194
2023-09-21 10:40:59,29,32,3429,5194
2023-09-21 10:41:08,30,32,3429,5194
2023-09-21 10:41:16,31,32,3429,5194
2023-09-21 10:41:24,31,33,3429,5194
2023-09-21 10:41:46,32,33,3429,5194
2023-09-21 10:41:49,33,34,3429,5194
2023-09-21 10:41:51,33,34,3429,5394
2023-09-21 10:41:51,31,34,3429,5394
2023-09-21 10:41:51,31,33,3429,5394
2023-09-21 10:41:52,32,33,3429,5394
2023-09-21 10:41:53,31,33,3429,5394
2023-09-21 10:41:54,32,33,3429,5394
2023-09-21 10:41:55,31,33,3429,5394
2023-09-21 10:42:05,32,33,3429,5394
2023-09-21 10:42:06,31,33,3429,5394
2023-09-21 10:42:19,31,32,3429,5394
2023-09-21 10:42:19,30,32,3429,5394
2023-09-21 10:42:34,31,32,3429,5394
2023-09-21 10:42:35,31,33,3429,5394
2023-09-21 10:42:54,30,33,3429,5394
2023-09-21 10:42:55,31,33,3429,5394
2023-09-21 10:42:58,30,33,3429,5394
2023-09-21 10:42:59,31,33,3429,5394
2023-09-21 10:43:00,30,33,3429,5394
2023-09-21 10:43:01,30,32,3429,5394
2023-09-21 10:43:05,31,32,3429,5394
2023-09-21 10:43:06,31,33,3429,5394
2023-09-21 10:43:08,31,32,3429,5394
2023-09-21 10:43:11,31,33,3429,5394
2023-09-21 10:43:19,31,32,3429,5394
2023-09-21 10:43:32,31,32,3459,5424
2023-09-21 10:43:33,30,31,3459,5646
2023-09-21 10:43:51,30,32,3459,5646
2023-09-21 10:43:59,30,31,3459,5646
2023-09-21 10:44:01,30,31,3459,5846
2023-09-21 10:44:01,29,30,3530,5917
2023-09-21 10:44:10,28,30,3530,5917
2023-09-21 10:44:12,28,29,3530,5917
2023-09-21 10:44:15,28,30,3530,5917
2023-09-21 10:44:34,28,29,3530,5917
2023-09-21 10:44:42,27,29,3530,5917
2023-09-21 10:44:48,27,28,3530,5917
2023-09-21 10:44:57,27,29,3530,5917
2023-09-21 10:45:18,27,28,3530,5917
2023-09-21 10:45:38,26,28,3530,5917
2023-09-21 10:45:38,26,27,3530,5917
2023-09-21 10:45:46,25,27,3530,5917
2023-09-21 10:46:03,25,28,3530,5917
2023-09-21 10:46:03,25,27,3530,5917
2023-09-21 10:46:42,26,27,3530,5917
2023-09-21 10:46:49,25,27,3530,5917
2023-09-21 10:47:15,25,26,3530,5917
2023-09-21 10:47:16,25,26,3590,5977
2023-09-21 10:47:17,24,26,3590,5977
2023-09-21 10:47:34,25,26,3590,5977
2023-09-21 10:47:37,25,27,3590,5977
2023-09-21 10:47:57,25,26,3590,5977
2023-09-21 10:47:57,24,26,3590,5977
2023-09-21 10:48:04,24,25,3590,5977
2023-09-21 10:48:11,23,25,3590,5977
2023-09-21 10:48:30,23,24,3590,5977
2023-09-21 10:49:02,22,24,3590,5977
2023-09-21 10:49:06,23,24,3590,5977
2023-09-21 10:49:07,22,24,3590,5977
2023-09-21 10:49:19,23,24,3590,5977
2023-09-21 10:49:20,22,24,3590,5977
2023-09-21 10:49:22,22,25,3590,5977
2023-09-21 10:49:22,23,25,3590,5977
2023-09-21 10:49:22,23,24,3590,5977
2023-09-21 10:49:25,22,24,3590,5977
2023-09-21 10:49:26,23,24,3590,5977
2023-09-21 10:49:30,22,24,3590,5977
2023-09-21 10:49:33,23,24,3590,5977
2023-09-21 10:49:41,22,24,3590,5977
2023-09-21 10:49:42,23,24,3590,5977
2023-09-21 10:49:43,22,24,3590,5977
2023-09-21 10:49:44,23,24,3590,5977
2023-09-21 10:49:46,22,24,3590,5977
2023-09-21 10:49:47,23,24,3590,5977
2023-09-21 10:49:56,23,25,3590,5977
2023-09-21 10:50:00,22,25,3590,5977
2023-09-21 10:50:03,22,24,3590,5977
2023-09-21 10:50:10,23,24,3590,5977
2023-09-21 10:50:12,22,24,3590,5977
2023-09-21 10:51:06,22,23,3590,5977
2023-09-21 10:51:07,21,23,3590,5977
2023-09-21 10:51:11,21,22,3590,5977
2023-09-21 10:51:16,21,22,3650,6037
2023-09-21 10:52:02,21,23,3650,6037
2023-09-21 10:52:03,22,23,3650,6037
2023-09-21 10:52:05,22,24,3650,6037
2023-09-21 10:52:10,22,23,3650,6037
2023-09-21 10:52:23,22,24,3650,6037
2023-09-21 10:52:28,22,23,3650,6037
2023-09-21 10:52:29,22,24,3650,6037
2023-09-21 10:52:49,21,24,3650,6037
2023-09-21 10:52:50,22,24,3650,6037
2023-09-21 10:52:54,21,24,3650,6037
2023-09-21 10:53:00,22,24,3650,6037
2023-09-21 10:53:00,21,24,3650,6037
2023-09-21 10:53:15,21,23,3650,6037
2023-09-21 10:53:17,21,24,3650,6037
2023-09-21 10:53:18,21,23,3650,6037
2023-09-21 10:53:19,21,24,3650,6037
2023-09-21 10:53:19,22,24,3650,6037
2023-09-21 10:53:20,22,23,3650,6037
2023-09-21 10:53:20,21,23,3650,6037
2023-09-21 10:53:21,21,24,3650,6037
2023-09-21 10:53:21,22,24,3650,6037
2023-09-21 10:53:24,22,23,3650,6037
2023-09-21 10:53:34,22,24,3650,6037
2023-09-21 10:53:54,22,23,3650,6037
2023-09-21 10:53:56,22,24,3650,6037
2023-09-21 10:54:05,23,24,3650,6037
2023-09-21 10:54:05,23,25,3650,6037
2023-09-21 10:54:12,22,25,3650,6037
2023-09-21 10:54:13,22,24,3650,6037
2023-09-21 10:54:16,23,24,3650,6037
2023-09-21 10:54:16,23,25,3650,6037
2023-09-21 10:54:48,22,25,3650,6037
2023-09-21 10:54:49,22,24,3650,6037
2023-09-21 10:55:22,22,25,3650,6037
2023-09-21 10:55:23,22,24,3650,6037
2023-09-21 10:55:34,21,24,3650,6037
2023-09-21 10:55:38,21,23,3650,6037
2023-09-21 10:55:47,22,23,3650,6037
2023-09-21 10:55:49,21,23,3650,6037
2023-09-21 10:55:53,22,23,3650,6037
2023-09-21 10:55:54,21,23,3650,6037
2023-09-21 10:55:55,21,22,3650,6037
2023-09-21 10:55:58,21,23,3650,6037
2023-09-21 10:56:04,22,23,3650,6037
2023-09-21 10:56:05,21,23,3650,6037
2023-09-21 10:56:14,21,22,3650,6037
2023-09-21 10:56:15,20,22,3650,6037
2023-09-21 10:56:16,21,22,3650,6037
2023-09-21 10:56:26,21,23,3650,6037
2023-09-21 10:56:27,21,24,3650,6037
2023-09-21 10:56:27,21,23,3650,6037
2023-09-21 10:56:29,21,24,3650,6037
2023-09-21 10:56:38,22,24,3650,6037
2023-09-21 10:56:40,21,24,3650,6037
2023-09-21 10:57:08,22,24,3650,6037
2023-09-21 10:57:09,22,25,3650,6037
2023-09-21 10:57:09,22,24,3650,6037
2023-09-21 10:57:12,21,24,3650,6037
2023-09-21 10:57:13,21,23,3650,6037
2023-09-21 10:57:30,21,22,3650,6037
2023-09-21 10:57:35,21,23,3650,6037
2023-09-21 10:57:45,21,22,3650,6037
2023-09-21 10:57:46,21,23,3650,6037
2023-09-21 10:57:50,21,22,3650,6037
2023-09-21 10:58:08,20,22,3650,6037
2023-09-21 10:58:28,19,22,3650,6037
2023-09-21 10:58:28,19,21,3650,6037
2023-09-21 10:58:32,19,20,3650,6037
2023-09-21 10:58:39,18,20,3650,6037
2023-09-21 10:58:41,19,20,3650,6037
2023-09-21 10:58:42,18,20,3650,6037
2023-09-21 10:58:52,18,19,3650,6037
2023-09-21 10:59:02,17,19,3650,6037
2023-09-21 10:59:14,18,19,3650,6037
2023-09-21 10:59:15,17,19,3650,6037
2023-09-21 10:59:22,18,19,3650,6037
2023-09-21 10:59:23,17,19,3650,6037
2023-09-21 10:59:29,17,18,3650,6037
2023-09-21 10:59:30,17,19,3650,6037
2023-09-21 10:59:37,17,18,3650,6037
2023-09-21 10:59:47,17,19,3650,6037
2023-09-21 10:59:59,18,19,3650,6037
2023-09-21 11:00:00,17,19,3650,6037
2023-09-21 11:00:03,18,19,3650,6037
2023-09-21 11:00:09,18,20,3650,6037
2023-09-21 11:01:35,18,19,3650,6037
2023-09-21 11:01:37,18,20,3650,6037
2023-09-21 11:01:40,18,19,3650,6037
2023-09-21 11:01:41,18,20,3650,6037
2023-09-21 11:02:05,18,19,3650,6037
2023-09-21 11:02:09,18,20,3650,6037
2023-09-21 11:02:12,18,19,3650,6037
2023-09-21 11:02:13,18,20,3650,6037
2023-09-21 11:02:15,18,19,3650,6037
2023-09-21 11:02:21,17,19,3650,6037
2023-09-21 11:02:22,18,19,3650,6037
2023-09-21 11:02:25,18,20,3650,6037
2023-09-21 11:03:30,17,20,3650,6037
2023-09-21 11:03:34,18,20,3650,6037
2023-09-21 11:03:38,17,20,3650,6037
2023-09-21 11:03:40,18,20,3650,6037
2023-09-21 11:03:41,17,20,3650,6037
2023-09-21 11:03:47,18,20,3650,6037
2023-09-21 11:05:01,19,20,3650,6037
2023-09-21 11:05:01,19,21,3650,6037
2023-09-21 11:05:03,19,22,3650,6037
2023-09-21 11:05:04,20,22,3650,6037
2023-09-21 11:05:09,20,23,3650,6037
2023-09-21 11:05:09,21,23,3650,6037
2023-09-21 11:06:00,21,22,3650,6037
2023-09-21 11:06:02,21,23,3650,6037
2023-09-21 11:06:03,21,22,3650,6037
2023-09-21 11:06:10,21,23,3650,6037
2023-09-21 11:06:11,21,22,3650,6037
2023-09-21 11:06:13,21,23,3650,6037
2023-09-21 11:06:18,21,22,3650,6037
2023-09-21 11:06:19,20,22,3650,6037
2023-09-21 11:06:20,19,22,3650,6037
2023-09-21 11:06:28,19,21,3650,6037
2023-09-21 11:06:30,18,21,3650,6037
2023-09-21 11:06:31,18,20,3650,6037
2023-09-21 11:06:48,19,20,3650,6037
2023-09-21 11:06:49,19,21,3650,6037
2023-09-21 11:06:55,19,22,3650,6037
2023-09-21 11:06:58,20,22,3650,6037
2023-09-21 11:07:03,20,23,3650,6037
2023-09-21 11:07:07,21,23,3650,6037
2023-09-21 11:08:07,22,23,3650,6037
2023-09-21 11:08:11,21,23,3650,6037
2023-09-21 11:08:20,21,22,3650,6037
2023-09-21 11:08:21,21,23,3650,6037
2023-09-21 11:08:22,21,22,3650,6037
2023-09-21 11:08:24,21,23,3650,6037
2023-09-21 11:08:37,21,22,3650,6037
2023-09-21 11:08:38,21,23,3650,6037
2023-09-21 11:08:39,21,22,3650,6037
2023-09-21 11:08:42,21,23,3650,6037
2023-09-21 11:08:44,21,22,3650,6037
2023-09-21 11:08:45,21,23,3650,6037
2023-09-21 11:09:00,21,22,3650,6037
2023-09-21 11:09:01,21,23,3650,6037
2023-09-21 11:09:03,21,22,3650,6037
2023-09-21 11:09:05,21,23,3650,6037
2023-09-21 11:09:06,21,22,3650,6037
2023-09-21 11:09:08,20,22,3650,6037
2023-09-21 11:09:13,19,22,3650,6037
2023-09-21 11:09:21,19,21,3650,6037
2023-09-21 11:09:37,19,20,3650,6037
2023-09-21 11:09:47,18,20,3650,6037
2023-09-21 11:09:52,18,19,3650,6037
2023-09-21 11:10:01,18,20,3650,6037
2023-09-21 11:10:06,19,20,3650,6037
2023-09-21 11:10:06,19,21,3650,6037
2023-09-21 11:10:09,18,21,3650,6037
2023-09-21 11:10:10,18,20,3650,6037
2023-09-21 11:10:11,18,21,3650,6037
2023-09-21 11:10:12,18,20,3650,6037
2023-09-21 11:11:14,19,20,3650,6037
2023-09-21 11:11:14,19,21,3650,6037
2023-09-21 11:11:17,19,20,3650,6037
2023-09-21 11:11:20,19,21,3650,6037
2023-09-21 11:11:27,19,20,3650,6037
2023-09-21 11:11:28,19,21,3650,6037
2023-09-21 11:11:31,19,22,3650,6037
2023-09-21 11:11:37,19,21,3650,6037
2023-09-21 11:12:03,19,22,3650,6037
2023-09-21 11:12:15,19,21,3650,6037
2023-09-21 11:12:17,18,21,3650,6037
2023-09-21 11:12:22,19,21,3650,6037
2023-09-21 11:12:24,18,21,3650,6037
2023-09-21 11:12:51,19,21,3650,6037
2023-09-21 11:12:53,18,21,3650,6037
2023-09-21 11:12:56,18,20,3650,6037
2023-09-21 11:13:01,18,19,3650,6037
2023-09-21 11:13:02,18,20,3650,6037
2023-09-21 11:13:03,18,19,3650,6037
2023-09-21 11:13:20,18,20,3650,6037
2023-09-21 11:13:37,18,19,3650,6037
2023-09-21 11:13:39,18,20,3650,6037
2023-09-21 11:13:40,18,19,3650,6037
2023-09-21 11:13:45,17,19,3650,6037
2023-09-21 11:13:54,16,19,3650,6037
2023-09-21 11:13:54,16,18,3650,6037
2023-09-21 11:13:55,16,17,3650,6037
2023-09-21 11:14:07,15,17,3650,6037
2023-09-21 11:14:09,15,16,3650,6037
2023-09-21 11:14:15,15,17,3650,6037
2023-09-21 11:14:17,15,16,3650,6037
2023-09-21 11:14:53,15,17,3650,6037
2023-09-21 11:14:56,15,16,3650,6037
2023-09-21 11:14:57,15,17,3650,6037
2023-09-21 11:14:59,16,17,3650,6037
2023-09-21 11:15:00,15,17,3650,6037
2023-09-21 11:15:08,15,16,3650,6037
2023-09-21 11:15:09,15,17,3650,6037
2023-09-21 11:15:11,15,16,3650,6037
2023-09-21 11:15:12,15,17,3650,6037
2023-09-21 11:15:14,15,16,3650,6037
2023-09-21 11:15:27,15,17,3650,6037
2023-09-21 11:15:41,15,16,3650,6037
2023-09-21 11:15:57,14,16,3650,6037
2023-09-21 11:16:23,14,15,3650,6037
2023-09-21 11:16:47,14,16,3650,6037
2023-09-21 11:17:00,14,15,3650,6037
2023-09-21 11:17:08,14,16,3650,6037
2023-09-21 11:17:21,14,15,3650,6037
2023-09-21 11:18:41,13,15,3650,6037
2023-09-21 11:18:41,13,14,3650,6037
2023-09-21 11:19:03,13,15,3650,6037
2023-09-21 11:19:05,13,14,3650,6037
2023-09-21 11:19:08,13,15,3650,6037
2023-09-21 11:19:12,13,14,3650,6037
2023-09-21 11:19:13,13,15,3650,6037
2023-09-21 11:19:16,13,14,3650,6037
2023-09-21 11:19:21,13,15,3650,6037
2023-09-21 11:19:22,13,14,3650,6037
2023-09-21 11:19:23,13,15,3650,6037
2023-09-21 11:19:24,13,14,3650,6037
2023-09-21 11:19:30,13,15,3650,6037
2023-09-21 11:19:33,14,15,3650,6037
2023-09-21 11:20:06,13,15,3650,6037
2023-09-21 11:20:07,13,14,3650,6037
2023-09-21 11:20:07,13,14,3530,6157
2023-09-21 11:20:11,14,15,3530,6247
2023-09-21 11:20:13,13,15,3530,6247
2023-09-21 11:20:14,14,15,3530,6247
2023-09-21 11:20:19,14,16,3530,6247
2023-09-21 11:20:19,14,17,3530,6247
2023-09-21 11:20:19,14,16,3530,6247
2023-09-21 11:20:20,15,16,3530,6247
2023-09-21 11:20:22,15,17,3530,6247
2023-09-21 11:20:27,15,18,3530,6247
2023-09-21 11:20:27,15,17,3530,6247
2023-09-21 11:20:35,15,18,3530,6247
2023-09-21 11:20:35,15,17,3530,6247
2023-09-21 11:20:42,16,17,3530,6247
2023-09-21 11:20:43,17,18,3630,6347
2023-09-21 11:20:43,17,19,3630,6347
2023-09-21 11:20:43,17,18,3630,6347
2023-09-21 11:20:44,17,19,3630,6347
2023-09-21 11:20:44,17,18,3630,6347
2023-09-21 11:20:57,16,18,3630,6347
2023-09-21 11:21:23,16,19,3630,6347
2023-09-21 11:21:23,16,18,3630,6347
2023-09-21 11:21:26,17,18,3630,6347
2023-09-21 11:21:35,16,18,3630,6347
2023-09-21 11:21:50,17,18,3630,6347
2023-09-21 11:21:51,16,18,3630,6347
2023-09-21 11:21:52,16,17,3630,6347
2023-09-21 11:22:38,16,17,3730,6447
2023-09-21 11:23:32,15,17,3730,6447
2023-09-21 11:23:47,15,16,3730,6447
2023-09-21 11:23:48,15,17,3730,6447
2023-09-21 11:24:01,15,16,3730,6447
2023-09-21 11:24:09,14,16,3730,6447
2023-09-21 11:24:30,14,15,3730,6447
2023-09-21 11:25:03,14,15,3730,7247
2023-09-21 11:25:04,13,15,3730,7247
2023-09-21 11:25:19,13,14,3730,7247
2023-09-21 11:27:34,12,14,3730,7247
2023-09-21 11:30:12,13,14,3730,7247
2023-09-21 11:30:23,12,14,3730,7247
2023-09-21 11:30:44,13,14,3730,7247
2023-09-21 11:31:05,13,14,3730,7367
2023-09-21 11:31:06,13,14,3930,7567
2023-09-21 11:31:06,13,14,4130,7767
2023-09-21 11:31:07,13,14,4130,7917
2023-09-21 11:31:07,13,15,4130,7917
2023-09-21 11:31:07,14,15,4130,7917
2023-09-21 11:31:11,14,17,4130,7945
2023-09-21 11:31:18,15,17,4130,7945
2023-09-21 11:31:19,15,17,4137,7952
2023-09-21 11:31:19,16,17,4137,7952
2023-09-21 11:31:22,15,16,4355,8170
2023-09-21 11:31:47,14,16,4355,8170
2023-09-21 11:32:56,15,16,4355,8170
2023-09-21 11:33:05,14,16,4355,8170
2023-09-21 11:33:09,15,16,4355,8170
2023-09-21 11:33:13,14,16,4355,8170
2023-09-21 11:33:14,15,16,4355,8170
2023-09-21 11:33:15,14,16,4355,8170
2023-09-21 11:33:18,15,16,4355,8170
2023-09-21 11:33:20,14,16,4355,8170
2023-09-21 11:33:30,15,16,4355,8170
2023-09-21 11:34:03,15,18,4367,8182
2023-09-21 11:34:05,15,19,4367,8182
2023-09-21 11:34:05,16,19,4367,8182
2023-09-21 11:34:06,17,19,4367,8182
2023-09-21 11:34:09,18,19,4367,8182
2023-09-21 11:34:13,17,19,4367,8182
2023-09-21 11:34:21,17,18,4367,8182
2023-09-21 11:34:27,15,18,4367,8182
2023-09-21 11:34:27,16,18,4367,8182
2023-09-21 11:34:41,17,18,4367,8182
2023-09-21 11:34:44,17,19,4367,8182
2023-09-21 11:35:10,18,19,4367,8182
2023-09-21 11:36:04,17,19,4367,8182
2023-09-21 11:36:10,18,19,4367,8182
2023-09-21 11:36:12,17,19,4367,8182
2023-09-21 11:36:29,18,19,4367,8182
2023-09-21 11:36:43,17,19,4367,8182
2023-09-21 11:36:45,18,19,4367,8182
2023-09-21 11:36:46,17,19,4367,8182
2023-09-21 11:36:59,18,19,4367,8182
2023-09-21 11:37:32,17,19,4367,8182
2023-09-21 11:37:33,17,18,4367,8182
2023-09-21 11:37:50,16,18,4367,8182
2023-09-21 11:37:51,16,17,4367,8182
2023-09-21 11:37:55,16,18,4367,8182
2023-09-21 11:37:56,15,18,4367,8182
2023-09-21 11:37:57,15,17,4367,8182
2023-09-21 11:37:58,16,17,4367,8182
2023-09-21 11:37:59,15,17,4367,8182
2023-09-21 11:38:01,15,16,4367,8182
2023-09-21 11:38:38,15,17,4367,8182
2023-09-21 11:38:38,16,17,4367,8182
2023-09-21 11:38:43,15,17,4367,8182
2023-09-21 11:38:46,16,17,4367,8182
2023-09-21 11:38:48,15,17,4367,8182
2023-09-21 11:38:49,16,17,4367,8182
2023-09-21 11:39:05,15,17,4367,8182
2023-09-21 11:39:07,16,17,4367,8182
2023-09-21 11:39:10,15,17,4367,8182
2023-09-21 11:39:17,15,16,4367,8182
2023-09-21 11:39:32,15,17,4367,8182
2023-09-21 11:39:32,16,17,4367,8182
2023-09-21 11:40:33,16,18,4367,8182
2023-09-21 11:40:35,16,17,4367,8182
2023-09-21 11:41:04,15,17,4367,8182
2023-09-21 11:41:05,15,16,4367,8182
2023-09-21 11:41:40,14,16,4367,8182
2023-09-21 11:41:42,15,16,4367,8182
2023-09-21 11:42:01,14,16,4367,8182
2023-09-21 11:42:02,15,16,4367,8182
2023-09-21 11:42:23,14,16,4367,8182
2023-09-21 11:42:29,14,15,4367,8182
2023-09-21 11:42:30,14,16,4367,8182
2023-09-21 11:42:39,14,15,4367,8182
2023-09-21 11:42:40,13,15,4367,8182
2023-09-21 11:42:50,13,14,4367,8182
2023-09-21 11:42:57,13,15,4367,8182
2023-09-21 11:43:02,13,16,4367,8182
2023-09-21 11:43:02,14,16,4367,8182
2023-09-21 11:43:07,14,15,4367,8182
2023-09-21 11:43:09,14,16,4367,8182
2023-09-21 11:43:10,14,15,4367,8182
2023-09-21 11:43:10,13,15,4367,8182
2023-09-21 11:43:13,14,15,4367,8182
2023-09-21 11:43:15,14,16,4367,8182
2023-09-21 11:43:18,14,15,4367,8182
2023-09-21 11:43:19,13,15,4367,8182
2023-09-21 11:43:24,14,15,4367,8182
2023-09-21 11:43:24,13,15,4367,8182
2023-09-21 11:43:32,13,16,4367,8182
2023-09-21 11:43:32,14,16,4367,8182
2023-09-21 11:43:36,14,15,4367,8182
2023-09-21 11:43:38,13,15,4367,8182
2023-09-21 11:43:47,14,15,4367,8182
2023-09-21 11:43:48,13,15,4367,8182
2023-09-21 11:43:49,14,15,4367,8182
2023-09-21 11:43:50,13,15,4367,8182
2023-09-21 11:43:58,13,16,4367,8182
2023-09-21 11:43:58,14,16,4367,8182
2023-09-21 11:44:06,13,16,4367,8182
2023-09-21 11:44:07,14,16,4367,8182
2023-09-21 11:44:08,13,16,4367,8182
2023-09-21 11:44:09,13,15,4367,8182
2023-09-21 11:44:18,13,16,4367,8182
2023-09-21 11:44:20,13,15,4367,8182
2023-09-21 11:44:31,13,16,4367,8182
2023-09-21 11:44:32,14,16,4367,8182
2023-09-21 11:44:45,14,16,4377,8192
2023-09-21 11:44:46,14,17,4377,8192
2023-09-21 11:44:46,15,17,4377,8192
2023-09-21 11:45:19,15,17,4377,8392
2023-09-21 11:45:19,16,17,4377,8392
2023-09-21 11:45:20,16,18,4377,8392
2023-09-21 11:45:52,16,19,4377,8392
2023-09-21 11:45:54,16,18,4377,8392
2023-09-21 11:45:55,16,19,4377,8392
2023-09-21 11:45:58,17,19,4377,8392
2023-09-21 11:46:03,17,18,4377,8392
2023-09-21 11:46:04,17,19,4377,8392
2023-09-21 11:46:08,16,19,4377,8392
2023-09-21 11:46:08,16,18,4377,8392
2023-09-21 11:46:09,16,19,4377,8392
2023-09-21 11:46:10,17,19,4377,8392
2023-09-21 11:46:11,17,18,4377,8392
2023-09-21 11:46:11,16,18,4377,8392
2023-09-21 11:46:13,16,19,4377,8392
2023-09-21 11:46:15,16,18,4377,8392
2023-09-21 11:46:18,16,19,4377,8392
2023-09-21 11:46:19,16,18,4377,8392
2023-09-21 11:46:21,16,19,4377,8392
2023-09-21 11:46:22,16,18,4377,8392
2023-09-21 11:46:25,16,19,4377,8392
2023-09-21 11:46:27,16,18,4377,8392
2023-09-21 11:46:34,16,19,4377,8392
2023-09-21 11:46:36,16,18,4377,8392
2023-09-21 11:47:13,17,18,4377,8392
2023-09-21 11:47:16,17,19,4377,8392
2023-09-21 11:47:16,16,19,4377,8392
2023-09-21 11:47:17,17,19,4377,8392
2023-09-21 11:47:41,18,19,4377,8392
2023-09-21 11:50:52,18,20,4377,8592
2023-09-21 11:51:13,18,19,4377,8592
2023-09-21 11:51:17,18,20,4377,8592
2023-09-21 11:51:25,18,19,4377,8592
2023-09-21 11:51:35,17,19,4377,8592
2023-09-21 11:51:37,17,18,4377,8592
2023-09-21 11:52:13,16,18,4377,8592
2023-09-21 11:52:15,16,17,4377,8592
2023-09-21 11:52:25,15,17,4377,8592
2023-09-21 11:52:32,15,16,4377,8592
2023-09-21 11:52:33,15,17,4377,8592
2023-09-21 11:52:34,15,16,4377,8592
2023-09-21 11:52:40,14,16,4377,8592
2023-09-21 11:53:01,15,16,4377,8592
2023-09-21 11:53:07,14,16,4377,8592
2023-09-21 11:53:09,15,16,4377,8592
2023-09-21 11:53:16,14,16,4377,8592
2023-09-21 11:53:24,14,17,4377,8592
2023-09-21 11:53:27,15,17,4377,8592
2023-09-21 11:53:30,14,17,4377,8592
2023-09-21 11:53:31,15,17,4377,8592
2023-09-21 11:53:32,14,17,4377,8592
2023-09-21 11:53:35,14,16,4377,8592
2023-09-21 11:53:58,14,17,4377,8592
2023-09-21 11:54:02,14,16,4377,8592
2023-09-21 11:54:08,14,17,4377,8592
2023-09-21 11:54:12,15,17,4377,8592
2023-09-21 11:54:13,14,17,4377,8592
2023-09-21 11:54:15,14,16,4377,8592
2023-09-21 11:54:20,15,16,4377,8592
2023-09-21 11:54:21,14,16,4377,8592
2023-09-21 11:54:58,14,15,4377,8592
2023-09-21 11:55:01,14,16,4377,8592
2023-09-21 11:55:05,15,16,4377,8592
2023-09-21 11:55:06,14,16,4377,8592
2023-09-21 11:55:14,14,15,4377,8592
2023-09-21 11:55:23,14,16,4377,8592
2023-09-21 11:55:27,15,16,4377,8592
2023-09-21 11:55:44,15,17,4377,8592
2023-09-21 11:55:45,16,17,4377,8592
2023-09-21 11:56:12,16,18,4377,8592
2023-09-21 11:56:13,16,17,4377,8592
2023-09-21 11:56:14,16,18,4377,8592
2023-09-21 11:56:15,16,17,4377,8592
2023-09-21 11:56:17,16,18,4377,8592
2023-09-21 11:56:18,16,17,4377,8592
2023-09-21 11:56:22,16,18,4377,8592
2023-09-21 11:56:23,17,18,4377,8592
2023-09-21 11:56:28,16,17,4377,8777
2023-09-21 11:56:29,16,18,4377,8777
2023-09-21 11:56:51,16,17,4377,8777
2023-09-21 11:56:52,16,18,4377,8777
2023-09-21 11:56:53,16,17,4377,8777
2023-09-21 11:56:55,15,17,4377,8777
2023-09-21 11:57:04,14,17,4377,8777
2023-09-21 11:57:07,15,17,4377,8777
2023-09-21 11:57:11,14,17,4377,8777
2023-09-21 11:57:17,14,16,4377,8777
2023-09-21 11:57:23,15,16,4377,8777
2023-09-21 11:57:25,14,16,4377,8777
2023-09-21 11:57:32,15,16,4377,8777
2023-09-21 11:57:55,14,16,4377,8777
2023-09-21 11:58:19,14,15,4377,8777
2023-09-21 11:58:24,13,15,4377,8777
2023-09-21 11:58:40,13,14,4377,8777
2023-09-21 11:58:42,12,14,4377,8777
2023-09-21 11:59:02,13,14,4377,8777
2023-09-21 11:59:04,13,15,4377,8777
2023-09-21 11:59:08,12,15,4377,8777
2023-09-21 11:59:39,13,15,4377,8777
2023-09-21 11:59:40,12,15,4377,8777
2023-09-21 11:59:46,13,15,4377,8777
2023-09-21 11:59:47,12,15,4377,8777
2023-09-21 11:59:55,12,14,4377,8777
2023-09-21 12:00:29,12,13,4377,8777
2023-09-21 12:00:36,12,14,4377,8777
2023-09-21 12:00:42,13,14,4377,8777
2023-09-21 12:00:52,13,14,4377,8977
2023-09-21 12:01:01,13,14,4437,9037
2023-09-21 12:01:17,13,14,4437,9437
2023-09-21 12:01:17,13,14,4617,9617
2023-09-21 12:01:17,12,13,4777,9777
2023-09-21 12:01:29,11,13,4777,9777
2023-09-21 12:01:29,11,12,4777,9777
2023-09-21 12:02:06,11,13,4777,9777
2023-09-21 12:02:07,11,12,4777,9777
2023-09-21 12:02:24,11,13,4777,9777
2023-09-21 12:02:28,12,13,4777,9777
2023-09-21 12:02:29,11,13,4777,9777
2023-09-21 12:02:30,11,12,4777,9777
2023-09-21 12:06:28,10,12,4777,9777
2023-09-21 12:08:34,10,11,4777,9777
2023-09-21 12:09:44,10,12,4777,9777
2023-09-21 12:10:19,10,11,4777,9777
2023-09-21 12:10:34,9,11,4777,9777
2023-09-21 12:10:43,9,10,4777,9777
2023-09-21 12:10:53,8,10,4777,9777
2023-09-21 12:11:12,8,11,4777,9777
2023-09-21 12:11:13,9,11,4777,9777
2023-09-21 12:11:14,8,11,4777,9777
2023-09-21 12:11:18,9,11,4777,9777
2023-09-21 12:11:38,9,12,4777,9777
2023-09-21 12:11:48,10,12,4777,9777
2023-09-21 12:12:01,9,12,4777,9777
2023-09-21 12:12:04,9,11,4777,9777
2023-09-21 12:12:23,8,11,4777,9777
2023-09-21 12:13:36,8,10,4777,9777
2023-09-21 12:13:56,8,11,4777,9777
2023-09-21 12:13:57,9,11,4777,9777
2023-09-21 12:13:59,8,11,4777,9777
2023-09-21 12:14:04,8,10,4777,9777
2023-09-21 12:14:09,8,11,4777,9777
2023-09-21 12:14:12,9,11,4777,9777
2023-09-21 12:14:44,8,11,4777,9777
2023-09-21 12:14:56,9,11,4777,9777
2023-09-21 12:15:04,8,11,4777,9777
2023-09-21 12:15:08,9,11,4777,9777
2023-09-21 12:15:13,9,12,4777,9777
2023-09-21 12:15:13,9,11,4777,9777
2023-09-21 12:15:46,8,11,4777,9777
2023-09-21 12:15:47,8,10,4777,9777
2023-09-21 12:15:52,8,11,4777,9777
2023-09-21 12:15:53,9,11,4777,9777
2023-09-21 12:15:55,8,11,4777,9777
2023-09-21 12:15:56,9,11,4777,9777
2023-09-21 12:15:58,8,11,4777,9777
2023-09-21 12:15:59,9,11,4777,9777
2023-09-21 12:16:09,9,10,4777,9777
2023-09-21 12:16:37,9,11,4777,9777
2023-09-21 12:16:43,8,11,4777,9777
2023-09-21 12:16:44,9,11,4777,9777
2023-09-21 12:17:12,8,11,4777,9777
2023-09-21 12:17:13,8,10,4777,9777
2023-09-21 12:17:28,8,11,4777,9777
2023-09-21 12:17:28,8,10,4777,9777
2023-09-21 12:17:34,9,10,4777,9777
2023-09-21 12:17:39,8,10,4777,9777
2023-09-21 12:17:44,9,10,4777,9777
2023-09-21 12:17:44,9,11,4777,9777
2023-09-21 12:17:44,9,10,4777,9777
2023-09-21 12:17:49,9,11,4777,9777
2023-09-21 12:18:26,10,11,4777,9777
2023-09-21 12:18:29,10,12,4777,9777
2023-09-21 12:20:22,11,12,4777,9777
2023-09-21 12:21:40,10,12,4777,9777
2023-09-21 12:21:45,11,12,4777,9777
2023-09-21 12:21:46,10,12,4777,9777
2023-09-21 12:21:52,11,12,4777,9777
2023-09-21 12:21:54,10,12,4777,9777
2023-09-21 12:21:55,11,12,4777,9777
2023-09-21 12:21:57,10,12,4777,9777
2023-09-21 12:21:58,11,12,4777,9777
2023-09-21 12:22:00,10,12,4777,9777
2023-09-21 12:22:14,11,12,4777,9777
2023-09-21 12:22:24,10,12,4777,9777
2023-09-21 12:22:32,10,11,4777,9777
2023-09-21 12:22:37,9,11,4777,9777
2023-09-21 12:22:58,9,10,4777,9777
2023-09-21 12:23:03,8,10,4777,9777
2023-09-21 12:23:09,9,10,4777,9777
2023-09-21 12:24:07,9,10,5177,10177
2023-09-21 12:24:12,9,10,5377,10377
2023-09-21 12:24:50,9,10,5477,10477
2023-09-21 12:25:15,9,11,5477,10477
2023-09-21 12:25:15,10,11,5477,10477
2023-09-21 12:25:16,9,11,5477,10477
2023-09-21 12:25:18,10,11,5477,10477
2023-09-21 12:26:01,9,11,5477,10477
2023-09-21 12:26:10,10,11,5477,10477
2023-09-21 12:26:11,9,11,5477,10477
2023-09-21 12:26:12,10,11,5477,10477
2023-09-21 12:26:14,9,11,5477,10477
2023-09-21 12:26:29,9,10,5477,10477
2023-09-21 12:26:35,9,11,5477,10477
2023-09-21 12:26:41,9,10,5477,10477
2023-09-21 12:26:51,8,10,5477,10477
2023-09-21 12:26:54,8,9,5477,10477
2023-09-21 12:27:26,8,10,5477,10477
2023-09-21 12:27:27,9,10,5477,10477
2023-09-21 12:28:04,8,10,5477,10477
2023-09-21 12:28:16,8,9,5477,10477
2023-09-21 12:28:21,9,10,5477,10577
2023-09-21 12:28:37,9,11,5477,10577
2023-09-21 12:28:47,10,11,5477,10577
2023-09-21 12:28:58,10,12,5477,10577
2023-09-21 12:29:30,10,11,5477,10577
2023-09-21 12:29:38,9,11,5477,10577
2023-09-21 12:30:01,10,11,5477,10577
2023-09-21 12:31:00,10,11,5577,10677
2023-09-21 12:31:01,10,11,5677,10777
2023-09-21 12:31:01,9,11,5677,10777
2023-09-21 12:31:12,10,11,5677,10777
2023-09-21 12:31:24,10,12,5677,10777
2023-09-21 12:32:01,10,11,5677,10777
2023-09-21 12:32:14,10,12,5677,10777
2023-09-21 12:33:19,11,12,5677,10777
2023-09-21 12:33:39,11,13,5737,10837
2023-09-21 12:33:39,12,13,5737,10837
2023-09-21 12:33:50,12,13,5757,10887
2023-09-21 12:34:02,12,14,5757,10887
2023-09-21 12:34:13,12,13,5757,10887
2023-09-21 12:34:35,12,14,5757,10887
2023-09-21 12:34:36,13,14,5757,10887
2023-09-21 12:34:55,13,15,5757,10887
2023-09-21 12:34:55,14,15,5757,10887
2023-09-21 12:35:06,14,15,5857,10987
2023-09-21 12:35:06,13,15,5857,10987
2023-09-21 12:35:07,13,14,5857,10987
2023-09-21 12:35:21,12,14,5857,10987
2023-09-21 12:35:22,12,13,5857,10987
2023-09-21 12:35:37,11,13,5857,10987
2023-09-21 12:35:40,11,12,5857,10987
2023-09-21 12:35:41,11,13,5857,11087
2023-09-21 12:35:45,12,13,5857,11087
2023-09-21 12:35:46,11,13,5857,11087
2023-09-21 12:35:48,12,13,5857,11087
2023-09-21 12:35:52,11,13,5857,11087
2023-09-21 12:35:53,12,13,5857,11087
2023-09-21 12:35:56,12,13,5957,11187
2023-09-21 12:35:57,11,13,5957,11187
2023-09-21 12:35:57,11,12,5957,11187
2023-09-21 12:36:26,11,12,6157,11387
2023-09-21 12:36:30,11,13,6157,11387
2023-09-21 12:36:31,12,13,6157,11387
2023-09-21 12:36:53,12,13,6257,11487
2023-09-21 12:36:53,11,13,6257,11487
2023-09-21 12:36:54,11,12,6257,11487
2023-09-21 12:37:03,11,12,6357,11587
2023-09-21 12:37:04,10,12,6357,11587
2023-09-21 12:37:06,10,11,6357,11587
2023-09-21 12:37:07,10,12,6357,11687
2023-09-21 12:37:08,10,11,6357,11687
2023-09-21 12:37:14,9,11,6357,11687
2023-09-21 12:37:15,9,10,6357,11687
2023-09-21 12:37:43,8,10,6357,11687
2023-09-21 12:37:45,8,9,6357,11687
2023-09-21 12:37:55,8,10,6357,11687
2023-09-21 12:37:57,9,10,6357,11687
2023-09-21 12:38:11,8,10,6357,11687
2023-09-21 12:38:12,9,10,6357,11687
2023-09-21 12:38:18,8,10,6357,11687
2023-09-21 12:38:19,9,10,6357,11687
2023-09-21 12:38:30,8,10,6357,11687
2023-09-21 12:38:32,9,10,6357,11687
2023-09-21 12:38:34,8,10,6357,11687
2023-09-21 12:38:44,8,9,6357,11687
2023-09-21 12:39:11,8,10,6357,11687
2023-09-21 12:39:24,8,9,6357,11687
2023-09-21 12:39:26,9,10,6358,11688
2023-09-21 12:39:29,8,10,6358,11688
2023-09-21 12:39:39,8,9,6358,11688
2023-09-21 12:41:23,9,10,6359,11689
2023-09-21 12:41:24,8,10,6359,11689
2023-09-21 12:41:25,9,10,6359,11689
2023-09-21 12:41:38,9,11,6359,11689
2023-09-21 12:41:45,9,10,6359,11689
2023-09-21 12:42:07,9,11,6359,11689
2023-09-21 12:42:18,9,10,6359,11689
2023-09-21 12:42:27,9,11,6359,11689
2023-09-21 12:43:02,10,11,6359,11689
2023-09-21 12:43:04,10,12,6359,11689
2023-09-21 12:43:12,10,11,6359,11689
2023-09-21 12:43:13,9,11,6359,11689
2023-09-21 12:43:43,9,10,6359,11689
2023-09-21 12:43:51,8,10,6359,11689
2023-09-21 12:44:01,8,9,6359,11689
2023-09-21 12:44:04,8,9,6459,11789
2023-09-21 12:44:05,8,9,6559,11889
2023-09-21 12:44:07,7,9,6559,11889
2023-09-21 12:44:19,8,9,6559,11889
2023-09-21 12:44:21,7,9,6559,11889
2023-09-21 12:44:24,8,9,6559,11889
2023-09-21 12:44:27,7,9,6559,11889
2023-09-21 12:44:37,8,9,6559,11889
2023-09-21 12:44:54,8,10,6559,11889
2023-09-21 12:44:56,7,10,6559,11889
2023-09-21 12:45:04,8,10,6559,11889
2023-09-21 12:45:04,7,10,6559,11889
2023-09-21 12:45:06,7,9,6559,11889
2023-09-21 12:45:12,8,9,6559,11889
2023-09-21 12:45:15,8,10,6559,11889
2023-09-21 12:45:39,9,10,6559,11889
2023-09-21 12:45:40,9,11,6559,11889
2023-09-21 12:45:44,9,10,6559,11889
2023-09-21 12:45:51,9,11,6559,11889
2023-09-21 12:46:00,9,10,6559,11889
2023-09-21 12:46:14,9,11,6559,11889
2023-09-21 12:46:17,10,11,6559,11889
2023-09-21 12:46:30,10,11,6609,11939
2023-09-21 12:47:06,9,11,6609,11939
2023-09-21 12:47:11,10,11,6609,11939
2023-09-21 12:47:20,9,11,6609,11939
2023-09-21 12:47:22,10,11,6609,11939
2023-09-21 12:48:06,9,11,6609,11939
2023-09-21 12:48:13,10,11,6609,11939
2023-09-21 12:48:20,9,11,6609,11939
2023-09-21 12:48:34,9,10,6609,11939
2023-09-21 12:48:59,9,11,6609,11939
2023-09-21 12:49:23,10,11,6609,11939
2023-09-21 12:49:24,9,11,6609,11939
2023-09-21 12:49:43,10,11,6609,11939
2023-09-21 12:49:44,9,11,6609,11939
2023-09-21 12:49:46,10,11,6609,11939
2023-09-21 12:50:08,9,11,6609,11939
2023-09-21 12:50:21,10,11,6609,11939
2023-09-21 12:50:39,10,11,6609,11949
2023-09-21 12:50:47,10,12,6609,11949
2023-09-21 12:50:47,11,12,6609,11949
2023-09-21 12:50:53,11,12,6709,12049
2023-09-21 12:50:53,10,12,6709,12049
2023-09-21 12:50:54,10,11,6709,12049
2023-09-21 12:51:11,10,12,6709,12049
2023-09-21 12:51:13,10,11,6709,12049
2023-09-21 12:51:24,11,12,6709,12050
2023-09-21 12:51:29,11,13,6709,12050
2023-09-21 12:51:31,12,13,6709,12050
2023-09-21 12:51:56,11,13,6709,12050
2023-09-21 12:51:56,11,12,6709,12050
2023-09-21 12:52:13,10,12,6709,12050
2023-09-21 12:52:15,11,12,6709,12050
2023-09-21 12:52:36,12,13,6709,12050
2023-09-21 12:52:38,12,13,6809,12150
2023-09-21 12:52:39,11,13,6809,12150
2023-09-21 12:52:41,11,12,6809,12150
2023-09-21 12:52:57,11,13,6809,12150
2023-09-21 12:53:13,11,12,6809,12150
2023-09-21 12:53:18,11,13,6809,12150
2023-09-21 12:53:48,12,13,6809,12150
2023-09-21 12:53:55,11,13,6809,12150
2023-09-21 12:53:56,11,12,6809,12150
2023-09-21 12:54:05,11,12,6909,12250
2023-09-21 12:54:06,10,12,6909,12250
2023-09-21 12:54:06,10,11,6909,12250
2023-09-21 12:54:11,9,11,6909,12250
2023-09-21 12:54:12,9,10,6909,12250
2023-09-21 12:55:13,9,10,7009,12350
2023-09-21 12:55:16,8,10,7109,12450
2023-09-21 12:55:16,8,9,7109,12450
2023-09-21 12:55:49,7,9,7109,12450
2023-09-21 12:56:55,8,9,7109,12450
2023-09-21 12:57:00,7,9,7109,12450
2023-09-21 12:57:34,7,8,7109,12450
2023-09-21 12:57:53,7,9,7109,12450
2023-09-21 12:59:01,7,9,7109,12500
2023-09-21 12:59:13,7,8,7109,12500
2023-09-21 13:00:07,6,8,7109,12500
2023-09-21 13:00:18,6,7,7109,12500
2023-09-21 13:00:38,6,8,7109,12500
2023-09-21 13:00:46,7,8,7109,12500
2023-09-21 13:00:50,6,8,7109,12500
2023-09-21 13:01:20,7,8,7109,12500
2023-09-21 13:01:44,6,8,7109,12500
2023-09-21 13:01:54,7,8,7109,12500
2023-09-21 13:01:55,6,8,7109,12500
2023-09-21 13:02:08,7,8,7109,12500
2023-09-21 13:02:39,7,9,7109,12500
2023-09-21 13:03:12,8,9,7109,12500
2023-09-21 13:03:13,8,10,7109,12500
2023-09-21 13:04:44,8,9,7109,12500
2023-09-21 13:04:57,8,10,7109,12500
2023-09-21 13:05:19,8,9,7109,12500
2023-09-21 13:05:21,7,9,7109,12500
2023-09-21 13:05:23,8,9,7109,12500
2023-09-21 13:05:24,8,10,7109,12500
2023-09-21 13:05:29,9,10,7109,12500
2023-09-21 13:05:50,8,10,7109,12500
2023-09-21 13:06:59,9,10,7109,12500
2023-09-21 13:07:04,9,11,7109,12500
2023-09-21 13:07:12,10,11,7109,12500
2023-09-21 13:07:20,10,12,7109,12500
2023-09-21 13:07:21,10,11,7109,12500
2023-09-21 13:07:23,10,12,7109,12500
2023-09-21 13:07:25,10,11,7109,12500
2023-09-21 13:07:29,10,12,7109,12500
2023-09-21 13:07:41,11,12,7109,12500
2023-09-21 13:07:50,10,11,7109,12697
2023-09-21 13:08:03,10,12,7109,12697
2023-09-21 13:08:46,11,12,7109,12697
2023-09-21 13:08:55,11,13,7109,12697
2023-09-21 13:09:13,11,12,7109,12697
2023-09-21 13:09:31,10,12,7109,12697
2023-09-21 13:10:42,11,12,7109,12697
2023-09-21 13:10:49,11,13,7109,12697
2023-09-21 13:10:56,11,13,7109,12701
2023-09-21 13:11:10,11,12,7109,12701
2023-09-21 13:11:15,11,13,7109,12701
2023-09-21 13:11:24,12,13,7109,12701
2023-09-21 13:11:31,12,13,7109,12711
2023-09-21 13:11:32,12,13,7109,12721
2023-09-21 13:11:33,12,14,7119,12731
2023-09-21 13:11:33,13,14,7119,12731
2023-09-21 13:12:13,13,15,7119,12931
2023-09-21 13:12:15,14,15,7119,12931
2023-09-21 13:12:29,13,15,7119,12931
2023-09-21 13:12:29,13,14,7119,12931
2023-09-21 13:12:39,12,14,7119,12931
2023-09-21 13:13:03,12,15,7119,12931
2023-09-21 13:13:05,13,15,7119,12931
2023-09-21 13:13:39,13,14,7119,12931
2023-09-21 13:13:47,12,14,7119,12931
2023-09-21 13:13:47,12,15,7119,12931
2023-09-21 13:13:50,13,15,7119,12931
2023-09-21 13:14:37,13,15,7119,12991
2023-09-21 13:14:49,14,15,7119,12991
2023-09-21 13:15:02,14,16,7119,12991
2023-09-21 13:15:03,15,16,7119,12991
2023-09-21 13:15:23,15,17,7119,12991
2023-09-21 13:15:26,16,17,7119,12991
2023-09-21 13:15:35,16,17,7119,13051
2023-09-21 13:15:36,16,18,7119,13051
2023-09-21 13:15:46,17,18,7119,13051
2023-09-21 13:15:55,16,18,7119,13051
2023-09-21 13:15:57,17,18,7119,13051
2023-09-21 13:15:57,17,18,7119,13351
2023-09-21 13:15:58,17,19,7119,13451
2023-09-21 13:15:59,17,19,7109,13461
2023-09-21 13:15:59,18,19,7109,13461
2023-09-21 13:16:00,18,19,7099,13471
2023-09-21 13:16:01,18,19,7089,13481
2023-09-21 13:16:02,18,19,7079,13491
2023-09-21 13:16:03,18,20,7079,13491
2023-09-21 13:16:03,18,20,7069,13501
2023-09-21 13:16:04,19,20,7069,13501
2023-09-21 13:16:05,19,20,7059,13511
2023-09-21 13:16:07,19,20,7049,13521
2023-09-21 13:16:13,19,20,7039,13531
2023-09-21 13:16:14,19,20,7029,13541
2023-09-21 13:16:16,19,20,7019,13551
2023-09-21 13:16:17,19,21,7019,13551
2023-09-21 13:16:17,20,21,7019,13551
2023-09-21 13:16:33,19,21,7019,13551
2023-09-21 13:16:35,19,20,7019,13551
2023-09-21 13:16:44,18,19,6989,13581
2023-09-21 13:16:59,17,19,6989,13581
2023-09-21 13:17:11,17,18,6989,13581
2023-09-21 13:17:20,17,19,6989,13581
2023-09-21 13:17:23,17,18,6989,13581
2023-09-21 13:17:30,17,19,6989,13581
2023-09-21 13:17:32,18,19,6989,13581
2023-09-21 13:17:33,18,19,7239,13831
2023-09-21 13:17:34,18,19,7489,14081
2023-09-21 13:17:36,18,20,7489,14081
2023-09-21 13:17:38,19,20,7489,14081
2023-09-21 13:17:52,18,19,7489,14161
2023-09-21 13:17:54,18,20,7489,14161
2023-09-21 13:18:16,19,20,7489,14161
2023-09-21 13:18:16,19,21,7489,14161
2023-09-21 13:18:33,19,20,7489,14161
2023-09-21 13:18:45,18,20,7489,14161
2023-09-21 13:19:17,18,21,7489,14161
2023-09-21 13:19:20,18,20,7489,14161
2023-09-21 13:19:31,18,21,7489,14161
2023-09-21 13:19:31,19,21,7489,14161
2023-09-21 13:19:59,19,20,7489,14161
2023-09-21 13:20:21,19,21,7489,14161
2023-09-21 13:20:24,20,21,7489,14161
2023-09-21 13:20:34,19,21,7489,14161
2023-09-21 13:20:35,19,20,7489,14161
2023-09-21 13:20:36,18,20,7489,14161
2023-09-21 13:20:38,18,19,7489,14161
2023-09-21 13:20:44,17,19,7489,14161
2023-09-21 13:21:05,18,19,7489,14161
2023-09-21 13:21:18,18,20,7489,14161
2023-09-21 13:21:28,19,20,7489,14161
2023-09-21 13:21:35,19,21,7489,14161
2023-09-21 13:22:10,19,20,7489,14161
2023-09-21 13:22:15,19,21,7489,14161
2023-09-21 13:22:52,20,21,7489,14161
2023-09-21 13:23:13,19,21,7489,14161
2023-09-21 13:23:29,20,21,7489,14161
2023-09-21 13:23:38,19,21,7489,14161
2023-09-21 13:23:47,19,20,7489,14161
2023-09-21 13:23:51,18,19,7429,14221
2023-09-21 13:24:02,17,19,7429,14221
2023-09-21 13:24:04,17,18,7429,14221
2023-09-21 13:24:14,16,18,7429,14221
2023-09-21 13:24:29,17,18,7429,14221
2023-09-21 13:24:32,17,19,7429,14221
2023-09-21 13:24:39,18,19,7429,14221
2023-09-21 13:24:44,18,20,7429,14221
2023-09-21 13:25:36,18,21,7429,14221
2023-09-21 13:25:36,19,21,7429,14221
2023-09-21 13:25:41,20,21,7429,14221
2023-09-21 13:26:49,19,21,7429,14221
2023-09-21 13:26:51,20,21,7429,14221
2023-09-21 13:27:10,20,21,7419,14231
2023-09-21 13:27:11,20,21,7409,14241
2023-09-21 13:27:12,20,21,7399,14251
2023-09-21 13:27:13,20,22,7399,14251
2023-09-21 13:27:13,21,22,7399,14251
2023-09-21 13:28:25,20,22,7399,14251
2023-09-21 13:28:27,20,21,7399,14251
2023-09-21 13:28:48,20,22,7399,14251
2023-09-21 13:28:56,21,22,7399,14251
2023-09-21 13:29:00,20,22,7399,14251
2023-09-21 13:29:16,21,22,7399,14251
2023-09-21 13:29:26,20,22,7399,14251
2023-09-21 13:29:52,20,21,7399,14251
2023-09-21 13:29:53,19,21,7399,14251
2023-09-21 13:29:58,19,20,7399,14251
2023-09-21 13:30:06,18,20,7399,14251
2023-09-21 13:30:35,18,21,7399,14251
2023-09-21 13:30:38,19,21,7399,14251
2023-09-21 13:30:50,20,21,7399,14251
2023-09-21 13:30:53,20,22,7399,14251
2023-09-21 13:31:25,21,22,7399,14251
2023-09-21 13:31:28,21,23,7399,14251
2023-09-21 13:32:08,21,22,7399,14251
2023-09-21 13:32:09,20,22,7399,14251
2023-09-21 13:32:10,20,21,7399,14251
2023-09-21 13:32:13,19,21,7399,14251
2023-09-21 13:32:45,19,20,7399,14251
2023-09-21 13:33:06,19,21,7427,14279
2023-09-21 13:33:13,19,20,7427,14279
2023-09-21 13:33:19,18,20,7427,14279
2023-09-21 13:34:02,18,19,7427,14279
2023-09-21 13:34:03,17,19,7427,14279
2023-09-21 13:34:13,18,19,7427,14279
2023-09-21 13:34:19,17,19,7427,14279
2023-09-21 13:35:08,18,19,7427,14279
2023-09-21 13:35:16,18,20,7427,14279
2023-09-21 13:35:27,19,20,7427,14279
2023-09-21 13:35:49,19,20,7427,14289
2023-09-21 13:35:51,19,20,7427,14299
2023-09-21 13:35:52,20,21,7427,14302
2023-09-21 13:36:00,19,21,7427,14302
2023-09-21 13:36:29,20,21,7427,14302
2023-09-21 13:36:37,20,22,7427,14302
2023-09-21 13:36:42,21,22,7427,14302
2023-09-21 13:36:46,21,23,7427,14302
2023-09-21 13:36:48,22,23,7427,14302
2023-09-21 13:36:59,22,24,7427,14302
2023-09-21 13:37:04,23,24,7427,14302
2023-09-21 13:37:16,22,24,7427,14302
2023-09-21 13:37:29,22,23,7427,14302
2023-09-21 13:37:35,22,24,7427,14302
2023-09-21 13:37:48,22,23,7427,14302
2023-09-21 13:37:50,21,23,7427,14302
2023-09-21 13:37:53,21,22,7427,14302
2023-09-21 13:37:55,20,22,7427,14302
2023-09-21 13:38:19,20,21,7427,14302
2023-09-21 13:38:21,19,21,7427,14302
2023-09-21 13:38:26,19,20,7427,14302
2023-09-21 13:38:39,18,20,7427,14302
2023-09-21 13:39:18,19,20,7427,14302
2023-09-21 13:39:21,19,21,7427,14302
2023-09-21 13:39:33,20,21,7427,14302
2023-09-21 13:39:42,19,21,7427,14302
2023-09-21 13:39:45,19,20,7427,14302
2023-09-21 13:39:56,18,20,7427,14302
2023-09-21 13:39:59,18,19,7427,14302
2023-09-21 13:40:04,17,19,7427,14302
2023-09-21 13:40:04,18,19,7427,14302
2023-09-21 13:40:10,18,20,7427,14302
2023-09-21 13:40:21,19,20,7427,14302
2023-09-21 13:40:28,19,21,7427,14302
2023-09-21 13:40:52,20,21,7427,14302
2023-09-21 13:40:57,20,21,7427,14323
2023-09-21 13:41:02,20,22,7427,14323
2023-09-21 13:41:03,21,22,7427,14323
2023-09-21 13:41:12,21,23,7427,14323
2023-09-21 13:41:18,21,22,7427,14323
2023-09-21 13:41:19,21,23,7427,14323
2023-09-21 13:41:31,21,22,7427,14323
2023-09-21 13:41:32,20,22,7427,14323
2023-09-21 13:41:35,20,23,7427,14323
2023-09-21 13:41:38,20,22,7427,14323
2023-09-21 13:41:42,20,23,7427,14323
2023-09-21 13:41:43,20,22,7427,14323
2023-09-21 13:41:51,20,22,7427,14333
2023-09-21 13:42:00,20,21,7427,14333
2023-09-21 13:42:05,19,21,7427,14333
2023-09-21 13:42:39,19,20,7427,14333
2023-09-21 13:42:45,18,20,7427,14333
2023-09-21 13:42:57,18,19,7427,14333
2023-09-21 13:43:03,17,19,7427,14333
2023-09-21 13:43:12,17,18,7427,14333
2023-09-21 13:43:27,17,19,7427,14333
2023-09-21 13:43:46,17,18,7427,14333
2023-09-21 13:43:47,17,18,7527,14433
2023-09-21 13:43:50,17,18,7527,14490
2023-09-21 13:43:52,15,17,7524,14493
2023-09-21 13:43:53,15,16,7524,14493
2023-09-21 13:43:58,15,16,7624,14593
2023-09-21 13:43:59,14,16,7624,14593
2023-09-21 13:43:59,14,15,7624,14593
2023-09-21 13:44:09,14,15,7724,14693
2023-09-21 13:44:09,13,15,7724,14693
2023-09-21 13:44:09,13,14,7724,14693
2023-09-21 13:44:16,13,15,7724,14693
2023-09-21 13:44:36,14,15,7724,14693
2023-09-21 13:44:38,14,16,7724,14693
2023-09-21 13:44:41,15,16,7724,14693
2023-09-21 13:44:42,14,16,7724,14693
2023-09-21 13:44:48,15,16,7724,14693
2023-09-21 13:45:06,15,17,7724,14693
2023-09-21 13:45:08,15,16,7724,14693
2023-09-21 13:45:09,14,16,7724,14693
2023-09-21 13:45:11,14,15,7724,14693
2023-09-21 13:45:14,14,15,7974,14943
2023-09-21 13:45:17,13,15,7974,14943
2023-09-21 13:45:31,14,15,7974,14943
2023-09-21 13:45:31,14,16,7974,14943
2023-09-21 13:45:37,15,16,7974,14943
2023-09-21 13:45:43,15,17,7974,14943
2023-09-21 13:45:55,16,17,7974,14943
2023-09-21 13:45:56,16,18,7974,14943
2023-09-21 13:45:58,16,17,7974,14943
2023-09-21 13:46:01,16,18,7974,14943
2023-09-21 13:46:03,16,17,7974,14943
2023-09-21 13:46:05,16,18,7974,14943
2023-09-21 13:46:09,16,17,7974,14943
2023-09-21 13:46:14,15,17,7974,14943
2023-09-21 13:47:07,15,18,7974,14943
2023-09-21 13:47:08,16,18,7974,14943
2023-09-21 13:47:11,17,18,7974,14943
2023-09-21 13:47:19,16,18,7974,14943
2023-09-21 13:47:33,17,18,7974,14943
2023-09-21 13:47:41,16,18,7974,14943
2023-09-21 13:47:46,16,17,7974,14943
2023-09-21 13:47:48,15,17,7974,14943
2023-09-21 13:48:35,15,16,7974,14943
2023-09-21 13:48:35,14,16,7974,14943
2023-09-21 13:48:40,14,17,7974,14943
2023-09-21 13:48:41,14,16,7974,14943
2023-09-21 13:48:48,14,15,7974,14943
2023-09-21 13:48:49,14,16,7974,14943
2023-09-21 13:48:50,14,15,7974,14943
2023-09-21 13:48:55,14,16,7974,14943
2023-09-21 13:50:03,15,16,7974,14943
2023-09-21 13:50:04,15,17,7974,14943
2023-09-21 13:50:13,15,16,7974,14943
2023-09-21 13:50:18,15,17,7974,14943
2023-09-21 13:50:27,15,16,7974,14943
2023-09-21 13:50:31,14,16,7974,14943
2023-09-21 13:50:54,13,16,7974,14943
2023-09-21 13:50:57,14,16,7974,14943
2023-09-21 13:51:20,15,16,7974,14943
2023-09-21 13:51:26,15,17,7974,14943
2023-09-21 13:51:27,16,17,7974,14943
2023-09-21 13:51:34,16,18,8174,15143
2023-09-21 13:51:34,17,18,8174,15143
2023-09-21 13:51:44,16,18,8174,15143
2023-09-21 13:51:49,16,19,8174,15143
2023-09-21 13:51:56,16,18,8174,15143
2023-09-21 13:52:12,16,17,8174,15143
2023-09-21 13:52:15,15,17,8174,15143
2023-09-21 13:52:21,15,16,8174,15143
2023-09-21 13:52:22,14,16,8174,15143
2023-09-21 13:52:22,14,17,8174,15143
2023-09-21 13:52:22,14,16,8174,15143
2023-09-21 13:52:25,14,15,8174,15143
2023-09-21 13:52:26,14,16,8174,15143
2023-09-21 13:52:26,14,15,8174,15143
2023-09-21 13:52:45,13,15,8174,15143
2023-09-21 13:53:59,13,16,8174,15143
2023-09-21 13:54:00,14,16,8174,15143
2023-09-21 13:54:04,15,16,8174,15143
2023-09-21 13:54:11,14,16,8174,15143
2023-09-21 13:54:25,15,16,8174,15143
2023-09-21 13:54:35,15,17,8174,15143
2023-09-21 13:54:42,16,17,8174,15143
2023-09-21 13:54:51,15,17,8174,15143
2023-09-21 13:54:54,15,16,8174,15143
2023-09-21 13:55:12,14,16,8174,15143
2023-09-21 13:55:17,14,15,8174,15143
2023-09-21 13:55:30,13,15,8174,15143
2023-09-21 13:55:35,14,15,8174,15143
2023-09-21 13:55:36,14,16,8174,15143
2023-09-21 13:55:39,14,15,8174,15143
2023-09-21 13:55:46,13,15,8174,15143
2023-09-21 13:55:50,13,14,8174,15143
2023-09-21 13:55:52,13,15,8174,15343
2023-09-21 13:55:52,13,14,8174,15343
2023-09-21 13:55:53,13,15,8174,15343
2023-09-21 13:55:54,13,14,8174,15343
2023-09-21 13:55:55,13,15,8174,15343
2023-09-21 13:55:56,13,14,8174,15343
2023-09-21 13:55:57,13,15,8174,15343
2023-09-21 13:55:58,13,14,8174,15343
2023-09-21 13:56:04,12,14,8174,15343
2023-09-21 13:56:17,12,13,8174,15343
2023-09-21 13:56:18,12,14,8174,15343
2023-09-21 13:56:19,12,13,8174,15343
2023-09-21 13:56:20,12,14,8174,15343
2023-09-21 13:56:21,12,13,8174,15343
2023-09-21 13:56:43,12,14,8174,15343
2023-09-21 13:56:57,12,13,8174,15343
2023-09-21 13:56:58,12,14,8174,15343
2023-09-21 13:56:59,12,13,8174,15343
2023-09-21 13:57:00,12,14,8174,15343
2023-09-21 13:57:05,12,15,8174,15343
2023-09-21 13:57:05,13,15,8174,15343
2023-09-21 13:57:10,13,14,8174,15343
2023-09-21 13:57:11,13,15,8174,15343
2023-09-21 13:57:11,13,14,8174,15343
2023-09-21 13:57:15,12,14,8174,15343
2023-09-21 13:57:15,12,13,8174,15343
2023-09-21 13:57:16,12,14,8174,15343
2023-09-21 13:57:17,12,13,8174,15343
2023-09-21 13:57:18,12,14,8174,15343
2023-09-21 13:58:00,13,14,8174,15343
2023-09-21 13:58:05,13,14,8424,15593
2023-09-21 13:58:08,13,15,8474,15643
2023-09-21 13:58:10,14,15,8474,15643
2023-09-21 13:58:14,14,16,8474,15643
2023-09-21 13:58:57,14,15,8474,15643
2023-09-21 13:58:58,14,16,8474,15643
2023-09-21 13:58:59,14,15,8474,15643
2023-09-21 13:59:00,14,16,8474,15643
2023-09-21 13:59:01,14,15,8474,15643
2023-09-21 13:59:02,14,16,8474,15643
2023-09-21 13:59:05,13,16,8474,15643
2023-09-21 13:59:11,13,15,8474,15643
2023-09-21 13:59:21,13,14,8474,15643
2023-09-21 13:59:22,13,15,8474,15643
2023-09-21 13:59:23,13,14,8474,15643
2023-09-21 13:59:24,13,15,8474,15643
2023-09-21 13:59:25,13,14,8474,15643
2023-09-21 13:59:26,13,15,8474,15643
2023-09-21 13:59:34,13,14,8474,15643
2023-09-21 13:59:35,13,15,8474,15643
2023-09-21 13:59:36,13,14,8474,15643
2023-09-21 13:59:37,13,15,8474,15643
2023-09-21 13:59:38,13,14,8474,15643
2023-09-21 13:59:39,13,15,8474,15643
2023-09-21 13:59:40,13,14,8474,15643
2023-09-21 13:59:41,13,15,8474,15643
2023-09-21 13:59:42,13,14,8474,15643
2023-09-21 13:59:43,13,15,8474,15643
2023-09-21 13:59:44,13,14,8474,15643
2023-09-21 13:59:45,13,15,8474,15643
2023-09-21 13:59:46,13,14,8474,15643
2023-09-21 13:59:47,13,15,8474,15643
2023-09-21 13:59:48,13,14,8474,15643
2023-09-21 13:59:49,13,15,8474,15643
2023-09-21 13:59:50,13,14,8474,15643
2023-09-21 13:59:51,13,15,8474,15643
2023-09-21 13:59:52,13,14,8474,15643
2023-09-21 13:59:53,13,15,8474,15643
2023-09-21 13:59:54,13,14,8474,15643
2023-09-21 13:59:55,13,15,8474,15643
2023-09-21 13:59:56,13,14,8474,15643
2023-09-21 13:59:57,13,15,8474,15643
2023-09-21 13:59:58,13,14,8474,15643
2023-09-21 13:59:59,13,15,8474,15643
2023-09-21 14:00:00,13,14,8474,15643
2023-09-21 14:00:01,13,15,8474,15643
2023-09-21 14:00:02,13,14,8474,15643
2023-09-21 14:00:03,13,15,8474,15643
2023-09-21 14:00:04,13,14,8474,15643
2023-09-21 14:00:05,13,15,8474,15643
2023-09-21 14:00:23,13,14,8474,15643
2023-09-21 14:00:24,13,15,8474,15643
2023-09-21 14:00:25,13,14,8474,15643
2023-09-21 14:00:26,13,15,8474,15643
2023-09-21 14:00:28,13,14,8474,15643
2023-09-21 14:00:29,13,15,8474,15643
2023-09-21 14:00:30,13,14,8474,15643
2023-09-21 14:00:31,13,15,8474,15643
2023-09-21 14:00:32,13,14,8474,15643
2023-09-21 14:00:34,12,14,8474,15643
2023-09-21 14:00:34,12,13,8474,15643
2023-09-21 14:00:35,12,14,8474,15643
2023-09-21 14:00:36,12,13,8474,15643
2023-09-21 14:00:40,11,13,8474,15643
2023-09-21 14:00:40,11,12,8474,15643
2023-09-21 14:00:41,11,13,8474,15643
2023-09-21 14:00:42,11,12,8474,15643
2023-09-21 14:01:04,11,13,8474,15643
2023-09-21 14:01:05,11,12,8474,15643
2023-09-21 14:01:06,11,13,8474,15643
2023-09-21 14:01:07,11,12,8474,15643
2023-09-21 14:01:08,11,13,8474,15643
2023-09-21 14:01:10,11,12,8474,15643
2023-09-21 14:01:10,11,13,8474,15643
2023-09-21 14:01:11,11,12,8474,15643
2023-09-21 14:01:47,11,13,8474,15643
2023-09-21 14:01:48,11,12,8474,15643
2023-09-21 14:01:56,10,12,8474,15643
2023-09-21 14:02:01,10,11,8474,15643
2023-09-21 14:02:02,10,12,8474,15643
2023-09-21 14:02:03,10,11,8474,15643
2023-09-21 14:02:04,10,12,8474,15643
2023-09-21 14:02:05,10,11,8474,15643
2023-09-21 14:02:06,10,12,8474,15643
2023-09-21 14:02:36,10,11,8474,15643
2023-09-21 14:02:37,10,12,8474,15643
2023-09-21 14:02:38,10,11,8474,15643
2023-09-21 14:02:39,10,12,8474,15643
2023-09-21 14:02:40,10,11,8474,15643
2023-09-21 14:02:47,9,11,8474,15643
2023-09-21 14:02:51,9,10,8474,15643
2023-09-21 14:02:57,8,10,8474,15643
2023-09-21 14:03:06,8,11,8474,15643
2023-09-21 14:03:09,9,11,8474,15643
2023-09-21 14:03:29,9,12,8474,15643
2023-09-21 14:03:32,9,11,8474,15643
2023-09-21 14:03:48,8,11,8474,15643
2023-09-21 14:03:58,9,11,8474,15643
2023-09-21 14:04:10,8,11,8474,15643
2023-09-21 14:04:18,8,10,8474,15643
2023-09-21 14:05:40,8,11,8474,15643
2023-09-21 14:05:49,9,11,8474,15643
2023-09-21 14:06:03,9,12,8474,15643
2023-09-21 14:06:11,10,12,8474,15643
2023-09-21 14:06:17,10,13,8474,15643
2023-09-21 14:07:11,11,13,8474,15643
2023-09-21 14:07:13,10,13,8474,15643
2023-09-21 14:07:17,11,13,8474,15643
2023-09-21 14:07:30,10,13,8474,15643
2023-09-21 14:07:50,10,12,8474,15643
2023-09-21 14:08:01,10,13,8474,15643
2023-09-21 14:08:39,10,12,8474,15643
2023-09-21 14:08:44,9,12,8474,15643
2023-09-21 14:08:46,9,11,8474,15643
2023-09-21 14:08:57,8,11,8474,15643
2023-09-21 14:09:06,8,10,8474,15643
2023-09-21 14:09:46,8,9,8474,15643
2023-09-21 14:09:53,7,9,8474,15643
2023-09-21 14:10:28,7,10,8474,15643
2023-09-21 14:10:31,7,10,8491,15660
2023-09-21 14:10:34,8,10,8491,15660
2023-09-21 14:10:50,8,11,8491,15660
2023-09-21 14:10:51,9,11,8491,15660
2023-09-21 14:11:25,8,11,8491,15660
2023-09-21 14:11:47,8,10,8491,15660
2023-09-21 14:11:56,8,11,8491,15660
2023-09-21 14:12:00,8,10,8491,15660
2023-09-21 14:12:10,8,11,8491,15660
2023-09-21 14:12:23,8,10,8491,15660
2023-09-21 14:12:49,8,9,8491,15660
2023-09-21 14:12:49,7,9,8491,15660
2023-09-21 14:13:29,7,8,8491,15660
2023-09-21 14:13:30,6,8,8491,15660
2023-09-21 14:14:05,6,7,8491,15660
2023-09-21 14:14:14,6,8,8491,15660
2023-09-21 14:15:02,6,7,8491,15660
2023-09-21 14:15:04,5,7,8491,15660
2023-09-21 14:16:01,5,6,8491,15660
2023-09-21 14:16:08,4,6,8491,15660
2023-09-21 14:17:14,4,7,8491,15660
2023-09-21 14:18:00,4,6,8491,15660
2023-09-21 14:18:01,4,7,8491,15660
2023-09-21 14:18:03,5,7,8491,15660
2023-09-21 14:18:30,4,7,8491,15660
2023-09-21 14:18:47,4,6,8491,15660
2023-09-21 14:18:48,4,7,8491,15660
2023-09-21 14:18:49,4,6,8491,15660
2023-09-21 14:18:50,4,7,8491,15660
2023-09-21 14:19:39,4,6,8491,15660
2023-09-21 14:20:44,4,5,8491,15660
2023-09-21 14:21:19,3,5,8491,15660
2023-09-21 14:21:59,3,6,8491,15660
2023-09-21 14:22:02,3,5,8491,15660
2023-09-21 14:22:03,3,6,8491,15660
2023-09-21 14:22:04,3,5,8491,15660
2023-09-21 14:22:05,3,6,8491,15660
2023-09-21 14:22:06,3,5,8491,15660
2023-09-21 14:22:07,3,6,8491,15660
2023-09-21 14:22:08,3,5,8491,15660
2023-09-21 14:22:09,3,6,8491,15660
2023-09-21 14:22:10,3,5,8491,15660
2023-09-21 14:22:11,3,6,8491,15660
2023-09-21 14:22:20,3,5,8491,15660
2023-09-21 14:22:21,3,6,8491,15660
2023-09-21 14:22:22,3,5,8491,15660
2023-09-21 14:22:23,3,6,8491,15660
2023-09-21 14:22:24,3,5,8491,15660
2023-09-21 14:22:25,3,6,8491,15660
2023-09-21 14:22:26,3,5,8491,15660
2023-09-21 14:22:31,3,6,8491,15660
2023-09-21 14:22:32,3,5,8491,15660
2023-09-21 14:22:33,3,6,8491,15660
2023-09-21 14:22:58,3,5,8491,15660
2023-09-21 14:23:09,3,6,8491,15660
2023-09-21 14:23:16,3,5,8491,15660
2023-09-21 14:23:17,3,6,8491,15660
2023-09-21 14:23:32,3,5,8491,15660
2023-09-21 14:23:33,3,6,8491,15660
2023-09-21 14:23:34,3,5,8491,15660
2023-09-21 14:25:02,3,6,8491,15660
2023-09-21 14:25:04,3,5,8491,15660
2023-09-21 14:25:41,3,4,8491,15660
2023-09-21 14:25:44,2,4,8491,15660
2023-09-21 14:26:27,2,3,8491,15660
2023-09-21 14:27:57,2,4,8491,15660
2023-09-21 14:28:54,2,3,8491,15660
2023-09-21 14:29:50,0,3,8491,15660
2023-09-21 14:30:14,1,3,8491,15660
2023-09-21 14:30:15,0,3,8491,15660
2023-09-21 14:30:17,1,3,8491,15660
2023-09-21 14:30:23,0,3,8491,15660
2023-09-21 14:30:25,1,3,8491,15660
2023-09-21 14:30:47,0,3,8491,15660
2023-09-21 14:31:39,0,2,8491,15660
2023-09-21 14:32:03,0,2,8474,15677
2023-09-21 14:39:03,0,3,8474,15677
2023-09-21 14:39:14,1,3,8474,15677
2023-09-21 14:39:18,2,3,8474,15677
2023-09-21 14:39:43,1,3,8474,15677
2023-09-21 14:40:09,0,3,8474,15677
2023-09-21 14:40:19,0,2,8474,15677
2023-09-21 14:40:21,0,3,8474,15677
2023-09-21 14:41:26,1,3,8474,15677
2023-09-21 14:42:02,0,3,8474,15677
2023-09-21 14:42:14,1,3,8474,15677
2023-09-21 14:42:18,0,3,8474,15677
2023-09-21 14:43:01,0,2,8474,15677
2023-09-21 14:50:18,0,1,8474,15677
