datetime,bid,ask,open_interest,volume
2023-04-05 09:30:03,20,23,562,580
2023-04-05 09:30:21,23,26,564,582
2023-04-05 09:30:49,18,23,562,584
2023-04-05 09:31:00,18,26,562,584
2023-04-05 09:31:04,20,26,562,584
2023-04-05 09:31:04,20,24,562,584
2023-04-05 09:31:17,21,24,562,584
2023-04-05 09:31:17,21,22,562,584
2023-04-05 09:31:29,20,22,562,584
2023-04-05 09:31:29,20,24,562,584
2023-04-05 09:31:29,21,24,562,584
2023-04-05 09:31:29,21,22,562,584
2023-04-05 09:31:38,21,22,662,684
2023-04-05 09:31:45,22,24,662,686
2023-04-05 09:31:45,22,23,662,686
2023-04-05 09:31:54,22,24,662,686
2023-04-05 09:31:54,22,24,687,711
2023-04-05 09:31:59,21,22,662,741
2023-04-05 09:32:04,21,24,662,741
2023-04-05 09:32:04,21,22,662,741
2023-04-05 09:32:06,22,24,714,793
2023-04-05 09:32:06,22,24,812,891
2023-04-05 09:32:06,22,23,812,891
2023-04-05 09:32:07,22,24,812,891
2023-04-05 09:32:12,22,26,812,891
2023-04-05 09:32:12,24,26,812,891
2023-04-05 09:32:13,22,26,812,916
2023-04-05 09:32:13,22,25,812,916
2023-04-05 09:32:13,22,26,812,916
2023-04-05 09:32:20,23,26,812,916
2023-04-05 09:32:22,24,26,812,916
2023-04-05 09:32:31,24,25,812,916
2023-04-05 09:32:39,25,26,812,918
2023-04-05 09:32:45,24,25,739,991
2023-04-05 09:32:58,23,24,587,1143
2023-04-05 09:32:59,23,24,553,1218
2023-04-05 09:33:05,23,25,553,1218
2023-04-05 09:33:05,23,26,553,1218
2023-04-05 09:33:05,23,25,553,1218
2023-04-05 09:33:05,22,23,619,1284
2023-04-05 09:33:16,22,25,619,1284
2023-04-05 09:33:16,22,26,619,1284
2023-04-05 09:33:16,22,25,619,1284
2023-04-05 09:33:16,22,26,619,1284
2023-04-05 09:33:16,22,25,619,1284
2023-04-05 09:33:16,22,23,619,1284
2023-04-05 09:33:23,22,23,629,1294
2023-04-05 09:33:24,20,23,629,1294
2023-04-05 09:33:24,20,24,629,1294
2023-04-05 09:33:24,21,24,629,1294
2023-04-05 09:33:24,21,22,629,1294
2023-04-05 09:33:32,22,24,629,1296
2023-04-05 09:33:42,21,24,629,1296
2023-04-05 09:33:42,22,24,629,1296
2023-04-05 09:33:42,22,23,629,1296
2023-04-05 09:33:47,22,23,629,1362
2023-04-05 09:33:51,22,25,629,1362
2023-04-05 09:33:51,22,23,629,1362
2023-04-05 09:33:59,22,25,629,1362
2023-04-05 09:33:59,22,23,629,1362
2023-04-05 09:34:11,23,25,710,1484
2023-04-05 09:34:16,22,25,710,1484
2023-04-05 09:34:16,22,26,710,1484
2023-04-05 09:34:16,22,25,710,1484
2023-04-05 09:34:17,23,25,710,1484
2023-04-05 09:34:17,23,24,710,1484
2023-04-05 09:34:25,23,26,710,1484
2023-04-05 09:34:25,23,25,710,1484
2023-04-05 09:34:25,23,24,710,1484
2023-04-05 09:34:33,22,24,710,1484
2023-04-05 09:34:33,22,26,710,1484
2023-04-05 09:34:33,24,26,710,1484
2023-04-05 09:34:33,24,25,710,1484
2023-04-05 09:35:00,24,25,710,1524
2023-04-05 09:35:24,26,28,710,1526
2023-04-05 09:35:25,26,27,710,1526
2023-04-05 09:35:33,24,27,710,1526
2023-04-05 09:35:33,24,28,710,1526
2023-04-05 09:35:33,25,28,710,1526
2023-04-05 09:35:33,25,26,710,1526
2023-04-05 09:35:41,24,26,710,1526
2023-04-05 09:35:41,24,28,710,1526
2023-04-05 09:35:41,26,28,710,1526
2023-04-05 09:35:41,26,27,710,1526
2023-04-05 09:35:47,24,27,710,1566
2023-04-05 09:35:47,24,27,741,1599
2023-04-05 09:35:47,24,28,741,1599
2023-04-05 09:35:52,26,28,741,1599
2023-04-05 09:35:52,26,27,741,1599
2023-04-05 09:36:25,27,28,741,1601
2023-04-05 09:36:34,26,27,711,1699
2023-04-05 09:36:42,26,28,711,1699
2023-04-05 09:36:43,26,27,711,1699
2023-04-05 09:36:53,26,28,711,1699
2023-04-05 09:36:53,27,28,711,1699
2023-04-05 09:37:01,26,28,711,1699
2023-04-05 09:37:01,26,27,711,1699
2023-04-05 09:37:02,26,27,709,1701
2023-04-05 09:37:09,26,28,709,1701
2023-04-05 09:37:09,26,27,709,1701
2023-04-05 09:37:18,26,28,709,1701
2023-04-05 09:37:18,26,27,709,1701
2023-04-05 09:37:26,26,28,709,1701
2023-04-05 09:37:26,27,28,709,1701
2023-04-05 09:37:36,26,28,709,1701
2023-04-05 09:37:36,27,28,709,1701
2023-04-05 09:37:43,26,28,709,1701
2023-04-05 09:37:43,27,28,709,1701
2023-04-05 09:37:53,26,28,709,1701
2023-04-05 09:37:53,27,28,709,1701
2023-04-05 09:38:28,26,27,707,1703
2023-04-05 09:38:44,26,28,707,1703
2023-04-05 09:38:44,26,28,705,1705
2023-04-05 09:38:44,26,27,705,1705
2023-04-05 09:38:54,26,28,705,1705
2023-04-05 09:38:54,24,28,705,1705
2023-04-05 09:38:54,26,28,705,1705
2023-04-05 09:38:54,26,27,705,1705
2023-04-05 09:39:11,25,26,703,1707
2023-04-05 09:39:21,25,27,703,1707
2023-04-05 09:39:21,25,26,703,1707
2023-04-05 09:39:28,24,26,703,1707
2023-04-05 09:39:28,24,27,703,1707
2023-04-05 09:39:28,26,27,703,1707
2023-04-05 09:39:39,25,27,703,1707
2023-04-05 09:39:39,26,27,703,1707
2023-04-05 09:39:47,26,27,710,1757
2023-04-05 09:40:31,27,28,710,1759
2023-04-05 09:40:40,26,28,710,1759
2023-04-05 09:40:41,27,28,710,1759
2023-04-05 09:40:49,26,28,710,1759
2023-04-05 09:40:49,27,28,710,1759
2023-04-05 09:40:57,26,28,710,1759
2023-04-05 09:40:58,28,30,710,1761
2023-04-05 09:40:58,28,29,710,1761
2023-04-05 09:41:07,26,29,710,1761
2023-04-05 09:41:07,28,29,710,1761
2023-04-05 09:41:08,28,30,710,1761
2023-04-05 09:41:16,26,30,710,1761
2023-04-05 09:41:16,28,30,710,1761
2023-04-05 09:41:16,28,29,710,1761
2023-04-05 09:41:23,28,29,710,1763
2023-04-05 09:41:25,26,29,710,1763
2023-04-05 09:41:25,26,30,710,1763
2023-04-05 09:41:25,27,30,710,1763
2023-04-05 09:41:25,27,28,710,1763
2023-04-05 09:41:31,26,28,710,1763
2023-04-05 09:41:31,26,29,710,1763
2023-04-05 09:41:32,26,27,710,1763
2023-04-05 09:41:41,26,29,710,1763
2023-04-05 09:41:41,26,27,710,1763
2023-04-05 09:41:43,25,27,855,1913
2023-04-05 09:41:47,24,27,889,1947
2023-04-05 09:41:49,24,28,889,1947
2023-04-05 09:41:49,25,28,889,1947
2023-04-05 09:41:49,25,27,889,1947
2023-04-05 09:41:53,25,26,889,1947
2023-04-05 09:41:58,24,26,889,1947
2023-04-05 09:41:59,25,26,889,1947
2023-04-05 09:42:06,24,26,889,1947
2023-04-05 09:42:06,25,26,889,1947
2023-04-05 09:42:48,24,26,889,1947
2023-04-05 09:42:49,24,26,1029,2087
2023-04-05 09:42:49,24,27,1029,2087
2023-04-05 09:42:57,26,27,1029,2087
2023-04-05 09:43:15,25,27,1029,2087
2023-04-05 09:43:15,24,27,1029,2087
2023-04-05 09:43:15,25,27,1029,2087
2023-04-05 09:43:15,25,26,1029,2087
2023-04-05 09:43:16,25,26,1025,2091
2023-04-05 09:43:32,24,26,1025,2091
2023-04-05 09:43:33,24,27,1025,2091
2023-04-05 09:43:33,25,27,1025,2091
2023-04-05 09:43:33,25,26,1025,2091
2023-04-05 09:43:42,24,26,1025,2091
2023-04-05 09:43:42,24,27,1025,2091
2023-04-05 09:43:42,24,25,1025,2091
2023-04-05 09:43:51,25,27,1008,2231
2023-04-05 09:43:51,25,26,1008,2231
2023-04-05 09:44:14,26,27,1287,2651
2023-04-05 09:44:25,26,27,1287,2653
2023-04-05 09:44:33,26,28,1287,2653
2023-04-05 09:44:34,27,28,1287,2653
2023-04-05 09:44:35,26,27,1164,2793
2023-04-05 09:44:43,27,28,1164,2793
2023-04-05 09:44:57,27,28,1182,2948
2023-04-05 09:44:57,27,28,1605,3371
2023-04-05 09:45:07,26,28,1727,3493
2023-04-05 09:45:11,28,29,1727,4053
2023-04-05 09:45:12,28,29,1724,4229
2023-04-05 09:45:16,28,29,1744,4249
2023-04-05 09:45:17,28,31,1744,4249
2023-04-05 09:45:18,28,31,1774,4279
2023-04-05 09:45:18,28,31,1804,4309
2023-04-05 09:45:18,28,30,1804,4309
2023-04-05 09:45:19,28,31,1804,4309
2023-04-05 09:45:20,28,30,1804,4309
2023-04-05 09:45:21,28,31,1804,4309
2023-04-05 09:45:30,28,30,1804,4309
2023-04-05 09:45:30,27,30,1804,4309
2023-04-05 09:45:41,27,31,1804,4309
2023-04-05 09:45:41,28,31,1804,4309
2023-04-05 09:45:41,28,30,1804,4309
2023-04-05 09:45:41,28,31,1804,4309
2023-04-05 09:45:41,29,31,1804,4309
2023-04-05 09:45:42,29,30,1804,4309
2023-04-05 09:45:42,29,30,1804,4509
2023-04-05 09:45:43,28,30,1804,4559
2023-04-05 09:45:43,28,31,1804,4559
2023-04-05 09:46:03,28,30,1804,4559
2023-04-05 09:46:18,28,31,1804,4559
2023-04-05 09:46:44,29,31,1804,4559
2023-04-05 09:46:48,28,31,1804,4559
2023-04-05 09:47:12,30,31,1804,4559
2023-04-05 09:47:14,30,32,1804,4559
2023-04-05 09:47:17,31,32,1804,4559
2023-04-05 09:47:17,31,32,1931,4859
2023-04-05 09:47:19,30,31,1981,4909
2023-04-05 09:47:24,30,32,1981,4909
2023-04-05 09:47:40,31,32,1981,4909
2023-04-05 09:47:51,30,31,2051,4979
2023-04-05 09:47:56,30,32,2051,4979
2023-04-05 09:48:13,30,32,2053,5049
2023-04-05 09:48:13,31,32,2053,5049
2023-04-05 09:48:22,31,32,2053,5259
2023-04-05 09:48:25,31,33,2053,5259
2023-04-05 09:48:37,31,34,2053,5259
2023-04-05 09:48:51,32,34,2053,5259
2023-04-05 09:48:51,32,33,2053,5259
2023-04-05 09:48:51,32,33,2093,5299
2023-04-05 09:48:52,32,34,2093,5299
2023-04-05 09:48:52,32,33,2093,5299
2023-04-05 09:48:52,32,34,2093,5299
2023-04-05 09:48:58,33,34,2093,5299
2023-04-05 09:49:02,33,34,2163,5369
2023-04-05 09:49:02,34,35,2343,5549
2023-04-05 09:49:02,34,35,2443,5649
2023-04-05 09:49:02,34,35,2508,5714
2023-04-05 09:49:02,34,35,2608,5814
2023-04-05 09:49:03,34,35,2638,5844
2023-04-05 09:49:10,34,36,2638,6054
2023-04-05 09:49:18,34,36,2638,6264
2023-04-05 09:49:26,33,36,2638,6264
2023-04-05 09:49:27,32,33,2638,6330
2023-04-05 09:49:27,32,33,2296,6672
2023-04-05 09:49:30,32,33,2294,6674
2023-04-05 09:49:35,32,33,2294,6744
2023-04-05 09:49:43,32,33,2294,6814
2023-04-05 09:51:06,31,33,2294,6814
2023-04-05 09:51:07,31,34,2294,6814
2023-04-05 09:51:38,32,34,2294,6814
2023-04-05 09:51:42,33,34,2294,6814
2023-04-05 09:52:13,33,36,2294,6814
2023-04-05 09:52:45,33,34,2294,6814
2023-04-05 09:52:46,32,33,2294,7066
2023-04-05 09:53:04,32,34,2294,7066
2023-04-05 09:53:04,31,32,2322,7316
2023-04-05 09:53:13,31,33,2322,7316
2023-04-05 09:53:13,31,32,2322,7316
2023-04-05 09:53:15,29,32,2320,7318
2023-04-05 09:53:16,29,33,2320,7318
2023-04-05 09:53:26,29,32,2320,7318
2023-04-05 09:53:31,29,30,2320,7318
2023-04-05 09:54:52,30,32,2322,7320
2023-04-05 09:54:52,30,33,2323,7321
2023-04-05 09:54:54,30,32,2323,7321
2023-04-05 09:55:23,29,30,2447,7445
2023-04-05 09:56:26,28,29,2697,7697
2023-04-05 09:56:36,28,29,2698,7698
2023-04-05 09:56:47,27,29,2698,7698
2023-04-05 09:57:31,27,28,2698,7698
2023-04-05 09:57:32,27,28,2698,7998
2023-04-05 09:57:34,27,28,2698,8298
2023-04-05 09:57:35,27,28,2698,8598
2023-04-05 09:57:37,27,28,2959,8898
2023-04-05 09:57:39,27,28,2959,8932
2023-04-05 09:57:39,27,28,3259,9232
2023-04-05 09:57:41,28,29,3349,9322
2023-04-05 09:58:16,26,29,3349,9322
2023-04-05 09:58:25,26,29,3350,9323
2023-04-05 09:58:43,29,30,3352,9575
2023-04-05 10:00:01,29,30,3352,9576
2023-04-05 10:00:02,27,29,3350,9580
2023-04-05 10:00:05,27,30,3350,9876
2023-04-05 10:00:07,27,29,3350,9876
2023-04-05 10:00:08,27,29,3600,10126
2023-04-05 10:00:08,28,29,3600,10126
2023-04-05 10:00:08,28,29,3900,10426
2023-04-05 10:00:10,28,29,4200,10726
2023-04-05 10:00:12,28,29,4500,11026
2023-04-05 10:00:13,28,29,4800,11326
2023-04-05 10:00:14,28,30,5350,11876
2023-04-05 10:00:14,28,33,5352,11878
2023-04-05 10:00:20,28,33,5352,12250
2023-04-05 10:00:21,28,31,5352,12250
2023-04-05 10:00:23,28,30,5352,12250
2023-04-05 10:00:32,26,30,5352,12419
2023-04-05 10:00:32,26,30,5352,12778
2023-04-05 10:00:36,26,29,5352,12778
2023-04-05 10:00:40,25,29,5352,12778
2023-04-05 10:00:42,25,28,5352,12778
2023-04-05 10:00:44,25,27,5352,12778
2023-04-05 10:00:49,25,26,5352,12778
2023-04-05 10:00:50,23,25,5352,13028
2023-04-05 10:01:18,23,24,5352,13028
2023-04-05 10:01:44,24,27,5354,13280
2023-04-05 10:01:49,23,27,5354,13280
2023-04-05 10:01:52,23,27,5354,13281
2023-04-05 10:02:08,23,27,5354,13282
2023-04-05 10:02:11,26,27,5354,13282
2023-04-05 10:02:27,26,29,5356,13346
2023-04-05 10:02:44,26,28,5356,13346
2023-04-05 10:02:46,26,29,5356,13346
2023-04-05 10:02:56,26,30,5356,13346
2023-04-05 10:03:34,26,30,5356,13399
2023-04-05 10:03:35,27,30,5356,13399
2023-04-05 10:03:44,27,31,5356,13399
2023-04-05 10:03:44,28,31,5356,13399
2023-04-05 10:03:51,28,30,5356,13399
2023-04-05 10:04:05,28,31,5383,13651
2023-04-05 10:04:06,28,32,5383,13651
2023-04-05 10:04:09,29,33,5383,13651
2023-04-05 10:04:09,30,33,5383,13651
2023-04-05 10:04:24,31,33,5383,13651
2023-04-05 10:04:30,31,35,5383,14064
2023-04-05 10:04:33,32,35,5383,14064
2023-04-05 10:04:50,32,36,5383,14064
2023-04-05 10:05:05,32,35,5383,14064
2023-04-05 10:05:06,32,36,5383,14064
2023-04-05 10:05:08,32,35,5383,14064
2023-04-05 10:05:59,33,35,5383,14064
2023-04-05 10:06:15,33,36,5383,14064
2023-04-05 10:06:36,35,36,5383,14064
2023-04-05 10:07:02,35,37,5383,14064
2023-04-05 10:07:04,36,37,5383,14064
2023-04-05 10:07:20,36,37,5358,14184
2023-04-05 10:07:21,35,37,5358,14184
2023-04-05 10:07:26,35,36,5358,14184
2023-04-05 10:07:38,35,37,5358,14184
2023-04-05 10:07:39,35,37,5358,14224
2023-04-05 10:07:51,35,37,5358,14264
2023-04-05 10:07:58,35,36,5358,14264
2023-04-05 10:08:01,35,36,5356,14754
2023-04-05 10:08:05,34,36,5356,14914
2023-04-05 10:08:10,34,37,5356,14914
2023-04-05 10:08:11,34,35,5356,14914
2023-04-05 10:08:42,34,35,5356,15034
2023-04-05 10:08:52,34,35,5352,15038
2023-04-05 10:09:15,33,35,5352,15038
2023-04-05 10:09:15,29,35,5352,15038
2023-04-05 10:09:15,34,35,5352,15038
2023-04-05 10:09:16,31,34,5350,15040
2023-04-05 10:09:16,31,32,5350,15040
2023-04-05 10:09:25,31,32,5350,15252
2023-04-05 10:09:58,31,32,5352,15254
2023-04-05 10:10:12,32,33,5352,15282
2023-04-05 10:10:12,32,34,5352,15282
2023-04-05 10:10:12,32,35,5352,15282
2023-04-05 10:10:13,33,35,5352,15282
2023-04-05 10:10:13,33,34,5352,15282
2023-04-05 10:10:13,33,34,5353,15283
2023-04-05 10:10:37,33,34,5354,15284
2023-04-05 10:11:16,32,34,5354,15284
2023-04-05 10:11:16,32,35,5354,15284
2023-04-05 10:12:14,33,35,5354,15284
2023-04-05 10:12:14,35,36,5356,15286
2023-04-05 10:12:25,33,36,5356,15286
2023-04-05 10:12:25,35,36,5356,15286
2023-04-05 10:12:45,33,36,5356,15286
2023-04-05 10:12:45,34,36,5356,15286
2023-04-05 10:12:45,34,36,5356,15326
2023-04-05 10:12:55,35,36,5356,15326
2023-04-05 10:13:16,35,36,5356,15366
2023-04-05 10:13:29,35,36,5356,15486
2023-04-05 10:13:59,32,36,5349,15494
2023-04-05 10:14:14,33,36,5349,15494
2023-04-05 10:14:14,33,34,5349,15494
2023-04-05 10:14:47,32,34,5349,15494
2023-04-05 10:14:47,33,34,5349,15494
2023-04-05 10:14:47,33,36,5349,15494
2023-04-05 10:14:48,33,34,5349,15494
2023-04-05 10:15:27,33,36,5352,16218
2023-04-05 10:15:29,33,34,5352,16218
2023-04-05 10:15:39,33,34,5349,16222
2023-04-05 10:15:51,35,36,5350,16224
2023-04-05 10:16:03,34,36,5350,16262
2023-04-05 10:16:22,34,35,5350,16262
2023-04-05 10:16:42,34,36,5492,16502
2023-04-05 10:16:44,35,36,5492,16502
2023-04-05 10:16:52,35,36,5416,16582
2023-04-05 10:16:53,35,36,5416,16583
2023-04-05 10:17:05,35,36,5370,16703
2023-04-05 10:17:15,36,37,5424,16757
2023-04-05 10:17:48,35,37,5424,16757
2023-04-05 10:17:48,36,37,5424,16757
2023-04-05 10:18:08,36,37,5419,16763
2023-04-05 10:18:18,35,37,5419,16763
2023-04-05 10:18:18,36,37,5419,16763
2023-04-05 10:18:51,35,36,5419,16765
2023-04-05 10:19:02,35,37,5419,16765
2023-04-05 10:19:02,34,35,5419,16767
2023-04-05 10:19:36,34,35,5420,16768
2023-04-05 10:19:41,34,36,5420,16768
2023-04-05 10:19:46,34,35,5420,16768
2023-04-05 10:19:53,36,37,5420,16772
2023-04-05 10:20:26,34,35,5420,16774
2023-04-05 10:20:44,34,37,5420,16774
2023-04-05 10:20:45,34,37,5382,16814
2023-04-05 10:20:55,34,35,5382,16814
2023-04-05 10:21:04,34,35,5382,16815
2023-04-05 10:21:15,34,35,5352,16855
2023-04-05 10:21:36,34,35,5352,16857
2023-04-05 10:21:39,34,37,5405,16937
2023-04-05 10:21:39,34,36,5405,16937
2023-04-05 10:21:43,34,37,5405,16937
2023-04-05 10:21:46,36,37,5405,16937
2023-04-05 10:22:09,34,37,5405,16937
2023-04-05 10:22:10,34,35,5405,16937
2023-04-05 10:22:19,34,35,5406,16938
2023-04-05 10:22:20,34,35,5446,16978
2023-04-05 10:22:31,34,35,5526,17058
2023-04-05 10:22:40,33,34,5528,17060
2023-04-05 10:22:44,31,34,5528,17060
2023-04-05 10:22:44,31,35,5528,17060
2023-04-05 10:22:54,31,34,5528,17060
2023-04-05 10:23:04,32,34,5528,17060
2023-04-05 10:23:13,34,35,5528,17061
2023-04-05 10:23:37,34,35,5530,17063
2023-04-05 10:23:43,34,36,5530,17065
2023-04-05 10:23:46,31,36,5530,17065
2023-04-05 10:23:46,32,36,5530,17065
2023-04-05 10:23:46,34,36,5530,17065
2023-04-05 10:23:46,34,35,5530,17065
2023-04-05 10:24:08,32,35,5530,17065
2023-04-05 10:24:08,33,35,5530,17065
2023-04-05 10:24:08,33,34,5530,17065
2023-04-05 10:24:17,33,34,5530,17066
2023-04-05 10:24:27,33,35,5530,17066
2023-04-05 10:24:27,33,34,5530,17066
2023-04-05 10:24:41,33,34,5530,17143
2023-04-05 10:24:41,33,34,5530,17146
2023-04-05 10:24:58,33,34,5530,17147
2023-04-05 10:25:13,32,34,5530,17147
2023-04-05 10:25:13,31,34,5530,17147
2023-04-05 10:25:13,33,34,5530,17147
2023-04-05 10:25:25,33,35,5530,17147
2023-04-05 10:25:26,33,34,5530,17147
2023-04-05 10:27:20,33,34,5530,17150
2023-04-05 10:27:42,34,37,5526,17154
2023-04-05 10:27:42,34,37,5486,17194
2023-04-05 10:27:48,34,37,5468,17314
2023-04-05 10:27:52,35,37,5468,17314
2023-04-05 10:28:16,35,38,5468,17314
2023-04-05 10:28:16,35,39,5468,17314
2023-04-05 10:28:16,38,39,5468,17314
2023-04-05 10:28:24,39,40,5471,17319
2023-04-05 10:28:33,38,40,5471,17319
2023-04-05 10:28:33,39,40,5471,17319
2023-04-05 10:28:56,38,40,5471,17319
2023-04-05 10:28:56,39,40,5471,17319
2023-04-05 10:29:28,39,40,5551,17399
2023-04-05 10:30:08,39,40,5648,17499
2023-04-05 10:30:08,39,40,5666,17517
2023-04-05 10:30:09,38,39,5673,17524
2023-04-05 10:30:13,39,40,5684,17535
2023-04-05 10:30:39,39,40,5685,17536
2023-04-05 10:31:05,39,40,5685,17540
2023-04-05 10:31:15,39,40,5727,17582
2023-04-05 10:31:15,38,39,5765,17620
2023-04-05 10:31:30,38,39,5766,17621
2023-04-05 10:31:37,37,39,5727,17661
2023-04-05 10:31:46,37,38,5727,17661
2023-04-05 10:31:58,36,38,5727,17661
2023-04-05 10:31:58,36,39,5727,17661
2023-04-05 10:31:58,36,37,5727,17661
2023-04-05 10:32:19,36,37,5727,17691
2023-04-05 10:32:20,36,37,5727,17721
2023-04-05 10:32:21,37,39,5727,17743
2023-04-05 10:32:22,38,39,5727,17743
2023-04-05 10:32:28,37,38,5727,17773
2023-04-05 10:32:40,37,39,5727,17773
2023-04-05 10:32:40,38,39,5727,17773
2023-04-05 10:33:08,38,39,5731,17803
2023-04-05 10:33:18,38,40,5731,17803
2023-04-05 10:33:18,38,39,5731,17803
2023-04-05 10:33:29,38,40,5731,17803
2023-04-05 10:33:29,38,39,5731,17803
2023-04-05 10:33:39,38,40,5731,17803
2023-04-05 10:33:39,39,40,5731,17803
2023-04-05 10:33:49,38,39,5731,17833
2023-04-05 10:34:00,38,39,5731,17835
2023-04-05 10:34:04,38,39,5731,17865
2023-04-05 10:34:18,38,39,5731,17895
2023-04-05 10:34:19,38,39,5731,17925
2023-04-05 10:34:20,38,39,5731,17955
2023-04-05 10:34:54,38,40,5731,17955
2023-04-05 10:34:54,39,40,5731,17955
2023-04-05 10:35:14,39,41,5731,17955
2023-04-05 10:35:22,39,40,5731,17955
2023-04-05 10:35:27,39,41,5731,17955
2023-04-05 10:35:55,39,40,5731,17955
2023-04-05 10:36:04,39,41,5731,17955
2023-04-05 10:36:04,38,39,5731,17957
2023-04-05 10:36:11,38,41,5731,17957
2023-04-05 10:36:11,38,39,5731,17957
2023-04-05 10:36:23,38,39,5732,17969
2023-04-05 10:36:44,38,41,5732,17969
2023-04-05 10:36:45,41,42,5744,17981
2023-04-05 10:36:56,38,42,5744,17981
2023-04-05 10:36:56,40,42,5744,17981
2023-04-05 10:36:56,40,41,5744,17981
2023-04-05 10:37:16,41,42,5746,17983
2023-04-05 10:37:21,41,42,5755,17992
2023-04-05 10:37:23,40,42,5824,18061
2023-04-05 10:37:23,40,41,5824,18061
2023-04-05 10:39:52,40,41,5752,18141
2023-04-05 10:39:52,39,41,5752,18141
2023-04-05 10:40:03,39,41,5792,18181
2023-04-05 10:40:16,40,41,5792,18181
2023-04-05 10:40:25,39,41,5792,18181
2023-04-05 10:40:25,39,41,5832,18221
2023-04-05 10:40:34,40,41,5832,18221
2023-04-05 10:42:28,40,41,5872,18261
2023-04-05 10:42:55,40,41,5928,18330
2023-04-05 10:43:54,41,43,5947,18350
2023-04-05 10:44:01,40,43,5947,18350
2023-04-05 10:44:01,40,41,5947,18350
2023-04-05 10:44:04,40,41,5946,18352
2023-04-05 10:44:12,40,43,5946,18352
2023-04-05 10:44:13,41,43,5946,18352
2023-04-05 10:44:24,40,43,5946,18352
2023-04-05 10:44:24,40,41,5946,18352
2023-04-05 10:44:33,40,43,5946,18352
2023-04-05 10:44:34,41,43,5946,18352
2023-04-05 10:44:38,41,42,5946,18352
2023-04-05 10:44:44,41,42,5946,18366
2023-04-05 10:44:55,39,42,5986,18406
2023-04-05 10:44:55,39,41,5986,18406
2023-04-05 10:44:56,39,42,5986,18406
2023-04-05 10:44:56,40,42,5986,18406
2023-04-05 10:44:56,40,41,5986,18406
2023-04-05 10:44:56,40,41,6026,18446
2023-04-05 10:45:15,39,41,6026,18446
2023-04-05 10:45:15,39,42,6026,18446
2023-04-05 10:45:15,40,42,6026,18446
2023-04-05 10:45:15,40,41,6026,18446
2023-04-05 10:45:26,39,41,6026,18446
2023-04-05 10:45:26,39,42,6026,18446
2023-04-05 10:45:26,39,40,6026,18446
2023-04-05 10:45:37,39,42,6026,18446
2023-04-05 10:45:37,39,41,6026,18446
2023-04-05 10:45:37,40,41,6026,18446
2023-04-05 10:47:20,40,43,6072,18679
2023-04-05 10:47:22,40,41,6072,18679
2023-04-05 10:47:30,40,43,6072,18679
2023-04-05 10:47:30,40,42,6072,18679
2023-04-05 10:47:30,40,43,6072,18679
2023-04-05 10:47:30,40,41,6072,18679
2023-04-05 10:47:41,40,43,6072,18679
2023-04-05 10:47:42,41,43,6072,18679
2023-04-05 10:47:42,41,42,6072,18679
2023-04-05 10:47:42,41,42,6110,18717
2023-04-05 10:47:42,41,43,6110,18717
2023-04-05 10:47:42,41,43,6110,18717
2023-04-05 10:47:52,41,43,6110,18719
2023-04-05 10:48:14,40,43,6110,18719
2023-04-05 10:48:15,40,41,6110,18719
2023-04-05 10:48:23,41,43,6113,18735
2023-04-05 10:48:26,40,43,6113,18735
2023-04-05 10:48:36,41,43,6113,18735
2023-04-05 10:48:36,41,42,6113,18735
2023-04-05 10:48:36,41,43,6113,18735
2023-04-05 10:48:46,40,43,6113,18735
2023-04-05 10:48:47,40,41,6113,18735
2023-04-05 10:48:55,40,43,6113,18735
2023-04-05 10:48:56,40,41,6113,18735
2023-04-05 10:49:05,40,43,6113,18735
2023-04-05 10:49:05,42,43,6113,18735
2023-04-05 10:49:32,41,43,6113,18735
2023-04-05 10:49:32,41,42,6113,18735
2023-04-05 10:49:38,41,43,6113,18735
2023-04-05 10:49:45,41,42,6113,18735
2023-04-05 10:49:50,41,43,6113,18735
2023-04-05 10:49:56,41,42,6113,18735
2023-04-05 10:50:09,41,43,6113,18735
2023-04-05 10:50:39,41,42,6113,18735
2023-04-05 10:50:40,41,43,6113,18735
2023-04-05 10:50:40,40,41,6110,18740
2023-04-05 10:50:51,40,43,6110,18740
2023-04-05 10:50:51,41,43,6110,18740
2023-04-05 10:50:51,41,42,6110,18740
2023-04-05 10:50:51,40,42,6150,18780
2023-04-05 10:50:52,40,43,6150,18780
2023-04-05 10:50:52,40,42,6150,18780
2023-04-05 10:51:01,40,42,6112,18820
2023-04-05 10:51:15,41,42,6112,18820
2023-04-05 10:51:27,40,41,6112,18825
2023-04-05 10:51:39,38,41,6112,18825
2023-04-05 10:51:39,38,42,6112,18825
2023-04-05 10:51:39,39,42,6112,18825
2023-04-05 10:51:39,39,40,6112,18825
2023-04-05 10:51:59,38,40,6112,18825
2023-04-05 10:51:59,38,42,6112,18825
2023-04-05 10:51:59,39,42,6112,18825
2023-04-05 10:52:09,39,40,6112,18825
2023-04-05 10:54:37,40,41,6112,18829
2023-04-05 10:54:58,39,41,6112,18829
2023-04-05 10:54:58,39,42,6112,18829
2023-04-05 10:54:58,39,40,6112,18829
2023-04-05 10:54:58,39,40,6112,18831
2023-04-05 10:55:09,39,41,6112,18831
2023-04-05 10:55:09,39,40,6112,18831
2023-04-05 10:55:19,39,41,6112,18831
2023-04-05 10:55:19,39,40,6112,18831
2023-04-05 10:55:51,40,41,6112,18835
2023-04-05 10:56:01,39,41,6112,18835
2023-04-05 10:56:01,39,40,6112,18835
2023-04-05 10:56:14,39,41,6112,18835
2023-04-05 10:56:14,40,41,6112,18835
2023-04-05 10:56:22,41,42,6117,18843
2023-04-05 10:56:32,40,42,6117,18843
2023-04-05 10:56:32,40,41,6117,18843
2023-04-05 10:56:43,40,42,6117,18843
2023-04-05 10:56:43,40,41,6117,18843
2023-04-05 10:57:04,39,40,6115,18845
2023-04-05 10:57:14,39,41,6115,18845
2023-04-05 10:57:14,40,41,6115,18845
2023-04-05 10:57:23,40,42,6115,18845
2023-04-05 10:57:23,41,42,6115,18845
2023-04-05 10:57:24,40,41,6112,18852
2023-04-05 10:57:27,39,41,6112,18852
2023-04-05 10:57:27,39,40,6112,18852
2023-04-05 10:57:45,39,42,6112,18852
2023-04-05 10:57:45,39,40,6112,18852
2023-04-05 10:58:06,39,40,6112,18854
2023-04-05 10:58:17,38,39,6112,18856
2023-04-05 10:58:26,38,40,6112,18856
2023-04-05 10:58:26,39,40,6112,18856
2023-04-05 10:58:37,38,40,6112,18856
2023-04-05 10:58:37,38,39,6112,18856
2023-04-05 10:59:30,38,39,6112,18858
2023-04-05 10:59:39,37,39,6112,18858
2023-04-05 10:59:39,37,38,6112,18858
2023-04-05 10:59:52,37,39,6112,18858
2023-04-05 10:59:52,37,38,6112,18858
2023-04-05 11:00:03,37,39,6112,18858
2023-04-05 11:00:03,37,38,6112,18858
2023-04-05 11:00:27,38,39,6112,18862
2023-04-05 11:00:36,37,39,6112,18862
2023-04-05 11:00:36,37,38,6112,18862
2023-04-05 11:00:43,37,38,6104,18942
2023-04-05 11:00:56,37,38,6104,18982
2023-04-05 11:01:05,38,39,6104,18984
2023-04-05 11:01:14,38,39,6138,19018
2023-04-05 11:01:16,37,39,6138,19018
2023-04-05 11:01:16,37,38,6138,19018
2023-04-05 11:01:26,38,39,6138,19020
2023-04-05 11:01:36,38,39,6204,19086
2023-04-05 11:01:37,37,39,6204,19086
2023-04-05 11:01:37,37,38,6204,19086
2023-04-05 11:01:47,37,39,6204,19086
2023-04-05 11:01:47,37,38,6204,19086
2023-04-05 11:01:58,36,37,6204,19088
2023-04-05 11:02:09,35,37,6204,19088
2023-04-05 11:02:09,35,38,6204,19088
2023-04-05 11:02:09,37,38,6204,19088
2023-04-05 11:02:19,35,38,6204,19088
2023-04-05 11:02:19,36,38,6204,19088
2023-04-05 11:02:19,38,39,6204,19090
2023-04-05 11:02:20,36,38,6204,19168
2023-04-05 11:02:29,35,39,6204,19168
2023-04-05 11:02:29,35,38,6204,19168
2023-04-05 11:02:29,37,38,6204,19168
2023-04-05 11:02:40,35,38,6204,19168
2023-04-05 11:02:41,37,38,6204,19168
2023-04-05 11:03:56,38,39,6206,19172
2023-04-05 11:04:17,37,39,6206,19172
2023-04-05 11:04:18,37,38,6206,19172
2023-04-05 11:05:00,38,39,6208,19174
2023-04-05 11:05:20,37,39,6208,19174
2023-04-05 11:05:20,38,39,6208,19174
2023-04-05 11:05:31,37,39,6208,19174
2023-04-05 11:05:31,38,39,6208,19174
2023-04-05 11:05:52,39,40,6214,19180
2023-04-05 11:06:01,38,40,6214,19180
2023-04-05 11:06:01,39,40,6214,19180
2023-04-05 11:06:23,38,40,6214,19180
2023-04-05 11:06:24,39,40,6214,19180
2023-04-05 11:06:34,38,40,6214,19180
2023-04-05 11:06:34,40,41,6218,19184
2023-04-05 11:06:41,38,41,6218,19184
2023-04-05 11:06:48,38,40,6218,19184
2023-04-05 11:06:52,39,40,6218,19184
2023-04-05 11:07:02,38,40,6218,19184
2023-04-05 11:07:02,39,40,6218,19184
2023-04-05 11:07:22,38,40,6218,19184
2023-04-05 11:07:22,39,40,6218,19184
2023-04-05 11:07:32,38,40,6218,19184
2023-04-05 11:07:32,38,41,6218,19184
2023-04-05 11:07:32,40,41,6218,19184
2023-04-05 11:08:13,38,40,6212,19310
2023-04-05 11:08:14,39,40,6212,19310
2023-04-05 11:08:25,38,40,6212,19310
2023-04-05 11:08:25,38,41,6212,19310
2023-04-05 11:08:25,39,41,6212,19310
2023-04-05 11:08:25,39,40,6212,19310
2023-04-05 11:09:08,40,41,6214,19312
2023-04-05 11:09:17,39,41,6214,19312
2023-04-05 11:09:17,40,41,6214,19312
2023-04-05 11:09:29,39,41,6214,19312
2023-04-05 11:09:29,40,41,6214,19312
2023-04-05 11:09:38,39,40,6210,19316
2023-04-05 11:09:58,39,41,6210,19316
2023-04-05 11:09:58,40,41,6210,19316
2023-04-05 11:10:15,40,41,6208,19318
2023-04-05 11:10:21,39,41,6208,19318
2023-04-05 11:10:29,38,41,6208,19318
2023-04-05 11:11:25,38,42,6208,19318
2023-04-05 11:11:47,39,42,6208,19318
2023-04-05 11:12:06,38,42,6208,19318
2023-04-05 11:13:05,39,42,6208,19318
2023-04-05 11:13:39,40,42,6208,19318
2023-04-05 11:13:39,40,41,6208,19318
2023-04-05 11:13:49,41,42,6210,19320
2023-04-05 11:13:59,40,42,6210,19320
2023-04-05 11:13:59,41,42,6210,19320
2023-04-05 11:14:15,41,43,6210,19320
2023-04-05 11:14:40,42,43,6210,19320
2023-04-05 11:15:33,43,44,6212,19322
2023-04-05 11:15:33,42,43,6212,19440
2023-04-05 11:15:44,42,44,6212,19440
2023-04-05 11:15:44,43,44,6212,19440
2023-04-05 11:15:47,42,43,6212,19600
2023-04-05 11:15:54,42,44,6212,19600
2023-04-05 11:15:54,40,44,6212,19600
2023-04-05 11:15:54,42,44,6212,19600
2023-04-05 11:15:55,43,44,6212,19600
2023-04-05 11:15:56,42,43,6212,19640
2023-04-05 11:16:06,42,44,6212,19640
2023-04-05 11:16:06,42,43,6212,19640
2023-04-05 11:16:46,42,43,6214,19642
2023-04-05 11:17:12,42,43,6214,19643
2023-04-05 11:17:16,43,44,6216,19645
2023-04-05 11:17:28,43,44,6210,19651
2023-04-05 11:17:51,42,43,6208,19691
2023-04-05 11:18:01,42,44,6208,19691
2023-04-05 11:18:11,41,44,6208,19691
2023-04-05 11:18:22,42,44,6208,19691
2023-04-05 11:18:42,41,44,6208,19691
2023-04-05 11:18:42,41,43,6208,19691
2023-04-05 11:19:14,41,43,6208,19731
2023-04-05 11:21:17,42,43,6208,19731
2023-04-05 11:22:10,42,44,6208,19731
2023-04-05 11:22:22,43,44,6208,19731
2023-04-05 11:23:42,43,44,6306,19831
2023-04-05 11:23:42,42,44,6368,19893
2023-04-05 11:23:42,42,43,6368,19893
2023-04-05 11:23:42,42,44,6368,19893
2023-04-05 11:23:44,42,43,6368,19893
2023-04-05 11:23:44,42,43,6417,19943
2023-04-05 11:23:44,42,44,6417,19943
2023-04-05 11:23:44,42,43,6417,19943
2023-04-05 11:23:47,42,44,6417,19943
2023-04-05 11:23:57,43,44,6417,19943
2023-04-05 11:24:06,43,44,6485,20011
2023-04-05 11:24:06,43,44,6567,20093
2023-04-05 11:24:07,43,44,6586,20112
2023-04-05 11:24:07,43,44,6605,20131
2023-04-05 11:24:17,41,44,6605,20131
2023-04-05 11:24:17,43,44,6605,20131
2023-04-05 11:24:20,41,44,6605,20131
2023-04-05 11:24:20,43,44,6605,20131
2023-04-05 11:24:28,41,44,6605,20131
2023-04-05 11:24:28,44,45,6606,20133
2023-04-05 11:24:28,41,44,6606,20171
2023-04-05 11:24:35,41,45,6606,20171
2023-04-05 11:24:38,41,44,6606,20171
2023-04-05 11:24:38,43,44,6606,20171
2023-04-05 11:24:38,43,44,6670,20235
2023-04-05 11:24:49,41,44,6670,20235
2023-04-05 11:24:49,41,45,6670,20235
2023-04-05 11:24:49,43,45,6670,20235
2023-04-05 11:24:49,43,44,6670,20235
2023-04-05 11:24:53,43,44,6770,20335
2023-04-05 11:24:53,41,43,6830,20395
2023-04-05 11:25:04,41,42,6830,20395
2023-04-05 11:25:11,41,43,6950,20515
2023-04-05 11:25:11,41,42,6950,20515
2023-04-05 11:25:13,41,42,6995,20561
2023-04-05 11:25:14,41,42,7095,20661
2023-04-05 11:25:14,41,42,7129,20695
2023-04-05 11:25:14,40,41,7201,20767
2023-04-05 11:25:15,40,41,7301,20867
2023-04-05 11:25:15,40,41,7338,20904
2023-04-05 11:25:15,40,41,7438,21004
2023-04-05 11:25:19,40,41,7461,21027
2023-04-05 11:25:22,40,41,7501,21067
2023-04-05 11:25:31,39,41,7501,21067
2023-04-05 11:25:32,39,43,7661,21227
2023-04-05 11:25:32,40,43,7661,21227
2023-04-05 11:25:34,40,42,7661,21227
2023-04-05 11:25:38,40,43,7661,21227
2023-04-05 11:25:39,40,42,7661,21227
2023-04-05 11:25:41,40,41,7661,21227
2023-04-05 11:25:42,42,43,7664,21231
2023-04-05 11:25:42,40,43,7740,21307
2023-04-05 11:25:42,40,42,7740,21307
2023-04-05 11:25:42,40,43,7740,21307
2023-04-05 11:25:42,40,41,7740,21307
2023-04-05 11:25:42,40,41,7767,21334
2023-04-05 11:25:42,40,43,7767,21334
2023-04-05 11:25:42,40,43,7767,21334
2023-04-05 11:25:42,40,42,7767,21334
2023-04-05 11:25:43,40,42,7867,21434
2023-04-05 11:25:43,40,42,7967,21534
2023-04-05 11:25:44,40,42,7993,21560
2023-04-05 11:25:44,40,43,7993,21560
2023-04-05 11:25:49,40,42,7993,21560
2023-04-05 11:25:53,40,43,7993,21560
2023-04-05 11:25:53,40,42,7993,21560
2023-04-05 11:25:53,40,43,7993,21560
2023-04-05 11:25:54,42,43,7993,21560
2023-04-05 11:25:54,42,43,8093,21660
2023-04-05 11:25:54,42,43,8114,21681
2023-04-05 11:25:58,40,43,8153,21720
2023-04-05 11:25:58,40,42,8153,21720
2023-04-05 11:26:03,41,42,8153,21720
2023-04-05 11:26:13,42,43,8231,21798
2023-04-05 11:26:13,42,43,8266,21833
2023-04-05 11:26:29,42,43,8304,21873
2023-04-05 11:26:29,42,43,8344,21913
2023-04-05 11:26:29,42,43,8384,21953
2023-04-05 11:26:31,40,43,8426,21995
2023-04-05 11:26:31,40,42,8426,21995
2023-04-05 11:26:33,42,43,8466,22035
2023-04-05 11:26:34,40,43,8546,22115
2023-04-05 11:26:34,40,42,8546,22115
2023-04-05 11:26:35,40,43,8546,22115
2023-04-05 11:26:35,40,42,8546,22115
2023-04-05 11:26:36,40,43,8546,22115
2023-04-05 11:26:44,40,42,8546,22115
2023-04-05 11:26:44,42,43,8589,22158
2023-04-05 11:26:44,40,43,8666,22235
2023-04-05 11:26:44,40,42,8666,22235
2023-04-05 11:26:44,40,43,8666,22235
2023-04-05 11:26:55,41,43,8666,22235
2023-04-05 11:27:06,41,43,8703,22273
2023-04-05 11:27:06,41,43,8741,22311
2023-04-05 11:27:06,41,43,8765,22335
2023-04-05 11:27:06,41,42,8765,22335
2023-04-05 11:27:11,41,42,8865,22435
2023-04-05 11:27:11,41,43,8865,22435
2023-04-05 11:27:17,40,43,8865,22435
2023-04-05 11:27:17,41,43,8865,22435
2023-04-05 11:27:21,40,43,8865,22475
2023-04-05 11:27:21,40,42,8865,22475
2023-04-05 11:27:26,40,43,8865,22475
2023-04-05 11:27:26,40,42,8865,22475
2023-04-05 11:27:26,40,41,8865,22475
2023-04-05 11:27:36,40,41,8867,22477
2023-04-05 11:27:36,40,41,8915,22525
2023-04-05 11:27:36,38,40,8947,22557
2023-04-05 11:27:37,40,41,8995,22605
2023-04-05 11:27:37,40,41,9043,22653
2023-04-05 11:27:46,38,41,9043,22653
2023-04-05 11:27:46,40,41,9043,22653
2023-04-05 11:27:56,38,41,9043,22653
2023-04-05 11:27:56,40,41,9043,22653
2023-04-05 11:28:16,40,41,9073,22683
2023-04-05 11:28:16,42,43,9074,22688
2023-04-05 11:28:16,40,43,9109,22723
2023-04-05 11:28:16,40,42,9109,22723
2023-04-05 11:28:16,39,42,9143,22758
2023-04-05 11:28:21,39,43,9143,22758
2023-04-05 11:28:27,41,43,9143,22758
2023-04-05 11:28:31,41,43,9310,22925
2023-04-05 11:28:31,39,41,9383,22998
2023-04-05 11:28:38,41,43,9429,23044
2023-04-05 11:28:46,41,43,9462,23077
2023-04-05 11:28:47,41,42,9462,23077
2023-04-05 11:28:48,41,43,9462,23077
2023-04-05 11:28:48,41,42,9462,23077
2023-04-05 11:28:53,41,43,9462,23077
2023-04-05 11:28:53,41,42,9462,23077
2023-04-05 11:28:54,41,42,9538,23153
2023-04-05 11:28:54,41,42,9614,23229
2023-04-05 11:28:59,39,43,9614,23229
2023-04-05 11:28:59,41,43,9614,23229
2023-04-05 11:28:59,41,42,9614,23229
2023-04-05 11:29:08,39,42,9614,23229
2023-04-05 11:29:08,39,42,9614,23309
2023-04-05 11:29:08,40,42,9614,23309
2023-04-05 11:29:11,40,43,9614,23309
2023-04-05 11:29:11,40,42,9614,23309
2023-04-05 11:29:12,40,43,9614,23309
2023-04-05 11:29:13,40,42,9614,23309
2023-04-05 11:29:20,42,43,9617,23315
2023-04-05 11:29:40,42,43,9650,23348
2023-04-05 11:29:40,42,43,9683,23381
2023-04-05 11:29:40,40,42,9691,23389
2023-04-05 11:29:51,42,43,9716,23414
2023-04-05 11:30:04,41,43,9723,23424
2023-04-05 11:30:04,41,42,9723,23424
2023-04-05 11:30:04,41,42,9741,23442
2023-04-05 11:30:12,40,42,9741,23442
2023-04-05 11:30:12,41,42,9741,23442
2023-04-05 11:30:19,41,42,9819,23520
2023-04-05 11:30:19,41,42,9899,23600
2023-04-05 11:30:19,40,41,9941,23642
2023-04-05 11:30:23,41,42,9977,23678
2023-04-05 11:30:32,40,42,9977,23678
2023-04-05 11:30:32,41,42,9977,23678
2023-04-05 11:30:34,41,42,10017,23718
2023-04-05 11:30:42,40,42,10017,23718
2023-04-05 11:30:42,41,42,10017,23718
2023-04-05 11:30:51,40,42,10017,23718
2023-04-05 11:30:52,40,43,10052,23758
2023-04-05 11:30:54,41,43,10052,23758
2023-04-05 11:30:55,41,42,10052,23758
2023-04-05 11:31:02,41,43,10057,23838
2023-04-05 11:31:03,41,44,10057,23838
2023-04-05 11:31:10,41,43,10057,23838
2023-04-05 11:31:13,41,44,10057,23838
2023-04-05 11:31:14,43,44,10057,23838
2023-04-05 11:31:24,41,44,10057,23838
2023-04-05 11:31:24,42,44,10057,23838
2023-04-05 11:31:43,41,44,10057,23838
2023-04-05 11:31:43,42,44,10057,23838
2023-04-05 11:31:54,42,45,10057,23838
2023-04-05 11:31:54,42,44,10057,23838
2023-04-05 11:32:25,43,44,10057,23838
2023-04-05 11:33:13,42,44,10057,23838
2023-04-05 11:33:19,43,44,10057,23838
2023-04-05 11:35:56,44,47,10059,23840
2023-04-05 11:35:56,44,45,10059,23840
2023-04-05 11:36:06,43,45,10059,23840
2023-04-05 11:36:06,43,47,10059,23840
2023-04-05 11:36:07,43,44,10059,23840
2023-04-05 11:36:27,43,47,10059,23840
2023-04-05 11:36:27,43,44,10059,23840
2023-04-05 11:36:47,43,47,10059,23840
2023-04-05 11:36:48,44,47,10059,23840
2023-04-05 11:36:48,44,45,10059,23840
2023-04-05 11:36:58,44,47,10059,23840
2023-04-05 11:36:58,45,47,10059,23840
2023-04-05 11:36:58,45,46,10059,23840
2023-04-05 11:37:09,44,46,10059,23840
2023-04-05 11:37:09,44,47,10059,23840
2023-04-05 11:37:09,45,47,10059,23840
2023-04-05 11:37:09,45,46,10059,23840
2023-04-05 11:37:19,45,46,10078,23920
2023-04-05 11:37:30,45,48,10078,23920
2023-04-05 11:37:30,47,48,10078,23920
2023-04-05 11:37:42,45,48,10078,23920
2023-04-05 11:37:42,46,48,10078,23920
2023-04-05 11:37:42,46,47,10078,23920
2023-04-05 11:38:01,46,47,10081,23923
2023-04-05 11:38:11,46,48,10081,23923
2023-04-05 11:38:11,46,50,10081,23923
2023-04-05 11:38:11,46,51,10081,23923
2023-04-05 11:38:11,46,50,10081,23923
2023-04-05 11:38:11,46,51,10081,23923
2023-04-05 11:38:11,48,51,10081,23923
2023-04-05 11:38:12,48,50,10081,23923
2023-04-05 11:38:16,49,50,10081,23923
2023-04-05 11:38:21,47,48,10079,23925
2023-04-05 11:38:27,44,48,10079,23925
2023-04-05 11:38:27,44,50,10079,23925
2023-04-05 11:38:27,49,50,10079,23925
2023-04-05 11:38:28,46,49,10079,23965
2023-04-05 11:38:32,44,49,10079,23965
2023-04-05 11:38:32,45,49,10079,23965
2023-04-05 11:38:40,45,50,10079,23965
2023-04-05 11:38:49,46,50,10079,23965
2023-04-05 11:39:13,47,50,10079,23965
2023-04-05 11:39:13,47,48,10079,23965
2023-04-05 11:39:24,46,48,10079,23965
2023-04-05 11:39:24,46,50,10079,23965
2023-04-05 11:39:25,47,50,10079,23965
2023-04-05 11:39:25,47,48,10079,23965
2023-04-05 11:39:33,46,48,10079,23965
2023-04-05 11:39:33,47,48,10079,23965
2023-04-05 11:40:27,48,49,10081,23967
2023-04-05 11:40:28,48,49,10098,23984
2023-04-05 11:40:28,48,49,10115,24001
2023-04-05 11:40:36,47,49,10115,24001
2023-04-05 11:40:36,48,49,10115,24001
2023-04-05 11:40:36,47,48,10155,24041
2023-04-05 11:40:36,47,49,10155,24041
2023-04-05 11:40:39,46,49,10155,24041
2023-04-05 11:40:47,48,49,10155,24041
2023-04-05 11:41:04,48,49,10161,24047
2023-04-05 11:41:32,48,49,10168,24054
2023-04-05 11:41:39,47,48,10164,24058
2023-04-05 11:41:49,46,48,10164,24058
2023-04-05 11:41:49,46,49,10164,24058
2023-04-05 11:41:49,48,49,10164,24058
2023-04-05 11:42:00,47,48,10162,24060
2023-04-05 11:42:11,46,48,10162,24060
2023-04-05 11:42:11,46,49,10162,24060
2023-04-05 11:42:11,47,49,10162,24060
2023-04-05 11:42:11,47,48,10162,24060
2023-04-05 11:42:20,46,48,10162,24060
2023-04-05 11:42:20,46,49,10162,24060
2023-04-05 11:42:20,47,49,10162,24060
2023-04-05 11:42:20,47,48,10162,24060
2023-04-05 11:42:31,46,47,10160,24062
2023-04-05 11:42:41,46,48,10160,24062
2023-04-05 11:42:41,46,47,10160,24062
2023-04-05 11:43:44,44,47,10160,24062
2023-04-05 11:43:45,44,49,10160,24062
2023-04-05 11:44:16,44,48,10160,24062
2023-04-05 11:45:55,46,48,10160,24062
2023-04-05 11:45:55,46,47,10160,24062
2023-04-05 11:46:05,44,47,10160,24062
2023-04-05 11:46:05,44,48,10160,24062
2023-04-05 11:46:05,47,48,10160,24062
2023-04-05 11:46:05,47,48,10187,24089
2023-04-05 11:46:05,44,47,10200,24102
2023-04-05 11:46:15,46,47,10200,24102
2023-04-05 11:46:37,44,47,10200,24102
2023-04-05 11:46:37,47,48,10229,24131
2023-04-05 11:46:41,44,47,10229,24142
2023-04-05 11:46:46,47,48,10231,24144
2023-04-05 11:46:51,44,47,10231,24182
2023-04-05 11:46:56,46,47,10231,24182
2023-04-05 11:47:16,46,48,10233,24222
2023-04-05 11:47:28,47,48,10233,24222
2023-04-05 11:47:38,47,48,10233,24302
2023-04-05 11:47:49,46,47,10225,24310
2023-04-05 11:48:10,46,48,10225,24310
2023-04-05 11:48:10,47,48,10225,24310
2023-04-05 11:48:55,47,48,10229,24430
2023-04-05 11:49:09,47,50,10229,24430
2023-04-05 11:49:20,46,50,10229,24430
2023-04-05 11:49:25,46,49,10229,24430
2023-04-05 11:49:39,46,47,10229,24430
2023-04-05 11:49:51,47,49,10231,24432
2023-04-05 11:49:51,47,48,10231,24432
2023-04-05 11:50:11,46,48,10231,24432
2023-04-05 11:50:11,46,49,10231,24432
2023-04-05 11:50:11,46,47,10231,24432
2023-04-05 11:50:21,46,49,10231,24432
2023-04-05 11:50:22,47,49,10231,24432
2023-04-05 11:50:22,47,48,10231,24432
2023-04-05 11:50:31,46,48,10231,24432
2023-04-05 11:50:31,46,49,10231,24432
2023-04-05 11:50:31,47,49,10231,24432
2023-04-05 11:50:31,47,48,10231,24432
2023-04-05 11:51:07,46,47,10224,24600
2023-04-05 11:51:14,46,48,10224,24600
2023-04-05 11:51:14,47,48,10224,24600
2023-04-05 11:51:15,46,47,10224,24640
2023-04-05 11:51:25,47,48,10226,24642
2023-04-05 11:51:26,46,47,10226,24720
2023-04-05 11:51:31,46,48,10226,24720
2023-04-05 11:51:32,46,47,10226,24720
2023-04-05 11:52:26,46,47,10226,24760
2023-04-05 11:52:27,45,47,10226,24760
2023-04-05 11:52:36,46,47,10226,24760
2023-04-05 11:52:37,45,46,10226,24960
2023-04-05 11:52:39,46,47,10226,25060
2023-04-05 11:52:40,45,46,10226,25160
2023-04-05 11:52:48,45,47,10226,25160
2023-04-05 11:52:48,45,47,10226,25200
2023-04-05 11:52:51,45,47,10227,25201
2023-04-05 11:52:57,45,46,10227,25201
2023-04-05 11:53:18,45,46,10227,25241
2023-04-05 11:53:29,45,46,10227,25401
2023-04-05 11:53:38,46,47,10228,25409
2023-04-05 11:53:59,45,47,10228,25409
2023-04-05 11:53:59,45,47,10234,25569
2023-04-05 11:54:08,44,47,10234,25569
2023-04-05 11:54:12,44,46,10234,25569
2023-04-05 11:54:19,44,45,10234,25569
2023-04-05 11:54:32,44,45,10234,25570
2023-04-05 11:54:36,44,45,10233,25571
2023-04-05 11:54:40,43,45,10233,25571
2023-04-05 11:54:40,43,46,10233,25571
2023-04-05 11:54:40,44,46,10233,25571
2023-04-05 11:54:40,44,45,10233,25571
2023-04-05 11:54:50,44,45,10243,25581
2023-04-05 11:55:01,45,46,10245,25583
2023-04-05 11:55:01,44,45,10245,25701
2023-04-05 11:55:10,44,46,10245,25701
2023-04-05 11:55:10,45,46,10245,25701
2023-04-05 11:55:12,44,45,10245,25861
2023-04-05 11:55:19,44,46,10245,25861
2023-04-05 11:55:21,44,45,10245,25861
2023-04-05 11:55:31,44,46,10245,25861
2023-04-05 11:55:31,44,45,10245,25861
2023-04-05 11:55:40,44,46,10245,25861
2023-04-05 11:55:40,44,45,10245,25861
2023-04-05 11:55:51,44,45,10247,25863
2023-04-05 11:56:13,44,46,10247,25863
2023-04-05 11:56:14,44,46,10248,25864
2023-04-05 11:56:23,44,48,10248,25864
2023-04-05 11:56:23,47,48,10248,25864
2023-04-05 11:56:27,47,48,10250,25866
2023-04-05 11:56:28,44,47,10245,25949
2023-04-05 11:56:33,46,48,10245,25949
2023-04-05 11:56:33,46,47,10245,25949
2023-04-05 11:56:43,44,47,10245,25949
2023-04-05 11:56:43,44,48,10245,25949
2023-04-05 11:56:43,46,48,10245,25949
2023-04-05 11:56:43,46,47,10245,25949
2023-04-05 11:57:04,45,47,10245,25949
2023-04-05 11:57:05,45,46,10245,25949
2023-04-05 11:57:26,45,46,10247,25951
2023-04-05 11:57:59,46,47,10249,25953
2023-04-05 11:58:47,46,47,10253,26053
2023-04-05 11:59:00,46,48,10253,26053
2023-04-05 11:59:01,46,47,10253,26053
2023-04-05 11:59:45,45,47,10253,26053
2023-04-05 11:59:45,45,48,10253,26053
2023-04-05 12:00:12,46,48,10253,26053
2023-04-05 12:00:58,46,47,10253,26053
2023-04-05 12:01:18,46,49,10260,26173
2023-04-05 12:05:55,46,48,10260,26173
2023-04-05 12:06:11,45,48,10260,26173
2023-04-05 12:06:12,44,48,10260,26173
2023-04-05 12:06:39,44,45,10260,26173
2023-04-05 12:06:44,42,45,10260,26173
2023-04-05 12:09:30,44,45,10260,26173
2023-04-05 12:10:05,43,44,10240,26195
2023-04-05 12:10:16,42,44,10240,26195
2023-04-05 12:10:16,42,45,10240,26195
2023-04-05 12:10:16,44,45,10240,26195
2023-04-05 12:10:35,43,45,10240,26195
2023-04-05 12:10:35,43,46,10240,26235
2023-04-05 12:10:45,43,46,10240,26355
2023-04-05 12:10:56,45,46,10240,26355
2023-04-05 12:11:05,43,46,10240,26355
2023-04-05 12:11:06,45,46,10240,26355
2023-04-05 12:11:25,45,46,10245,26360
2023-04-05 12:11:46,45,47,10245,26360
2023-04-05 12:11:47,46,47,10245,26360
2023-04-05 12:11:53,45,46,10245,26440
2023-04-05 12:11:58,45,47,10245,26440
2023-04-05 12:11:58,45,48,10245,26440
2023-04-05 12:11:58,46,48,10245,26440
2023-04-05 12:11:58,46,47,10245,26440
2023-04-05 12:12:00,45,46,10397,26600
2023-04-05 12:12:05,44,47,10397,26600
2023-04-05 12:12:07,45,47,10397,26600
2023-04-05 12:12:07,45,46,10397,26600
2023-04-05 12:12:16,45,47,10397,26600
2023-04-05 12:12:16,45,46,10397,26600
2023-04-05 12:12:19,44,46,10397,26600
2023-04-05 12:12:30,45,46,10397,26600
2023-04-05 12:12:53,44,46,10397,26600
2023-04-05 12:12:53,45,46,10397,26600
2023-04-05 12:13:13,44,45,10392,26607
2023-04-05 12:13:22,44,46,10392,26607
2023-04-05 12:13:22,44,45,10392,26607
2023-04-05 12:13:43,45,46,10395,26612
2023-04-05 12:13:54,44,46,10395,26612
2023-04-05 12:13:54,46,47,10397,26614
2023-04-05 12:14:02,44,46,10475,26692
2023-04-05 12:14:04,45,46,10475,26692
2023-04-05 12:14:14,44,45,10470,26699
2023-04-05 12:14:24,44,46,10470,26699
2023-04-05 12:14:24,44,45,10470,26699
2023-04-05 12:14:54,44,45,10470,26701
2023-04-05 12:15:16,43,45,10470,26701
2023-04-05 12:15:16,43,44,10470,26701
2023-04-05 12:15:27,44,45,10470,26705
2023-04-05 12:15:37,43,45,10470,26705
2023-04-05 12:15:37,43,44,10470,26705
2023-04-05 12:15:41,43,44,10470,26716
2023-04-05 12:16:02,42,44,10470,26718
2023-04-05 12:16:06,37,44,10470,26718
2023-04-05 12:16:06,39,44,10470,26718
2023-04-05 12:16:09,39,43,10470,26718
2023-04-05 12:16:09,40,43,10470,26718
2023-04-05 12:16:36,38,43,10470,26718
2023-04-05 12:16:37,38,42,10470,26718
2023-04-05 12:16:43,38,41,10470,26718
2023-04-05 12:16:51,38,41,10471,26719
2023-04-05 12:16:51,40,41,10471,26719
2023-04-05 12:17:12,39,40,10471,26721
2023-04-05 12:17:16,40,41,10433,26759
2023-04-05 12:17:21,39,42,10433,26762
2023-04-05 12:17:25,41,42,10433,26762
2023-04-05 12:17:35,41,43,10433,26762
2023-04-05 12:17:51,41,43,10434,26842
2023-04-05 12:18:02,41,43,10434,26962
2023-04-05 12:18:04,41,44,10434,26962
2023-04-05 12:18:12,44,45,10437,26967
2023-04-05 12:18:23,43,45,10437,26967
2023-04-05 12:18:23,44,45,10437,26967
2023-04-05 12:18:41,45,47,10277,27130
2023-04-05 12:18:41,45,46,10277,27130
2023-04-05 12:18:42,45,47,10277,27130
2023-04-05 12:18:43,45,47,10237,27170
2023-04-05 12:18:53,45,46,10237,27170
2023-04-05 12:19:14,46,47,10237,27172
2023-04-05 12:19:14,46,47,10237,27177
2023-04-05 12:19:39,47,48,10091,27429
2023-04-05 12:19:45,47,49,10091,27429
2023-04-05 12:19:45,47,49,10091,27529
2023-04-05 12:19:45,47,48,10091,27529
2023-04-05 12:19:45,47,49,10091,27643
2023-04-05 12:19:45,47,48,10091,27643
2023-04-05 12:19:46,47,49,10091,27643
2023-04-05 12:21:08,47,49,10091,27943
2023-04-05 12:21:09,47,49,10091,28243
2023-04-05 12:22:06,46,49,10091,28243
2023-04-05 12:23:04,47,49,10091,28243
2023-04-05 12:23:25,49,50,10091,28249
2023-04-05 12:23:27,49,50,10091,28549
2023-04-05 12:23:28,49,50,10091,28849
2023-04-05 12:23:32,47,49,10091,28967
2023-04-05 12:23:45,47,50,10091,28967
2023-04-05 12:23:45,46,50,10091,28967
2023-04-05 12:24:08,49,50,10091,28967
2023-04-05 12:24:16,50,51,10091,29222
2023-04-05 12:24:18,50,51,9691,29622
2023-04-05 12:24:18,50,51,9691,29679
2023-04-05 12:24:18,50,51,9691,29780
2023-04-05 12:24:18,50,51,9691,29880
2023-04-05 12:24:18,50,51,9491,30080
2023-04-05 12:24:18,50,51,9491,30137
2023-04-05 12:24:18,50,51,9491,30181
2023-04-05 12:24:22,50,51,9491,30481
2023-04-05 12:24:23,50,51,9491,30781
2023-04-05 12:24:24,49,50,9491,30967
2023-04-05 12:24:25,48,50,9491,30967
2023-04-05 12:24:27,48,50,9251,31207
2023-04-05 12:24:39,49,50,9251,31207
2023-04-05 12:24:49,48,50,9251,31207
2023-04-05 12:24:49,49,50,9251,31207
2023-04-05 12:25:08,48,50,9411,31373
2023-04-05 12:25:12,48,49,9411,31373
2023-04-05 12:25:22,46,47,9407,31377
2023-04-05 12:25:30,46,49,9407,31377
2023-04-05 12:25:31,47,49,9407,31377
2023-04-05 12:25:31,47,48,9407,31377
2023-04-05 12:25:51,45,47,9405,31499
2023-04-05 12:25:52,44,47,9405,31499
2023-04-05 12:25:53,43,47,9405,31499
2023-04-05 12:25:53,46,47,9405,31499
2023-04-05 12:26:04,43,47,9565,31659
2023-04-05 12:26:05,43,46,9565,31659
2023-04-05 12:26:10,43,45,9565,31659
2023-04-05 12:26:11,41,45,9565,31659
2023-04-05 12:26:19,41,44,9565,31659
2023-04-05 12:26:26,41,45,9565,31659
2023-04-05 12:26:26,41,44,9565,31659
2023-04-05 12:26:38,41,44,9565,31719
2023-04-05 12:26:42,41,43,9565,31719
2023-04-05 12:26:43,41,44,9565,31719
2023-04-05 12:26:47,40,41,9564,31784
2023-04-05 12:27:09,41,44,9564,31786
2023-04-05 12:27:09,41,43,9564,31786
2023-04-05 12:27:22,40,43,9564,31786
2023-04-05 12:27:22,40,43,9564,31845
2023-04-05 12:27:22,40,41,9564,31845
2023-04-05 12:27:22,40,41,9564,31846
2023-04-05 12:27:32,40,42,9564,31846
2023-04-05 12:27:32,40,42,9504,31906
2023-04-05 12:27:32,40,41,9504,31906
2023-04-05 12:28:02,40,41,9474,31936
2023-04-05 12:28:12,41,43,9477,31939
2023-04-05 12:28:12,41,42,9477,31939
2023-04-05 12:28:23,41,43,9477,31939
2023-04-05 12:28:23,40,43,9477,31939
2023-04-05 12:28:23,40,44,9477,31939
2023-04-05 12:28:23,40,43,9477,31939
2023-04-05 12:28:23,41,43,9477,31939
2023-04-05 12:28:33,40,43,9477,31939
2023-04-05 12:28:33,43,44,9509,31971
2023-04-05 12:28:33,40,43,9537,31999
2023-04-05 12:28:33,40,44,9537,31999
2023-04-05 12:28:33,40,43,9537,31999
2023-04-05 12:28:43,42,43,9537,31999
2023-04-05 12:28:53,40,43,9537,31999
2023-04-05 12:28:53,42,43,9537,31999
2023-04-05 12:29:03,40,43,9537,31999
2023-04-05 12:29:03,42,43,9537,31999
2023-04-05 12:29:13,40,43,9537,31999
2023-04-05 12:29:14,42,43,9537,31999
2023-04-05 12:29:30,42,44,9537,31999
2023-04-05 12:29:30,42,43,9537,31999
2023-04-05 12:29:34,42,44,9537,31999
2023-04-05 12:29:34,43,44,9537,31999
2023-04-05 12:29:34,43,44,9594,32056
2023-04-05 12:29:56,42,44,9594,32056
2023-04-05 12:30:06,43,44,9594,32056
2023-04-05 12:30:17,42,44,9594,32056
2023-04-05 12:30:27,43,44,9594,32056
2023-04-05 12:30:59,42,43,9592,32058
2023-04-05 12:31:08,40,41,9591,32060
2023-04-05 12:31:18,40,43,9591,32060
2023-04-05 12:31:19,41,43,9591,32060
2023-04-05 12:31:29,40,43,9591,32060
2023-04-05 12:31:29,41,43,9591,32060
2023-04-05 12:31:30,41,42,9591,32060
2023-04-05 12:31:45,41,42,9616,32085
2023-04-05 12:31:49,40,41,9616,32087
2023-04-05 12:32:00,40,42,9616,32087
2023-04-05 12:32:01,40,41,9616,32087
2023-04-05 12:32:30,40,41,9556,32147
2023-04-05 12:32:41,39,40,9556,32149
2023-04-05 12:33:11,40,41,9556,32153
2023-04-05 12:33:19,40,42,9556,32153
2023-04-05 12:33:19,40,41,9556,32153
2023-04-05 12:33:43,40,41,9586,32183
2023-04-05 12:33:47,39,41,9586,32183
2023-04-05 12:33:48,39,40,9586,32183
2023-04-05 12:33:53,41,43,9587,32185
2023-04-05 12:33:55,41,42,9587,32185
2023-04-05 12:34:03,39,42,9587,32185
2023-04-05 12:34:03,42,43,9609,32207
2023-04-05 12:34:03,39,43,9617,32215
2023-04-05 12:34:03,39,42,9617,32215
2023-04-05 12:34:14,41,42,9617,32215
2023-04-05 12:34:26,40,41,9616,32217
2023-04-05 12:34:37,39,41,9616,32217
2023-04-05 12:34:37,39,42,9616,32217
2023-04-05 12:34:37,41,42,9616,32217
2023-04-05 12:34:55,40,41,9616,32219
2023-04-05 12:35:07,40,42,9616,32219
2023-04-05 12:35:07,40,41,9616,32219
2023-04-05 12:35:07,41,42,9628,32234
2023-04-05 12:35:07,41,42,9637,32243
2023-04-05 12:35:07,41,42,9646,32252
2023-04-05 12:35:16,40,42,9646,32252
2023-04-05 12:35:17,41,42,9646,32252
2023-04-05 12:35:19,41,42,9676,32282
2023-04-05 12:35:26,42,43,9686,32292
2023-04-05 12:35:26,41,42,9706,32312
2023-04-05 12:35:26,41,43,9706,32312
2023-04-05 12:35:26,41,42,9706,32312
2023-04-05 12:35:36,41,42,9754,32360
2023-04-05 12:35:37,41,43,9754,32360
2023-04-05 12:35:38,40,43,9754,32360
2023-04-05 12:35:38,40,44,9754,32360
2023-04-05 12:35:38,42,44,9754,32360
2023-04-05 12:35:38,42,43,9754,32360
2023-04-05 12:36:11,42,44,9754,32360
2023-04-05 12:36:17,44,45,10006,33632
2023-04-05 12:36:17,44,45,10063,33689
2023-04-05 12:36:17,44,45,10163,33789
2023-04-05 12:36:17,44,45,10263,33889
2023-04-05 12:36:19,44,45,10263,33919
2023-04-05 12:36:29,44,47,10263,33919
2023-04-05 12:36:30,44,46,10263,33919
2023-04-05 12:36:30,44,46,10263,34009
2023-04-05 12:36:39,44,47,10263,34009
2023-04-05 12:36:39,44,45,10263,34009
2023-04-05 12:36:44,44,47,10203,34069
2023-04-05 12:36:44,45,47,10203,34069
2023-04-05 12:36:49,46,47,10203,34069
2023-04-05 12:36:59,45,47,10203,34069
2023-04-05 12:36:59,46,47,10203,34069
2023-04-05 12:37:08,46,49,10203,34069
2023-04-05 12:37:09,46,47,10203,34069
2023-04-05 12:37:28,47,49,10205,34071
2023-04-05 12:37:41,47,48,10205,34071
2023-04-05 12:37:46,47,48,10205,34171
2023-04-05 12:37:49,48,49,10207,34193
2023-04-05 12:37:52,48,49,10207,34223
2023-04-05 12:38:01,48,49,10207,34343
2023-04-05 12:38:12,48,49,10207,34403
2023-04-05 12:38:23,48,49,10207,34433
2023-04-05 12:38:38,48,49,10257,34483
2023-04-05 12:39:04,48,49,10257,34543
2023-04-05 12:39:14,48,49,10253,34576
2023-04-05 12:39:34,47,48,10251,34578
2023-04-05 12:39:56,47,49,10251,34578
2023-04-05 12:39:56,47,48,10251,34578
2023-04-05 12:41:00,48,49,10253,34580
2023-04-05 12:41:22,47,49,10253,34580
2023-04-05 12:41:22,48,49,10253,34580
2023-04-05 12:41:53,48,49,10255,34630
2023-04-05 12:42:02,48,52,10255,34630
2023-04-05 12:42:02,48,51,10255,34630
2023-04-05 12:42:02,49,51,10255,34630
2023-04-05 12:42:02,49,50,10255,34630
2023-04-05 12:42:14,49,52,10255,34630
2023-04-05 12:42:14,49,51,10255,34630
2023-04-05 12:42:31,50,51,10255,34630
2023-04-05 12:42:35,48,49,10253,34632
2023-04-05 12:42:45,48,51,10253,34632
2023-04-05 12:42:45,48,50,10253,34632
2023-04-05 12:42:45,48,50,10249,34636
2023-04-05 12:42:56,47,50,10249,34636
2023-04-05 12:42:56,47,48,10249,34636
2023-04-05 12:43:17,47,48,10247,34638
2023-04-05 12:43:48,46,48,10247,34638
2023-04-05 12:43:49,46,47,10247,34638
2023-04-05 12:45:25,46,47,10217,34668
2023-04-05 12:45:45,45,46,10216,34670
2023-04-05 12:45:55,45,47,10216,34670
2023-04-05 12:45:55,45,46,10216,34670
2023-04-05 12:46:02,46,47,10216,34700
2023-04-05 12:46:14,46,47,10216,34760
2023-04-05 12:46:15,46,47,10217,34761
2023-04-05 12:46:26,46,47,10217,34851
2023-04-05 12:46:38,46,47,10217,34881
2023-04-05 12:46:43,46,47,10220,34884
2023-04-05 12:46:56,46,47,10221,34886
2023-04-05 12:47:05,46,48,10221,34886
2023-04-05 12:47:06,46,47,10221,34886
2023-04-05 12:47:26,46,48,10221,34886
2023-04-05 12:47:26,46,47,10221,34886
2023-04-05 12:47:36,46,47,10220,34916
2023-04-05 12:47:38,45,47,10250,34946
2023-04-05 12:47:40,45,46,10250,34946
2023-04-05 12:47:43,45,46,10250,36012
2023-04-05 12:47:58,44,46,10250,36012
2023-04-05 12:47:58,43,46,10250,36012
2023-04-05 12:47:58,44,46,10250,36012
2023-04-05 12:47:58,44,45,10250,36012
2023-04-05 12:48:18,45,47,10251,36284
2023-04-05 12:48:18,45,46,10251,36284
2023-04-05 12:48:18,45,46,10251,36314
2023-04-05 12:48:20,45,47,10251,36314
2023-04-05 12:48:23,45,46,10251,36314
2023-04-05 12:48:38,45,47,10251,36314
2023-04-05 12:48:38,45,47,10251,36434
2023-04-05 12:48:38,45,46,10251,36434
2023-04-05 12:48:47,44,45,10549,36732
2023-04-05 12:48:48,45,46,10552,36735
2023-04-05 12:49:12,45,46,10582,36765
2023-04-05 12:49:33,44,46,10582,36765
2023-04-05 12:49:58,44,45,10582,36765
2023-04-05 12:50:08,43,45,10703,36887
2023-04-05 12:50:09,44,45,10703,36887
2023-04-05 12:50:14,44,45,10708,36892
2023-04-05 12:50:17,43,45,10708,36892
2023-04-05 12:50:17,43,44,10708,36892
2023-04-05 12:50:32,41,43,10978,37162
2023-04-05 12:50:39,42,43,10978,37162
2023-04-05 12:50:48,41,43,10978,37162
2023-04-05 12:50:49,42,43,10978,37162
2023-04-05 12:51:09,41,43,10978,37162
2023-04-05 12:51:19,42,43,10978,37162
2023-04-05 12:51:30,42,43,10979,37164
2023-04-05 12:51:39,41,43,10979,37164
2023-04-05 12:51:39,42,43,10979,37164
2023-04-05 12:51:49,42,44,10979,37164
2023-04-05 12:51:59,41,44,10979,37164
2023-04-05 12:51:59,43,44,10979,37164
2023-04-05 12:52:10,41,44,10979,37164
2023-04-05 12:52:10,42,44,10979,37164
2023-04-05 12:52:11,43,44,10979,37164
2023-04-05 12:53:44,44,46,10983,37168
2023-04-05 12:53:44,44,45,10983,37168
2023-04-05 12:53:55,43,45,10983,37168
2023-04-05 12:53:55,43,46,10983,37168
2023-04-05 12:53:55,44,46,10983,37168
2023-04-05 12:53:55,44,45,10983,37168
2023-04-05 12:54:16,45,47,10985,37170
2023-04-05 12:54:16,45,46,10985,37170
2023-04-05 12:54:37,44,46,10985,37170
2023-04-05 12:54:37,44,45,10985,37170
2023-04-05 12:54:40,44,47,10925,37232
2023-04-05 12:54:43,44,48,10925,37232
2023-04-05 12:54:43,45,48,10925,37232
2023-04-05 12:54:48,46,48,10925,37232
2023-04-05 12:54:48,46,47,10925,37232
2023-04-05 12:55:10,47,48,10927,37234
2023-04-05 12:55:30,46,48,10927,37234
2023-04-05 12:55:31,46,49,10927,37234
2023-04-05 12:55:31,46,49,10925,37236
2023-04-05 12:55:39,46,48,10925,37236
2023-04-05 12:55:40,45,48,10925,37236
2023-04-05 12:55:40,45,46,10925,37236
2023-04-05 12:55:51,45,49,10925,37236
2023-04-05 12:55:51,46,49,10925,37236
2023-04-05 12:55:56,47,49,10925,37236
2023-04-05 12:56:02,46,47,10921,37240
2023-04-05 12:56:11,46,49,10921,37240
2023-04-05 12:56:12,46,47,10921,37240
2023-04-05 12:56:26,47,49,10921,37330
2023-04-05 12:56:34,48,49,10921,37330
2023-04-05 12:56:43,47,49,10921,37330
2023-04-05 12:56:43,49,50,10923,37332
2023-04-05 12:56:44,49,51,10923,37332
2023-04-05 12:56:54,47,51,10923,37332
2023-04-05 12:56:54,49,51,10923,37332
2023-04-05 12:56:54,49,50,10923,37332
2023-04-05 12:57:08,49,50,10925,37357
2023-04-05 12:57:17,49,52,10925,37357
2023-04-05 12:57:17,50,52,10925,37357
2023-04-05 12:57:17,50,51,10925,37357
2023-04-05 12:57:27,49,51,10925,37357
2023-04-05 12:57:27,49,52,10925,37357
2023-04-05 12:57:27,49,50,10925,37357
2023-04-05 12:57:37,49,52,10925,37357
2023-04-05 12:57:38,49,50,10925,37357
2023-04-05 12:58:16,50,51,10927,37479
2023-04-05 12:58:20,50,51,10927,37569
2023-04-05 12:58:41,50,51,10927,37599
2023-04-05 12:58:42,49,51,10927,37599
2023-04-05 12:58:52,49,50,10927,37599
2023-04-05 12:59:01,49,51,10927,37599
2023-04-05 12:59:02,49,50,10927,37599
2023-04-05 12:59:22,49,51,10927,37599
2023-04-05 12:59:23,50,51,10927,37599
2023-04-05 12:59:35,50,51,10927,37689
2023-04-05 12:59:39,47,51,10927,37689
2023-04-05 12:59:46,48,51,10927,37689
2023-04-05 12:59:46,48,50,10927,37689
2023-04-05 12:59:49,48,51,10927,37689
2023-04-05 12:59:54,48,50,10927,37689
2023-04-05 13:00:06,48,49,10927,37689
2023-04-05 13:01:05,48,49,11255,38017
2023-04-05 13:01:06,48,49,11255,38135
2023-04-05 13:01:15,48,49,11255,38165
2023-04-05 13:01:20,48,49,11255,38195
2023-04-05 13:01:22,48,49,11255,38225
2023-04-05 13:01:37,48,49,11255,38255
2023-04-05 13:01:40,48,49,11255,38285
2023-04-05 13:01:41,48,49,11255,38315
2023-04-05 13:01:42,48,49,11255,38345
2023-04-05 13:01:44,48,49,11255,38375
2023-04-05 13:01:45,48,49,11355,38475
2023-04-05 13:01:45,48,49,11355,38505
2023-04-05 13:01:48,48,49,11355,38535
2023-04-05 13:01:49,48,49,11382,38565
2023-04-05 13:01:50,48,49,11512,38695
2023-04-05 13:01:51,48,49,11542,38725
2023-04-05 13:01:52,48,49,11572,38755
2023-04-05 13:01:53,48,49,11602,38785
2023-04-05 13:01:55,48,49,11632,38815
2023-04-05 13:01:56,48,49,11662,38845
2023-04-05 13:01:58,48,49,11692,38875
2023-04-05 13:01:59,48,49,12061,39244
2023-04-05 13:01:59,48,49,12091,39274
2023-04-05 13:02:00,48,49,12121,39304
2023-04-05 13:02:08,48,49,12115,39363
2023-04-05 13:02:25,48,49,12179,39429
2023-04-05 13:02:29,48,49,12479,39729
2023-04-05 13:02:30,48,49,12779,40029
2023-04-05 13:02:30,48,49,12792,40042
2023-04-05 13:02:30,48,49,12805,40055
2023-04-05 13:02:31,48,49,12807,40057
2023-04-05 13:02:31,48,49,12807,40086
2023-04-05 13:02:31,48,49,13107,40386
2023-04-05 13:02:32,48,49,13137,40416
2023-04-05 13:02:33,48,49,13437,40716
2023-04-05 13:02:34,48,49,13737,41016
2023-04-05 13:02:35,48,49,13767,41046
2023-04-05 13:02:37,48,49,14067,41346
2023-04-05 13:02:41,47,48,14067,41365
2023-04-05 13:02:50,46,47,14070,41371
2023-04-05 13:02:53,46,48,14070,41371
2023-04-05 13:03:11,46,49,14070,41371
2023-04-05 13:03:12,47,49,14070,41371
2023-04-05 13:03:17,47,48,14070,41371
2023-04-05 13:03:40,47,49,14068,41373
2023-04-05 13:04:09,48,49,14068,41373
2023-04-05 13:04:19,48,51,14067,41375
2023-04-05 13:04:23,48,52,14067,41375
2023-04-05 13:04:23,48,51,14067,41375
2023-04-05 13:04:33,48,52,14067,41375
2023-04-05 13:04:33,48,51,14067,41375
2023-04-05 13:04:37,49,51,14067,41375
2023-04-05 13:04:43,49,52,14067,41375
2023-04-05 13:04:43,49,51,14067,41375
2023-04-05 13:04:53,49,52,14067,41375
2023-04-05 13:04:55,49,51,14067,41375
2023-04-05 13:04:58,49,52,14067,41375
2023-04-05 13:05:12,51,52,14067,41375
2023-04-05 13:05:35,51,53,14067,41579
2023-04-05 13:05:43,52,53,14067,41579
2023-04-05 13:05:43,53,54,14067,41581
2023-04-05 13:05:45,53,55,14067,41581
2023-04-05 13:05:56,53,54,14067,41581
2023-04-05 13:06:00,53,55,14067,41581
2023-04-05 13:06:22,53,56,14067,41581
2023-04-05 13:06:22,53,55,14067,41581
2023-04-05 13:06:29,54,55,14067,41581
2023-04-05 13:06:29,54,55,14112,41626
2023-04-05 13:06:40,54,55,14169,41683
2023-04-05 13:06:45,55,56,14169,41684
2023-04-05 13:06:53,53,56,14169,41743
2023-04-05 13:06:53,53,55,14169,41743
2023-04-05 13:06:54,54,55,14169,41743
2023-04-05 13:06:55,54,56,14169,41743
2023-04-05 13:06:58,53,54,14169,41773
2023-04-05 13:06:58,53,54,14169,41803
2023-04-05 13:06:59,53,54,14169,41833
2023-04-05 13:07:01,54,56,14169,41843
2023-04-05 13:07:03,55,56,14169,41843
2023-04-05 13:07:06,54,56,14169,41843
2023-04-05 13:07:22,54,55,14169,41843
2023-04-05 13:07:32,54,56,14169,41843
2023-04-05 13:07:57,54,55,14169,41843
2023-04-05 13:08:02,54,56,14169,41843
2023-04-05 13:08:03,54,57,14169,41843
2023-04-05 13:08:11,55,57,14169,41843
2023-04-05 13:08:43,55,56,14169,41843
2023-04-05 13:08:52,54,56,14169,41847
2023-04-05 13:08:55,53,54,14149,41867
2023-04-05 13:09:00,51,53,14149,41897
2023-04-05 13:09:01,52,53,14149,41897
2023-04-05 13:09:02,52,54,14149,41897
2023-04-05 13:09:05,52,56,14149,41897
2023-04-05 13:09:05,52,54,14149,41897
2023-04-05 13:09:10,51,54,14149,41897
2023-04-05 13:09:34,51,55,14149,41897
2023-04-05 13:09:48,52,55,14149,41897
2023-04-05 13:09:49,51,55,14149,41897
2023-04-05 13:09:57,51,54,14149,41897
2023-04-05 13:10:03,51,53,14149,41897
2023-04-05 13:10:38,51,52,14149,41897
2023-04-05 13:10:54,51,53,14149,41897
2023-04-05 13:10:57,51,55,14149,41897
2023-04-05 13:11:00,52,55,14149,41897
2023-04-05 13:11:05,52,54,14149,41897
2023-04-05 13:11:09,52,55,14149,41897
2023-04-05 13:11:23,51,55,14149,41897
2023-04-05 13:11:28,51,54,14149,41897
2023-04-05 13:12:09,51,53,14149,41897
2023-04-05 13:12:10,51,52,14149,41897
2023-04-05 13:12:16,51,53,14149,41897
2023-04-05 13:12:58,50,53,14149,41897
2023-04-05 13:13:00,51,53,14149,41897
2023-04-05 13:13:01,52,53,14149,41897
2023-04-05 13:13:05,52,54,14149,41899
2023-04-05 13:13:05,53,54,14149,41899
2023-04-05 13:13:07,54,55,14149,41901
2023-04-05 13:13:16,55,57,14149,41903
2023-04-05 13:13:17,56,57,14149,41903
2023-04-05 13:13:17,56,58,14149,41903
2023-04-05 13:13:32,55,58,14149,41903
2023-04-05 13:13:37,55,56,14149,41903
2023-04-05 13:13:38,54,55,14121,41931
2023-04-05 13:13:39,54,55,14121,41961
2023-04-05 13:14:12,53,54,14121,41995
2023-04-05 13:14:26,53,55,14121,41995
2023-04-05 13:14:38,54,55,14121,41995
2023-04-05 13:14:54,54,56,14121,41995
2023-04-05 13:15:56,55,56,14121,41995
2023-04-05 13:16:24,55,57,14121,41995
2023-04-05 13:16:24,55,56,14121,41995
2023-04-05 13:16:27,56,58,14131,42005
2023-04-05 13:16:27,56,57,14131,42005
2023-04-05 13:16:27,56,57,14141,42015
2023-04-05 13:16:27,56,58,14141,42015
2023-04-05 13:16:28,55,57,14149,42053
2023-04-05 13:16:29,56,57,14149,42053
2023-04-05 13:16:29,55,57,14152,42083
2023-04-05 13:16:30,56,57,14152,42083
2023-04-05 13:16:30,55,57,14182,42113
2023-04-05 13:16:31,56,57,14182,42113
2023-04-05 13:16:31,55,57,14212,42143
2023-04-05 13:16:32,56,57,14212,42143
2023-04-05 13:16:32,55,57,14242,42173
2023-04-05 13:16:33,56,57,14242,42173
2023-04-05 13:17:12,55,57,14242,42173
2023-04-05 13:17:12,56,57,14242,42173
2023-04-05 13:17:51,55,57,14242,42173
2023-04-05 13:17:51,56,57,14242,42173
2023-04-05 13:18:45,57,59,14244,42175
2023-04-05 13:18:52,57,60,14244,42175
2023-04-05 13:19:00,57,59,14244,42175
2023-04-05 13:19:40,57,60,14244,42175
2023-04-05 13:20:01,57,60,14274,42205
2023-04-05 13:20:03,57,60,14304,42235
2023-04-05 13:20:04,57,60,14334,42265
2023-04-05 13:20:06,59,60,14334,42265
2023-04-05 13:20:06,59,60,14364,42295
2023-04-05 13:20:07,59,60,14394,42325
2023-04-05 13:20:09,59,60,14424,42355
2023-04-05 13:20:14,57,60,14424,42355
2023-04-05 13:20:14,60,62,14444,42375
2023-04-05 13:20:14,60,61,14444,42375
2023-04-05 13:20:28,58,59,14444,42377
2023-04-05 13:20:30,58,61,14444,42377
2023-04-05 13:20:39,58,60,14444,42377
2023-04-05 13:21:16,59,60,14444,42377
2023-04-05 13:21:37,58,60,14444,42377
2023-04-05 13:21:47,59,60,14444,42377
2023-04-05 13:22:08,58,60,14444,42377
2023-04-05 13:22:09,59,60,14444,42377
2023-04-05 13:22:12,59,61,14444,42377
2023-04-05 13:22:20,58,61,14444,42377
2023-04-05 13:22:22,59,61,14444,42377
2023-04-05 13:22:31,57,58,14447,42381
2023-04-05 13:22:41,57,61,14447,42381
2023-04-05 13:23:19,57,60,14447,42381
2023-04-05 13:23:25,57,59,14447,42381
2023-04-05 13:23:32,57,58,14447,42381
2023-04-05 13:23:34,57,59,14447,42381
2023-04-05 13:24:32,57,58,14447,42381
2023-04-05 13:24:34,57,59,14447,42381
2023-04-05 13:24:36,57,60,14447,42381
2023-04-05 13:25:01,57,61,14447,42381
2023-04-05 13:25:01,58,61,14447,42381
2023-04-05 13:25:07,58,60,14447,42381
2023-04-05 13:25:07,57,60,14447,42381
2023-04-05 13:25:18,57,61,14447,42381
2023-04-05 13:25:27,58,61,14447,42381
2023-04-05 13:25:33,58,60,14447,42381
2023-04-05 13:25:35,58,61,14447,42381
2023-04-05 13:25:37,58,60,14447,42381
2023-04-05 13:25:49,59,60,14447,42381
2023-04-05 13:25:53,58,60,14447,42381
2023-04-05 13:26:01,59,60,14447,42381
2023-04-05 13:26:12,59,61,14444,42387
2023-04-05 13:26:13,60,61,14444,42387
2023-04-05 13:26:32,60,62,14444,42387
2023-04-05 13:26:33,59,62,14444,42387
2023-04-05 13:26:33,60,62,14444,42387
2023-04-05 13:26:43,59,62,14444,42387
2023-04-05 13:26:43,60,62,14444,42387
2023-04-05 13:26:51,60,63,14444,42387
2023-04-05 13:27:35,60,62,14444,42387
2023-04-05 13:27:36,59,60,14444,42389
2023-04-05 13:27:38,59,62,14444,42389
2023-04-05 13:27:44,59,63,14444,42389
2023-04-05 13:27:55,60,63,14444,42389
2023-04-05 13:28:04,59,63,14444,42389
2023-04-05 13:28:22,60,63,14444,42389
2023-04-05 13:28:37,60,61,14444,42389
2023-04-05 13:28:39,60,63,14444,42389
2023-04-05 13:28:53,61,63,14444,42389
2023-04-05 13:28:55,61,63,14447,42392
2023-04-05 13:29:10,60,63,14447,42392
2023-04-05 13:29:12,62,63,14447,42392
2023-04-05 13:29:16,60,63,14447,42392
2023-04-05 13:29:21,61,63,14447,42392
2023-04-05 13:29:31,60,63,14447,42392
2023-04-05 13:29:57,60,61,14447,42392
2023-04-05 13:30:00,60,63,14447,42392
2023-04-05 13:30:30,62,63,14447,42392
2023-04-05 13:30:55,62,64,14447,42392
2023-04-05 13:30:59,62,64,14447,42492
2023-04-05 13:31:25,62,63,14447,42492
2023-04-05 13:31:36,62,64,14447,42492
2023-04-05 13:31:36,62,63,14447,42492
2023-04-05 13:31:56,61,63,14447,42492
2023-04-05 13:31:56,61,64,14447,42492
2023-04-05 13:31:56,61,63,14447,42492
2023-04-05 13:32:07,61,62,14447,42492
2023-04-05 13:32:09,61,63,14447,42492
2023-04-05 13:32:48,62,63,14447,42492
2023-04-05 13:32:57,61,63,14447,42492
2023-04-05 13:32:57,62,63,14447,42492
2023-04-05 13:33:02,62,64,14447,42492
2023-04-05 13:33:19,63,64,14447,42492
2023-04-05 13:33:23,62,64,14447,42492
2023-04-05 13:33:49,62,63,14447,42492
2023-04-05 13:33:53,62,64,14447,42492
2023-04-05 13:33:58,61,64,14447,42492
2023-04-05 13:33:58,61,65,14447,42492
2023-04-05 13:33:58,61,64,14447,42492
2023-04-05 13:34:13,61,62,14447,42492
2023-04-05 13:34:16,61,64,14447,42492
2023-04-05 13:34:23,61,63,14447,42492
2023-04-05 13:34:34,61,64,14447,42492
2023-04-05 13:34:38,61,63,14447,42492
2023-04-05 13:34:50,61,64,14447,42492
2023-04-05 13:34:55,61,63,14447,42492
2023-04-05 13:34:57,60,63,14447,42492
2023-04-05 13:35:15,60,62,14447,42492
2023-04-05 13:35:25,60,63,14447,42492
2023-04-05 13:35:33,61,63,14447,42492
2023-04-05 13:35:38,60,63,14447,42492
2023-04-05 13:35:51,62,63,14447,42492
2023-04-05 13:35:55,60,63,14447,42492
2023-04-05 13:35:58,59,63,14447,42492
2023-04-05 13:36:14,61,63,14447,42492
2023-04-05 13:36:15,61,62,14447,42492
2023-04-05 13:36:21,61,63,14447,42492
2023-04-05 13:36:57,61,64,14447,42492
2023-04-05 13:36:59,62,64,14447,42492
2023-04-05 13:37:38,63,64,14447,42492
2023-04-05 13:37:42,63,65,14447,42492
2023-04-05 13:37:43,64,65,14447,42492
2023-04-05 13:38:31,63,64,14447,42494
2023-04-05 13:38:40,63,65,14447,42494
2023-04-05 13:38:41,62,65,14447,42494
2023-04-05 13:38:41,63,65,14447,42494
2023-04-05 13:38:47,63,65,14454,42501
2023-04-05 13:38:53,62,65,14454,42501
2023-04-05 13:38:53,63,65,14454,42501
2023-04-05 13:38:54,63,66,14454,42501
2023-04-05 13:38:54,63,65,14454,42501
2023-04-05 13:38:59,64,65,14454,42501
2023-04-05 13:39:10,64,66,14454,42501
2023-04-05 13:39:32,64,65,14454,42501
2023-04-05 13:39:42,64,66,14454,42501
2023-04-05 13:41:13,65,66,14454,42501
2023-04-05 13:41:25,66,67,14456,42503
2023-04-05 13:41:36,66,68,14456,42503
2023-04-05 13:41:36,66,67,14456,42503
2023-04-05 13:41:36,65,67,14456,42503
2023-04-05 13:41:37,65,66,14456,42503
2023-04-05 13:41:38,65,68,14456,42503
2023-04-05 13:41:39,65,67,14456,42503
2023-04-05 13:41:56,65,66,14456,42503
2023-04-05 13:42:04,64,66,14456,42503
2023-04-05 13:42:16,63,66,14456,42503
2023-04-05 13:42:16,63,67,14456,42503
2023-04-05 13:42:17,63,66,14456,42503
2023-04-05 13:42:37,63,65,14456,42503
2023-04-05 13:42:39,63,66,14456,42503
2023-04-05 13:42:59,63,65,14456,42503
2023-04-05 13:43:09,63,66,14456,42503
2023-04-05 13:43:10,63,65,14456,42503
2023-04-05 13:43:30,63,66,14456,42503
2023-04-05 13:43:30,63,64,14456,42503
2023-04-05 13:44:55,63,65,14389,42572
2023-04-05 13:45:00,63,66,14389,42572
2023-04-05 13:45:04,63,65,14389,42572
2023-04-05 13:45:56,63,64,14389,42572
2023-04-05 13:46:05,63,65,14389,42572
2023-04-05 13:46:05,63,64,14389,42572
2023-04-05 13:46:07,65,66,14391,42618
2023-04-05 13:46:07,63,65,14395,42622
2023-04-05 13:46:07,63,66,14395,42622
2023-04-05 13:46:15,63,64,14395,42622
2023-04-05 13:46:26,63,66,14395,42622
2023-04-05 13:46:26,63,65,14395,42622
2023-04-05 13:46:37,63,66,14395,42622
2023-04-05 13:46:37,63,65,14395,42622
2023-04-05 13:46:46,63,66,14395,42622
2023-04-05 13:46:46,63,65,14395,42622
2023-04-05 13:46:50,63,65,14395,42672
2023-04-05 13:46:57,63,66,14395,42672
2023-04-05 13:46:57,63,65,14395,42672
2023-04-05 13:47:07,63,66,14395,42672
2023-04-05 13:47:07,63,65,14395,42672
2023-04-05 13:47:17,63,66,14395,42672
2023-04-05 13:47:17,63,64,14395,42672
2023-04-05 13:47:27,63,66,14395,42672
2023-04-05 13:47:27,63,64,14395,42672
2023-04-05 13:47:38,63,65,14395,42672
2023-04-05 13:47:38,63,64,14395,42672
2023-04-05 13:47:59,62,64,14395,42672
2023-04-05 13:48:09,62,63,14395,42672
2023-04-05 13:48:21,62,64,14395,42672
2023-04-05 13:48:36,63,64,14395,42672
2023-04-05 13:48:54,63,64,14352,42715
2023-04-05 13:48:54,62,64,14352,42715
2023-04-05 13:49:00,62,65,14352,42715
2023-04-05 13:49:02,62,64,14352,42715
2023-04-05 13:49:11,62,65,14352,42715
2023-04-05 13:49:11,62,64,14352,42715
2023-04-05 13:49:21,62,65,14352,42715
2023-04-05 13:49:31,62,64,14352,42715
2023-04-05 13:49:42,62,65,14352,42715
2023-04-05 13:49:49,62,63,14352,42715
2023-04-05 13:49:51,62,65,14352,42715
2023-04-05 13:50:15,62,64,14352,42715
2023-04-05 13:50:19,63,64,14352,42715
2023-04-05 13:50:26,63,65,14352,42715
2023-04-05 13:52:38,64,65,14352,42715
2023-04-05 13:52:40,65,66,14354,42717
2023-04-05 13:53:01,64,66,14354,42717
2023-04-05 13:53:01,65,66,14354,42717
2023-04-05 13:53:10,65,68,14354,42717
2023-04-05 13:53:54,65,66,14354,42717
2023-04-05 13:53:56,65,68,14354,42717
2023-04-05 13:54:01,65,67,14354,42717
2023-04-05 13:54:07,65,68,14354,42717
2023-04-05 13:54:36,65,67,14354,42717
2023-04-05 13:54:37,66,67,14354,42717
2023-04-05 13:54:54,66,68,14354,42717
2023-04-05 13:54:56,66,67,14354,42717
2023-04-05 13:54:56,65,66,14354,42721
2023-04-05 13:54:56,64,65,14348,42727
2023-04-05 13:55:07,64,66,14348,42727
2023-04-05 13:55:21,64,68,14348,42727
2023-04-05 13:55:21,64,67,14348,42727
2023-04-05 13:55:51,65,67,14348,42727
2023-04-05 13:57:22,65,67,14450,42829
2023-04-05 13:57:33,66,67,14450,42829
2023-04-05 13:57:35,66,67,14456,42835
2023-04-05 13:57:42,65,67,14511,42890
2023-04-05 13:57:42,65,66,14511,42890
2023-04-05 13:57:43,65,66,14592,42971
2023-04-05 13:58:11,65,67,14592,43003
2023-04-05 13:58:14,67,68,14604,43015
2023-04-05 13:58:22,67,70,14604,43015
2023-04-05 13:58:22,67,69,14604,43015
2023-04-05 13:58:36,68,69,14604,43015
2023-04-05 13:58:36,68,69,14609,43020
2023-04-05 13:58:37,68,69,14664,43075
2023-04-05 13:58:42,67,69,14684,43095
2023-04-05 13:58:42,67,68,14684,43095
2023-04-05 13:58:45,67,69,14684,43095
2023-04-05 13:58:57,68,69,14684,43095
2023-04-05 13:59:06,67,68,14724,43135
2023-04-05 13:59:08,67,69,14724,43135
2023-04-05 13:59:17,68,69,14724,43135
2023-04-05 13:59:28,67,69,14724,43135
2023-04-05 13:59:28,67,68,14724,43135
2023-04-05 13:59:28,67,69,14724,43135
2023-04-05 13:59:28,68,69,14724,43135
2023-04-05 13:59:38,69,70,14727,43138
2023-04-05 13:59:38,68,69,14764,43175
2023-04-05 13:59:38,68,70,14764,43175
2023-04-05 13:59:38,68,70,14864,43275
2023-04-05 13:59:38,68,70,14884,43538
2023-04-05 13:59:38,67,68,14884,43545
2023-04-05 13:59:47,68,70,14914,43575
2023-04-05 13:59:47,68,69,14914,43575
2023-04-05 13:59:48,67,69,14924,43585
2023-04-05 13:59:58,67,68,15001,43665
2023-04-05 13:59:58,67,68,15081,43745
2023-04-05 13:59:58,68,70,15103,43767
2023-04-05 13:59:59,68,69,15103,43767
2023-04-05 13:59:59,67,69,15181,43845
2023-04-05 13:59:59,67,68,15181,43845
2023-04-05 14:00:10,67,68,15220,43884
2023-04-05 14:00:19,68,70,15282,43946
2023-04-05 14:00:29,67,70,15282,43946
2023-04-05 14:00:29,67,69,15282,43946
2023-04-05 14:00:35,66,69,15282,43946
2023-04-05 14:00:40,65,69,15282,43946
2023-04-05 14:00:40,66,69,15282,43946
2023-04-05 14:00:50,65,69,15282,43946
2023-04-05 14:00:51,67,69,15282,43946
2023-04-05 14:00:52,67,68,15282,43946
2023-04-05 14:00:59,65,68,15282,43946
2023-04-05 14:01:00,65,69,15282,43946
2023-04-05 14:01:00,68,69,15282,43946
2023-04-05 14:01:10,65,69,15282,43946
2023-04-05 14:01:11,67,69,15282,43946
2023-04-05 14:01:21,68,69,15282,43946
2023-04-05 14:01:31,65,69,15282,43946
2023-04-05 14:01:31,67,69,15282,43946
2023-04-05 14:01:42,65,69,15282,43946
2023-04-05 14:01:42,68,69,15282,43946
2023-04-05 14:01:52,67,69,15282,43946
2023-04-05 14:01:52,68,69,15282,43946
2023-04-05 14:02:03,68,70,15282,43946
2023-04-05 14:02:08,68,71,15282,43946
2023-04-05 14:02:09,68,70,15282,43946
2023-04-05 14:02:10,67,68,15360,44024
2023-04-05 14:02:12,67,71,15360,44024
2023-04-05 14:02:12,67,70,15360,44024
2023-04-05 14:02:19,68,70,15360,44024
2023-04-05 14:02:21,68,71,15360,44024
2023-04-05 14:02:21,68,71,15360,44024
2023-04-05 14:02:22,68,70,15360,44024
2023-04-05 14:03:54,69,70,15360,44024
2023-04-05 14:04:17,69,70,15460,44124
2023-04-05 14:04:17,69,70,15670,44334
2023-04-05 14:04:19,69,70,15699,44363
2023-04-05 14:04:24,68,70,15699,44363
2023-04-05 14:04:40,67,70,15699,44363
2023-04-05 14:04:44,67,71,15699,44363
2023-04-05 14:04:54,67,70,15699,44363
2023-04-05 14:05:04,67,71,15699,44363
2023-04-05 14:05:04,68,71,15699,44363
2023-04-05 14:05:13,68,70,15699,44363
2023-04-05 14:06:24,69,70,15699,44363
2023-04-05 14:06:47,68,70,15699,44363
2023-04-05 14:07:09,67,70,15699,44363
2023-04-05 14:07:38,67,69,15699,44363
2023-04-05 14:07:39,67,70,15699,44363
2023-04-05 14:07:39,68,70,15699,44363
2023-04-05 14:07:51,67,70,15699,44363
2023-04-05 14:08:00,67,71,15699,44363
2023-04-05 14:08:00,67,70,15699,44363
2023-04-05 14:08:10,67,71,15699,44363
2023-04-05 14:08:21,67,70,15699,44363
2023-04-05 14:08:42,68,70,15699,44363
2023-04-05 14:09:07,69,70,15699,44363
2023-04-05 14:09:59,69,71,15699,44363
2023-04-05 14:09:59,69,72,15699,44363
2023-04-05 14:10:05,69,71,15699,44363
2023-04-05 14:10:06,69,72,15699,44363
2023-04-05 14:10:06,69,71,15699,44363
2023-04-05 14:10:07,71,72,15949,44613
2023-04-05 14:10:20,71,72,15949,44616
2023-04-05 14:10:32,71,72,16049,44716
2023-04-05 14:11:33,69,71,16100,44767
2023-04-05 14:11:35,70,71,16100,44767
2023-04-05 14:11:37,70,72,16100,44767
2023-04-05 14:11:55,69,72,16100,44767
2023-04-05 14:11:55,70,72,16100,44767
2023-04-05 14:12:05,69,72,16100,44767
2023-04-05 14:12:35,69,71,16100,44767
2023-04-05 14:12:38,70,71,16100,44767
2023-04-05 14:12:38,70,72,16100,44767
2023-04-05 14:12:47,69,72,16100,44767
2023-04-05 14:12:54,71,72,16100,44767
2023-04-05 14:13:36,71,72,16100,44867
2023-04-05 14:13:36,69,72,16100,44867
2023-04-05 14:15:20,70,71,16100,44867
2023-04-05 14:15:23,70,72,16100,44867
2023-04-05 14:16:07,71,72,16100,44867
2023-04-05 14:16:40,72,73,16191,44958
2023-04-05 14:16:40,71,73,16291,45058
2023-04-05 14:16:46,71,72,16291,45058
2023-04-05 14:17:13,71,72,16392,45159
2023-04-05 14:17:13,71,72,16492,45259
2023-04-05 14:17:13,71,72,16546,45313
2023-04-05 14:17:13,70,71,16651,45418
2023-04-05 14:17:24,70,72,16651,45616
2023-04-05 14:17:37,70,73,16651,45616
2023-04-05 14:17:37,70,74,16651,45616
2023-04-05 14:17:37,71,74,16651,45616
2023-04-05 14:17:40,71,73,16651,45616
2023-04-05 14:17:41,71,72,16651,45616
2023-04-05 14:17:43,71,73,16651,45616
2023-04-05 14:17:46,71,74,16651,45616
2023-04-05 14:17:46,71,73,16651,45616
2023-04-05 14:17:47,70,73,16651,45616
2023-04-05 14:17:47,70,74,16651,45616
2023-04-05 14:17:57,70,73,16651,45616
2023-04-05 14:18:04,70,74,16651,45616
2023-04-05 14:18:04,70,73,16651,45616
2023-04-05 14:18:04,70,74,16651,45616
2023-04-05 14:18:06,70,73,16651,45616
2023-04-05 14:18:07,71,73,16651,45616
2023-04-05 14:18:09,71,72,16651,45616
2023-04-05 14:18:17,70,72,16651,45616
2023-04-05 14:18:26,71,72,16651,45616
2023-04-05 14:19:05,70,72,16661,45630
2023-04-05 14:19:05,70,71,16661,45630
2023-04-05 14:19:10,70,71,16677,45646
2023-04-05 14:19:15,71,72,16689,45658
2023-04-05 14:22:01,72,74,16691,46060
2023-04-05 14:22:08,72,73,16691,46060
2023-04-05 14:22:11,72,74,16691,46060
2023-04-05 14:22:17,72,73,16691,46060
2023-04-05 14:22:25,72,74,16691,46060
2023-04-05 14:22:32,72,73,16691,46060
2023-04-05 14:22:46,72,74,16691,46060
2023-04-05 14:22:47,72,73,16691,46060
2023-04-05 14:23:10,72,73,16691,46072
2023-04-05 14:23:53,71,72,16695,46080
2023-04-05 14:23:59,71,73,16695,46080
2023-04-05 14:25:07,71,74,16695,46080
2023-04-05 14:25:08,71,73,16695,46080
2023-04-05 14:25:18,71,74,16695,46080
2023-04-05 14:25:54,72,74,16695,46080
2023-04-05 14:25:55,72,73,16695,46080
2023-04-05 14:25:57,72,74,16695,46080
2023-04-05 14:25:59,72,73,16695,46080
2023-04-05 14:26:04,71,73,16695,46080
2023-04-05 14:26:04,72,73,16695,46080
2023-04-05 14:26:04,72,74,16695,46080
2023-04-05 14:26:13,71,74,16695,46080
2023-04-05 14:26:25,72,74,16695,46080
2023-04-05 14:26:56,72,73,16695,46080
2023-04-05 14:27:03,72,74,16695,46080
2023-04-05 14:27:36,72,73,16695,46080
2023-04-05 14:27:39,72,74,16695,46080
2023-04-05 14:27:47,72,74,16695,46080
2023-04-05 14:27:54,72,75,16695,46080
2023-04-05 14:27:54,72,74,16695,46080
2023-04-05 14:27:57,72,73,16695,46080
2023-04-05 14:27:59,72,74,16695,46080
2023-04-05 14:27:59,72,73,16695,46080
2023-04-05 14:28:34,72,74,16695,46080
2023-04-05 14:28:35,72,73,16695,46080
2023-04-05 14:28:36,72,74,16695,46080
2023-04-05 14:28:37,72,73,16695,46080
2023-04-05 14:28:51,71,72,16693,46082
2023-04-05 14:29:09,71,73,16693,46082
2023-04-05 14:29:09,71,72,16693,46082
2023-04-05 14:30:15,72,73,16695,46098
2023-04-05 14:30:18,72,73,16697,46100
2023-04-05 14:30:18,72,73,16699,46102
2023-04-05 14:30:18,71,72,16711,46114
2023-04-05 14:31:01,71,73,16711,46118
2023-04-05 14:31:04,71,74,16711,46118
2023-04-05 14:31:04,71,73,16711,46118
2023-04-05 14:31:13,71,72,16711,46118
2023-04-05 14:31:40,72,74,16713,46120
2023-04-05 14:31:44,72,75,16713,46120
2023-04-05 14:31:44,72,73,16713,46120
2023-04-05 14:31:55,72,75,16713,46120
2023-04-05 14:31:55,72,74,16713,46120
2023-04-05 14:32:06,72,75,16713,46120
2023-04-05 14:32:06,72,75,16713,46134
2023-04-05 14:32:06,72,74,16713,46134
2023-04-05 14:32:16,72,75,16713,46134
2023-04-05 14:32:16,72,74,16713,46134
2023-04-05 14:32:38,71,74,16713,46134
2023-04-05 14:32:38,73,74,16713,46134
2023-04-05 14:32:38,73,75,16713,46134
2023-04-05 14:32:41,73,74,16713,46134
2023-04-05 14:32:45,73,75,16715,46136
2023-04-05 14:32:48,73,76,16715,46136
2023-04-05 14:32:48,73,75,16715,46136
2023-04-05 14:33:03,73,74,16715,46136
2023-04-05 14:33:05,73,75,16715,46136
2023-04-05 14:33:07,73,76,16715,46136
2023-04-05 14:33:07,73,75,16715,46136
2023-04-05 14:33:39,73,74,16715,46136
2023-04-05 14:33:49,73,76,16715,46136
2023-04-05 14:33:50,73,74,16715,46136
2023-04-05 14:33:59,73,76,16715,46136
2023-04-05 14:33:59,73,74,16715,46136
2023-04-05 14:34:10,73,76,16715,46136
2023-04-05 14:34:10,73,74,16715,46136
2023-04-05 14:34:21,73,76,16715,46136
2023-04-05 14:34:21,73,75,16715,46136
2023-04-05 14:34:42,73,74,16715,46136
2023-04-05 14:35:14,73,75,16715,46136
2023-04-05 14:35:31,73,74,16715,46136
2023-04-05 14:35:32,73,75,16715,46136
2023-04-05 14:35:33,73,74,16715,46136
2023-04-05 14:35:52,73,74,16715,46386
2023-04-05 14:35:52,72,73,16715,46390
2023-04-05 14:36:51,71,73,16715,46394
2023-04-05 14:37:16,71,72,16715,46394
2023-04-05 14:37:20,68,72,16717,46396
2023-04-05 14:37:26,68,70,16717,46396
2023-04-05 14:37:40,68,72,16717,46396
2023-04-05 14:37:53,68,71,16717,46396
2023-04-05 14:37:57,67,71,16717,46396
2023-04-05 14:38:23,68,71,16717,46396
2023-04-05 14:38:59,69,71,16717,46396
2023-04-05 14:39:16,68,71,16717,46396
2023-04-05 14:40:34,68,70,16717,46396
2023-04-05 14:40:44,68,71,16717,46396
2023-04-05 14:40:45,68,71,16617,46565
2023-04-05 14:40:45,68,72,16617,46565
2023-04-05 14:40:45,68,73,16617,46565
2023-04-05 14:40:45,69,73,16617,46565
2023-04-05 14:40:53,69,70,16617,46565
2023-04-05 14:40:54,69,73,16619,46567
2023-04-05 14:41:02,72,73,16619,46567
2023-04-05 14:41:04,72,76,16767,46715
2023-04-05 14:41:04,72,75,16767,46715
2023-04-05 14:41:15,72,73,16767,46715
2023-04-05 14:41:16,72,73,16767,46879
2023-04-05 14:41:19,67,73,16767,46879
2023-04-05 14:41:21,67,76,16767,46879
2023-04-05 14:41:22,67,75,16767,46879
2023-04-05 14:41:22,67,76,16767,46879
2023-04-05 14:41:33,67,76,16767,46879
2023-04-05 14:41:35,67,75,16767,46879
2023-04-05 14:41:37,67,76,16767,46879
2023-04-05 14:41:47,71,76,16767,46879
2023-04-05 14:41:47,71,74,16767,46879
2023-04-05 14:42:54,67,74,16767,46879
2023-04-05 14:42:54,68,74,16767,46879
2023-04-05 14:42:59,69,74,16767,46879
2023-04-05 14:43:00,69,73,16767,46879
2023-04-05 14:43:27,71,73,16767,46879
2023-04-05 14:46:31,69,73,16762,46884
2023-04-05 14:47:01,69,72,16762,46884
2023-04-05 14:47:09,69,72,16762,46889
2023-04-05 14:47:16,69,71,16762,46889
2023-04-05 14:47:31,69,70,16762,46889
2023-04-05 14:47:32,67,70,16762,46889
2023-04-05 14:47:39,69,70,16762,46889
2023-04-05 14:47:52,67,70,16762,46889
2023-04-05 14:47:53,69,70,16762,46889
2023-04-05 14:47:58,67,70,16762,46889
2023-04-05 14:48:05,67,69,16762,46889
2023-04-05 14:48:09,68,69,16762,46889
2023-04-05 14:48:13,67,69,16762,46924
2023-04-05 14:49:01,67,70,16762,46924
2023-04-05 14:49:10,68,70,16762,46924
2023-04-05 14:49:13,68,71,16762,46924
2023-04-05 14:49:22,67,71,16762,46924
2023-04-05 14:49:23,68,71,16762,46924
2023-04-05 14:49:23,70,71,16762,46924
2023-04-05 14:49:31,68,71,16762,46924
2023-04-05 14:49:31,70,71,16762,46924
2023-04-05 14:49:41,68,71,16762,46924
2023-04-05 14:49:42,69,71,16762,46924
2023-04-05 14:49:53,70,71,16762,46924
2023-04-05 14:50:03,69,71,16762,46924
2023-04-05 14:50:04,69,71,16762,46935
2023-04-05 14:50:25,70,71,16762,46935
2023-04-05 14:50:35,69,71,16762,46935
2023-04-05 14:51:26,70,71,16762,46935
2023-04-05 14:51:35,69,71,16813,46992
2023-04-05 14:51:39,70,71,16813,46992
2023-04-05 14:51:47,69,71,16813,46992
2023-04-05 14:52:51,71,72,16816,46995
2023-04-05 14:53:28,71,73,16816,46995
2023-04-05 14:53:28,71,72,16816,46995
2023-04-05 14:53:32,72,73,16863,47064
2023-04-05 14:53:32,72,73,16910,47111
2023-04-05 14:53:33,72,73,16944,47145
2023-04-05 14:54:30,73,74,17446,47647
2023-04-05 14:54:32,73,75,17446,47647
2023-04-05 14:54:33,73,74,17446,47647
2023-04-05 14:54:36,72,74,17446,47647
2023-04-05 14:54:43,72,75,17446,47647
2023-04-05 14:54:44,72,74,17446,47647
2023-04-05 14:54:54,72,75,17446,47647
2023-04-05 14:54:54,72,74,17446,47647
2023-04-05 14:54:58,70,74,17446,47647
2023-04-05 14:55:05,73,74,17446,47647
2023-04-05 14:55:49,73,76,17446,47647
2023-04-05 14:55:50,73,75,17446,47647
2023-04-05 14:56:04,74,75,17446,47647
2023-04-05 14:56:08,74,76,17446,47647
2023-04-05 14:56:25,74,75,17446,47647
2023-04-05 14:56:27,74,76,17446,47647
2023-04-05 14:57:51,74,76,17436,47657
2023-04-05 14:58:00,74,76,17405,47688
2023-04-05 14:58:18,75,76,17405,47688
2023-04-05 14:58:22,75,76,17405,47692
2023-04-05 14:58:27,75,76,17405,47792
2023-04-05 14:58:52,75,76,17355,47842
2023-04-05 14:58:57,74,76,17355,47842
2023-04-05 14:59:02,74,75,17355,47842
2023-04-05 14:59:13,74,76,17355,47842
2023-04-05 14:59:13,74,75,17355,47842
2023-04-05 14:59:13,73,74,17353,47844
2023-04-05 14:59:26,73,76,17315,47882
2023-04-05 14:59:26,73,75,17315,47882
2023-04-05 14:59:26,73,76,17315,47882
2023-04-05 15:00:02,75,76,17315,47882
2023-04-05 15:00:12,73,76,17315,47882
2023-04-05 15:00:16,73,77,17315,47882
2023-04-05 15:01:22,74,77,17315,47882
2023-04-05 15:02:54,74,81,17315,47882
2023-04-05 15:03:07,74,80,17315,47882
2023-04-05 15:04:05,76,80,17315,47882
2023-04-05 15:04:27,76,80,17281,47916
2023-04-05 15:04:45,77,80,17281,47916
2023-04-05 15:05:12,77,79,17281,47916
2023-04-05 15:06:04,76,78,17281,47916
2023-04-05 15:06:07,76,79,17281,47916
2023-04-05 15:06:25,76,79,17370,48005
2023-04-05 15:06:25,76,79,17414,48049
2023-04-05 15:06:25,76,79,17503,48138
2023-04-05 15:06:25,76,80,17503,48138
2023-04-05 15:06:42,76,80,17503,48226
2023-04-05 15:06:42,76,80,17503,48314
2023-04-05 15:06:42,76,80,17503,48367
2023-04-05 15:06:50,78,80,17503,48367
2023-04-05 15:07:48,78,81,17503,48367
2023-04-05 15:07:48,78,80,17503,48367
2023-04-05 15:07:54,78,81,17503,48367
2023-04-05 15:07:54,78,80,17503,48367
2023-04-05 15:07:54,78,81,17503,48367
2023-04-05 15:08:43,79,81,17503,48367
2023-04-05 15:09:13,79,80,17503,48367
2023-04-05 15:09:13,79,80,17603,48467
2023-04-05 15:09:13,79,80,17703,48567
2023-04-05 15:09:14,79,80,17753,48617
2023-04-05 15:09:14,79,81,17753,48617
2023-04-05 15:09:26,79,81,17755,48656
2023-04-05 15:09:36,79,80,17755,48656
2023-04-05 15:09:40,79,81,17755,48656
2023-04-05 15:09:44,79,80,17755,48656
2023-04-05 15:09:57,79,81,17755,48656
2023-04-05 15:10:22,79,80,17755,48656
2023-04-05 15:10:24,79,80,17755,48756
2023-04-05 15:10:25,79,80,17755,48856
2023-04-05 15:10:25,78,79,17755,48858
2023-04-05 15:11:00,77,79,17755,48858
2023-04-05 15:11:10,77,78,17755,48858
2023-04-05 15:12:26,77,79,17755,48858
2023-04-05 15:12:26,77,78,17755,48858
2023-04-05 15:12:41,77,79,17755,48858
2023-04-05 15:12:58,76,79,17755,48858
2023-04-05 15:13:32,77,79,17755,48858
2023-04-05 15:13:43,77,78,17755,48858
2023-04-05 15:14:10,77,79,17755,48858
2023-04-05 15:14:10,77,78,17755,48858
2023-04-05 15:14:12,77,79,17755,48858
2023-04-05 15:14:22,77,78,17755,48858
2023-04-05 15:14:24,77,79,17755,48858
2023-04-05 15:14:29,77,78,17755,48858
2023-04-05 15:15:07,77,79,17755,48858
2023-04-05 15:15:07,77,78,17755,48858
2023-04-05 15:15:08,77,79,17755,48858
2023-04-05 15:15:24,78,79,17755,48858
2023-04-05 15:16:17,78,80,17755,48908
2023-04-05 15:16:17,78,79,17755,48908
2023-04-05 15:16:23,78,81,17755,48908
2023-04-05 15:16:24,78,81,17760,48913
2023-04-05 15:16:32,79,81,17760,48913
2023-04-05 15:16:33,79,81,17760,48914
2023-04-05 15:16:48,79,80,17760,48914
2023-04-05 15:17:04,79,80,17760,49014
2023-04-05 15:17:04,79,80,17760,49050
2023-04-05 15:17:04,78,80,17760,49050
2023-04-05 15:17:11,78,79,17760,49050
2023-04-05 15:17:11,78,79,17760,49071
2023-04-05 15:17:14,78,80,17760,49071
2023-04-05 15:17:15,78,80,17761,49072
2023-04-05 15:17:16,78,79,17761,49072
2023-04-05 15:17:24,77,78,17761,49161
2023-04-05 15:17:32,76,78,17761,49161
2023-04-05 15:17:32,77,78,17761,49161
2023-04-05 15:17:40,76,78,17761,49161
2023-04-05 15:17:45,76,77,17761,49161
2023-04-05 15:17:50,76,78,17761,49161
2023-04-05 15:17:55,76,77,17761,49161
2023-04-05 15:17:56,76,78,17761,49161
2023-04-05 15:18:06,76,77,17761,49161
2023-04-05 15:18:09,76,77,17748,49174
2023-04-05 15:18:22,76,78,17748,49176
2023-04-05 15:18:29,77,78,17748,49176
2023-04-05 15:18:37,77,78,17609,49490
2023-04-05 15:19:13,77,78,17609,49755
2023-04-05 15:19:27,77,80,17611,49757
2023-04-05 15:19:55,77,79,17611,49757
2023-04-05 15:20:08,77,80,17611,49757
2023-04-05 15:20:08,77,79,17611,49757
2023-04-05 15:20:45,77,80,17611,49757
2023-04-05 15:20:54,76,80,17611,49757
2023-04-05 15:20:59,77,80,17611,49757
2023-04-05 15:21:15,77,79,17611,49757
2023-04-05 15:21:50,78,79,17611,49757
2023-04-05 15:22:04,77,79,17611,49757
2023-04-05 15:22:09,78,79,17611,49757
2023-04-05 15:22:14,78,79,17611,49758
2023-04-05 15:22:22,78,79,17611,49759
2023-04-05 15:22:38,78,80,17613,49761
2023-04-05 15:22:44,79,80,17613,49761
2023-04-05 15:22:56,80,81,17618,49766
2023-04-05 15:23:43,82,83,17624,50121
2023-04-05 15:25:04,83,85,17624,50123
2023-04-05 15:25:04,83,84,17624,50123
2023-04-05 15:25:10,82,84,17624,50123
2023-04-05 15:25:13,83,84,17624,50123
2023-04-05 15:25:27,84,85,17626,50125
2023-04-05 15:25:43,83,85,17626,50125
2023-04-05 15:26:06,84,85,17626,50125
2023-04-05 15:26:28,86,89,17626,50375
2023-04-05 15:26:28,86,88,17626,50375
2023-04-05 15:26:29,83,88,17626,50475
2023-04-05 15:26:35,83,90,17626,50475
2023-04-05 15:26:35,83,90,17626,50475
2023-04-05 15:26:49,83,88,17626,50475
2023-04-05 15:26:49,83,87,17626,50475
2023-04-05 15:26:59,82,87,17626,50475
2023-04-05 15:27:02,84,87,17626,50475
2023-04-05 15:28:00,85,87,17626,50475
2023-04-05 15:29:43,85,88,17626,50475
2023-04-05 15:29:43,85,87,17626,50475
2023-04-05 15:29:51,85,86,17626,50475
2023-04-05 15:30:09,85,87,17626,50475
2023-04-05 15:30:35,86,87,17626,50475
2023-04-05 15:31:17,86,87,17626,50476
2023-04-05 15:31:34,85,86,17624,50728
2023-04-05 15:31:42,86,87,17411,50941
2023-04-05 15:31:51,85,87,17411,50941
2023-04-05 15:32:07,86,87,17411,50941
2023-04-05 15:32:33,86,88,17413,50943
2023-04-05 15:32:38,85,88,17413,50943
2023-04-05 15:32:38,87,88,17413,50943
2023-04-05 15:32:51,87,88,17415,50953
2023-04-05 15:33:01,87,88,17415,50963
2023-04-05 15:33:04,87,89,17415,50963
2023-04-05 15:33:34,89,90,17417,50965
2023-04-05 15:33:36,87,90,17417,50965
2023-04-05 15:33:45,87,90,17417,50993
2023-04-05 15:33:58,85,90,17417,50993
2023-04-05 15:33:59,86,90,17417,50993
2023-04-05 15:34:04,87,90,17417,50993
2023-04-05 15:34:47,88,90,17417,50993
2023-04-05 15:35:31,88,90,17417,51003
2023-04-05 15:36:45,88,89,17417,51003
2023-04-05 15:37:34,87,89,17417,51003
2023-04-05 15:37:53,88,89,17417,51003
2023-04-05 15:38:27,88,89,17417,51013
2023-04-05 15:38:30,88,89,17417,51263
2023-04-05 15:38:30,88,89,17417,51273
2023-04-05 15:38:31,88,89,17417,51283
2023-04-05 15:38:41,88,90,17417,51283
2023-04-05 15:38:48,88,89,17417,51283
2023-04-05 15:39:33,88,90,17483,51533
2023-04-05 15:40:52,88,90,17527,51577
2023-04-05 15:41:18,88,90,17777,51827
2023-04-05 15:41:20,89,90,17777,51827
2023-04-05 15:42:24,89,90,17849,51899
2023-04-05 15:42:52,89,90,17859,51909
2023-04-05 15:43:06,91,92,17953,52003
2023-04-05 15:43:10,89,92,17953,52003
2023-04-05 15:43:10,89,93,17953,52003
2023-04-05 15:43:10,89,91,17984,52034
2023-04-05 15:43:20,89,90,17984,52034
2023-04-05 15:44:26,89,93,17984,52034
2023-04-05 15:44:26,89,92,17984,52034
2023-04-05 15:44:28,89,91,17984,52034
2023-04-05 15:44:35,89,92,17984,52034
2023-04-05 15:44:47,90,92,17984,52034
2023-04-05 15:44:52,90,92,17984,52088
2023-04-05 15:45:01,89,92,17984,52088
2023-04-05 15:45:04,89,91,17984,52088
2023-04-05 15:45:08,89,92,17984,52088
2023-04-05 15:45:14,89,90,17984,52088
2023-04-05 15:45:27,89,90,17984,52113
2023-04-05 15:45:34,89,92,17984,52118
2023-04-05 15:45:39,91,92,17984,52118
2023-04-05 15:46:06,93,94,17986,52166
2023-04-05 15:46:06,93,96,17986,52166
2023-04-05 15:46:06,93,96,18015,52195
2023-04-05 15:46:06,93,96,18115,52295
2023-04-05 15:46:06,91,93,18188,52368
2023-04-05 15:46:09,91,92,18188,52368
2023-04-05 15:46:45,91,93,18188,52368
2023-04-05 15:47:35,92,93,18188,52368
2023-04-05 15:48:25,93,95,18217,52397
2023-04-05 15:48:36,93,96,18217,52397
2023-04-05 15:49:50,94,96,18217,52397
2023-04-05 15:50:00,94,95,18217,52397
2023-04-05 15:50:06,94,95,18217,52427
2023-04-05 15:50:07,94,95,18217,52457
2023-04-05 15:51:45,93,94,18215,52459
2023-04-05 15:52:09,93,95,18215,52459
2023-04-05 15:52:20,91,94,18211,52463
2023-04-05 15:52:20,92,94,18211,52463
2023-04-05 15:52:24,92,94,18230,52482
2023-04-05 15:52:24,92,94,18249,52501
2023-04-05 15:52:25,92,93,18249,52501
2023-04-05 15:52:25,92,94,18249,52501
2023-04-05 15:52:32,92,95,18249,52501
2023-04-05 15:52:51,93,95,18249,52501
2023-04-05 15:54:09,93,94,18249,52501
2023-04-05 15:54:24,92,94,18247,52545
2023-04-05 15:54:25,87,94,18247,53465
2023-04-05 15:54:27,84,95,18247,53465
2023-04-05 15:54:30,93,95,18247,53465
2023-04-05 15:54:36,93,94,18247,53465
2023-04-05 15:55:05,84,85,18247,53475
2023-04-05 15:55:22,84,85,18247,53725
2023-04-05 15:55:27,84,85,18247,53775
2023-04-05 15:55:42,85,87,18247,53777
2023-04-05 15:55:43,85,93,18247,53777
2023-04-05 15:55:43,85,89,18247,53777
2023-04-05 15:55:49,84,89,18247,53782
2023-04-05 15:56:00,84,89,17947,54082
2023-04-05 15:56:03,84,87,17947,54082
2023-04-05 15:56:04,87,89,17688,54341
2023-04-05 15:56:04,87,95,17688,54341
2023-04-05 15:56:04,87,94,17688,54341
2023-04-05 15:56:05,91,94,17688,54341
2023-04-05 15:56:33,91,94,17681,54348
2023-04-05 15:56:46,91,95,17681,54591
2023-04-05 15:56:52,94,95,17681,54591
2023-04-05 15:57:08,94,97,17431,54841
2023-04-05 15:57:08,94,96,17431,54841
2023-04-05 15:57:13,94,96,17436,54846
2023-04-05 15:57:18,96,97,17486,55146
2023-04-05 15:57:18,96,97,17586,55246
2023-04-05 15:57:18,96,97,17821,55481
2023-04-05 15:57:21,96,97,17851,55511
2023-04-05 15:57:24,96,97,17853,55513
2023-04-05 15:57:35,96,97,17907,55568
2023-04-05 15:57:53,94,97,17907,55568
2023-04-05 15:58:01,95,97,17907,55568
2023-04-05 15:58:18,95,99,17909,55820
2023-04-05 15:58:18,95,98,17909,55820
2023-04-05 15:58:22,95,98,17919,55830
2023-04-05 15:58:23,97,98,17919,55830
2023-04-05 15:58:23,95,98,17974,55885
2023-04-05 15:58:26,95,98,18010,55921
2023-04-05 15:58:35,97,98,18010,55921
2023-04-05 15:58:47,97,99,18010,56171
2023-04-05 15:58:47,98,99,18010,56171
2023-04-05 15:59:03,99,100,18262,57110
