datetime,bid,ask,open_interest,volume
2023-03-14 09:30:10,15,18,1443,3161
2023-03-14 09:30:42,17,18,1443,3161
2023-03-14 09:33:13,18,20,1443,3162
2023-03-14 09:33:19,18,20,1452,3171
2023-03-14 09:33:32,19,20,1452,3171
2023-03-14 09:33:36,19,20,1652,3371
2023-03-14 09:33:39,19,20,1852,3571
2023-03-14 09:33:42,19,20,1953,3672
2023-03-14 09:33:46,19,20,2153,3872
2023-03-14 09:33:56,14,19,2232,3951
2023-03-14 09:34:01,16,20,2232,3951
2023-03-14 09:34:09,18,20,2232,3951
2023-03-14 09:34:18,14,20,2232,3951
2023-03-14 09:34:31,15,20,2232,3951
2023-03-14 09:34:31,15,19,2232,3951
2023-03-14 09:34:50,14,19,2232,3951
2023-03-14 09:34:58,15,19,2232,3951
2023-03-14 09:34:58,15,18,2232,3951
2023-03-14 09:35:16,13,18,2232,3951
2023-03-14 09:35:29,15,18,2232,3951
2023-03-14 09:35:39,13,18,2232,3951
2023-03-14 09:35:43,13,19,2232,3951
2023-03-14 09:36:00,16,19,2232,3951
2023-03-14 09:36:33,18,20,2232,3951
2023-03-14 09:36:50,16,20,2232,3951
2023-03-14 09:36:52,13,20,2232,3951
2023-03-14 09:36:52,16,20,2232,3951
2023-03-14 09:37:01,13,20,2232,3951
2023-03-14 09:37:51,17,20,2232,3951
2023-03-14 09:38:10,17,19,2232,3951
2023-03-14 09:38:20,13,19,2232,3951
2023-03-14 09:38:20,16,19,2232,3951
2023-03-14 09:40:23,16,20,2232,3951
2023-03-14 09:40:23,16,21,2232,3951
2023-03-14 09:40:23,17,20,2232,3951
2023-03-14 09:40:43,19,20,2232,3951
2023-03-14 09:41:03,19,21,2232,3951
2023-03-14 09:41:43,17,21,2232,3951
2023-03-14 09:41:48,17,40,2232,3951
2023-03-14 09:41:48,17,39,2232,3951
2023-03-14 09:41:48,18,39,2232,3951
2023-03-14 09:41:48,18,22,2232,3951
2023-03-14 09:42:00,16,22,2232,3951
2023-03-14 09:42:19,17,22,2232,3951
2023-03-14 09:42:19,17,21,2232,3951
2023-03-14 09:42:24,16,21,2232,3951
2023-03-14 09:42:24,2,21,2232,3951
2023-03-14 09:43:17,17,21,2232,3951
2023-03-14 09:43:40,2,21,2232,3951
2023-03-14 09:43:44,17,21,2232,3951
2023-03-14 09:43:49,2,21,2232,3951
2023-03-14 09:44:11,16,21,2232,3951
2023-03-14 09:44:11,16,20,2232,3951
2023-03-14 09:45:09,2,20,2232,3951
2023-03-14 09:45:09,16,20,2232,3951
2023-03-14 09:45:09,16,19,2232,3951
2023-03-14 09:45:15,2,19,2232,3951
2023-03-14 09:45:21,15,19,2232,3951
2023-03-14 09:45:21,16,19,2232,3951
2023-03-14 09:45:21,18,19,2232,3951
2023-03-14 09:45:25,16,19,2232,3981
2023-03-14 09:45:36,16,20,2232,3981
2023-03-14 09:45:37,18,20,2232,3981
2023-03-14 09:45:41,16,20,2232,3996
2023-03-14 09:45:44,18,20,2232,3996
2023-03-14 09:45:50,18,20,2232,4041
2023-03-14 09:45:59,16,20,2232,4041
2023-03-14 09:45:59,15,20,2232,4041
2023-03-14 09:45:59,17,20,2232,4041
2023-03-14 09:46:09,16,20,2232,4041
2023-03-14 09:46:09,17,20,2232,4041
2023-03-14 09:46:13,17,18,2232,4041
2023-03-14 09:46:18,16,18,2232,4041
2023-03-14 09:46:18,17,18,2232,4041
2023-03-14 09:46:31,15,18,2232,4041
2023-03-14 09:46:32,17,18,2232,4041
2023-03-14 09:46:35,17,19,2232,4041
2023-03-14 09:46:41,15,19,2232,4041
2023-03-14 09:46:41,15,20,2232,4041
2023-03-14 09:46:41,17,20,2232,4041
2023-03-14 09:46:41,17,19,2232,4041
2023-03-14 09:46:43,17,19,2232,4042
2023-03-14 09:46:58,15,19,2232,4042
2023-03-14 09:46:58,15,20,2232,4042
2023-03-14 09:46:58,17,20,2232,4042
2023-03-14 09:47:12,15,20,2232,4042
2023-03-14 09:47:12,17,20,2232,4042
2023-03-14 09:47:12,17,19,2232,4042
2023-03-14 09:47:22,17,20,2232,4042
2023-03-14 09:47:22,18,20,2232,4042
2023-03-14 09:47:27,18,19,2232,4042
2023-03-14 09:47:27,18,20,2232,4042
2023-03-14 09:47:28,19,20,2232,4042
2023-03-14 09:47:29,18,20,2232,4042
2023-03-14 09:47:33,19,20,2232,4042
2023-03-14 09:47:34,18,20,2232,4042
2023-03-14 09:47:42,19,20,2232,4042
2023-03-14 09:47:43,18,20,2232,4042
2023-03-14 09:47:52,17,20,2232,4042
2023-03-14 09:47:52,17,19,2232,4042
2023-03-14 09:47:54,17,19,2252,4062
2023-03-14 09:47:55,17,19,2272,4082
2023-03-14 09:47:57,17,21,2277,4087
2023-03-14 09:47:57,17,20,2277,4087
2023-03-14 09:47:58,17,21,2277,4087
2023-03-14 09:48:00,19,21,2277,4087
2023-03-14 09:48:01,17,21,2277,4087
2023-03-14 09:48:02,17,21,2297,4107
2023-03-14 09:48:03,18,21,2297,4107
2023-03-14 09:48:05,18,21,2317,4127
2023-03-14 09:48:06,18,21,2217,4227
2023-03-14 09:48:07,18,21,2237,4247
2023-03-14 09:48:07,18,21,2237,4447
2023-03-14 09:48:08,18,22,2257,4467
2023-03-14 09:48:10,14,22,2257,4467
2023-03-14 09:48:10,2,22,2257,4467
2023-03-14 09:48:11,2,22,2277,4487
2023-03-14 09:48:11,2,24,2277,4487
2023-03-14 09:48:11,20,24,2277,4487
2023-03-14 09:48:11,20,22,2277,4487
2023-03-14 09:48:14,20,22,2297,4507
2023-03-14 09:48:16,20,22,2317,4527
2023-03-14 09:48:17,20,22,2337,4547
2023-03-14 09:48:19,21,22,2337,4547
2023-03-14 09:48:22,20,22,2337,4547
2023-03-14 09:48:26,19,22,2337,4547
2023-03-14 09:48:26,19,23,2337,4547
2023-03-14 09:48:26,19,22,2337,4547
2023-03-14 09:48:40,19,23,2337,4547
2023-03-14 09:48:40,19,22,2337,4547
2023-03-14 09:48:46,19,23,2337,4547
2023-03-14 09:48:46,20,23,2337,4547
2023-03-14 09:48:46,20,22,2337,4547
2023-03-14 09:48:57,20,21,2337,4547
2023-03-14 09:49:01,20,22,2337,4547
2023-03-14 09:49:01,19,22,2337,4547
2023-03-14 09:49:01,19,23,2337,4547
2023-03-14 09:49:01,19,22,2337,4547
2023-03-14 09:49:02,20,22,2337,4547
2023-03-14 09:49:04,19,22,2337,4547
2023-03-14 09:49:08,19,21,2337,4547
2023-03-14 09:49:08,19,22,2337,4547
2023-03-14 09:49:08,19,23,2337,4547
2023-03-14 09:49:08,20,23,2337,4547
2023-03-14 09:49:08,20,22,2337,4547
2023-03-14 09:49:19,19,22,2337,4547
2023-03-14 09:49:19,20,22,2337,4547
2023-03-14 09:49:29,19,22,2337,4547
2023-03-14 09:49:29,19,23,2337,4547
2023-03-14 09:49:29,20,23,2337,4547
2023-03-14 09:49:30,20,22,2337,4547
2023-03-14 09:49:52,20,21,2337,4547
2023-03-14 09:49:55,19,22,2317,4567
2023-03-14 09:49:56,19,22,2297,4587
2023-03-14 09:49:56,19,21,2297,4587
2023-03-14 09:49:57,19,21,2277,4607
2023-03-14 09:49:59,19,21,2257,4627
2023-03-14 09:50:00,19,21,2237,4647
2023-03-14 09:50:01,19,20,2237,4647
2023-03-14 09:50:01,19,20,2217,4667
2023-03-14 09:50:03,19,20,2197,4687
2023-03-14 09:50:04,17,20,2177,4707
2023-03-14 09:50:04,17,20,2177,4727
2023-03-14 09:50:08,17,21,2177,4727
2023-03-14 09:50:08,16,21,2177,4727
2023-03-14 09:50:08,16,22,2177,4727
2023-03-14 09:50:08,18,22,2177,4727
2023-03-14 09:50:08,18,20,2177,4727
2023-03-14 09:50:09,16,20,2157,4747
2023-03-14 09:50:11,16,18,2157,4747
2023-03-14 09:50:13,16,20,2157,4747
2023-03-14 09:50:18,15,20,2157,4747
2023-03-14 09:50:18,15,22,2157,4747
2023-03-14 09:50:18,17,22,2157,4747
2023-03-14 09:50:18,17,20,2157,4747
2023-03-14 09:50:20,17,18,2157,4747
2023-03-14 09:50:23,17,20,2157,4747
2023-03-14 09:50:25,17,19,2157,4747
2023-03-14 09:50:27,17,20,2157,4747
2023-03-14 09:50:29,17,19,2157,4747
2023-03-14 09:50:30,17,20,2157,4747
2023-03-14 09:50:37,15,20,2157,4747
2023-03-14 09:50:37,15,21,2157,4747
2023-03-14 09:50:37,18,21,2157,4747
2023-03-14 09:50:37,18,20,2157,4747
2023-03-14 09:50:41,18,20,2137,4767
2023-03-14 09:50:42,18,20,2117,4787
2023-03-14 09:50:43,18,20,2097,4807
2023-03-14 09:50:46,16,20,2077,4827
2023-03-14 09:50:48,15,20,2077,4827
2023-03-14 09:50:48,15,21,2077,4827
2023-03-14 09:50:49,16,21,2077,4827
2023-03-14 09:50:49,16,20,2077,4827
2023-03-14 09:50:49,16,18,2077,4827
2023-03-14 09:51:01,15,18,2077,4827
2023-03-14 09:51:01,15,20,2077,4827
2023-03-14 09:51:01,15,19,2077,4827
2023-03-14 09:51:01,16,19,2077,4827
2023-03-14 09:51:01,16,18,2077,4827
2023-03-14 09:51:01,16,17,2077,4827
2023-03-14 09:51:05,16,18,2077,4827
2023-03-14 09:51:06,16,17,2077,4827
2023-03-14 09:51:07,16,18,2077,4827
2023-03-14 09:51:13,16,18,2057,4847
2023-03-14 09:51:14,16,18,2037,4867
2023-03-14 09:51:14,13,18,2037,4867
2023-03-14 09:51:14,13,19,2037,4867
2023-03-14 09:51:15,15,19,2037,4867
2023-03-14 09:51:15,15,17,2037,4867
2023-03-14 09:51:28,13,17,2037,4867
2023-03-14 09:51:28,13,19,2037,4867
2023-03-14 09:51:28,14,19,2037,4867
2023-03-14 09:51:29,14,18,2037,4867
2023-03-14 09:51:29,14,16,2037,4867
2023-03-14 09:51:37,13,16,2037,4867
2023-03-14 09:51:37,13,18,2037,4867
2023-03-14 09:51:37,13,19,2037,4867
2023-03-14 09:51:37,14,19,2037,4867
2023-03-14 09:51:37,15,19,2037,4867
2023-03-14 09:51:37,15,17,2037,4867
2023-03-14 09:51:49,14,17,2037,4867
2023-03-14 09:51:49,14,19,2037,4867
2023-03-14 09:51:49,15,19,2037,4867
2023-03-14 09:51:49,15,18,2037,4867
2023-03-14 09:52:02,15,17,2037,4867
2023-03-14 09:52:08,13,17,2037,4867
2023-03-14 09:52:08,13,18,2037,4867
2023-03-14 09:52:08,13,19,2037,4867
2023-03-14 09:52:08,14,19,2037,4867
2023-03-14 09:52:08,15,19,2037,4867
2023-03-14 09:52:08,15,18,2037,4867
2023-03-14 09:52:12,15,18,2017,4887
2023-03-14 09:52:13,15,18,1997,4907
2023-03-14 09:52:15,15,18,1977,4927
2023-03-14 09:52:17,15,18,1957,4947
2023-03-14 09:52:17,14,18,1957,4947
2023-03-14 09:52:17,15,18,1957,4947
2023-03-14 09:52:17,15,17,1957,4947
2023-03-14 09:52:22,14,17,1957,4947
2023-03-14 09:52:22,13,17,1957,4947
2023-03-14 09:52:22,13,18,1957,4947
2023-03-14 09:52:22,14,18,1957,4947
2023-03-14 09:52:22,14,17,1957,4947
2023-03-14 09:52:38,13,17,1957,4947
2023-03-14 09:52:38,13,19,1957,4947
2023-03-14 09:52:38,15,19,1957,4947
2023-03-14 09:52:38,15,17,1957,4947
2023-03-14 09:52:43,13,17,1957,4947
2023-03-14 09:52:43,15,17,1957,4947
2023-03-14 09:52:55,13,17,1957,4947
2023-03-14 09:52:55,13,19,1957,4947
2023-03-14 09:52:55,15,19,1957,4947
2023-03-14 09:52:55,15,18,1957,4947
2023-03-14 09:52:55,15,17,1957,4947
2023-03-14 09:52:59,16,17,1957,4947
2023-03-14 09:53:03,15,17,1957,4947
2023-03-14 09:53:03,16,17,1957,4947
2023-03-14 09:53:05,16,19,1957,4947
2023-03-14 09:53:05,16,18,1957,4947
2023-03-14 09:53:16,16,19,1957,4947
2023-03-14 09:53:16,16,18,1957,4947
2023-03-14 09:53:19,17,18,1957,4947
2023-03-14 09:53:20,16,18,1957,4947
2023-03-14 09:53:42,16,19,1957,4947
2023-03-14 09:53:42,16,18,1957,4947
2023-03-14 09:53:47,15,18,1957,4947
2023-03-14 09:53:47,15,19,1957,4947
2023-03-14 09:53:47,16,19,1957,4947
2023-03-14 09:53:47,16,18,1957,4947
2023-03-14 09:54:01,16,18,1937,4967
2023-03-14 09:54:01,14,18,1937,4967
2023-03-14 09:54:01,14,19,1937,4967
2023-03-14 09:54:02,15,19,1937,4967
2023-03-14 09:54:02,15,17,1937,4967
2023-03-14 09:54:03,15,16,1937,4967
2023-03-14 09:54:07,14,17,1937,4967
2023-03-14 09:54:07,14,19,1937,4967
2023-03-14 09:54:07,14,17,1937,4967
2023-03-14 09:54:13,13,17,1937,4967
2023-03-14 09:54:14,14,17,1937,4967
2023-03-14 09:54:14,14,16,1937,4967
2023-03-14 09:54:18,14,15,1937,4967
2023-03-14 09:54:19,14,16,1937,4967
2023-03-14 09:54:24,14,18,1937,4967
2023-03-14 09:54:24,14,16,1937,4967
2023-03-14 09:54:32,14,18,1937,4967
2023-03-14 09:54:32,14,16,1937,4967
2023-03-14 09:54:40,13,16,1937,4967
2023-03-14 09:54:40,13,18,1937,4967
2023-03-14 09:54:40,14,18,1937,4967
2023-03-14 09:54:40,14,17,1937,4967
2023-03-14 09:54:45,16,17,1937,4967
2023-03-14 09:54:46,16,17,1917,4987
2023-03-14 09:54:47,16,17,1897,5007
2023-03-14 09:54:49,16,17,1877,5027
2023-03-14 09:54:50,16,17,1857,5047
2023-03-14 09:54:51,16,17,1837,5067
2023-03-14 09:54:52,14,17,1837,5067
2023-03-14 09:54:52,14,15,1837,5067
2023-03-14 09:54:53,13,15,1837,5067
2023-03-14 09:54:53,14,19,1837,5067
2023-03-14 09:54:53,14,18,1837,5067
2023-03-14 09:54:53,14,16,1837,5067
2023-03-14 09:55:03,14,16,1817,5087
2023-03-14 09:55:03,13,16,1817,5087
2023-03-14 09:55:03,13,18,1817,5087
2023-03-14 09:55:03,13,16,1817,5087
2023-03-14 09:55:06,13,16,1817,5147
2023-03-14 09:55:06,13,14,1817,5147
2023-03-14 09:55:07,13,16,1817,5147
2023-03-14 09:55:09,13,18,1817,5147
2023-03-14 09:55:09,13,16,1817,5147
2023-03-14 09:55:11,13,15,1817,5147
2023-03-14 09:55:12,13,16,1817,5147
2023-03-14 09:55:15,15,16,1817,5147
2023-03-14 09:55:15,13,16,1817,5147
2023-03-14 09:55:17,12,16,1817,5147
2023-03-14 09:55:17,12,18,1817,5147
2023-03-14 09:55:17,13,18,1817,5147
2023-03-14 09:55:17,13,16,1817,5147
2023-03-14 09:55:17,13,15,1817,5147
2023-03-14 09:55:18,13,15,1817,5202
2023-03-14 09:55:21,14,15,1817,5202
2023-03-14 09:55:24,13,15,1817,5202
2023-03-14 09:55:25,14,15,1817,5202
2023-03-14 09:55:27,13,15,1817,5202
2023-03-14 09:55:29,12,15,1817,5202
2023-03-14 09:55:29,12,18,1817,5202
2023-03-14 09:55:29,14,18,1817,5202
2023-03-14 09:55:29,14,16,1817,5202
2023-03-14 09:55:40,13,16,1817,5202
2023-03-14 09:55:40,12,16,1817,5202
2023-03-14 09:55:41,13,18,1817,5202
2023-03-14 09:55:41,13,15,1817,5202
2023-03-14 09:55:44,14,15,1817,5202
2023-03-14 09:55:51,14,16,1817,5202
2023-03-14 09:55:51,14,15,1817,5202
2023-03-14 09:55:57,13,15,1817,5202
2023-03-14 09:56:01,12,15,1817,5202
2023-03-14 09:56:01,13,15,1817,5202
2023-03-14 09:56:06,12,15,1817,5202
2023-03-14 09:56:06,12,17,1817,5202
2023-03-14 09:56:06,13,17,1817,5202
2023-03-14 09:56:06,13,15,1817,5202
2023-03-14 09:56:37,12,15,1817,5202
2023-03-14 09:56:37,12,16,1817,5202
2023-03-14 09:56:37,13,16,1817,5202
2023-03-14 09:56:43,13,15,1817,5202
2023-03-14 09:56:45,13,16,1817,5202
2023-03-14 09:56:48,13,14,1817,5202
2023-03-14 09:56:51,13,16,1817,5202
2023-03-14 09:56:53,13,15,1817,5202
2023-03-14 09:57:04,13,18,1817,5202
2023-03-14 09:57:04,13,17,1817,5202
2023-03-14 09:57:04,13,15,1817,5202
2023-03-14 09:57:13,13,18,1817,5202
2023-03-14 09:57:13,14,18,1817,5202
2023-03-14 09:57:13,14,16,1817,5202
2023-03-14 09:57:17,14,15,1817,5202
2023-03-14 09:57:20,14,16,1817,5202
2023-03-14 09:57:25,14,18,1817,5202
2023-03-14 09:57:25,14,15,1817,5202
2023-03-14 09:57:35,14,17,1817,5222
2023-03-14 09:57:35,14,16,1817,5222
2023-03-14 09:57:38,14,17,1817,5222
2023-03-14 09:57:38,14,18,1817,5222
2023-03-14 09:57:38,14,19,1817,5222
2023-03-14 09:57:39,14,16,1817,5222
2023-03-14 09:57:41,15,16,1817,5222
2023-03-14 09:57:45,14,16,1817,5222
2023-03-14 09:57:53,14,18,1817,5222
2023-03-14 09:57:54,14,16,1817,5222
2023-03-14 09:57:54,16,18,1867,5272
2023-03-14 09:57:54,16,17,1867,5272
2023-03-14 09:58:03,16,18,1867,5272
2023-03-14 09:58:04,16,18,1992,5397
2023-03-14 09:58:08,16,17,1992,5397
2023-03-14 09:58:09,16,18,1992,5397
2023-03-14 09:58:13,16,18,2042,5447
2023-03-14 09:58:22,16,19,2042,5447
2023-03-14 09:58:22,16,17,2042,5447
2023-03-14 09:58:35,16,19,2042,5447
2023-03-14 09:58:35,16,18,2042,5447
2023-03-14 09:58:35,16,17,2042,5447
2023-03-14 09:58:54,16,19,2042,5447
2023-03-14 09:58:54,16,18,2042,5447
2023-03-14 09:58:54,16,19,2042,5447
2023-03-14 09:58:54,16,18,2042,5447
2023-03-14 09:59:02,17,18,2042,5447
2023-03-14 09:59:04,16,18,2042,5447
2023-03-14 09:59:08,16,19,2042,5447
2023-03-14 09:59:08,16,20,2042,5447
2023-03-14 09:59:08,16,18,2042,5447
2023-03-14 09:59:10,16,18,2062,5467
2023-03-14 09:59:11,16,18,2082,5487
2023-03-14 09:59:12,16,18,2102,5507
2023-03-14 09:59:14,16,18,2122,5527
2023-03-14 09:59:20,16,20,2122,5527
2023-03-14 09:59:20,16,19,2122,5527
2023-03-14 09:59:21,18,19,2122,5527
2023-03-14 09:59:22,16,19,2122,5527
2023-03-14 09:59:22,17,19,2122,5527
2023-03-14 09:59:28,17,21,2122,5527
2023-03-14 09:59:28,17,18,2122,5527
2023-03-14 09:59:29,16,18,2122,5527
2023-03-14 09:59:35,17,18,2122,5527
2023-03-14 09:59:36,16,18,2122,5527
2023-03-14 09:59:38,16,18,2142,5547
2023-03-14 09:59:39,16,18,2162,5567
2023-03-14 09:59:42,16,18,2182,5587
2023-03-14 09:59:43,16,18,2202,5607
2023-03-14 09:59:44,16,18,2222,5627
2023-03-14 09:59:46,16,18,2242,5647
2023-03-14 09:59:54,17,18,2242,5647
2023-03-14 09:59:56,16,18,2242,5647
2023-03-14 10:00:06,16,20,2242,5647
2023-03-14 10:00:06,16,18,2242,5647
2023-03-14 10:00:14,16,19,2242,5647
2023-03-14 10:00:15,16,18,2242,5647
2023-03-14 10:00:23,16,17,2242,5647
2023-03-14 10:00:25,16,18,2242,5647
2023-03-14 10:00:26,16,18,2222,5667
2023-03-14 10:00:27,16,18,2202,5687
2023-03-14 10:00:28,16,19,2202,5687
2023-03-14 10:00:29,16,17,2202,5687
2023-03-14 10:00:41,15,17,2227,5712
2023-03-14 10:00:41,15,16,2227,5712
2023-03-14 10:01:00,15,17,2227,5737
2023-03-14 10:01:05,16,17,2227,5737
2023-03-14 10:01:06,16,19,2227,5737
2023-03-14 10:01:06,16,18,2227,5737
2023-03-14 10:01:11,17,18,2227,5737
2023-03-14 10:01:15,17,20,2227,5737
2023-03-14 10:01:16,17,18,2227,5737
2023-03-14 10:01:18,15,18,2227,5737
2023-03-14 10:01:24,15,17,2227,5737
2023-03-14 10:01:45,16,17,2227,5737
2023-03-14 10:01:52,16,18,2227,5740
2023-03-14 10:02:27,17,18,2227,5740
2023-03-14 10:03:06,18,19,2227,5795
2023-03-14 10:03:16,17,19,2227,5795
2023-03-14 10:03:16,17,21,2227,5795
2023-03-14 10:03:16,17,20,2227,5795
2023-03-14 10:03:16,17,19,2227,5795
2023-03-14 10:03:27,17,20,2227,5795
2023-03-14 10:03:37,16,20,2227,5795
2023-03-14 10:03:37,17,20,2227,5795
2023-03-14 10:03:37,17,19,2227,5795
2023-03-14 10:03:54,17,20,2227,5795
2023-03-14 10:03:54,17,19,2227,5795
2023-03-14 10:04:05,16,19,2227,5795
2023-03-14 10:04:05,16,20,2227,5795
2023-03-14 10:04:05,17,20,2227,5795
2023-03-14 10:04:13,16,20,2227,5795
2023-03-14 10:04:14,17,20,2227,5795
2023-03-14 10:04:14,17,19,2227,5795
2023-03-14 10:04:26,17,20,2227,5795
2023-03-14 10:04:26,17,19,2227,5795
2023-03-14 10:04:54,17,20,2227,5795
2023-03-14 10:04:54,17,19,2227,5795
2023-03-14 10:04:54,17,20,2227,5795
2023-03-14 10:04:54,18,20,2227,5795
2023-03-14 10:05:04,18,21,2227,5795
2023-03-14 10:05:05,18,19,2227,5795
2023-03-14 10:05:06,19,21,2227,5870
2023-03-14 10:05:10,19,20,2227,5870
2023-03-14 10:05:21,18,20,2227,5870
2023-03-14 10:05:21,18,21,2227,5870
2023-03-14 10:05:21,18,20,2227,5870
2023-03-14 10:05:27,17,20,2227,5870
2023-03-14 10:05:27,17,21,2227,5870
2023-03-14 10:05:27,17,20,2227,5870
2023-03-14 10:05:33,17,21,2227,5870
2023-03-14 10:05:33,17,19,2227,5870
2023-03-14 10:05:38,17,21,2227,5870
2023-03-14 10:05:38,17,19,2227,5870
2023-03-14 10:05:53,17,21,2227,5870
2023-03-14 10:05:53,17,20,2227,5870
2023-03-14 10:06:01,17,21,2227,5870
2023-03-14 10:06:02,18,21,2227,5870
2023-03-14 10:06:02,18,20,2227,5870
2023-03-14 10:06:12,20,22,2227,6045
2023-03-14 10:06:12,20,21,2227,6045
2023-03-14 10:06:12,20,22,2227,6045
2023-03-14 10:06:14,20,23,2227,6045
2023-03-14 10:06:14,20,22,2227,6045
2023-03-14 10:06:21,17,22,2227,6045
2023-03-14 10:06:21,17,23,2227,6045
2023-03-14 10:06:21,17,22,2227,6045
2023-03-14 10:06:21,19,22,2227,6045
2023-03-14 10:06:21,19,21,2227,6045
2023-03-14 10:06:28,17,21,2227,6045
2023-03-14 10:06:28,17,22,2227,6045
2023-03-14 10:06:28,19,22,2227,6045
2023-03-14 10:06:28,19,21,2227,6045
2023-03-14 10:06:34,17,21,2227,6045
2023-03-14 10:06:34,17,22,2227,6045
2023-03-14 10:06:34,18,22,2227,6045
2023-03-14 10:06:34,18,21,2227,6045
2023-03-14 10:06:40,17,21,2227,6045
2023-03-14 10:06:40,17,22,2227,6045
2023-03-14 10:06:40,18,22,2227,6045
2023-03-14 10:06:40,20,22,2227,6045
2023-03-14 10:06:47,17,22,2227,6045
2023-03-14 10:06:47,19,22,2227,6045
2023-03-14 10:06:52,17,22,2227,6045
2023-03-14 10:06:52,19,22,2227,6045
2023-03-14 10:06:52,19,21,2227,6045
2023-03-14 10:06:53,19,20,2227,6045
2023-03-14 10:07:01,18,20,2227,6045
2023-03-14 10:07:01,18,22,2227,6045
2023-03-14 10:07:01,19,22,2227,6045
2023-03-14 10:07:01,19,21,2227,6045
2023-03-14 10:07:02,20,21,2227,6045
2023-03-14 10:07:06,18,21,2227,6045
2023-03-14 10:07:06,18,22,2227,6045
2023-03-14 10:07:06,20,22,2227,6045
2023-03-14 10:07:15,18,22,2227,6045
2023-03-14 10:07:16,20,22,2227,6045
2023-03-14 10:07:21,18,22,2227,6045
2023-03-14 10:07:21,18,21,2227,6045
2023-03-14 10:07:22,18,20,2227,6045
2023-03-14 10:07:28,18,22,2227,6045
2023-03-14 10:07:29,19,22,2227,6045
2023-03-14 10:07:29,19,21,2227,6045
2023-03-14 10:07:34,20,21,2227,6045
2023-03-14 10:07:39,20,21,2227,6070
2023-03-14 10:07:39,20,22,2227,6070
2023-03-14 10:08:39,20,21,2227,6070
2023-03-14 10:08:49,20,22,2227,6070
2023-03-14 10:09:09,20,22,2295,6138
2023-03-14 10:09:09,20,21,2295,6138
2023-03-14 10:09:18,20,21,2389,6232
2023-03-14 10:09:19,19,21,2389,6232
2023-03-14 10:09:21,19,20,2389,6232
2023-03-14 10:09:22,17,20,2389,6232
2023-03-14 10:09:22,17,21,2389,6232
2023-03-14 10:09:22,19,21,2389,6232
2023-03-14 10:09:22,19,20,2389,6232
2023-03-14 10:09:27,17,20,2389,6307
2023-03-14 10:09:31,17,21,2389,6307
2023-03-14 10:09:31,19,21,2389,6307
2023-03-14 10:09:33,19,20,2389,6307
2023-03-14 10:09:42,18,20,2389,6307
2023-03-14 10:09:42,18,21,2389,6307
2023-03-14 10:09:42,18,20,2389,6307
2023-03-14 10:09:47,17,20,2389,6307
2023-03-14 10:09:52,15,20,2389,6307
2023-03-14 10:09:52,15,21,2389,6307
2023-03-14 10:09:52,16,21,2389,6307
2023-03-14 10:09:52,18,21,2389,6307
2023-03-14 10:09:52,18,20,2389,6307
2023-03-14 10:10:01,16,20,2389,6307
2023-03-14 10:10:01,16,21,2389,6307
2023-03-14 10:10:01,18,21,2389,6307
2023-03-14 10:10:01,18,20,2389,6307
2023-03-14 10:10:08,18,20,2399,6317
2023-03-14 10:10:09,16,20,2399,6317
2023-03-14 10:10:09,16,21,2399,6317
2023-03-14 10:10:09,18,21,2399,6317
2023-03-14 10:10:09,18,20,2399,6317
2023-03-14 10:10:22,15,20,2399,6317
2023-03-14 10:10:22,15,21,2399,6317
2023-03-14 10:10:22,17,21,2399,6317
2023-03-14 10:10:22,17,19,2399,6317
2023-03-14 10:10:27,15,19,2399,6467
2023-03-14 10:10:33,15,21,2399,6467
2023-03-14 10:10:33,16,21,2399,6467
2023-03-14 10:10:33,16,18,2399,6467
2023-03-14 10:10:45,16,20,2399,6467
2023-03-14 10:10:46,17,20,2399,6467
2023-03-14 10:10:46,17,19,2399,6467
2023-03-14 10:11:00,15,19,2399,6467
2023-03-14 10:11:00,15,20,2399,6467
2023-03-14 10:11:00,17,20,2399,6467
2023-03-14 10:11:00,17,19,2399,6467
2023-03-14 10:11:03,17,18,2399,6467
2023-03-14 10:11:06,15,18,2399,6467
2023-03-14 10:11:06,14,18,2399,6467
2023-03-14 10:11:07,16,18,2399,6467
2023-03-14 10:11:16,14,18,2399,6467
2023-03-14 10:11:16,15,18,2399,6467
2023-03-14 10:11:16,15,17,2399,6467
2023-03-14 10:11:34,13,17,2399,6467
2023-03-14 10:11:34,13,18,2399,6467
2023-03-14 10:11:34,16,18,2399,6467
2023-03-14 10:11:46,13,18,2399,6467
2023-03-14 10:11:46,15,18,2399,6467
2023-03-14 10:11:46,15,17,2399,6467
2023-03-14 10:11:58,13,17,2399,6467
2023-03-14 10:11:58,13,18,2399,6467
2023-03-14 10:11:58,14,18,2399,6467
2023-03-14 10:11:58,15,18,2399,6467
2023-03-14 10:11:58,15,17,2399,6467
2023-03-14 10:12:04,14,17,2399,6467
2023-03-14 10:12:04,14,18,2399,6467
2023-03-14 10:12:05,15,18,2399,6467
2023-03-14 10:12:05,15,17,2399,6467
2023-03-14 10:12:05,15,16,2399,6467
2023-03-14 10:12:09,14,16,2399,6587
2023-03-14 10:12:12,14,17,2399,6587
2023-03-14 10:12:13,13,17,2399,6587
2023-03-14 10:12:13,13,18,2399,6587
2023-03-14 10:12:13,14,18,2399,6587
2023-03-14 10:12:13,14,16,2399,6587
2023-03-14 10:12:26,14,18,2399,6587
2023-03-14 10:12:27,14,16,2399,6587
2023-03-14 10:12:37,14,18,2399,6587
2023-03-14 10:12:37,15,18,2399,6587
2023-03-14 10:12:37,15,17,2399,6587
2023-03-14 10:12:48,14,17,2399,6587
2023-03-14 10:12:49,13,17,2399,6587
2023-03-14 10:12:49,13,18,2399,6587
2023-03-14 10:12:49,14,18,2399,6587
2023-03-14 10:12:49,14,17,2399,6587
2023-03-14 10:12:53,15,17,2399,6587
2023-03-14 10:12:57,15,17,2409,6597
2023-03-14 10:12:58,15,18,2409,6597
2023-03-14 10:12:58,15,16,2409,6597
2023-03-14 10:13:09,15,20,2409,6597
2023-03-14 10:13:09,16,20,2409,6597
2023-03-14 10:13:09,16,18,2409,6597
2023-03-14 10:13:17,15,18,2409,6597
2023-03-14 10:13:17,15,20,2409,6597
2023-03-14 10:13:17,15,19,2409,6597
2023-03-14 10:13:17,15,17,2409,6597
2023-03-14 10:13:33,15,19,2409,6597
2023-03-14 10:13:33,15,17,2409,6597
2023-03-14 10:13:40,15,19,2409,6597
2023-03-14 10:13:40,15,17,2409,6597
2023-03-14 10:13:50,13,17,2409,6597
2023-03-14 10:13:50,13,19,2409,6597
2023-03-14 10:13:50,16,19,2409,6597
2023-03-14 10:13:50,16,18,2409,6597
2023-03-14 10:13:58,16,19,2409,6597
2023-03-14 10:13:58,16,17,2409,6597
2023-03-14 10:14:03,16,19,2409,6597
2023-03-14 10:14:04,16,18,2409,6597
2023-03-14 10:14:18,16,19,2409,6597
2023-03-14 10:14:22,16,20,2409,6597
2023-03-14 10:14:23,17,20,2409,6597
2023-03-14 10:14:23,17,19,2409,6597
2023-03-14 10:14:34,16,19,2409,6597
2023-03-14 10:14:34,16,20,2409,6597
2023-03-14 10:14:34,17,20,2409,6597
2023-03-14 10:14:34,17,19,2409,6597
2023-03-14 10:15:00,16,19,2409,6597
2023-03-14 10:15:00,16,20,2409,6597
2023-03-14 10:15:01,17,20,2409,6597
2023-03-14 10:15:01,17,19,2409,6597
2023-03-14 10:15:06,17,20,2409,6597
2023-03-14 10:15:06,17,19,2409,6597
2023-03-14 10:15:15,17,20,2409,6597
2023-03-14 10:15:21,18,20,2409,6597
2023-03-14 10:15:27,17,20,2409,6597
2023-03-14 10:15:27,17,19,2409,6597
2023-03-14 10:15:39,17,20,2409,6597
2023-03-14 10:15:49,17,19,2409,6597
2023-03-14 10:15:55,18,19,2409,6597
2023-03-14 10:16:00,18,20,2409,6597
2023-03-14 10:16:00,18,19,2409,6597
2023-03-14 10:16:12,18,20,2409,6597
2023-03-14 10:16:19,16,20,2409,6597
2023-03-14 10:16:19,15,20,2409,6597
2023-03-14 10:16:19,17,20,2409,6597
2023-03-14 10:16:19,17,19,2409,6597
2023-03-14 10:16:27,15,19,2409,6597
2023-03-14 10:16:27,15,20,2409,6597
2023-03-14 10:16:27,17,20,2409,6597
2023-03-14 10:16:27,17,19,2409,6597
2023-03-14 10:16:33,18,19,2409,6597
2023-03-14 10:16:34,17,19,2409,6597
2023-03-14 10:16:38,15,19,2409,6597
2023-03-14 10:16:38,15,20,2409,6597
2023-03-14 10:16:38,16,20,2409,6597
2023-03-14 10:16:38,18,20,2409,6597
2023-03-14 10:16:40,19,20,2409,6597
2023-03-14 10:16:46,16,20,2409,6597
2023-03-14 10:16:46,15,20,2409,6597
2023-03-14 10:16:46,17,20,2409,6597
2023-03-14 10:16:46,17,19,2409,6597
2023-03-14 10:16:54,15,19,2409,6597
2023-03-14 10:16:54,15,20,2409,6597
2023-03-14 10:16:55,17,20,2409,6597
2023-03-14 10:16:55,17,19,2409,6597
2023-03-14 10:17:00,18,19,2409,6597
2023-03-14 10:17:02,18,20,2409,6597
2023-03-14 10:17:36,16,20,2409,6597
2023-03-14 10:17:36,17,20,2409,6597
2023-03-14 10:17:36,17,19,2409,6597
2023-03-14 10:17:43,17,19,2409,6687
2023-03-14 10:17:43,17,18,2409,6687
2023-03-14 10:17:43,17,19,2409,6687
2023-03-14 10:17:47,15,19,2409,6687
2023-03-14 10:17:47,10,19,2409,6687
2023-03-14 10:17:47,10,20,2409,6687
2023-03-14 10:17:47,12,20,2409,6687
2023-03-14 10:17:47,15,20,2409,6687
2023-03-14 10:17:47,15,18,2409,6687
2023-03-14 10:17:56,13,18,2409,6687
2023-03-14 10:17:56,13,20,2409,6687
2023-03-14 10:17:56,16,20,2409,6687
2023-03-14 10:17:56,16,19,2409,6687
2023-03-14 10:18:06,14,19,2409,6687
2023-03-14 10:18:06,14,20,2409,6687
2023-03-14 10:18:06,17,20,2409,6687
2023-03-14 10:18:06,17,19,2409,6687
2023-03-14 10:18:11,15,19,2409,6687
2023-03-14 10:18:11,16,19,2409,6687
2023-03-14 10:18:11,16,18,2409,6687
2023-03-14 10:18:17,15,18,2409,6687
2023-03-14 10:18:17,15,19,2409,6687
2023-03-14 10:18:17,16,19,2409,6687
2023-03-14 10:18:17,16,18,2409,6687
2023-03-14 10:18:23,14,18,2409,6687
2023-03-14 10:18:23,13,18,2409,6687
2023-03-14 10:18:23,13,19,2409,6687
2023-03-14 10:18:23,15,19,2409,6687
2023-03-14 10:18:23,16,19,2409,6687
2023-03-14 10:18:23,16,18,2409,6687
2023-03-14 10:18:34,13,18,2409,6687
2023-03-14 10:18:34,13,19,2409,6687
2023-03-14 10:18:35,15,19,2409,6687
2023-03-14 10:18:35,15,17,2409,6687
2023-03-14 10:18:38,16,17,2409,6687
2023-03-14 10:18:39,16,19,2409,6687
2023-03-14 10:18:47,16,20,2409,6687
2023-03-14 10:18:47,16,18,2409,6687
2023-03-14 10:18:52,16,20,2409,6687
2023-03-14 10:18:52,17,20,2409,6687
2023-03-14 10:18:52,17,19,2409,6687
2023-03-14 10:18:58,16,19,2409,6687
2023-03-14 10:18:58,16,20,2409,6687
2023-03-14 10:18:59,16,19,2409,6687
2023-03-14 10:19:04,16,20,2409,6687
2023-03-14 10:19:04,17,20,2409,6687
2023-03-14 10:19:04,17,19,2409,6687
2023-03-14 10:19:15,17,20,2409,6687
2023-03-14 10:19:21,18,20,2409,6687
2023-03-14 10:19:28,16,20,2409,6687
2023-03-14 10:19:28,17,20,2409,6687
2023-03-14 10:19:28,17,19,2409,6687
2023-03-14 10:19:34,15,19,2409,6687
2023-03-14 10:19:34,15,20,2409,6687
2023-03-14 10:19:34,17,20,2409,6687
2023-03-14 10:19:41,15,20,2409,6687
2023-03-14 10:19:42,17,20,2409,6687
2023-03-14 10:19:42,17,19,2409,6687
2023-03-14 10:19:51,15,19,2409,6687
2023-03-14 10:19:51,15,20,2409,6687
2023-03-14 10:19:51,17,20,2409,6687
2023-03-14 10:19:51,17,19,2409,6687
2023-03-14 10:19:57,17,18,2409,6687
2023-03-14 10:20:03,16,18,2409,6687
2023-03-14 10:20:09,15,18,2409,6687
2023-03-14 10:20:09,13,18,2409,6687
2023-03-14 10:20:09,13,19,2409,6687
2023-03-14 10:20:09,16,19,2409,6687
2023-03-14 10:20:23,14,19,2409,6687
2023-03-14 10:20:23,15,19,2409,6687
2023-03-14 10:20:23,15,18,2409,6687
2023-03-14 10:20:32,15,19,2409,6687
2023-03-14 10:20:32,16,19,2409,6687
2023-03-14 10:20:32,16,18,2409,6687
2023-03-14 10:20:38,15,18,2409,6687
2023-03-14 10:20:38,13,18,2409,6687
2023-03-14 10:20:38,13,19,2409,6687
2023-03-14 10:20:38,16,19,2409,6687
2023-03-14 10:20:38,16,18,2409,6687
2023-03-14 10:20:45,14,18,2409,6687
2023-03-14 10:20:45,13,18,2409,6687
2023-03-14 10:20:45,13,19,2409,6687
2023-03-14 10:20:45,15,19,2409,6687
2023-03-14 10:20:45,16,19,2409,6687
2023-03-14 10:20:45,16,18,2409,6687
2023-03-14 10:20:50,17,18,2409,6687
2023-03-14 10:20:57,16,18,2409,6687
2023-03-14 10:20:57,16,20,2409,6687
2023-03-14 10:20:57,17,20,2409,6687
2023-03-14 10:20:58,17,19,2409,6687
2023-03-14 10:21:08,15,19,2409,6687
2023-03-14 10:21:08,15,20,2409,6687
2023-03-14 10:21:08,17,20,2409,6687
2023-03-14 10:21:08,17,19,2409,6687
2023-03-14 10:21:16,15,19,2409,6687
2023-03-14 10:21:16,17,19,2409,6687
2023-03-14 10:21:28,15,19,2409,6687
2023-03-14 10:21:28,15,20,2409,6687
2023-03-14 10:21:28,17,20,2409,6687
2023-03-14 10:21:28,17,19,2409,6687
2023-03-14 10:21:33,17,18,2409,6687
2023-03-14 10:21:44,18,19,2409,6777
2023-03-14 10:21:49,17,19,2409,6777
2023-03-14 10:21:49,17,20,2409,6777
2023-03-14 10:21:49,17,19,2409,6777
2023-03-14 10:21:52,19,20,2409,6867
2023-03-14 10:21:54,17,20,2409,6867
2023-03-14 10:22:06,19,20,2409,6867
2023-03-14 10:22:14,18,20,2409,6867
2023-03-14 10:22:22,19,20,2409,6867
2023-03-14 10:22:27,18,20,2409,6867
2023-03-14 10:22:28,19,20,2409,6867
2023-03-14 10:22:40,18,20,2409,6867
2023-03-14 10:22:41,19,20,2409,6867
2023-03-14 10:22:44,20,21,2399,6877
2023-03-14 10:22:47,19,21,2399,6877
2023-03-14 10:22:49,21,22,2399,6967
2023-03-14 10:22:59,18,22,2399,6967
2023-03-14 10:22:59,20,22,2399,6967
2023-03-14 10:23:05,18,22,2399,6967
2023-03-14 10:23:05,20,22,2399,6967
2023-03-14 10:23:15,19,22,2399,6967
2023-03-14 10:23:15,20,22,2399,6967
2023-03-14 10:23:22,20,23,2414,6992
2023-03-14 10:23:34,18,23,2414,6992
2023-03-14 10:23:34,18,25,2414,6992
2023-03-14 10:23:34,20,25,2414,6992
2023-03-14 10:23:34,20,22,2414,6992
2023-03-14 10:23:46,20,24,2414,6992
2023-03-14 10:23:46,20,23,2414,6992
2023-03-14 10:23:59,20,24,2414,6992
2023-03-14 10:23:59,21,24,2414,6992
2023-03-14 10:23:59,21,23,2414,6992
2023-03-14 10:24:05,21,22,2414,6992
2023-03-14 10:24:07,19,22,2414,6992
2023-03-14 10:24:07,21,22,2414,6992
2023-03-14 10:24:24,18,22,2414,6992
2023-03-14 10:24:24,20,22,2414,6992
2023-03-14 10:24:38,20,21,2414,6992
2023-03-14 10:24:48,21,22,2456,7112
2023-03-14 10:24:59,22,23,2584,7240
2023-03-14 10:25:10,22,24,2584,7240
2023-03-14 10:25:10,22,23,2584,7240
2023-03-14 10:25:21,22,24,2584,7240
2023-03-14 10:25:21,22,23,2584,7240
2023-03-14 10:25:30,22,24,2584,7240
2023-03-14 10:25:30,22,23,2584,7240
2023-03-14 10:25:38,22,25,2584,7240
2023-03-14 10:25:38,22,25,2614,7270
2023-03-14 10:25:38,22,24,2614,7270
2023-03-14 10:25:38,22,24,2674,7330
2023-03-14 10:25:47,22,25,2674,7330
2023-03-14 10:25:47,22,24,2674,7330
2023-03-14 10:25:47,22,23,2674,7330
2023-03-14 10:25:59,22,25,2674,7330
2023-03-14 10:25:59,22,24,2674,7330
2023-03-14 10:26:00,22,24,2704,7360
2023-03-14 10:26:12,22,25,2704,7360
2023-03-14 10:26:13,22,23,2704,7360
2023-03-14 10:26:22,22,25,2704,7360
2023-03-14 10:26:22,22,23,2704,7360
2023-03-14 10:26:33,22,24,2704,7360
2023-03-14 10:26:34,22,23,2704,7360
2023-03-14 10:26:55,21,23,3206,7862
2023-03-14 10:27:04,21,22,3206,7862
2023-03-14 10:27:06,19,22,3206,7862
2023-03-14 10:27:06,17,22,3206,7862
2023-03-14 10:27:06,17,23,3206,7862
2023-03-14 10:27:06,17,24,3206,7862
2023-03-14 10:27:06,18,24,3206,7862
2023-03-14 10:27:06,20,24,3206,7862
2023-03-14 10:27:06,20,23,3206,7862
2023-03-14 10:27:06,20,22,3206,7862
2023-03-14 10:27:20,20,24,3206,7862
2023-03-14 10:27:21,20,22,3206,7862
2023-03-14 10:27:29,20,24,3206,7862
2023-03-14 10:27:29,20,23,3206,7862
2023-03-14 10:27:29,21,23,3206,7862
2023-03-14 10:27:35,19,23,3206,7862
2023-03-14 10:27:35,21,23,3206,7862
2023-03-14 10:27:48,17,23,3206,7862
2023-03-14 10:27:48,19,23,3206,7862
2023-03-14 10:27:48,19,22,3206,7862
2023-03-14 10:27:53,17,22,3206,7862
2023-03-14 10:27:53,17,24,3206,7862
2023-03-14 10:27:53,18,24,3206,7862
2023-03-14 10:27:53,20,24,3206,7862
2023-03-14 10:27:53,20,23,3206,7862
2023-03-14 10:27:55,20,22,3206,7862
2023-03-14 10:27:58,20,23,3206,7862
2023-03-14 10:27:58,18,23,3206,7862
2023-03-14 10:27:58,18,24,3206,7862
2023-03-14 10:27:58,20,24,3206,7862
2023-03-14 10:27:58,20,22,3206,7862
2023-03-14 10:27:59,20,21,3206,7862
2023-03-14 10:28:03,17,21,3206,7862
2023-03-14 10:28:03,19,21,3206,7862
2023-03-14 10:28:09,20,21,3206,7862
2023-03-14 10:28:19,20,24,3206,7862
2023-03-14 10:28:19,21,24,3206,7862
2023-03-14 10:28:19,21,23,3206,7862
2023-03-14 10:28:20,21,22,3206,7862
2023-03-14 10:28:27,20,22,3206,7862
2023-03-14 10:28:27,20,24,3206,7862
2023-03-14 10:28:27,20,22,3206,7862
2023-03-14 10:28:30,20,21,3206,7862
2023-03-14 10:28:57,18,21,3206,7862
2023-03-14 10:28:57,18,24,3206,7862
2023-03-14 10:28:57,19,24,3206,7862
2023-03-14 10:28:57,21,24,3206,7862
2023-03-14 10:28:57,21,23,3206,7862
2023-03-14 10:28:58,21,22,3206,7862
2023-03-14 10:29:03,19,22,3206,7862
2023-03-14 10:29:03,18,22,3206,7862
2023-03-14 10:29:03,18,23,3206,7862
2023-03-14 10:29:03,18,24,3206,7862
2023-03-14 10:29:03,20,24,3206,7862
2023-03-14 10:29:03,20,22,3206,7862
2023-03-14 10:29:03,20,21,3206,7862
2023-03-14 10:29:11,20,22,3206,7862
2023-03-14 10:29:11,18,22,3206,7862
2023-03-14 10:29:11,18,24,3206,7862
2023-03-14 10:29:12,18,23,3206,7862
2023-03-14 10:29:12,21,23,3206,7862
2023-03-14 10:29:18,19,23,3206,7862
2023-03-14 10:29:18,18,23,3206,7862
2023-03-14 10:29:18,20,23,3206,7862
2023-03-14 10:29:18,20,22,3206,7862
2023-03-14 10:29:22,20,23,3206,7862
2023-03-14 10:29:23,20,22,3206,7862
2023-03-14 10:29:28,18,22,3206,7862
2023-03-14 10:29:28,18,23,3206,7862
2023-03-14 10:29:28,18,21,3206,7862
2023-03-14 10:29:28,20,21,3206,7862
2023-03-14 10:29:28,20,23,3206,7862
2023-03-14 10:29:34,20,22,3206,7862
2023-03-14 10:29:34,21,22,3206,7862
2023-03-14 10:29:47,21,23,3206,7862
2023-03-14 10:29:47,19,23,3206,7862
2023-03-14 10:29:47,18,23,3206,7862
2023-03-14 10:29:47,21,23,3206,7862
2023-03-14 10:29:48,21,22,3206,7862
2023-03-14 10:29:51,19,22,3206,7862
2023-03-14 10:29:52,19,24,3206,7862
2023-03-14 10:29:52,21,24,3206,7862
2023-03-14 10:29:55,21,23,3206,7862
2023-03-14 10:29:57,19,23,3206,7862
2023-03-14 10:29:57,19,24,3206,7862
2023-03-14 10:29:57,22,24,3206,7862
2023-03-14 10:29:59,22,23,3206,7862
2023-03-14 10:30:06,22,25,3206,7862
2023-03-14 10:30:06,22,23,3206,7862
2023-03-14 10:30:12,22,25,3206,7862
2023-03-14 10:30:13,19,25,3206,7862
2023-03-14 10:30:13,20,25,3206,7862
2023-03-14 10:30:13,20,24,3206,7862
2023-03-14 10:30:13,22,24,3206,7862
2023-03-14 10:30:20,20,24,3206,7862
2023-03-14 10:30:20,19,24,3206,7862
2023-03-14 10:30:20,21,24,3206,7862
2023-03-14 10:30:20,21,23,3206,7862
2023-03-14 10:30:25,21,22,3206,7862
2023-03-14 10:30:29,21,23,3206,7862
2023-03-14 10:30:29,21,22,3206,7862
2023-03-14 10:30:31,19,22,3206,7862
2023-03-14 10:30:31,19,23,3206,7862
2023-03-14 10:30:31,19,25,3206,7862
2023-03-14 10:30:31,22,25,3206,7862
2023-03-14 10:30:31,22,24,3206,7862
2023-03-14 10:30:31,22,23,3206,7862
2023-03-14 10:30:36,22,24,3206,7862
2023-03-14 10:30:36,20,24,3206,7922
2023-03-14 10:30:38,21,24,3206,7922
2023-03-14 10:30:41,22,24,3206,7922
2023-03-14 10:30:41,22,23,3206,7922
2023-03-14 10:30:41,21,23,3206,7952
2023-03-14 10:30:41,21,24,3206,7952
2023-03-14 10:30:51,22,24,3206,7952
2023-03-14 10:31:00,21,24,3206,7952
2023-03-14 10:31:00,21,25,3206,7952
2023-03-14 10:31:01,22,25,3206,7952
2023-03-14 10:31:01,22,24,3206,7952
2023-03-14 10:31:09,21,24,3206,7952
2023-03-14 10:31:10,22,24,3206,7952
2023-03-14 10:31:43,22,25,3206,7952
2023-03-14 10:31:43,22,24,3206,7952
2023-03-14 10:32:07,20,24,3206,7952
2023-03-14 10:32:07,20,26,3206,7952
2023-03-14 10:32:07,20,25,3206,7952
2023-03-14 10:32:07,21,25,3206,7952
2023-03-14 10:32:07,21,23,3206,7952
2023-03-14 10:32:22,21,25,3206,7952
2023-03-14 10:32:23,21,23,3206,7952
2023-03-14 10:32:37,20,23,3206,7952
2023-03-14 10:32:37,20,25,3206,7952
2023-03-14 10:32:37,20,23,3206,7952
2023-03-14 10:32:55,20,25,3206,7952
2023-03-14 10:32:55,20,22,3206,7952
2023-03-14 10:32:57,20,24,3206,7982
2023-03-14 10:32:57,20,23,3206,7982
2023-03-14 10:33:00,21,23,3206,7982
2023-03-14 10:33:02,21,25,3206,7982
2023-03-14 10:33:03,21,23,3206,7982
2023-03-14 10:33:03,21,22,3206,7982
2023-03-14 10:33:05,21,22,3206,8073
2023-03-14 10:33:05,21,23,3206,8073
2023-03-14 10:33:05,21,22,3206,8073
2023-03-14 10:33:07,21,23,3206,8073
2023-03-14 10:33:15,21,25,3206,8073
2023-03-14 10:33:15,21,23,3206,8073
2023-03-14 10:33:17,21,22,3206,8073
2023-03-14 10:33:17,21,23,3206,8073
2023-03-14 10:33:36,21,25,3206,8073
2023-03-14 10:33:36,21,24,3206,8073
2023-03-14 10:33:36,21,23,3206,8073
2023-03-14 10:33:59,20,23,3206,8073
2023-03-14 10:33:59,20,25,3206,8073
2023-03-14 10:33:59,21,25,3206,8073
2023-03-14 10:33:59,21,23,3206,8073
2023-03-14 10:34:05,20,23,3206,8073
2023-03-14 10:34:05,20,25,3206,8073
2023-03-14 10:34:05,20,24,3206,8073
2023-03-14 10:34:05,21,24,3206,8073
2023-03-14 10:34:05,21,23,3206,8073
2023-03-14 10:34:16,20,23,3206,8073
2023-03-14 10:34:16,20,25,3206,8073
2023-03-14 10:34:16,22,25,3206,8073
2023-03-14 10:34:16,22,24,3206,8073
2023-03-14 10:34:28,22,25,3206,8073
2023-03-14 10:34:28,22,24,3206,8073
2023-03-14 10:34:28,22,25,3206,8073
2023-03-14 10:34:30,22,24,3206,8073
2023-03-14 10:34:31,22,25,3206,8073
2023-03-14 10:34:37,23,25,3206,8073
2023-03-14 10:34:47,22,25,3206,8073
2023-03-14 10:34:47,24,25,3206,8073
2023-03-14 10:34:56,22,25,3206,8073
2023-03-14 10:34:57,22,25,3206,8133
2023-03-14 10:34:57,23,25,3206,8133
2023-03-14 10:34:57,23,25,3206,8163
2023-03-14 10:35:02,20,25,3206,8163
2023-03-14 10:35:02,23,25,3206,8163
2023-03-14 10:35:08,21,25,3206,8253
2023-03-14 10:35:14,20,25,3206,8253
2023-03-14 10:35:15,21,25,3206,8253
2023-03-14 10:35:15,21,24,3206,8253
2023-03-14 10:35:22,23,24,3206,8253
2023-03-14 10:35:29,23,24,3206,8312
2023-03-14 10:35:31,21,24,3206,8312
2023-03-14 10:35:31,21,25,3206,8402
2023-03-14 10:35:31,22,25,3206,8402
2023-03-14 10:35:38,21,25,3206,8402
2023-03-14 10:35:38,23,25,3206,8402
2023-03-14 10:35:45,20,25,3206,8402
2023-03-14 10:35:45,22,25,3206,8402
2023-03-14 10:35:45,22,24,3206,8402
2023-03-14 10:35:55,20,24,3206,8402
2023-03-14 10:35:55,20,25,3206,8402
2023-03-14 10:35:55,23,25,3206,8402
2023-03-14 10:36:02,21,25,3206,8402
2023-03-14 10:36:02,23,25,3206,8402
2023-03-14 10:36:25,21,25,3206,8402
2023-03-14 10:36:25,23,25,3206,8402
2023-03-14 10:36:30,23,24,3206,8402
2023-03-14 10:36:39,22,24,3206,8402
2023-03-14 10:36:40,22,23,3206,8402
2023-03-14 10:36:40,22,24,3206,8402
2023-03-14 10:36:45,22,23,3206,8402
2023-03-14 10:36:50,22,24,3206,8402
2023-03-14 10:36:50,20,24,3206,8402
2023-03-14 10:36:50,20,25,3206,8402
2023-03-14 10:36:50,21,25,3206,8402
2023-03-14 10:36:50,23,25,3206,8402
2023-03-14 10:36:57,20,25,3206,8402
2023-03-14 10:36:57,21,25,3206,8402
2023-03-14 10:36:57,21,24,3206,8402
2023-03-14 10:36:57,21,23,3206,8402
2023-03-14 10:37:01,21,24,3206,8402
2023-03-14 10:37:02,20,24,3206,8402
2023-03-14 10:37:02,20,25,3206,8402
2023-03-14 10:37:02,21,25,3206,8402
2023-03-14 10:37:02,23,25,3206,8402
2023-03-14 10:37:25,21,25,3206,8402
2023-03-14 10:37:25,21,26,3206,8402
2023-03-14 10:37:25,23,26,3206,8402
2023-03-14 10:37:30,21,26,3206,8402
2023-03-14 10:37:30,24,26,3206,8402
2023-03-14 10:37:36,20,26,3206,8402
2023-03-14 10:37:36,22,26,3206,8402
2023-03-14 10:37:36,22,25,3206,8402
2023-03-14 10:37:43,20,25,3206,8402
2023-03-14 10:37:43,20,26,3206,8402
2023-03-14 10:37:43,21,26,3206,8402
2023-03-14 10:37:43,23,26,3206,8402
2023-03-14 10:37:43,23,25,3206,8402
2023-03-14 10:37:51,22,25,3206,8402
2023-03-14 10:37:51,22,26,3206,8402
2023-03-14 10:37:51,23,26,3206,8402
2023-03-14 10:37:59,21,26,3206,8402
2023-03-14 10:37:59,23,26,3206,8402
2023-03-14 10:37:59,23,25,3206,8402
2023-03-14 10:38:15,21,25,3206,8402
2023-03-14 10:38:15,21,26,3206,8402
2023-03-14 10:38:15,23,26,3206,8402
2023-03-14 10:38:15,23,25,3206,8402
2023-03-14 10:38:26,20,25,3206,8402
2023-03-14 10:38:26,22,25,3206,8402
2023-03-14 10:38:26,22,24,3206,8402
2023-03-14 10:38:26,22,23,3206,8402
2023-03-14 10:38:29,22,24,3206,8402
2023-03-14 10:38:32,20,24,3206,8402
2023-03-14 10:38:32,20,25,3206,8402
2023-03-14 10:38:33,21,25,3206,8402
2023-03-14 10:38:33,23,25,3206,8402
2023-03-14 10:38:46,20,25,3206,8402
2023-03-14 10:38:46,21,25,3206,8402
2023-03-14 10:38:46,21,24,3206,8402
2023-03-14 10:38:51,20,24,3206,8402
2023-03-14 10:38:51,20,25,3206,8402
2023-03-14 10:38:51,21,25,3206,8402
2023-03-14 10:38:51,21,23,3206,8402
2023-03-14 10:38:56,20,23,3206,8402
2023-03-14 10:38:56,20,25,3206,8402
2023-03-14 10:38:56,22,25,3206,8402
2023-03-14 10:38:56,22,24,3206,8402
2023-03-14 10:39:01,20,24,3206,8402
2023-03-14 10:39:02,21,24,3206,8402
2023-03-14 10:39:02,21,23,3206,8402
2023-03-14 10:39:07,20,23,3206,8402
2023-03-14 10:39:15,20,24,3206,8402
2023-03-14 10:39:15,22,24,3206,8402
2023-03-14 10:39:21,20,24,3206,8402
2023-03-14 10:39:22,21,24,3206,8402
2023-03-14 10:39:22,21,23,3206,8402
2023-03-14 10:39:28,20,23,3206,8402
2023-03-14 10:39:28,20,24,3206,8402
2023-03-14 10:39:28,21,24,3206,8402
2023-03-14 10:39:28,21,23,3206,8402
2023-03-14 10:39:42,21,24,3206,8402
2023-03-14 10:39:42,22,24,3206,8402
2023-03-14 10:39:49,21,24,3206,8402
2023-03-14 10:39:49,22,24,3206,8402
2023-03-14 10:39:56,21,24,3206,8402
2023-03-14 10:39:56,21,23,3206,8402
2023-03-14 10:40:07,21,24,3206,8402
2023-03-14 10:40:16,23,24,3206,8402
2023-03-14 10:40:24,21,24,3206,8402
2023-03-14 10:40:25,21,23,3206,8402
2023-03-14 10:40:32,21,24,3206,8402
2023-03-14 10:40:32,22,24,3206,8402
2023-03-14 10:40:39,20,24,3206,8402
2023-03-14 10:40:39,21,24,3206,8402
2023-03-14 10:40:39,21,23,3206,8402
2023-03-14 10:40:48,20,23,3206,8402
2023-03-14 10:40:48,20,24,3206,8402
2023-03-14 10:40:48,23,24,3206,8402
2023-03-14 10:40:48,23,25,3206,8402
2023-03-14 10:40:55,21,25,3206,8402
2023-03-14 10:40:55,20,25,3206,8402
2023-03-14 10:40:55,22,25,3206,8402
2023-03-14 10:40:55,22,24,3206,8402
2023-03-14 10:40:55,22,24,3206,8415
2023-03-14 10:40:58,22,23,3206,8415
2023-03-14 10:41:00,22,24,3206,8415
2023-03-14 10:41:00,20,24,3206,8415
2023-03-14 10:41:00,20,25,3206,8415
2023-03-14 10:41:00,23,25,3206,8415
2023-03-14 10:41:10,21,25,3206,8415
2023-03-14 10:41:10,22,25,3206,8415
2023-03-14 10:41:10,24,25,3206,8415
2023-03-14 10:41:18,21,25,3206,8415
2023-03-14 10:41:18,23,25,3206,8415
2023-03-14 10:41:31,21,25,3206,8415
2023-03-14 10:41:32,22,25,3206,8415
2023-03-14 10:41:32,24,25,3206,8415
2023-03-14 10:41:47,22,25,3206,8415
2023-03-14 10:41:47,24,25,3206,8415
2023-03-14 10:41:52,21,25,3206,8415
2023-03-14 10:41:53,23,25,3206,8415
2023-03-14 10:41:59,21,25,3206,8415
2023-03-14 10:41:59,23,25,3206,8415
2023-03-14 10:42:20,21,25,3206,8415
2023-03-14 10:42:20,23,25,3206,8415
2023-03-14 10:42:32,21,25,3206,8415
2023-03-14 10:42:32,23,25,3206,8415
2023-03-14 10:42:44,21,25,3206,8415
2023-03-14 10:42:44,23,25,3206,8415
2023-03-14 10:42:54,21,25,3206,8415
2023-03-14 10:42:54,23,25,3206,8415
2023-03-14 10:42:59,21,25,3206,8415
2023-03-14 10:42:59,23,25,3206,8415
2023-03-14 10:43:05,22,25,3206,8415
2023-03-14 10:43:05,23,25,3206,8415
2023-03-14 10:43:26,21,25,3206,8415
2023-03-14 10:43:26,21,26,3206,8415
2023-03-14 10:43:26,23,26,3206,8415
2023-03-14 10:43:38,21,26,3206,8415
2023-03-14 10:43:38,23,26,3206,8415
2023-03-14 10:43:38,23,25,3206,8415
2023-03-14 10:43:48,21,25,3206,8415
2023-03-14 10:43:48,20,25,3206,8415
2023-03-14 10:43:48,20,26,3206,8415
2023-03-14 10:43:48,22,26,3206,8415
2023-03-14 10:43:48,22,25,3206,8415
2023-03-14 10:44:14,20,25,3206,8415
2023-03-14 10:44:14,20,26,3206,8415
2023-03-14 10:44:14,22,26,3206,8415
2023-03-14 10:44:14,22,25,3206,8415
2023-03-14 10:44:14,22,24,3206,8415
2023-03-14 10:44:20,20,24,3206,8415
2023-03-14 10:44:20,20,23,3206,8415
2023-03-14 10:44:20,21,23,3206,8415
2023-03-14 10:44:26,20,23,3206,8415
2023-03-14 10:44:26,20,24,3206,8415
2023-03-14 10:44:26,22,24,3206,8415
2023-03-14 10:44:38,20,24,3206,8415
2023-03-14 10:44:38,22,24,3206,8415
2023-03-14 10:44:56,20,24,3206,8415
2023-03-14 10:44:57,22,24,3206,8415
2023-03-14 10:45:07,20,24,3206,8415
2023-03-14 10:45:07,22,24,3206,8415
2023-03-14 10:45:14,20,24,3206,8415
2023-03-14 10:45:14,22,24,3206,8415
2023-03-14 10:45:14,22,23,3206,8415
2023-03-14 10:45:22,20,23,3206,8415
2023-03-14 10:45:22,21,23,3206,8415
2023-03-14 10:45:30,20,23,3206,8415
2023-03-14 10:45:31,20,22,3206,8415
2023-03-14 10:45:35,20,23,3206,8415
2023-03-14 10:45:37,20,22,3206,8415
2023-03-14 10:45:37,22,23,3266,8475
2023-03-14 10:45:42,20,23,3266,8475
2023-03-14 10:45:42,20,26,3266,8475
2023-03-14 10:45:42,20,25,3266,8475
2023-03-14 10:45:43,22,25,3266,8475
2023-03-14 10:45:55,20,25,3266,8475
2023-03-14 10:45:55,22,25,3266,8475
2023-03-14 10:45:55,22,24,3266,8475
2023-03-14 10:46:03,21,24,3266,8475
2023-03-14 10:46:03,21,25,3266,8475
2023-03-14 10:46:03,22,25,3266,8475
2023-03-14 10:46:03,22,24,3266,8475
2023-03-14 10:46:04,22,23,3266,8475
2023-03-14 10:46:08,21,23,3266,8475
2023-03-14 10:46:08,21,25,3266,8475
2023-03-14 10:46:08,22,25,3266,8475
2023-03-14 10:46:18,23,25,3266,8475
2023-03-14 10:47:03,24,25,3266,8475
2023-03-14 10:47:09,23,25,3266,8475
2023-03-14 10:47:16,24,25,3266,8475
2023-03-14 10:47:21,23,25,3266,8475
2023-03-14 10:47:21,23,24,3266,8475
2023-03-14 10:47:22,23,25,3266,8475
2023-03-14 10:47:36,25,26,3296,8505
2023-03-14 10:47:42,25,26,3446,8655
2023-03-14 10:47:49,25,26,3656,8865
2023-03-14 10:47:49,25,26,3676,8885
2023-03-14 10:47:55,25,26,3706,8915
2023-03-14 10:48:00,25,26,3766,8975
2023-03-14 10:48:05,25,26,3976,9185
2023-03-14 10:48:12,25,26,4126,9335
2023-03-14 10:48:12,25,26,4156,9365
2023-03-14 10:48:20,25,26,4246,9455
2023-03-14 10:48:20,23,25,4266,9475
2023-03-14 10:48:36,21,25,4266,9475
2023-03-14 10:48:36,23,25,4266,9475
2023-03-14 10:48:43,23,25,4266,9502
2023-03-14 10:48:50,22,25,4266,9502
2023-03-14 10:48:50,22,26,4266,9502
2023-03-14 10:48:50,23,26,4266,9502
2023-03-14 10:48:50,25,26,4266,9502
2023-03-14 10:48:59,23,26,4266,9502
2023-03-14 10:48:59,23,26,4266,9562
2023-03-14 10:48:59,24,26,4266,9562
2023-03-14 10:48:59,24,27,4266,9562
2023-03-14 10:49:05,26,27,4266,9562
2023-03-14 10:49:33,25,27,4266,9562
2023-03-14 10:49:33,23,27,4266,9562
2023-03-14 10:49:33,24,27,4266,9562
2023-03-14 10:49:33,26,27,4266,9562
2023-03-14 10:49:39,23,27,4266,9562
2023-03-14 10:49:39,24,27,4266,9562
2023-03-14 10:49:39,24,26,4266,9562
2023-03-14 10:49:48,23,26,4266,9562
2023-03-14 10:49:48,23,27,4266,9562
2023-03-14 10:49:48,25,27,4266,9562
2023-03-14 10:49:54,23,27,4266,9562
2023-03-14 10:49:54,24,27,4266,9562
2023-03-14 10:49:54,26,27,4266,9562
2023-03-14 10:49:59,23,27,4266,9562
2023-03-14 10:49:59,24,27,4266,9562
2023-03-14 10:50:05,24,26,4266,9562
2023-03-14 10:50:05,24,27,4266,9562
2023-03-14 10:50:05,24,26,4266,9562
2023-03-14 10:50:11,23,26,4266,9562
2023-03-14 10:50:11,23,27,4266,9562
2023-03-14 10:50:11,26,27,4266,9562
2023-03-14 10:50:18,24,27,4266,9562
2023-03-14 10:50:18,23,27,4266,9562
2023-03-14 10:50:18,25,27,4266,9562
2023-03-14 10:50:24,23,27,4266,9562
2023-03-14 10:50:24,26,27,4266,9562
2023-03-14 10:50:37,24,27,4266,9562
2023-03-14 10:50:37,26,27,4266,9562
2023-03-14 10:50:44,24,27,4266,9562
2023-03-14 10:50:44,23,27,4266,9562
2023-03-14 10:50:44,25,27,4266,9562
2023-03-14 10:51:06,23,27,4266,9562
2023-03-14 10:51:07,24,27,4266,9562
2023-03-14 10:51:15,23,27,4266,9562
2023-03-14 10:51:15,25,27,4266,9562
2023-03-14 10:51:27,23,27,4266,9562
2023-03-14 10:51:28,25,27,4266,9562
2023-03-14 10:51:39,24,27,4266,9562
2023-03-14 10:51:39,25,27,4266,9562
2023-03-14 10:51:41,26,27,4266,9562
2023-03-14 10:51:47,26,27,4296,9592
2023-03-14 10:51:47,26,27,4328,9624
2023-03-14 10:51:59,24,26,4416,9712
2023-03-14 10:52:13,22,26,4416,9712
2023-03-14 10:52:13,22,27,4416,9712
2023-03-14 10:52:13,24,27,4416,9712
2023-03-14 10:52:13,24,26,4416,9712
2023-03-14 10:52:26,22,26,4416,9712
2023-03-14 10:52:26,25,26,4416,9712
2023-03-14 10:52:37,23,26,4416,9712
2023-03-14 10:52:37,23,27,4416,9712
2023-03-14 10:52:37,26,27,4416,9712
2023-03-14 10:52:43,26,28,4416,9712
2023-03-14 10:52:53,25,28,4416,9712
2023-03-14 10:52:53,25,29,4416,9712
2023-03-14 10:52:54,26,29,4416,9712
2023-03-14 10:52:54,26,28,4416,9712
2023-03-14 10:52:58,26,29,4416,9712
2023-03-14 10:52:58,25,29,4416,9712
2023-03-14 10:52:58,26,29,4416,9712
2023-03-14 10:52:58,26,28,4416,9712
2023-03-14 10:53:04,25,28,4416,9712
2023-03-14 10:53:04,25,29,4416,9712
2023-03-14 10:53:11,25,27,4416,9712
2023-03-14 10:53:16,25,29,4416,9712
2023-03-14 10:53:16,26,29,4416,9712
2023-03-14 10:53:16,26,28,4416,9712
2023-03-14 10:53:21,25,28,4416,9712
2023-03-14 10:53:21,25,29,4416,9712
2023-03-14 10:53:27,25,27,4416,9712
2023-03-14 10:53:36,26,27,4416,9712
2023-03-14 10:53:39,26,27,4416,9716
2023-03-14 10:53:45,25,27,4416,9716
2023-03-14 10:53:46,26,27,4416,9716
2023-03-14 10:53:51,25,27,4416,9716
2023-03-14 10:53:51,26,27,4416,9716
2023-03-14 10:53:57,25,27,4416,9716
2023-03-14 10:53:57,25,29,4416,9716
2023-03-14 10:53:57,25,28,4416,9716
2023-03-14 10:54:02,25,29,4416,9716
2023-03-14 10:54:04,25,27,4416,9716
2023-03-14 10:54:05,27,29,4420,9720
2023-03-14 10:54:08,25,29,4426,9726
2023-03-14 10:54:08,25,28,4426,9726
2023-03-14 10:54:14,25,29,4426,9726
2023-03-14 10:54:15,26,29,4426,9726
2023-03-14 10:54:20,25,29,4426,9726
2023-03-14 10:54:20,26,29,4426,9726
2023-03-14 10:54:20,26,28,4426,9726
2023-03-14 10:54:43,25,28,4426,9726
2023-03-14 10:54:43,26,28,4426,9726
2023-03-14 10:54:48,26,27,4426,9726
2023-03-14 10:54:53,26,28,4426,9726
2023-03-14 10:54:58,26,28,4526,9826
2023-03-14 10:54:59,26,27,4526,9826
2023-03-14 10:55:05,25,27,4526,9826
2023-03-14 10:55:05,26,27,4526,9826
2023-03-14 10:55:20,25,27,4526,9826
2023-03-14 10:55:20,25,28,4526,9826
2023-03-14 10:55:20,25,27,4526,9826
2023-03-14 10:55:25,26,27,4526,9826
2023-03-14 10:55:28,26,28,4526,9826
2023-03-14 10:55:28,25,26,4526,9830
2023-03-14 10:55:45,25,26,4530,9834
2023-03-14 10:55:47,25,27,4530,9834
2023-03-14 10:55:47,25,26,4530,9834
2023-03-14 10:55:54,26,27,4534,9838
2023-03-14 10:55:54,26,28,4534,9838
2023-03-14 10:55:54,26,27,4534,9838
2023-03-14 10:56:03,26,28,4534,9838
2023-03-14 10:56:12,26,27,4534,9838
2023-03-14 10:56:28,26,28,4534,9838
2023-03-14 10:56:28,26,27,4534,9838
2023-03-14 10:56:28,26,27,4654,9958
2023-03-14 10:56:35,23,26,4830,10134
2023-03-14 10:56:49,21,26,4830,10134
2023-03-14 10:56:49,21,28,4830,10134
2023-03-14 10:56:49,24,28,4830,10134
2023-03-14 10:56:49,24,26,4830,10134
2023-03-14 10:57:09,23,26,4830,10134
2023-03-14 10:57:09,23,28,4830,10134
2023-03-14 10:57:09,24,28,4830,10134
2023-03-14 10:57:09,24,26,4830,10134
2023-03-14 10:57:29,22,26,4830,10134
2023-03-14 10:57:29,24,26,4830,10134
2023-03-14 10:57:38,22,26,4830,10134
2023-03-14 10:57:38,24,26,4830,10134
2023-03-14 10:57:51,21,26,4830,10134
2023-03-14 10:57:51,23,26,4830,10134
2023-03-14 10:58:04,22,26,4830,10134
2023-03-14 10:58:05,23,26,4830,10134
2023-03-14 10:58:08,24,26,4830,10134
2023-03-14 10:58:28,24,25,4830,10134
2023-03-14 10:58:29,23,25,4830,10134
2023-03-14 10:58:39,23,24,4830,10134
2023-03-14 10:58:45,20,24,4830,10134
2023-03-14 10:58:45,22,24,4830,10134
2023-03-14 10:58:57,22,23,4830,10134
2023-03-14 10:59:03,22,24,4830,10134
2023-03-14 10:59:03,21,24,4830,10134
2023-03-14 10:59:03,21,23,4830,10134
2023-03-14 10:59:09,21,22,4830,10134
2023-03-14 10:59:18,20,22,4834,10178
2023-03-14 10:59:28,20,21,4834,10178
2023-03-14 10:59:59,19,20,4839,10183
2023-03-14 11:00:06,18,20,4839,10183
2023-03-14 11:00:08,18,20,4843,10187
2023-03-14 11:00:17,16,20,4843,10187
2023-03-14 11:00:17,16,22,4843,10187
2023-03-14 11:00:17,17,22,4843,10187
2023-03-14 11:00:17,19,22,4843,10187
2023-03-14 11:00:17,19,21,4843,10187
2023-03-14 11:00:28,19,20,4843,10187
2023-03-14 11:00:31,18,20,4843,10187
2023-03-14 11:00:31,20,24,4839,10191
2023-03-14 11:00:31,20,22,4839,10191
2023-03-14 11:00:45,20,22,4849,10201
2023-03-14 11:00:47,19,22,4849,10201
2023-03-14 11:00:47,19,23,4849,10201
2023-03-14 11:00:48,19,21,4849,10201
2023-03-14 11:00:49,19,21,4845,10205
2023-03-14 11:00:53,19,23,4845,10205
2023-03-14 11:00:53,19,20,4845,10205
2023-03-14 11:00:57,18,20,4845,10205
2023-03-14 11:01:01,17,20,4845,10205
2023-03-14 11:01:01,17,23,4845,10205
2023-03-14 11:01:01,19,23,4845,10205
2023-03-14 11:01:01,19,21,4845,10205
2023-03-14 11:01:15,16,21,4845,10205
2023-03-14 11:01:16,16,22,4845,10205
2023-03-14 11:01:16,16,23,4845,10205
2023-03-14 11:01:16,18,23,4845,10205
2023-03-14 11:01:16,18,22,4845,10205
2023-03-14 11:01:16,18,20,4845,10205
2023-03-14 11:01:25,15,20,4845,10205
2023-03-14 11:01:25,12,20,4845,10205
2023-03-14 11:01:25,12,23,4845,10205
2023-03-14 11:01:25,12,22,4845,10205
2023-03-14 11:01:25,12,23,4845,10205
2023-03-14 11:01:25,20,23,4845,10205
2023-03-14 11:01:25,20,22,4845,10205
2023-03-14 11:01:40,21,22,4845,10205
2023-03-14 11:01:44,21,23,4845,10205
2023-03-14 11:01:49,21,22,4845,10205
2023-03-14 11:01:57,20,22,4845,10205
2023-03-14 11:01:58,20,21,4845,10205
2023-03-14 11:02:06,19,21,4845,10205
2023-03-14 11:02:06,19,23,4845,10205
2023-03-14 11:02:06,20,23,4845,10205
2023-03-14 11:02:06,20,22,4845,10205
2023-03-14 11:02:09,20,21,4845,10205
2023-03-14 11:02:20,20,22,4841,10209
2023-03-14 11:02:28,19,22,4841,10209
2023-03-14 11:02:28,20,22,4841,10209
2023-03-14 11:02:43,21,22,4841,10209
2023-03-14 11:02:59,21,23,4841,10209
2023-03-14 11:03:03,22,23,4841,10209
2023-03-14 11:03:09,22,23,4845,10213
2023-03-14 11:03:11,22,24,4845,10213
2023-03-14 11:03:11,19,24,4845,10213
2023-03-14 11:03:11,22,24,4845,10213
2023-03-14 11:03:22,15,24,4845,10213
2023-03-14 11:03:22,24,25,4835,10223
2023-03-14 11:03:28,24,26,4835,10223
2023-03-14 11:03:29,24,26,4831,10227
2023-03-14 11:03:32,24,25,4831,10227
2023-03-14 11:03:32,24,26,4831,10227
2023-03-14 11:03:49,24,26,4831,10231
2023-03-14 11:04:03,23,26,4831,10231
2023-03-14 11:04:03,24,26,4831,10231
2023-03-14 11:04:09,24,25,4831,10231
2023-03-14 11:04:16,23,25,4831,10231
2023-03-14 11:04:27,23,26,4831,10231
2023-03-14 11:04:27,23,25,4831,10231
2023-03-14 11:04:27,23,25,4951,10351
2023-03-14 11:04:29,23,25,4951,10355
2023-03-14 11:04:51,23,25,5151,10555
2023-03-14 11:04:51,23,24,5151,10555
2023-03-14 11:04:52,23,25,5151,10555
2023-03-14 11:05:05,23,25,5351,10755
2023-03-14 11:05:05,23,24,5351,10755
2023-03-14 11:05:05,20,23,5372,10776
2023-03-14 11:05:09,22,23,5372,10776
2023-03-14 11:05:24,21,23,5372,10776
2023-03-14 11:05:28,21,23,5376,10780
2023-03-14 11:05:41,19,23,5376,10780
2023-03-14 11:05:41,20,23,5376,10780
2023-03-14 11:05:41,22,23,5376,10780
2023-03-14 11:05:53,24,25,5372,10839
2023-03-14 11:06:07,22,25,5372,10839
2023-03-14 11:06:07,21,25,5372,10839
2023-03-14 11:06:07,21,26,5372,10839
2023-03-14 11:06:08,24,26,5372,10839
2023-03-14 11:06:29,24,28,5372,10839
2023-03-14 11:06:29,24,26,5372,10839
2023-03-14 11:06:51,25,26,5372,10839
2023-03-14 11:07:08,25,27,5372,10839
2023-03-14 11:07:09,25,26,5372,10839
2023-03-14 11:07:10,24,26,5372,10839
2023-03-14 11:07:11,24,25,5372,10839
2023-03-14 11:07:18,24,26,5372,10839
2023-03-14 11:07:26,24,28,5372,10839
2023-03-14 11:07:26,24,27,5372,10839
2023-03-14 11:07:29,24,26,5372,10839
2023-03-14 11:07:40,25,26,5372,10839
2023-03-14 11:07:49,25,27,5372,10839
2023-03-14 11:07:49,25,26,5372,10839
2023-03-14 11:08:04,25,27,5372,10839
2023-03-14 11:08:09,26,27,5372,10839
2023-03-14 11:08:23,26,28,5372,10839
2023-03-14 11:08:29,26,29,5372,10839
2023-03-14 11:08:29,26,27,5372,10839
2023-03-14 11:08:49,26,27,5372,10843
2023-03-14 11:08:49,26,27,5270,11043
2023-03-14 11:08:53,25,27,5270,11043
2023-03-14 11:08:53,24,27,5270,11043
2023-03-14 11:08:53,24,28,5270,11043
2023-03-14 11:08:53,24,29,5270,11043
2023-03-14 11:08:54,24,26,5270,11043
2023-03-14 11:09:09,25,26,5270,11043
2023-03-14 11:09:13,25,27,5270,11043
2023-03-14 11:09:19,25,26,5270,11043
2023-03-14 11:09:27,23,28,5270,11043
2023-03-14 11:09:27,23,26,5270,11043
2023-03-14 11:09:29,23,26,5270,11047
2023-03-14 11:09:41,21,26,5270,11047
2023-03-14 11:09:41,21,28,5270,11047
2023-03-14 11:09:41,24,28,5270,11047
2023-03-14 11:09:41,24,26,5270,11047
2023-03-14 11:09:49,25,26,5270,11047
2023-03-14 11:09:49,25,27,5270,11047
2023-03-14 11:09:50,25,26,5270,11047
2023-03-14 11:09:56,25,27,5270,11047
2023-03-14 11:09:56,23,25,5274,11051
2023-03-14 11:10:01,24,25,5274,11051
2023-03-14 11:10:09,24,25,5278,11055
2023-03-14 11:10:11,21,25,5278,11055
2023-03-14 11:10:11,21,27,5278,11055
2023-03-14 11:10:11,23,27,5278,11055
2023-03-14 11:10:11,23,26,5278,11055
2023-03-14 11:10:13,24,26,5278,11055
2023-03-14 11:10:20,24,27,5278,11055
2023-03-14 11:10:21,24,26,5278,11055
2023-03-14 11:10:27,24,28,5278,11055
2023-03-14 11:10:27,24,26,5278,11055
2023-03-14 11:10:29,24,25,5278,11055
2023-03-14 11:10:32,23,25,5278,11055
2023-03-14 11:10:40,24,25,5278,11055
2023-03-14 11:10:43,24,27,5278,11055
2023-03-14 11:10:48,22,27,5278,11055
2023-03-14 11:10:48,22,28,5278,11055
2023-03-14 11:10:48,24,28,5278,11055
2023-03-14 11:10:48,24,26,5278,11055
2023-03-14 11:10:49,24,25,5278,11055
2023-03-14 11:11:35,24,26,5273,11060
2023-03-14 11:11:49,24,25,5273,11060
2023-03-14 11:11:55,23,25,5273,11060
2023-03-14 11:11:55,24,25,5273,11060
2023-03-14 11:12:09,24,26,5273,11060
2023-03-14 11:12:20,24,25,5273,11060
2023-03-14 11:12:22,24,26,5273,11061
2023-03-14 11:12:26,22,27,5273,11061
2023-03-14 11:12:26,22,29,5273,11061
2023-03-14 11:12:26,24,29,5273,11061
2023-03-14 11:12:26,24,26,5273,11061
2023-03-14 11:13:06,25,26,5273,11061
2023-03-14 11:13:24,25,28,5273,11063
2023-03-14 11:13:29,25,27,5273,11063
2023-03-14 11:14:04,25,26,5273,11063
2023-03-14 11:14:12,25,26,5273,11177
2023-03-14 11:14:17,25,27,5273,11177
2023-03-14 11:14:28,25,28,5273,11177
2023-03-14 11:14:29,25,27,5273,11177
2023-03-14 11:14:48,24,27,5273,11177
2023-03-14 11:14:48,24,29,5273,11177
2023-03-14 11:14:48,25,29,5273,11177
2023-03-14 11:14:48,25,27,5273,11177
2023-03-14 11:15:04,26,27,5273,11177
2023-03-14 11:15:35,25,27,5273,11177
2023-03-14 11:15:42,27,29,5269,11181
2023-03-14 11:15:49,27,28,5269,11181
2023-03-14 11:15:49,26,28,5269,11181
2023-03-14 11:16:03,26,27,5269,11181
2023-03-14 11:16:09,26,27,5273,11185
2023-03-14 11:16:14,25,27,5273,11185
2023-03-14 11:16:14,24,27,5273,11185
2023-03-14 11:16:14,24,29,5273,11185
2023-03-14 11:16:14,26,29,5273,11185
2023-03-14 11:16:14,26,28,5273,11185
2023-03-14 11:16:26,27,28,5273,11185
2023-03-14 11:16:45,27,29,5273,11185
2023-03-14 11:16:49,27,28,5273,11185
2023-03-14 11:17:06,28,29,5273,11185
2023-03-14 11:17:23,27,29,5273,11185
2023-03-14 11:17:34,28,29,5273,11185
2023-03-14 11:17:45,27,29,5273,11185
2023-03-14 11:18:09,27,28,5273,11185
2023-03-14 11:18:15,27,29,5273,11185
2023-03-14 11:18:26,25,29,5273,11185
2023-03-14 11:18:26,26,29,5273,11185
2023-03-14 11:18:26,26,28,5273,11185
2023-03-14 11:18:29,27,28,5273,11185
2023-03-14 11:18:32,27,29,5273,11185
2023-03-14 11:18:33,28,29,5273,11185
2023-03-14 11:18:37,27,29,5273,11185
2023-03-14 11:18:37,28,29,5273,11185
2023-03-14 11:18:46,27,29,5273,11185
2023-03-14 11:18:46,28,29,5273,11185
2023-03-14 11:18:51,28,29,5263,11225
2023-03-14 11:18:56,30,31,5259,11229
2023-03-14 11:19:06,28,31,5259,11229
2023-03-14 11:19:06,31,32,5259,11357
2023-03-14 11:19:07,31,33,5259,11357
2023-03-14 11:19:09,31,33,5259,11361
2023-03-14 11:19:13,28,31,5259,11389
2023-03-14 11:19:16,27,31,5259,11389
2023-03-14 11:19:17,28,31,5259,11389
2023-03-14 11:19:17,28,35,5259,11389
2023-03-14 11:19:18,28,34,5259,11389
2023-03-14 11:19:20,31,34,5259,11389
2023-03-14 11:19:20,33,34,5259,11389
2023-03-14 11:19:21,33,34,5259,11414
2023-03-14 11:19:21,33,35,5259,11414
2023-03-14 11:19:21,33,34,5259,11439
2023-03-14 11:19:21,33,34,5259,11454
2023-03-14 11:19:21,31,33,5259,11469
2023-03-14 11:19:22,31,32,5259,11469
2023-03-14 11:19:27,31,33,5259,11469
2023-03-14 11:19:29,31,33,5259,11473
2023-03-14 11:19:30,31,33,5259,11673
2023-03-14 11:19:30,31,32,5259,11673
2023-03-14 11:19:32,31,32,5259,11827
2023-03-14 11:19:33,31,33,5259,11827
2023-03-14 11:19:34,31,33,5259,12027
2023-03-14 11:19:35,28,33,5259,12027
2023-03-14 11:19:36,28,31,5259,12027
2023-03-14 11:19:41,28,30,5259,12027
2023-03-14 11:19:48,27,30,5259,12027
2023-03-14 11:19:48,25,30,5259,12027
2023-03-14 11:19:48,25,31,5259,12027
2023-03-14 11:19:48,25,32,5259,12027
2023-03-14 11:19:48,25,31,5259,12027
2023-03-14 11:19:48,28,31,5259,12027
2023-03-14 11:19:48,28,30,5259,12027
2023-03-14 11:19:49,29,30,5259,12027
2023-03-14 11:19:53,28,29,5259,12031
2023-03-14 11:19:53,28,29,5259,12159
2023-03-14 11:20:05,28,33,5259,12159
2023-03-14 11:20:05,28,32,5259,12159
2023-03-14 11:20:05,28,30,5259,12159
2023-03-14 11:20:12,26,28,5259,12163
2023-03-14 11:20:13,26,30,5259,12239
2023-03-14 11:20:22,26,28,5259,12239
2023-03-14 11:20:29,27,28,5259,12239
2023-03-14 11:20:43,27,29,5259,12239
2023-03-14 11:20:43,25,27,5263,12243
2023-03-14 11:20:44,25,29,5263,12279
2023-03-14 11:20:47,27,29,5263,12279
2023-03-14 11:20:51,27,28,5263,12279
2023-03-14 11:20:56,26,27,5267,12283
2023-03-14 11:21:01,26,29,5267,12283
2023-03-14 11:21:01,26,27,5267,12283
2023-03-14 11:21:06,26,29,5267,12283
2023-03-14 11:21:07,26,27,5267,12283
2023-03-14 11:21:27,26,30,5267,12283
2023-03-14 11:21:27,26,28,5267,12283
2023-03-14 11:21:29,26,28,5263,12287
2023-03-14 11:21:31,25,28,5263,12287
2023-03-14 11:21:35,25,30,5263,12287
2023-03-14 11:21:35,26,30,5263,12287
2023-03-14 11:21:35,26,28,5263,12287
2023-03-14 11:21:40,26,30,5263,12287
2023-03-14 11:21:40,26,28,5263,12287
2023-03-14 11:21:55,27,28,5263,12287
2023-03-14 11:22:02,26,28,5263,12287
2023-03-14 11:22:02,26,32,5259,12331
2023-03-14 11:22:02,26,31,5259,12331
2023-03-14 11:22:09,27,31,5259,12331
2023-03-14 11:22:09,27,29,5259,12331
2023-03-14 11:22:17,27,29,5419,12491
2023-03-14 11:22:25,27,32,5419,12491
2023-03-14 11:22:25,27,30,5419,12491
2023-03-14 11:22:25,27,28,5419,12491
2023-03-14 11:22:29,27,28,5423,12495
2023-03-14 11:22:36,27,30,5423,12495
2023-03-14 11:22:36,27,30,5623,12695
2023-03-14 11:22:36,27,29,5623,12695
2023-03-14 11:22:43,27,30,5623,12695
2023-03-14 11:22:43,27,28,5623,12695
2023-03-14 11:22:44,27,28,5626,12698
2023-03-14 11:22:56,28,32,5622,12702
2023-03-14 11:22:56,28,31,5622,12702
2023-03-14 11:22:56,28,30,5622,12702
2023-03-14 11:23:07,27,30,5622,12702
2023-03-14 11:23:07,27,32,5622,12702
2023-03-14 11:23:09,27,29,5622,12702
2023-03-14 11:23:29,27,32,5622,12702
2023-03-14 11:23:29,27,29,5622,12702
2023-03-14 11:23:33,28,29,5622,12702
2023-03-14 11:23:49,28,32,5622,12702
2023-03-14 11:23:49,28,29,5622,12702
2023-03-14 11:23:52,28,29,5502,12822
2023-03-14 11:24:09,28,32,5502,12822
2023-03-14 11:24:09,28,29,5502,12822
2023-03-14 11:24:29,28,32,5502,12822
2023-03-14 11:24:29,28,30,5502,12822
2023-03-14 11:24:50,28,33,5502,12822
2023-03-14 11:24:50,28,30,5502,12822
2023-03-14 11:25:09,27,32,5502,12822
2023-03-14 11:25:09,27,29,5502,12822
2023-03-14 11:25:28,27,32,5502,12822
2023-03-14 11:25:29,27,31,5502,12822
2023-03-14 11:25:29,27,29,5502,12822
2023-03-14 11:25:39,27,32,5498,12826
2023-03-14 11:25:39,27,33,5498,12826
2023-03-14 11:25:47,27,35,5498,13019
2023-03-14 11:25:47,27,34,5498,13019
2023-03-14 11:25:49,29,34,5498,13019
2023-03-14 11:25:49,29,31,5498,13019
2023-03-14 11:26:05,27,34,5498,13019
2023-03-14 11:26:06,27,35,5498,13019
2023-03-14 11:26:08,31,35,5498,13019
2023-03-14 11:26:12,31,32,5498,13019
2023-03-14 11:26:12,30,32,5498,13019
2023-03-14 11:26:13,30,35,5498,13023
2023-03-14 11:26:31,30,32,5498,13023
2023-03-14 11:26:47,28,34,5498,13023
2023-03-14 11:26:47,28,35,5498,13023
2023-03-14 11:26:50,29,35,5498,13023
2023-03-14 11:26:50,29,33,5498,13023
2023-03-14 11:26:50,29,31,5498,13023
2023-03-14 11:27:09,28,33,5498,13023
2023-03-14 11:27:09,28,30,5498,13023
2023-03-14 11:27:26,27,30,5498,13023
2023-03-14 11:27:26,27,31,5498,13223
2023-03-14 11:27:26,28,31,5498,13223
2023-03-14 11:27:27,28,30,5498,13223
2023-03-14 11:27:31,31,33,5498,13287
2023-03-14 11:27:31,28,33,5498,13343
2023-03-14 11:27:31,28,31,5498,13343
2023-03-14 11:27:31,28,29,5498,13343
2023-03-14 11:27:31,28,31,5498,13343
2023-03-14 11:27:40,30,31,5498,13343
2023-03-14 11:28:01,31,32,5498,13347
2023-03-14 11:28:06,31,33,5498,13347
2023-03-14 11:28:06,25,33,5498,13347
2023-03-14 11:28:06,25,37,5498,13347
2023-03-14 11:28:07,29,37,5498,13347
2023-03-14 11:28:07,29,36,5498,13347
2023-03-14 11:28:07,29,33,5498,13347
2023-03-14 11:28:07,29,33,5498,13406
2023-03-14 11:28:07,29,32,5498,13406
2023-03-14 11:28:07,29,30,5498,13406
2023-03-14 11:28:07,26,28,5498,13475
2023-03-14 11:28:08,26,30,5498,13526
2023-03-14 11:28:08,26,29,5498,13526
2023-03-14 11:28:08,26,30,5498,13526
2023-03-14 11:28:09,26,30,5498,13530
2023-03-14 11:28:16,25,30,5498,13530
2023-03-14 11:28:16,26,30,5498,13530
2023-03-14 11:28:16,26,28,5498,13530
2023-03-14 11:28:23,26,28,5398,13630
2023-03-14 11:28:29,26,28,5398,13634
2023-03-14 11:28:31,25,28,5398,13634
2023-03-14 11:28:31,25,30,5398,13634
2023-03-14 11:28:31,27,30,5398,13634
2023-03-14 11:28:49,27,29,5398,13634
2023-03-14 11:28:54,30,31,5398,13638
2023-03-14 11:28:55,28,31,5398,13674
2023-03-14 11:28:55,28,30,5398,13674
2023-03-14 11:29:04,27,30,5398,13674
2023-03-14 11:29:04,28,30,5398,13674
2023-03-14 11:29:09,28,29,5398,13674
2023-03-14 11:29:11,27,29,5398,13674
2023-03-14 11:29:11,28,29,5398,13674
2023-03-14 11:29:16,27,29,5398,13674
2023-03-14 11:29:26,27,30,5398,13674
2023-03-14 11:29:26,28,30,5398,13674
2023-03-14 11:29:29,29,30,5398,13674
2023-03-14 11:29:38,30,31,5398,13710
2023-03-14 11:29:38,30,31,5398,13730
2023-03-14 11:29:47,30,31,5398,13762
2023-03-14 11:29:47,30,31,5398,13769
2023-03-14 11:29:53,30,31,5398,13773
2023-03-14 11:29:58,28,31,5398,13773
2023-03-14 11:29:58,27,31,5398,13773
2023-03-14 11:29:58,27,28,5398,13773
2023-03-14 11:30:10,27,28,5402,13777
2023-03-14 11:30:10,27,30,5402,13777
2023-03-14 11:30:20,25,30,5402,13777
2023-03-14 11:30:29,26,32,5402,13777
2023-03-14 11:30:29,26,28,5402,13777
2023-03-14 11:30:37,26,32,5398,13781
2023-03-14 11:30:37,27,32,5398,13781
2023-03-14 11:30:45,26,32,5398,13781
2023-03-14 11:30:49,27,32,5398,13781
2023-03-14 11:30:49,27,29,5398,13781
2023-03-14 11:31:06,28,32,5398,13781
2023-03-14 11:31:09,29,32,5398,13781
2023-03-14 11:31:09,29,31,5398,13781
2023-03-14 11:31:26,25,33,5398,13781
2023-03-14 11:31:26,25,32,5398,13781
2023-03-14 11:31:29,28,32,5398,13781
2023-03-14 11:31:29,28,30,5398,13781
2023-03-14 11:31:44,25,32,5398,13781
2023-03-14 11:31:46,28,32,5398,13781
2023-03-14 11:31:49,28,30,5398,13781
2023-03-14 11:32:09,28,32,5398,13781
2023-03-14 11:32:09,28,30,5398,13781
2023-03-14 11:32:13,29,30,5398,13781
2023-03-14 11:32:16,28,30,5398,13781
2023-03-14 11:32:26,25,33,5398,13781
2023-03-14 11:32:26,25,32,5398,13781
2023-03-14 11:32:29,29,32,5398,13781
2023-03-14 11:32:29,29,31,5398,13781
2023-03-14 11:32:46,25,32,5398,13781
2023-03-14 11:32:49,29,32,5398,13781
2023-03-14 11:32:49,29,31,5398,13781
2023-03-14 11:32:52,30,31,5398,13781
2023-03-14 11:33:00,29,31,5398,13781
2023-03-14 11:33:06,25,33,5398,13781
2023-03-14 11:33:09,30,33,5398,13781
2023-03-14 11:33:09,30,32,5398,13781
2023-03-14 11:33:26,30,33,5398,13781
2023-03-14 11:33:29,30,32,5398,13781
2023-03-14 11:33:48,30,33,5398,13781
2023-03-14 11:33:49,30,32,5398,13781
2023-03-14 11:34:04,25,33,5398,13781
2023-03-14 11:34:09,29,33,5398,13781
2023-03-14 11:34:09,29,31,5398,13781
2023-03-14 11:34:29,25,33,5398,13781
2023-03-14 11:34:29,28,33,5398,13781
2023-03-14 11:34:29,28,30,5398,13781
2023-03-14 11:34:49,27,31,5398,13781
2023-03-14 11:34:49,27,29,5398,13781
2023-03-14 11:35:08,25,30,5398,13781
2023-03-14 11:35:09,27,30,5398,13781
2023-03-14 11:35:10,27,29,5398,13781
2023-03-14 11:35:24,25,33,5398,13781
2023-03-14 11:35:29,28,33,5398,13781
2023-03-14 11:35:29,28,30,5398,13781
2023-03-14 11:35:49,28,31,5398,13781
2023-03-14 11:35:49,28,30,5398,13781
2023-03-14 11:36:09,27,31,5398,13781
2023-03-14 11:36:09,27,29,5398,13781
2023-03-14 11:36:29,27,30,5398,13781
2023-03-14 11:36:29,27,29,5398,13781
2023-03-14 11:36:46,25,30,5398,13781
2023-03-14 11:36:46,25,29,5398,13781
2023-03-14 11:36:49,26,29,5398,13781
2023-03-14 11:36:49,26,28,5398,13781
2023-03-14 11:37:08,25,29,5398,13781
2023-03-14 11:37:09,26,29,5398,13781
2023-03-14 11:37:10,26,28,5398,13781
2023-03-14 11:37:25,26,31,5398,13781
2023-03-14 11:37:29,28,31,5398,13781
2023-03-14 11:37:29,28,30,5398,13781
2023-03-14 11:37:49,28,31,5398,13781
2023-03-14 11:37:49,28,30,5398,13781
2023-03-14 11:38:05,28,32,5398,13781
2023-03-14 11:38:07,26,32,5398,13781
2023-03-14 11:38:09,28,32,5398,13781
2023-03-14 11:38:10,28,30,5398,13781
2023-03-14 11:38:25,26,33,5398,13781
2023-03-14 11:38:29,29,33,5398,13781
2023-03-14 11:38:29,29,31,5398,13781
2023-03-14 11:38:49,29,33,5398,13781
2023-03-14 11:38:49,29,31,5398,13781
2023-03-14 11:39:09,29,33,5398,13781
2023-03-14 11:39:10,29,31,5398,13781
2023-03-14 11:39:25,29,33,5398,13781
2023-03-14 11:39:29,29,31,5398,13781
2023-03-14 11:39:49,29,33,5398,13781
2023-03-14 11:39:49,29,31,5398,13781
2023-03-14 11:40:09,30,33,5398,13781
2023-03-14 11:40:09,30,32,5398,13781
2023-03-14 11:40:24,29,33,5398,13781
2023-03-14 11:40:29,30,33,5398,13781
2023-03-14 11:40:30,30,32,5398,13781
2023-03-14 11:40:45,29,33,5398,13781
2023-03-14 11:40:47,26,33,5398,13781
2023-03-14 11:40:49,29,33,5398,13781
2023-03-14 11:40:49,29,31,5398,13781
2023-03-14 11:41:05,26,33,5398,13781
2023-03-14 11:41:09,29,33,5398,13781
2023-03-14 11:41:09,29,31,5398,13781
2023-03-14 11:41:24,27,31,5398,13781
2023-03-14 11:41:29,28,31,5398,13781
2023-03-14 11:41:29,28,30,5398,13781
2023-03-14 11:41:49,26,33,5398,13781
2023-03-14 11:41:49,28,33,5398,13781
2023-03-14 11:41:49,28,30,5398,13781
2023-03-14 11:42:07,25,31,5398,13781
2023-03-14 11:42:09,27,31,5398,13781
2023-03-14 11:42:09,27,29,5398,13781
2023-03-14 11:42:29,27,31,5398,13781
2023-03-14 11:42:29,27,29,5398,13781
2023-03-14 11:43:05,25,29,5398,13781
2023-03-14 11:43:09,26,29,5398,13781
2023-03-14 11:43:09,26,28,5398,13781
2023-03-14 11:43:29,27,29,5398,13781
2023-03-14 11:43:49,26,29,5398,13781
2023-03-14 11:43:49,26,28,5398,13781
2023-03-14 11:44:09,26,29,5398,13781
2023-03-14 11:44:10,26,28,5398,13781
2023-03-14 11:44:29,27,29,5398,13781
2023-03-14 11:44:39,27,29,5399,13782
2023-03-14 11:44:58,27,28,5399,13782
2023-03-14 11:45:29,26,28,5399,13782
2023-03-14 11:45:39,26,27,5399,13782
2023-03-14 11:45:44,19,28,5399,13782
2023-03-14 11:45:48,26,28,5399,13782
2023-03-14 11:45:50,26,27,5399,13782
2023-03-14 11:45:55,26,27,5403,13786
2023-03-14 11:46:10,26,28,5403,13786
2023-03-14 11:46:10,26,28,5406,13790
2023-03-14 11:46:11,26,27,5406,13790
2023-03-14 11:46:25,26,28,5406,13790
2023-03-14 11:46:29,26,27,5406,13790
2023-03-14 11:47:03,26,27,5410,13794
2023-03-14 11:47:03,24,26,5449,13836
2023-03-14 11:47:03,26,27,5449,13840
2023-03-14 11:47:03,26,27,5449,13882
2023-03-14 11:47:04,26,27,5449,13886
2023-03-14 11:47:07,24,27,5449,13886
2023-03-14 11:47:08,26,27,5449,13886
2023-03-14 11:47:17,25,27,5449,13886
2023-03-14 11:47:17,25,26,5449,13886
2023-03-14 11:47:22,24,25,5453,13890
2023-03-14 11:47:28,23,25,5453,13890
2023-03-14 11:47:28,22,25,5453,13890
2023-03-14 11:47:28,22,27,5453,13890
2023-03-14 11:47:28,25,27,5453,13890
2023-03-14 11:47:29,25,26,5453,13890
2023-03-14 11:47:39,24,26,5453,13890
2023-03-14 11:47:39,22,24,5457,13894
2023-03-14 11:47:49,22,23,5457,13894
2023-03-14 11:48:09,22,24,5457,13894
2023-03-14 11:48:09,22,23,5457,13894
2023-03-14 11:48:24,22,25,5457,13894
2023-03-14 11:48:24,22,23,5457,13894
2023-03-14 11:48:32,22,23,5457,13924
2023-03-14 11:48:34,21,23,5457,13924
2023-03-14 11:48:38,21,25,5453,14048
2023-03-14 11:48:45,17,25,5453,14048
2023-03-14 11:48:45,17,26,5453,14048
2023-03-14 11:48:45,17,27,5453,14048
2023-03-14 11:48:45,18,27,5453,14048
2023-03-14 11:48:45,19,27,5453,14048
2023-03-14 11:48:45,21,27,5453,14048
2023-03-14 11:48:45,21,23,5453,14048
2023-03-14 11:48:49,22,23,5453,14048
2023-03-14 11:48:51,22,24,5453,14048
2023-03-14 11:48:51,22,23,5453,14048
2023-03-14 11:48:56,22,24,5453,14048
2023-03-14 11:48:56,22,23,5453,14048
2023-03-14 11:49:10,21,23,5457,14052
2023-03-14 11:49:11,19,23,5457,14052
2023-03-14 11:49:11,19,25,5457,14052
2023-03-14 11:49:11,20,25,5457,14052
2023-03-14 11:49:11,22,25,5457,14052
2023-03-14 11:49:11,22,24,5457,14052
2023-03-14 11:49:16,20,24,5457,14052
2023-03-14 11:49:16,22,24,5457,14052
2023-03-14 11:49:23,20,24,5457,14052
2023-03-14 11:49:23,20,22,5457,14052
2023-03-14 11:49:27,19,22,5457,14052
2023-03-14 11:49:28,17,22,5457,14052
2023-03-14 11:49:28,17,24,5457,14052
2023-03-14 11:49:29,22,24,5457,14052
2023-03-14 11:49:29,22,24,5453,14056
2023-03-14 11:49:38,22,23,5453,14056
2023-03-14 11:49:38,20,23,5453,14056
2023-03-14 11:49:39,20,22,5453,14056
2023-03-14 11:49:49,21,22,5453,14056
2023-03-14 11:50:03,21,23,5453,14056
2023-03-14 11:50:03,21,22,5453,14056
2023-03-14 11:50:09,19,22,5457,14060
2023-03-14 11:50:16,19,23,5457,14060
2023-03-14 11:50:16,19,21,5457,14060
2023-03-14 11:50:17,21,23,5457,14135
2023-03-14 11:50:25,21,23,5457,14160
2023-03-14 11:50:32,21,23,5457,14185
2023-03-14 11:50:38,22,23,5457,14185
2023-03-14 11:50:46,20,24,5457,14185
2023-03-14 11:50:46,22,24,5457,14185
2023-03-14 11:50:49,22,23,5457,14185
2023-03-14 11:50:53,21,23,5457,14185
2023-03-14 11:50:53,22,23,5457,14185
2023-03-14 11:51:00,21,23,5457,14185
2023-03-14 11:51:00,23,24,5453,14189
2023-03-14 11:51:15,22,24,5453,14189
2023-03-14 11:51:23,22,23,5453,14189
2023-03-14 11:51:29,20,23,5453,14189
2023-03-14 11:51:29,20,25,5453,14189
2023-03-14 11:51:29,21,25,5453,14189
2023-03-14 11:51:29,21,23,5453,14189
2023-03-14 11:51:29,21,23,5457,14193
2023-03-14 11:51:42,20,23,5457,14193
2023-03-14 11:51:42,20,25,5457,14193
2023-03-14 11:51:42,21,25,5457,14193
2023-03-14 11:51:42,21,24,5457,14193
2023-03-14 11:51:49,22,24,5457,14193
2023-03-14 11:52:05,20,24,5457,14193
2023-03-14 11:52:05,20,25,5457,14193
2023-03-14 11:52:05,21,25,5457,14193
2023-03-14 11:52:05,21,24,5457,14193
2023-03-14 11:52:09,23,24,5457,14193
2023-03-14 11:52:19,23,25,5457,14193
2023-03-14 11:52:19,23,24,5457,14193
2023-03-14 11:52:47,22,26,5457,14193
2023-03-14 11:52:47,22,24,5457,14193
2023-03-14 11:52:49,23,24,5457,14193
2023-03-14 11:53:01,23,25,5457,14193
2023-03-14 11:53:01,23,24,5457,14193
2023-03-14 11:53:06,22,24,5457,14193
2023-03-14 11:53:06,22,26,5457,14193
2023-03-14 11:53:06,22,25,5457,14193
2023-03-14 11:53:06,22,23,5457,14193
2023-03-14 11:53:07,22,25,5457,14218
2023-03-14 11:53:07,23,25,5457,14218
2023-03-14 11:53:09,24,25,5457,14218
2023-03-14 11:53:13,24,26,5457,14218
2023-03-14 11:53:13,22,24,5461,14222
2023-03-14 11:53:29,23,24,5461,14222
2023-03-14 11:53:32,23,25,5461,14222
2023-03-14 11:53:33,23,24,5461,14222
2023-03-14 11:53:39,23,25,5461,14222
2023-03-14 11:53:49,22,26,5461,14222
2023-03-14 11:53:50,22,24,5461,14222
2023-03-14 11:54:09,22,26,5461,14222
2023-03-14 11:54:09,22,23,5461,14222
2023-03-14 11:54:10,21,23,5461,14222
2023-03-14 11:54:24,20,25,5461,14222
2023-03-14 11:54:25,20,26,5461,14222
2023-03-14 11:54:29,22,26,5461,14222
2023-03-14 11:54:29,22,24,5461,14222
2023-03-14 11:54:49,23,25,5461,14222
2023-03-14 11:55:09,22,25,5461,14222
2023-03-14 11:55:10,22,24,5461,14222
2023-03-14 11:55:29,22,25,5461,14222
2023-03-14 11:55:29,22,24,5461,14222
2023-03-14 11:55:44,21,24,5461,14222
2023-03-14 11:55:50,21,23,5461,14222
2023-03-14 11:56:09,21,24,5461,14222
2023-03-14 11:56:09,22,24,5461,14222
2023-03-14 11:56:29,21,24,5461,14222
2023-03-14 11:56:30,21,23,5461,14222
2023-03-14 11:56:49,21,24,5461,14222
2023-03-14 11:56:49,21,23,5461,14222
2023-03-14 11:57:05,21,25,5461,14222
2023-03-14 11:57:05,21,26,5461,14222
2023-03-14 11:57:10,21,23,5461,14222
2023-03-14 11:57:29,21,24,5461,14222
2023-03-14 11:57:29,21,23,5461,14222
2023-03-14 11:57:49,19,24,5461,14222
2023-03-14 11:57:49,19,23,5461,14222
2023-03-14 11:57:50,20,23,5461,14222
2023-03-14 11:57:50,20,22,5461,14222
2023-03-14 11:58:09,19,23,5461,14222
2023-03-14 11:58:10,19,21,5461,14222
2023-03-14 11:58:29,20,22,5461,14222
2023-03-14 11:58:49,20,23,5461,14222
2023-03-14 11:58:50,20,22,5461,14222
2023-03-14 11:59:04,18,22,5461,14222
2023-03-14 11:59:09,20,22,5461,14222
2023-03-14 11:59:29,19,22,5461,14222
2023-03-14 11:59:30,19,21,5461,14222
2023-03-14 11:59:45,19,22,5461,14222
2023-03-14 11:59:50,19,21,5461,14222
2023-03-14 12:00:05,19,22,5461,14222
2023-03-14 12:00:23,19,23,5461,14222
2023-03-14 12:01:03,19,24,5461,14222
2023-03-14 12:01:03,20,24,5461,14222
2023-03-14 12:01:31,20,22,5461,14222
2023-03-14 12:01:34,21,22,5461,14222
2023-03-14 12:01:49,20,25,5461,14222
2023-03-14 12:01:51,20,21,5461,14222
2023-03-14 12:01:55,21,25,5457,14226
2023-03-14 12:02:05,19,25,5457,14226
2023-03-14 12:02:05,19,23,5457,14226
2023-03-14 12:02:11,20,23,5457,14226
2023-03-14 12:02:11,20,22,5457,14226
2023-03-14 12:02:31,20,23,5457,14226
2023-03-14 12:02:31,20,22,5457,14226
2023-03-14 12:02:48,19,22,5457,14226
2023-03-14 12:02:51,20,22,5457,14226
2023-03-14 12:03:11,19,22,5457,14226
2023-03-14 12:03:11,19,21,5457,14226
2023-03-14 12:03:30,14,22,5457,14226
2023-03-14 12:03:31,18,22,5457,14226
2023-03-14 12:03:31,18,20,5457,14226
2023-03-14 12:03:47,14,22,5457,14226
2023-03-14 12:03:51,17,22,5457,14226
2023-03-14 12:03:51,17,19,5457,14226
2023-03-14 12:04:11,17,22,5457,14226
2023-03-14 12:04:11,17,19,5457,14226
2023-03-14 12:04:31,17,20,5457,14226
2023-03-14 12:04:31,17,19,5457,14226
2023-03-14 12:04:51,17,20,5457,14226
2023-03-14 12:04:51,17,19,5457,14226
2023-03-14 12:05:11,17,20,5457,14226
2023-03-14 12:05:11,17,19,5457,14226
2023-03-14 12:05:31,17,20,5457,14226
2023-03-14 12:05:31,17,19,5457,14226
2023-03-14 12:05:51,16,19,5457,14226
2023-03-14 12:05:51,16,18,5457,14226
2023-03-14 12:06:12,16,19,5457,14226
2023-03-14 12:06:12,16,17,5457,14226
2023-03-14 12:06:23,15,17,5457,14226
2023-03-14 12:06:31,15,16,5457,14226
2023-03-14 12:06:51,15,17,5457,14226
2023-03-14 12:07:19,15,16,5457,14226
2023-03-14 12:07:27,15,17,5457,14226
2023-03-14 12:07:28,15,16,5457,14226
2023-03-14 12:07:33,15,17,5457,14226
2023-03-14 12:07:34,15,16,5457,14226
2023-03-14 12:07:34,15,16,5457,14239
2023-03-14 12:07:48,15,17,5457,14239
2023-03-14 12:08:11,15,16,5457,14239
2023-03-14 12:08:27,15,17,5457,14239
2023-03-14 12:08:31,15,16,5457,14239
2023-03-14 12:08:40,16,17,5453,14243
2023-03-14 12:09:31,17,20,5353,14343
2023-03-14 12:09:31,17,19,5353,14343
2023-03-14 12:09:46,17,20,5353,14343
2023-03-14 12:09:46,17,19,5353,14343
2023-03-14 12:09:51,18,19,5353,14343
2023-03-14 12:10:19,18,20,5353,14343
2023-03-14 12:10:31,19,20,5353,14343
2023-03-14 12:11:28,18,20,5353,14343
2023-03-14 12:11:29,19,20,5353,14343
2023-03-14 12:11:52,18,20,5353,14343
2023-03-14 12:12:11,19,20,5353,14343
2023-03-14 12:12:30,18,20,5353,14343
2023-03-14 12:12:31,19,20,5353,14343
2023-03-14 12:12:51,19,20,5357,14347
2023-03-14 12:12:59,18,20,5357,14347
2023-03-14 12:12:59,19,20,5357,14347
2023-03-14 12:13:17,19,20,5357,14441
2023-03-14 12:13:20,19,21,5357,14443
2023-03-14 12:13:30,19,22,5357,14443
2023-03-14 12:13:30,19,23,5357,14443
2023-03-14 12:13:31,19,22,5357,14443
2023-03-14 12:13:31,20,22,5357,14443
2023-03-14 12:13:31,20,23,5357,14443
2023-03-14 12:13:31,20,22,5357,14443
2023-03-14 12:13:51,20,21,5357,14443
2023-03-14 12:13:56,19,21,5357,14443
2023-03-14 12:14:11,20,22,5357,14443
2023-03-14 12:14:29,19,22,5357,14443
2023-03-14 12:14:29,19,23,5357,14443
2023-03-14 12:14:29,19,21,5357,14443
2023-03-14 12:14:51,19,22,5357,14443
2023-03-14 12:14:51,19,21,5357,14443
2023-03-14 12:14:54,20,21,5357,14443
2023-03-14 12:15:06,20,22,5357,14443
2023-03-14 12:15:11,20,21,5357,14443
2023-03-14 12:15:18,19,21,5357,14443
2023-03-14 12:15:30,18,21,5357,14443
2023-03-14 12:15:30,18,22,5357,14443
2023-03-14 12:15:30,19,22,5357,14443
2023-03-14 12:15:30,19,21,5357,14443
2023-03-14 12:15:31,20,21,5357,14443
2023-03-14 12:15:44,20,22,5357,14443
2023-03-14 12:15:51,20,21,5357,14443
2023-03-14 12:16:11,20,22,5357,14443
2023-03-14 12:16:11,20,22,5353,14447
2023-03-14 12:16:13,20,21,5353,14447
2023-03-14 12:16:18,18,21,5353,14447
2023-03-14 12:16:18,18,20,5353,14447
2023-03-14 12:16:39,18,19,5353,14447
2023-03-14 12:16:51,17,19,5353,14447
2023-03-14 12:17:11,18,20,5353,14447
2023-03-14 12:17:28,17,20,5353,14447
2023-03-14 12:17:28,17,21,5353,14447
2023-03-14 12:17:28,18,21,5353,14447
2023-03-14 12:17:28,18,20,5353,14447
2023-03-14 12:17:31,19,20,5353,14447
2023-03-14 12:17:40,19,21,5353,14447
2023-03-14 12:17:50,17,21,5353,14447
2023-03-14 12:17:50,18,21,5353,14447
2023-03-14 12:17:51,18,20,5353,14447
2023-03-14 12:18:11,18,20,5349,14451
2023-03-14 12:18:23,16,20,5349,14451
2023-03-14 12:18:23,16,19,5349,14451
2023-03-14 12:18:33,17,19,5349,14451
2023-03-14 12:18:34,17,18,5349,14451
2023-03-14 12:18:41,17,19,5349,14451
2023-03-14 12:18:50,16,19,5349,14451
2023-03-14 12:18:50,16,20,5349,14451
2023-03-14 12:18:51,16,19,5349,14451
2023-03-14 12:18:52,18,19,5349,14451
2023-03-14 12:19:04,16,19,5353,14455
2023-03-14 12:19:11,16,19,5357,14459
2023-03-14 12:19:18,16,20,5357,14459
2023-03-14 12:19:19,17,20,5357,14459
2023-03-14 12:19:31,17,19,5357,14459
2023-03-14 12:19:34,18,19,5357,14459
2023-03-14 12:19:51,18,20,5357,14459
2023-03-14 12:19:51,18,19,5357,14459
2023-03-14 12:20:11,18,19,5353,14463
2023-03-14 12:20:18,16,19,5353,14463
2023-03-14 12:20:18,17,19,5353,14463
2023-03-14 12:20:30,16,19,5353,14463
2023-03-14 12:20:30,17,19,5353,14463
2023-03-14 12:20:40,17,19,5353,14563
2023-03-14 12:20:42,15,17,5357,14609
2023-03-14 12:20:45,16,17,5357,14609
2023-03-14 12:20:47,16,18,5357,14609
2023-03-14 12:20:51,16,18,5353,14613
2023-03-14 12:21:01,15,18,5353,14613
2023-03-14 12:21:01,15,19,5353,14613
2023-03-14 12:21:01,16,19,5353,14613
2023-03-14 12:21:01,16,18,5353,14613
2023-03-14 12:21:12,16,17,5353,14613
2023-03-14 12:21:20,15,17,5353,14613
2023-03-14 12:21:31,14,17,5353,14613
2023-03-14 12:21:31,15,17,5353,14613
2023-03-14 12:21:31,16,17,5353,14613
2023-03-14 12:21:51,14,17,5353,14613
2023-03-14 12:21:51,15,17,5353,14613
2023-03-14 12:22:29,14,17,5353,14613
2023-03-14 12:22:29,14,19,5353,14613
2023-03-14 12:22:29,14,18,5353,14613
2023-03-14 12:22:29,14,16,5353,14613
2023-03-14 12:22:31,15,16,5353,14613
2023-03-14 12:22:51,14,16,5353,14613
2023-03-14 12:22:51,14,19,5353,14613
2023-03-14 12:22:51,14,18,5353,14613
2023-03-14 12:22:51,15,18,5353,14613
2023-03-14 12:22:51,15,16,5353,14613
2023-03-14 12:23:11,14,16,5353,14613
2023-03-14 12:23:31,14,16,5357,14617
2023-03-14 12:23:33,14,18,5357,14617
2023-03-14 12:23:33,14,16,5357,14617
2023-03-14 12:23:40,14,18,5357,14617
2023-03-14 12:23:40,14,19,5357,14617
2023-03-14 12:23:40,15,19,5357,14617
2023-03-14 12:23:40,15,18,5357,14617
2023-03-14 12:23:51,16,18,5357,14617
2023-03-14 12:24:07,15,18,5357,14617
2023-03-14 12:24:12,15,16,5357,14617
2023-03-14 12:24:21,14,16,5357,14617
2023-03-14 12:24:31,14,17,5357,14617
2023-03-14 12:24:31,14,16,5357,14617
2023-03-14 12:24:51,14,15,5357,14617
2023-03-14 12:24:58,13,15,5357,14617
2023-03-14 12:25:11,13,16,5357,14617
2023-03-14 12:25:12,13,14,5357,14617
2023-03-14 12:25:17,12,14,5357,14617
2023-03-14 12:25:31,12,15,5357,14617
2023-03-14 12:25:31,12,13,5357,14617
2023-03-14 12:25:51,12,14,5357,14617
2023-03-14 12:25:51,12,13,5357,14617
2023-03-14 12:26:11,12,14,5357,14617
2023-03-14 12:26:11,12,14,5357,14621
2023-03-14 12:26:18,12,13,5357,14621
2023-03-14 12:26:29,12,15,5357,14621
2023-03-14 12:26:30,12,14,5357,14621
2023-03-14 12:26:42,12,15,5357,14621
2023-03-14 12:26:42,12,14,5357,14621
2023-03-14 12:27:17,13,14,5357,14621
2023-03-14 12:27:28,13,15,5357,14621
2023-03-14 12:27:29,13,14,5357,14621
2023-03-14 12:27:42,13,16,5357,14621
2023-03-14 12:27:42,13,15,5357,14621
2023-03-14 12:27:42,13,14,5357,14621
2023-03-14 12:27:50,13,15,5357,14621
2023-03-14 12:27:50,13,14,5357,14621
2023-03-14 12:28:13,12,14,5357,14621
2023-03-14 12:28:19,12,15,5357,14621
2023-03-14 12:28:20,12,14,5357,14621
2023-03-14 12:29:10,13,14,5357,14621
2023-03-14 12:29:46,12,14,5357,14621
2023-03-14 12:30:20,12,15,5357,14621
2023-03-14 12:30:20,12,14,5357,14621
2023-03-14 12:30:31,12,13,5357,14621
2023-03-14 12:30:31,12,13,5487,14751
2023-03-14 12:30:44,12,13,5491,14755
2023-03-14 12:30:45,12,14,5491,14755
2023-03-14 12:30:45,12,13,5491,14755
2023-03-14 12:30:54,12,14,5491,14755
2023-03-14 12:30:54,12,13,5491,14755
2023-03-14 12:31:06,12,13,5491,14857
2023-03-14 12:31:14,12,13,5657,15023
2023-03-14 12:31:16,12,14,5657,15023
2023-03-14 12:31:17,13,14,5657,15023
2023-03-14 12:31:23,13,15,5657,15023
2023-03-14 12:31:44,13,14,5657,15023
2023-03-14 12:31:44,12,14,5657,15023
2023-03-14 12:31:44,13,14,5657,15023
2023-03-14 12:31:52,12,14,5657,15023
2023-03-14 12:32:04,13,14,5657,15023
2023-03-14 12:32:20,12,14,5657,15023
2023-03-14 12:32:20,13,14,5657,15023
2023-03-14 12:32:24,13,14,5661,15027
2023-03-14 12:32:29,12,14,5661,15027
2023-03-14 12:32:29,13,14,5661,15027
2023-03-14 12:33:19,14,16,5661,15033
2023-03-14 12:33:42,14,17,5661,15033
2023-03-14 12:33:44,14,16,5661,15033
2023-03-14 12:34:02,14,17,5661,15033
2023-03-14 12:34:04,14,16,5661,15033
2023-03-14 12:34:19,14,17,5661,15033
2023-03-14 12:34:22,14,18,5661,15033
2023-03-14 12:34:22,14,17,5661,15033
2023-03-14 12:34:24,14,15,5661,15033
2023-03-14 12:34:40,14,16,5661,15033
2023-03-14 12:35:04,14,15,5661,15033
2023-03-14 12:35:24,14,16,5661,15033
2023-03-14 12:36:19,14,17,5661,15033
2023-03-14 12:36:19,14,16,5661,15033
2023-03-14 12:36:25,15,16,5661,15033
2023-03-14 12:36:44,15,17,5661,15033
2023-03-14 12:37:04,16,17,5661,15033
2023-03-14 12:37:18,16,18,5661,15033
2023-03-14 12:37:24,16,17,5661,15033
2023-03-14 12:37:27,15,17,5661,15033
2023-03-14 12:37:40,15,18,5661,15033
2023-03-14 12:37:40,15,17,5661,15033
2023-03-14 12:37:44,15,16,5661,15033
2023-03-14 12:37:58,14,16,5661,15033
2023-03-14 12:38:04,14,17,5661,15033
2023-03-14 12:38:04,14,16,5661,15033
2023-03-14 12:38:19,14,17,5661,15033
2023-03-14 12:38:19,14,18,5661,15033
2023-03-14 12:38:19,15,18,5661,15033
2023-03-14 12:38:19,15,17,5661,15033
2023-03-14 12:38:44,15,16,5661,15033
2023-03-14 12:38:57,14,16,5661,15033
2023-03-14 12:38:58,15,16,5661,15033
2023-03-14 12:39:04,15,17,5661,15033
2023-03-14 12:39:04,15,16,5661,15033
2023-03-14 12:39:21,14,17,5661,15033
2023-03-14 12:39:21,14,18,5661,15033
2023-03-14 12:39:21,15,18,5661,15033
2023-03-14 12:39:21,15,17,5661,15033
2023-03-14 12:39:40,13,17,5661,15033
2023-03-14 12:39:40,14,17,5661,15033
2023-03-14 12:39:44,14,17,5657,15037
2023-03-14 12:39:53,13,17,5657,15037
2023-03-14 12:39:53,13,16,5657,15037
2023-03-14 12:39:59,13,15,5657,15037
2023-03-14 12:40:03,13,14,5657,15037
2023-03-14 12:40:19,13,15,5657,15037
2023-03-14 12:40:19,12,13,5657,15109
2023-03-14 12:40:21,12,13,5875,15327
2023-03-14 12:40:21,12,14,5875,15327
2023-03-14 12:40:22,12,13,5875,15327
2023-03-14 12:40:26,12,14,5875,15327
2023-03-14 12:40:36,12,13,5875,15327
2023-03-14 12:40:46,12,14,5875,15327
2023-03-14 12:40:46,12,13,5875,15327
2023-03-14 12:41:20,12,14,5875,15327
2023-03-14 12:41:20,12,13,5875,15327
2023-03-14 12:41:29,11,12,6007,15459
2023-03-14 12:41:35,11,13,6007,15459
2023-03-14 12:41:35,11,12,6007,15459
2023-03-14 12:41:41,11,13,6007,15459
2023-03-14 12:41:41,10,13,6007,15459
2023-03-14 12:41:41,10,12,6007,15459
2023-03-14 12:41:44,11,12,6007,15459
2023-03-14 12:41:56,10,12,6011,15463
2023-03-14 12:41:56,10,11,6011,15463
2023-03-14 12:41:59,10,12,6011,15463
2023-03-14 12:42:04,10,11,6011,15463
2023-03-14 12:42:04,9,11,6011,15463
2023-03-14 12:42:04,10,11,6011,15463
2023-03-14 12:42:23,10,12,6011,15463
2023-03-14 12:42:23,8,12,6011,15463
2023-03-14 12:42:23,9,12,6011,15463
2023-03-14 12:42:24,9,11,6011,15463
2023-03-14 12:42:44,9,12,6011,15463
2023-03-14 12:42:44,9,11,6011,15463
2023-03-14 12:42:44,9,10,6011,15463
2023-03-14 12:43:04,9,11,6011,15463
2023-03-14 12:43:04,9,10,6011,15463
2023-03-14 12:43:19,9,12,6011,15463
2023-03-14 12:43:19,9,11,6011,15463
2023-03-14 12:43:26,10,11,6011,15463
2023-03-14 12:44:02,10,11,6055,15515
2023-03-14 12:44:06,10,12,6055,15515
2023-03-14 12:44:06,10,11,6055,15515
2023-03-14 12:44:11,10,11,6129,15589
2023-03-14 12:44:19,10,12,6129,15589
2023-03-14 12:44:19,10,13,6129,15589
2023-03-14 12:44:20,10,12,6129,15589
2023-03-14 12:45:09,11,12,6129,15589
2023-03-14 12:45:21,10,12,6129,15589
2023-03-14 12:45:24,10,11,6129,15589
2023-03-14 12:45:44,10,12,6129,15589
2023-03-14 12:45:44,10,11,6129,15589
2023-03-14 12:46:00,10,12,6129,15589
2023-03-14 12:46:04,10,11,6129,15589
2023-03-14 12:46:41,10,12,6129,15589
2023-03-14 12:46:44,10,11,6129,15589
2023-03-14 12:47:04,10,12,6129,15589
2023-03-14 12:47:36,11,12,6129,15589
2023-03-14 12:47:36,10,12,6129,15589
2023-03-14 12:47:43,10,13,6129,15589
2023-03-14 12:47:43,10,14,6129,15589
2023-03-14 12:47:43,11,14,6129,15589
2023-03-14 12:47:43,11,13,6129,15589
2023-03-14 12:48:04,11,12,6129,15589
2023-03-14 12:48:21,9,12,6129,15589
2023-03-14 12:48:21,10,12,6129,15589
2023-03-14 12:48:43,11,12,6129,15589
2023-03-14 12:48:44,11,12,6129,15593
2023-03-14 12:48:51,10,12,6129,15593
2023-03-14 12:48:52,11,12,6129,15593
2023-03-14 12:48:57,12,14,6015,15717
2023-03-14 12:49:00,11,14,6015,15717
2023-03-14 12:49:04,12,14,6015,15717
2023-03-14 12:49:19,11,15,6015,15717
2023-03-14 12:49:19,12,15,6015,15717
2023-03-14 12:49:19,13,15,6015,15717
2023-03-14 12:49:25,13,14,6015,15717
2023-03-14 12:49:40,13,15,6015,15717
2023-03-14 12:49:44,13,14,6015,15717
2023-03-14 12:50:02,13,15,6015,15717
2023-03-14 12:50:05,13,14,6015,15717
2023-03-14 12:50:23,13,15,6015,15717
2023-03-14 12:50:23,12,15,6015,15717
2023-03-14 12:50:23,12,16,6015,15717
2023-03-14 12:50:23,13,16,6015,15717
2023-03-14 12:50:23,13,15,6015,15717
2023-03-14 12:50:24,13,14,6015,15717
2023-03-14 12:50:29,13,15,6016,15722
2023-03-14 12:50:44,13,14,6016,15722
2023-03-14 12:50:45,12,14,6016,15722
2023-03-14 12:50:46,13,14,6016,15722
2023-03-14 12:50:57,13,14,6016,15819
2023-03-14 12:50:57,13,14,6016,16109
2023-03-14 12:51:01,13,15,6016,16109
2023-03-14 12:51:01,13,15,6016,16119
2023-03-14 12:51:03,13,16,6016,16119
2023-03-14 12:51:03,13,15,6016,16119
2023-03-14 12:51:04,13,15,6016,16212
2023-03-14 12:51:04,13,15,6016,16305
2023-03-14 12:51:05,13,15,6012,16309
2023-03-14 12:51:10,12,13,6012,16430
2023-03-14 12:51:16,12,14,6012,16430
2023-03-14 12:51:23,12,14,6012,16558
2023-03-14 12:51:23,12,13,6012,16558
2023-03-14 12:51:24,12,13,6008,16562
2023-03-14 12:51:40,10,13,6008,16562
2023-03-14 12:51:40,10,15,6008,16562
2023-03-14 12:51:40,10,16,6008,16562
2023-03-14 12:51:40,10,14,6008,16562
2023-03-14 12:51:40,10,12,6008,16562
2023-03-14 12:51:44,10,11,6008,16562
2023-03-14 12:51:49,9,11,6008,16562
2023-03-14 12:51:49,9,10,6008,16562
2023-03-14 12:51:55,9,11,6008,16562
2023-03-14 12:51:55,9,10,6008,16562
2023-03-14 12:51:55,9,10,6008,16735
2023-03-14 12:52:20,9,10,6008,16873
2023-03-14 12:52:24,9,10,6012,16877
2023-03-14 12:52:40,9,11,6012,16877
2023-03-14 12:52:40,9,12,6012,16877
2023-03-14 12:52:40,9,10,6012,16877
2023-03-14 12:52:42,9,10,6012,16994
2023-03-14 12:52:44,9,10,6016,16998
2023-03-14 12:52:45,9,10,6016,17002
2023-03-14 12:52:53,9,11,6016,17002
2023-03-14 12:52:53,9,10,6016,17002
2023-03-14 12:53:18,8,10,6016,17002
2023-03-14 12:53:19,8,11,6016,17002
2023-03-14 12:53:19,8,10,6016,17002
2023-03-14 12:53:24,8,9,6016,17002
2023-03-14 12:53:39,8,10,6016,17002
2023-03-14 12:53:39,8,9,6016,17002
2023-03-14 12:53:44,8,9,6016,17006
2023-03-14 12:53:51,8,9,6034,17061
2023-03-14 12:53:58,8,10,6034,17061
2023-03-14 12:53:59,8,9,6034,17061
2023-03-14 12:54:20,8,10,6034,17061
2023-03-14 12:54:20,8,9,6034,17061
2023-03-14 12:54:32,8,10,6034,17061
2023-03-14 12:54:32,8,9,6034,17061
2023-03-14 12:54:44,8,10,6034,17061
2023-03-14 12:55:05,8,9,6034,17061
2023-03-14 12:55:19,8,9,6291,17318
2023-03-14 12:55:25,8,9,6291,17322
2023-03-14 12:55:27,8,9,6580,17611
2023-03-14 12:55:29,8,9,6612,17643
2023-03-14 12:55:32,6,9,6904,17935
2023-03-14 12:55:33,6,8,6904,17935
2023-03-14 12:55:39,5,8,6904,17935
2023-03-14 12:55:39,5,7,6904,17935
2023-03-14 12:55:44,5,7,6908,17939
2023-03-14 12:55:47,5,8,6908,17939
2023-03-14 12:55:47,5,7,6908,17939
2023-03-14 12:55:51,6,7,6908,17939
2023-03-14 12:55:52,6,8,6908,17939
2023-03-14 12:55:52,6,7,6908,17939
2023-03-14 12:56:01,6,7,6908,18139
2023-03-14 12:56:05,6,8,6908,18139
2023-03-14 12:56:05,6,7,6908,18139
2023-03-14 12:56:08,7,8,6908,18172
2023-03-14 12:56:10,6,8,6908,18172
2023-03-14 12:56:43,6,9,6908,18172
2023-03-14 12:56:44,6,8,6908,18172
2023-03-14 12:56:52,6,8,7018,18282
2023-03-14 12:57:41,5,8,7018,18282
2023-03-14 12:57:41,5,9,7018,18282
2023-03-14 12:57:41,7,9,7018,18282
2023-03-14 12:58:18,8,9,7018,18282
2023-03-14 12:58:19,9,10,7018,18282
2023-03-14 12:58:20,9,10,6944,18356
2023-03-14 12:58:20,9,10,6870,18430
2023-03-14 12:58:24,8,10,6870,18430
2023-03-14 12:59:21,7,10,6870,18430
2023-03-14 12:59:21,8,10,6870,18430
2023-03-14 12:59:48,8,9,6870,18430
2023-03-14 13:00:19,9,10,6762,18562
2023-03-14 13:00:24,8,10,6762,18562
2023-03-14 13:00:25,8,9,6762,18562
2023-03-14 13:00:25,7,9,6762,18562
2023-03-14 13:00:25,8,9,6762,18562
2023-03-14 13:00:30,7,9,6762,18562
2023-03-14 13:00:30,8,9,6762,18562
2023-03-14 13:00:41,7,10,6762,18562
2023-03-14 13:00:41,8,10,6762,18562
2023-03-14 13:00:53,9,10,6762,18562
2023-03-14 13:01:17,8,10,6762,18562
2023-03-14 13:01:17,9,10,6762,18562
2023-03-14 13:01:31,8,10,6762,18562
2023-03-14 13:01:31,9,10,6762,18562
2023-03-14 13:01:44,8,10,6762,18562
2023-03-14 13:01:44,9,10,6762,18562
2023-03-14 13:01:51,8,10,6762,18562
2023-03-14 13:01:51,9,10,6762,18562
2023-03-14 13:02:19,8,10,6762,18562
2023-03-14 13:02:19,7,10,6762,18562
2023-03-14 13:02:19,8,10,6762,18562
2023-03-14 13:02:45,8,9,6762,18562
2023-03-14 13:02:45,7,9,6762,18562
2023-03-14 13:02:46,8,9,6762,18562
2023-03-14 13:02:53,7,9,6762,18562
2023-03-14 13:02:53,8,9,6762,18562
2023-03-14 13:03:05,8,10,6762,18562
2023-03-14 13:03:05,8,9,6762,18562
2023-03-14 13:03:18,7,9,6762,18562
2023-03-14 13:03:24,7,10,6762,18562
2023-03-14 13:03:25,7,9,6762,18562
2023-03-14 13:03:55,8,9,6762,18562
2023-03-14 13:04:05,8,10,6762,18562
2023-03-14 13:04:05,8,9,6762,18562
2023-03-14 13:04:20,7,9,6762,18562
2023-03-14 13:04:20,7,10,6762,18562
2023-03-14 13:04:20,7,9,6762,18562
2023-03-14 13:04:25,7,8,6762,18562
2023-03-14 13:04:29,6,8,6762,18562
2023-03-14 13:04:29,7,8,6762,18562
2023-03-14 13:04:53,6,8,6762,18562
2023-03-14 13:05:05,6,7,6762,18562
2023-03-14 13:05:19,6,8,6762,18562
2023-03-14 13:05:24,6,7,6762,18562
2023-03-14 13:05:41,6,8,6762,18562
2023-03-14 13:05:44,6,8,6762,18566
2023-03-14 13:05:53,6,7,6762,18566
2023-03-14 13:06:05,6,7,6762,18570
2023-03-14 13:06:22,6,7,6896,18704
2023-03-14 13:06:40,6,8,6896,18704
2023-03-14 13:06:41,6,7,6896,18704
2023-03-14 13:06:41,5,6,6954,18762
2023-03-14 13:06:44,5,6,6958,18766
2023-03-14 13:06:56,5,7,6958,18766
2023-03-14 13:06:56,5,8,6958,18766
2023-03-14 13:06:56,6,8,6958,18766
2023-03-14 13:06:56,6,7,6958,18766
2023-03-14 13:06:56,6,8,6958,18766
2023-03-14 13:06:56,6,7,6958,18766
2023-03-14 13:06:56,5,6,6983,18791
2023-03-14 13:07:03,5,7,6983,18791
2023-03-14 13:07:03,5,6,6983,18791
2023-03-14 13:07:25,5,6,6983,18792
2023-03-14 13:08:32,5,6,7076,18904
2023-03-14 13:08:33,4,6,7091,18919
2023-03-14 13:08:44,3,6,7091,18919
2023-03-14 13:08:45,3,5,7091,18919
2023-03-14 13:08:59,3,6,7091,18919
2023-03-14 13:09:05,3,5,7091,18919
2023-03-14 13:09:24,3,6,7091,18919
2023-03-14 13:09:24,3,5,7091,18919
2023-03-14 13:09:44,3,6,7091,18919
2023-03-14 13:09:44,3,5,7091,18919
2023-03-14 13:10:02,3,5,7287,19115
2023-03-14 13:10:05,3,4,7287,19115
2023-03-14 13:10:50,4,6,7297,19247
2023-03-14 13:10:50,4,5,7297,19247
2023-03-14 13:10:57,3,5,7297,19247
2023-03-14 13:11:44,3,4,7297,19247
2023-03-14 13:12:05,3,5,7297,19247
2023-03-14 13:12:05,3,4,7297,19247
2023-03-14 13:12:25,3,5,7297,19247
2023-03-14 13:12:51,3,5,7413,19363
2023-03-14 13:13:05,3,4,7413,19363
2023-03-14 13:13:19,3,5,7413,19363
2023-03-14 13:13:24,3,4,7413,19363
2023-03-14 13:13:25,3,4,7417,19367
2023-03-14 13:13:44,3,5,7417,19367
2023-03-14 13:13:45,3,4,7417,19367
2023-03-14 13:14:01,3,5,7417,19367
2023-03-14 13:14:05,3,4,7417,19367
2023-03-14 13:14:23,3,5,7417,19367
2023-03-14 13:14:25,3,4,7417,19367
2023-03-14 13:14:42,3,5,7417,19367
2023-03-14 13:14:45,3,4,7417,19367
2023-03-14 13:15:05,3,4,7420,19371
2023-03-14 13:15:09,3,4,7438,19389
2023-03-14 13:15:22,3,4,7576,19527
2023-03-14 13:15:22,2,3,7700,19651
2023-03-14 13:18:08,2,3,7900,19851
2023-03-14 13:18:12,2,3,8100,20051
2023-03-14 13:18:23,3,4,8100,20158
2023-03-14 13:18:35,3,5,8100,20290
2023-03-14 13:18:45,3,4,8100,20290
2023-03-14 13:19:05,3,5,8100,20290
2023-03-14 13:19:05,3,4,8100,20290
2023-03-14 13:19:24,3,5,8100,20290
2023-03-14 13:19:25,3,4,8100,20290
2023-03-14 13:19:45,3,5,8100,20290
2023-03-14 13:19:45,3,4,8100,20290
2023-03-14 13:20:05,3,5,8100,20290
2023-03-14 13:20:05,3,4,8100,20290
2023-03-14 13:20:09,2,4,8100,20290
2023-03-14 13:20:23,2,5,8100,20290
2023-03-14 13:20:25,2,4,8100,20290
2023-03-14 13:20:43,2,5,8100,20290
2023-03-14 13:20:45,2,4,8100,20290
2023-03-14 13:21:00,2,5,8100,20290
2023-03-14 13:21:05,2,4,8100,20290
2023-03-14 13:21:21,2,5,8100,20290
2023-03-14 13:21:25,2,4,8100,20290
2023-03-14 13:21:43,2,5,8100,20290
2023-03-14 13:21:45,2,4,8100,20290
2023-03-14 13:22:02,2,5,8100,20290
2023-03-14 13:22:05,2,4,8100,20290
2023-03-14 13:22:22,2,5,8100,20290
2023-03-14 13:22:25,2,4,8100,20290
2023-03-14 13:22:39,2,5,8100,20290
2023-03-14 13:22:39,2,4,8100,20290
2023-03-14 13:22:42,2,5,8100,20290
2023-03-14 13:22:42,2,6,8100,20290
2023-03-14 13:22:45,2,3,8100,20290
2023-03-14 13:22:46,2,6,8100,20294
2023-03-14 13:23:05,3,6,8100,20294
2023-03-14 13:23:05,5,6,8100,20294
2023-03-14 13:23:05,5,6,8100,20298
2023-03-14 13:23:15,3,5,7976,20422
2023-03-14 13:23:23,2,6,7976,20422
2023-03-14 13:23:24,4,6,7976,20422
2023-03-14 13:23:42,2,6,7976,20422
2023-03-14 13:23:45,4,6,7976,20422
2023-03-14 13:24:02,2,6,7976,20422
2023-03-14 13:24:05,4,6,7976,20422
2023-03-14 13:24:54,4,5,7976,20422
2023-03-14 13:25:24,4,5,7976,20548
2023-03-14 13:25:30,4,6,7976,20548
2023-03-14 13:25:30,4,5,7976,20548
2023-03-14 13:25:51,4,6,7976,20548
2023-03-14 13:25:51,4,5,7976,20548
2023-03-14 13:26:01,4,6,7976,20548
2023-03-14 13:26:01,4,5,7976,20548
2023-03-14 13:26:03,3,4,7976,20550
2023-03-14 13:26:04,3,4,7976,20554
2023-03-14 13:26:29,4,5,7976,20748
2023-03-14 13:26:40,4,6,7976,20748
