datetime,bid,ask,open_interest,volume
2023-03-01 09:31:03,0,58,986,1081
2023-03-01 09:31:03,52,58,986,1081
2023-03-01 09:31:36,52,59,986,1081
2023-03-01 09:31:36,54,59,986,1081
2023-03-01 09:31:58,54,59,986,1419
2023-03-01 09:32:17,56,59,986,1419
2023-03-01 09:32:23,54,59,986,1419
2023-03-01 09:32:43,56,59,986,1419
2023-03-01 09:32:59,54,59,986,1419
2023-03-01 09:33:04,54,58,986,1419
2023-03-01 09:33:12,54,57,986,1419
2023-03-01 09:35:40,54,59,986,1419
2023-03-01 09:35:43,54,58,986,1419
2023-03-01 09:36:20,54,59,986,1419
2023-03-01 09:36:41,54,59,986,1419
2023-03-01 09:36:45,54,58,986,1419
2023-03-01 09:36:52,54,59,986,1419
2023-03-01 09:37:09,54,56,986,1419
2023-03-01 09:37:10,52,56,986,1419
2023-03-01 09:37:17,52,57,986,1419
2023-03-01 09:37:26,52,53,986,1419
2023-03-01 09:37:26,50,51,1048,1481
2023-03-01 09:37:27,51,53,1113,1546
2023-03-01 09:37:38,51,55,1113,1546
2023-03-01 09:37:39,51,52,1113,1546
2023-03-01 09:37:58,51,54,1113,1546
2023-03-01 09:37:58,51,52,1113,1546
2023-03-01 09:38:18,51,52,1175,1608
2023-03-01 09:38:23,51,55,1175,1608
2023-03-01 09:38:23,51,53,1175,1608
2023-03-01 09:38:39,51,55,1175,1608
2023-03-01 09:38:40,51,54,1175,1608
2023-03-01 09:38:44,53,54,1175,1608
2023-03-01 09:38:49,53,56,1175,1608
2023-03-01 09:38:49,53,54,1175,1608
2023-03-01 09:38:57,53,56,1175,1608
2023-03-01 09:38:58,53,54,1175,1608
2023-03-01 09:39:06,52,54,1175,1608
2023-03-01 09:39:06,55,56,1312,1745
2023-03-01 09:39:17,55,58,1312,1745
2023-03-01 09:39:17,52,55,1348,1781
2023-03-01 09:39:45,50,55,1348,1781
2023-03-01 09:39:45,0,55,1348,1781
2023-03-01 09:39:45,0,59,1348,1781
2023-03-01 09:39:45,51,59,1348,1781
2023-03-01 09:39:45,53,59,1348,1781
2023-03-01 09:39:45,53,57,1348,1781
2023-03-01 09:39:45,53,55,1348,1781
2023-03-01 09:40:00,0,55,1348,1781
2023-03-01 09:40:00,0,59,1348,1781
2023-03-01 09:40:00,50,59,1348,1781
2023-03-01 09:40:00,54,59,1348,1781
2023-03-01 09:40:00,54,58,1348,1781
2023-03-01 09:40:00,54,56,1348,1781
2023-03-01 09:40:37,54,59,1348,1781
2023-03-01 09:40:38,54,58,1348,1781
2023-03-01 09:40:38,54,56,1348,1781
2023-03-01 09:40:50,0,56,1348,1781
2023-03-01 09:40:50,0,58,1348,1781
2023-03-01 09:40:50,0,59,1348,1781
2023-03-01 09:40:50,53,59,1348,1781
2023-03-01 09:40:50,53,57,1348,1781
2023-03-01 09:40:50,53,55,1348,1781
2023-03-01 09:41:14,0,55,1348,1781
2023-03-01 09:41:14,0,57,1348,1781
2023-03-01 09:41:14,49,57,1348,1781
2023-03-01 09:41:14,51,57,1348,1781
2023-03-01 09:41:14,53,57,1348,1781
2023-03-01 09:41:14,53,55,1348,1781
2023-03-01 09:42:24,51,55,1348,1781
2023-03-01 09:42:24,51,57,1348,1781
2023-03-01 09:42:25,53,57,1348,1781
2023-03-01 09:42:25,53,55,1348,1781
2023-03-01 09:42:44,0,55,1348,1781
2023-03-01 09:42:44,0,59,1348,1781
2023-03-01 09:42:45,47,59,1348,1781
2023-03-01 09:42:45,49,59,1348,1781
2023-03-01 09:42:45,51,59,1348,1781
2023-03-01 09:42:45,51,56,1348,1781
2023-03-01 09:42:45,51,54,1348,1781
2023-03-01 09:43:06,49,54,1348,1781
2023-03-01 09:43:06,49,58,1348,1781
2023-03-01 09:43:06,49,59,1348,1781
2023-03-01 09:43:06,51,59,1348,1781
2023-03-01 09:43:06,51,53,1348,1781
2023-03-01 09:43:34,0,53,1348,1781
2023-03-01 09:43:34,0,57,1348,1781
2023-03-01 09:43:35,46,57,1348,1781
2023-03-01 09:43:35,48,57,1348,1781
2023-03-01 09:43:35,50,57,1348,1781
2023-03-01 09:43:35,50,55,1348,1781
2023-03-01 09:43:35,50,53,1348,1781
2023-03-01 09:44:22,0,53,1348,1781
2023-03-01 09:44:22,0,55,1348,1781
2023-03-01 09:44:23,49,55,1348,1781
2023-03-01 09:44:23,51,55,1348,1781
2023-03-01 09:44:23,51,53,1348,1781
2023-03-01 09:44:39,49,53,1348,1781
2023-03-01 09:44:39,0,53,1348,1781
2023-03-01 09:44:39,0,57,1348,1781
2023-03-01 09:44:39,50,57,1348,1781
2023-03-01 09:44:39,50,56,1348,1781
2023-03-01 09:44:39,50,54,1348,1781
2023-03-01 09:44:39,50,52,1348,1781
2023-03-01 09:44:59,48,52,1348,1781
2023-03-01 09:44:59,48,57,1348,1781
2023-03-01 09:44:59,50,57,1348,1781
2023-03-01 09:44:59,50,53,1348,1781
2023-03-01 09:45:28,48,53,1348,1781
2023-03-01 09:45:28,0,53,1348,1781
2023-03-01 09:45:28,0,55,1348,1781
2023-03-01 09:45:28,0,61,1348,1781
2023-03-01 09:45:28,0,60,1348,1781
2023-03-01 09:45:28,47,60,1348,1781
2023-03-01 09:45:29,49,60,1348,1781
2023-03-01 09:45:29,51,60,1348,1781
2023-03-01 09:45:29,51,57,1348,1781
2023-03-01 09:45:29,51,53,1348,1781
2023-03-01 09:45:44,0,53,1348,1781
2023-03-01 09:45:44,0,61,1348,1781
2023-03-01 09:45:44,0,60,1348,1781
2023-03-01 09:45:44,0,61,1348,1781
2023-03-01 09:45:45,52,61,1348,1781
2023-03-01 09:45:45,52,59,1348,1781
2023-03-01 09:45:45,52,55,1348,1781
2023-03-01 09:46:27,50,55,1348,1781
2023-03-01 09:46:27,50,59,1348,1781
2023-03-01 09:46:27,52,59,1348,1781
2023-03-01 09:46:27,52,56,1348,1781
2023-03-01 09:46:27,52,54,1348,1781
2023-03-01 09:46:56,0,54,1348,1781
2023-03-01 09:46:56,0,61,1348,1781
2023-03-01 09:46:56,53,61,1348,1781
2023-03-01 09:46:56,53,55,1348,1781
2023-03-01 09:47:42,51,55,1348,1781
2023-03-01 09:47:42,49,55,1348,1781
2023-03-01 09:47:42,0,55,1348,1781
2023-03-01 09:47:42,0,62,1348,1781
2023-03-01 09:47:43,54,62,1348,1781
2023-03-01 09:47:43,54,56,1348,1781
2023-03-01 09:48:31,54,58,1348,1781
2023-03-01 09:48:31,54,56,1348,1781
2023-03-01 09:48:47,52,56,1348,1781
2023-03-01 09:48:47,50,56,1348,1781
2023-03-01 09:48:47,50,58,1348,1781
2023-03-01 09:48:47,50,63,1348,1781
2023-03-01 09:48:47,54,63,1348,1781
2023-03-01 09:48:47,54,60,1348,1781
2023-03-01 09:48:47,54,56,1348,1781
2023-03-01 09:49:24,52,56,1348,1781
2023-03-01 09:49:24,50,56,1348,1781
2023-03-01 09:49:24,50,58,1348,1781
2023-03-01 09:49:24,50,65,1348,1781
2023-03-01 09:49:24,54,65,1348,1781
2023-03-01 09:49:24,54,64,1348,1781
2023-03-01 09:49:24,54,61,1348,1781
2023-03-01 09:49:24,54,59,1348,1781
2023-03-01 09:49:24,54,57,1348,1781
2023-03-01 09:49:41,50,57,1348,1781
2023-03-01 09:49:41,50,59,1348,1781
2023-03-01 09:49:41,51,59,1348,1781
2023-03-01 09:49:41,55,59,1348,1781
2023-03-01 09:49:41,55,57,1348,1781
2023-03-01 09:50:10,53,57,1348,1781
2023-03-01 09:50:10,53,59,1348,1781
2023-03-01 09:50:10,53,65,1348,1781
2023-03-01 09:50:10,55,65,1348,1781
2023-03-01 09:50:10,55,62,1348,1781
2023-03-01 09:50:10,55,60,1348,1781
2023-03-01 09:50:10,55,58,1348,1781
2023-03-01 09:50:29,53,58,1348,1781
2023-03-01 09:50:29,50,58,1348,1781
2023-03-01 09:50:29,50,60,1348,1781
2023-03-01 09:50:29,50,62,1348,1781
2023-03-01 09:50:29,50,65,1348,1781
2023-03-01 09:50:29,56,65,1348,1781
2023-03-01 09:50:29,56,58,1348,1781
2023-03-01 09:50:43,54,58,1348,1781
2023-03-01 09:50:43,54,60,1348,1781
2023-03-01 09:50:43,56,60,1348,1781
2023-03-01 09:50:43,56,58,1348,1781
2023-03-01 09:51:30,50,58,1348,1781
2023-03-01 09:51:30,50,65,1348,1781
2023-03-01 09:51:30,54,65,1348,1781
2023-03-01 09:51:30,56,65,1348,1781
2023-03-01 09:51:30,56,62,1348,1781
2023-03-01 09:51:30,56,60,1348,1781
2023-03-01 09:51:30,56,58,1348,1781
2023-03-01 09:51:45,52,58,1348,1781
2023-03-01 09:51:45,50,58,1348,1781
2023-03-01 09:51:45,55,58,1348,1781
2023-03-01 09:52:08,50,58,1348,1781
2023-03-01 09:52:08,50,60,1348,1781
2023-03-01 09:52:09,54,60,1348,1781
2023-03-01 09:52:09,56,60,1348,1781
2023-03-01 09:52:09,56,58,1348,1781
2023-03-01 09:52:36,54,58,1348,1781
2023-03-01 09:52:36,50,58,1348,1781
2023-03-01 09:52:36,50,60,1348,1781
2023-03-01 09:52:36,50,65,1348,1781
2023-03-01 09:52:36,52,65,1348,1781
2023-03-01 09:52:36,56,65,1348,1781
2023-03-01 09:52:36,56,58,1348,1781
2023-03-01 09:52:55,54,58,1348,1781
2023-03-01 09:52:55,54,60,1348,1781
2023-03-01 09:52:55,56,60,1348,1781
2023-03-01 09:52:55,56,58,1348,1781
2023-03-01 09:53:10,50,58,1348,1781
2023-03-01 09:53:10,50,60,1348,1781
2023-03-01 09:53:10,50,65,1348,1781
2023-03-01 09:53:10,53,65,1348,1781
2023-03-01 09:53:10,55,65,1348,1781
2023-03-01 09:53:10,55,59,1348,1781
2023-03-01 09:53:10,55,57,1348,1781
2023-03-01 09:53:39,53,57,1348,1781
2023-03-01 09:53:39,53,59,1348,1781
2023-03-01 09:53:39,55,59,1348,1781
2023-03-01 09:53:39,55,57,1348,1781
2023-03-01 09:53:55,53,57,1348,1781
2023-03-01 09:53:55,53,61,1348,1781
2023-03-01 09:53:55,53,65,1348,1781
2023-03-01 09:53:55,55,65,1348,1781
2023-03-01 09:53:55,55,60,1348,1781
2023-03-01 09:53:55,55,58,1348,1781
2023-03-01 09:54:24,51,58,1348,1781
2023-03-01 09:54:24,51,60,1348,1781
2023-03-01 09:54:24,51,65,1348,1781
2023-03-01 09:54:24,52,65,1348,1781
2023-03-01 09:54:24,56,65,1348,1781
2023-03-01 09:54:24,56,58,1348,1781
2023-03-01 09:54:40,54,58,1348,1781
2023-03-01 09:54:40,54,60,1348,1781
2023-03-01 09:54:40,56,60,1348,1781
2023-03-01 09:54:40,56,58,1348,1781
2023-03-01 09:54:58,51,58,1348,1781
2023-03-01 09:54:58,51,60,1348,1781
2023-03-01 09:54:58,55,60,1348,1781
2023-03-01 09:54:58,55,58,1348,1781
2023-03-01 09:55:27,53,58,1348,1781
2023-03-01 09:55:27,51,58,1348,1781
2023-03-01 09:55:27,51,62,1348,1781
2023-03-01 09:55:27,51,65,1348,1781
2023-03-01 09:55:28,51,64,1348,1781
2023-03-01 09:55:28,54,64,1348,1781
2023-03-01 09:55:28,56,64,1348,1781
2023-03-01 09:55:28,56,60,1348,1781
2023-03-01 09:55:28,56,58,1348,1781
2023-03-01 09:56:26,54,58,1348,1781
2023-03-01 09:56:26,52,58,1348,1781
2023-03-01 09:56:26,51,58,1348,1781
2023-03-01 09:56:26,56,58,1348,1781
2023-03-01 09:56:59,54,58,1348,1781
2023-03-01 09:56:59,51,58,1348,1781
2023-03-01 09:56:59,51,65,1348,1781
2023-03-01 09:56:59,52,65,1348,1781
2023-03-01 09:56:59,56,65,1348,1781
2023-03-01 09:56:59,56,63,1348,1781
2023-03-01 09:56:59,56,61,1348,1781
2023-03-01 09:56:59,56,59,1348,1781
2023-03-01 09:57:28,56,65,1348,1781
2023-03-01 09:57:29,56,60,1348,1781
2023-03-01 09:57:29,56,58,1348,1781
2023-03-01 09:57:57,54,58,1348,1781
2023-03-01 09:57:57,54,60,1348,1781
2023-03-01 09:57:58,56,60,1348,1781
2023-03-01 09:57:58,56,58,1348,1781
2023-03-01 09:58:26,52,58,1348,1781
2023-03-01 09:58:26,51,58,1348,1781
2023-03-01 09:58:26,51,63,1348,1781
2023-03-01 09:58:26,56,63,1348,1781
2023-03-01 09:58:26,56,59,1348,1781
2023-03-01 09:58:49,55,59,1348,1781
2023-03-01 09:58:49,55,61,1348,1781
2023-03-01 09:58:49,56,61,1348,1781
2023-03-01 09:58:49,56,59,1348,1781
2023-03-01 09:59:02,55,59,1348,1781
2023-03-01 09:59:02,55,61,1348,1781
2023-03-01 09:59:02,56,61,1348,1781
2023-03-01 09:59:02,56,59,1348,1781
2023-03-01 09:59:29,53,59,1348,1781
2023-03-01 09:59:29,51,59,1348,1781
2023-03-01 09:59:29,51,61,1348,1781
2023-03-01 09:59:29,51,63,1348,1781
2023-03-01 09:59:29,52,63,1348,1781
2023-03-01 09:59:29,56,63,1348,1781
2023-03-01 09:59:29,56,59,1348,1781
2023-03-01 09:59:42,54,59,1348,1781
2023-03-01 09:59:42,56,59,1348,1781
2023-03-01 10:00:15,56,58,1348,1781
2023-03-01 10:00:15,54,58,1348,1781
2023-03-01 10:00:15,52,58,1348,1781
2023-03-01 10:00:16,54,58,1348,1781
2023-03-01 10:00:16,54,57,1348,1781
2023-03-01 10:00:38,46,57,1348,1781
2023-03-01 10:00:38,46,59,1348,1781
2023-03-01 10:00:38,46,61,1348,1781
2023-03-01 10:00:38,49,61,1348,1781
2023-03-01 10:00:38,52,61,1348,1781
2023-03-01 10:00:38,54,61,1348,1781
2023-03-01 10:00:38,54,57,1348,1781
2023-03-01 10:00:55,52,57,1348,1781
2023-03-01 10:00:55,52,61,1348,1781
2023-03-01 10:00:56,54,61,1348,1781
2023-03-01 10:00:56,54,56,1348,1781
2023-03-01 10:01:13,52,56,1348,1781
2023-03-01 10:01:13,46,56,1348,1781
2023-03-01 10:01:13,46,58,1348,1781
2023-03-01 10:01:13,46,60,1348,1781
2023-03-01 10:01:13,55,60,1348,1781
2023-03-01 10:01:13,55,58,1348,1781
2023-03-01 10:01:35,53,58,1348,1781
2023-03-01 10:01:35,51,58,1348,1781
2023-03-01 10:01:35,46,58,1348,1781
2023-03-01 10:01:35,46,65,1348,1781
2023-03-01 10:01:35,46,64,1348,1781
2023-03-01 10:01:35,54,64,1348,1781
2023-03-01 10:01:35,56,64,1348,1781
2023-03-01 10:01:35,56,60,1348,1781
2023-03-01 10:01:35,56,58,1348,1781
2023-03-01 10:01:47,54,58,1348,1781
2023-03-01 10:01:47,46,58,1348,1781
2023-03-01 10:01:47,46,62,1348,1781
2023-03-01 10:01:47,46,65,1348,1781
2023-03-01 10:01:47,56,65,1348,1781
2023-03-01 10:01:47,56,59,1348,1781
2023-03-01 10:02:01,55,59,1348,1781
2023-03-01 10:02:01,55,63,1348,1781
2023-03-01 10:02:01,55,65,1348,1781
2023-03-01 10:02:01,56,65,1348,1781
2023-03-01 10:02:01,56,62,1348,1781
2023-03-01 10:02:01,56,60,1348,1781
2023-03-01 10:02:16,53,60,1348,1781
2023-03-01 10:02:16,53,62,1348,1781
2023-03-01 10:02:16,55,62,1348,1781
2023-03-01 10:02:16,55,61,1348,1781
2023-03-01 10:02:16,55,60,1348,1781
2023-03-01 10:02:16,55,58,1348,1781
2023-03-01 10:02:31,53,58,1348,1781
2023-03-01 10:02:31,53,60,1348,1781
2023-03-01 10:02:31,53,63,1348,1781
2023-03-01 10:02:31,53,62,1348,1781
2023-03-01 10:02:31,55,62,1348,1781
2023-03-01 10:02:31,55,59,1348,1781
2023-03-01 10:02:31,55,57,1348,1781
2023-03-01 10:02:45,53,57,1348,1781
2023-03-01 10:02:45,46,57,1348,1781
2023-03-01 10:02:45,46,59,1348,1781
2023-03-01 10:02:45,46,61,1348,1781
2023-03-01 10:02:45,46,65,1348,1781
2023-03-01 10:02:45,52,65,1348,1781
2023-03-01 10:02:45,54,65,1348,1781
2023-03-01 10:02:45,56,65,1348,1781
2023-03-01 10:02:45,56,58,1348,1781
2023-03-01 10:03:09,54,58,1348,1781
2023-03-01 10:03:09,54,60,1348,1781
2023-03-01 10:03:09,56,60,1348,1781
2023-03-01 10:03:09,56,58,1348,1781
2023-03-01 10:03:31,46,58,1348,1781
2023-03-01 10:03:31,46,60,1348,1781
2023-03-01 10:03:31,46,61,1348,1781
2023-03-01 10:03:31,46,63,1348,1781
2023-03-01 10:03:31,55,63,1348,1781
2023-03-01 10:03:31,55,61,1348,1781
2023-03-01 10:03:31,55,57,1348,1781
2023-03-01 10:03:41,46,57,1348,1781
2023-03-01 10:03:42,46,63,1348,1781
2023-03-01 10:03:42,51,63,1348,1781
2023-03-01 10:03:42,53,63,1348,1781
2023-03-01 10:03:42,55,63,1348,1781
2023-03-01 10:03:42,55,61,1348,1781
2023-03-01 10:03:42,55,59,1348,1781
2023-03-01 10:03:42,55,57,1348,1781
2023-03-01 10:03:58,53,57,1348,1781
2023-03-01 10:03:58,51,57,1348,1781
2023-03-01 10:03:58,49,57,1348,1781
2023-03-01 10:03:58,49,59,1348,1781
2023-03-01 10:03:58,49,61,1348,1781
2023-03-01 10:03:58,52,61,1348,1781
2023-03-01 10:03:58,54,61,1348,1781
2023-03-01 10:03:58,54,60,1348,1781
2023-03-01 10:03:58,54,58,1348,1781
2023-03-01 10:03:58,54,56,1348,1781
2023-03-01 10:04:24,50,56,1348,1781
2023-03-01 10:04:24,49,56,1348,1781
2023-03-01 10:04:24,49,58,1348,1781
2023-03-01 10:04:24,49,61,1348,1781
2023-03-01 10:04:24,49,60,1348,1781
2023-03-01 10:04:24,52,60,1348,1781
2023-03-01 10:04:24,54,60,1348,1781
2023-03-01 10:04:24,54,61,1348,1781
2023-03-01 10:04:24,54,56,1348,1781
2023-03-01 10:04:36,49,56,1348,1781
2023-03-01 10:04:36,49,58,1348,1781
2023-03-01 10:04:37,51,58,1348,1781
2023-03-01 10:04:37,53,58,1348,1781
2023-03-01 10:04:37,53,56,1348,1781
2023-03-01 10:04:55,49,56,1348,1781
2023-03-01 10:04:55,49,59,1348,1781
2023-03-01 10:04:55,52,59,1348,1781
2023-03-01 10:04:55,52,57,1348,1781
2023-03-01 10:04:55,52,55,1348,1781
2023-03-01 10:05:26,49,55,1348,1781
2023-03-01 10:05:26,49,57,1348,1781
2023-03-01 10:05:27,51,57,1348,1781
2023-03-01 10:05:27,51,53,1348,1781
2023-03-01 10:05:43,49,53,1348,1781
2023-03-01 10:05:43,49,55,1348,1781
2023-03-01 10:05:43,49,57,1348,1781
2023-03-01 10:05:43,51,57,1348,1781
2023-03-01 10:05:43,51,56,1348,1781
2023-03-01 10:05:43,51,54,1348,1781
2023-03-01 10:06:00,49,54,1348,1781
2023-03-01 10:06:00,47,54,1348,1781
2023-03-01 10:06:00,47,55,1348,1781
2023-03-01 10:06:00,49,55,1348,1781
2023-03-01 10:06:00,49,52,1348,1781
2023-03-01 10:06:07,49,51,1348,1781
2023-03-01 10:06:24,47,49,1149,1980
2023-03-01 10:06:31,45,49,1149,1980
2023-03-01 10:06:31,46,49,1149,1980
2023-03-01 10:06:31,46,48,1149,1980
2023-03-01 10:06:39,47,48,1149,1980
2023-03-01 10:06:48,47,50,1149,1980
2023-03-01 10:06:48,47,50,1252,2083
2023-03-01 10:06:48,47,49,1252,2083
2023-03-01 10:06:48,45,49,1252,2083
2023-03-01 10:07:06,45,48,1252,2083
2023-03-01 10:07:21,46,48,1252,2083
2023-03-01 10:07:27,47,48,1252,2083
2023-03-01 10:07:27,47,50,1252,2083
2023-03-01 10:07:28,47,48,1252,2083
2023-03-01 10:07:41,47,51,1252,2083
2023-03-01 10:07:41,47,49,1252,2083
2023-03-01 10:07:48,47,49,1348,2179
2023-03-01 10:08:00,46,49,1348,2179
2023-03-01 10:08:00,47,49,1348,2179
2023-03-01 10:08:17,46,49,1348,2179
2023-03-01 10:08:17,46,51,1348,2179
2023-03-01 10:08:18,47,51,1348,2179
2023-03-01 10:08:18,47,50,1348,2179
2023-03-01 10:08:23,47,49,1348,2179
2023-03-01 10:08:24,47,50,1348,2179
2023-03-01 10:08:34,46,50,1348,2179
2023-03-01 10:08:35,46,48,1348,2179
2023-03-01 10:08:45,47,48,1348,2179
2023-03-01 10:08:51,48,50,1390,2221
2023-03-01 10:08:56,47,50,1390,2221
2023-03-01 10:09:06,47,53,1390,2221
2023-03-01 10:09:06,48,53,1390,2221
2023-03-01 10:09:06,48,51,1390,2221
2023-03-01 10:09:17,48,50,1390,2221
2023-03-01 10:09:24,47,50,1390,2221
2023-03-01 10:09:24,47,49,1390,2221
2023-03-01 10:09:27,47,50,1390,2221
2023-03-01 10:09:53,47,49,1390,2221
2023-03-01 10:10:01,45,47,1269,2347
2023-03-01 10:10:11,43,47,1269,2347
2023-03-01 10:10:11,44,47,1269,2347
2023-03-01 10:10:11,46,47,1269,2347
2023-03-01 10:10:13,46,47,1095,2521
2023-03-01 10:10:14,46,48,1095,2521
2023-03-01 10:10:21,46,48,1095,2521
2023-03-01 10:10:22,46,49,1095,2521
2023-03-01 10:10:24,46,48,1095,2521
2023-03-01 10:10:36,44,48,1095,2521
2023-03-01 10:10:36,42,48,1095,2521
2023-03-01 10:10:36,44,48,1095,2521
2023-03-01 10:10:36,44,46,1095,2521
2023-03-01 10:10:46,42,46,1095,2521
2023-03-01 10:10:46,42,48,1095,2521
2023-03-01 10:10:47,43,48,1095,2521
2023-03-01 10:10:47,43,46,1095,2521
2023-03-01 10:11:06,41,46,1095,2521
2023-03-01 10:11:06,43,46,1095,2521
2023-03-01 10:11:28,41,46,1095,2521
2023-03-01 10:11:28,41,47,1095,2521
2023-03-01 10:11:29,42,47,1095,2521
2023-03-01 10:11:29,42,46,1095,2521
2023-03-01 10:11:29,42,44,1095,2521
2023-03-01 10:11:44,40,44,1095,2521
2023-03-01 10:11:45,41,44,1095,2521
2023-03-01 10:12:00,39,44,1095,2521
2023-03-01 10:12:00,39,45,1095,2521
2023-03-01 10:12:00,41,45,1095,2521
2023-03-01 10:12:00,41,44,1095,2521
2023-03-01 10:12:31,41,45,1095,2521
2023-03-01 10:12:31,41,44,1095,2521
2023-03-01 10:12:46,41,45,1095,2521
2023-03-01 10:12:46,41,47,1095,2521
2023-03-01 10:12:46,42,47,1095,2521
2023-03-01 10:12:46,42,46,1095,2521
2023-03-01 10:12:46,42,44,1095,2521
2023-03-01 10:13:12,39,44,1095,2521
2023-03-01 10:13:12,39,45,1095,2521
2023-03-01 10:13:12,41,45,1095,2521
2023-03-01 10:13:12,41,44,1095,2521
2023-03-01 10:13:28,39,44,1095,2521
2023-03-01 10:13:29,39,43,1095,2521
2023-03-01 10:13:48,39,44,1095,2521
2023-03-01 10:13:48,39,46,1095,2521
2023-03-01 10:13:48,40,46,1095,2521
2023-03-01 10:13:48,40,45,1095,2521
2023-03-01 10:13:48,40,44,1095,2521
2023-03-01 10:14:11,39,44,1095,2521
2023-03-01 10:14:11,39,45,1095,2521
2023-03-01 10:14:11,40,45,1095,2521
2023-03-01 10:14:11,40,44,1095,2521
2023-03-01 10:14:11,40,43,1095,2521
2023-03-01 10:14:27,38,43,1095,2521
2023-03-01 10:14:27,38,44,1095,2521
2023-03-01 10:14:27,39,44,1095,2521
2023-03-01 10:14:27,39,43,1095,2521
2023-03-01 10:14:38,39,44,1328,2754
2023-03-01 10:14:39,40,44,1328,2754
2023-03-01 10:14:42,40,46,1328,2754
2023-03-01 10:14:42,40,43,1328,2754
2023-03-01 10:14:56,40,46,1328,2754
2023-03-01 10:14:56,41,46,1328,2754
2023-03-01 10:14:56,41,44,1328,2754
2023-03-01 10:15:59,38,44,1328,2754
2023-03-01 10:15:59,40,44,1328,2754
2023-03-01 10:16:02,40,43,1328,2754
2023-03-01 10:16:34,38,43,1328,2754
2023-03-01 10:16:34,37,43,1328,2754
2023-03-01 10:16:34,39,43,1328,2754
2023-03-01 10:16:34,41,43,1328,2754
2023-03-01 10:16:34,41,44,1328,2754
2023-03-01 10:16:42,39,44,1328,2754
2023-03-01 10:16:42,41,44,1328,2754
2023-03-01 10:16:57,41,46,1521,2947
2023-03-01 10:17:05,41,47,1521,2947
2023-03-01 10:17:05,42,47,1521,2947
2023-03-01 10:17:05,42,45,1521,2947
2023-03-01 10:17:25,41,45,1521,2947
2023-03-01 10:17:25,41,47,1521,2947
2023-03-01 10:17:25,42,47,1521,2947
2023-03-01 10:17:25,44,47,1521,2947
2023-03-01 10:17:25,44,46,1521,2947
2023-03-01 10:17:59,43,46,1521,2947
2023-03-01 10:17:59,43,49,1521,2947
2023-03-01 10:18:00,45,49,1521,2947
2023-03-01 10:18:00,45,47,1521,2947
2023-03-01 10:18:14,46,47,1521,2947
2023-03-01 10:18:36,46,48,1521,2947
2023-03-01 10:19:02,44,48,1521,2947
2023-03-01 10:19:02,43,48,1521,2947
2023-03-01 10:19:02,43,49,1521,2947
2023-03-01 10:19:02,46,49,1521,2947
2023-03-01 10:19:02,46,48,1521,2947
2023-03-01 10:19:27,44,48,1521,2947
2023-03-01 10:19:27,44,49,1521,2947
2023-03-01 10:19:27,46,49,1521,2947
2023-03-01 10:19:27,46,48,1521,2947
2023-03-01 10:19:41,43,48,1521,2947
2023-03-01 10:19:41,43,49,1521,2947
2023-03-01 10:19:42,45,49,1521,2947
2023-03-01 10:19:42,45,48,1521,2947
2023-03-01 10:20:07,45,50,1521,2947
2023-03-01 10:20:07,46,50,1521,2947
2023-03-01 10:20:07,46,48,1521,2947
2023-03-01 10:20:44,45,48,1521,2947
2023-03-01 10:20:44,45,50,1521,2947
2023-03-01 10:20:44,45,51,1521,2947
2023-03-01 10:20:44,47,51,1521,2947
2023-03-01 10:20:44,47,49,1521,2947
2023-03-01 10:21:02,47,51,1521,2947
2023-03-01 10:21:02,47,49,1521,2947
2023-03-01 10:21:15,47,49,1523,2949
2023-03-01 10:21:27,48,49,1523,2949
2023-03-01 10:21:33,48,54,1523,2949
2023-03-01 10:21:34,48,52,1523,2949
2023-03-01 10:21:34,48,50,1523,2949
2023-03-01 10:21:38,49,50,1523,2949
2023-03-01 10:21:49,49,52,1523,2949
2023-03-01 10:21:49,49,55,1523,2949
2023-03-01 10:21:49,49,54,1523,2949
2023-03-01 10:21:49,49,52,1523,2949
2023-03-01 10:22:15,47,52,1523,2949
2023-03-01 10:22:15,47,53,1523,2949
2023-03-01 10:22:15,48,53,1523,2949
2023-03-01 10:22:15,50,53,1523,2949
2023-03-01 10:22:15,50,52,1523,2949
2023-03-01 10:22:22,50,51,1523,2949
2023-03-01 10:22:24,48,50,1480,2992
2023-03-01 10:22:29,46,50,1480,2992
2023-03-01 10:22:30,48,50,1480,2992
2023-03-01 10:22:35,48,49,1480,2992
2023-03-01 10:22:47,46,49,1480,2992
2023-03-01 10:22:47,46,48,1480,2992
2023-03-01 10:23:14,46,50,1480,2992
2023-03-01 10:23:14,46,47,1480,2992
2023-03-01 10:23:26,46,47,1523,3035
2023-03-01 10:23:27,45,47,1523,3035
2023-03-01 10:23:30,45,51,1523,3035
2023-03-01 10:23:30,46,51,1523,3035
2023-03-01 10:23:30,46,50,1523,3035
2023-03-01 10:23:30,46,48,1523,3035
2023-03-01 10:23:58,46,52,1523,3035
2023-03-01 10:23:58,46,53,1523,3035
2023-03-01 10:23:58,46,51,1523,3035
2023-03-01 10:23:58,46,53,1523,3035
2023-03-01 10:23:59,47,53,1523,3035
2023-03-01 10:23:59,47,52,1523,3035
2023-03-01 10:23:59,47,49,1523,3035
2023-03-01 10:24:04,48,49,1523,3035
2023-03-01 10:24:13,48,51,1523,3035
2023-03-01 10:24:13,48,54,1523,3035
2023-03-01 10:24:13,48,52,1523,3035
2023-03-01 10:24:13,48,50,1523,3035
2023-03-01 10:24:33,48,52,1523,3035
2023-03-01 10:24:33,48,54,1523,3035
2023-03-01 10:24:33,49,54,1523,3035
2023-03-01 10:24:33,49,53,1523,3035
2023-03-01 10:24:33,49,51,1523,3035
2023-03-01 10:24:47,47,51,1523,3035
2023-03-01 10:24:47,47,53,1523,3035
2023-03-01 10:24:47,49,53,1523,3035
2023-03-01 10:24:47,49,51,1523,3035
2023-03-01 10:25:04,47,51,1523,3035
2023-03-01 10:25:04,46,51,1523,3035
2023-03-01 10:25:04,46,53,1523,3035
2023-03-01 10:25:05,47,53,1523,3035
2023-03-01 10:25:05,47,50,1523,3035
2023-03-01 10:25:32,46,50,1523,3035
2023-03-01 10:25:32,46,52,1523,3035
2023-03-01 10:25:33,47,52,1523,3035
2023-03-01 10:25:33,47,51,1523,3035
2023-03-01 10:25:33,47,49,1523,3035
2023-03-01 10:25:46,47,51,1523,3035
2023-03-01 10:25:46,47,53,1523,3035
2023-03-01 10:25:46,47,52,1523,3035
2023-03-01 10:25:46,48,52,1523,3035
2023-03-01 10:25:46,48,50,1523,3035
2023-03-01 10:26:27,49,50,1523,3035
2023-03-01 10:26:30,49,52,1523,3035
2023-03-01 10:26:30,49,55,1523,3035
2023-03-01 10:26:31,49,51,1523,3035
2023-03-01 10:26:47,48,51,1523,3035
2023-03-01 10:26:47,48,53,1523,3035
2023-03-01 10:26:47,49,53,1523,3035
2023-03-01 10:26:47,49,51,1523,3035
2023-03-01 10:27:03,47,51,1523,3035
2023-03-01 10:27:03,47,53,1523,3035
2023-03-01 10:27:03,48,53,1523,3035
2023-03-01 10:27:03,48,51,1523,3035
2023-03-01 10:27:30,46,51,1523,3035
2023-03-01 10:27:30,45,51,1523,3035
2023-03-01 10:27:30,46,51,1523,3035
2023-03-01 10:27:30,46,48,1523,3035
2023-03-01 10:27:49,44,48,1523,3035
2023-03-01 10:27:49,44,50,1523,3035
2023-03-01 10:27:49,46,50,1523,3035
2023-03-01 10:27:49,46,48,1523,3035
2023-03-01 10:28:12,45,48,1523,3035
2023-03-01 10:28:12,45,50,1523,3035
2023-03-01 10:28:13,45,48,1523,3035
2023-03-01 10:28:40,44,48,1523,3035
2023-03-01 10:28:40,44,50,1523,3035
2023-03-01 10:28:40,45,50,1523,3035
2023-03-01 10:28:40,45,47,1523,3035
2023-03-01 10:29:01,44,47,1523,3035
2023-03-01 10:29:01,44,51,1523,3035
2023-03-01 10:29:01,45,51,1523,3035
2023-03-01 10:29:01,45,48,1523,3035
2023-03-01 10:29:22,46,48,1523,3035
2023-03-01 10:29:30,48,50,1702,3214
2023-03-01 10:29:42,48,52,1702,3214
2023-03-01 10:29:43,48,51,1702,3214
2023-03-01 10:29:43,48,49,1702,3214
2023-03-01 10:30:00,48,51,1702,3214
2023-03-01 10:30:00,48,52,1702,3214
2023-03-01 10:30:01,48,50,1702,3214
2023-03-01 10:30:28,48,49,1702,3214
2023-03-01 10:30:48,48,50,1702,3214
2023-03-01 10:30:49,44,50,1702,3214
2023-03-01 10:30:50,43,50,1702,3214
2023-03-01 10:31:12,43,48,1702,3214
2023-03-01 10:31:12,42,48,1702,3214
2023-03-01 10:31:26,42,49,1702,3214
2023-03-01 10:31:27,44,49,1702,3214
2023-03-01 10:31:27,44,48,1702,3214
2023-03-01 10:31:27,44,46,1702,3214
2023-03-01 10:31:54,44,47,1702,3214
2023-03-01 10:32:29,43,47,1702,3214
2023-03-01 10:32:29,43,49,1702,3214
2023-03-01 10:32:29,44,49,1702,3214
2023-03-01 10:32:29,46,49,1702,3214
2023-03-01 10:32:34,46,48,1702,3214
2023-03-01 10:32:46,44,48,1702,3214
2023-03-01 10:32:46,42,48,1702,3214
2023-03-01 10:32:46,45,48,1702,3214
2023-03-01 10:32:46,45,47,1702,3214
2023-03-01 10:32:52,45,48,1702,3214
2023-03-01 10:32:52,45,46,1702,3214
2023-03-01 10:33:01,43,46,1702,3214
2023-03-01 10:33:01,41,46,1702,3214
2023-03-01 10:33:02,42,46,1702,3214
2023-03-01 10:33:02,44,46,1702,3214
2023-03-01 10:33:06,45,46,1702,3214
2023-03-01 10:33:45,45,48,1702,3214
2023-03-01 10:33:45,45,51,1702,3214
2023-03-01 10:33:45,45,50,1702,3214
2023-03-01 10:33:45,45,49,1702,3214
2023-03-01 10:33:45,45,47,1702,3214
2023-03-01 10:34:02,45,49,1702,3214
2023-03-01 10:34:02,45,50,1702,3214
2023-03-01 10:34:02,46,50,1702,3214
2023-03-01 10:34:02,46,49,1702,3214
2023-03-01 10:34:27,46,51,1702,3214
2023-03-01 10:34:27,46,52,1702,3214
2023-03-01 10:34:27,47,52,1702,3214
2023-03-01 10:34:27,47,50,1702,3214
2023-03-01 10:34:39,48,50,1702,3214
2023-03-01 10:34:42,48,53,1702,3214
2023-03-01 10:34:42,49,53,1702,3214
2023-03-01 10:34:42,49,52,1702,3214
2023-03-01 10:34:56,48,52,1702,3214
2023-03-01 10:34:56,48,54,1702,3214
2023-03-01 10:34:56,50,54,1702,3214
2023-03-01 10:34:56,50,52,1702,3214
2023-03-01 10:35:27,50,56,1702,3214
2023-03-01 10:35:27,51,56,1702,3214
2023-03-01 10:35:27,51,55,1702,3214
2023-03-01 10:35:27,51,53,1702,3214
2023-03-01 10:35:37,52,53,1702,3214
2023-03-01 10:35:46,52,56,1702,3214
2023-03-01 10:35:46,52,55,1702,3214
2023-03-01 10:35:58,52,56,1702,3214
2023-03-01 10:35:59,53,56,1702,3214
2023-03-01 10:35:59,53,55,1702,3214
2023-03-01 10:36:16,54,55,1702,3214
2023-03-01 10:36:22,54,55,1785,3297
2023-03-01 10:36:30,54,56,1785,3297
2023-03-01 10:36:30,55,56,1785,3297
2023-03-01 10:36:52,54,56,1785,3297
2023-03-01 10:36:52,56,57,1783,3299
2023-03-01 10:36:57,56,58,1783,3299
2023-03-01 10:37:00,54,58,1783,3299
2023-03-01 10:37:00,54,59,1783,3299
2023-03-01 10:37:00,55,59,1783,3299
2023-03-01 10:37:00,55,57,1783,3299
2023-03-01 10:37:28,54,57,1783,3299
2023-03-01 10:37:28,54,59,1783,3299
2023-03-01 10:37:28,56,59,1783,3299
2023-03-01 10:37:40,54,59,1783,3299
2023-03-01 10:37:40,56,59,1783,3299
2023-03-01 10:37:40,56,58,1783,3299
2023-03-01 10:37:57,54,58,1783,3299
2023-03-01 10:37:57,54,59,1783,3299
2023-03-01 10:37:57,56,59,1783,3299
2023-03-01 10:38:13,58,59,1783,3299
2023-03-01 10:38:27,58,59,1673,3409
2023-03-01 10:38:30,60,61,1673,3478
2023-03-01 10:38:32,56,61,1673,3478
2023-03-01 10:38:32,62,63,1709,3514
2023-03-01 10:38:46,62,65,1709,3514
2023-03-01 10:38:46,62,64,1709,3514
2023-03-01 10:38:46,62,65,1709,3514
2023-03-01 10:38:47,62,63,1709,3514
2023-03-01 10:39:01,61,63,1709,3514
2023-03-01 10:39:01,60,63,1709,3514
2023-03-01 10:39:01,60,64,1709,3514
2023-03-01 10:39:02,60,62,1709,3514
2023-03-01 10:39:29,60,64,1709,3514
2023-03-01 10:39:29,60,62,1709,3514
2023-03-01 10:39:43,60,63,1709,3514
2023-03-01 10:39:43,60,62,1709,3514
2023-03-01 10:39:44,59,62,1709,3514
2023-03-01 10:40:04,58,62,1709,3514
2023-03-01 10:40:05,58,61,1709,3514
2023-03-01 10:40:44,60,61,1709,3514
2023-03-01 10:40:56,57,61,1709,3514
2023-03-01 10:40:56,57,61,1821,3626
2023-03-01 10:41:01,56,61,1821,3626
2023-03-01 10:41:01,56,63,1821,3626
2023-03-01 10:41:01,56,65,1821,3626
2023-03-01 10:41:01,60,65,1821,3626
2023-03-01 10:41:01,60,62,1821,3626
2023-03-01 10:41:01,61,62,1821,3626
2023-03-01 10:41:13,60,62,1821,3626
2023-03-01 10:41:26,62,64,1907,3712
2023-03-01 10:41:35,62,68,1907,3712
2023-03-01 10:41:36,62,66,1907,3712
2023-03-01 10:41:36,62,64,1907,3712
2023-03-01 10:41:54,62,66,1907,3712
2023-03-01 10:41:54,62,67,1907,3712
2023-03-01 10:41:55,62,66,1907,3712
2023-03-01 10:41:55,62,65,1907,3712
2023-03-01 10:42:29,62,68,1907,3712
2023-03-01 10:42:29,63,68,1907,3712
2023-03-01 10:42:29,63,66,1907,3712
2023-03-01 10:42:49,62,66,1907,3712
2023-03-01 10:42:49,62,68,1907,3712
2023-03-01 10:42:49,63,68,1907,3712
2023-03-01 10:42:49,63,66,1907,3712
2023-03-01 10:43:01,62,66,1907,3712
2023-03-01 10:43:01,62,68,1907,3712
2023-03-01 10:43:01,62,67,1907,3712
2023-03-01 10:43:01,62,68,1907,3712
2023-03-01 10:43:02,63,68,1907,3712
2023-03-01 10:43:02,63,66,1907,3712
2023-03-01 10:43:26,62,66,1907,3712
2023-03-01 10:43:26,62,68,1907,3712
2023-03-01 10:43:26,63,68,1907,3712
2023-03-01 10:43:26,63,67,1907,3712
2023-03-01 10:43:26,63,65,1907,3712
2023-03-01 10:43:43,62,65,1907,3712
2023-03-01 10:43:43,62,67,1907,3712
2023-03-01 10:43:43,62,65,1907,3712
2023-03-01 10:44:00,62,67,1907,3712
2023-03-01 10:44:00,62,65,1907,3712
2023-03-01 10:44:31,62,66,1907,3712
2023-03-01 10:44:31,62,65,1907,3712
2023-03-01 10:44:44,62,66,1907,3712
2023-03-01 10:44:44,62,64,1907,3712
2023-03-01 10:44:49,62,64,1917,3722
2023-03-01 10:45:04,62,66,1917,3722
2023-03-01 10:45:04,62,64,1917,3722
2023-03-01 10:45:29,62,66,1917,3722
2023-03-01 10:45:29,62,68,1917,3722
2023-03-01 10:45:29,62,65,1917,3722
2023-03-01 10:45:50,62,68,1917,3722
2023-03-01 10:45:50,62,64,1917,3722
2023-03-01 10:46:25,62,66,1917,3722
2023-03-01 10:46:25,62,68,1917,3722
2023-03-01 10:46:25,63,68,1917,3722
2023-03-01 10:46:25,63,67,1917,3722
2023-03-01 10:46:25,63,65,1917,3722
2023-03-01 10:46:43,56,65,1917,3722
2023-03-01 10:46:43,56,69,1917,3722
2023-03-01 10:46:43,59,69,1917,3722
2023-03-01 10:46:43,61,69,1917,3722
2023-03-01 10:46:43,63,69,1917,3722
2023-03-01 10:46:43,63,68,1917,3722
2023-03-01 10:46:43,63,66,1917,3722
2023-03-01 10:47:02,61,66,1917,3722
2023-03-01 10:47:02,61,69,1917,3722
2023-03-01 10:47:02,63,69,1917,3722
2023-03-01 10:47:02,63,68,1917,3722
2023-03-01 10:47:02,63,67,1917,3722
2023-03-01 10:47:02,63,65,1917,3722
2023-03-01 10:47:30,61,65,1917,3722
2023-03-01 10:47:30,56,65,1917,3722
2023-03-01 10:47:30,56,67,1917,3722
2023-03-01 10:47:31,56,66,1917,3722
2023-03-01 10:47:31,57,66,1917,3722
2023-03-01 10:47:31,62,66,1917,3722
2023-03-01 10:47:31,62,67,1917,3722
2023-03-01 10:47:31,62,64,1917,3722
2023-03-01 10:47:44,60,64,1917,3722
2023-03-01 10:47:44,60,66,1917,3722
2023-03-01 10:47:44,62,66,1917,3722
2023-03-01 10:47:44,62,64,1917,3722
2023-03-01 10:48:00,60,64,1917,3722
2023-03-01 10:48:00,57,64,1917,3722
2023-03-01 10:48:00,56,64,1917,3722
2023-03-01 10:48:00,56,66,1917,3722
2023-03-01 10:48:00,56,69,1917,3722
2023-03-01 10:48:00,63,69,1917,3722
2023-03-01 10:48:00,63,69,1917,3722
2023-03-01 10:48:01,63,67,1917,3722
2023-03-01 10:48:01,63,65,1917,3722
2023-03-01 10:48:27,61,65,1917,3722
2023-03-01 10:48:27,56,65,1917,3722
2023-03-01 10:48:27,56,69,1917,3722
2023-03-01 10:48:28,59,69,1917,3722
2023-03-01 10:48:28,63,69,1917,3722
2023-03-01 10:48:28,63,67,1917,3722
2023-03-01 10:48:28,63,65,1917,3722
2023-03-01 10:48:46,61,65,1917,3722
2023-03-01 10:48:46,61,67,1917,3722
2023-03-01 10:48:46,61,69,1917,3722
2023-03-01 10:48:46,63,69,1917,3722
2023-03-01 10:48:46,63,66,1917,3722
2023-03-01 10:49:28,56,66,1917,3722
2023-03-01 10:49:28,56,68,1917,3722
2023-03-01 10:49:28,56,71,1917,3722
2023-03-01 10:49:28,56,70,1917,3722
2023-03-01 10:49:28,56,71,1917,3722
2023-03-01 10:49:28,60,71,1917,3722
2023-03-01 10:49:28,62,71,1917,3722
2023-03-01 10:49:28,64,71,1917,3722
2023-03-01 10:49:28,64,69,1917,3722
2023-03-01 10:49:28,64,67,1917,3722
2023-03-01 10:49:42,62,67,1917,3722
2023-03-01 10:49:42,62,69,1917,3722
2023-03-01 10:49:43,64,69,1917,3722
2023-03-01 10:49:43,64,67,1917,3722
2023-03-01 10:50:00,62,67,1917,3722
2023-03-01 10:50:00,62,71,1917,3722
2023-03-01 10:50:00,62,70,1917,3722
2023-03-01 10:50:01,64,70,1917,3722
2023-03-01 10:50:01,64,68,1917,3722
2023-03-01 10:50:01,64,66,1917,3722
2023-03-01 10:50:30,62,66,1917,3722
2023-03-01 10:50:30,60,66,1917,3722
2023-03-01 10:50:30,57,66,1917,3722
2023-03-01 10:50:30,57,68,1917,3722
2023-03-01 10:50:30,57,70,1917,3722
2023-03-01 10:50:30,57,69,1917,3722
2023-03-01 10:50:30,57,70,1917,3722
2023-03-01 10:50:30,64,70,1917,3722
2023-03-01 10:50:30,64,66,1917,3722
2023-03-01 10:50:48,62,66,1917,3722
2023-03-01 10:50:48,57,66,1917,3722
2023-03-01 10:50:48,59,66,1917,3722
2023-03-01 10:50:48,63,66,1917,3722
2023-03-01 10:51:09,61,66,1917,3722
2023-03-01 10:51:09,61,68,1917,3722
2023-03-01 10:51:10,63,68,1917,3722
2023-03-01 10:51:10,63,66,1917,3722
2023-03-01 10:51:26,61,66,1917,3722
2023-03-01 10:51:26,57,66,1917,3722
2023-03-01 10:51:26,57,70,1917,3722
2023-03-01 10:51:27,57,69,1917,3722
2023-03-01 10:51:27,64,69,1917,3722
2023-03-01 10:51:27,64,68,1917,3722
2023-03-01 10:51:27,64,66,1917,3722
2023-03-01 10:51:51,60,66,1917,3722
2023-03-01 10:51:51,57,66,1917,3722
2023-03-01 10:51:51,57,68,1917,3722
2023-03-01 10:51:51,57,69,1917,3722
2023-03-01 10:51:51,62,69,1917,3722
2023-03-01 10:51:51,64,68,1917,3722
2023-03-01 10:51:51,64,66,1917,3722
2023-03-01 10:52:33,62,66,1917,3722
2023-03-01 10:52:33,62,68,1917,3722
2023-03-01 10:52:33,64,68,1917,3722
2023-03-01 10:52:33,64,66,1917,3722
2023-03-01 10:52:48,62,66,1917,3722
2023-03-01 10:52:48,57,66,1917,3722
2023-03-01 10:52:48,57,68,1917,3722
2023-03-01 10:52:48,59,68,1917,3722
2023-03-01 10:52:48,63,68,1917,3722
2023-03-01 10:52:48,63,66,1917,3722
2023-03-01 10:53:09,61,66,1917,3722
2023-03-01 10:53:09,61,68,1917,3722
2023-03-01 10:53:10,63,68,1917,3722
2023-03-01 10:53:10,63,66,1917,3722
2023-03-01 10:53:48,61,66,1917,3722
2023-03-01 10:53:48,57,66,1917,3722
2023-03-01 10:53:48,57,67,1917,3722
2023-03-01 10:53:48,60,67,1917,3722
2023-03-01 10:53:48,64,67,1917,3722
2023-03-01 10:53:48,64,66,1917,3722
2023-03-01 10:54:11,62,66,1917,3722
2023-03-01 10:54:11,60,66,1917,3722
2023-03-01 10:54:11,57,66,1917,3722
2023-03-01 10:54:11,57,67,1917,3722
2023-03-01 10:54:11,57,66,1917,3722
2023-03-01 10:54:11,57,67,1917,3722
2023-03-01 10:54:11,63,67,1917,3722
2023-03-01 10:54:11,63,65,1917,3722
2023-03-01 10:54:30,63,66,1917,3722
2023-03-01 10:54:30,63,67,1917,3722
2023-03-01 10:54:30,63,65,1917,3722
2023-03-01 10:54:33,61,63,1829,3810
2023-03-01 10:54:57,59,63,1829,3810
2023-03-01 10:54:57,57,63,1829,3810
2023-03-01 10:54:57,60,63,1829,3810
2023-03-01 10:54:57,62,63,1829,3810
2023-03-01 10:55:02,62,65,1859,3848
2023-03-01 10:55:14,60,65,1859,3848
2023-03-01 10:55:14,56,65,1859,3848
2023-03-01 10:55:14,56,66,1859,3848
2023-03-01 10:55:14,62,66,1859,3848
2023-03-01 10:55:14,62,64,1859,3848
2023-03-01 10:55:50,56,64,1859,3848
2023-03-01 10:55:50,56,66,1859,3848
2023-03-01 10:55:50,56,68,1859,3848
2023-03-01 10:55:50,59,68,1859,3848
2023-03-01 10:55:50,63,68,1859,3848
2023-03-01 10:55:50,63,65,1859,3848
2023-03-01 10:56:08,61,65,1859,3848
2023-03-01 10:56:08,61,67,1859,3848
2023-03-01 10:56:08,63,67,1859,3848
2023-03-01 10:56:08,63,65,1859,3848
2023-03-01 10:56:41,63,67,1859,3848
2023-03-01 10:56:41,63,65,1859,3848
2023-03-01 10:56:59,61,65,1859,3848
2023-03-01 10:56:59,56,65,1859,3848
2023-03-01 10:56:59,56,67,1859,3848
2023-03-01 10:56:59,59,67,1859,3848
2023-03-01 10:56:59,63,67,1859,3848
2023-03-01 10:56:59,63,65,1859,3848
2023-03-01 10:57:31,61,65,1859,3848
2023-03-01 10:57:31,59,65,1859,3848
2023-03-01 10:57:31,56,65,1859,3848
2023-03-01 10:57:31,57,65,1859,3848
2023-03-01 10:57:31,62,65,1859,3848
2023-03-01 10:57:32,62,64,1859,3848
2023-03-01 10:57:44,56,64,1859,3848
2023-03-01 10:57:44,61,64,1859,3848
2023-03-01 10:58:12,59,64,1859,3848
2023-03-01 10:58:12,61,64,1859,3848
2023-03-01 10:58:12,61,63,1859,3848
2023-03-01 10:58:56,59,63,1859,3848
2023-03-01 10:58:56,59,64,1859,3848
2023-03-01 10:58:56,61,64,1859,3848
2023-03-01 10:58:56,61,63,1859,3848
2023-03-01 10:58:59,61,63,1860,3849
2023-03-01 10:59:08,56,63,1860,3849
2023-03-01 10:59:08,56,65,1860,3849
2023-03-01 10:59:08,56,68,1860,3849
2023-03-01 10:59:08,56,67,1860,3849
2023-03-01 10:59:08,59,67,1860,3849
2023-03-01 10:59:08,61,67,1860,3849
2023-03-01 10:59:09,61,63,1860,3849
2023-03-01 10:59:32,59,63,1860,3849
2023-03-01 10:59:32,56,63,1860,3849
2023-03-01 10:59:32,56,68,1860,3849
2023-03-01 10:59:32,64,68,1860,3849
2023-03-01 10:59:32,64,67,1860,3849
2023-03-01 10:59:50,56,67,1860,3849
2023-03-01 10:59:50,56,68,1860,3849
2023-03-01 10:59:50,61,68,1860,3849
2023-03-01 10:59:50,65,68,1860,3849
2023-03-01 10:59:50,65,67,1860,3849
2023-03-01 11:00:18,65,66,1860,3849
2023-03-01 11:00:21,63,66,1860,3849
2023-03-01 11:00:21,65,66,1860,3849
2023-03-01 11:00:27,63,65,1728,3981
2023-03-01 11:00:33,63,64,1728,3981
2023-03-01 11:00:36,63,64,1660,4049
2023-03-01 11:00:47,61,64,1660,4049
2023-03-01 11:00:47,59,64,1660,4049
2023-03-01 11:00:47,61,64,1660,4049
2023-03-01 11:01:00,61,63,1660,4049
2023-03-01 11:01:02,59,63,1660,4049
2023-03-01 11:01:02,60,63,1660,4049
2023-03-01 11:01:02,60,62,1660,4049
2023-03-01 11:01:16,60,61,1660,4049
2023-03-01 11:01:25,57,61,1660,4049
2023-03-01 11:01:25,57,60,1660,4049
2023-03-01 11:01:50,57,62,1660,4049
2023-03-01 11:01:50,57,60,1660,4049
2023-03-01 11:02:08,57,62,1660,4049
2023-03-01 11:02:08,57,60,1660,4049
2023-03-01 11:02:10,59,60,1660,4049
2023-03-01 11:02:25,59,62,1660,4049
2023-03-01 11:02:25,59,61,1660,4049
2023-03-01 11:02:25,59,62,1660,4049
2023-03-01 11:02:25,59,61,1660,4049
2023-03-01 11:02:28,57,61,1660,4049
2023-03-01 11:03:09,57,60,1660,4049
2023-03-01 11:03:29,57,61,1660,4049
2023-03-01 11:03:29,57,59,1660,4049
2023-03-01 11:03:50,57,61,1660,4049
2023-03-01 11:03:50,57,60,1660,4049
2023-03-01 11:04:04,56,60,1660,4049
2023-03-01 11:04:06,56,58,1660,4049
2023-03-01 11:04:09,56,59,1660,4049
2023-03-01 11:04:11,56,58,1660,4049
2023-03-01 11:04:23,55,58,1660,4049
2023-03-01 11:04:23,56,58,1660,4049
2023-03-01 11:04:23,57,58,1660,4049
2023-03-01 11:04:26,57,58,1592,4117
2023-03-01 11:04:41,56,58,1560,4149
2023-03-01 11:04:43,52,58,1560,4149
2023-03-01 11:04:44,54,58,1560,4149
2023-03-01 11:04:44,54,56,1560,4149
2023-03-01 11:05:11,53,56,1560,4149
2023-03-01 11:05:11,53,59,1560,4149
2023-03-01 11:05:11,53,57,1560,4149
2023-03-01 11:05:11,53,55,1560,4149
2023-03-01 11:05:39,53,57,1560,4149
2023-03-01 11:05:39,53,59,1560,4149
2023-03-01 11:05:40,53,58,1560,4149
2023-03-01 11:05:40,53,55,1560,4149
2023-03-01 11:05:59,53,57,1560,4149
2023-03-01 11:05:59,53,59,1560,4149
2023-03-01 11:06:00,53,58,1560,4149
2023-03-01 11:06:00,53,56,1560,4149
2023-03-01 11:06:38,52,56,1560,4149
2023-03-01 11:06:38,52,57,1560,4149
2023-03-01 11:06:38,52,56,1560,4149
2023-03-01 11:06:39,52,54,1560,4149
2023-03-01 11:07:09,52,56,1560,4149
2023-03-01 11:07:09,53,56,1560,4149
2023-03-01 11:07:09,53,55,1560,4149
2023-03-01 11:07:25,52,55,1560,4149
2023-03-01 11:07:25,52,56,1560,4149
2023-03-01 11:07:25,52,54,1560,4149
2023-03-01 11:07:25,50,52,1561,4150
2023-03-01 11:07:41,50,56,1561,4150
2023-03-01 11:07:41,51,56,1561,4150
2023-03-01 11:07:41,51,53,1561,4150
2023-03-01 11:07:45,51,55,1681,4270
2023-03-01 11:07:58,49,55,1681,4270
2023-03-01 11:07:58,50,55,1681,4270
2023-03-01 11:07:58,50,53,1681,4270
2023-03-01 11:08:31,49,53,1681,4270
2023-03-01 11:08:31,49,55,1681,4270
2023-03-01 11:08:32,51,55,1681,4270
2023-03-01 11:08:32,51,53,1681,4270
2023-03-01 11:08:36,51,52,1681,4270
2023-03-01 11:08:37,49,51,1588,4363
2023-03-01 11:08:39,49,50,1588,4363
2023-03-01 11:08:40,49,50,1281,4670
2023-03-01 11:08:40,49,50,1281,4670
2023-03-01 11:08:42,47,49,1281,4831
2023-03-01 11:08:45,47,49,1198,5060
2023-03-01 11:08:48,47,50,1098,5160
2023-03-01 11:08:52,47,50,998,5260
2023-03-01 11:08:55,47,48,998,5260
2023-03-01 11:08:56,47,48,953,5360
2023-03-01 11:09:00,47,48,953,5460
2023-03-01 11:09:00,45,46,953,5528
2023-03-01 11:09:02,45,46,953,5553
2023-03-01 11:09:03,45,46,953,5653
2023-03-01 11:09:06,45,47,953,5653
2023-03-01 11:09:07,45,47,953,5753
2023-03-01 11:09:09,41,47,953,5753
2023-03-01 11:09:09,43,47,953,5753
2023-03-01 11:09:10,43,45,953,5753
2023-03-01 11:09:11,41,43,953,5815
2023-03-01 11:09:17,41,45,953,5815
2023-03-01 11:09:19,42,45,953,5815
2023-03-01 11:09:26,42,47,953,5815
2023-03-01 11:09:26,42,48,953,5815
2023-03-01 11:09:26,42,48,953,6125
2023-03-01 11:09:26,39,48,1053,6435
2023-03-01 11:09:26,39,48,1053,6497
2023-03-01 11:09:26,39,47,1053,6497
2023-03-01 11:09:27,39,43,1053,6497
2023-03-01 11:09:49,41,43,1053,6497
2023-03-01 11:09:50,41,45,1053,6497
2023-03-01 11:09:50,41,44,1053,6497
2023-03-01 11:09:50,39,41,1353,6797
2023-03-01 11:09:50,39,41,1353,6890
2023-03-01 11:09:51,41,44,1353,6900
2023-03-01 11:09:56,39,44,1353,6900
2023-03-01 11:10:01,39,43,1353,6900
2023-03-01 11:10:05,39,40,1353,6900
2023-03-01 11:10:07,39,40,1353,7000
2023-03-01 11:10:15,37,40,1353,7000
2023-03-01 11:10:18,35,40,1353,7000
2023-03-01 11:10:18,35,41,1353,7000
2023-03-01 11:10:19,38,41,1353,7000
2023-03-01 11:10:19,38,40,1353,7000
2023-03-01 11:10:40,36,40,1353,7000
2023-03-01 11:10:40,35,40,1353,7000
2023-03-01 11:10:40,35,42,1353,7000
2023-03-01 11:10:41,36,42,1353,7000
2023-03-01 11:10:41,36,39,1353,7000
2023-03-01 11:10:42,36,39,1421,7100
2023-03-01 11:10:45,36,41,1533,7212
2023-03-01 11:10:46,37,41,1533,7212
2023-03-01 11:10:59,37,39,1533,7212
2023-03-01 11:11:14,37,38,1533,7212
2023-03-01 11:11:26,35,37,1406,7346
2023-03-01 11:11:35,34,37,1406,7346
2023-03-01 11:11:35,35,37,1406,7346
2023-03-01 11:11:50,34,37,1406,7346
2023-03-01 11:11:50,34,38,1406,7346
2023-03-01 11:11:50,34,35,1406,7346
2023-03-01 11:11:52,35,37,1448,7388
2023-03-01 11:12:11,34,37,1448,7388
2023-03-01 11:12:11,34,38,1448,7388
2023-03-01 11:12:12,34,37,1448,7388
2023-03-01 11:12:30,34,36,1448,7388
2023-03-01 11:12:46,34,37,1448,7388
2023-03-01 11:12:46,34,36,1448,7388
2023-03-01 11:13:03,33,36,1448,7388
2023-03-01 11:13:16,32,36,1448,7388
2023-03-01 11:13:16,32,37,1448,7388
2023-03-01 11:13:17,34,37,1448,7388
2023-03-01 11:13:17,34,36,1448,7388
2023-03-01 11:13:45,34,37,1448,7388
2023-03-01 11:13:45,34,36,1448,7388
2023-03-01 11:13:54,34,38,1643,7583
2023-03-01 11:13:58,36,38,1643,7583
2023-03-01 11:14:06,36,38,1976,7916
2023-03-01 11:14:10,34,38,1976,7916
2023-03-01 11:14:11,34,39,1976,7916
2023-03-01 11:14:12,35,39,1976,7916
2023-03-01 11:14:12,35,37,1976,7916
2023-03-01 11:14:16,35,37,2001,7941
2023-03-01 11:14:33,35,38,2001,7941
2023-03-01 11:14:33,36,38,2001,7941
2023-03-01 11:14:33,36,37,2001,7941
2023-03-01 11:14:36,36,38,2001,7941
2023-03-01 11:14:44,36,37,2001,7941
2023-03-01 11:14:58,36,38,2001,7941
2023-03-01 11:14:58,34,38,2001,7941
2023-03-01 11:14:58,35,38,2001,7941
2023-03-01 11:15:09,35,37,2001,7941
2023-03-01 11:15:15,35,38,2001,7941
2023-03-01 11:15:16,34,38,2001,7941
2023-03-01 11:15:16,35,38,2001,7941
2023-03-01 11:15:16,35,37,2001,7941
2023-03-01 11:15:38,34,37,2001,7941
2023-03-01 11:15:38,34,38,2001,7941
2023-03-01 11:15:39,35,38,2001,7941
2023-03-01 11:15:51,35,37,2001,7941
2023-03-01 11:16:03,32,37,2001,7941
2023-03-01 11:16:03,33,37,2001,7941
2023-03-01 11:16:03,35,37,2001,7941
2023-03-01 11:16:05,35,38,2001,7941
2023-03-01 11:16:13,35,38,2001,7941
2023-03-01 11:16:13,33,35,1760,8182
2023-03-01 11:16:20,32,35,1760,8182
2023-03-01 11:16:20,34,35,1760,8182
2023-03-01 11:16:37,32,35,1760,8182
2023-03-01 11:16:38,33,35,1760,8182
2023-03-01 11:16:54,33,36,1760,8182
2023-03-01 11:17:06,33,35,1760,8182
2023-03-01 11:17:28,32,35,1760,8182
2023-03-01 11:17:28,33,35,1760,8182
2023-03-01 11:17:41,32,35,1760,8182
2023-03-01 11:17:52,32,34,1760,8182
2023-03-01 11:18:06,32,35,1760,8182
2023-03-01 11:18:11,32,34,1760,8182
2023-03-01 11:18:13,32,35,1760,8182
2023-03-01 11:18:25,33,35,1760,8182
2023-03-01 11:18:27,33,37,1760,8182
2023-03-01 11:18:27,33,36,1760,8182
2023-03-01 11:18:42,35,36,1760,8182
2023-03-01 11:19:04,33,36,1760,8182
2023-03-01 11:19:04,33,37,1760,8182
2023-03-01 11:19:05,34,37,1760,8182
2023-03-01 11:19:05,34,36,1760,8182
2023-03-01 11:19:15,34,35,1760,8182
2023-03-01 11:19:16,34,36,1760,8182
2023-03-01 11:19:22,34,35,1760,8182
2023-03-01 11:19:23,34,35,1735,8207
2023-03-01 11:19:37,31,35,1735,8207
2023-03-01 11:19:37,33,35,1735,8207
2023-03-01 11:19:52,30,35,1735,8207
2023-03-01 11:19:52,32,35,1735,8207
2023-03-01 11:19:52,32,34,1735,8207
2023-03-01 11:20:09,30,34,1735,8207
2023-03-01 11:20:09,30,35,1735,8207
2023-03-01 11:20:09,30,33,1735,8207
2023-03-01 11:20:39,30,35,1735,8207
2023-03-01 11:20:40,32,35,1735,8207
2023-03-01 11:20:40,32,34,1735,8207
2023-03-01 11:20:57,30,34,1735,8207
2023-03-01 11:20:57,30,36,1735,8207
2023-03-01 11:20:58,32,36,1735,8207
2023-03-01 11:20:58,32,35,1735,8207
2023-03-01 11:21:17,32,34,1735,8207
2023-03-01 11:21:26,30,34,1735,8207
2023-03-01 11:21:26,31,34,1735,8207
2023-03-01 11:21:44,31,36,1735,8207
2023-03-01 11:21:44,31,34,1735,8207
2023-03-01 11:21:44,31,32,1735,8207
2023-03-01 11:21:45,31,32,1739,8211
2023-03-01 11:21:46,32,34,1781,8253
2023-03-01 11:21:52,31,36,2250,8722
2023-03-01 11:21:53,33,36,2250,8722
2023-03-01 11:22:05,35,36,2250,8722
2023-03-01 11:22:20,35,36,2246,8726
2023-03-01 11:22:24,33,36,2246,8726
2023-03-01 11:22:24,35,36,2246,8726
2023-03-01 11:22:25,35,37,2246,8726
2023-03-01 11:22:42,33,37,2246,8726
2023-03-01 11:22:42,33,38,2246,8726
2023-03-01 11:22:42,35,38,2246,8726
2023-03-01 11:22:53,34,38,2246,8726
2023-03-01 11:22:53,35,38,2246,8726
2023-03-01 11:22:59,34,38,2246,8726
2023-03-01 11:22:59,34,39,2246,8726
2023-03-01 11:22:59,35,39,2246,8726
2023-03-01 11:23:00,35,38,2246,8726
2023-03-01 11:23:06,36,38,2246,8726
2023-03-01 11:23:14,37,38,2246,8726
2023-03-01 11:23:14,37,40,2536,9016
2023-03-01 11:23:24,37,42,2536,9016
2023-03-01 11:23:24,39,42,2536,9016
2023-03-01 11:23:41,37,42,2536,9016
2023-03-01 11:23:41,40,42,2536,9016
2023-03-01 11:23:44,40,41,2536,9016
2023-03-01 11:23:45,40,41,2436,9116
2023-03-01 11:23:48,38,40,2419,9133
2023-03-01 11:24:05,38,42,2419,9133
2023-03-01 11:24:05,36,42,2419,9133
2023-03-01 11:24:05,37,42,2419,9133
2023-03-01 11:24:05,39,42,2419,9133
2023-03-01 11:24:05,39,41,2419,9133
2023-03-01 11:24:32,36,41,2419,9133
2023-03-01 11:24:32,36,42,2419,9133
2023-03-01 11:24:32,37,42,2419,9133
2023-03-01 11:24:32,39,42,2419,9133
2023-03-01 11:24:32,39,41,2419,9133
2023-03-01 11:24:52,37,41,2419,9133
2023-03-01 11:24:52,39,41,2419,9133
2023-03-01 11:25:10,38,41,2419,9133
2023-03-01 11:25:10,38,43,2419,9133
2023-03-01 11:25:11,39,43,2419,9133
2023-03-01 11:25:11,39,41,2419,9133
2023-03-01 11:25:19,40,41,2419,9133
2023-03-01 11:25:24,40,44,2468,9182
2023-03-01 11:25:26,41,44,2468,9182
2023-03-01 11:25:30,41,45,2468,9182
2023-03-01 11:25:30,41,46,2468,9182
2023-03-01 11:25:30,41,44,2468,9182
2023-03-01 11:25:55,41,46,2468,9182
2023-03-01 11:25:55,43,46,2468,9182
2023-03-01 11:26:10,41,46,2468,9182
2023-03-01 11:26:10,43,46,2468,9182
2023-03-01 11:26:35,41,46,2468,9182
2023-03-01 11:26:35,41,47,2468,9182
2023-03-01 11:26:36,42,47,2468,9182
2023-03-01 11:26:36,44,47,2468,9182
2023-03-01 11:26:36,44,46,2468,9182
2023-03-01 11:26:50,41,46,2468,9182
2023-03-01 11:26:50,41,47,2468,9182
2023-03-01 11:26:50,42,47,2468,9182
2023-03-01 11:26:50,44,47,2468,9182
2023-03-01 11:26:50,44,46,2468,9182
2023-03-01 11:27:05,43,46,2468,9182
2023-03-01 11:27:05,43,48,2468,9182
2023-03-01 11:27:06,44,48,2468,9182
2023-03-01 11:27:06,44,46,2468,9182
2023-03-01 11:27:18,45,46,2468,9182
2023-03-01 11:27:25,45,48,2468,9182
2023-03-01 11:27:25,45,50,2468,9182
2023-03-01 11:27:25,46,50,2468,9182
2023-03-01 11:27:25,46,49,2468,9182
2023-03-01 11:27:45,45,49,2468,9182
2023-03-01 11:27:45,45,50,2468,9182
2023-03-01 11:27:45,47,50,2468,9182
2023-03-01 11:27:45,47,49,2468,9182
2023-03-01 11:28:08,45,49,2468,9182
2023-03-01 11:28:08,45,51,2468,9182
2023-03-01 11:28:08,47,51,2468,9182
2023-03-01 11:28:08,47,49,2468,9182
2023-03-01 11:28:33,46,49,2468,9182
2023-03-01 11:28:33,46,52,2468,9182
2023-03-01 11:28:33,47,52,2468,9182
2023-03-01 11:28:33,47,50,2468,9182
2023-03-01 11:28:48,47,52,2468,9182
2023-03-01 11:28:48,48,52,2468,9182
2023-03-01 11:28:48,48,51,2468,9182
2023-03-01 11:29:01,48,50,2468,9182
2023-03-01 11:29:04,48,50,2368,9282
2023-03-01 11:29:04,46,50,2368,9282
2023-03-01 11:29:04,48,50,2368,9282
2023-03-01 11:29:08,48,50,2268,9382
2023-03-01 11:29:11,48,50,2168,9482
2023-03-01 11:29:15,46,48,2131,9519
2023-03-01 11:29:23,46,50,2131,9519
2023-03-01 11:29:26,44,49,2131,9519
2023-03-01 11:29:26,46,49,2131,9519
2023-03-01 11:29:26,46,48,2131,9519
2023-03-01 11:29:47,46,52,2131,9519
2023-03-01 11:29:47,47,52,2131,9519
2023-03-01 11:29:47,47,50,2131,9519
2023-03-01 11:30:06,45,50,2131,9519
2023-03-01 11:30:06,47,50,2131,9519
2023-03-01 11:30:07,47,49,2131,9519
2023-03-01 11:30:28,47,49,2031,9619
2023-03-01 11:30:28,44,49,2031,9619
2023-03-01 11:30:28,45,49,2031,9619
2023-03-01 11:30:28,45,47,2031,9619
2023-03-01 11:30:39,46,47,2031,9619
2023-03-01 11:30:45,45,47,2031,9619
2023-03-01 11:30:45,45,49,2031,9619
2023-03-01 11:30:45,45,51,2031,9619
2023-03-01 11:30:45,45,48,2031,9619
2023-03-01 11:30:56,46,48,2031,9619
2023-03-01 11:31:05,47,48,2031,9619
2023-03-01 11:31:05,47,50,2031,9619
2023-03-01 11:31:06,47,48,2031,9619
2023-03-01 11:31:25,47,51,2031,9619
2023-03-01 11:31:25,47,50,2031,9619
2023-03-01 11:31:37,48,50,2031,9619
2023-03-01 11:31:45,48,52,2031,9619
2023-03-01 11:31:45,48,50,2031,9619
2023-03-01 11:31:49,49,50,2031,9619
2023-03-01 11:32:02,48,50,2031,9619
2023-03-01 11:32:08,48,54,2031,9619
2023-03-01 11:32:08,49,54,2031,9619
2023-03-01 11:32:08,49,51,2031,9619
2023-03-01 11:32:31,47,51,2031,9619
2023-03-01 11:32:31,47,52,2031,9619
2023-03-01 11:32:32,48,52,2031,9619
2023-03-01 11:32:32,48,50,2031,9619
2023-03-01 11:32:51,47,50,2031,9619
2023-03-01 11:32:51,47,52,2031,9619
2023-03-01 11:32:51,47,49,2031,9619
2023-03-01 11:33:13,45,49,2031,9619
2023-03-01 11:33:13,45,50,2031,9619
2023-03-01 11:33:14,47,50,2031,9619
2023-03-01 11:33:14,47,49,2031,9619
2023-03-01 11:33:39,47,51,2031,9619
2023-03-01 11:33:39,47,53,2031,9619
2023-03-01 11:33:39,47,52,2031,9619
2023-03-01 11:33:39,47,50,2031,9619
2023-03-01 11:33:39,47,48,2031,9619
2023-03-01 11:33:56,46,48,2031,9619
2023-03-01 11:34:00,46,51,2031,9619
2023-03-01 11:34:00,46,49,2031,9619
2023-03-01 11:34:29,44,49,2031,9619
2023-03-01 11:34:29,44,50,2031,9619
2023-03-01 11:34:30,46,50,2031,9619
2023-03-01 11:34:30,46,48,2031,9619
2023-03-01 11:34:43,45,48,2031,9619
2023-03-01 11:34:43,45,50,2031,9619
2023-03-01 11:34:44,45,49,2031,9619
2023-03-01 11:34:44,45,47,2031,9619
2023-03-01 11:34:47,46,47,2031,9619
2023-03-01 11:35:02,47,49,2078,9666
2023-03-01 11:35:06,47,50,2078,9666
2023-03-01 11:35:06,47,49,2078,9666
2023-03-01 11:35:13,48,49,2078,9666
2023-03-01 11:35:18,48,51,2078,9666
2023-03-01 11:35:18,48,49,2078,9666
2023-03-01 11:35:21,47,49,2078,9666
2023-03-01 11:35:29,47,51,2078,9666
2023-03-01 11:35:29,48,51,2078,9666
2023-03-01 11:35:36,49,51,2078,9666
2023-03-01 11:35:45,49,53,2078,9666
2023-03-01 11:35:45,49,50,2078,9666
2023-03-01 11:36:06,49,53,2078,9666
2023-03-01 11:36:06,49,51,2078,9666
2023-03-01 11:36:07,51,53,2170,9758
2023-03-01 11:36:09,51,53,2431,10019
2023-03-01 11:36:12,50,53,2431,10019
2023-03-01 11:36:26,49,53,2431,10019
2023-03-01 11:36:27,49,55,2431,10019
2023-03-01 11:36:28,52,55,2431,10019
2023-03-01 11:36:47,50,55,2431,10019
2023-03-01 11:36:47,49,55,2431,10019
2023-03-01 11:36:47,51,55,2431,10019
2023-03-01 11:36:47,51,53,2431,10019
2023-03-01 11:37:01,51,52,2431,10019
2023-03-01 11:37:02,51,53,2431,10019
2023-03-01 11:37:02,49,51,2309,10141
2023-03-01 11:37:14,49,51,2187,10263
2023-03-01 11:37:16,49,50,2187,10263
2023-03-01 11:37:22,49,50,2087,10363
2023-03-01 11:37:30,47,50,2087,10363
2023-03-01 11:37:31,48,50,2087,10363
2023-03-01 11:37:33,48,49,2087,10363
2023-03-01 11:37:46,48,50,2087,10363
2023-03-01 11:37:56,46,50,2087,10363
2023-03-01 11:37:56,46,49,2087,10363
2023-03-01 11:38:19,47,49,2087,10363
2023-03-01 11:38:27,48,49,2087,10363
2023-03-01 11:38:29,47,49,2087,10363
2023-03-01 11:38:59,47,50,2087,10363
2023-03-01 11:38:59,47,49,2087,10363
2023-03-01 11:39:14,48,49,2087,10363
2023-03-01 11:39:21,47,49,2087,10363
2023-03-01 11:39:23,47,51,2087,10363
2023-03-01 11:39:23,48,51,2087,10363
2023-03-01 11:39:23,48,50,2087,10363
2023-03-01 11:39:39,47,50,2087,10363
2023-03-01 11:39:39,47,49,2087,10363
2023-03-01 11:40:02,48,49,2087,10363
2023-03-01 11:40:12,49,51,2134,10410
2023-03-01 11:40:29,50,51,2134,10410
2023-03-01 11:40:34,50,53,2134,10410
2023-03-01 11:40:34,50,51,2134,10410
2023-03-01 11:40:44,51,53,2178,10454
2023-03-01 11:40:45,52,53,2178,10454
2023-03-01 11:40:47,51,53,2178,10454
2023-03-01 11:40:54,52,53,2178,10454
2023-03-01 11:40:56,52,55,2178,10454
2023-03-01 11:40:56,52,53,2178,10454
2023-03-01 11:41:01,52,53,2253,10529
2023-03-01 11:41:02,52,53,2331,10607
2023-03-01 11:41:16,53,55,2357,10633
2023-03-01 11:41:17,53,57,2357,10633
2023-03-01 11:41:18,53,54,2357,10633
2023-03-01 11:41:20,53,56,2536,10812
2023-03-01 11:41:27,55,56,2536,10812
2023-03-01 11:41:40,52,56,2536,10812
2023-03-01 11:41:40,52,56,2631,10907
2023-03-01 11:41:45,47,56,2631,10907
2023-03-01 11:41:45,45,56,2631,10907
2023-03-01 11:41:45,45,60,2631,10907
2023-03-01 11:41:45,56,60,2631,10907
2023-03-01 11:41:45,57,60,2631,10907
2023-03-01 11:41:45,57,60,2470,11068
2023-03-01 11:42:06,56,60,2470,11068
2023-03-01 11:42:06,59,60,2470,11068
2023-03-01 11:42:07,59,61,2349,11189
2023-03-01 11:42:07,59,61,2331,11207
2023-03-01 11:42:15,59,63,2331,11207
2023-03-01 11:42:22,59,62,2331,11207
2023-03-01 11:42:25,59,61,2331,11207
2023-03-01 11:42:27,55,61,2331,11207
2023-03-01 11:42:27,56,61,2331,11207
2023-03-01 11:42:27,56,61,2200,11338
2023-03-01 11:42:27,59,61,2200,11338
2023-03-01 11:42:38,59,60,2200,11338
2023-03-01 11:42:39,59,60,2100,11438
2023-03-01 11:42:43,59,60,2079,11538
2023-03-01 11:42:47,59,60,2079,11638
2023-03-01 11:42:51,59,60,2079,11738
2023-03-01 11:42:54,56,59,2079,11777
2023-03-01 11:43:02,56,60,2079,11777
2023-03-01 11:43:02,57,60,2079,11777
2023-03-01 11:43:13,56,60,2079,11777
2023-03-01 11:43:14,57,60,2079,11777
2023-03-01 11:43:25,58,60,2079,11777
2023-03-01 11:43:30,57,60,2079,11777
2023-03-01 11:43:32,58,60,2079,11777
2023-03-01 11:43:37,57,60,2079,11777
2023-03-01 11:43:40,57,61,2079,11777
2023-03-01 11:43:40,57,60,2079,11777
2023-03-01 11:43:40,57,58,2079,11777
2023-03-01 11:43:51,56,58,2079,11777
2023-03-01 11:43:58,56,60,2079,11777
2023-03-01 11:43:58,56,58,2079,11777
2023-03-01 11:44:27,57,58,2079,11777
2023-03-01 11:44:28,56,58,2079,11777
2023-03-01 11:44:37,57,58,2079,11777
2023-03-01 11:44:39,57,61,2079,11777
2023-03-01 11:44:40,57,60,2079,11777
2023-03-01 11:44:40,57,59,2079,11777
2023-03-01 11:44:40,57,59,2173,11871
2023-03-01 11:44:46,56,57,2200,11898
2023-03-01 11:45:11,56,60,2200,11898
2023-03-01 11:45:11,56,58,2200,11898
2023-03-01 11:45:27,56,60,2200,11898
2023-03-01 11:45:27,56,59,2200,11898
2023-03-01 11:45:39,58,59,2200,11898
2023-03-01 11:45:53,58,61,2200,11898
2023-03-01 11:45:53,58,59,2200,11898
2023-03-01 11:45:58,56,59,2200,11898
2023-03-01 11:46:02,58,59,2200,11898
2023-03-01 11:46:11,58,61,2200,11898
2023-03-01 11:46:11,58,59,2200,11898
2023-03-01 11:46:22,58,59,2210,11908
2023-03-01 11:46:25,57,59,2210,11908
2023-03-01 11:46:33,57,61,2210,11908
2023-03-01 11:46:33,57,63,2210,11908
2023-03-01 11:46:34,57,62,2210,11908
2023-03-01 11:46:34,57,60,2210,11908
2023-03-01 11:46:43,58,60,2210,11908
2023-03-01 11:46:47,59,60,2210,11908
2023-03-01 11:46:54,59,62,2210,11908
2023-03-01 11:46:54,59,65,2210,11908
2023-03-01 11:46:54,59,63,2210,11908
2023-03-01 11:46:54,59,61,2210,11908
2023-03-01 11:47:09,59,65,2210,11908
2023-03-01 11:47:09,60,65,2210,11908
2023-03-01 11:47:09,60,62,2210,11908
2023-03-01 11:47:30,62,64,2302,12000
2023-03-01 11:47:33,60,64,2302,12000
2023-03-01 11:47:33,60,64,2510,12208
2023-03-01 11:47:38,56,64,2510,12208
2023-03-01 11:47:38,56,66,2510,12208
2023-03-01 11:47:38,56,68,2510,12208
2023-03-01 11:47:39,61,68,2510,12208
2023-03-01 11:47:39,61,67,2510,12208
2023-03-01 11:47:39,61,63,2510,12208
2023-03-01 11:47:45,63,65,2510,12254
2023-03-01 11:47:48,63,67,2510,12254
2023-03-01 11:47:48,63,68,2510,12254
2023-03-01 11:47:48,63,66,2510,12254
2023-03-01 11:47:48,63,66,2510,12355
2023-03-01 11:47:48,65,66,2510,12355
2023-03-01 11:48:21,63,68,2510,12355
2023-03-01 11:48:21,51,68,2510,12355
2023-03-01 11:48:21,68,69,2509,12356
2023-03-01 11:48:40,51,69,2509,12356
2023-03-01 11:48:40,63,69,2509,12356
2023-03-01 11:48:40,67,69,2509,12356
2023-03-01 11:48:58,65,69,2509,12356
2023-03-01 11:48:58,51,69,2509,12356
2023-03-01 11:48:59,68,69,2509,12356
2023-03-01 11:49:18,66,69,2509,12537
2023-03-01 11:49:19,68,69,2509,12537
2023-03-01 11:49:30,51,69,2509,12537
2023-03-01 11:49:30,63,69,2509,12537
2023-03-01 11:49:31,67,69,2509,12537
2023-03-01 11:50:08,65,69,2509,12537
2023-03-01 11:50:08,67,69,2509,12537
2023-03-01 11:50:49,65,69,2509,12537
2023-03-01 11:50:49,60,69,2509,12537
2023-03-01 11:50:49,60,71,2509,12537
2023-03-01 11:50:49,66,71,2509,12537
2023-03-01 11:50:49,68,71,2509,12537
2023-03-01 11:50:49,68,70,2509,12537
2023-03-01 11:51:13,66,70,2509,12537
2023-03-01 11:51:13,66,71,2509,12537
2023-03-01 11:51:13,68,71,2509,12537
2023-03-01 11:51:13,68,70,2509,12537
2023-03-01 11:51:21,68,69,2509,12537
2023-03-01 11:51:26,66,68,2322,12724
2023-03-01 11:51:34,64,68,2322,12724
2023-03-01 11:51:34,64,69,2276,12770
2023-03-01 11:51:34,67,69,2276,12770
2023-03-01 11:51:46,67,69,2209,12837
2023-03-01 11:51:48,67,70,2209,12837
2023-03-01 11:51:59,67,71,2209,12837
2023-03-01 11:52:03,67,72,2209,12837
2023-03-01 11:52:06,66,72,2209,12837
2023-03-01 11:52:06,66,68,2209,12837
2023-03-01 11:52:13,67,68,2209,12837
2023-03-01 11:52:44,67,68,2442,13070
2023-03-01 11:52:45,67,68,2509,13137
2023-03-01 11:52:53,65,68,2509,13137
2023-03-01 11:52:53,63,68,2509,13137
2023-03-01 11:52:53,60,68,2509,13137
2023-03-01 11:52:53,60,69,2509,13137
2023-03-01 11:52:53,60,72,2509,13137
2023-03-01 11:52:54,67,72,2509,13137
2023-03-01 11:52:54,67,70,2509,13137
2023-03-01 11:53:11,65,70,2509,13137
2023-03-01 11:53:11,65,72,2509,13137
2023-03-01 11:53:11,65,73,2509,13137
2023-03-01 11:53:11,69,73,2509,13137
2023-03-01 11:53:11,69,72,2509,13137
2023-03-01 11:53:28,69,71,2509,13137
2023-03-01 11:53:33,69,72,2509,13137
2023-03-01 11:53:34,69,71,2509,13137
2023-03-01 11:53:38,69,72,2509,13137
2023-03-01 11:53:39,67,72,2509,13137
2023-03-01 11:53:39,65,72,2509,13137
2023-03-01 11:53:39,60,72,2509,13137
2023-03-01 11:53:39,68,72,2509,13137
2023-03-01 11:53:39,70,72,2509,13137
2023-03-01 11:53:43,70,73,2509,13137
2023-03-01 11:53:54,70,72,2509,13137
2023-03-01 11:53:59,70,71,2509,13137
2023-03-01 11:54:04,68,71,2509,13137
2023-03-01 11:54:04,70,71,2509,13137
2023-03-01 11:54:27,68,71,2509,13137
2023-03-01 11:54:27,60,71,2509,13137
2023-03-01 11:54:27,69,71,2509,13137
2023-03-01 11:54:43,69,70,2509,13137
2023-03-01 11:54:53,69,70,2342,13304
2023-03-01 11:55:03,69,72,2342,13304
2023-03-01 11:55:03,67,72,2342,13304
2023-03-01 11:55:04,69,72,2342,13304
2023-03-01 11:55:18,69,70,2342,13304
2023-03-01 11:55:28,67,70,2342,13304
2023-03-01 11:55:28,65,70,2342,13304
2023-03-01 11:55:28,69,70,2342,13304
2023-03-01 11:55:44,67,70,2342,13304
2023-03-01 11:55:44,65,70,2342,13304
2023-03-01 11:55:44,67,70,2342,13304
2023-03-01 11:55:44,67,69,2342,13304
2023-03-01 11:56:09,65,69,2342,13304
2023-03-01 11:56:09,65,70,2342,13304
2023-03-01 11:56:09,67,70,2342,13304
2023-03-01 11:56:31,67,72,2342,13304
2023-03-01 11:56:31,68,72,2342,13304
2023-03-01 11:56:31,68,70,2342,13304
2023-03-01 11:56:56,67,70,2342,13304
2023-03-01 11:56:56,67,71,2342,13304
2023-03-01 11:56:56,68,71,2342,13304
2023-03-01 11:56:56,68,70,2342,13304
2023-03-01 11:57:31,67,70,2342,13304
2023-03-01 11:57:31,67,72,2342,13304
2023-03-01 11:57:31,68,72,2342,13304
2023-03-01 11:57:37,68,71,2342,13304
2023-03-01 11:57:56,68,70,2342,13304
2023-03-01 11:57:58,67,70,2342,13304
2023-03-01 11:57:59,69,70,2342,13304
2023-03-01 11:57:59,69,71,2342,13304
2023-03-01 11:58:01,69,70,2342,13304
2023-03-01 11:58:03,69,71,2342,13304
2023-03-01 11:58:07,69,72,2342,13304
2023-03-01 11:58:08,69,71,2342,13304
2023-03-01 11:58:15,69,72,2342,13304
2023-03-01 11:58:16,69,71,2342,13304
2023-03-01 11:58:40,69,70,2342,13304
2023-03-01 11:58:43,67,70,2342,13304
2023-03-01 11:58:43,69,70,2342,13304
2023-03-01 11:58:50,67,69,2294,13352
2023-03-01 11:58:56,67,71,2294,13352
2023-03-01 11:58:56,67,70,2294,13352
2023-03-01 11:59:12,68,70,2294,13352
2023-03-01 11:59:29,67,70,2294,13352
2023-03-01 11:59:29,68,70,2294,13352
2023-03-01 11:59:38,68,69,2294,13352
2023-03-01 11:59:49,66,69,2294,13352
2023-03-01 11:59:50,68,69,2294,13352
2023-03-01 12:00:06,66,69,2294,13352
2023-03-01 12:00:06,65,69,2294,13352
2023-03-01 12:00:06,67,69,2294,13352
2023-03-01 12:00:10,67,68,2294,13352
2023-03-01 12:00:21,67,69,2294,13352
2023-03-01 12:00:38,65,69,2294,13352
2023-03-01 12:00:38,67,69,2294,13352
2023-03-01 12:00:40,67,68,2294,13352
2023-03-01 12:00:49,67,69,2294,13352
2023-03-01 12:00:57,67,68,2294,13352
2023-03-01 12:00:57,65,68,2294,13352
2023-03-01 12:00:57,66,68,2294,13352
2023-03-01 12:01:02,66,69,2294,13352
2023-03-01 12:01:10,66,68,2294,13352
2023-03-01 12:01:27,65,68,2294,13352
2023-03-01 12:01:27,67,68,2294,13352
2023-03-01 12:01:28,67,69,2294,13352
2023-03-01 12:01:43,65,69,2294,13352
2023-03-01 12:01:43,65,70,2294,13352
2023-03-01 12:01:43,67,70,2294,13352
2023-03-01 12:01:55,67,69,2294,13352
2023-03-01 12:01:58,65,69,2294,13352
2023-03-01 12:01:58,68,69,2294,13352
2023-03-01 12:02:02,68,70,2294,13352
2023-03-01 12:02:11,68,69,2294,13352
2023-03-01 12:02:18,68,69,2210,13436
2023-03-01 12:02:22,66,69,2210,13436
2023-03-01 12:02:22,65,69,2210,13436
2023-03-01 12:02:22,67,69,2210,13436
2023-03-01 12:02:29,65,69,2210,13436
2023-03-01 12:02:29,67,69,2210,13436
2023-03-01 12:02:44,65,69,2210,13436
2023-03-01 12:02:45,66,69,2210,13436
2023-03-01 12:03:05,65,69,2210,13436
2023-03-01 12:03:05,67,69,2210,13436
2023-03-01 12:03:21,67,69,2209,13437
2023-03-01 12:03:32,64,69,2209,13437
2023-03-01 12:03:32,66,69,2209,13437
2023-03-01 12:03:32,66,68,2209,13437
2023-03-01 12:03:58,64,68,2209,13437
2023-03-01 12:03:58,64,70,2209,13437
2023-03-01 12:03:58,66,70,2209,13437
2023-03-01 12:03:58,66,68,2209,13437
2023-03-01 12:04:25,64,68,2209,13437
2023-03-01 12:04:25,64,70,2209,13437
2023-03-01 12:04:25,66,70,2209,13437
2023-03-01 12:04:25,66,68,2209,13437
2023-03-01 12:04:43,63,68,2209,13437
2023-03-01 12:04:43,63,69,2209,13437
2023-03-01 12:04:43,65,69,2209,13437
2023-03-01 12:04:43,65,67,2209,13437
2023-03-01 12:05:00,63,67,2209,13437
2023-03-01 12:05:00,63,69,2209,13437
2023-03-01 12:05:00,64,69,2209,13437
2023-03-01 12:05:00,64,67,2209,13437
2023-03-01 12:05:24,62,67,2209,13437
2023-03-01 12:05:24,62,68,2209,13437
2023-03-01 12:05:24,64,68,2209,13437
2023-03-01 12:05:24,64,66,2209,13437
2023-03-01 12:05:54,63,66,2209,13437
2023-03-01 12:05:54,64,66,2209,13437
2023-03-01 12:06:02,63,66,2209,13437
2023-03-01 12:06:02,63,69,2209,13437
2023-03-01 12:06:02,65,69,2209,13437
2023-03-01 12:06:02,65,67,2209,13437
2023-03-01 12:06:44,65,69,2209,13437
2023-03-01 12:06:44,65,71,2209,13437
2023-03-01 12:06:44,65,70,2209,13437
2023-03-01 12:06:44,65,68,2209,13437
2023-03-01 12:07:02,66,68,2209,13437
2023-03-01 12:07:04,66,71,2209,13437
2023-03-01 12:07:04,67,71,2209,13437
2023-03-01 12:07:04,67,69,2209,13437
2023-03-01 12:07:25,66,69,2209,13437
2023-03-01 12:07:25,66,72,2209,13437
2023-03-01 12:07:25,67,72,2209,13437
2023-03-01 12:07:25,67,70,2209,13437
2023-03-01 12:07:55,65,70,2209,13437
2023-03-01 12:07:55,65,71,2209,13437
2023-03-01 12:07:55,67,71,2209,13437
2023-03-01 12:07:55,67,69,2209,13437
2023-03-01 12:08:23,67,72,2209,13437
2023-03-01 12:08:23,67,70,2209,13437
2023-03-01 12:08:40,67,72,2209,13437
2023-03-01 12:08:40,68,72,2209,13437
2023-03-01 12:08:40,68,70,2209,13437
2023-03-01 12:09:03,68,72,2209,13437
2023-03-01 12:09:03,68,75,2209,13437
2023-03-01 12:09:03,68,72,2209,13437
2023-03-01 12:09:10,69,72,2209,13437
2023-03-01 12:09:30,69,75,2209,13437
2023-03-01 12:09:30,69,74,2209,13437
2023-03-01 12:09:30,69,72,2209,13437
2023-03-01 12:09:42,69,74,2209,13437
2023-03-01 12:09:42,69,75,2209,13437
2023-03-01 12:09:42,69,72,2209,13437
2023-03-01 12:10:02,69,75,2209,13437
2023-03-01 12:10:02,70,75,2209,13437
2023-03-01 12:10:02,70,74,2209,13437
2023-03-01 12:10:02,70,72,2209,13437
2023-03-01 12:10:26,70,74,2209,13437
2023-03-01 12:10:26,70,76,2209,13437
2023-03-01 12:10:26,70,75,2209,13437
2023-03-01 12:10:26,70,73,2209,13437
2023-03-01 12:10:28,71,73,2209,13437
2023-03-01 12:10:41,71,75,2209,13437
2023-03-01 12:10:41,72,75,2209,13437
2023-03-01 12:10:41,72,73,2209,13437
2023-03-01 12:10:59,72,75,2209,13437
2023-03-01 12:10:59,72,76,2209,13437
2023-03-01 12:10:59,72,74,2209,13437
2023-03-01 12:11:04,73,74,2209,13437
2023-03-01 12:11:05,73,74,2293,13521
2023-03-01 12:11:33,73,76,2293,13521
2023-03-01 12:11:33,73,77,2293,13521
2023-03-01 12:11:33,73,78,2293,13521
2023-03-01 12:11:33,73,76,2293,13521
2023-03-01 12:11:54,73,78,2293,13521
2023-03-01 12:11:54,73,75,2293,13521
2023-03-01 12:12:22,73,78,2293,13521
2023-03-01 12:12:22,73,77,2293,13521
2023-03-01 12:12:22,73,75,2293,13521
2023-03-01 12:12:26,73,75,2326,13554
2023-03-01 12:12:39,73,77,2326,13554
2023-03-01 12:12:39,73,78,2326,13554
2023-03-01 12:12:39,73,75,2326,13554
2023-03-01 12:13:28,71,75,2326,13554
2023-03-01 12:13:28,73,75,2326,13554
2023-03-01 12:13:34,73,74,2326,13554
2023-03-01 12:13:41,71,73,2326,13601
2023-03-01 12:13:46,71,72,2326,13601
2023-03-01 12:13:47,69,72,2326,13601
2023-03-01 12:13:47,71,72,2326,13601
2023-03-01 12:13:48,71,72,2242,13685
2023-03-01 12:13:49,71,73,2242,13685
2023-03-01 12:14:06,69,73,2242,13685
2023-03-01 12:14:06,67,73,2242,13685
2023-03-01 12:14:06,66,73,2242,13685
2023-03-01 12:14:06,69,73,2242,13685
2023-03-01 12:14:06,69,72,2242,13685
2023-03-01 12:14:16,69,71,2242,13685
2023-03-01 12:14:30,64,71,2242,13685
2023-03-01 12:14:31,66,71,2242,13685
2023-03-01 12:14:31,66,70,2242,13685
2023-03-01 12:14:31,66,68,2242,13685
2023-03-01 12:14:48,66,72,2242,13685
2023-03-01 12:14:48,67,72,2242,13685
2023-03-01 12:14:48,67,69,2242,13685
2023-03-01 12:14:49,68,69,2242,13685
2023-03-01 12:15:03,67,69,2242,13685
2023-03-01 12:15:03,70,72,2360,13803
2023-03-01 12:15:08,70,74,2360,13803
2023-03-01 12:15:08,70,72,2360,13803
2023-03-01 12:15:08,70,72,2404,13847
2023-03-01 12:15:27,70,73,2404,13847
2023-03-01 12:15:27,70,72,2404,13847
2023-03-01 12:15:39,71,72,2404,13847
2023-03-01 12:15:43,71,73,2404,13847
2023-03-01 12:16:02,71,74,2404,13847
2023-03-01 12:16:02,71,73,2404,13847
2023-03-01 12:16:31,71,74,2404,13847
2023-03-01 12:16:36,71,73,2404,13847
2023-03-01 12:17:04,71,72,2404,13847
2023-03-01 12:17:57,71,73,2404,13847
2023-03-01 12:17:57,71,72,2404,13847
2023-03-01 12:18:27,71,73,2404,13847
2023-03-01 12:18:27,71,72,2404,13847
2023-03-01 12:18:40,71,73,2404,13847
2023-03-01 12:18:40,71,72,2404,13847
2023-03-01 12:18:41,71,73,2404,13847
2023-03-01 12:18:51,71,72,2404,13847
2023-03-01 12:19:04,71,72,2404,13925
2023-03-01 12:19:34,69,71,2404,13947
2023-03-01 12:19:52,68,71,2404,13947
2023-03-01 12:19:52,69,71,2404,13947
2023-03-01 12:20:10,69,70,2404,13947
2023-03-01 12:20:14,69,71,2404,13947
2023-03-01 12:20:28,67,71,2404,13947
2023-03-01 12:20:29,69,71,2404,13947
2023-03-01 12:21:00,69,72,2404,13947
2023-03-01 12:21:36,70,72,2404,13947
2023-03-01 12:21:59,69,72,2404,13947
2023-03-01 12:22:00,70,72,2404,13947
2023-03-01 12:22:23,70,71,2404,13947
2023-03-01 12:22:24,70,72,2404,13947
2023-03-01 12:22:25,70,71,2404,13947
2023-03-01 12:22:27,68,71,2404,13947
2023-03-01 12:22:27,69,71,2404,13947
2023-03-01 12:22:33,69,72,2404,13947
2023-03-01 12:22:42,68,72,2404,13947
2023-03-01 12:22:43,69,72,2404,13947
2023-03-01 12:22:44,69,71,2404,13947
2023-03-01 12:22:49,69,72,2404,13947
2023-03-01 12:23:11,70,72,2404,13947
2023-03-01 12:23:16,71,72,2404,13947
2023-03-01 12:23:29,71,73,2404,13947
2023-03-01 12:23:29,71,75,2404,13947
2023-03-01 12:23:29,71,73,2404,13947
2023-03-01 12:23:31,72,73,2404,13947
2023-03-01 12:23:41,73,75,2488,14031
2023-03-01 12:23:48,73,76,2488,14031
2023-03-01 12:23:48,73,74,2488,14031
2023-03-01 12:23:53,72,74,2488,14031
2023-03-01 12:24:08,71,74,2488,14031
2023-03-01 12:24:09,73,74,2488,14031
2023-03-01 12:24:13,71,73,2446,14073
2023-03-01 12:24:18,71,72,2446,14073
2023-03-01 12:24:19,71,73,2446,14073
2023-03-01 12:24:27,71,72,2446,14073
2023-03-01 12:24:28,71,73,2446,14073
2023-03-01 12:24:30,71,72,2446,14073
2023-03-01 12:24:34,71,72,2400,14119
2023-03-01 12:24:35,68,72,2400,14119
2023-03-01 12:24:35,70,72,2400,14119
2023-03-01 12:24:53,68,72,2400,14119
2023-03-01 12:24:53,70,72,2400,14119
2023-03-01 12:25:08,68,72,2400,14119
2023-03-01 12:25:40,69,72,2400,14119
2023-03-01 12:25:43,70,72,2400,14119
2023-03-01 12:25:43,70,73,2400,14119
2023-03-01 12:25:43,70,72,2400,14119
2023-03-01 12:26:06,71,72,2400,14119
2023-03-01 12:26:08,72,74,2491,14210
2023-03-01 12:26:12,72,75,2491,14210
2023-03-01 12:26:12,72,73,2491,14210
2023-03-01 12:26:23,72,75,2491,14210
2023-03-01 12:26:24,72,74,2491,14210
2023-03-01 12:26:44,72,75,2491,14210
2023-03-01 12:26:44,73,75,2491,14210
2023-03-01 12:26:59,72,75,2491,14210
2023-03-01 12:27:08,72,74,2491,14210
2023-03-01 12:27:21,71,74,2491,14210
2023-03-01 12:27:21,72,74,2491,14210
2023-03-01 12:27:28,72,75,2491,14210
2023-03-01 12:27:28,72,74,2491,14210
2023-03-01 12:27:52,73,74,2491,14210
2023-03-01 12:27:59,72,74,2491,14210
2023-03-01 12:28:30,71,74,2491,14210
2023-03-01 12:28:30,72,74,2491,14210
2023-03-01 12:28:57,71,74,2491,14210
2023-03-01 12:28:57,71,73,2491,14210
2023-03-01 12:29:13,71,75,2491,14210
2023-03-01 12:29:13,71,73,2491,14210
2023-03-01 12:29:34,71,72,2491,14210
2023-03-01 12:29:37,69,72,2491,14210
2023-03-01 12:29:37,71,72,2491,14210
2023-03-01 12:29:41,71,72,2458,14243
2023-03-01 12:29:58,69,72,2458,14243
2023-03-01 12:29:58,68,72,2458,14243
2023-03-01 12:29:58,68,71,2458,14243
2023-03-01 12:30:02,68,72,2458,14243
2023-03-01 12:30:05,69,72,2458,14243
2023-03-01 12:30:14,70,72,2458,14243
2023-03-01 12:30:25,69,72,2458,14243
2023-03-01 12:30:29,70,72,2458,14243
2023-03-01 12:30:48,69,72,2458,14243
2023-03-01 12:30:48,69,73,2458,14243
2023-03-01 12:30:48,69,72,2458,14243
2023-03-01 12:31:08,70,72,2458,14243
2023-03-01 12:31:25,69,72,2458,14243
2023-03-01 12:31:25,70,72,2458,14243
2023-03-01 12:31:48,69,72,2458,14243
2023-03-01 12:31:48,69,73,2458,14243
2023-03-01 12:31:48,69,72,2458,14243
2023-03-01 12:32:13,70,72,2458,14243
2023-03-01 12:32:39,69,72,2458,14243
2023-03-01 12:32:39,69,73,2458,14243
2023-03-01 12:32:39,69,72,2458,14243
2023-03-01 12:32:59,69,73,2458,14243
2023-03-01 12:32:59,70,73,2458,14243
2023-03-01 12:32:59,70,72,2458,14243
2023-03-01 12:33:41,69,72,2458,14243
2023-03-01 12:33:41,69,73,2458,14243
2023-03-01 12:33:42,69,72,2458,14243
2023-03-01 12:34:49,69,71,2458,14243
2023-03-01 12:34:56,68,71,2458,14243
2023-03-01 12:34:56,69,71,2458,14243
2023-03-01 12:34:58,69,70,2458,14243
2023-03-01 12:35:04,69,70,2425,14276
2023-03-01 12:35:12,67,70,2425,14276
2023-03-01 12:35:12,69,70,2425,14276
2023-03-01 12:35:21,69,70,2342,14359
2023-03-01 12:35:22,69,71,2342,14359
2023-03-01 12:35:25,65,71,2342,14359
2023-03-01 12:35:25,66,71,2342,14359
2023-03-01 12:35:25,66,69,2342,14359
2023-03-01 12:35:32,67,69,2342,14359
2023-03-01 12:35:40,67,72,2342,14359
2023-03-01 12:35:40,67,71,2342,14359
2023-03-01 12:35:40,67,70,2342,14359
2023-03-01 12:35:46,68,70,2342,14359
2023-03-01 12:35:49,69,70,2342,14359
2023-03-01 12:35:55,69,72,2342,14359
2023-03-01 12:35:55,69,74,2342,14359
2023-03-01 12:35:55,69,75,2342,14359
2023-03-01 12:35:55,69,72,2342,14359
2023-03-01 12:36:24,70,72,2342,14359
2023-03-01 12:36:28,70,73,2342,14359
2023-03-01 12:36:28,70,76,2342,14359
2023-03-01 12:36:28,70,75,2342,14359
2023-03-01 12:36:28,70,72,2342,14359
2023-03-01 12:36:34,71,72,2342,14359
2023-03-01 12:36:39,71,75,2342,14359
2023-03-01 12:36:39,71,73,2342,14359
2023-03-01 12:36:52,70,73,2342,14359
2023-03-01 12:36:55,70,75,2342,14359
2023-03-01 12:36:55,71,75,2342,14359
2023-03-01 12:36:55,71,73,2342,14359
2023-03-01 12:37:23,70,73,2342,14359
2023-03-01 12:37:23,70,75,2342,14359
2023-03-01 12:37:23,70,76,2342,14359
2023-03-01 12:37:23,70,74,2342,14359
2023-03-01 12:37:23,70,72,2342,14359
2023-03-01 12:37:37,70,74,2342,14359
2023-03-01 12:37:37,70,76,2342,14359
2023-03-01 12:37:37,70,75,2342,14359
2023-03-01 12:37:37,70,76,2342,14359
2023-03-01 12:37:37,70,72,2342,14359
2023-03-01 12:37:58,68,72,2342,14359
2023-03-01 12:37:58,68,74,2342,14359
2023-03-01 12:37:58,69,74,2342,14359
2023-03-01 12:37:58,69,72,2342,14359
2023-03-01 12:38:23,67,72,2342,14359
2023-03-01 12:38:23,67,73,2342,14359
2023-03-01 12:38:23,68,73,2342,14359
2023-03-01 12:38:23,68,70,2342,14359
2023-03-01 12:38:37,67,70,2342,14359
2023-03-01 12:38:37,67,72,2342,14359
2023-03-01 12:38:37,68,72,2342,14359
2023-03-01 12:38:37,68,70,2342,14359
2023-03-01 12:38:58,67,70,2342,14359
2023-03-01 12:38:58,67,72,2342,14359
2023-03-01 12:38:58,67,73,2342,14359
2023-03-01 12:38:58,68,73,2342,14359
2023-03-01 12:38:58,68,72,2342,14359
2023-03-01 12:39:09,68,72,2322,14379
2023-03-01 12:39:15,67,72,2322,14379
2023-03-01 12:39:15,68,72,2322,14379
2023-03-01 12:39:25,68,73,2322,14379
2023-03-01 12:39:25,68,75,2322,14379
2023-03-01 12:39:26,68,72,2322,14379
2023-03-01 12:39:26,68,70,2322,14379
2023-03-01 12:39:44,68,72,2322,14379
2023-03-01 12:39:44,68,74,2322,14379
2023-03-01 12:39:45,69,74,2322,14379
2023-03-01 12:39:45,69,72,2322,14379
2023-03-01 12:39:57,69,73,2322,14379
2023-03-01 12:39:57,69,75,2322,14379
2023-03-01 12:39:57,69,72,2322,14379
2023-03-01 12:40:17,70,72,2322,14379
2023-03-01 12:40:27,70,74,2322,14379
2023-03-01 12:40:27,70,72,2322,14379
2023-03-01 12:40:41,70,74,2322,14379
2023-03-01 12:40:41,70,72,2322,14379
2023-03-01 12:40:59,70,74,2322,14379
2023-03-01 12:40:59,70,72,2322,14379
2023-03-01 12:41:15,71,72,2322,14379
2023-03-01 12:41:17,71,72,2369,14426
2023-03-01 12:41:22,71,76,2369,14426
2023-03-01 12:41:22,72,76,2369,14426
2023-03-01 12:41:22,72,74,2369,14426
2023-03-01 12:41:46,71,74,2369,14426
2023-03-01 12:41:54,71,73,2369,14426
2023-03-01 12:42:27,71,75,2369,14426
2023-03-01 12:42:27,71,76,2369,14426
2023-03-01 12:42:27,72,76,2369,14426
2023-03-01 12:42:27,72,74,2369,14426
2023-03-01 12:42:44,71,74,2369,14426
2023-03-01 12:42:44,72,74,2369,14426
2023-03-01 12:42:44,73,74,2369,14426
2023-03-01 12:42:56,73,76,2369,14426
2023-03-01 12:42:56,73,75,2369,14426
2023-03-01 12:43:07,72,75,2369,14426
2023-03-01 12:43:25,71,75,2369,14426
2023-03-01 12:43:25,71,73,2369,14426
2023-03-01 12:43:41,71,75,2369,14426
2023-03-01 12:43:41,71,73,2369,14426
2023-03-01 12:43:55,71,76,2369,14426
2023-03-01 12:43:55,72,76,2369,14426
2023-03-01 12:43:55,72,74,2369,14426
2023-03-01 12:44:23,71,74,2369,14426
2023-03-01 12:44:23,71,76,2369,14426
2023-03-01 12:44:23,72,76,2369,14426
2023-03-01 12:44:23,72,74,2369,14426
2023-03-01 12:44:36,73,74,2369,14426
2023-03-01 12:44:43,73,76,2369,14426
2023-03-01 12:44:43,73,74,2369,14426
2023-03-01 12:45:01,73,76,2369,14426
2023-03-01 12:45:01,73,75,2369,14426
2023-03-01 12:45:34,75,77,2512,14569
2023-03-01 12:45:41,75,76,2512,14569
2023-03-01 12:46:00,75,78,2512,14569
2023-03-01 12:46:00,75,76,2512,14569
2023-03-01 12:46:26,75,77,2512,14569
2023-03-01 12:46:40,73,77,2512,14569
2023-03-01 12:46:41,74,77,2512,14569
2023-03-01 12:46:41,74,76,2512,14569
2023-03-01 12:46:48,74,75,2512,14569
2023-03-01 12:46:59,72,75,2512,14569
2023-03-01 12:46:59,71,75,2512,14569
2023-03-01 12:46:59,72,75,2512,14569
2023-03-01 12:47:10,72,74,2512,14569
2023-03-01 12:47:20,72,75,2512,14569
2023-03-01 12:47:23,72,74,2512,14569
2023-03-01 12:47:27,71,74,2512,14569
2023-03-01 12:47:58,71,75,2512,14569
2023-03-01 12:47:58,72,75,2512,14569
2023-03-01 12:47:58,72,74,2512,14569
2023-03-01 12:48:19,73,74,2512,14569
2023-03-01 12:48:27,73,76,2512,14569
2023-03-01 12:48:28,73,77,2512,14569
2023-03-01 12:48:28,73,75,2512,14569
2023-03-01 12:48:43,73,76,2512,14569
2023-03-01 12:48:57,73,75,2512,14569
2023-03-01 12:49:24,71,75,2512,14569
2023-03-01 12:49:24,72,75,2512,14569
2023-03-01 12:49:29,72,75,2606,14833
2023-03-01 12:50:00,71,75,2606,14833
2023-03-01 12:50:00,71,76,2606,14833
2023-03-01 12:50:00,72,76,2606,14833
2023-03-01 12:50:00,72,75,2606,14833
2023-03-01 12:50:19,72,74,2606,14833
2023-03-01 12:50:27,71,74,2606,14833
2023-03-01 12:50:27,71,73,2606,14833
2023-03-01 12:50:41,71,75,2606,14833
2023-03-01 12:50:42,71,73,2606,14833
2023-03-01 12:50:56,71,74,2606,14833
2023-03-01 12:50:56,71,75,2606,14833
2023-03-01 12:50:56,71,73,2606,14833
2023-03-01 12:51:14,70,73,2606,14833
2023-03-01 12:51:25,69,73,2606,14833
2023-03-01 12:51:25,70,73,2606,14833
2023-03-01 12:51:25,70,72,2606,14833
2023-03-01 12:51:34,71,72,2606,14833
2023-03-01 12:51:45,71,74,2606,14833
2023-03-01 12:51:45,71,72,2606,14833
2023-03-01 12:51:47,73,74,2653,14880
2023-03-01 12:51:55,71,74,2653,14880
2023-03-01 12:52:08,71,75,2653,14880
2023-03-01 12:52:08,71,74,2653,14880
2023-03-01 12:52:32,71,73,2653,14880
2023-03-01 12:52:46,71,75,2653,14880
2023-03-01 12:52:46,71,76,2653,14880
2023-03-01 12:52:46,71,74,2653,14880
2023-03-01 12:52:58,73,74,2653,14880
2023-03-01 12:53:02,73,76,2653,14880
2023-03-01 12:53:02,73,74,2653,14880
2023-03-01 12:53:29,73,77,2653,14880
2023-03-01 12:53:29,73,75,2653,14880
2023-03-01 12:54:05,71,75,2653,14880
2023-03-01 12:54:05,72,75,2653,14880
2023-03-01 12:54:05,72,74,2653,14880
2023-03-01 12:54:28,71,74,2653,14880
2023-03-01 12:54:28,72,74,2653,14880
2023-03-01 12:54:42,71,74,2653,14880
2023-03-01 12:54:42,71,76,2653,14880
2023-03-01 12:54:43,72,76,2653,14880
2023-03-01 12:54:43,72,74,2653,14880
2023-03-01 12:54:57,71,74,2653,14880
2023-03-01 12:54:57,72,74,2653,14880
2023-03-01 12:55:22,71,74,2653,14880
2023-03-01 12:55:25,71,73,2653,14880
2023-03-01 12:55:26,71,72,2653,14880
2023-03-01 12:55:31,71,73,2653,14880
2023-03-01 12:55:33,69,73,2653,14880
2023-03-01 12:55:33,71,73,2653,14880
2023-03-01 12:55:38,69,73,2653,14880
2023-03-01 12:55:38,70,73,2653,14880
2023-03-01 12:55:38,70,72,2653,14880
2023-03-01 12:55:55,69,72,2653,14880
2023-03-01 12:55:55,69,73,2653,14880
2023-03-01 12:55:55,70,73,2653,14880
2023-03-01 12:55:55,70,72,2653,14880
2023-03-01 12:56:27,69,72,2653,14880
2023-03-01 12:56:27,69,74,2653,14880
2023-03-01 12:56:27,70,74,2653,14880
2023-03-01 12:56:27,70,72,2653,14880
2023-03-01 12:56:43,69,72,2653,14880
2023-03-01 12:56:44,69,73,2653,14880
2023-03-01 12:56:44,70,73,2653,14880
2023-03-01 12:56:44,70,72,2653,14880
2023-03-01 12:56:59,69,72,2653,14880
2023-03-01 12:56:59,69,73,2653,14880
2023-03-01 12:56:59,70,73,2653,14880
2023-03-01 12:56:59,70,72,2653,14880
2023-03-01 12:57:25,69,72,2653,14880
2023-03-01 12:57:25,69,73,2653,14880
2023-03-01 12:57:25,70,73,2653,14880
2023-03-01 12:57:25,70,72,2653,14880
2023-03-01 12:57:38,69,72,2653,14880
2023-03-01 12:57:38,69,73,2653,14880
2023-03-01 12:57:38,69,72,2653,14880
2023-03-01 12:58:04,70,72,2653,14880
2023-03-01 12:58:05,70,71,2653,14880
2023-03-01 12:58:10,70,71,2633,14900
2023-03-01 12:58:14,68,69,2606,14927
2023-03-01 12:58:18,66,69,2606,14927
2023-03-01 12:58:18,67,69,2606,14927
2023-03-01 12:58:18,69,71,2586,14947
2023-03-01 12:58:23,67,71,2586,14947
2023-03-01 12:58:23,66,71,2586,14947
2023-03-01 12:58:23,67,71,2586,14947
2023-03-01 12:58:23,67,69,2586,14947
2023-03-01 12:58:49,68,69,2586,14947
2023-03-01 12:58:53,68,72,2586,14947
2023-03-01 12:58:53,68,70,2586,14947
2023-03-01 12:59:08,69,70,2586,14947
2023-03-01 12:59:15,69,72,2586,14947
2023-03-01 12:59:15,69,70,2586,14947
2023-03-01 12:59:15,69,70,2606,14967
2023-03-01 12:59:20,69,72,2606,14967
2023-03-01 12:59:20,69,70,2606,14967
2023-03-01 12:59:31,69,72,2606,14967
2023-03-01 12:59:31,69,74,2606,14967
2023-03-01 12:59:31,70,74,2606,14967
2023-03-01 12:59:31,70,72,2606,14967
2023-03-01 12:59:37,69,72,2606,14967
2023-03-01 12:59:58,67,72,2606,14967
2023-03-01 12:59:58,69,72,2606,14967
2023-03-01 13:00:11,69,70,2606,14967
2023-03-01 13:00:22,69,70,2586,14987
2023-03-01 13:00:30,69,71,2586,14987
2023-03-01 13:00:31,65,71,2586,14987
2023-03-01 13:00:31,66,71,2586,14987
2023-03-01 13:00:31,68,71,2586,14987
2023-03-01 13:00:31,68,70,2586,14987
2023-03-01 13:00:43,66,70,2586,14987
2023-03-01 13:00:43,66,72,2586,14987
2023-03-01 13:00:43,67,72,2586,14987
2023-03-01 13:00:43,67,69,2586,14987
2023-03-01 13:00:58,67,72,2586,14987
2023-03-01 13:00:58,67,69,2586,14987
2023-03-01 13:01:29,65,69,2586,14987
2023-03-01 13:01:29,65,71,2586,14987
2023-03-01 13:01:30,67,71,2586,14987
2023-03-01 13:01:30,67,69,2586,14987
2023-03-01 13:01:46,65,69,2586,14987
2023-03-01 13:01:46,63,69,2586,14987
2023-03-01 13:01:46,64,69,2586,14987
2023-03-01 13:01:46,66,69,2586,14987
2023-03-01 13:01:46,66,68,2586,14987
2023-03-01 13:02:02,63,68,2586,14987
2023-03-01 13:02:02,63,71,2586,14987
2023-03-01 13:02:02,64,71,2586,14987
2023-03-01 13:02:03,65,71,2586,14987
2023-03-01 13:02:03,65,69,2586,14987
2023-03-01 13:02:03,65,67,2586,14987
2023-03-01 13:02:27,63,67,2586,14987
2023-03-01 13:02:27,63,69,2586,14987
2023-03-01 13:02:27,65,69,2586,14987
2023-03-01 13:02:27,65,67,2586,14987
2023-03-01 13:02:40,65,69,2586,14987
2023-03-01 13:02:41,65,67,2586,14987
2023-03-01 13:02:57,63,67,2586,14987
2023-03-01 13:02:57,63,69,2586,14987
2023-03-01 13:02:57,64,69,2586,14987
2023-03-01 13:02:57,64,67,2586,14987
2023-03-01 13:03:30,62,67,2586,14987
2023-03-01 13:03:30,62,68,2586,14987
2023-03-01 13:03:30,64,68,2586,14987
2023-03-01 13:03:30,64,66,2586,14987
2023-03-01 13:04:01,62,66,2586,14987
2023-03-01 13:04:01,62,68,2586,14987
2023-03-01 13:04:01,64,68,2586,14987
2023-03-01 13:04:01,64,66,2586,14987
2023-03-01 13:04:28,63,66,2586,14987
2023-03-01 13:04:28,63,70,2586,14987
2023-03-01 13:04:29,64,70,2586,14987
2023-03-01 13:04:29,64,67,2586,14987
2023-03-01 13:04:44,64,69,2586,14987
2023-03-01 13:04:44,64,71,2586,14987
2023-03-01 13:04:44,65,71,2586,14987
2023-03-01 13:04:44,65,68,2586,14987
2023-03-01 13:05:13,63,68,2586,14987
2023-03-01 13:05:13,63,69,2586,14987
2023-03-01 13:05:13,64,69,2586,14987
2023-03-01 13:05:13,64,67,2586,14987
2023-03-01 13:05:25,63,67,2586,14987
2023-03-01 13:05:25,63,69,2586,14987
2023-03-01 13:05:25,64,69,2586,14987
2023-03-01 13:05:25,64,68,2586,14987
2023-03-01 13:05:25,64,66,2586,14987
2023-03-01 13:05:39,63,66,2586,14987
2023-03-01 13:05:39,63,68,2586,14987
2023-03-01 13:05:39,64,68,2586,14987
2023-03-01 13:05:39,64,66,2586,14987
2023-03-01 13:05:54,64,70,2586,14987
2023-03-01 13:05:54,64,71,2586,14987
2023-03-01 13:05:54,65,71,2586,14987
2023-03-01 13:05:54,65,69,2586,14987
2023-03-01 13:05:54,65,67,2586,14987
2023-03-01 13:06:28,65,66,2586,14987
2023-03-01 13:06:31,61,66,2586,14987
2023-03-01 13:06:31,60,66,2586,14987
2023-03-01 13:06:32,62,66,2586,14987
2023-03-01 13:06:32,62,64,2586,14987
2023-03-01 13:06:47,60,64,2586,14987
2023-03-01 13:06:47,60,66,2586,14987
2023-03-01 13:06:47,62,66,2586,14987
2023-03-01 13:06:47,62,64,2586,14987
2023-03-01 13:06:58,60,64,2586,14987
2023-03-01 13:06:58,60,66,2586,14987
2023-03-01 13:06:58,61,66,2586,14987
2023-03-01 13:06:58,61,64,2586,14987
2023-03-01 13:07:28,59,64,2586,14987
2023-03-01 13:07:28,59,65,2586,14987
2023-03-01 13:07:28,61,65,2586,14987
2023-03-01 13:07:28,61,63,2586,14987
2023-03-01 13:07:43,59,63,2586,14987
2023-03-01 13:07:43,59,65,2586,14987
2023-03-01 13:07:43,60,65,2586,14987
2023-03-01 13:07:43,60,63,2586,14987
2023-03-01 13:07:57,59,63,2586,14987
2023-03-01 13:07:57,59,65,2586,14987
2023-03-01 13:07:58,60,65,2586,14987
2023-03-01 13:07:58,60,62,2586,14987
2023-03-01 13:08:19,62,64,2678,15079
2023-03-01 13:08:25,62,66,2678,15079
2023-03-01 13:08:25,62,64,2678,15079
2023-03-01 13:08:46,60,64,2678,15079
2023-03-01 13:08:46,62,64,2678,15079
2023-03-01 13:08:59,60,64,2678,15079
2023-03-01 13:08:59,62,64,2678,15079
2023-03-01 13:09:10,62,64,2586,15171
2023-03-01 13:09:15,62,65,2586,15171
2023-03-01 13:09:16,62,64,2586,15171
2023-03-01 13:09:22,60,64,2586,15171
2023-03-01 13:09:22,58,64,2586,15171
2023-03-01 13:09:22,58,65,2586,15171
2023-03-01 13:09:22,59,65,2586,15171
2023-03-01 13:09:22,61,65,2586,15171
2023-03-01 13:09:22,61,63,2586,15171
2023-03-01 13:09:39,59,63,2586,15171
2023-03-01 13:09:39,59,65,2586,15171
2023-03-01 13:09:39,61,65,2586,15171
2023-03-01 13:09:39,61,63,2586,15171
2023-03-01 13:10:04,60,63,2586,15171
2023-03-01 13:10:04,60,66,2586,15171
2023-03-01 13:10:04,62,66,2586,15171
2023-03-01 13:10:04,62,64,2586,15171
2023-03-01 13:10:50,60,64,2586,15171
2023-03-01 13:10:50,58,64,2586,15171
2023-03-01 13:10:50,58,65,2586,15171
2023-03-01 13:10:50,61,65,2586,15171
2023-03-01 13:10:50,61,63,2586,15171
2023-03-01 13:10:57,59,63,2586,15171
2023-03-01 13:10:57,61,63,2586,15171
2023-03-01 13:11:35,59,63,2586,15171
2023-03-01 13:11:35,58,63,2586,15171
2023-03-01 13:11:35,58,65,2586,15171
2023-03-01 13:11:35,60,65,2586,15171
2023-03-01 13:11:35,60,63,2586,15171
2023-03-01 13:11:47,58,63,2586,15171
2023-03-01 13:11:47,58,65,2586,15171
2023-03-01 13:11:47,59,65,2586,15171
2023-03-01 13:11:47,61,65,2586,15171
2023-03-01 13:11:47,61,63,2586,15171
2023-03-01 13:12:30,60,63,2586,15171
2023-03-01 13:12:30,60,65,2586,15171
2023-03-01 13:12:30,60,66,2586,15171
2023-03-01 13:12:30,62,66,2586,15171
2023-03-01 13:12:31,62,64,2586,15171
2023-03-01 13:12:50,62,68,2586,15171
2023-03-01 13:12:50,62,67,2586,15171
2023-03-01 13:12:50,62,65,2586,15171
2023-03-01 13:13:09,62,67,2586,15171
2023-03-01 13:13:09,62,65,2586,15171
2023-03-01 13:13:42,62,69,2586,15171
2023-03-01 13:13:42,62,68,2586,15171
2023-03-01 13:13:42,64,68,2586,15171
2023-03-01 13:13:42,64,66,2586,15171
2023-03-01 13:14:03,62,66,2586,15171
2023-03-01 13:14:03,62,68,2586,15171
2023-03-01 13:14:04,63,68,2586,15171
2023-03-01 13:14:04,63,66,2586,15171
2023-03-01 13:14:24,62,66,2586,15171
2023-03-01 13:14:24,62,68,2586,15171
2023-03-01 13:14:24,63,68,2586,15171
2023-03-01 13:14:24,63,67,2586,15171
2023-03-01 13:14:24,63,65,2586,15171
2023-03-01 13:14:41,62,65,2586,15171
2023-03-01 13:14:41,62,67,2586,15171
2023-03-01 13:14:41,63,67,2586,15171
2023-03-01 13:14:41,63,65,2586,15171
2023-03-01 13:14:56,62,65,2586,15171
2023-03-01 13:14:56,62,67,2586,15171
2023-03-01 13:14:56,62,70,2586,15171
2023-03-01 13:14:56,63,70,2586,15171
2023-03-01 13:14:56,65,70,2586,15171
2023-03-01 13:14:56,65,69,2586,15171
2023-03-01 13:14:56,65,67,2586,15171
2023-03-01 13:15:31,64,67,2586,15171
2023-03-01 13:15:31,64,69,2586,15171
2023-03-01 13:15:31,65,69,2586,15171
2023-03-01 13:15:31,65,67,2586,15171
2023-03-01 13:15:43,64,67,2586,15171
2023-03-01 13:15:43,64,69,2586,15171
2023-03-01 13:15:43,65,69,2586,15171
2023-03-01 13:15:43,65,67,2586,15171
2023-03-01 13:16:22,62,67,2586,15171
2023-03-01 13:16:22,62,68,2586,15171
2023-03-01 13:16:22,64,68,2586,15171
2023-03-01 13:16:22,64,67,2586,15171
2023-03-01 13:16:33,62,67,2586,15171
2023-03-01 13:16:33,60,67,2586,15171
2023-03-01 13:16:33,60,68,2586,15171
2023-03-01 13:16:33,61,68,2586,15171
2023-03-01 13:16:33,63,68,2586,15171
2023-03-01 13:16:33,63,67,2586,15171
2023-03-01 13:16:33,63,65,2586,15171
2023-03-01 13:16:41,61,65,2586,15171
2023-03-01 13:16:41,60,65,2586,15171
2023-03-01 13:16:41,60,67,2586,15171
2023-03-01 13:16:41,62,67,2586,15171
2023-03-01 13:16:41,62,65,2586,15171
2023-03-01 13:16:57,62,69,2586,15171
2023-03-01 13:16:57,64,69,2586,15171
2023-03-01 13:16:57,64,66,2586,15171
2023-03-01 13:17:24,64,71,2586,15171
2023-03-01 13:17:25,65,71,2586,15171
2023-03-01 13:17:25,65,70,2586,15171
2023-03-01 13:17:25,65,69,2586,15171
2023-03-01 13:17:25,65,67,2586,15171
2023-03-01 13:17:45,64,67,2586,15171
2023-03-01 13:17:45,64,69,2586,15171
2023-03-01 13:17:45,64,71,2586,15171
2023-03-01 13:17:45,65,71,2586,15171
2023-03-01 13:17:45,65,70,2586,15171
2023-03-01 13:17:45,65,68,2586,15171
2023-03-01 13:18:20,66,68,2586,15171
2023-03-01 13:18:26,66,72,2586,15171
2023-03-01 13:18:26,66,71,2586,15171
2023-03-01 13:18:26,66,69,2586,15171
2023-03-01 13:18:40,66,72,2586,15171
2023-03-01 13:18:40,67,72,2586,15171
2023-03-01 13:18:40,67,69,2586,15171
2023-03-01 13:18:54,66,69,2586,15171
2023-03-01 13:18:55,66,72,2586,15171
2023-03-01 13:18:55,66,68,2586,15171
2023-03-01 13:19:21,64,68,2586,15171
2023-03-01 13:19:21,62,68,2586,15171
2023-03-01 13:19:21,62,69,2586,15171
2023-03-01 13:19:21,63,69,2586,15171
2023-03-01 13:19:21,65,69,2586,15171
2023-03-01 13:19:21,65,67,2586,15171
2023-03-01 13:19:45,62,67,2586,15171
2023-03-01 13:19:45,62,68,2586,15171
2023-03-01 13:19:45,63,68,2586,15171
2023-03-01 13:19:45,63,65,2586,15171
2023-03-01 13:19:54,63,67,2586,15171
2023-03-01 13:19:54,63,65,2586,15171
2023-03-01 13:20:30,61,65,2586,15171
2023-03-01 13:20:30,61,67,2586,15171
2023-03-01 13:20:30,63,67,2586,15171
2023-03-01 13:20:30,63,65,2586,15171
2023-03-01 13:20:48,60,65,2586,15171
2023-03-01 13:20:48,60,67,2586,15171
2023-03-01 13:20:49,62,67,2586,15171
2023-03-01 13:20:49,62,65,2586,15171
2023-03-01 13:20:57,60,65,2586,15171
2023-03-01 13:20:57,60,67,2586,15171
2023-03-01 13:20:58,62,67,2586,15171
2023-03-01 13:20:58,62,64,2586,15171
2023-03-01 13:21:23,58,64,2586,15171
2023-03-01 13:21:23,58,66,2586,15171
2023-03-01 13:21:23,61,66,2586,15171
2023-03-01 13:21:23,61,63,2586,15171
2023-03-01 13:21:46,58,63,2586,15171
2023-03-01 13:21:46,58,64,2586,15171
2023-03-01 13:21:46,60,64,2586,15171
2023-03-01 13:21:46,60,63,2586,15171
2023-03-01 13:21:58,58,63,2586,15171
2023-03-01 13:21:58,58,64,2586,15171
2023-03-01 13:21:58,60,64,2586,15171
2023-03-01 13:21:58,60,62,2586,15171
2023-03-01 13:22:23,58,62,2586,15171
2023-03-01 13:22:23,58,64,2586,15171
2023-03-01 13:22:23,60,64,2586,15171
2023-03-01 13:22:23,60,62,2586,15171
2023-03-01 13:22:44,60,66,2586,15171
2023-03-01 13:22:44,60,63,2586,15171
2023-03-01 13:22:57,58,63,2586,15171
2023-03-01 13:22:57,58,65,2586,15171
2023-03-01 13:22:58,59,65,2586,15171
2023-03-01 13:22:58,61,65,2586,15171
2023-03-01 13:22:58,61,64,2586,15171
2023-03-01 13:23:10,59,64,2586,15171
2023-03-01 13:23:10,61,64,2586,15171
2023-03-01 13:23:15,61,63,2586,15171
2023-03-01 13:23:29,59,63,2586,15171
2023-03-01 13:23:29,56,63,2586,15171
2023-03-01 13:23:29,59,63,2586,15171
2023-03-01 13:23:29,59,61,2586,15171
2023-03-01 13:23:46,56,61,2586,15171
2023-03-01 13:23:46,56,63,2586,15171
2023-03-01 13:23:46,59,63,2586,15171
2023-03-01 13:23:46,59,61,2586,15171
2023-03-01 13:24:00,56,61,2586,15171
2023-03-01 13:24:00,56,63,2586,15171
2023-03-01 13:24:00,59,63,2586,15171
2023-03-01 13:24:00,59,62,2586,15171
2023-03-01 13:24:24,56,62,2586,15171
2023-03-01 13:24:24,57,62,2586,15171
2023-03-01 13:24:24,57,60,2586,15171
2023-03-01 13:24:47,54,60,2586,15171
2023-03-01 13:24:47,54,62,2586,15171
2023-03-01 13:24:47,56,62,2586,15171
2023-03-01 13:24:47,56,59,2586,15171
2023-03-01 13:24:53,54,59,2586,15171
2023-03-01 13:24:53,54,62,2586,15171
2023-03-01 13:24:53,57,62,2586,15171
2023-03-01 13:24:53,57,61,2586,15171
2023-03-01 13:24:53,57,60,2586,15171
2023-03-01 13:25:25,56,60,2586,15171
2023-03-01 13:25:25,56,62,2586,15171
2023-03-01 13:25:25,56,63,2586,15171
2023-03-01 13:25:26,57,63,2586,15171
2023-03-01 13:25:26,57,61,2586,15171
2023-03-01 13:25:45,56,61,2586,15171
2023-03-01 13:25:45,56,63,2586,15171
2023-03-01 13:25:45,57,63,2586,15171
2023-03-01 13:25:45,57,60,2586,15171
2023-03-01 13:25:59,56,60,2586,15171
2023-03-01 13:25:59,56,63,2586,15171
2023-03-01 13:25:59,57,63,2586,15171
2023-03-01 13:25:59,57,61,2586,15171
2023-03-01 13:26:02,58,61,2586,15171
2023-03-01 13:26:13,57,61,2586,15171
2023-03-01 13:26:14,60,61,2586,15271
2023-03-01 13:26:17,60,61,2586,15371
2023-03-01 13:26:18,60,63,2586,15371
2023-03-01 13:26:18,60,61,2586,15371
2023-03-01 13:26:22,61,63,2586,15454
2023-03-01 13:26:23,61,66,2586,15454
2023-03-01 13:26:23,61,64,2586,15454
2023-03-01 13:26:31,58,64,2586,15454
2023-03-01 13:26:31,58,65,2586,15454
2023-03-01 13:26:32,62,65,2586,15454
2023-03-01 13:26:32,62,64,2586,15454
2023-03-01 13:26:46,60,64,2586,15454
2023-03-01 13:26:46,58,64,2586,15454
2023-03-01 13:26:46,58,65,2586,15454
2023-03-01 13:26:46,59,65,2586,15454
2023-03-01 13:26:46,61,65,2586,15454
2023-03-01 13:26:46,61,63,2586,15454
2023-03-01 13:26:56,59,63,2586,15454
2023-03-01 13:26:57,61,63,2586,15454
2023-03-01 13:27:06,61,62,2586,15454
2023-03-01 13:27:10,61,63,2586,15454
2023-03-01 13:27:17,61,62,2586,15454
2023-03-01 13:27:25,56,62,2586,15454
2023-03-01 13:27:26,59,62,2586,15454
2023-03-01 13:27:26,59,61,2586,15454
2023-03-01 13:27:41,56,61,2586,15454
2023-03-01 13:27:41,56,62,2586,15454
2023-03-01 13:27:41,57,62,2586,15454
2023-03-01 13:27:41,57,60,2586,15454
2023-03-01 13:27:57,56,60,2586,15454
2023-03-01 13:27:57,56,63,2586,15454
2023-03-01 13:27:58,57,63,2586,15454
2023-03-01 13:27:58,57,61,2586,15454
2023-03-01 13:28:27,57,63,2586,15454
2023-03-01 13:28:27,60,63,2586,15454
2023-03-01 13:28:28,60,62,2586,15454
2023-03-01 13:28:40,58,62,2586,15454
2023-03-01 13:28:40,58,64,2586,15454
2023-03-01 13:28:40,60,64,2586,15454
2023-03-01 13:28:40,60,62,2586,15454
2023-03-01 13:28:56,57,62,2586,15454
2023-03-01 13:28:56,56,62,2586,15454
2023-03-01 13:28:56,56,63,2586,15454
2023-03-01 13:28:57,59,63,2586,15454
2023-03-01 13:28:57,59,61,2586,15454
2023-03-01 13:29:28,56,61,2586,15454
2023-03-01 13:29:28,56,62,2586,15454
2023-03-01 13:29:28,57,62,2586,15454
2023-03-01 13:29:28,57,61,2586,15454
2023-03-01 13:29:43,57,62,2586,15454
2023-03-01 13:29:43,57,61,2586,15454
2023-03-01 13:29:56,56,61,2586,15454
2023-03-01 13:29:56,56,62,2586,15454
2023-03-01 13:29:57,57,62,2586,15454
2023-03-01 13:29:57,57,60,2586,15454
2023-03-01 13:30:28,56,60,2586,15454
2023-03-01 13:30:28,54,60,2586,15454
2023-03-01 13:30:28,56,60,2586,15454
2023-03-01 13:30:28,56,59,2586,15454
2023-03-01 13:30:30,56,58,2586,15454
2023-03-01 13:30:47,53,58,2586,15454
2023-03-01 13:30:47,52,58,2586,15454
2023-03-01 13:30:47,55,58,2586,15454
2023-03-01 13:30:47,55,57,2586,15454
2023-03-01 13:31:03,53,57,2586,15454
2023-03-01 13:31:03,53,59,2586,15454
2023-03-01 13:31:03,55,59,2586,15454
2023-03-01 13:31:03,55,57,2586,15454
2023-03-01 13:31:27,52,57,2586,15454
2023-03-01 13:31:27,52,58,2586,15454
2023-03-01 13:31:27,54,58,2586,15454
2023-03-01 13:31:27,54,57,2586,15454
2023-03-01 13:31:43,52,57,2586,15454
2023-03-01 13:31:43,52,58,2586,15454
2023-03-01 13:31:44,54,58,2586,15454
2023-03-01 13:31:44,54,57,2586,15454
2023-03-01 13:31:58,54,56,2586,15454
2023-03-01 13:32:05,52,56,2586,15454
2023-03-01 13:32:05,51,56,2586,15454
2023-03-01 13:32:05,53,56,2586,15454
2023-03-01 13:32:05,55,56,2586,15454
2023-03-01 13:32:38,53,56,2586,15454
2023-03-01 13:32:38,51,56,2586,15454
2023-03-01 13:32:38,53,56,2586,15454
2023-03-01 13:32:44,53,55,2586,15454
2023-03-01 13:32:52,51,55,2586,15454
2023-03-01 13:32:52,53,55,2586,15454
2023-03-01 13:33:03,53,54,2586,15454
2023-03-01 13:33:08,50,54,2586,15454
2023-03-01 13:33:08,52,54,2586,15454
2023-03-01 13:33:37,50,54,2586,15454
2023-03-01 13:33:37,51,54,2586,15454
2023-03-01 13:34:10,52,54,2586,15454
2023-03-01 13:34:26,50,54,2586,15454
2023-03-01 13:34:26,52,54,2586,15454
2023-03-01 13:34:54,50,54,2586,15454
2023-03-01 13:34:54,51,54,2586,15454
2023-03-01 13:34:54,51,53,2586,15454
2023-03-01 13:35:29,50,53,2586,15454
2023-03-01 13:35:50,51,53,2586,15454
2023-03-01 13:36:04,50,53,2586,15454
2023-03-01 13:36:04,50,52,2586,15454
2023-03-01 13:36:22,50,53,2586,15454
2023-03-01 13:36:43,50,53,2586,15554
2023-03-01 13:36:45,51,53,2586,15554
2023-03-01 13:36:47,53,55,2610,15648
2023-03-01 13:36:48,53,58,2610,15648
2023-03-01 13:36:48,53,54,2610,15648
2023-03-01 13:36:50,53,54,2710,15748
2023-03-01 13:36:54,54,56,2723,15761
2023-03-01 13:36:59,54,58,2723,15761
2023-03-01 13:36:59,54,56,2723,15761
2023-03-01 13:37:26,53,56,2723,15761
2023-03-01 13:37:26,53,58,2723,15761
2023-03-01 13:37:26,53,59,2723,15761
2023-03-01 13:37:26,56,59,2723,15761
2023-03-01 13:37:42,55,59,2723,15761
2023-03-01 13:37:42,53,59,2723,15761
2023-03-01 13:37:42,53,60,2723,15761
2023-03-01 13:37:42,57,60,2723,15761
2023-03-01 13:38:04,54,60,2723,15761
2023-03-01 13:38:04,53,60,2723,15761
2023-03-01 13:38:04,56,60,2723,15761
2023-03-01 13:38:04,57,60,2723,15761
2023-03-01 13:38:21,56,60,2723,15761
2023-03-01 13:38:21,56,61,2723,15761
2023-03-01 13:38:21,59,61,2723,15761
2023-03-01 13:38:28,59,60,2723,15761
2023-03-01 13:38:45,56,60,2723,15761
2023-03-01 13:38:45,57,60,2723,15761
2023-03-01 13:38:54,57,61,2723,16161
2023-03-01 13:39:00,57,62,2723,16161
2023-03-01 13:39:00,57,61,2723,16161
2023-03-01 13:39:26,57,62,2723,16161
2023-03-01 13:39:26,57,60,2723,16161
2023-03-01 13:39:41,57,61,2723,16161
2023-03-01 13:39:42,57,60,2723,16161
2023-03-01 13:40:01,57,61,2723,16161
2023-03-01 13:40:26,59,61,2723,16161
2023-03-01 13:40:58,57,61,2723,16161
2023-03-01 13:41:28,57,60,2723,16161
2023-03-01 13:41:41,57,61,2723,16161
2023-03-01 13:41:41,57,60,2723,16161
2023-03-01 13:41:56,57,61,2723,16161
2023-03-01 13:41:57,59,61,2723,16161
2023-03-01 13:42:25,57,61,2723,16161
2023-03-01 13:42:25,57,60,2723,16161
2023-03-01 13:42:31,56,60,2723,16161
2023-03-01 13:42:45,55,60,2723,16161
2023-03-01 13:42:45,56,60,2723,16161
2023-03-01 13:42:45,56,59,2723,16161
2023-03-01 13:43:01,55,59,2723,16161
2023-03-01 13:43:01,54,59,2723,16161
2023-03-01 13:43:01,54,60,2723,16161
2023-03-01 13:43:01,56,60,2723,16161
2023-03-01 13:43:01,56,58,2723,16161
2023-03-01 13:43:26,54,58,2723,16161
2023-03-01 13:43:26,54,60,2723,16161
2023-03-01 13:43:26,56,60,2723,16161
2023-03-01 13:43:26,56,59,2723,16161
2023-03-01 13:43:41,55,59,2723,16161
2023-03-01 13:43:41,54,59,2723,16161
2023-03-01 13:43:42,55,59,2723,16161
2023-03-01 13:43:42,55,58,2723,16161
2023-03-01 13:44:07,55,59,2723,16161
2023-03-01 13:44:08,55,58,2723,16161
