datetime,bid,ask,open_interest,volume
2023-08-23 09:30:55,29,40,488,1742
2023-08-23 09:31:00,29,39,488,1742
2023-08-23 09:31:00,31,39,488,1742
2023-08-23 09:31:00,31,38,488,1742
2023-08-23 09:31:00,34,36,488,1742
2023-08-23 09:31:01,33,36,488,1742
2023-08-23 09:31:03,34,36,488,1742
2023-08-23 09:31:04,34,37,488,1742
2023-08-23 09:31:04,34,36,488,1742
2023-08-23 09:31:06,34,37,488,1742
2023-08-23 09:31:07,34,38,488,1742
2023-08-23 09:31:07,34,37,488,1742
2023-08-23 09:31:10,35,37,488,1742
2023-08-23 09:31:24,35,38,488,1742
2023-08-23 09:31:24,35,37,488,1742
2023-08-23 09:31:32,35,38,488,1742
2023-08-23 09:31:32,35,37,488,1742
2023-08-23 09:31:49,35,36,488,1742
2023-08-23 09:32:10,34,35,688,1942
2023-08-23 09:32:17,34,35,888,2275
2023-08-23 09:33:42,34,35,889,2276
2023-08-23 09:34:04,32,35,889,2276
2023-08-23 09:34:05,32,34,889,2276
2023-08-23 09:34:09,32,35,889,2276
2023-08-23 09:34:11,32,34,889,2276
2023-08-23 09:34:12,32,35,889,2276
2023-08-23 09:34:14,32,34,889,2276
2023-08-23 09:34:15,33,34,889,2276
2023-08-23 09:34:25,33,35,889,2276
2023-08-23 09:34:32,33,34,889,2276
2023-08-23 09:34:33,33,35,889,2276
2023-08-23 09:34:47,33,34,889,2276
2023-08-23 09:34:50,33,35,889,2276
2023-08-23 09:35:01,34,35,889,2276
2023-08-23 09:35:23,33,35,889,2276
2023-08-23 09:35:23,34,35,889,2276
2023-08-23 09:35:30,33,35,889,2276
2023-08-23 09:35:32,34,35,889,2276
2023-08-23 09:35:37,33,35,889,2276
2023-08-23 09:35:38,34,35,889,2276
2023-08-23 09:36:58,34,35,1289,2676
2023-08-23 09:37:13,34,36,1357,2744
2023-08-23 09:38:40,34,37,1357,2744
2023-08-23 09:38:50,34,36,1357,2744
2023-08-23 09:39:06,33,36,1357,2744
2023-08-23 09:39:06,33,35,1357,2744
2023-08-23 09:39:28,33,36,1357,2744
2023-08-23 09:39:29,33,35,1357,2744
2023-08-23 09:39:31,33,36,1357,2744
2023-08-23 09:39:31,34,36,1357,2744
2023-08-23 09:39:33,33,36,1357,2744
2023-08-23 09:39:33,33,35,1357,2744
2023-08-23 09:40:08,33,36,1357,2744
2023-08-23 09:40:11,33,35,1357,2744
2023-08-23 09:40:12,33,36,1357,2744
2023-08-23 09:40:17,33,35,1357,2744
2023-08-23 09:40:27,33,34,1357,2744
2023-08-23 09:40:43,33,35,1357,2744
2023-08-23 09:40:45,33,34,1357,2744
2023-08-23 09:40:47,33,35,1357,2744
2023-08-23 09:40:53,33,34,1357,2744
2023-08-23 09:40:54,33,35,1357,2744
2023-08-23 09:40:56,33,34,1357,2744
2023-08-23 09:40:58,33,35,1357,2744
2023-08-23 09:41:01,33,34,1357,2744
2023-08-23 09:41:03,33,35,1357,2744
2023-08-23 09:41:06,33,34,1357,2744
2023-08-23 09:41:34,33,35,1357,2744
2023-08-23 09:41:35,33,34,1357,2744
2023-08-23 09:41:41,33,35,1357,2744
2023-08-23 09:41:42,33,34,1357,2744
2023-08-23 09:41:58,33,35,1357,2744
2023-08-23 09:41:59,33,34,1357,2744
2023-08-23 09:42:06,33,35,1357,2744
2023-08-23 09:42:07,33,34,1357,2744
2023-08-23 09:42:08,33,35,1357,2744
2023-08-23 09:42:09,33,34,1357,2744
2023-08-23 09:42:26,33,35,1357,2744
2023-08-23 09:42:28,33,34,1357,2744
2023-08-23 09:42:33,33,35,1357,2744
2023-08-23 09:42:49,33,34,1357,2744
2023-08-23 09:42:50,33,35,1357,2744
2023-08-23 09:42:54,33,36,1357,2744
2023-08-23 09:42:55,33,35,1357,2744
2023-08-23 09:42:56,33,36,1357,2744
2023-08-23 09:42:56,34,36,1357,2744
2023-08-23 09:43:49,34,37,1357,2744
2023-08-23 09:43:51,34,36,1357,2744
2023-08-23 09:43:54,34,37,1357,2744
2023-08-23 09:43:57,34,36,1357,2744
2023-08-23 09:44:01,34,37,1357,2744
2023-08-23 09:44:04,34,36,1357,2744
2023-08-23 09:44:23,34,37,1357,2744
2023-08-23 09:44:23,34,36,1357,2744
2023-08-23 09:44:24,34,37,1357,2744
2023-08-23 09:44:26,34,36,1357,2744
2023-08-23 09:44:56,33,36,1357,2744
2023-08-23 09:45:00,34,36,1357,2744
2023-08-23 09:45:01,34,37,1357,2744
2023-08-23 09:45:02,35,37,1357,2744
2023-08-23 09:45:03,35,36,1357,2744
2023-08-23 09:45:04,35,37,1357,2744
2023-08-23 09:45:05,35,36,1357,2744
2023-08-23 09:45:06,34,36,1357,2744
2023-08-23 09:45:07,34,37,1357,2744
2023-08-23 09:45:17,35,37,1357,2744
2023-08-23 09:45:31,36,37,1357,2744
2023-08-23 09:45:31,36,38,1357,2744
2023-08-23 09:46:18,35,38,1357,2744
2023-08-23 09:46:18,35,37,1357,2744
2023-08-23 09:46:35,35,38,1357,2744
2023-08-23 09:46:38,36,38,1357,2744
2023-08-23 09:46:49,35,38,1357,2744
2023-08-23 09:46:49,35,37,1357,2744
2023-08-23 09:46:50,35,38,1357,2744
2023-08-23 09:46:53,36,38,1357,2744
2023-08-23 09:47:31,37,38,1357,2744
2023-08-23 09:47:35,37,38,1506,2893
2023-08-23 09:47:42,37,38,1697,3084
2023-08-23 09:54:09,36,38,1697,3084
2023-08-23 09:54:21,36,37,1697,3084
2023-08-23 09:54:31,36,38,1697,3084
2023-08-23 09:55:14,37,38,1697,3084
2023-08-23 09:55:18,37,39,1697,3084
2023-08-23 09:56:02,37,40,1697,3084
2023-08-23 09:56:02,38,40,1697,3084
2023-08-23 09:56:02,38,39,1697,3084
2023-08-23 09:56:14,38,40,1697,3084
2023-08-23 09:56:14,39,40,1697,3084
2023-08-23 09:56:16,38,40,1897,3284
2023-08-23 09:56:17,38,39,1897,3284
2023-08-23 09:56:21,38,40,1897,3284
2023-08-23 09:56:22,38,39,1897,3284
2023-08-23 09:57:10,38,39,2097,3484
2023-08-23 09:57:24,38,39,2297,3684
2023-08-23 09:57:24,38,40,2297,3684
2023-08-23 09:57:42,39,40,2297,3684
2023-08-23 10:00:11,38,40,2497,3884
2023-08-23 10:00:12,38,39,2497,3884
2023-08-23 10:00:15,38,40,2497,3884
2023-08-23 10:00:16,38,39,2497,3884
2023-08-23 10:00:17,38,40,2497,3884
2023-08-23 10:00:23,39,40,2497,3884
2023-08-23 10:01:02,38,40,2497,3884
2023-08-23 10:01:02,38,40,2552,4439
2023-08-23 10:01:03,39,40,2552,4439
2023-08-23 10:01:19,39,41,2552,4439
2023-08-23 10:01:20,39,40,2552,4439
2023-08-23 10:01:28,39,41,2552,4439
2023-08-23 10:01:31,39,40,2552,4439
2023-08-23 10:01:33,39,41,2552,4439
2023-08-23 10:01:34,39,40,2552,4439
2023-08-23 10:01:50,39,41,2552,4439
2023-08-23 10:01:51,39,40,2552,4439
2023-08-23 10:01:52,39,41,2552,4439
2023-08-23 10:02:02,39,40,2552,4439
2023-08-23 10:02:37,39,41,2552,4439
2023-08-23 10:02:42,39,40,2552,4439
2023-08-23 10:02:51,39,41,2552,4439
2023-08-23 10:02:52,39,40,2552,4439
2023-08-23 10:03:03,39,41,2552,4439
2023-08-23 10:03:04,39,40,2552,4439
2023-08-23 10:03:09,39,41,2552,4439
2023-08-23 10:03:10,39,40,2552,4439
2023-08-23 10:03:12,39,41,2552,4439
2023-08-23 10:03:12,39,41,2652,4539
2023-08-23 10:03:13,39,40,2652,4539
2023-08-23 10:03:13,38,40,3052,4939
2023-08-23 10:03:14,38,40,3452,5339
2023-08-23 10:03:14,38,39,3452,5339
2023-08-23 10:03:15,37,39,3852,5739
2023-08-23 10:03:18,37,40,3852,5739
2023-08-23 10:03:19,37,39,3852,5739
2023-08-23 10:03:24,37,38,3852,5739
2023-08-23 10:03:26,37,39,3852,5739
2023-08-23 10:03:27,37,38,3852,5739
2023-08-23 10:03:28,37,39,3852,5739
2023-08-23 10:03:31,37,38,3852,5739
2023-08-23 10:03:32,37,40,3852,5739
2023-08-23 10:03:32,37,39,3852,5739
2023-08-23 10:03:41,37,38,3852,5739
2023-08-23 10:03:41,36,38,4252,6139
2023-08-23 10:03:42,36,39,4252,6139
2023-08-23 10:03:42,37,39,4252,6139
2023-08-23 10:03:43,37,38,4252,6139
2023-08-23 10:03:49,37,39,4252,6139
2023-08-23 10:03:51,38,39,4252,6139
2023-08-23 10:04:01,37,39,4474,6361
2023-08-23 10:04:02,37,38,4474,6361
2023-08-23 10:04:03,37,39,4474,6361
2023-08-23 10:04:04,37,38,4474,6361
2023-08-23 10:04:06,36,38,4474,6361
2023-08-23 10:04:07,36,39,4474,6361
2023-08-23 10:04:12,36,38,4474,6361
2023-08-23 10:04:12,37,38,4474,6361
2023-08-23 10:04:14,37,39,4474,6361
2023-08-23 10:04:15,37,38,4474,6361
2023-08-23 10:04:24,37,39,4474,6361
2023-08-23 10:04:25,37,38,4474,6361
2023-08-23 10:04:26,37,39,4737,6624
2023-08-23 10:04:27,37,38,4737,6624
2023-08-23 10:04:28,37,39,4737,6624
2023-08-23 10:04:32,37,38,4737,6624
2023-08-23 10:04:33,37,39,4737,6624
2023-08-23 10:04:34,37,38,4737,6624
2023-08-23 10:04:35,37,39,4737,6624
2023-08-23 10:04:36,37,38,4737,6624
2023-08-23 10:04:40,37,39,4737,6624
2023-08-23 10:04:41,37,38,4737,6624
2023-08-23 10:04:58,37,39,4737,6624
2023-08-23 10:05:07,37,38,4737,6624
2023-08-23 10:05:13,37,39,4737,6624
2023-08-23 10:05:14,37,38,4737,6624
2023-08-23 10:05:22,37,39,4737,6624
2023-08-23 10:05:26,37,38,4737,6624
2023-08-23 10:05:27,37,39,4737,6624
2023-08-23 10:05:36,37,38,4737,6624
2023-08-23 10:05:37,37,39,4737,6624
2023-08-23 10:05:41,37,38,4737,6624
2023-08-23 10:05:42,37,39,4737,6624
2023-08-23 10:05:43,37,38,4737,6624
2023-08-23 10:05:46,37,39,4737,6624
2023-08-23 10:05:48,37,38,4737,6624
2023-08-23 10:05:49,37,39,4737,6624
2023-08-23 10:05:55,38,39,4737,6624
2023-08-23 10:06:31,37,39,4998,6885
2023-08-23 10:06:32,37,38,4998,6885
2023-08-23 10:06:48,37,39,4998,6885
2023-08-23 10:06:56,37,38,4998,6885
2023-08-23 10:06:57,37,39,4998,6885
2023-08-23 10:06:59,37,38,4998,6885
2023-08-23 10:07:05,37,38,5220,7285
2023-08-23 10:07:06,37,39,5220,7285
2023-08-23 10:07:07,37,38,5220,7285
2023-08-23 10:07:23,37,39,5220,7285
2023-08-23 10:07:24,37,38,5220,7285
2023-08-23 10:07:28,36,38,5220,7285
2023-08-23 10:07:29,37,38,5220,7285
2023-08-23 10:07:30,37,39,5220,7285
2023-08-23 10:07:33,36,39,5220,7285
2023-08-23 10:07:33,37,39,5220,7285
2023-08-23 10:07:56,36,39,5220,7285
2023-08-23 10:07:57,37,39,5220,7285
2023-08-23 10:08:05,36,39,5220,7285
2023-08-23 10:08:05,37,39,5220,7285
2023-08-23 10:08:41,37,38,5220,7285
2023-08-23 10:08:43,36,38,5220,7285
2023-08-23 10:08:44,37,38,5220,7285
2023-08-23 10:08:58,37,39,5220,7285
2023-08-23 10:09:01,37,38,5220,7285
2023-08-23 10:09:02,37,39,5220,7285
2023-08-23 10:09:04,37,38,5220,7285
2023-08-23 10:09:11,36,38,5220,7285
2023-08-23 10:09:11,37,38,5220,7285
2023-08-23 10:09:16,37,39,5220,7285
2023-08-23 10:09:17,37,38,5220,7285
2023-08-23 10:09:29,37,39,5220,7285
2023-08-23 10:09:30,37,38,5220,7285
2023-08-23 10:09:40,36,38,5220,7285
2023-08-23 10:09:41,37,38,5220,7285
2023-08-23 10:09:48,36,38,5220,7285
2023-08-23 10:09:49,37,38,5220,7285
2023-08-23 10:09:49,37,39,5220,7285
2023-08-23 10:09:50,37,38,5220,7285
2023-08-23 10:09:59,36,38,5220,7285
2023-08-23 10:10:00,37,38,5220,7285
2023-08-23 10:10:03,37,39,5220,7285
2023-08-23 10:10:09,37,38,5220,7285
2023-08-23 10:10:13,37,39,5220,7285
2023-08-23 10:10:17,37,38,5220,7285
2023-08-23 10:10:18,37,39,5220,7285
2023-08-23 10:10:19,36,39,5220,7285
2023-08-23 10:10:20,37,39,5220,7285
2023-08-23 10:10:29,37,38,5220,7285
2023-08-23 10:10:30,37,39,5220,7285
2023-08-23 10:10:33,37,38,5220,7285
2023-08-23 10:10:40,37,39,5220,7285
2023-08-23 10:10:41,37,38,5220,7285
2023-08-23 10:10:43,37,39,5220,7285
2023-08-23 10:10:44,37,38,5220,7285
2023-08-23 10:10:52,36,38,5220,7285
2023-08-23 10:10:58,35,38,5220,7285
2023-08-23 10:10:59,36,38,5220,7285
2023-08-23 10:11:15,36,38,5477,7542
2023-08-23 10:11:19,35,38,5477,7542
2023-08-23 10:11:19,36,38,5477,7542
2023-08-23 10:11:24,36,37,5477,7542
2023-08-23 10:11:26,36,38,5477,7542
2023-08-23 10:11:34,36,39,5477,7542
2023-08-23 10:11:35,36,38,5477,7542
2023-08-23 10:11:44,36,37,5477,7542
2023-08-23 10:11:45,36,38,5477,7542
2023-08-23 10:11:53,36,37,5477,7542
2023-08-23 10:11:59,35,37,5477,7542
2023-08-23 10:12:00,36,37,5477,7542
2023-08-23 10:12:07,36,38,5477,7542
2023-08-23 10:12:09,36,37,5477,7542
2023-08-23 10:12:11,36,38,5477,7542
2023-08-23 10:12:14,36,37,5477,7542
2023-08-23 10:12:16,36,38,5477,7542
2023-08-23 10:12:16,36,39,5477,7542
2023-08-23 10:12:17,36,38,5477,7542
2023-08-23 10:12:21,36,37,5477,7542
2023-08-23 10:12:23,36,38,5477,7542
2023-08-23 10:12:27,36,39,5477,7542
2023-08-23 10:12:28,36,38,5477,7542
2023-08-23 10:12:33,36,37,5477,7542
2023-08-23 10:12:41,36,38,5477,7542
2023-08-23 10:12:41,36,39,5477,7542
2023-08-23 10:12:42,36,38,5477,7542
2023-08-23 10:12:43,36,37,5477,7542
2023-08-23 10:12:46,35,37,5477,7542
2023-08-23 10:12:46,36,37,5477,7542
2023-08-23 10:12:52,36,39,5477,7542
2023-08-23 10:12:53,36,38,5477,7542
2023-08-23 10:12:54,36,37,5477,7542
2023-08-23 10:12:58,36,38,5477,7542
2023-08-23 10:12:59,36,38,5477,7542
2023-08-23 10:13:00,36,37,5477,7542
2023-08-23 10:13:30,36,38,5477,7542
2023-08-23 10:13:31,35,38,5477,7542
2023-08-23 10:13:31,37,38,5477,7542
2023-08-23 10:13:47,37,39,5477,7542
2023-08-23 10:13:48,37,38,5477,7542
2023-08-23 10:14:13,37,39,5477,7542
2023-08-23 10:14:14,37,38,5477,7542
2023-08-23 10:14:30,37,39,5477,7542
2023-08-23 10:14:31,35,38,5477,7542
2023-08-23 10:14:32,37,38,5477,7542
2023-08-23 10:14:33,37,39,5477,7542
2023-08-23 10:14:34,37,38,5477,7542
2023-08-23 10:14:49,37,39,5477,7542
2023-08-23 10:14:50,37,38,5477,7542
2023-08-23 10:15:01,37,39,5477,7542
2023-08-23 10:15:02,37,38,5477,7542
2023-08-23 10:15:02,35,38,5477,7542
2023-08-23 10:15:03,37,38,5477,7542
2023-08-23 10:15:19,37,39,5477,7542
2023-08-23 10:15:20,37,38,5477,7542
2023-08-23 10:15:22,37,39,5477,7542
2023-08-23 10:15:23,35,39,5477,7542
2023-08-23 10:15:24,37,39,5477,7542
2023-08-23 10:15:26,37,38,5477,7542
2023-08-23 10:15:27,37,39,5477,7542
2023-08-23 10:15:28,37,38,5477,7542
2023-08-23 10:15:51,36,38,5477,7542
2023-08-23 10:15:52,36,39,5477,7542
2023-08-23 10:15:52,37,39,5477,7542
2023-08-23 10:15:54,37,38,5477,7542
2023-08-23 10:16:04,37,39,5477,7542
2023-08-23 10:16:05,37,38,5477,7542
2023-08-23 10:16:13,37,39,5477,7542
2023-08-23 10:16:14,37,38,5477,7542
2023-08-23 10:16:15,37,39,5477,7542
2023-08-23 10:16:20,36,39,5477,7542
2023-08-23 10:16:21,37,39,5477,7542
2023-08-23 10:16:22,37,38,5477,7542
2023-08-23 10:16:25,37,39,5477,7542
2023-08-23 10:16:30,37,38,5477,7542
2023-08-23 10:16:34,37,39,5477,7542
2023-08-23 10:16:35,37,38,5477,7542
2023-08-23 10:16:44,36,38,5477,7542
2023-08-23 10:16:45,36,39,5477,7542
2023-08-23 10:16:45,37,39,5477,7542
2023-08-23 10:16:46,37,38,5477,7542
2023-08-23 10:16:50,37,39,5477,7542
2023-08-23 10:16:51,37,38,5477,7542
2023-08-23 10:16:57,37,39,5477,7542
2023-08-23 10:16:58,37,38,5477,7542
2023-08-23 10:17:03,37,39,5477,7542
2023-08-23 10:17:13,36,39,5477,7542
2023-08-23 10:17:13,37,39,5477,7542
2023-08-23 10:17:14,36,39,5477,7542
2023-08-23 10:17:15,36,38,5477,7542
2023-08-23 10:17:15,37,38,5477,7542
2023-08-23 10:17:18,37,39,5477,7542
2023-08-23 10:17:20,37,38,5477,7542
2023-08-23 10:17:21,36,38,5477,7542
2023-08-23 10:17:22,37,38,5477,7542
2023-08-23 10:17:39,36,39,5477,7542
2023-08-23 10:17:40,37,39,5477,7542
2023-08-23 10:17:41,38,39,5477,7542
2023-08-23 10:17:42,37,39,5477,7542
2023-08-23 10:17:43,38,39,5477,7542
2023-08-23 10:17:44,37,39,5477,7542
2023-08-23 10:17:53,38,39,5477,7542
2023-08-23 10:17:59,37,39,5477,7542
2023-08-23 10:18:07,36,39,5477,7542
2023-08-23 10:18:07,37,39,5477,7542
2023-08-23 10:18:40,38,39,5477,7542
2023-08-23 10:18:41,37,39,5477,7542
2023-08-23 10:18:48,38,39,5477,7542
2023-08-23 10:18:51,37,39,5477,7542
2023-08-23 10:19:33,38,39,5477,7542
2023-08-23 10:19:34,37,39,5477,7542
2023-08-23 10:19:35,38,39,5477,7542
2023-08-23 10:19:37,37,39,5477,7542
2023-08-23 10:20:03,36,39,5477,7542
2023-08-23 10:20:04,37,39,5477,7542
2023-08-23 10:20:09,38,39,5477,7542
2023-08-23 10:20:11,37,39,5477,7542
2023-08-23 10:20:12,38,39,5477,7542
2023-08-23 10:20:13,37,39,5477,7542
2023-08-23 10:20:14,38,39,5477,7542
2023-08-23 10:20:15,37,39,5477,7542
2023-08-23 10:20:17,38,39,5477,7542
2023-08-23 10:20:18,37,39,5477,7542
2023-08-23 10:20:21,38,39,5477,7542
2023-08-23 10:20:23,37,39,5477,7542
2023-08-23 10:20:24,36,39,5477,7542
2023-08-23 10:20:25,37,39,5477,7542
2023-08-23 10:20:26,38,39,5477,7542
2023-08-23 10:20:32,37,39,5477,7542
2023-08-23 10:20:34,38,39,5477,7542
2023-08-23 10:20:34,38,39,5477,7550
2023-08-23 10:20:56,37,39,5477,7550
2023-08-23 10:20:59,38,39,5477,7550
2023-08-23 10:21:00,37,39,5477,7550
2023-08-23 10:21:09,36,39,5477,7550
2023-08-23 10:21:09,38,39,5477,7550
2023-08-23 10:22:23,38,39,5677,7883
2023-08-23 10:23:05,37,39,5677,7883
2023-08-23 10:23:11,36,39,5677,7883
2023-08-23 10:23:12,37,39,5677,7883
2023-08-23 10:23:26,38,39,5677,7883
2023-08-23 10:23:58,37,39,5677,7883
2023-08-23 10:23:59,38,39,5677,7883
2023-08-23 10:24:14,37,39,5677,7883
2023-08-23 10:24:14,38,39,5677,7883
2023-08-23 10:24:50,37,39,5677,7883
2023-08-23 10:24:50,38,39,5677,7883
2023-08-23 10:25:12,36,39,5677,7883
2023-08-23 10:25:12,38,39,5677,7883
2023-08-23 10:25:22,36,39,5677,7883
2023-08-23 10:25:23,38,39,5677,7883
2023-08-23 10:26:23,37,39,5677,7883
2023-08-23 10:26:28,37,38,5677,7883
2023-08-23 10:27:47,36,38,5677,7883
2023-08-23 10:27:47,37,38,5677,7883
2023-08-23 10:28:01,37,38,6010,8216
2023-08-23 10:28:07,37,39,6177,8383
2023-08-23 10:28:33,38,39,6177,8383
2023-08-23 10:28:34,37,39,6177,8383
2023-08-23 10:28:36,38,39,6177,8383
2023-08-23 10:28:37,37,39,6177,8383
2023-08-23 10:29:35,38,39,6177,8383
2023-08-23 10:29:36,37,39,6177,8383
2023-08-23 10:30:50,36,39,6177,8383
2023-08-23 10:30:50,37,39,6177,8383
2023-08-23 10:31:09,36,39,6177,8383
2023-08-23 10:31:10,37,39,6177,8383
2023-08-23 10:31:25,36,39,6177,8383
2023-08-23 10:31:25,37,39,6177,8383
2023-08-23 10:32:21,36,39,6177,8383
2023-08-23 10:32:21,37,39,6177,8383
2023-08-23 10:32:56,36,39,6177,8383
2023-08-23 10:32:56,37,39,6177,8383
2023-08-23 10:33:20,36,39,6177,8383
2023-08-23 10:33:20,37,39,6177,8383
2023-08-23 10:34:38,36,39,6177,8383
2023-08-23 10:34:39,37,39,6177,8383
2023-08-23 10:34:59,36,39,6177,8383
2023-08-23 10:34:59,37,39,6177,8383
2023-08-23 10:35:35,38,39,6177,8383
2023-08-23 10:35:38,37,39,6177,8383
2023-08-23 10:35:39,38,39,6177,8383
2023-08-23 10:35:43,37,39,6177,8383
2023-08-23 10:36:02,38,39,6177,8383
2023-08-23 10:36:07,37,39,6177,8383
2023-08-23 10:36:08,38,39,6177,8383
2023-08-23 10:36:16,39,40,6177,8384
2023-08-23 10:36:17,38,40,6177,8384
2023-08-23 10:36:18,39,40,6177,8384
2023-08-23 10:36:20,38,40,6177,8384
2023-08-23 10:36:43,39,40,6177,8384
2023-08-23 10:36:55,38,40,6177,8384
2023-08-23 10:36:56,39,40,6177,8384
2023-08-23 10:36:57,38,40,6177,8384
2023-08-23 10:37:39,37,40,6177,8384
2023-08-23 10:37:40,38,40,6177,8384
2023-08-23 10:38:01,39,40,6177,8384
2023-08-23 10:38:03,38,40,6177,8384
2023-08-23 10:38:15,39,40,6177,8384
2023-08-23 10:38:16,38,40,6177,8384
2023-08-23 10:38:17,39,40,6177,8384
2023-08-23 10:38:19,39,40,6177,8828
2023-08-23 10:38:24,38,40,6177,8828
2023-08-23 10:38:25,39,40,6177,8828
2023-08-23 10:38:30,38,40,6177,8828
2023-08-23 10:38:31,39,40,6177,8828
2023-08-23 10:38:32,38,40,6177,8828
2023-08-23 10:38:35,39,40,6177,8828
2023-08-23 10:38:38,38,40,6177,8828
2023-08-23 10:38:46,39,40,6177,8828
2023-08-23 10:38:49,38,40,6177,8828
2023-08-23 10:39:01,39,40,6177,8828
2023-08-23 10:39:03,38,40,6177,8828
2023-08-23 10:39:04,39,40,6177,8828
2023-08-23 10:39:21,38,40,6177,8828
2023-08-23 10:39:22,39,40,6177,8828
2023-08-23 10:39:47,38,40,6177,8828
2023-08-23 10:39:57,39,40,6177,8828
2023-08-23 10:40:46,38,40,6177,8828
2023-08-23 10:40:48,39,40,6177,8828
2023-08-23 10:40:49,38,40,6177,8828
2023-08-23 10:41:08,37,40,6177,8828
2023-08-23 10:41:09,37,42,6177,8828
2023-08-23 10:41:09,38,42,6177,8828
2023-08-23 10:41:10,38,39,6177,8828
2023-08-23 10:41:11,37,39,6177,8828
2023-08-23 10:41:11,38,39,6177,8828
2023-08-23 10:41:32,37,39,6177,8828
2023-08-23 10:41:33,38,39,6177,8828
2023-08-23 10:42:48,37,39,6177,8828
2023-08-23 10:42:48,38,39,6177,8828
2023-08-23 10:42:56,37,39,6177,8828
2023-08-23 10:42:56,38,39,6177,8828
2023-08-23 10:42:57,36,39,6177,8828
2023-08-23 10:42:57,37,39,6177,8828
2023-08-23 10:42:57,39,42,5954,9051
2023-08-23 10:42:58,36,42,5954,9051
2023-08-23 10:42:58,38,42,5954,9051
2023-08-23 10:42:59,38,41,5954,9051
2023-08-23 10:43:00,38,40,5954,9051
2023-08-23 10:43:00,36,40,5954,9051
2023-08-23 10:43:00,38,40,5954,9051
2023-08-23 10:43:04,36,40,5954,9051
2023-08-23 10:43:04,38,40,5954,9051
2023-08-23 10:43:07,38,41,5954,9051
2023-08-23 10:43:09,38,40,5954,9051
2023-08-23 10:43:25,37,40,5954,9051
2023-08-23 10:43:25,38,40,5954,9051
2023-08-23 10:43:43,37,40,5954,9051
2023-08-23 10:44:01,38,40,5954,9051
2023-08-23 10:44:39,38,39,5954,9051
2023-08-23 10:44:41,38,43,5954,9051
2023-08-23 10:44:42,38,42,5954,9051
2023-08-23 10:44:43,38,41,5954,9051
2023-08-23 10:48:31,38,40,5954,9051
2023-08-23 10:48:35,37,40,5954,9051
2023-08-23 10:48:43,38,40,5954,9051
2023-08-23 10:49:06,38,39,5954,9051
2023-08-23 10:49:06,37,39,5954,9051
2023-08-23 10:49:10,37,38,5954,9051
2023-08-23 10:49:12,37,39,5954,9051
2023-08-23 10:49:16,37,38,5954,9051
2023-08-23 10:49:24,37,39,5954,9051
2023-08-23 10:49:27,37,38,5954,9051
2023-08-23 10:49:28,37,39,5954,9051
2023-08-23 10:49:29,37,38,5954,9051
2023-08-23 10:49:32,37,38,5554,9451
2023-08-23 10:49:32,36,38,5554,9451
2023-08-23 10:49:33,37,38,5554,9451
2023-08-23 10:49:42,37,38,5354,9651
2023-08-23 10:49:52,35,38,5354,9651
2023-08-23 10:49:53,36,38,5354,9651
2023-08-23 10:49:56,37,38,5354,9651
2023-08-23 10:49:58,36,38,5354,9651
2023-08-23 10:50:00,37,38,5354,9651
2023-08-23 10:50:01,36,38,5354,9651
2023-08-23 10:50:03,36,39,5354,9651
2023-08-23 10:50:07,37,39,5354,9651
2023-08-23 10:50:11,36,39,5354,9651
2023-08-23 10:50:11,37,39,5354,9651
2023-08-23 10:50:47,37,40,5354,9651
2023-08-23 10:50:57,37,39,5354,9651
2023-08-23 10:50:58,37,40,5354,9651
2023-08-23 10:51:02,37,39,5354,9651
2023-08-23 10:51:04,37,40,5354,9651
2023-08-23 10:51:07,37,39,5354,9651
2023-08-23 10:51:12,36,39,5354,9651
2023-08-23 10:51:13,37,39,5354,9651
2023-08-23 10:51:16,37,40,5354,9651
2023-08-23 10:51:17,37,39,5354,9651
2023-08-23 10:51:22,37,40,5354,9651
2023-08-23 10:51:33,37,38,5354,9651
2023-08-23 10:51:37,37,40,5354,9651
2023-08-23 10:51:42,37,39,5354,9651
2023-08-23 10:51:43,37,40,5354,9651
2023-08-23 10:51:54,37,38,5354,9651
2023-08-23 10:52:01,36,38,5354,9651
2023-08-23 10:52:01,36,37,5354,9651
2023-08-23 10:52:30,35,37,5354,9651
2023-08-23 10:52:43,35,36,5354,9651
2023-08-23 10:52:56,35,37,5354,9651
2023-08-23 10:53:02,36,37,5354,9651
2023-08-23 10:53:21,35,37,5354,9892
2023-08-23 10:53:22,36,37,5354,9892
2023-08-23 10:53:36,35,37,5354,9892
2023-08-23 10:53:39,36,37,5354,9892
2023-08-23 10:53:41,35,37,5354,9892
2023-08-23 10:53:52,36,37,5354,9892
2023-08-23 10:53:53,35,37,5354,9892
2023-08-23 10:53:58,36,37,5354,9892
2023-08-23 10:53:59,35,37,5354,9892
2023-08-23 10:54:09,36,37,5354,9892
2023-08-23 10:54:25,36,38,5354,9892
2023-08-23 10:54:36,36,37,5354,9892
2023-08-23 10:54:39,36,38,5354,9892
2023-08-23 10:55:39,36,37,5354,9892
2023-08-23 10:55:44,35,37,5354,9892
2023-08-23 10:55:47,36,37,5354,9892
2023-08-23 10:56:02,35,37,5354,9892
2023-08-23 10:56:07,36,37,5354,9892
2023-08-23 10:56:34,35,37,5354,9892
2023-08-23 10:56:38,36,37,5354,9892
2023-08-23 10:56:46,35,37,5354,9892
2023-08-23 10:56:48,35,36,5354,9892
2023-08-23 10:57:03,35,37,5354,9892
2023-08-23 10:57:18,36,37,5354,9892
2023-08-23 10:57:19,35,37,5354,9892
2023-08-23 10:57:42,36,37,5354,9892
2023-08-23 10:57:43,35,37,5354,9892
2023-08-23 10:57:44,36,37,5354,9892
2023-08-23 10:57:49,35,37,5354,9892
2023-08-23 10:57:50,36,37,5354,9892
2023-08-23 10:57:51,35,37,5354,9892
2023-08-23 10:57:52,36,37,5354,9892
2023-08-23 10:57:53,35,37,5354,9892
2023-08-23 10:57:55,35,36,5354,9892
2023-08-23 10:58:38,35,36,5154,10092
2023-08-23 10:59:04,35,37,5154,10092
2023-08-23 10:59:25,35,36,5154,10092
2023-08-23 10:59:28,35,37,5154,10092
2023-08-23 10:59:32,35,36,5154,10092
2023-08-23 10:59:35,35,37,5154,10092
2023-08-23 10:59:37,35,36,5154,10092
2023-08-23 10:59:38,35,37,5154,10092
2023-08-23 10:59:39,35,36,5154,10092
2023-08-23 10:59:48,35,37,5154,10092
2023-08-23 10:59:54,35,36,5154,10092
2023-08-23 10:59:55,35,37,5154,10092
2023-08-23 11:00:04,35,36,5154,10092
2023-08-23 11:00:14,34,35,5139,10107
2023-08-23 11:00:14,33,35,5139,10107
2023-08-23 11:00:30,33,36,5139,10107
2023-08-23 11:00:30,34,36,5139,10107
2023-08-23 11:00:34,34,37,5139,10107
2023-08-23 11:00:37,35,37,5139,10107
2023-08-23 11:00:48,35,38,5139,10107
2023-08-23 11:00:50,36,38,5139,10107
2023-08-23 11:01:23,37,38,5139,10107
2023-08-23 11:01:24,36,38,5139,10107
2023-08-23 11:01:26,37,38,5139,10107
2023-08-23 11:01:31,37,40,5139,10107
2023-08-23 11:01:49,38,40,5139,10107
2023-08-23 11:01:50,38,41,5139,10107
2023-08-23 11:01:54,38,40,5139,10107
2023-08-23 11:01:55,37,40,5139,10107
2023-08-23 11:01:58,37,41,5139,10107
2023-08-23 11:01:59,38,41,5139,10107
2023-08-23 11:02:01,38,40,5139,10107
2023-08-23 11:02:02,38,41,5139,10107
2023-08-23 11:02:10,38,40,5139,10107
2023-08-23 11:02:11,38,41,5139,10107
2023-08-23 11:02:11,38,40,5139,10107
2023-08-23 11:02:19,37,40,5139,10107
2023-08-23 11:02:22,37,39,5139,10107
2023-08-23 11:02:25,37,40,5139,10107
2023-08-23 11:03:04,38,40,5139,10107
2023-08-23 11:03:16,38,39,5139,10107
2023-08-23 11:03:21,37,39,5139,10107
2023-08-23 11:04:24,38,39,5139,10107
2023-08-23 11:04:26,37,39,5139,10107
2023-08-23 11:04:27,38,39,5139,10107
2023-08-23 11:04:29,37,39,5139,10107
2023-08-23 11:04:48,38,39,5139,10107
2023-08-23 11:04:53,37,39,5139,10107
2023-08-23 11:06:11,36,39,5139,10107
2023-08-23 11:06:11,36,38,5139,10107
2023-08-23 11:06:11,35,38,5139,10107
2023-08-23 11:06:12,36,38,5139,10107
2023-08-23 11:06:15,36,39,5139,10107
2023-08-23 11:06:19,36,38,5139,10107
2023-08-23 11:06:21,36,39,5139,10107
2023-08-23 11:06:22,35,39,5139,10107
2023-08-23 11:06:22,35,38,5139,10107
2023-08-23 11:06:23,36,38,5139,10107
2023-08-23 11:06:25,35,38,5139,10107
2023-08-23 11:06:26,36,38,5139,10107
2023-08-23 11:06:27,35,38,5139,10107
2023-08-23 11:06:28,36,38,5139,10107
2023-08-23 11:06:32,36,39,5139,10107
2023-08-23 11:06:38,37,39,5139,10107
2023-08-23 11:06:42,36,39,5139,10107
2023-08-23 11:06:43,37,39,5139,10107
2023-08-23 11:07:24,38,39,5139,10107
2023-08-23 11:07:50,37,39,5139,10107
2023-08-23 11:07:55,38,39,5139,10107
2023-08-23 11:08:00,38,40,5339,10307
2023-08-23 11:08:39,39,40,5339,10307
2023-08-23 11:08:55,38,40,5339,10307
2023-08-23 11:08:57,37,40,5339,10307
2023-08-23 11:09:07,37,39,5339,10307
2023-08-23 11:09:09,37,40,5339,10307
2023-08-23 11:09:14,37,39,5339,10307
2023-08-23 11:09:23,37,38,5339,10307
2023-08-23 11:09:26,37,38,5139,10507
2023-08-23 11:09:26,35,38,5139,10507
2023-08-23 11:09:27,36,38,5139,10507
2023-08-23 11:09:30,36,39,5139,10507
2023-08-23 11:09:31,37,39,5139,10507
2023-08-23 11:09:33,36,39,5139,10507
2023-08-23 11:09:33,36,38,5139,10507
2023-08-23 11:09:49,37,38,5139,10507
2023-08-23 11:10:05,36,38,5139,10507
2023-08-23 11:10:08,36,37,5139,10507
2023-08-23 11:10:10,35,37,5139,10507
2023-08-23 11:10:14,35,36,5139,10507
2023-08-23 11:10:14,34,36,5139,10507
2023-08-23 11:10:15,35,36,5139,10507
2023-08-23 11:10:19,34,36,5139,10507
2023-08-23 11:10:21,35,36,5139,10507
2023-08-23 11:10:22,34,36,5139,10507
2023-08-23 11:10:27,35,36,5139,10507
2023-08-23 11:10:28,34,36,5139,10507
2023-08-23 11:10:29,35,36,5139,10507
2023-08-23 11:10:31,35,37,5139,10507
2023-08-23 11:10:49,35,38,5139,10507
2023-08-23 11:10:51,36,38,5139,10507
2023-08-23 11:10:57,37,38,5139,10507
2023-08-23 11:11:09,36,38,5139,10507
2023-08-23 11:11:12,37,38,5139,10507
2023-08-23 11:11:30,37,39,5139,10507
2023-08-23 11:11:36,36,39,5139,10507
2023-08-23 11:11:37,37,39,5139,10507
2023-08-23 11:11:46,37,38,5139,10507
2023-08-23 11:12:03,36,38,5139,10507
2023-08-23 11:12:13,35,38,5139,10507
2023-08-23 11:12:24,36,38,5139,10507
2023-08-23 11:12:33,35,38,5139,10507
2023-08-23 11:12:37,36,38,5139,10507
2023-08-23 11:12:47,35,38,5139,10507
2023-08-23 11:12:50,36,38,5139,10507
2023-08-23 11:13:18,36,39,5139,10507
2023-08-23 11:13:19,37,39,5139,10507
2023-08-23 11:13:28,36,39,5139,10507
2023-08-23 11:13:58,36,38,5139,10507
2023-08-23 11:14:04,36,37,5139,10507
2023-08-23 11:14:05,35,37,5139,10507
2023-08-23 11:14:10,36,37,5139,10507
2023-08-23 11:14:15,35,37,5139,10507
2023-08-23 11:14:17,36,37,5139,10507
2023-08-23 11:14:19,35,37,5139,10507
2023-08-23 11:14:21,36,37,5139,10507
2023-08-23 11:14:29,35,37,5139,10507
2023-08-23 11:14:46,36,37,5139,10507
2023-08-23 11:14:47,35,37,5139,10507
2023-08-23 11:14:49,36,37,5139,10507
2023-08-23 11:14:50,35,37,5139,10507
2023-08-23 11:14:58,35,36,5139,10507
2023-08-23 11:15:00,34,36,5139,10507
2023-08-23 11:15:04,35,36,5139,10507
2023-08-23 11:15:06,35,37,5139,10507
2023-08-23 11:15:20,36,37,5139,10507
2023-08-23 11:15:21,35,37,5139,10507
2023-08-23 11:15:22,36,37,5139,10507
2023-08-23 11:15:24,35,37,5139,10507
2023-08-23 11:15:31,34,37,5139,10507
2023-08-23 11:15:35,34,35,5139,10507
2023-08-23 11:15:45,33,35,5539,10907
2023-08-23 11:15:47,34,35,5539,10907
2023-08-23 11:15:48,33,35,5539,10907
2023-08-23 11:15:54,34,35,5539,10907
2023-08-23 11:16:31,34,37,5539,10907
2023-08-23 11:16:50,35,37,5539,10907
2023-08-23 11:17:02,35,38,5339,11107
2023-08-23 11:17:03,36,38,5339,11107
2023-08-23 11:17:20,35,38,5339,11107
2023-08-23 11:17:49,34,38,5339,11107
2023-08-23 11:17:49,35,38,5339,11107
2023-08-23 11:17:53,35,37,5339,11107
2023-08-23 11:18:06,34,37,5339,11107
2023-08-23 11:18:14,35,37,5339,11107
2023-08-23 11:18:23,35,38,5339,11107
2023-08-23 11:18:28,35,37,5339,11107
2023-08-23 11:18:33,35,38,5339,11107
2023-08-23 11:18:49,35,37,5339,11107
2023-08-23 11:18:51,34,37,5339,11107
2023-08-23 11:18:59,35,37,5339,11107
2023-08-23 11:19:09,34,37,5339,11107
2023-08-23 11:19:11,35,37,5339,11107
2023-08-23 11:19:24,34,37,5339,11107
2023-08-23 11:19:25,35,37,5339,11107
2023-08-23 11:19:29,34,37,5339,11107
2023-08-23 11:19:31,35,37,5339,11107
2023-08-23 11:19:35,34,37,5339,11107
2023-08-23 11:19:36,35,37,5339,11107
2023-08-23 11:19:51,35,38,5339,11107
2023-08-23 11:19:56,35,37,5339,11107
2023-08-23 11:20:14,35,38,5339,11107
2023-08-23 11:20:34,35,37,5339,11107
2023-08-23 11:20:49,35,38,5339,11107
2023-08-23 11:21:12,35,37,5339,11107
2023-08-23 11:21:19,35,38,5339,11107
2023-08-23 11:21:39,35,37,5339,11107
2023-08-23 11:21:42,34,37,5339,11107
2023-08-23 11:21:50,34,36,5339,11107
2023-08-23 11:21:56,33,36,5339,11107
2023-08-23 11:22:23,33,35,5339,11107
2023-08-23 11:22:27,33,34,5339,11107
2023-08-23 11:22:27,32,34,5339,11107
2023-08-23 11:22:46,33,34,5339,11107
2023-08-23 11:22:57,32,34,5339,11107
2023-08-23 11:23:11,32,33,5339,11107
2023-08-23 11:23:12,32,33,5139,11307
2023-08-23 11:23:12,32,33,5139,11707
2023-08-23 11:23:12,30,33,5139,11707
2023-08-23 11:23:12,31,33,5139,11707
2023-08-23 11:23:14,31,32,5139,11707
2023-08-23 11:23:47,31,33,5139,11707
2023-08-23 11:23:47,31,34,5139,11707
2023-08-23 11:23:48,31,33,5139,11707
2023-08-23 11:23:50,31,34,5139,11707
2023-08-23 11:23:51,32,34,5139,11707
2023-08-23 11:23:54,32,36,5139,11707
2023-08-23 11:23:54,32,35,5139,11707
2023-08-23 11:23:57,33,35,5139,11707
2023-08-23 11:24:03,33,36,5139,11707
2023-08-23 11:24:13,33,35,5139,11707
2023-08-23 11:24:17,32,35,5139,11707
2023-08-23 11:25:10,33,35,5139,11707
2023-08-23 11:25:10,33,36,5139,11707
2023-08-23 11:25:16,32,36,5139,11707
2023-08-23 11:25:16,33,36,5139,11707
2023-08-23 11:25:17,33,35,5139,11707
2023-08-23 11:25:18,33,36,5139,11707
2023-08-23 11:25:21,34,36,5139,11707
2023-08-23 11:25:22,33,36,5139,11707
2023-08-23 11:25:33,33,35,5139,11707
2023-08-23 11:25:33,32,35,5139,11707
2023-08-23 11:26:00,31,35,5139,11707
2023-08-23 11:26:01,32,35,5139,11707
2023-08-23 11:26:04,31,35,5139,11707
2023-08-23 11:26:04,31,34,5139,11707
2023-08-23 11:26:38,32,34,5139,11707
2023-08-23 11:26:38,32,35,5139,11707
2023-08-23 11:26:47,31,35,5139,11707
2023-08-23 11:26:47,31,34,5139,11707
2023-08-23 11:27:02,31,33,5139,11707
2023-08-23 11:27:03,31,32,5139,11707
2023-08-23 11:27:05,30,32,5139,11707
2023-08-23 11:27:22,29,32,5639,12207
2023-08-23 11:27:27,29,31,5639,12207
2023-08-23 11:27:36,29,30,5639,12207
2023-08-23 11:27:55,28,30,5639,12207
2023-08-23 11:28:04,28,29,5639,12207
2023-08-23 11:28:34,29,30,5639,12208
2023-08-23 11:28:35,28,30,5639,12208
2023-08-23 11:29:34,29,30,5639,12208
2023-08-23 11:29:36,28,30,5639,12208
2023-08-23 11:29:37,29,30,5639,12208
2023-08-23 11:29:39,29,30,6485,14208
2023-08-23 11:29:41,29,30,6085,14608
2023-08-23 11:29:41,29,30,6435,14958
2023-08-23 11:29:42,29,30,6635,15158
2023-08-23 11:29:42,29,30,6635,15558
2023-08-23 11:29:43,29,30,6635,15958
2023-08-23 11:29:43,29,30,6985,16308
2023-08-23 11:29:47,29,32,6985,16308
2023-08-23 11:29:51,29,31,6985,16308
2023-08-23 11:29:52,29,32,6985,16308
2023-08-23 11:29:58,29,33,6985,16308
2023-08-23 11:29:58,30,33,6985,16308
2023-08-23 11:30:01,29,33,6985,16308
2023-08-23 11:30:01,29,32,6985,16308
2023-08-23 11:30:01,28,32,6985,16308
2023-08-23 11:30:02,29,32,6985,16308
2023-08-23 11:30:03,30,32,6985,16308
2023-08-23 11:30:03,30,31,6985,16308
2023-08-23 11:30:06,27,31,6985,16308
2023-08-23 11:30:07,28,31,6985,16308
2023-08-23 11:30:15,28,30,6985,16308
2023-08-23 11:30:15,27,30,6985,16308
2023-08-23 11:30:15,28,30,6985,16308
2023-08-23 11:30:16,28,31,6985,16308
2023-08-23 11:30:35,29,31,6985,16308
2023-08-23 11:30:37,29,30,6985,16308
2023-08-23 11:32:28,28,30,6985,16308
2023-08-23 11:33:02,29,30,6985,16308
2023-08-23 11:33:14,29,30,6585,16708
2023-08-23 11:33:19,29,30,6639,16808
2023-08-23 11:33:40,29,30,6639,17208
2023-08-23 11:33:41,29,30,6989,17558
2023-08-23 11:33:42,29,30,6989,17958
2023-08-23 11:33:43,29,33,6989,18308
2023-08-23 11:33:45,29,32,6989,18308
2023-08-23 11:33:50,28,32,6989,18308
2023-08-23 11:33:51,29,32,6989,18308
2023-08-23 11:34:04,29,31,6989,18308
2023-08-23 11:34:22,30,31,6989,18308
2023-08-23 11:34:30,30,34,7113,18608
2023-08-23 11:34:30,31,34,7113,18608
2023-08-23 11:35:08,31,33,7113,18608
2023-08-23 11:35:20,32,33,7113,18608
2023-08-23 11:35:21,31,33,7113,18608
2023-08-23 11:35:21,30,33,7113,18608
2023-08-23 11:35:22,31,33,7113,18608
2023-08-23 11:35:23,32,33,7113,18608
2023-08-23 11:35:27,31,33,7113,18608
2023-08-23 11:35:31,30,33,7113,18608
2023-08-23 11:35:31,32,33,7113,18608
2023-08-23 11:35:32,32,33,7313,18808
2023-08-23 11:35:32,32,38,7613,19108
2023-08-23 11:35:32,32,37,7613,19108
2023-08-23 11:35:33,33,37,7613,19108
2023-08-23 11:35:33,33,38,7613,19108
2023-08-23 11:35:33,34,38,7613,19108
2023-08-23 11:35:39,34,37,7613,19108
2023-08-23 11:35:52,34,38,7613,19108
2023-08-23 11:36:00,34,37,7613,19108
2023-08-23 11:36:03,33,37,7613,19108
2023-08-23 11:36:08,34,37,7613,19108
2023-08-23 11:36:18,33,37,7613,19108
2023-08-23 11:36:21,34,37,7613,19108
2023-08-23 11:36:26,33,37,7613,19108
2023-08-23 11:36:27,33,36,7613,19108
2023-08-23 11:36:28,33,37,7613,19108
2023-08-23 11:36:29,33,36,7613,19108
2023-08-23 11:36:34,33,35,7613,19108
2023-08-23 11:36:35,33,36,7613,19108
2023-08-23 11:37:21,33,35,7613,19108
2023-08-23 11:37:41,33,36,7613,19108
2023-08-23 11:37:48,33,34,7613,19108
2023-08-23 11:37:50,33,36,7613,19308
2023-08-23 11:38:15,33,35,7613,19308
2023-08-23 11:38:19,33,36,7613,19308
2023-08-23 11:38:21,33,35,7613,19308
2023-08-23 11:38:35,33,36,7613,19308
2023-08-23 11:38:37,33,38,7613,19308
2023-08-23 11:38:37,33,37,7613,19308
2023-08-23 11:38:38,34,37,7613,19308
2023-08-23 11:38:50,34,38,7613,19308
2023-08-23 11:38:58,34,37,7613,19308
2023-08-23 11:39:00,33,37,7613,19308
2023-08-23 11:39:02,33,36,7613,19308
2023-08-23 11:39:13,33,35,7613,19308
2023-08-23 11:39:25,32,35,7613,19308
2023-08-23 11:39:26,33,35,7613,19308
2023-08-23 11:39:27,34,35,7613,19308
2023-08-23 11:39:44,34,36,7613,19508
2023-08-23 11:40:21,34,38,7613,19508
2023-08-23 11:40:21,34,37,7613,19508
2023-08-23 11:40:34,34,38,7613,19508
2023-08-23 11:40:37,34,37,7613,19508
2023-08-23 11:40:47,34,38,7613,19508
2023-08-23 11:40:47,34,36,7613,19508
2023-08-23 11:40:57,34,35,7613,19508
2023-08-23 11:41:05,34,38,7613,19508
2023-08-23 11:41:05,34,36,7613,19508
2023-08-23 11:41:16,34,38,7613,19508
2023-08-23 11:41:16,34,37,7613,19508
2023-08-23 11:41:25,34,38,7613,19508
2023-08-23 11:41:25,35,38,7613,19508
2023-08-23 11:41:26,36,38,7613,19508
2023-08-23 11:41:27,37,38,7613,19508
2023-08-23 11:41:46,37,38,8013,19908
2023-08-23 11:41:56,37,38,8014,20308
2023-08-23 11:41:56,37,40,8014,20308
2023-08-23 11:41:56,37,39,8014,20308
2023-08-23 11:41:59,36,39,8014,20308
2023-08-23 11:41:59,37,39,8014,20308
2023-08-23 11:42:00,38,39,8014,20308
2023-08-23 11:42:04,38,40,8014,20308
2023-08-23 11:42:05,39,40,8014,20308
2023-08-23 11:42:07,38,40,8014,20308
2023-08-23 11:42:08,39,40,8014,20308
2023-08-23 11:42:21,37,39,8014,20508
2023-08-23 11:42:22,38,39,8014,20508
2023-08-23 11:42:22,38,40,8014,20508
2023-08-23 11:42:22,38,40,8014,20709
2023-08-23 11:42:29,36,40,8014,20709
2023-08-23 11:42:30,37,40,8014,20709
2023-08-23 11:42:34,38,40,8014,20709
2023-08-23 11:43:07,39,40,8014,20709
2023-08-23 11:43:13,38,40,8014,20709
2023-08-23 11:43:34,39,40,8014,20709
2023-08-23 11:44:50,39,43,8214,20909
2023-08-23 11:44:51,40,43,8214,20909
2023-08-23 11:44:54,40,42,8214,20909
2023-08-23 11:44:59,39,42,8214,20909
2023-08-23 11:45:00,40,42,8214,20909
2023-08-23 11:45:01,40,43,8214,20909
2023-08-23 11:45:12,40,42,8214,20909
2023-08-23 11:45:21,39,42,8214,20909
2023-08-23 11:45:21,39,41,8214,20909
2023-08-23 11:45:21,38,41,8214,20909
2023-08-23 11:45:22,39,41,8214,20909
2023-08-23 11:45:24,40,41,8214,20909
2023-08-23 11:45:25,39,41,8214,20909
2023-08-23 11:45:26,40,41,8214,20909
2023-08-23 11:45:27,39,41,8214,20909
2023-08-23 11:45:28,39,40,8214,20909
2023-08-23 11:45:30,39,41,8214,20909
2023-08-23 11:45:31,38,41,8214,20909
2023-08-23 11:45:31,38,40,8214,20909
2023-08-23 11:45:31,37,40,8214,20909
2023-08-23 11:45:32,38,40,8214,20909
2023-08-23 11:45:33,39,40,8214,20909
2023-08-23 11:45:42,39,40,8214,20914
2023-08-23 11:45:51,38,40,8214,20914
2023-08-23 11:45:51,38,39,8214,20914
2023-08-23 11:45:53,38,40,8214,20914
2023-08-23 11:45:54,39,40,8214,20914
2023-08-23 11:45:55,39,40,8214,21114
2023-08-23 11:45:56,38,40,8214,21114
2023-08-23 11:46:10,37,40,8214,21114
2023-08-23 11:46:11,38,40,8214,21114
2023-08-23 11:46:23,38,41,8214,21114
2023-08-23 11:46:23,39,41,8214,21114
2023-08-23 11:46:24,38,41,8214,21114
2023-08-23 11:46:25,39,41,8214,21114
2023-08-23 11:46:30,39,42,8214,21114
2023-08-23 11:46:43,39,43,8214,21114
2023-08-23 11:46:44,39,42,8214,21114
2023-08-23 11:46:48,39,43,8214,21114
2023-08-23 11:46:49,39,42,8214,21114
2023-08-23 11:46:52,39,43,8214,21114
2023-08-23 11:46:53,40,43,8214,21114
2023-08-23 11:46:59,40,42,8214,21114
2023-08-23 11:46:59,39,42,8214,21114
2023-08-23 11:47:01,39,43,8214,21114
2023-08-23 11:47:01,40,43,8214,21114
2023-08-23 11:47:03,40,42,8214,21114
2023-08-23 11:47:03,39,42,8214,21114
2023-08-23 11:47:07,39,43,8214,21114
2023-08-23 11:47:07,40,43,8214,21114
2023-08-23 11:47:10,40,42,8214,21114
2023-08-23 11:47:11,39,42,8214,21114
2023-08-23 11:47:22,39,41,8214,21114
2023-08-23 11:47:26,39,42,8214,21114
2023-08-23 11:47:29,39,41,8214,21114
2023-08-23 11:47:35,39,42,8214,21114
2023-08-23 11:47:44,39,41,8214,21114
2023-08-23 11:47:51,39,40,8214,21114
2023-08-23 11:47:52,38,40,8214,21114
2023-08-23 11:48:04,37,40,8214,21114
2023-08-23 11:48:05,38,40,8214,21114
2023-08-23 11:48:06,37,40,8214,21114
2023-08-23 11:48:07,37,39,8214,21114
2023-08-23 11:48:10,36,39,8214,21114
2023-08-23 11:48:35,37,39,8214,21114
2023-08-23 11:48:42,36,39,8214,21114
2023-08-23 11:49:02,37,39,8214,21114
2023-08-23 11:49:04,37,40,8214,21114
2023-08-23 11:49:33,37,39,8214,21114
2023-08-23 11:49:34,37,40,8214,21114
2023-08-23 11:49:49,37,41,8214,21114
2023-08-23 11:49:49,38,41,8214,21114
2023-08-23 11:49:55,38,40,8214,21114
2023-08-23 11:49:56,38,41,8214,21114
2023-08-23 11:49:57,38,40,8214,21114
2023-08-23 11:49:58,38,41,8214,21114
2023-08-23 11:50:00,38,40,8214,21114
2023-08-23 11:50:01,38,41,8214,21114
2023-08-23 11:50:02,38,40,8214,21114
2023-08-23 11:50:04,37,40,8214,21114
2023-08-23 11:50:09,37,39,8214,21114
2023-08-23 11:50:12,37,40,8214,21114
2023-08-23 11:50:42,37,39,8214,21114
2023-08-23 11:50:44,36,39,8214,21114
2023-08-23 11:50:50,36,38,8214,21114
2023-08-23 11:50:51,36,39,8214,21114
2023-08-23 11:50:54,36,37,8214,21114
2023-08-23 11:50:54,35,37,8214,21114
2023-08-23 11:51:26,34,37,8214,21114
2023-08-23 11:51:27,34,36,8214,21114
2023-08-23 11:51:32,33,36,8214,21114
2023-08-23 11:51:35,33,35,8214,21114
2023-08-23 11:51:35,32,35,8614,21514
2023-08-23 11:51:35,33,35,8614,21514
2023-08-23 11:51:41,32,35,8614,21514
2023-08-23 11:51:44,32,34,8614,21514
2023-08-23 11:51:55,32,33,8614,21514
2023-08-23 11:51:57,31,33,8614,21514
2023-08-23 11:52:04,32,33,8614,21514
2023-08-23 11:52:08,32,34,8614,21514
2023-08-23 11:52:33,32,33,8614,21514
2023-08-23 11:53:05,32,34,8614,21514
2023-08-23 11:53:20,32,33,8614,21514
2023-08-23 11:53:22,31,33,8520,21608
2023-08-23 11:53:31,30,33,8520,21608
2023-08-23 11:53:33,31,33,8520,21608
2023-08-23 11:54:01,31,34,8520,21608
2023-08-23 11:54:10,31,33,8520,21608
2023-08-23 11:54:12,31,34,8520,21608
2023-08-23 11:54:19,31,33,8520,21608
2023-08-23 11:54:35,30,33,8520,21608
2023-08-23 11:54:36,31,33,8520,21608
2023-08-23 11:54:40,30,33,8520,21608
2023-08-23 11:54:44,30,33,8520,21610
2023-08-23 11:54:52,31,33,8520,21610
2023-08-23 11:54:59,31,34,8520,21610
2023-08-23 11:55:07,31,33,8520,21610
2023-08-23 11:55:08,31,34,8520,21610
2023-08-23 11:55:10,31,33,8520,21610
2023-08-23 11:55:11,31,34,8520,21610
2023-08-23 11:55:17,31,33,8520,21610
2023-08-23 11:55:22,30,33,8520,21610
2023-08-23 11:55:34,30,32,8520,21610
2023-08-23 11:55:35,30,31,8520,21610
2023-08-23 11:55:36,29,31,8520,21610
2023-08-23 11:55:37,29,30,8520,21610
2023-08-23 11:55:37,29,31,8520,21799
2023-08-23 11:55:38,29,30,8520,21799
2023-08-23 11:55:41,29,31,8520,21799
2023-08-23 11:55:43,29,32,8520,21799
2023-08-23 11:55:48,29,31,8520,21799
2023-08-23 11:55:52,29,30,8520,21799
2023-08-23 11:55:54,29,31,8520,21799
2023-08-23 11:55:54,29,32,8520,21799
2023-08-23 11:55:55,29,31,8520,21799
2023-08-23 11:56:08,29,30,8520,21799
2023-08-23 11:56:09,29,31,8520,21799
2023-08-23 11:56:10,29,30,8520,21799
2023-08-23 11:56:18,29,31,8520,21799
2023-08-23 11:56:19,29,30,8520,21799
2023-08-23 11:56:27,27,30,8520,21899
2023-08-23 11:56:28,27,29,8520,21899
2023-08-23 11:56:29,27,30,8520,22097
2023-08-23 11:56:30,27,29,8520,22097
2023-08-23 11:56:31,26,29,8520,22097
2023-08-23 11:56:33,26,28,8520,22097
2023-08-23 11:56:38,26,27,8520,22097
2023-08-23 11:56:38,26,27,8870,22447
2023-08-23 11:56:39,26,28,9020,22597
2023-08-23 11:56:49,26,29,9020,22797
2023-08-23 11:56:57,26,28,9020,22797
2023-08-23 11:56:59,27,28,9020,22797
2023-08-23 11:58:11,26,28,9020,22897
2023-08-23 11:58:18,27,28,9020,22897
2023-08-23 11:58:19,26,28,9020,22897
2023-08-23 11:58:24,26,29,9021,22898
2023-08-23 11:58:27,27,29,9021,22898
2023-08-23 11:58:28,26,29,9021,22898
2023-08-23 11:58:30,27,29,9021,22898
2023-08-23 11:58:31,26,29,9021,22898
2023-08-23 11:58:32,27,29,9021,22898
2023-08-23 11:58:45,27,30,9021,22898
2023-08-23 11:58:48,27,29,9021,22898
2023-08-23 11:58:58,26,29,9021,22898
2023-08-23 11:58:59,27,29,9021,22898
2023-08-23 11:59:02,26,29,9021,22898
2023-08-23 11:59:08,26,30,9021,22898
2023-08-23 11:59:08,26,28,9021,22898
2023-08-23 11:59:09,25,28,9021,22898
2023-08-23 11:59:09,26,28,9021,22898
2023-08-23 11:59:13,26,30,9021,22898
2023-08-23 11:59:13,26,29,9021,22898
2023-08-23 11:59:20,26,30,9021,22898
2023-08-23 11:59:20,26,28,9021,22898
2023-08-23 11:59:38,27,28,9021,22898
2023-08-23 11:59:40,27,30,9021,22898
2023-08-23 11:59:40,27,29,9021,22898
2023-08-23 11:59:45,27,30,9021,22898
2023-08-23 11:59:45,27,28,9021,22898
2023-08-23 11:59:49,27,30,9021,22898
2023-08-23 11:59:49,27,29,9021,22898
2023-08-23 12:00:02,27,32,9021,22898
2023-08-23 12:00:02,27,30,9021,22898
2023-08-23 12:00:03,28,30,9021,22898
2023-08-23 12:00:04,27,30,9021,22898
2023-08-23 12:00:06,27,29,9021,22898
2023-08-23 12:00:31,28,29,9021,22898
2023-08-23 12:00:31,28,31,9021,22898
2023-08-23 12:00:31,28,30,9021,22898
2023-08-23 12:00:39,28,32,9021,22898
2023-08-23 12:00:39,28,31,9021,22898
2023-08-23 12:00:47,28,30,9021,22898
2023-08-23 12:00:53,29,30,9021,22898
2023-08-23 12:00:53,29,31,9021,22898
2023-08-23 12:00:56,28,31,9021,22898
2023-08-23 12:00:57,28,30,9021,22898
2023-08-23 12:01:08,29,30,9021,22898
2023-08-23 12:01:08,29,32,9021,22898
2023-08-23 12:01:08,29,31,9021,22898
2023-08-23 12:01:09,28,31,9021,22898
2023-08-23 12:01:13,29,31,9021,22898
2023-08-23 12:01:14,28,31,9021,22898
2023-08-23 12:01:16,28,30,9021,22898
2023-08-23 12:01:20,29,30,9021,22898
2023-08-23 12:01:20,29,31,9021,22898
2023-08-23 12:01:22,28,31,9021,22898
2023-08-23 12:01:23,28,30,9021,22898
2023-08-23 12:01:34,29,30,9021,22898
2023-08-23 12:01:34,29,32,9021,22898
2023-08-23 12:01:34,29,31,9021,22898
2023-08-23 12:01:42,29,32,9021,22898
2023-08-23 12:01:43,29,31,9021,22898
2023-08-23 12:01:59,29,32,9021,22898
2023-08-23 12:02:00,29,31,9021,22898
2023-08-23 12:02:04,28,31,9021,22898
2023-08-23 12:02:05,29,31,9021,22898
2023-08-23 12:02:08,29,32,9021,22898
2023-08-23 12:02:13,30,32,9021,22898
2023-08-23 12:02:26,31,32,9021,22898
2023-08-23 12:02:28,31,33,9021,22898
2023-08-23 12:02:36,31,35,9021,22898
2023-08-23 12:02:36,31,34,9021,22898
2023-08-23 12:02:42,31,36,9021,22898
2023-08-23 12:02:42,31,35,9021,22898
2023-08-23 12:02:43,31,34,9021,22898
2023-08-23 12:02:55,32,34,9021,22898
2023-08-23 12:02:55,32,36,9021,22898
2023-08-23 12:02:55,32,35,9021,22898
2023-08-23 12:03:03,31,35,9021,22898
2023-08-23 12:03:10,32,35,9021,22898
2023-08-23 12:03:11,32,37,9021,22898
2023-08-23 12:03:11,32,36,9021,22898
2023-08-23 12:03:17,32,35,9021,22898
2023-08-23 12:03:21,31,35,9021,22898
2023-08-23 12:03:35,32,35,9021,22898
2023-08-23 12:03:38,31,35,9021,22898
2023-08-23 12:03:40,31,34,9021,22898
2023-08-23 12:03:41,31,33,9021,22898
2023-08-23 12:03:50,31,34,9271,23148
2023-08-23 12:03:50,31,36,9271,23148
2023-08-23 12:03:50,31,35,9271,23148
2023-08-23 12:03:57,32,35,9271,23148
2023-08-23 12:03:59,31,35,9271,23148
2023-08-23 12:04:07,31,34,9271,23148
2023-08-23 12:04:30,31,36,9271,23148
2023-08-23 12:04:30,31,35,9271,23148
2023-08-23 12:04:45,32,35,9271,23148
2023-08-23 12:04:48,31,35,9271,23148
2023-08-23 12:04:54,32,35,9271,23148
2023-08-23 12:05:05,31,35,9271,23148
2023-08-23 12:05:15,32,35,9271,23148
2023-08-23 12:05:19,32,37,9271,23148
2023-08-23 12:05:19,32,36,9271,23148
2023-08-23 12:05:24,33,36,9271,23148
2023-08-23 12:05:25,34,36,9271,23148
2023-08-23 12:05:25,34,37,9271,23148
2023-08-23 12:05:34,34,36,9271,23148
2023-08-23 12:05:56,33,36,9271,23148
2023-08-23 12:05:57,34,36,9271,23148
2023-08-23 12:06:02,35,36,9271,23148
2023-08-23 12:06:10,34,36,9271,23148
2023-08-23 12:06:20,33,36,9271,23148
2023-08-23 12:06:21,34,36,9271,23148
2023-08-23 12:06:22,35,36,9271,23148
2023-08-23 12:06:23,35,37,9271,23148
2023-08-23 12:06:30,34,37,9271,23148
2023-08-23 12:06:30,33,37,9271,23148
2023-08-23 12:06:30,33,36,9271,23148
2023-08-23 12:06:31,34,36,9271,23148
2023-08-23 12:06:32,35,36,9271,23148
2023-08-23 12:06:34,34,36,9271,23148
2023-08-23 12:06:37,34,37,9271,23148
2023-08-23 12:06:37,34,35,9271,23148
2023-08-23 12:06:46,34,37,9271,23148
2023-08-23 12:06:46,34,36,9271,23148
2023-08-23 12:06:58,34,36,9308,23185
2023-08-23 12:06:59,35,36,9308,23185
2023-08-23 12:07:02,34,36,9308,23185
2023-08-23 12:07:05,35,36,9308,23185
2023-08-23 12:07:15,35,37,9308,23185
2023-08-23 12:07:16,36,37,9308,23185
2023-08-23 12:07:19,36,38,9308,23185
2023-08-23 12:07:24,36,37,9308,23185
2023-08-23 12:07:29,35,37,9308,23185
2023-08-23 12:08:04,34,37,9308,23185
2023-08-23 12:08:06,35,37,9308,23185
2023-08-23 12:08:08,34,37,9308,23185
2023-08-23 12:08:09,35,37,9308,23185
2023-08-23 12:08:21,34,37,9308,23185
2023-08-23 12:08:21,33,37,9308,23185
2023-08-23 12:08:21,33,36,9308,23185
2023-08-23 12:08:22,34,36,9308,23185
2023-08-23 12:08:25,35,36,9308,23185
2023-08-23 12:08:27,34,36,9308,23185
2023-08-23 12:08:40,33,36,9308,23185
2023-08-23 12:08:40,34,36,9308,23185
2023-08-23 12:08:49,35,36,9308,23185
2023-08-23 12:08:49,35,38,9308,23185
2023-08-23 12:08:49,35,37,9308,23185
2023-08-23 12:08:51,34,37,9308,23185
2023-08-23 12:08:52,34,36,9308,23185
2023-08-23 12:09:18,35,36,9308,23185
2023-08-23 12:09:23,35,37,9308,23185
2023-08-23 12:09:30,35,36,9308,23185
2023-08-23 12:09:40,34,36,9308,23185
2023-08-23 12:09:42,35,36,9308,23185
2023-08-23 12:09:45,35,38,9308,23185
2023-08-23 12:09:45,35,37,9308,23185
2023-08-23 12:10:34,35,38,9308,23185
2023-08-23 12:10:38,36,38,9308,23185
2023-08-23 12:10:41,35,38,9308,23185
2023-08-23 12:10:50,35,37,9308,23185
2023-08-23 12:11:01,35,38,9308,23185
2023-08-23 12:11:08,36,38,9308,23185
2023-08-23 12:11:13,35,38,9308,23185
2023-08-23 12:11:21,35,38,9308,23313
2023-08-23 12:11:25,35,39,9308,23313
2023-08-23 12:11:25,35,37,9308,23313
2023-08-23 12:11:41,35,38,9308,23313
2023-08-23 12:11:41,35,36,9308,23313
2023-08-23 12:12:05,35,38,9308,23313
2023-08-23 12:12:05,35,37,9308,23313
2023-08-23 12:12:08,35,38,9308,23313
2023-08-23 12:12:08,35,36,9308,23313
2023-08-23 12:12:12,34,36,9308,23313
2023-08-23 12:12:14,33,36,9308,23313
2023-08-23 12:12:14,32,36,9308,23313
2023-08-23 12:12:14,32,35,9308,23313
2023-08-23 12:12:15,33,35,9308,23313
2023-08-23 12:12:16,32,35,9308,23313
2023-08-23 12:12:16,32,36,9308,23313
2023-08-23 12:12:16,32,34,9308,23313
2023-08-23 12:12:20,32,35,9308,23313
2023-08-23 12:12:20,32,33,9308,23313
2023-08-23 12:12:23,32,35,9308,23313
2023-08-23 12:12:23,32,34,9308,23313
2023-08-23 12:12:28,31,34,9308,23313
2023-08-23 12:12:28,30,34,9308,23313
2023-08-23 12:12:28,30,33,9308,23313
2023-08-23 12:12:29,31,33,9308,23313
2023-08-23 12:12:39,32,33,9308,23313
2023-08-23 12:12:45,32,35,9308,23313
2023-08-23 12:12:45,32,34,9308,23313
2023-08-23 12:13:02,31,34,9308,23313
2023-08-23 12:13:03,32,34,9308,23313
2023-08-23 12:13:04,31,34,9308,23313
2023-08-23 12:13:07,32,34,9308,23313
2023-08-23 12:13:12,32,35,9308,23313
2023-08-23 12:13:26,32,34,9308,23313
2023-08-23 12:13:43,32,35,9308,23313
2023-08-23 12:13:43,32,33,9308,23313
2023-08-23 12:13:44,31,33,9308,23313
2023-08-23 12:13:58,30,33,9308,23313
2023-08-23 12:13:58,30,32,9308,23313
2023-08-23 12:14:01,31,32,9308,23313
2023-08-23 12:14:05,30,32,9308,23313
2023-08-23 12:14:06,31,32,9308,23313
2023-08-23 12:14:07,30,32,9308,23313
2023-08-23 12:14:12,30,31,9308,23313
2023-08-23 12:14:19,30,33,9689,23694
2023-08-23 12:14:20,31,33,9689,23694
2023-08-23 12:14:24,30,33,9689,23694
2023-08-23 12:14:24,30,32,9689,23694
2023-08-23 12:14:26,31,32,9689,23694
2023-08-23 12:14:27,31,34,9689,23694
2023-08-23 12:14:27,31,33,9689,23694
2023-08-23 12:14:33,30,33,9689,23694
2023-08-23 12:14:33,30,32,9689,23694
2023-08-23 12:14:44,31,32,9689,23694
2023-08-23 12:14:45,30,32,9689,23694
2023-08-23 12:14:50,31,32,9689,23694
2023-08-23 12:14:59,31,34,9689,23694
2023-08-23 12:14:59,31,33,9689,23694
2023-08-23 12:15:08,31,35,9689,23694
2023-08-23 12:15:08,31,34,9689,23694
2023-08-23 12:15:17,32,34,9689,23694
2023-08-23 12:15:17,32,36,9689,23694
2023-08-23 12:15:17,32,35,9689,23694
2023-08-23 12:15:21,33,35,9689,23694
2023-08-23 12:15:25,32,35,9689,23694
2023-08-23 12:15:26,33,35,9689,23694
2023-08-23 12:15:27,34,35,9689,23694
2023-08-23 12:15:28,33,35,9689,23694
2023-08-23 12:15:29,34,35,9689,23694
2023-08-23 12:15:33,34,36,9689,23694
2023-08-23 12:15:43,34,37,9689,23694
2023-08-23 12:15:50,35,37,9689,23694
2023-08-23 12:15:53,34,37,9689,23694
2023-08-23 12:15:56,34,39,9689,23694
2023-08-23 12:15:56,35,39,9689,23694
2023-08-23 12:15:56,35,38,9689,23694
2023-08-23 12:16:00,35,39,9689,23694
2023-08-23 12:16:00,36,39,9689,23694
2023-08-23 12:16:01,35,39,9689,23694
2023-08-23 12:16:01,35,38,9689,23694
2023-08-23 12:16:02,36,38,9689,23694
2023-08-23 12:16:03,35,38,9689,23694
2023-08-23 12:16:04,36,38,9689,23694
2023-08-23 12:16:05,37,38,9689,23694
2023-08-23 12:16:17,36,38,9689,23694
2023-08-23 12:16:18,36,39,9689,23694
2023-08-23 12:16:18,36,37,9689,23694
2023-08-23 12:16:40,34,37,9689,23694
2023-08-23 12:16:40,34,38,9689,23694
2023-08-23 12:16:40,34,36,9689,23694
2023-08-23 12:16:41,35,36,9689,23694
2023-08-23 12:16:45,33,36,9689,23694
2023-08-23 12:16:46,34,36,9689,23694
2023-08-23 12:16:54,33,36,9689,23694
2023-08-23 12:16:54,33,35,9689,23694
2023-08-23 12:17:01,32,35,9689,23694
2023-08-23 12:17:01,32,36,9689,23694
2023-08-23 12:17:01,32,34,9689,23694
2023-08-23 12:17:03,33,34,9689,23694
2023-08-23 12:17:04,32,34,9689,23694
2023-08-23 12:17:04,31,34,9689,23694
2023-08-23 12:17:05,32,34,9689,23694
2023-08-23 12:17:06,31,34,9689,23694
2023-08-23 12:17:06,31,33,9689,23694
2023-08-23 12:17:09,32,33,9689,23694
2023-08-23 12:17:09,32,35,9689,23694
2023-08-23 12:17:09,32,34,9689,23694
2023-08-23 12:17:22,33,34,9689,23694
2023-08-23 12:17:26,33,36,9689,23694
2023-08-23 12:17:26,33,35,9689,23694
2023-08-23 12:17:38,34,35,9689,23694
2023-08-23 12:17:39,34,36,9689,23694
2023-08-23 12:17:55,33,36,9689,23694
2023-08-23 12:17:56,34,36,9689,23694
2023-08-23 12:17:57,35,36,9689,23694
2023-08-23 12:18:10,34,36,9689,23694
2023-08-23 12:18:12,35,36,9689,23694
2023-08-23 12:18:14,34,36,9689,23694
2023-08-23 12:18:15,35,36,9689,23694
2023-08-23 12:18:18,34,36,9689,23694
2023-08-23 12:18:21,35,36,9689,23694
2023-08-23 12:18:47,35,37,9689,23694
2023-08-23 12:18:47,34,37,9689,23694
2023-08-23 12:18:48,35,37,9689,23694
2023-08-23 12:18:48,35,39,9689,23694
2023-08-23 12:18:48,35,38,9689,23694
2023-08-23 12:18:49,36,38,9689,23694
2023-08-23 12:18:54,36,39,9689,23694
2023-08-23 12:18:59,37,39,9689,23694
2023-08-23 12:19:02,37,38,9689,23694
2023-08-23 12:19:08,35,38,9689,23694
2023-08-23 12:19:08,35,37,9689,23694
2023-08-23 12:19:09,36,37,9689,23694
2023-08-23 12:19:12,34,37,9689,23694
2023-08-23 12:19:13,35,37,9689,23694
2023-08-23 12:19:14,36,37,9689,23694
2023-08-23 12:19:16,36,38,9689,23694
2023-08-23 12:19:19,36,37,9689,23694
2023-08-23 12:19:22,35,37,9689,23694
2023-08-23 12:19:23,36,37,9689,23694
2023-08-23 12:19:29,35,37,9689,23694
2023-08-23 12:19:31,36,37,9689,23694
2023-08-23 12:19:57,35,37,9689,23694
2023-08-23 12:19:58,36,37,9689,23694
2023-08-23 12:20:28,36,39,9689,23694
2023-08-23 12:20:28,36,38,9689,23694
2023-08-23 12:20:38,36,39,9689,23694
2023-08-23 12:20:42,36,38,9689,23694
2023-08-23 12:21:07,35,38,9689,23694
2023-08-23 12:21:07,35,37,9689,23694
2023-08-23 12:21:14,35,36,9689,23694
2023-08-23 12:21:18,34,36,9689,23694
2023-08-23 12:21:18,33,36,9689,23694
2023-08-23 12:21:19,33,35,9689,23694
2023-08-23 12:21:23,34,35,9689,23694
2023-08-23 12:21:25,33,35,9689,23694
2023-08-23 12:21:28,34,35,9689,23694
2023-08-23 12:21:28,34,36,9689,23694
2023-08-23 12:21:33,33,36,9689,23694
2023-08-23 12:21:34,34,36,9689,23694
2023-08-23 12:21:49,33,36,9689,23694
2023-08-23 12:21:51,34,36,9689,23694
2023-08-23 12:21:52,33,36,9689,23694
2023-08-23 12:21:53,33,35,9689,23694
2023-08-23 12:22:01,32,35,9689,23694
2023-08-23 12:22:02,33,35,9689,23694
2023-08-23 12:22:03,32,35,9689,23694
2023-08-23 12:22:04,33,35,9689,23694
2023-08-23 12:22:07,32,35,9689,23694
2023-08-23 12:22:11,33,35,9689,23694
2023-08-23 12:22:13,32,35,9689,23694
2023-08-23 12:22:28,32,34,9689,23694
2023-08-23 12:22:31,31,34,9689,23694
2023-08-23 12:22:35,31,33,9689,23694
2023-08-23 12:22:36,30,33,9689,23694
2023-08-23 12:22:39,30,34,9689,23694
2023-08-23 12:22:39,30,32,9689,23694
2023-08-23 12:22:46,31,32,9689,23694
2023-08-23 12:22:46,31,34,9689,23694
2023-08-23 12:22:46,31,33,9689,23694
2023-08-23 12:22:50,31,35,9689,23694
2023-08-23 12:22:50,31,34,9689,23694
2023-08-23 12:22:57,32,34,9689,23694
2023-08-23 12:22:59,32,35,9689,23694
2023-08-23 12:23:03,32,34,9689,23694
2023-08-23 12:23:07,32,35,9689,23694
2023-08-23 12:23:39,32,34,9689,23694
2023-08-23 12:23:42,31,34,9689,23694
2023-08-23 12:23:48,31,35,9689,23694
2023-08-23 12:23:48,31,33,9689,23694
2023-08-23 12:23:55,31,35,9689,23694
2023-08-23 12:23:55,31,34,9689,23694
2023-08-23 12:24:07,31,35,9689,23694
2023-08-23 12:24:07,31,33,9689,23694
2023-08-23 12:24:08,31,35,9689,23694
2023-08-23 12:24:08,31,34,9689,23694
2023-08-23 12:24:39,31,36,9689,23694
2023-08-23 12:24:39,32,36,9689,23694
2023-08-23 12:24:39,32,35,9689,23694
2023-08-23 12:24:57,32,36,9689,23694
2023-08-23 12:25:02,32,36,9689,23694
2023-08-23 12:25:03,32,35,9689,23694
2023-08-23 12:25:16,32,36,9689,23694
2023-08-23 12:25:19,33,36,9689,23694
2023-08-23 12:25:25,32,36,9689,23694
2023-08-23 12:25:28,32,35,9689,23694
2023-08-23 12:25:37,31,35,9689,23694
2023-08-23 12:25:41,32,35,9689,23694
2023-08-23 12:25:54,32,36,9689,23694
2023-08-23 12:25:54,33,36,9689,23694
2023-08-23 12:25:59,34,36,9689,23694
2023-08-23 12:25:59,34,37,9689,23694
2023-08-23 12:26:00,35,37,9689,23694
2023-08-23 12:26:06,35,38,9689,23694
2023-08-23 12:26:06,35,36,9689,23694
2023-08-23 12:26:14,33,36,9689,23694
2023-08-23 12:26:15,34,36,9689,23694
2023-08-23 12:26:24,34,35,9689,23694
2023-08-23 12:26:41,32,35,9988,23993
2023-08-23 12:26:42,33,35,9988,23993
2023-08-23 12:27:00,33,34,9988,23993
2023-08-23 12:27:02,32,34,9988,23993
2023-08-23 12:27:02,31,34,9988,23993
2023-08-23 12:27:03,32,34,9988,23993
2023-08-23 12:27:08,31,34,9988,23993
2023-08-23 12:27:09,31,33,9988,23993
2023-08-23 12:27:12,32,33,9988,23993
2023-08-23 12:27:14,32,35,9988,23993
2023-08-23 12:27:14,32,34,9988,23993
2023-08-23 12:27:17,31,34,9988,23993
2023-08-23 12:27:18,32,34,9988,23993
2023-08-23 12:27:18,32,35,9988,23993
2023-08-23 12:27:19,33,35,9988,23993
2023-08-23 12:27:40,32,35,9988,23993
2023-08-23 12:27:40,32,34,9988,23993
2023-08-23 12:27:44,33,34,9988,23993
2023-08-23 12:27:45,32,34,9988,23993
2023-08-23 12:27:47,33,34,9988,23993
2023-08-23 12:27:55,32,34,9988,23993
2023-08-23 12:28:00,33,34,9988,23993
2023-08-23 12:28:09,32,34,9988,23993
2023-08-23 12:28:24,33,34,9988,23993
2023-08-23 12:28:28,32,34,9988,23993
2023-08-23 12:28:38,33,34,9988,23993
2023-08-23 12:28:44,32,34,9988,23993
2023-08-23 12:28:51,33,34,9988,23993
2023-08-23 12:28:52,33,35,9988,23993
2023-08-23 12:29:05,33,34,9988,23993
2023-08-23 12:29:06,32,34,9988,23993
2023-08-23 12:29:18,32,33,9988,23993
2023-08-23 12:29:18,33,34,10088,24093
2023-08-23 12:29:20,33,35,10088,24093
2023-08-23 12:29:28,33,36,10088,24365
2023-08-23 12:29:28,34,36,10088,24365
2023-08-23 12:29:29,35,36,10088,24365
2023-08-23 12:29:41,34,36,10088,24365
2023-08-23 12:29:42,33,36,10088,24365
2023-08-23 12:29:43,34,36,10088,24365
2023-08-23 12:29:56,33,36,10088,24365
2023-08-23 12:29:59,34,36,10088,24365
2023-08-23 12:30:01,33,36,10088,24365
2023-08-23 12:30:02,34,36,10088,24365
2023-08-23 12:30:03,34,35,10088,24365
2023-08-23 12:30:08,33,35,10088,24365
2023-08-23 12:30:33,34,35,10088,24365
2023-08-23 12:30:34,33,35,10088,24365
2023-08-23 12:30:39,34,35,10088,24365
2023-08-23 12:30:41,33,35,10088,24365
2023-08-23 12:30:42,33,34,10088,24365
2023-08-23 12:31:00,32,34,10088,24365
2023-08-23 12:31:10,33,34,10088,24365
2023-08-23 12:31:12,33,35,10188,24465
2023-08-23 12:31:17,34,35,10188,24465
2023-08-23 12:31:22,34,36,10288,24565
2023-08-23 12:31:48,35,36,10288,24565
2023-08-23 12:31:49,35,39,10288,24765
2023-08-23 12:31:51,34,39,10288,24765
2023-08-23 12:31:58,35,39,10288,24765
2023-08-23 12:32:02,35,40,10288,24765
2023-08-23 12:32:03,36,40,10288,24765
2023-08-23 12:32:05,36,39,10288,24765
2023-08-23 12:32:07,36,40,10288,24765
2023-08-23 12:32:09,36,39,10288,24765
2023-08-23 12:32:09,35,39,10288,24765
2023-08-23 12:32:38,35,40,10288,24765
2023-08-23 12:32:38,36,40,10288,24765
2023-08-23 12:32:44,36,39,10288,24765
2023-08-23 12:32:46,35,39,10288,24765
2023-08-23 12:33:16,35,38,10288,24765
2023-08-23 12:33:16,34,38,10288,24765
2023-08-23 12:33:18,34,39,10288,24765
2023-08-23 12:33:20,34,38,10288,24765
2023-08-23 12:33:27,34,39,10288,24765
2023-08-23 12:33:27,34,36,10288,24765
2023-08-23 12:33:27,33,36,10288,24765
2023-08-23 12:33:30,32,36,10288,24765
2023-08-23 12:33:33,32,35,10288,24765
2023-08-23 12:33:35,31,35,10288,24765
2023-08-23 12:33:36,31,34,10288,24765
2023-08-23 12:33:54,30,34,10288,24765
2023-08-23 12:33:56,30,33,10288,24765
2023-08-23 12:35:05,30,34,10288,24765
2023-08-23 12:35:05,31,34,10288,24765
2023-08-23 12:35:13,30,34,10288,24765
2023-08-23 12:35:13,30,33,10288,24765
2023-08-23 12:35:22,29,33,10288,24765
2023-08-23 12:35:25,29,32,10288,24765
2023-08-23 12:35:26,28,32,10288,24765
2023-08-23 12:35:28,29,32,10288,24765
2023-08-23 12:35:29,28,32,10288,24765
2023-08-23 12:35:30,29,32,10288,24765
2023-08-23 12:35:36,28,32,10288,24765
2023-08-23 12:35:43,29,32,10288,24765
2023-08-23 12:35:51,28,32,10288,24765
2023-08-23 12:35:53,29,32,10288,24765
2023-08-23 12:36:11,30,32,10288,24765
2023-08-23 12:36:29,28,32,10288,24865
2023-08-23 12:36:29,27,32,10288,24865
2023-08-23 12:36:32,28,32,10288,24865
2023-08-23 12:36:33,27,32,10288,24865
2023-08-23 12:36:38,27,31,10288,24865
2023-08-23 12:36:39,27,32,10288,24865
2023-08-23 12:36:40,28,32,10288,24865
2023-08-23 12:36:41,27,32,10288,24865
2023-08-23 12:36:43,28,32,10288,24865
2023-08-23 12:36:44,27,32,10288,24865
2023-08-23 12:36:44,27,31,10288,24865
2023-08-23 12:36:45,28,31,10288,24865
2023-08-23 12:36:47,27,31,10288,24865
2023-08-23 12:36:48,28,31,10288,24865
2023-08-23 12:36:50,27,31,10288,24865
2023-08-23 12:36:51,28,31,10288,24865
2023-08-23 12:36:56,27,31,10288,24865
2023-08-23 12:36:58,28,31,10288,24865
2023-08-23 12:37:08,27,31,10288,24865
2023-08-23 12:37:12,28,31,10288,24865
2023-08-23 12:37:18,27,31,10288,24865
2023-08-23 12:37:22,28,31,10288,24865
2023-08-23 12:37:23,28,32,10288,24865
2023-08-23 12:37:43,29,32,10288,24865
2023-08-23 12:37:46,28,32,10288,24865
2023-08-23 12:38:18,29,32,10288,24865
2023-08-23 12:38:19,28,32,10288,24865
2023-08-23 12:38:28,28,31,10288,24865
2023-08-23 12:38:29,29,32,10288,24865
2023-08-23 12:38:30,29,31,10288,24865
2023-08-23 12:38:31,29,32,10288,24865
2023-08-23 12:38:32,29,31,10288,24865
2023-08-23 12:38:33,28,31,10288,24865
2023-08-23 12:38:34,28,30,10288,24865
2023-08-23 12:38:49,28,31,10288,24865
2023-08-23 12:38:56,28,32,10288,24865
2023-08-23 12:38:56,29,32,10288,24865
2023-08-23 12:39:15,29,31,10288,24865
2023-08-23 12:39:17,29,32,10288,24865
2023-08-23 12:39:26,29,31,10288,24865
2023-08-23 12:39:27,29,32,10288,24865
2023-08-23 12:39:31,29,31,10288,24865
2023-08-23 12:39:38,27,31,10288,24865
2023-08-23 12:40:04,28,31,10288,24865
2023-08-23 12:40:06,27,31,10288,24865
2023-08-23 12:40:52,28,31,10288,24865
2023-08-23 12:41:10,27,31,10288,24865
2023-08-23 12:41:16,28,31,10288,24865
2023-08-23 12:41:24,27,31,10288,24865
2023-08-23 12:41:36,27,30,10288,24865
2023-08-23 12:41:37,27,29,10288,24865
2023-08-23 12:41:57,26,29,10288,24865
2023-08-23 12:42:06,25,29,10288,24865
2023-08-23 12:42:08,25,28,10288,24865
2023-08-23 12:42:08,24,28,10288,24865
2023-08-23 12:42:09,25,28,10288,24865
2023-08-23 12:42:11,24,28,10288,24865
2023-08-23 12:42:16,25,28,10288,24865
2023-08-23 12:42:26,26,28,10288,24865
2023-08-23 12:43:24,26,30,10288,24865
2023-08-23 12:43:25,26,29,10288,24865
2023-08-23 12:43:26,26,30,10288,24865
2023-08-23 12:43:31,26,29,10288,24865
2023-08-23 12:43:32,26,30,10288,24865
2023-08-23 12:43:33,26,29,10288,24865
2023-08-23 12:43:45,26,28,10288,24865
2023-08-23 12:44:03,25,28,10288,24865
2023-08-23 12:46:04,25,27,10288,24865
2023-08-23 12:46:06,23,27,10288,24865
2023-08-23 12:46:08,24,27,10288,24865
2023-08-23 12:46:21,24,28,10288,24865
2023-08-23 12:46:28,25,28,10288,24865
2023-08-23 12:47:20,26,28,10288,24865
2023-08-23 12:47:21,26,29,10288,24865
2023-08-23 12:47:33,25,29,10288,24865
2023-08-23 12:47:38,25,28,10288,24865
2023-08-23 12:47:38,24,28,10288,24865
2023-08-23 12:47:38,25,28,10288,24865
2023-08-23 12:47:41,25,27,10288,24865
2023-08-23 12:47:42,24,27,10288,24865
2023-08-23 12:48:04,23,27,10288,24865
2023-08-23 12:48:21,22,27,10288,24865
2023-08-23 12:48:21,23,27,10288,24865
2023-08-23 12:48:32,23,26,10288,24865
2023-08-23 12:48:34,22,26,10288,24865
2023-08-23 12:48:44,22,27,10288,24865
2023-08-23 12:48:46,23,27,10288,24865
2023-08-23 12:48:59,24,27,10288,24865
2023-08-23 12:50:14,24,26,10288,24865
2023-08-23 12:50:15,24,25,10288,24865
2023-08-23 12:50:16,24,26,10288,24865
2023-08-23 12:50:22,24,25,10288,24865
2023-08-23 12:50:24,24,26,10288,24865
2023-08-23 12:50:25,24,25,10288,24865
2023-08-23 12:51:20,24,25,9888,25265
2023-08-23 12:51:21,24,25,9488,25665
2023-08-23 12:51:21,24,25,9288,25865
2023-08-23 12:51:22,24,25,8888,26265
2023-08-23 12:51:26,24,25,8488,26665
2023-08-23 12:51:27,24,25,8088,27065
2023-08-23 12:51:28,24,25,7688,27465
2023-08-23 12:51:28,24,25,7688,27515
2023-08-23 12:51:28,20,25,7688,27515
2023-08-23 12:51:29,21,25,7688,27515
2023-08-23 12:51:29,21,24,7688,27515
2023-08-23 12:51:54,22,24,7688,27515
2023-08-23 12:51:56,22,25,7688,27515
2023-08-23 12:52:00,22,24,7688,27515
2023-08-23 12:52:03,22,25,7688,27515
2023-08-23 12:52:06,23,25,7688,27515
2023-08-23 12:52:22,23,27,7688,27515
2023-08-23 12:52:23,23,26,7688,27515
2023-08-23 12:52:24,23,25,7688,27515
2023-08-23 12:52:42,23,26,7688,27515
2023-08-23 12:52:45,23,25,7688,27515
2023-08-23 12:52:47,23,26,7688,27515
2023-08-23 12:52:59,23,27,7688,27515
2023-08-23 12:53:00,23,26,7688,27515
2023-08-23 12:53:04,23,25,7688,27515
2023-08-23 12:53:06,23,26,7688,27515
2023-08-23 12:53:14,23,29,7688,27515
2023-08-23 12:53:14,24,29,7688,27515
2023-08-23 12:53:15,24,28,7688,27515
2023-08-23 12:53:16,24,27,7688,27515
2023-08-23 12:53:30,24,28,7688,27515
2023-08-23 12:53:31,24,27,7688,27515
2023-08-23 12:53:36,24,28,7688,27515
2023-08-23 12:53:37,24,27,7688,27515
2023-08-23 12:53:38,24,28,7688,27515
2023-08-23 12:53:39,24,27,7688,27515
2023-08-23 12:53:40,24,28,7688,27515
2023-08-23 12:53:42,24,27,7688,27515
2023-08-23 12:53:48,24,28,7688,27515
2023-08-23 12:53:49,24,27,7688,27515
2023-08-23 12:53:50,24,28,7688,27515
2023-08-23 12:53:52,25,28,7688,27515
2023-08-23 12:53:54,25,32,7688,27515
2023-08-23 12:53:54,25,31,7688,27515
2023-08-23 12:53:55,25,30,7688,27515
2023-08-23 12:53:56,25,29,7688,27515
2023-08-23 12:54:11,25,30,7688,27515
2023-08-23 12:54:11,25,29,7688,27515
2023-08-23 12:54:11,25,31,7688,27515
2023-08-23 12:54:12,25,29,7688,27515
2023-08-23 12:54:12,24,29,7688,27515
2023-08-23 12:54:13,24,28,7688,27515
2023-08-23 12:54:20,24,29,7688,27515
2023-08-23 12:54:21,24,28,7688,27515
2023-08-23 12:54:22,24,27,7688,27515
2023-08-23 12:54:26,25,27,7688,27515
2023-08-23 12:54:31,25,28,7688,27515
2023-08-23 12:54:41,25,27,7688,27515
2023-08-23 12:54:51,24,27,7688,27515
2023-08-23 12:54:56,26,27,7688,27515
2023-08-23 12:55:04,26,27,7288,27915
2023-08-23 12:55:05,26,27,6905,28315
2023-08-23 12:55:06,26,27,6905,28715
2023-08-23 12:55:07,24,27,6905,28865
2023-08-23 12:55:14,23,27,6905,28865
2023-08-23 12:55:51,24,27,6905,28865
2023-08-23 12:55:52,23,27,6905,28865
2023-08-23 12:55:53,24,27,6905,28865
2023-08-23 12:57:15,24,25,6905,28865
2023-08-23 12:57:17,24,27,7105,29065
2023-08-23 12:57:20,24,28,7105,29065
2023-08-23 12:57:20,25,28,7105,29065
2023-08-23 12:57:24,25,27,7105,29065
2023-08-23 12:57:27,25,28,7105,29065
2023-08-23 12:57:27,25,31,7105,29065
2023-08-23 12:57:27,26,31,7105,29065
2023-08-23 12:57:28,27,31,7105,29065
2023-08-23 12:57:28,27,30,7105,29065
2023-08-23 12:57:29,26,30,7105,29065
2023-08-23 12:57:29,26,29,7105,29065
2023-08-23 12:57:31,27,29,7105,29065
2023-08-23 12:57:32,27,30,7105,29065
2023-08-23 12:57:37,27,29,7105,29065
2023-08-23 12:57:45,27,30,7105,29065
2023-08-23 12:57:52,27,32,7105,29065
2023-08-23 12:57:53,27,31,7105,29065
2023-08-23 12:57:54,28,31,7105,29065
2023-08-23 12:57:55,28,32,7105,29065
2023-08-23 12:58:02,28,31,7105,29065
2023-08-23 12:58:43,28,32,7105,29065
2023-08-23 12:58:46,28,35,7105,29065
2023-08-23 12:58:46,28,34,7105,29065
2023-08-23 12:58:46,28,32,7105,29065
2023-08-23 12:58:49,28,34,7105,29065
2023-08-23 12:58:50,28,33,7105,29065
2023-08-23 12:58:51,29,33,7105,29065
2023-08-23 12:59:00,30,33,7105,29065
2023-08-23 12:59:05,30,34,7105,29065
2023-08-23 12:59:06,30,35,7105,29065
2023-08-23 12:59:06,30,34,7105,29065
2023-08-23 12:59:08,30,35,7105,29065
2023-08-23 12:59:08,31,35,7105,29065
2023-08-23 12:59:08,31,35,7105,29192
2023-08-23 12:59:19,31,34,7105,29192
2023-08-23 12:59:20,31,35,7105,29192
2023-08-23 12:59:30,31,34,7105,29192
2023-08-23 12:59:31,31,35,7105,29192
2023-08-23 12:59:36,31,34,7105,29192
2023-08-23 12:59:41,31,35,7105,29192
2023-08-23 12:59:49,31,34,7105,29192
2023-08-23 12:59:50,31,35,7105,29192
2023-08-23 12:59:54,31,34,7105,29192
2023-08-23 12:59:56,31,35,7105,29192
2023-08-23 12:59:59,31,34,7105,29192
2023-08-23 13:00:05,31,35,7105,29192
2023-08-23 13:00:11,32,35,7105,29192
2023-08-23 13:00:17,31,35,7105,29192
2023-08-23 13:00:17,31,34,7105,29192
2023-08-23 13:00:20,30,34,7105,29192
2023-08-23 13:00:34,29,34,7105,29192
2023-08-23 13:00:43,30,34,7105,29192
2023-08-23 13:01:07,29,34,7105,29192
2023-08-23 13:01:15,29,33,7105,29192
2023-08-23 13:01:25,30,33,7105,29192
2023-08-23 13:01:41,29,33,7105,29192
2023-08-23 13:01:44,30,33,7105,29192
2023-08-23 13:01:44,30,34,7105,29192
2023-08-23 13:02:15,29,34,7105,29192
2023-08-23 13:02:30,30,34,7105,29192
2023-08-23 13:02:48,31,34,7105,29192
2023-08-23 13:02:55,31,35,7105,29192
2023-08-23 13:02:58,31,34,7105,29192
2023-08-23 13:03:00,31,35,7105,29192
2023-08-23 13:03:02,32,35,7105,29192
2023-08-23 13:03:09,31,35,7105,29192
2023-08-23 13:03:13,31,34,7105,29192
2023-08-23 13:03:13,30,34,7105,29192
2023-08-23 13:03:47,30,33,7105,29192
2023-08-23 13:03:50,29,33,7105,29192
2023-08-23 13:03:51,30,33,7105,29192
2023-08-23 13:03:53,29,33,7105,29192
2023-08-23 13:03:57,29,32,7105,29192
2023-08-23 13:04:01,28,32,7105,29192
2023-08-23 13:04:04,28,31,7105,29192
2023-08-23 13:04:07,28,30,7105,29192
2023-08-23 13:04:18,26,30,7105,29192
2023-08-23 13:04:20,27,30,7105,29192
2023-08-23 13:04:20,27,29,7105,29192
2023-08-23 13:04:21,25,29,7105,29192
2023-08-23 13:04:23,26,29,7105,29192
2023-08-23 13:04:36,26,28,7105,29192
2023-08-23 13:04:40,26,27,7105,29192
2023-08-23 13:04:41,24,26,7205,29292
2023-08-23 13:04:42,24,27,7205,29292
2023-08-23 13:04:43,24,26,7205,29292
2023-08-23 13:04:44,24,27,7205,29292
2023-08-23 13:04:55,24,26,7205,29292
2023-08-23 13:04:56,23,26,7205,29292
2023-08-23 13:05:07,23,27,7205,29292
2023-08-23 13:05:08,23,26,7205,29292
2023-08-23 13:05:09,23,25,7205,29292
2023-08-23 13:05:19,24,25,7205,29292
2023-08-23 13:05:21,24,26,7205,29292
2023-08-23 13:05:23,24,25,7205,29292
2023-08-23 13:05:44,23,25,7305,29392
2023-08-23 13:05:58,23,24,7305,29392
2023-08-23 13:05:58,23,25,7486,29573
2023-08-23 13:06:03,23,24,7486,29573
2023-08-23 13:06:05,22,24,7486,29573
2023-08-23 13:06:17,21,24,7486,29573
2023-08-23 13:06:35,20,24,7486,29573
2023-08-23 13:06:39,19,24,7486,29573
2023-08-23 13:06:39,20,24,7486,29573
2023-08-23 13:06:47,21,24,7486,29573
2023-08-23 13:07:15,20,24,7586,29673
2023-08-23 13:07:15,20,21,7586,29673
2023-08-23 13:07:17,19,21,7586,29673
2023-08-23 13:07:28,20,21,7586,29673
2023-08-23 13:07:31,20,24,7686,29773
2023-08-23 13:07:32,19,24,7686,29773
2023-08-23 13:07:53,20,24,7686,29773
2023-08-23 13:09:54,19,24,7686,29773
2023-08-23 13:09:56,20,24,7686,29773
2023-08-23 13:10:05,19,24,7686,29773
2023-08-23 13:10:06,19,23,7686,29773
2023-08-23 13:10:08,19,22,7686,29773
2023-08-23 13:10:12,19,21,7686,29773
2023-08-23 13:11:00,19,21,7706,29793
2023-08-23 13:12:01,19,22,7706,29793
2023-08-23 13:12:01,20,22,7706,29793
2023-08-23 13:12:03,20,21,7706,29793
2023-08-23 13:12:04,20,22,7706,29793
2023-08-23 13:12:32,19,22,7706,29793
2023-08-23 13:13:26,19,20,7706,29793
2023-08-23 13:13:30,19,22,7706,29793
2023-08-23 13:13:39,19,21,7706,29793
2023-08-23 13:14:21,19,22,7706,29793
2023-08-23 13:15:39,19,21,7706,29793
2023-08-23 13:15:40,19,22,7706,29793
2023-08-23 13:15:42,19,21,7706,29793
2023-08-23 13:15:52,18,21,7786,29873
2023-08-23 13:15:56,18,20,7786,29873
2023-08-23 13:15:56,17,20,7936,30023
2023-08-23 13:15:57,17,19,7936,30023
2023-08-23 13:15:58,16,19,8101,30188
2023-08-23 13:16:05,16,18,8101,30188
2023-08-23 13:16:06,16,17,8101,30188
2023-08-23 13:16:21,16,18,8101,30188
2023-08-23 13:16:34,17,18,8101,30188
2023-08-23 13:16:34,17,18,8151,30238
2023-08-23 13:16:35,16,18,8151,30238
2023-08-23 13:16:49,16,17,8151,30238
2023-08-23 13:17:00,16,17,8211,30298
2023-08-23 13:17:11,15,16,8211,30388
2023-08-23 13:17:12,15,17,8211,30388
2023-08-23 13:17:13,15,16,8211,30388
2023-08-23 13:17:16,14,16,8465,30642
2023-08-23 13:17:17,14,15,8465,30642
2023-08-23 13:17:19,14,16,8465,30642
2023-08-23 13:17:22,12,13,8465,30662
2023-08-23 13:17:22,12,15,8465,30842
2023-08-23 13:17:23,12,14,8465,30842
2023-08-23 13:17:24,12,13,8465,30842
2023-08-23 13:17:27,12,14,8465,30842
2023-08-23 13:17:28,12,13,8465,30842
2023-08-23 13:17:29,12,14,8465,30842
2023-08-23 13:17:33,12,13,8465,30842
2023-08-23 13:17:35,12,14,8465,30842
2023-08-23 13:17:42,13,14,8465,30842
2023-08-23 13:17:59,13,15,8465,30842
2023-08-23 13:18:00,13,14,8465,30842
2023-08-23 13:18:24,13,15,8465,30842
2023-08-23 13:18:26,13,14,8465,30842
2023-08-23 13:18:54,13,15,8465,30842
2023-08-23 13:18:56,13,14,8465,30842
2023-08-23 13:19:10,12,14,8465,30850
2023-08-23 13:19:12,12,14,8525,30910
2023-08-23 13:19:27,12,13,8525,30910
2023-08-23 13:20:13,13,14,8526,30911
2023-08-23 13:20:14,12,14,8535,30920
2023-08-23 13:20:26,12,14,8595,30980
2023-08-23 13:20:26,12,13,8595,30980
2023-08-23 13:20:29,10,13,8725,31110
2023-08-23 13:20:44,9,13,8725,31110
2023-08-23 13:20:45,10,13,8725,31110
2023-08-23 13:20:52,11,13,8725,31110
2023-08-23 13:21:02,11,14,8725,31110
2023-08-23 13:21:34,11,14,8735,31120
2023-08-23 13:22:41,11,13,8735,31120
2023-08-23 13:22:50,11,14,8735,31120
2023-08-23 13:24:01,9,14,8825,31210
2023-08-23 13:24:34,9,13,8825,31210
2023-08-23 13:24:44,9,12,8825,31210
2023-08-23 13:25:12,9,13,8825,31210
2023-08-23 13:25:18,9,12,8825,31210
2023-08-23 13:26:34,9,11,8825,31210
2023-08-23 13:26:51,9,12,8825,31210
2023-08-23 13:28:06,9,11,8825,31210
2023-08-23 13:28:21,9,12,8825,31210
2023-08-23 13:28:57,9,13,8825,31210
2023-08-23 13:29:03,9,12,8825,31210
2023-08-23 13:30:04,9,11,8825,31210
2023-08-23 13:30:07,9,11,8885,31270
2023-08-23 13:30:07,9,11,8885,31307
2023-08-23 13:30:15,8,11,9075,31534
2023-08-23 13:30:15,8,10,9075,31534
2023-08-23 13:30:25,8,9,9075,31534
2023-08-23 13:30:34,7,9,9175,31634
2023-08-23 13:31:09,7,8,9175,31634
2023-08-23 13:31:14,6,8,9325,31784
2023-08-23 13:31:20,6,8,9375,31834
2023-08-23 13:31:59,6,7,9375,31834
2023-08-23 13:32:03,6,8,9375,31834
2023-08-23 13:32:11,6,7,9375,31834
2023-08-23 13:32:13,6,8,9375,31834
2023-08-23 13:32:28,6,7,9375,31834
2023-08-23 13:32:30,6,8,9375,31834
2023-08-23 13:32:43,6,7,9375,31834
2023-08-23 13:32:44,6,7,9555,32014
2023-08-23 13:32:54,6,8,9555,32014
2023-08-23 13:33:00,6,7,9555,32014
2023-08-23 13:33:02,6,8,9555,32014
2023-08-23 13:33:35,6,8,9556,32015
2023-08-23 13:33:42,6,9,9556,32015
2023-08-23 13:33:43,6,8,9556,32015
2023-08-23 13:33:47,6,9,9556,32015
2023-08-23 13:33:48,6,8,9556,32015
2023-08-23 13:33:54,6,9,9556,32015
2023-08-23 13:33:57,7,9,9556,32015
2023-08-23 13:33:59,7,9,9556,32035
2023-08-23 13:34:04,6,9,9556,32035
2023-08-23 13:34:05,6,8,9556,32035
2023-08-23 13:34:06,6,9,9556,32035
2023-08-23 13:34:20,6,8,9556,32035
2023-08-23 13:34:24,6,9,9556,32035
2023-08-23 13:34:25,6,8,9556,32035
2023-08-23 13:34:27,6,9,9556,32035
2023-08-23 13:34:31,6,8,9556,32035
2023-08-23 13:34:32,6,9,9556,32035
2023-08-23 13:34:33,6,8,9556,32035
2023-08-23 13:35:30,7,8,9556,32035
2023-08-23 13:35:35,6,8,9556,32035
2023-08-23 13:35:53,7,8,9556,32035
2023-08-23 13:36:11,7,9,9556,32035
2023-08-23 13:36:19,7,8,9556,32035
2023-08-23 13:36:20,7,9,9556,32035
2023-08-23 13:36:24,8,9,9556,32035
2023-08-23 13:36:24,7,9,9566,32045
2023-08-23 13:36:28,7,8,9566,32045
2023-08-23 13:36:36,7,9,9566,32045
2023-08-23 13:36:38,7,8,9566,32045
2023-08-23 13:36:39,7,9,9566,32045
2023-08-23 13:36:40,7,8,9566,32045
2023-08-23 13:36:48,6,8,9566,32045
2023-08-23 13:36:53,6,9,9566,32045
2023-08-23 13:36:55,6,8,9566,32045
2023-08-23 13:36:57,6,9,9566,32045
2023-08-23 13:37:00,6,8,9566,32045
2023-08-23 13:37:20,6,9,9566,32045
2023-08-23 13:37:24,7,9,9566,32045
2023-08-23 13:37:26,7,8,9566,32045
2023-08-23 13:37:27,7,9,9566,32045
2023-08-23 13:37:33,7,11,9566,32045
2023-08-23 13:37:34,7,10,9566,32045
2023-08-23 13:37:35,7,9,9566,32045
2023-08-23 13:37:40,7,9,9576,32055
2023-08-23 13:37:42,7,8,9576,32055
2023-08-23 13:38:02,7,9,9576,32055
2023-08-23 13:39:01,8,9,9576,32055
2023-08-23 13:39:39,7,9,9576,32055
2023-08-23 13:39:39,7,8,9576,32055
2023-08-23 13:39:47,6,8,9576,32055
2023-08-23 13:39:49,7,8,9576,32055
2023-08-23 13:39:56,6,8,9576,32055
2023-08-23 13:39:57,7,8,9576,32055
2023-08-23 13:40:11,6,8,9576,32055
2023-08-23 13:40:53,6,7,9576,32055
2023-08-23 13:42:25,6,9,9566,32065
2023-08-23 13:42:26,7,9,9566,32065
2023-08-23 13:42:43,6,9,9566,32065
2023-08-23 13:43:00,7,9,9566,32065
2023-08-23 13:43:02,6,9,9566,32065
2023-08-23 13:44:37,6,8,9566,32065
2023-08-23 13:44:42,6,9,9566,32065
2023-08-23 13:47:05,6,8,9566,32065
2023-08-23 13:47:18,6,9,9566,32065
2023-08-23 13:47:29,6,8,9566,32065
2023-08-23 13:47:48,6,8,9966,32465
2023-08-23 13:47:50,6,8,10366,32865
2023-08-23 13:47:57,6,7,10366,32865
2023-08-23 13:47:57,6,7,10426,32925
2023-08-23 13:48:04,6,7,10826,33325
2023-08-23 13:48:05,6,7,11226,33725
2023-08-23 13:48:05,6,7,11286,33785
2023-08-23 13:48:13,4,7,11550,34049
2023-08-23 13:48:15,4,7,11510,34089
2023-08-23 13:48:31,5,7,11510,34089
2023-08-23 13:48:41,4,7,11510,34089
2023-08-23 13:49:01,4,7,12174,34753
2023-08-23 13:49:01,4,6,12174,34753
2023-08-23 13:49:06,5,6,12174,34753
2023-08-23 13:49:07,4,6,12174,34753
2023-08-23 13:49:08,5,6,12174,34753
2023-08-23 13:49:10,4,6,12174,34753
2023-08-23 13:49:44,5,6,12174,34753
2023-08-23 13:49:56,4,6,12174,34753
2023-08-23 13:50:01,5,6,12174,34753
2023-08-23 13:50:02,4,6,12174,34753
2023-08-23 13:50:12,5,6,12174,34753
2023-08-23 13:50:13,4,6,12174,34753
2023-08-23 13:50:26,4,5,12174,34753
2023-08-23 13:50:48,4,7,11960,34967
2023-08-23 13:50:50,5,7,11960,34967
2023-08-23 13:50:53,4,7,11960,34967
2023-08-23 13:51:38,4,6,11960,34967
2023-08-23 13:52:04,4,7,11960,34967
2023-08-23 13:52:05,4,6,11960,34967
2023-08-23 13:52:12,4,7,11960,34967
2023-08-23 13:52:16,4,6,11960,34967
2023-08-23 13:52:37,3,6,11960,34967
2023-08-23 13:52:56,3,7,11960,34967
2023-08-23 13:52:59,3,6,11960,34967
2023-08-23 13:53:01,3,7,11960,34967
2023-08-23 13:53:01,4,7,11960,34967
2023-08-23 13:53:07,3,7,11960,34967
2023-08-23 13:53:07,3,6,11960,34967
2023-08-23 13:53:10,4,6,11960,34967
2023-08-23 13:53:15,3,6,11960,34967
2023-08-23 13:53:22,4,6,11960,34967
2023-08-23 13:53:25,3,6,11960,34967
2023-08-23 13:53:30,4,6,11960,34967
2023-08-23 13:53:31,3,6,11960,34967
2023-08-23 13:53:32,4,6,11960,34967
2023-08-23 13:53:33,3,6,11960,34967
2023-08-23 13:53:35,4,6,11960,34967
2023-08-23 13:54:01,3,6,11960,34967
2023-08-23 13:54:01,3,5,11960,34967
2023-08-23 13:54:15,3,6,11960,34967
2023-08-23 13:54:16,4,6,11960,34967
2023-08-23 13:54:30,4,5,11960,34967
2023-08-23 13:54:42,4,6,11960,34967
2023-08-23 13:54:54,4,7,11960,34967
2023-08-23 13:54:55,4,6,11960,34967
2023-08-23 13:54:56,4,7,11960,34967
2023-08-23 13:54:57,4,6,11960,34967
2023-08-23 13:55:06,3,6,11960,34967
2023-08-23 13:55:07,3,5,11960,34967
2023-08-23 13:55:08,4,5,11960,34967
2023-08-23 13:55:11,3,5,11960,34967
2023-08-23 13:55:12,4,5,11960,34967
2023-08-23 13:55:18,3,5,11960,34967
2023-08-23 13:55:19,4,5,11960,34967
2023-08-23 13:55:20,3,5,11960,34967
2023-08-23 13:56:31,4,5,11960,34967
2023-08-23 13:56:35,3,5,11960,34967
2023-08-23 13:57:02,4,5,11960,34967
2023-08-23 13:57:09,3,5,11960,34967
2023-08-23 13:57:11,4,5,11960,34967
2023-08-23 13:57:12,3,5,11960,34967
2023-08-23 13:57:18,4,5,11960,34967
2023-08-23 13:57:50,4,6,11960,34967
2023-08-23 13:57:51,4,5,11960,34967
2023-08-23 13:58:12,4,6,11760,35167
2023-08-23 13:59:14,4,7,11760,35167
2023-08-23 13:59:18,4,6,11760,35167
2023-08-23 14:00:07,4,7,11760,35167
2023-08-23 14:02:32,4,6,11760,35167
2023-08-23 14:02:56,4,7,11760,35167
2023-08-23 14:02:58,4,6,11760,35167
2023-08-23 14:04:14,3,6,11760,35167
2023-08-23 14:04:15,4,6,11760,35167
2023-08-23 14:05:18,4,7,11760,35167
2023-08-23 14:05:24,4,6,11760,35167
2023-08-23 14:06:13,3,6,11760,35167
2023-08-23 14:06:16,4,6,11760,35167
2023-08-23 14:06:37,4,7,11760,35167
2023-08-23 14:07:18,4,8,11760,35167
2023-08-23 14:07:18,5,8,11760,35167
2023-08-23 14:07:47,5,9,11760,35167
2023-08-23 14:07:48,5,8,11760,35167
2023-08-23 14:08:02,5,9,11760,35167
2023-08-23 14:08:03,5,8,11760,35167
2023-08-23 14:08:05,5,9,11760,35167
2023-08-23 14:09:19,6,9,11760,35167
2023-08-23 14:09:25,5,9,11760,35167
2023-08-23 14:09:54,5,8,11760,35167
2023-08-23 14:10:41,6,8,11760,35167
2023-08-23 14:11:05,6,9,11760,35167
2023-08-23 14:11:31,5,9,11760,35167
2023-08-23 14:11:41,6,9,11760,35167
2023-08-23 14:12:19,5,9,11760,35167
2023-08-23 14:12:33,6,9,11760,35167
2023-08-23 14:13:01,7,9,11760,35167
2023-08-23 14:13:43,7,10,11760,35167
2023-08-23 14:13:50,7,9,11760,35167
2023-08-23 14:13:52,7,10,11760,35167
2023-08-23 14:13:55,7,9,11760,35167
2023-08-23 14:13:57,7,10,11760,35167
2023-08-23 14:14:01,7,9,11760,35167
2023-08-23 14:14:02,7,10,11760,35167
2023-08-23 14:14:03,7,10,11775,35182
2023-08-23 14:14:11,7,9,11775,35182
2023-08-23 14:14:12,7,10,11775,35182
2023-08-23 14:14:13,7,9,11775,35182
2023-08-23 14:14:18,8,9,11775,35182
2023-08-23 14:14:19,8,10,11775,35182
2023-08-23 14:14:25,8,9,11775,35182
2023-08-23 14:14:26,7,9,11775,35182
2023-08-23 14:14:43,6,9,11775,35182
2023-08-23 14:14:58,6,10,11775,35182
2023-08-23 14:14:58,7,10,11775,35182
2023-08-23 14:15:01,7,9,11775,35182
2023-08-23 14:15:02,7,10,11775,35182
2023-08-23 14:15:21,8,10,11775,35182
2023-08-23 14:15:22,8,12,11775,35182
2023-08-23 14:15:23,8,11,11775,35182
2023-08-23 14:15:25,9,11,11775,35182
2023-08-23 14:15:26,8,11,11775,35182
2023-08-23 14:15:37,8,10,11775,35182
2023-08-23 14:15:38,8,11,11775,35182
2023-08-23 14:15:51,9,11,11775,35182
2023-08-23 14:16:07,8,11,11775,35182
2023-08-23 14:16:12,9,11,11775,35182
2023-08-23 14:16:40,9,10,11775,35182
2023-08-23 14:16:47,9,11,11775,35182
2023-08-23 14:16:47,8,11,11775,35182
2023-08-23 14:16:51,9,11,11775,35182
2023-08-23 14:16:52,8,11,11775,35182
2023-08-23 14:16:54,9,11,11775,35182
2023-08-23 14:16:56,8,11,11775,35182
2023-08-23 14:17:14,8,12,11775,35182
2023-08-23 14:17:14,9,12,11775,35182
2023-08-23 14:17:14,9,13,11775,35182
2023-08-23 14:17:15,10,13,11775,35182
2023-08-23 14:17:15,10,12,11775,35182
2023-08-23 14:17:16,9,12,11775,35182
2023-08-23 14:17:18,9,11,11775,35182
2023-08-23 14:17:24,9,12,11775,35182
2023-08-23 14:17:36,9,11,11775,35182
2023-08-23 14:17:38,9,12,11775,35182
2023-08-23 14:17:40,9,11,11775,35182
2023-08-23 14:17:54,9,12,11775,35182
2023-08-23 14:18:03,9,14,11775,35182
2023-08-23 14:18:03,10,14,11775,35182
2023-08-23 14:18:03,10,15,11775,35182
2023-08-23 14:18:03,10,14,11775,35182
2023-08-23 14:18:03,10,15,11775,35182
2023-08-23 14:18:04,10,14,11775,35182
2023-08-23 14:18:05,10,13,11775,35182
2023-08-23 14:18:12,11,13,11775,35182
2023-08-23 14:18:40,11,14,11775,35182
2023-08-23 14:18:45,11,15,11775,35182
2023-08-23 14:18:46,12,15,11775,35182
2023-08-23 14:18:48,13,15,11775,35182
2023-08-23 14:18:55,13,16,11775,35182
2023-08-23 14:19:06,13,18,11775,35182
2023-08-23 14:19:07,13,17,11775,35182
2023-08-23 14:19:08,13,16,11775,35182
2023-08-23 14:19:13,13,17,11775,35182
2023-08-23 14:19:14,13,16,11775,35182
2023-08-23 14:19:15,13,17,11775,35182
2023-08-23 14:19:16,13,16,11775,35182
2023-08-23 14:19:24,13,17,11775,35182
2023-08-23 14:19:26,14,17,11775,35182
2023-08-23 14:19:31,13,17,11775,35182
2023-08-23 14:19:32,14,18,11775,35182
2023-08-23 14:19:33,13,17,11775,35182
2023-08-23 14:19:33,13,16,11775,35182
2023-08-23 14:19:43,12,16,11990,35397
2023-08-23 14:20:00,12,15,11990,35397
2023-08-23 14:20:11,12,16,11990,35397
2023-08-23 14:20:22,13,16,11990,35397
2023-08-23 14:20:30,14,16,11990,35397
2023-08-23 14:20:36,14,17,11990,35397
2023-08-23 14:20:36,14,18,11990,35397
2023-08-23 14:20:37,14,17,11990,35397
2023-08-23 14:20:40,15,17,11990,35397
2023-08-23 14:20:44,14,17,11990,35397
2023-08-23 14:20:47,14,18,11990,35397
2023-08-23 14:20:47,15,18,11990,35397
2023-08-23 14:20:49,15,21,11990,35397
2023-08-23 14:20:49,15,20,11990,35397
2023-08-23 14:20:49,16,20,11990,35397
2023-08-23 14:20:50,16,19,11990,35397
2023-08-23 14:20:51,15,19,11990,35397
2023-08-23 14:20:56,15,20,11990,35397
2023-08-23 14:20:57,15,20,11991,35398
2023-08-23 14:20:57,15,18,11991,35398
2023-08-23 14:21:11,15,17,11991,35398
2023-08-23 14:21:15,14,17,11991,35398
2023-08-23 14:21:21,15,17,11991,35398
2023-08-23 14:21:34,14,17,11991,35398
2023-08-23 14:21:48,13,17,11991,35398
2023-08-23 14:21:49,14,17,11991,35398
2023-08-23 14:21:50,13,17,11991,35398
2023-08-23 14:21:51,13,16,11991,35398
2023-08-23 14:22:04,14,16,11991,35398
2023-08-23 14:22:05,14,17,11991,35398
2023-08-23 14:22:10,13,17,11991,35398
2023-08-23 14:22:12,14,17,11991,35398
2023-08-23 14:22:13,13,17,11991,35398
2023-08-23 14:22:14,13,16,11991,35398
2023-08-23 14:22:20,14,16,11991,35398
2023-08-23 14:22:21,13,16,11991,35398
2023-08-23 14:22:22,14,16,11991,35398
2023-08-23 14:22:24,13,16,11991,35398
2023-08-23 14:22:30,14,16,11991,35398
2023-08-23 14:22:33,13,16,11991,35398
2023-08-23 14:22:34,14,16,11991,35398
2023-08-23 14:22:34,14,17,11991,35398
2023-08-23 14:22:57,15,17,11991,35398
2023-08-23 14:23:39,14,17,11991,35398
2023-08-23 14:23:47,14,16,11991,35398
2023-08-23 14:23:51,14,17,11991,35398
2023-08-23 14:24:03,15,17,11991,35398
2023-08-23 14:24:13,14,17,11991,35398
2023-08-23 14:24:25,13,17,11991,35398
2023-08-23 14:24:26,14,17,11991,35398
2023-08-23 14:24:28,13,17,11991,35398
2023-08-23 14:24:29,13,16,11991,35398
2023-08-23 14:24:33,13,17,11991,35398
2023-08-23 14:24:33,12,17,11991,35398
2023-08-23 14:24:33,12,15,11991,35398
2023-08-23 14:24:36,11,15,11991,35398
2023-08-23 14:24:36,11,14,11991,35398
2023-08-23 14:24:43,11,15,11991,35398
2023-08-23 14:24:43,11,13,11991,35398
2023-08-23 14:24:46,10,13,11991,35398
2023-08-23 14:24:53,10,14,11991,35398
2023-08-23 14:24:53,10,12,11991,35398
2023-08-23 14:24:55,10,14,11991,35398
2023-08-23 14:24:55,10,13,11991,35398
2023-08-23 14:24:58,11,13,11991,35398
2023-08-23 14:25:00,10,13,11991,35398
2023-08-23 14:25:00,10,12,11991,35398
2023-08-23 14:25:02,9,12,11991,35398
2023-08-23 14:25:03,10,12,11991,35398
2023-08-23 14:25:04,9,12,11991,35398
2023-08-23 14:25:05,10,12,11991,35398
2023-08-23 14:25:06,9,12,11991,35398
2023-08-23 14:25:12,10,12,11991,35398
2023-08-23 14:25:19,10,11,11991,35398
2023-08-23 14:25:20,9,11,11991,35398
2023-08-23 14:25:26,8,11,11991,35398
2023-08-23 14:25:26,8,12,11991,35398
2023-08-23 14:25:26,8,10,11991,35398
2023-08-23 14:25:53,8,11,11991,35398
2023-08-23 14:25:53,7,11,11991,35398
2023-08-23 14:25:53,7,9,11991,35398
2023-08-23 14:26:03,8,9,11991,35398
2023-08-23 14:26:12,7,9,11991,35398
2023-08-23 14:26:14,8,9,11991,35398
2023-08-23 14:26:15,8,11,11991,35398
2023-08-23 14:26:15,8,10,11991,35398
2023-08-23 14:27:18,8,12,11991,35398
2023-08-23 14:27:18,8,11,11991,35398
2023-08-23 14:27:19,9,11,11991,35398
2023-08-23 14:27:26,9,13,11991,35398
2023-08-23 14:27:26,9,12,11991,35398
2023-08-23 14:27:45,9,13,11991,35398
2023-08-23 14:27:45,8,13,11991,35398
2023-08-23 14:27:45,8,11,11991,35398
2023-08-23 14:27:50,8,12,11991,35398
2023-08-23 14:27:50,8,10,11991,35398
2023-08-23 14:27:55,8,12,11991,35398
2023-08-23 14:27:55,8,11,11991,35398
2023-08-23 14:28:07,8,12,11991,35398
2023-08-23 14:28:07,8,10,11991,35398
2023-08-23 14:28:53,8,11,11991,35398
2023-08-23 14:29:04,8,12,11991,35398
2023-08-23 14:29:04,8,10,11991,35398
2023-08-23 14:29:16,8,11,11991,35398
2023-08-23 14:29:52,8,12,11991,35398
2023-08-23 14:29:52,9,12,11991,35398
2023-08-23 14:30:12,8,12,11991,35398
2023-08-23 14:30:20,9,12,11991,35398
2023-08-23 14:30:38,9,14,11991,35398
2023-08-23 14:30:38,9,13,11991,35398
2023-08-23 14:30:39,10,13,11991,35398
2023-08-23 14:30:47,10,14,11991,35398
2023-08-23 14:30:47,11,14,11991,35398
2023-08-23 14:30:58,12,14,11991,35398
2023-08-23 14:31:11,12,15,11991,35398
2023-08-23 14:31:11,12,17,11991,35398
2023-08-23 14:31:11,12,15,11991,35398
2023-08-23 14:31:13,13,15,11991,35398
2023-08-23 14:31:15,14,15,11991,35398
2023-08-23 14:31:19,14,17,11991,35398
2023-08-23 14:31:19,14,16,11991,35398
2023-08-23 14:31:28,14,17,11991,35398
2023-08-23 14:31:31,14,16,11991,35398
2023-08-23 14:31:48,14,17,11991,35398
2023-08-23 14:31:54,14,16,11991,35398
2023-08-23 14:32:11,13,16,11991,35398
2023-08-23 14:32:11,13,15,11991,35398
2023-08-23 14:32:28,12,15,11991,35398
2023-08-23 14:32:31,12,14,11991,35398
2023-08-23 14:32:32,11,14,11991,35398
2023-08-23 14:32:34,12,14,11991,35398
2023-08-23 14:32:38,11,14,11991,35398
2023-08-23 14:32:41,11,15,11991,35398
2023-08-23 14:32:41,11,13,11991,35398
2023-08-23 14:32:47,11,15,11991,35398
2023-08-23 14:32:47,11,14,11991,35398
2023-08-23 14:32:49,12,14,11991,35398
2023-08-23 14:33:10,11,14,11991,35398
2023-08-23 14:33:13,12,14,11991,35398
2023-08-23 14:33:19,12,15,11991,35398
2023-08-23 14:33:24,13,15,11991,35398
2023-08-23 14:33:26,13,16,11991,35398
2023-08-23 14:33:31,14,16,11991,35398
2023-08-23 14:33:34,14,17,11991,35398
2023-08-23 14:33:52,14,16,11991,35398
2023-08-23 14:33:53,13,16,11991,35398
2023-08-23 14:34:16,13,15,11991,35398
2023-08-23 14:34:19,12,15,11991,35398
2023-08-23 14:34:21,12,16,11991,35398
2023-08-23 14:34:21,12,14,11991,35398
2023-08-23 14:34:23,11,14,11991,35398
2023-08-23 14:34:28,12,14,11991,35398
2023-08-23 14:34:32,12,16,11991,35398
2023-08-23 14:34:32,12,15,11991,35398
2023-08-23 14:34:54,12,16,11991,35398
2023-08-23 14:34:58,12,15,11991,35398
2023-08-23 14:35:13,12,16,11991,35398
2023-08-23 14:35:22,13,16,11991,35398
2023-08-23 14:35:23,13,17,11991,35398
2023-08-23 14:35:24,12,17,11991,35398
2023-08-23 14:35:24,14,17,11991,35398
2023-08-23 14:35:25,15,17,11991,35398
2023-08-23 14:35:33,14,17,11991,35398
2023-08-23 14:35:42,15,17,11991,35398
2023-08-23 14:35:52,14,17,11991,35398
2023-08-23 14:36:06,14,16,11991,35398
2023-08-23 14:36:06,13,16,11991,35398
2023-08-23 14:36:10,12,16,11991,35398
2023-08-23 14:36:10,13,16,11991,35398
2023-08-23 14:36:16,13,17,11991,35398
2023-08-23 14:36:19,14,17,11991,35398
2023-08-23 14:36:21,15,17,11991,35398
2023-08-23 14:36:27,16,17,11991,35398
2023-08-23 14:36:33,16,18,11976,35413
2023-08-23 14:36:41,16,20,11976,35413
2023-08-23 14:36:41,16,19,11976,35413
2023-08-23 14:36:42,17,19,11976,35413
2023-08-23 14:36:45,17,21,11976,35413
2023-08-23 14:36:46,18,21,11976,35413
2023-08-23 14:36:47,17,21,11976,35413
2023-08-23 14:36:47,18,21,11976,35413
2023-08-23 14:36:49,19,21,11976,35413
2023-08-23 14:36:53,17,21,11976,35413
2023-08-23 14:36:53,18,21,11976,35413
2023-08-23 14:36:54,18,22,11976,35413
2023-08-23 14:36:54,18,20,11976,35413
2023-08-23 14:36:55,17,20,11976,35413
2023-08-23 14:36:55,18,20,11976,35413
2023-08-23 14:36:57,18,22,11976,35413
2023-08-23 14:36:57,18,21,11976,35413
2023-08-23 14:37:00,17,21,11976,35413
2023-08-23 14:37:00,18,21,11976,35413
2023-08-23 14:37:01,18,23,11976,35413
2023-08-23 14:37:01,18,22,11976,35413
2023-08-23 14:37:01,19,22,11976,35413
2023-08-23 14:37:02,19,23,11976,35413
2023-08-23 14:37:02,20,23,11976,35413
2023-08-23 14:37:05,21,23,11976,35413
2023-08-23 14:37:06,22,23,11976,35413
2023-08-23 14:37:06,22,24,11976,35413
2023-08-23 14:37:13,23,24,11976,35413
2023-08-23 14:37:15,23,25,11976,35413
2023-08-23 14:37:30,22,25,11976,35413
2023-08-23 14:37:33,22,24,11976,35413
2023-08-23 14:37:34,20,24,11976,35413
2023-08-23 14:37:34,21,24,11976,35413
2023-08-23 14:37:45,22,24,11976,35413
2023-08-23 14:37:46,22,25,11976,35413
2023-08-23 14:37:48,21,25,11976,35413
2023-08-23 14:37:49,21,24,11976,35413
2023-08-23 14:37:51,22,24,11976,35413
2023-08-23 14:37:52,21,24,11976,35413
2023-08-23 14:38:13,22,24,11976,35413
2023-08-23 14:38:14,22,25,11976,35413
2023-08-23 14:38:24,22,24,11976,35413
2023-08-23 14:38:32,22,25,11976,35413
2023-08-23 14:39:04,22,24,11976,35413
2023-08-23 14:39:04,21,24,11976,35413
2023-08-23 14:39:06,21,25,11976,35413
2023-08-23 14:39:06,21,23,11976,35413
2023-08-23 14:39:06,20,23,11976,35413
2023-08-23 14:39:08,19,23,11976,35413
2023-08-23 14:39:10,20,23,11976,35413
2023-08-23 14:39:11,19,23,11976,35413
2023-08-23 14:39:11,19,25,11976,35413
2023-08-23 14:39:11,19,22,11976,35413
2023-08-23 14:39:15,19,25,11976,35413
2023-08-23 14:39:15,19,23,11976,35413
2023-08-23 14:39:19,19,25,11976,35413
2023-08-23 14:39:19,19,22,11976,35413
2023-08-23 14:39:23,19,25,11976,35413
2023-08-23 14:39:23,19,23,11976,35413
2023-08-23 14:39:29,20,23,11976,35413
2023-08-23 14:39:55,20,23,11951,35438
2023-08-23 14:40:02,20,25,11951,35438
2023-08-23 14:40:02,20,24,11951,35438
2023-08-23 14:40:02,21,24,11951,35438
2023-08-23 14:40:09,21,25,11951,35438
2023-08-23 14:40:12,21,24,11951,35438
2023-08-23 14:40:13,21,25,11951,35438
2023-08-23 14:40:13,21,23,11951,35438
2023-08-23 14:40:13,20,23,11951,35438
2023-08-23 14:40:17,19,23,11951,35438
2023-08-23 14:40:17,19,24,11951,35438
2023-08-23 14:40:17,19,22,11951,35438
2023-08-23 14:40:17,18,22,11951,35438
2023-08-23 14:40:18,18,23,11951,35438
2023-08-23 14:40:18,18,21,11951,35438
2023-08-23 14:40:21,17,21,11951,35438
2023-08-23 14:40:21,17,22,11951,35438
2023-08-23 14:40:21,17,20,11951,35438
2023-08-23 14:40:29,16,20,11951,35438
2023-08-23 14:40:32,17,20,11951,35438
2023-08-23 14:40:43,17,22,11951,35438
2023-08-23 14:40:43,17,21,11951,35438
2023-08-23 14:40:48,18,21,11951,35438
2023-08-23 14:40:48,18,22,11951,35438
2023-08-23 14:40:51,19,22,11951,35438
2023-08-23 14:41:45,18,22,11951,35438
2023-08-23 14:41:46,18,21,11951,35438
2023-08-23 14:41:50,18,22,11951,35438
2023-08-23 14:41:59,19,22,11951,35438
2023-08-23 14:42:08,18,22,11951,35438
2023-08-23 14:42:09,18,21,11951,35438
2023-08-23 14:42:21,17,21,11951,35438
2023-08-23 14:42:34,17,18,11951,35438
2023-08-23 14:42:36,17,21,11951,35538
2023-08-23 14:42:41,18,21,11951,35538
2023-08-23 14:42:43,18,22,11951,35538
2023-08-23 14:42:44,18,20,11951,35538
2023-08-23 14:42:46,18,22,11951,35588
2023-08-23 14:42:46,19,22,11951,35588
2023-08-23 14:43:14,18,22,11951,35588
2023-08-23 14:43:14,19,22,11951,35588
2023-08-23 14:43:31,18,22,11951,35588
2023-08-23 14:43:31,19,22,11951,35588
2023-08-23 14:43:44,19,23,11951,35588
2023-08-23 14:43:48,19,22,11951,35588
2023-08-23 14:43:52,19,21,11951,35588
2023-08-23 14:44:04,19,20,11951,35588
2023-08-23 14:44:15,19,22,11951,35598
2023-08-23 14:44:20,18,22,11951,35598
2023-08-23 14:44:32,18,21,11951,35598
2023-08-23 14:44:44,17,21,11951,35598
2023-08-23 14:44:58,18,21,11951,35598
2023-08-23 14:45:05,18,23,11951,35598
2023-08-23 14:45:05,19,23,11951,35598
2023-08-23 14:45:06,19,22,11951,35598
2023-08-23 14:45:07,19,23,11951,35598
2023-08-23 14:45:15,20,23,11951,35598
2023-08-23 14:45:36,20,22,11951,35598
2023-08-23 14:45:44,20,24,11951,35598
2023-08-23 14:45:44,20,23,11951,35598
2023-08-23 14:46:09,20,24,11951,35598
2023-08-23 14:46:09,20,22,11951,35598
2023-08-23 14:46:19,20,24,11951,35598
2023-08-23 14:46:19,20,23,11951,35598
2023-08-23 14:46:26,20,22,11951,35598
2023-08-23 14:46:28,20,23,11951,35598
2023-08-23 14:46:28,20,21,11951,35598
2023-08-23 14:46:38,20,23,11951,35598
2023-08-23 14:46:39,20,22,11951,35598
2023-08-23 14:46:47,18,22,11951,35598
2023-08-23 14:46:47,18,23,11951,35598
2023-08-23 14:46:47,18,21,11951,35598
2023-08-23 14:46:48,19,21,11951,35598
2023-08-23 14:46:54,18,21,11951,35598
2023-08-23 14:46:54,18,23,11951,35598
2023-08-23 14:46:54,17,23,11951,35598
2023-08-23 14:46:54,17,20,11951,35598
2023-08-23 14:46:55,17,23,11951,35598
2023-08-23 14:46:55,17,19,11951,35598
2023-08-23 14:46:58,16,19,11951,35598
2023-08-23 14:46:58,16,22,11951,35598
2023-08-23 14:46:58,15,22,11951,35598
2023-08-23 14:46:58,15,18,11951,35598
2023-08-23 14:46:59,15,20,11951,35598
2023-08-23 14:46:59,15,17,11951,35598
2023-08-23 14:47:11,16,17,11951,35598
2023-08-23 14:47:11,16,19,11951,35598
2023-08-23 14:47:11,16,18,11951,35598
2023-08-23 14:47:17,15,18,11951,35598
2023-08-23 14:47:19,15,19,11951,35598
2023-08-23 14:47:19,15,17,11951,35598
2023-08-23 14:47:42,16,17,11951,35598
2023-08-23 14:47:43,16,19,11951,35598
2023-08-23 14:47:43,16,18,11951,35598
2023-08-23 14:47:51,16,19,11951,35598
2023-08-23 14:47:51,16,17,11951,35598
2023-08-23 14:47:54,15,17,11951,35598
2023-08-23 14:47:56,15,19,11951,35598
2023-08-23 14:47:56,15,16,11951,35598
2023-08-23 14:47:57,13,16,11951,35598
2023-08-23 14:47:58,14,16,11951,35598
2023-08-23 14:48:04,14,18,11951,35598
2023-08-23 14:48:04,14,15,11951,35598
2023-08-23 14:48:09,14,18,11951,35598
2023-08-23 14:48:09,14,16,11951,35598
2023-08-23 14:48:12,15,16,11951,35598
2023-08-23 14:48:20,15,18,11951,35598
2023-08-23 14:48:20,15,17,11951,35598
2023-08-23 14:48:22,15,18,11951,35598
2023-08-23 14:48:22,15,16,11951,35598
2023-08-23 14:48:38,15,18,11951,35598
2023-08-23 14:48:38,15,17,11951,35598
2023-08-23 14:49:50,15,20,11951,35598
2023-08-23 14:49:50,15,18,11951,35598
2023-08-23 14:50:07,15,19,11951,35598
2023-08-23 14:50:07,15,17,11951,35598
2023-08-23 14:50:49,15,20,11951,35598
2023-08-23 14:50:49,15,18,11951,35598
2023-08-23 14:51:07,15,21,11951,35598
2023-08-23 14:51:07,15,19,11951,35598
2023-08-23 14:51:10,16,19,11951,35598
2023-08-23 14:51:12,15,19,11951,35598
2023-08-23 14:51:17,16,19,11951,35598
2023-08-23 14:51:32,17,19,11951,35598
2023-08-23 14:51:32,17,22,11951,35598
2023-08-23 14:51:32,17,20,11951,35598
2023-08-23 14:51:42,17,22,11951,35598
2023-08-23 14:51:42,17,19,11951,35598
2023-08-23 14:52:07,17,21,11951,35598
2023-08-23 14:52:07,17,18,11951,35598
2023-08-23 14:52:13,17,20,11951,35598
2023-08-23 14:52:13,17,20,11950,35599
2023-08-23 14:52:33,15,20,11950,35599
2023-08-23 14:52:34,16,20,11950,35599
2023-08-23 14:52:36,15,20,11950,35599
2023-08-23 14:52:37,15,19,11950,35599
2023-08-23 14:52:38,14,19,11950,35599
2023-08-23 14:52:38,12,19,11950,35599
2023-08-23 14:52:39,14,19,11950,35599
2023-08-23 14:52:47,13,19,11950,35599
2023-08-23 14:52:48,14,19,11950,35599
2023-08-23 14:52:52,13,19,11950,35599
2023-08-23 14:52:52,13,18,11950,35599
2023-08-23 14:52:53,13,17,11950,35599
2023-08-23 14:52:57,13,16,11950,35599
2023-08-23 14:53:03,14,16,11950,35599
2023-08-23 14:53:04,13,16,11950,35599
2023-08-23 14:53:05,14,16,11950,35599
2023-08-23 14:53:06,14,17,11950,35599
2023-08-23 14:53:12,14,16,11950,35599
2023-08-23 14:53:16,13,16,11950,35599
2023-08-23 14:53:19,14,16,11950,35599
2023-08-23 14:53:26,14,17,11950,35599
2023-08-23 14:53:34,13,17,11950,35599
2023-08-23 14:53:38,14,17,11950,35599
2023-08-23 14:54:02,13,17,11950,35599
2023-08-23 14:54:04,14,17,11950,35599
2023-08-23 14:54:56,13,17,11950,35599
2023-08-23 14:55:03,14,17,11950,35599
2023-08-23 14:56:02,13,17,11950,35599
2023-08-23 14:56:02,13,16,11950,35599
2023-08-23 14:56:08,12,16,11950,35599
2023-08-23 14:56:15,12,15,11950,35599
2023-08-23 14:56:20,13,15,11950,35599
2023-08-23 14:56:22,12,15,11950,35599
2023-08-23 14:56:29,13,15,11950,35599
2023-08-23 14:56:32,13,17,11950,35599
2023-08-23 14:56:42,13,16,11950,35599
2023-08-23 14:57:23,13,17,11950,35599
2023-08-23 14:57:26,14,17,11950,35599
2023-08-23 14:57:50,14,16,11950,35599
2023-08-23 14:57:51,14,17,11950,35599
2023-08-23 14:57:59,14,20,11750,35799
2023-08-23 14:57:59,15,20,11750,35799
2023-08-23 14:58:01,16,20,11750,35799
2023-08-23 14:58:02,17,20,11750,35799
2023-08-23 14:58:04,17,19,11750,35799
2023-08-23 14:58:05,17,20,11750,35799
