datetime,bid,ask,open_interest,volume
2023-03-30 09:30:09,26,27,371,856
2023-03-30 09:30:11,27,28,371,857
2023-03-30 09:30:13,28,29,371,858
2023-03-30 09:30:15,29,30,371,859
2023-03-30 09:30:26,24,30,371,859
2023-03-30 09:30:29,25,30,371,859
2023-03-30 09:30:55,26,30,371,859
2023-03-30 09:31:04,27,30,371,859
2023-03-30 09:31:24,28,30,371,859
2023-03-30 09:31:35,27,28,371,860
2023-03-30 09:31:53,27,30,371,860
2023-03-30 09:32:18,27,28,371,860
2023-03-30 09:32:21,26,27,371,861
2023-03-30 09:32:23,25,26,372,862
2023-03-30 09:32:29,24,25,373,863
2023-03-30 09:32:30,24,25,374,864
2023-03-30 09:32:39,24,28,374,864
2023-03-30 09:33:10,24,27,374,864
2023-03-30 09:33:38,24,26,374,864
2023-03-30 09:34:53,24,26,502,992
2023-03-30 09:34:58,24,25,502,992
2023-03-30 09:35:17,26,27,502,994
2023-03-30 09:35:18,26,27,698,1190
2023-03-30 09:35:25,26,27,779,1271
2023-03-30 09:35:35,26,27,779,1272
2023-03-30 09:36:26,26,27,819,1312
2023-03-30 09:36:26,26,27,859,1352
2023-03-30 09:36:59,25,27,859,1352
2023-03-30 09:36:59,28,30,988,1502
2023-03-30 09:40:14,29,30,988,1502
2023-03-30 09:40:14,30,32,989,1503
2023-03-30 09:40:24,30,32,1189,1703
2023-03-30 09:40:26,30,32,1389,1903
2023-03-30 09:40:27,30,32,1589,2103
2023-03-30 09:40:29,30,32,1789,2303
2023-03-30 09:40:30,28,32,1789,2303
2023-03-30 09:40:36,28,31,1789,2303
2023-03-30 09:40:39,29,31,1789,2303
2023-03-30 09:40:53,29,30,1789,2303
2023-03-30 09:41:18,27,29,1788,2304
2023-03-30 09:41:23,27,28,1788,2304
2023-03-30 09:41:24,26,27,1788,2384
2023-03-30 09:42:27,26,28,1788,2384
2023-03-30 09:44:16,28,29,1788,2385
2023-03-30 09:44:17,28,30,1788,2385
2023-03-30 09:44:21,27,30,1788,2385
2023-03-30 09:45:18,27,29,1788,2385
2023-03-30 09:45:19,27,30,1788,2385
2023-03-30 09:45:22,27,29,1788,2385
2023-03-30 09:45:28,27,30,1788,2385
2023-03-30 09:45:28,27,29,1788,2385
2023-03-30 09:46:12,27,28,1788,2385
2023-03-30 09:46:18,27,29,1788,2385
2023-03-30 09:46:53,27,28,1788,2385
2023-03-30 09:46:58,27,29,1788,2385
2023-03-30 09:47:14,27,28,1788,2385
2023-03-30 09:47:17,27,29,1788,2385
2023-03-30 09:47:19,27,28,1788,2385
2023-03-30 09:47:45,27,29,1788,2385
2023-03-30 09:47:46,27,28,1788,2385
2023-03-30 09:48:09,26,27,1787,2386
2023-03-30 09:49:01,26,28,1787,2386
2023-03-30 09:49:27,26,27,1787,2386
2023-03-30 09:50:09,25,26,1786,2387
2023-03-30 09:51:04,26,27,1786,2388
2023-03-30 09:51:08,26,28,1786,2388
2023-03-30 09:51:09,25,28,1786,2388
2023-03-30 09:51:23,26,28,1786,2388
2023-03-30 09:51:38,25,28,1786,2388
2023-03-30 09:51:38,26,28,1786,2388
2023-03-30 09:51:53,25,28,1786,2388
2023-03-30 09:51:53,25,27,1786,2388
2023-03-30 09:51:58,25,28,1786,2388
2023-03-30 09:52:09,26,28,1786,2388
2023-03-30 09:52:56,27,28,1786,2388
2023-03-30 09:53:01,28,29,1786,2389
2023-03-30 09:53:10,27,29,1786,2389
2023-03-30 09:53:11,28,29,1786,2389
2023-03-30 09:53:20,29,30,1786,2390
2023-03-30 09:53:25,28,30,1786,2390
2023-03-30 09:54:27,28,29,1786,2390
2023-03-30 09:54:42,27,28,1785,2391
2023-03-30 09:55:01,25,27,1784,2392
2023-03-30 09:55:51,25,26,1784,2392
2023-03-30 09:55:58,24,25,1783,2393
2023-03-30 09:56:12,24,25,1583,2593
2023-03-30 09:56:13,24,25,1383,2793
2023-03-30 09:56:15,25,26,1331,2845
2023-03-30 09:56:15,25,26,1331,2846
2023-03-30 09:56:28,24,26,1331,2846
2023-03-30 09:57:17,24,25,1331,2846
2023-03-30 09:57:34,24,26,1331,2846
2023-03-30 09:58:21,24,25,1331,2846
2023-03-30 09:58:36,24,26,1331,2846
2023-03-30 09:58:51,24,25,1331,2846
2023-03-30 09:59:05,24,26,1331,2846
2023-03-30 09:59:05,24,25,1331,2846
2023-03-30 09:59:21,23,24,1330,2847
2023-03-30 09:59:45,22,24,1331,2848
2023-03-30 09:59:52,22,25,1331,2848
2023-03-30 09:59:52,22,23,1331,2848
2023-03-30 10:00:18,19,22,1331,2849
2023-03-30 10:00:23,19,21,1331,2849
2023-03-30 10:00:33,19,22,1331,2849
2023-03-30 10:01:11,20,22,1331,2849
2023-03-30 10:01:16,19,22,1331,2849
2023-03-30 10:01:41,20,22,1331,2849
2023-03-30 10:01:58,21,22,1331,2849
2023-03-30 10:01:58,22,23,1331,2977
2023-03-30 10:02:06,21,23,1331,2977
2023-03-30 10:04:06,22,23,1331,2977
2023-03-30 10:04:27,23,24,1150,3158
2023-03-30 10:04:35,22,24,1150,3158
2023-03-30 10:05:01,23,24,1150,3158
2023-03-30 10:05:02,23,25,1150,3159
2023-03-30 10:05:04,25,26,1077,3279
2023-03-30 10:05:09,23,26,1077,3279
2023-03-30 10:05:12,24,26,1077,3279
2023-03-30 10:05:33,25,26,1077,3279
2023-03-30 10:05:34,26,27,1077,3280
2023-03-30 10:05:44,25,27,1077,3280
2023-03-30 10:05:59,26,27,1077,3280
2023-03-30 10:06:03,27,29,1077,3281
2023-03-30 10:06:10,26,29,1077,3281
2023-03-30 10:06:15,27,29,1077,3281
2023-03-30 10:07:10,28,29,1077,3281
2023-03-30 10:07:30,27,29,1077,3281
2023-03-30 10:09:00,26,29,1077,3281
2023-03-30 10:09:56,28,29,1077,3281
2023-03-30 10:10:39,28,30,1077,3282
2023-03-30 10:10:46,29,30,1077,3282
2023-03-30 10:10:56,30,31,1077,3283
2023-03-30 10:11:11,29,31,1077,3283
2023-03-30 10:11:27,30,31,1077,3283
2023-03-30 10:11:41,29,31,1077,3283
2023-03-30 10:11:57,30,31,1077,3283
2023-03-30 10:12:12,29,31,1077,3283
2023-03-30 10:12:28,31,32,1077,3284
2023-03-30 10:12:31,31,33,1077,3284
2023-03-30 10:12:44,32,33,1077,3284
2023-03-30 10:12:51,31,33,1077,3284
2023-03-30 10:13:10,32,33,1077,3284
2023-03-30 10:14:42,31,33,1077,3284
2023-03-30 10:14:57,30,33,1077,3284
2023-03-30 10:16:14,31,33,1077,3284
2023-03-30 10:16:39,32,33,1077,3284
2023-03-30 10:17:16,30,33,1077,3284
2023-03-30 10:17:16,31,33,1077,3284
2023-03-30 10:18:17,30,33,1077,3284
2023-03-30 10:18:18,31,33,1077,3284
2023-03-30 10:18:35,30,33,1077,3284
2023-03-30 10:18:35,31,33,1077,3284
2023-03-30 10:18:40,30,33,1077,3284
2023-03-30 10:19:05,31,33,1077,3284
2023-03-30 10:19:43,30,31,1188,3395
2023-03-30 10:19:58,30,32,1188,3395
2023-03-30 10:20:45,30,31,1188,3395
2023-03-30 10:20:47,29,30,1188,3396
2023-03-30 10:20:56,29,31,1188,3396
2023-03-30 10:21:11,27,29,1254,3463
2023-03-30 10:21:18,26,29,1254,3463
2023-03-30 10:21:29,27,29,1254,3463
2023-03-30 10:21:44,25,26,1329,3585
2023-03-30 10:21:46,25,26,1329,3785
2023-03-30 10:21:57,25,28,1329,3785
2023-03-30 10:21:59,26,28,1329,3785
2023-03-30 10:22:06,26,27,1329,3785
2023-03-30 10:22:20,26,28,1329,3785
2023-03-30 10:22:24,25,28,1329,3785
2023-03-30 10:22:30,25,27,1329,3785
2023-03-30 10:22:37,25,26,1329,3785
2023-03-30 10:22:37,24,25,1329,3786
2023-03-30 10:22:48,24,26,1329,3786
2023-03-30 10:22:52,24,25,1329,3786
2023-03-30 10:24:17,23,24,1330,3787
2023-03-30 10:24:20,23,25,1330,3787
2023-03-30 10:24:40,24,25,1330,3787
2023-03-30 10:24:40,23,24,1353,3810
2023-03-30 10:25:03,23,25,1353,3810
2023-03-30 10:25:03,22,23,1353,3811
2023-03-30 10:25:24,22,25,1353,3811
2023-03-30 10:25:33,22,24,1353,3811
2023-03-30 10:25:43,21,24,1338,3828
2023-03-30 10:26:15,21,23,1338,3828
2023-03-30 10:26:28,21,22,1338,3828
2023-03-30 10:26:29,20,21,1225,4242
2023-03-30 10:27:06,19,20,1225,4243
2023-03-30 10:27:14,19,21,1225,4243
2023-03-30 10:27:14,17,19,1225,4494
2023-03-30 10:27:51,17,18,1225,4494
2023-03-30 10:28:21,17,18,1225,4614
2023-03-30 10:28:39,17,18,1225,4734
2023-03-30 10:28:52,17,18,1175,4794
2023-03-30 10:29:11,17,18,1692,5544
2023-03-30 10:30:09,17,19,1692,5544
2023-03-30 10:30:48,17,18,1692,5544
2023-03-30 10:32:01,16,17,1693,5545
2023-03-30 10:32:12,16,17,1633,5605
2023-03-30 10:32:14,15,16,1634,5606
2023-03-30 10:33:12,15,17,1679,5666
2023-03-30 10:33:46,17,18,1678,5667
2023-03-30 10:33:52,15,18,1678,5667
2023-03-30 10:33:55,16,18,1678,5667
2023-03-30 10:34:00,16,19,1678,5667
2023-03-30 10:34:03,16,20,1678,5667
2023-03-30 10:34:18,17,20,1678,5667
2023-03-30 10:34:22,17,19,1678,5667
2023-03-30 10:34:47,19,20,1677,5668
2023-03-30 10:34:48,19,20,1676,5669
2023-03-30 10:34:48,19,20,1762,5869
2023-03-30 10:34:49,19,20,1962,6069
2023-03-30 10:34:51,20,22,2111,6218
2023-03-30 10:34:56,19,22,2111,6218
2023-03-30 10:35:12,20,22,2111,6218
2023-03-30 10:35:52,21,22,2111,6218
2023-03-30 10:36:06,20,22,2111,6218
2023-03-30 10:36:06,22,23,2110,6219
2023-03-30 10:36:11,22,23,2109,6220
2023-03-30 10:36:22,20,23,2109,6220
2023-03-30 10:36:22,22,23,2109,6220
2023-03-30 10:36:26,20,22,2109,6460
2023-03-30 10:39:28,20,21,2109,6460
2023-03-30 10:40:14,20,22,2109,6460
2023-03-30 10:40:17,20,21,2109,6460
2023-03-30 10:40:28,20,22,2109,6460
2023-03-30 10:40:28,20,21,2109,6460
2023-03-30 10:40:29,20,22,2109,6460
2023-03-30 10:40:31,20,21,2109,6460
2023-03-30 10:40:57,20,22,2109,6460
2023-03-30 10:40:58,20,21,2109,6460
2023-03-30 10:41:32,20,22,2109,6460
2023-03-30 10:41:33,20,21,2109,6460
2023-03-30 10:41:59,20,21,2109,6464
2023-03-30 10:42:07,19,20,2110,6465
2023-03-30 10:42:22,18,19,2111,6466
2023-03-30 10:42:23,17,19,2111,6466
2023-03-30 10:42:52,18,19,2111,6466
2023-03-30 10:43:20,18,20,2111,6466
2023-03-30 10:44:09,19,20,2111,6466
2023-03-30 10:44:35,20,21,2111,6467
2023-03-30 10:44:36,19,21,2111,6468
2023-03-30 10:45:13,19,20,2111,6468
2023-03-30 10:45:22,19,21,2111,6468
2023-03-30 10:45:30,19,20,2111,6468
2023-03-30 10:45:33,19,21,2111,6468
2023-03-30 10:46:12,19,22,2111,6468
2023-03-30 10:47:26,20,22,2111,6468
2023-03-30 10:47:41,21,22,2111,6468
2023-03-30 10:47:50,22,23,2111,6469
2023-03-30 10:47:55,22,24,2111,6469
2023-03-30 10:50:17,23,24,2111,6469
2023-03-30 10:50:32,24,25,2110,6470
2023-03-30 10:50:48,23,25,2110,6470
2023-03-30 10:50:59,24,25,2110,6470
2023-03-30 10:50:59,23,24,2110,6472
2023-03-30 10:51:06,23,25,2110,6472
2023-03-30 10:51:13,22,23,2111,6473
2023-03-30 10:51:31,22,23,2113,6475
2023-03-30 10:52:19,21,22,2116,6478
2023-03-30 10:52:21,20,22,2116,6478
2023-03-30 10:52:59,21,22,2116,6478
2023-03-30 10:53:24,20,21,2119,6481
2023-03-30 10:54:09,19,20,2120,6482
2023-03-30 10:54:18,19,20,2122,6484
2023-03-30 10:55:03,19,21,2122,6484
2023-03-30 10:56:08,19,20,2122,6484
2023-03-30 10:56:49,19,21,2122,6484
2023-03-30 10:56:59,20,21,2122,6484
2023-03-30 10:57:15,19,21,2122,6484
2023-03-30 10:57:15,20,21,2122,6484
2023-03-30 10:57:45,20,21,2123,6486
2023-03-30 10:57:46,19,21,2123,6486
2023-03-30 10:57:53,19,20,2123,6486
2023-03-30 10:59:08,19,20,2124,6610
2023-03-30 10:59:58,20,22,2124,6611
2023-03-30 11:02:49,20,21,2124,6611
2023-03-30 11:03:52,19,21,2126,6613
2023-03-30 11:04:07,19,20,2126,6613
2023-03-30 11:04:13,19,21,2126,6613
2023-03-30 11:04:29,19,20,2126,6613
2023-03-30 11:04:43,19,20,2129,6616
2023-03-30 11:05:02,17,20,2137,6624
2023-03-30 11:05:02,17,19,2137,6624
2023-03-30 11:05:02,17,18,2137,6624
2023-03-30 11:05:09,17,19,2137,6624
2023-03-30 11:05:48,17,19,2137,6656
2023-03-30 11:05:48,17,18,2137,6656
2023-03-30 11:06:00,17,19,2137,6656
2023-03-30 11:06:20,17,18,2137,6656
2023-03-30 11:06:26,17,18,2141,6660
2023-03-30 11:06:27,17,19,2141,6660
2023-03-30 11:07:03,17,18,2142,6661
2023-03-30 11:07:04,17,18,2142,6692
2023-03-30 11:07:04,17,18,2142,6709
2023-03-30 11:07:04,17,18,2142,6740
2023-03-30 11:07:18,17,19,2142,6740
2023-03-30 11:07:27,17,18,2142,6740
2023-03-30 11:09:14,16,17,2150,6748
2023-03-30 11:09:28,16,18,2150,6748
2023-03-30 11:09:28,16,17,2150,6748
2023-03-30 11:09:43,15,16,2151,6749
2023-03-30 11:09:44,15,16,2154,6752
2023-03-30 11:09:57,15,17,2154,6752
2023-03-30 11:09:58,15,16,2154,6752
2023-03-30 11:10:29,15,17,2154,6752
2023-03-30 11:10:30,14,15,2399,6997
2023-03-30 11:10:33,14,17,2399,6997
2023-03-30 11:10:33,14,16,2399,6997
2023-03-30 11:10:34,14,17,2399,6997
2023-03-30 11:10:37,14,16,2399,6997
2023-03-30 11:10:40,14,17,2399,6997
2023-03-30 11:10:43,14,16,2399,6997
2023-03-30 11:10:51,15,16,2399,6997
2023-03-30 11:12:02,14,16,2404,7002
2023-03-30 11:12:07,14,15,2404,7002
2023-03-30 11:12:15,14,16,2404,7002
2023-03-30 11:12:15,14,15,2404,7002
2023-03-30 11:12:30,11,14,2405,7003
2023-03-30 11:12:31,12,14,2405,7003
2023-03-30 11:12:46,12,15,2405,7003
2023-03-30 11:12:46,12,14,2405,7003
2023-03-30 11:12:50,14,15,2825,7423
2023-03-30 11:12:51,14,15,2923,7521
2023-03-30 11:12:51,14,15,2923,7536
2023-03-30 11:12:51,14,15,2923,7577
2023-03-30 11:12:52,15,16,2923,7578
2023-03-30 11:12:52,15,16,2949,7604
2023-03-30 11:12:57,14,16,2949,7604
2023-03-30 11:13:04,15,16,2949,7604
2023-03-30 11:13:08,16,17,2949,7605
2023-03-30 11:13:16,17,18,2949,7607
2023-03-30 11:13:21,16,18,2949,7607
2023-03-30 11:13:24,15,18,2949,7607
2023-03-30 11:13:52,16,18,2949,7607
2023-03-30 11:13:57,16,17,2949,7607
2023-03-30 11:14:23,16,18,2949,7607
2023-03-30 11:14:24,15,18,2954,7732
2023-03-30 11:14:58,15,18,2955,8082
2023-03-30 11:15:01,16,18,2955,8082
2023-03-30 11:15:14,16,17,2955,8082
2023-03-30 11:15:16,15,17,2955,8082
2023-03-30 11:15:16,16,17,2955,8082
2023-03-30 11:15:18,17,18,2955,8083
2023-03-30 11:15:32,15,18,2955,8083
2023-03-30 11:15:32,16,18,2955,8083
2023-03-30 11:15:38,16,17,2955,8083
2023-03-30 11:16:14,17,18,2955,8084
2023-03-30 11:17:06,17,18,2961,8090
2023-03-30 11:17:17,18,19,3083,8212
2023-03-30 11:17:37,17,19,3083,8212
2023-03-30 11:17:37,17,19,3084,8213
2023-03-30 11:17:45,17,18,3084,8213
2023-03-30 11:17:49,17,19,3084,8213
2023-03-30 11:17:54,17,18,3084,8213
2023-03-30 11:18:05,17,19,3084,8213
2023-03-30 11:18:52,17,18,3084,8213
2023-03-30 11:19:20,16,17,3085,8214
2023-03-30 11:19:28,15,16,3088,8345
2023-03-30 11:19:36,15,16,3089,8503
2023-03-30 11:19:36,14,15,3089,8526
2023-03-30 11:19:39,14,16,3391,8828
2023-03-30 11:19:47,14,15,3391,8828
2023-03-30 11:20:15,12,14,3397,8834
2023-03-30 11:20:16,12,13,3397,8834
2023-03-30 11:20:17,12,13,3397,8835
2023-03-30 11:20:28,13,14,3403,8841
2023-03-30 11:20:36,12,13,3849,9287
2023-03-30 11:20:44,12,13,4149,9587
2023-03-30 11:20:53,12,14,4149,9587
2023-03-30 11:20:58,13,14,4149,9587
2023-03-30 11:21:02,13,16,4149,9587
2023-03-30 11:21:02,13,14,4149,9587
2023-03-30 11:21:16,13,14,4682,10120
2023-03-30 11:21:18,13,14,4682,10126
2023-03-30 11:21:38,13,14,5397,10841
2023-03-30 11:22:06,14,15,5397,10843
2023-03-30 11:22:06,14,16,5397,10843
2023-03-30 11:22:06,14,15,5397,10843
2023-03-30 11:22:21,14,16,5397,10843
2023-03-30 11:22:21,14,15,5397,10843
2023-03-30 11:22:51,15,16,5403,10849
2023-03-30 11:22:56,15,16,5409,10855
2023-03-30 11:23:04,15,16,5409,10856
2023-03-30 11:23:24,15,17,5409,10856
2023-03-30 11:23:26,15,18,5409,10856
2023-03-30 11:23:37,15,17,5409,10856
2023-03-30 11:23:38,15,18,5409,10856
2023-03-30 11:23:38,15,17,5409,10856
2023-03-30 11:23:48,16,17,5409,10856
2023-03-30 11:23:54,16,18,5409,10856
2023-03-30 11:23:54,16,17,5409,10856
2023-03-30 11:24:09,16,18,5409,10856
2023-03-30 11:24:09,16,17,5409,10856
2023-03-30 11:24:25,17,18,5415,10862
2023-03-30 11:24:35,16,17,5415,10862
2023-03-30 11:24:40,16,18,5415,10862
2023-03-30 11:24:40,17,18,5415,10862
2023-03-30 11:24:54,16,18,5415,10862
2023-03-30 11:24:56,17,18,5415,10862
2023-03-30 11:25:05,17,19,5415,10863
2023-03-30 11:25:20,18,19,5415,10863
2023-03-30 11:25:25,19,20,5418,10866
2023-03-30 11:25:25,19,20,5450,10898
2023-03-30 11:25:51,19,20,5450,10899
2023-03-30 11:26:05,18,19,5450,10900
2023-03-30 11:26:14,17,18,5450,11020
2023-03-30 11:26:16,17,18,5650,11220
2023-03-30 11:26:17,17,18,5850,11420
2023-03-30 11:26:19,17,18,6050,11620
2023-03-30 11:26:21,17,18,6250,11820
2023-03-30 11:26:23,17,18,6450,12020
2023-03-30 11:26:24,17,18,6449,12021
2023-03-30 11:26:24,17,18,7053,12625
2023-03-30 11:26:24,17,18,7253,12825
2023-03-30 11:26:39,18,19,7253,12901
2023-03-30 11:26:42,19,20,7253,12902
2023-03-30 11:26:55,19,21,7253,12902
2023-03-30 11:27:14,18,19,8154,14223
2023-03-30 11:27:18,18,19,8154,14283
2023-03-30 11:27:18,18,19,8767,14896
2023-03-30 11:27:34,19,20,8773,14902
2023-03-30 11:27:57,18,21,8773,14903
2023-03-30 11:28:04,19,21,8773,14903
2023-03-30 11:28:19,19,21,8774,14904
2023-03-30 11:31:14,19,20,8774,14904
2023-03-30 11:31:15,20,21,8793,14923
2023-03-30 11:31:17,21,22,8793,14924
2023-03-30 11:31:22,19,22,8793,14924
2023-03-30 11:31:26,21,22,8793,14924
2023-03-30 11:31:36,21,22,8793,14925
2023-03-30 11:31:41,20,22,8793,14925
2023-03-30 11:31:42,21,22,8793,14925
2023-03-30 11:32:22,21,23,8793,14925
2023-03-30 11:32:27,22,23,8793,14925
2023-03-30 11:32:44,21,23,8793,14925
2023-03-30 11:32:45,21,24,8921,15054
2023-03-30 11:33:33,21,23,8921,15054
2023-03-30 11:33:36,21,24,8921,15054
2023-03-30 11:34:59,21,23,8921,15054
2023-03-30 11:36:09,21,22,8921,15054
2023-03-30 11:37:00,20,21,8921,15055
2023-03-30 11:38:00,19,20,8923,15185
2023-03-30 11:38:19,19,20,9213,15475
2023-03-30 11:38:35,19,20,9213,15813
2023-03-30 11:38:53,20,21,10455,17055
2023-03-30 11:39:27,20,21,10455,17056
2023-03-30 11:39:42,19,21,10455,17056
2023-03-30 11:40:18,19,20,10455,17056
2023-03-30 11:41:03,19,21,10455,17056
2023-03-30 11:41:48,20,21,10455,17056
2023-03-30 11:42:09,19,20,10455,17058
2023-03-30 11:42:16,18,19,10456,17059
2023-03-30 11:42:23,17,18,10457,17316
2023-03-30 11:42:27,17,18,10457,17436
2023-03-30 11:42:30,17,18,11060,18039
2023-03-30 11:42:34,17,18,11065,18044
2023-03-30 11:42:55,17,18,11265,18244
2023-03-30 11:42:56,17,18,11744,18723
2023-03-30 11:42:57,17,18,11944,18923
2023-03-30 11:42:58,17,18,11944,18983
2023-03-30 11:42:59,18,19,12019,19058
2023-03-30 11:43:09,17,19,12019,19058
2023-03-30 11:43:12,19,20,12019,19059
2023-03-30 11:43:12,19,20,12060,19100
2023-03-30 11:43:12,19,20,12401,19441
2023-03-30 11:43:20,17,19,12518,19558
2023-03-30 11:43:23,17,20,12518,19558
2023-03-30 11:43:29,17,19,12518,19558
2023-03-30 11:43:46,17,18,12518,19558
2023-03-30 11:46:05,17,20,12518,19558
2023-03-30 11:46:05,17,19,12518,19558
2023-03-30 11:46:20,17,20,12518,19558
2023-03-30 11:46:31,17,19,12518,19558
2023-03-30 11:46:42,17,18,12518,19558
2023-03-30 11:47:09,17,18,12518,19957
2023-03-30 11:47:10,17,19,12518,19957
2023-03-30 11:47:23,17,20,12518,19957
2023-03-30 11:47:25,19,20,12518,19957
2023-03-30 11:47:33,20,21,12518,19958
2023-03-30 11:47:34,22,23,12646,20087
2023-03-30 11:47:35,22,23,12815,20256
2023-03-30 11:47:35,22,23,12943,20384
2023-03-30 11:47:37,20,23,12943,20384
2023-03-30 11:47:53,20,22,12943,20384
2023-03-30 11:49:12,21,22,12943,20384
2023-03-30 11:49:54,22,25,12943,20385
2023-03-30 11:50:07,21,25,12943,20385
2023-03-30 11:50:20,21,24,12943,20385
2023-03-30 11:50:22,21,23,12943,20385
2023-03-30 11:50:27,21,24,12943,20385
2023-03-30 11:50:31,21,23,12943,20385
2023-03-30 11:50:34,21,24,12943,20385
2023-03-30 11:50:38,21,23,12943,20385
2023-03-30 11:50:51,21,24,12943,20385
2023-03-30 11:51:37,21,23,12943,20385
2023-03-30 11:52:38,21,24,12943,20385
2023-03-30 11:52:38,21,23,12943,20385
2023-03-30 11:52:38,22,23,12943,20385
2023-03-30 11:52:53,21,23,12943,20385
2023-03-30 11:53:10,21,24,12943,20385
2023-03-30 11:53:35,22,24,12943,20385
2023-03-30 11:54:43,22,23,12943,20385
2023-03-30 11:55:14,21,22,12943,20386
2023-03-30 11:55:22,20,21,12943,20387
2023-03-30 11:55:41,18,20,12943,20388
2023-03-30 11:56:02,18,19,12943,20388
2023-03-30 11:57:26,18,19,12943,20829
2023-03-30 11:57:35,18,20,12943,20829
2023-03-30 11:57:52,16,17,12894,21271
2023-03-30 11:58:20,16,17,13322,21699
2023-03-30 11:59:14,17,18,13581,21958
2023-03-30 12:00:08,17,18,13972,22350
2023-03-30 12:00:54,18,19,13977,22659
2023-03-30 12:01:02,19,21,13977,22660
2023-03-30 12:01:19,20,21,13977,22660
2023-03-30 12:01:28,21,22,13971,22721
2023-03-30 12:01:57,22,23,14151,22902
2023-03-30 12:02:08,22,23,14227,22978
2023-03-30 12:02:13,21,23,14227,22978
2023-03-30 12:04:00,21,22,14227,22978
2023-03-30 12:04:36,20,21,14228,22979
2023-03-30 12:04:39,20,21,14877,23628
2023-03-30 12:05:01,20,22,14877,23628
2023-03-30 12:05:01,19,20,14878,23629
2023-03-30 12:05:33,20,21,15114,23865
2023-03-30 12:05:39,20,22,15114,23865
2023-03-30 12:05:44,20,21,15114,23865
2023-03-30 12:05:51,19,21,15114,23865
2023-03-30 12:06:28,21,22,15114,23866
2023-03-30 12:06:42,20,22,15114,23866
2023-03-30 12:07:39,20,21,15114,23866
2023-03-30 12:08:10,20,22,15114,23866
2023-03-30 12:08:11,20,21,15114,23866
2023-03-30 12:08:42,19,20,15115,23867
2023-03-30 12:09:29,17,19,15116,23868
2023-03-30 12:10:16,17,20,15116,23868
2023-03-30 12:10:17,17,19,15116,23868
2023-03-30 12:10:32,17,20,15116,23868
2023-03-30 12:10:32,17,19,15116,23868
2023-03-30 12:10:58,17,19,15517,24269
2023-03-30 12:11:13,19,20,15716,24468
2023-03-30 12:11:17,19,20,15776,24528
2023-03-30 12:11:28,18,20,15776,24528
2023-03-30 12:14:59,19,20,15776,24528
2023-03-30 12:15:12,21,22,15774,24530
2023-03-30 12:16:00,20,22,15774,24530
2023-03-30 12:16:12,22,23,15774,24531
2023-03-30 12:16:47,21,23,15774,24531
2023-03-30 12:16:47,22,23,15774,24531
2023-03-30 12:17:05,21,23,15774,24531
2023-03-30 12:17:05,22,23,15774,24531
2023-03-30 12:17:50,21,23,15774,24531
2023-03-30 12:18:07,22,23,15774,24531
2023-03-30 12:19:02,23,24,15774,24532
2023-03-30 12:19:11,24,25,15773,24533
2023-03-30 12:19:47,24,25,15773,24569
2023-03-30 12:19:53,24,25,15773,24635
2023-03-30 12:19:53,24,25,15773,24838
2023-03-30 12:19:53,22,25,15773,24838
2023-03-30 12:19:53,23,25,15773,24838
2023-03-30 12:19:55,23,24,15773,24838
2023-03-30 12:20:39,23,24,15773,24969
2023-03-30 12:20:44,24,25,15822,25018
2023-03-30 12:20:50,23,25,15822,25018
2023-03-30 12:21:11,24,25,15822,25018
2023-03-30 12:21:25,25,28,15821,25019
2023-03-30 12:21:40,26,28,15821,25019
2023-03-30 12:21:40,26,27,15821,25019
2023-03-30 12:23:19,24,26,15822,25020
2023-03-30 12:23:20,24,27,15822,25020
2023-03-30 12:23:29,24,26,15822,25020
2023-03-30 12:23:44,24,25,15822,25020
2023-03-30 12:24:58,24,26,15822,25020
2023-03-30 12:25:39,24,25,15822,25020
2023-03-30 12:25:42,23,24,15823,25021
2023-03-30 12:26:02,22,23,15695,25150
2023-03-30 12:26:03,21,23,15695,25150
2023-03-30 12:26:07,21,24,15695,25150
2023-03-30 12:26:10,21,23,15695,25150
2023-03-30 12:26:37,21,24,15695,25150
2023-03-30 12:26:51,21,23,15695,25150
2023-03-30 12:26:54,21,24,15695,25150
2023-03-30 12:27:15,22,24,15695,25150
2023-03-30 12:29:01,22,23,15695,25150
2023-03-30 12:29:26,22,24,15695,25150
2023-03-30 12:29:54,24,25,15696,25153
2023-03-30 12:30:08,24,26,15696,25153
2023-03-30 12:30:08,24,25,15696,25153
2023-03-30 12:30:09,22,25,15696,25153
2023-03-30 12:30:24,23,25,15696,25153
2023-03-30 12:31:02,23,26,15696,25153
2023-03-30 12:31:03,23,25,15696,25153
2023-03-30 12:31:04,24,25,15696,25153
2023-03-30 12:31:06,24,26,15696,25153
2023-03-30 12:31:07,24,26,15696,25153
2023-03-30 12:32:09,24,25,15696,25153
2023-03-30 12:32:40,24,26,15696,25153
2023-03-30 12:35:30,25,26,15696,25153
2023-03-30 12:35:51,26,27,15692,25157
2023-03-30 12:36:16,27,28,15591,25258
2023-03-30 12:37:02,29,30,15591,25259
2023-03-30 12:37:43,28,30,15591,25259
2023-03-30 12:37:43,30,31,15591,25260
2023-03-30 12:38:28,29,31,15591,25260
2023-03-30 12:38:45,28,31,15591,25261
2023-03-30 12:38:45,28,30,15591,25261
2023-03-30 12:38:55,27,30,15591,25321
2023-03-30 12:39:02,27,29,15591,25321
2023-03-30 12:39:07,27,30,15591,25321
2023-03-30 12:39:14,27,29,15591,25321
2023-03-30 12:39:14,27,28,15591,25321
2023-03-30 12:39:37,27,29,15591,25321
2023-03-30 12:40:01,28,29,15591,25321
2023-03-30 12:40:47,27,29,15591,25321
2023-03-30 12:41:48,27,28,15591,25321
2023-03-30 12:42:12,26,27,15591,25322
2023-03-30 12:42:35,25,27,15591,25322
2023-03-30 12:42:54,25,26,15591,25322
2023-03-30 12:42:59,24,26,15592,25323
2023-03-30 12:43:38,25,26,15592,25323
2023-03-30 12:43:39,26,27,15591,25324
2023-03-30 12:43:39,26,27,15591,25384
2023-03-30 12:44:00,28,29,15591,25385
2023-03-30 12:44:03,29,30,15591,25386
2023-03-30 12:44:33,28,30,15591,25386
2023-03-30 12:44:33,30,31,15591,25387
2023-03-30 12:45:00,29,31,15591,25387
2023-03-30 12:45:40,30,31,15591,25387
2023-03-30 12:45:56,29,31,15591,25387
2023-03-30 12:46:26,30,31,15591,25387
2023-03-30 12:46:49,31,32,15591,25388
2023-03-30 12:46:51,30,32,15591,25388
2023-03-30 12:46:51,32,33,15591,25517
2023-03-30 12:47:40,31,33,15591,25517
2023-03-30 12:48:16,32,33,15591,25517
2023-03-30 12:48:42,33,34,15590,25536
2023-03-30 12:49:34,32,34,15590,25536
2023-03-30 12:49:34,34,35,15588,25667
2023-03-30 12:49:34,34,36,15588,25667
2023-03-30 12:49:39,32,36,15588,25667
2023-03-30 12:49:41,33,36,15588,25667
2023-03-30 12:49:44,32,36,15588,25667
2023-03-30 12:49:46,33,36,15588,25667
2023-03-30 12:49:52,32,36,15588,25667
2023-03-30 12:49:59,33,36,15588,25667
2023-03-30 12:50:27,33,35,15588,25667
2023-03-30 12:50:32,33,34,15588,25667
2023-03-30 12:50:34,32,33,15587,25668
2023-03-30 12:50:37,31,32,15458,25797
2023-03-30 12:50:44,31,33,15458,25797
2023-03-30 12:50:57,31,32,15458,25797
2023-03-30 12:51:05,29,31,15457,25798
2023-03-30 12:51:11,29,32,15457,25798
2023-03-30 12:51:21,30,32,15457,25798
2023-03-30 12:51:21,30,31,15457,25798
2023-03-30 12:51:29,29,30,15456,25799
2023-03-30 12:51:34,29,31,15456,25799
2023-03-30 12:51:40,29,30,15456,25799
2023-03-30 12:52:07,29,31,15456,25799
2023-03-30 12:53:17,29,30,15456,25799
2023-03-30 12:53:47,28,30,15456,25800
2023-03-30 12:53:50,28,29,15456,25800
2023-03-30 12:53:56,28,30,15456,25800
2023-03-30 12:53:58,28,29,15456,25800
2023-03-30 12:54:54,26,28,15456,25801
2023-03-30 12:55:04,26,27,15456,25801
2023-03-30 12:55:07,26,27,15522,25867
2023-03-30 12:55:31,24,26,15556,25902
2023-03-30 12:55:45,24,25,15556,25902
2023-03-30 12:57:14,25,26,15556,25903
2023-03-30 12:57:17,25,28,15557,25904
2023-03-30 12:59:15,26,28,15557,25904
2023-03-30 12:59:28,27,28,15557,25904
2023-03-30 12:59:33,26,28,15557,25904
2023-03-30 12:59:33,28,30,15557,25905
2023-03-30 13:00:18,29,30,15557,25905
2023-03-30 13:01:22,31,32,15557,26035
2023-03-30 13:01:22,31,32,15557,26070
2023-03-30 13:01:38,32,33,15557,26130
2023-03-30 13:01:38,32,33,15557,26165
2023-03-30 13:01:50,32,33,15557,26183
2023-03-30 13:01:50,32,33,15557,26215
2023-03-30 13:01:52,31,33,15557,26215
2023-03-30 13:01:52,31,32,15557,26215
2023-03-30 13:01:53,31,33,15557,26215
2023-03-30 13:01:53,31,32,15557,26215
2023-03-30 13:01:56,31,32,15357,26415
2023-03-30 13:01:57,29,31,15200,26572
2023-03-30 13:02:04,29,32,15200,26572
2023-03-30 13:02:04,28,32,15200,26572
2023-03-30 13:02:04,28,31,15200,26572
2023-03-30 13:02:16,29,31,15200,26572
2023-03-30 13:02:24,29,30,15200,26572
2023-03-30 13:02:36,29,31,15200,26572
2023-03-30 13:03:01,29,30,15200,26572
2023-03-30 13:03:16,28,29,15200,26573
2023-03-30 13:03:32,28,30,15200,26573
2023-03-30 13:03:50,29,30,15200,26573
2023-03-30 13:04:06,27,29,15200,26574
2023-03-30 13:04:14,28,29,15200,26574
2023-03-30 13:04:38,27,29,15200,26574
2023-03-30 13:05:23,27,28,15200,26574
2023-03-30 13:05:31,27,29,15200,26574
2023-03-30 13:05:57,27,28,15200,26574
2023-03-30 13:06:10,25,27,15200,26575
2023-03-30 13:06:14,25,26,15200,26575
2023-03-30 13:07:35,24,25,15200,26594
2023-03-30 13:07:46,24,26,15200,26594
2023-03-30 13:08:01,25,26,15200,26594
2023-03-30 13:08:02,26,27,15200,26823
2023-03-30 13:08:55,25,26,15201,27052
2023-03-30 13:09:11,24,26,15201,27052
2023-03-30 13:09:31,24,27,15201,27052
2023-03-30 13:10:15,24,26,15201,27052
2023-03-30 13:11:10,24,27,15201,27052
2023-03-30 13:11:11,25,27,15201,27052
2023-03-30 13:11:51,25,26,15201,27052
2023-03-30 13:12:04,25,27,15201,27052
2023-03-30 13:13:00,25,26,15201,27052
2023-03-30 13:13:17,25,26,15237,27692
2023-03-30 13:13:17,25,27,15237,27692
2023-03-30 13:13:18,25,26,15237,27692
2023-03-30 13:13:38,24,26,15237,27692
2023-03-30 13:13:39,23,24,15237,27693
2023-03-30 13:14:40,23,25,15237,27693
2023-03-30 13:14:55,23,24,15237,27693
2023-03-30 13:15:53,23,24,15203,27840
2023-03-30 13:15:57,23,25,15203,27840
2023-03-30 13:16:34,24,25,15203,27840
2023-03-30 13:18:20,25,26,15202,27841
2023-03-30 13:19:04,24,26,15202,27841
2023-03-30 13:19:04,26,27,15201,27842
2023-03-30 13:19:55,26,27,15303,28842
2023-03-30 13:20:10,25,27,15303,28842
2023-03-30 13:20:40,24,27,15304,28843
2023-03-30 13:20:41,24,26,15304,28843
2023-03-30 13:20:46,23,24,15198,28950
2023-03-30 13:20:49,23,25,15198,28950
2023-03-30 13:20:49,23,24,15198,28950
2023-03-30 13:21:31,22,23,15198,28951
2023-03-30 13:21:42,22,24,15198,28951
2023-03-30 13:21:43,23,24,15198,28951
2023-03-30 13:21:45,22,24,15198,28951
2023-03-30 13:22:11,23,24,15198,28951
2023-03-30 13:22:20,22,24,15198,28951
2023-03-30 13:22:23,23,24,15198,28951
2023-03-30 13:22:37,22,24,15198,28951
2023-03-30 13:24:22,22,24,15198,28952
2023-03-30 13:24:22,22,25,15198,28952
2023-03-30 13:24:22,26,27,15869,29624
2023-03-30 13:24:23,22,27,15869,29624
2023-03-30 13:24:23,26,27,15869,29624
2023-03-30 13:24:24,26,27,15972,29727
2023-03-30 13:24:24,26,27,16097,29853
2023-03-30 13:24:25,25,27,16097,29853
2023-03-30 13:24:27,26,27,16097,29853
2023-03-30 13:24:37,25,27,16097,29853
2023-03-30 13:24:48,25,27,16097,30019
2023-03-30 13:24:56,25,27,16097,30162
2023-03-30 13:24:58,26,27,16097,30162
2023-03-30 13:24:58,28,29,15993,30266
2023-03-30 13:25:41,28,30,15893,30368
2023-03-30 13:25:43,27,30,16265,31368
2023-03-30 13:25:52,28,30,16265,31368
2023-03-30 13:26:11,28,29,16265,31368
2023-03-30 13:26:27,28,30,16265,31368
2023-03-30 13:26:56,28,29,16265,31368
2023-03-30 13:27:01,28,30,16265,31368
2023-03-30 13:27:47,28,29,16265,31368
2023-03-30 13:28:31,28,30,16265,31368
2023-03-30 13:28:31,28,29,16265,31368
2023-03-30 13:28:31,28,30,16265,31368
2023-03-30 13:28:31,28,29,16265,31368
2023-03-30 13:28:43,29,30,16265,31418
2023-03-30 13:28:44,28,30,16265,31418
2023-03-30 13:30:21,29,30,16265,31418
2023-03-30 13:30:28,30,31,16267,31420
2023-03-30 13:30:54,30,31,16267,31469
2023-03-30 13:30:56,31,32,16267,31719
2023-03-30 13:30:57,31,32,16268,31720
2023-03-30 13:31:00,30,32,16268,31720
2023-03-30 13:31:24,32,33,16269,31721
2023-03-30 13:31:40,33,34,16270,31722
2023-03-30 13:31:55,34,36,16399,31851
2023-03-30 13:31:55,34,35,16399,31851
2023-03-30 13:31:55,34,36,16399,31851
2023-03-30 13:31:55,34,35,16399,31851
2023-03-30 13:31:56,34,36,16399,31851
2023-03-30 13:32:17,34,35,16424,31876
2023-03-30 13:32:39,36,37,16973,32451
2023-03-30 13:32:39,36,37,17023,32501
2023-03-30 13:32:39,36,37,17073,32551
2023-03-30 13:32:39,36,37,17179,32657
2023-03-30 13:32:55,36,38,17082,32755
2023-03-30 13:33:10,36,38,17034,32803
2023-03-30 13:33:14,36,37,17034,32803
2023-03-30 13:33:27,36,37,16888,32949
2023-03-30 13:33:50,36,38,16888,32949
2023-03-30 13:34:13,37,38,16888,32949
2023-03-30 13:34:21,36,37,16811,33094
2023-03-30 13:34:27,35,38,16810,33527
2023-03-30 13:34:29,36,38,16810,33527
2023-03-30 13:34:35,35,38,16810,33672
2023-03-30 13:34:46,35,37,16810,33672
2023-03-30 13:36:17,36,37,16810,33672
2023-03-30 13:36:18,36,37,16628,33855
2023-03-30 13:36:20,36,38,16628,33855
2023-03-30 13:36:20,36,37,16628,33855
2023-03-30 13:36:20,36,38,16628,33855
2023-03-30 13:36:51,37,38,16628,33855
2023-03-30 13:37:23,36,38,16628,33855
2023-03-30 13:37:23,37,38,16628,33855
2023-03-30 13:37:33,38,39,16626,33858
2023-03-30 13:37:35,41,42,16626,34098
2023-03-30 13:37:35,41,42,16651,34123
2023-03-30 13:37:37,41,42,16718,34190
2023-03-30 13:37:37,37,41,16757,34229
2023-03-30 13:37:37,37,40,16757,34229
2023-03-30 13:37:41,37,41,16757,34229
2023-03-30 13:37:43,38,41,16757,34229
2023-03-30 13:37:52,39,41,16757,34229
2023-03-30 13:38:03,40,41,16757,34229
2023-03-30 13:38:11,39,41,16757,34229
2023-03-30 13:38:15,39,41,16757,34957
2023-03-30 13:38:22,39,40,16757,34957
2023-03-30 13:38:40,38,40,16757,34957
2023-03-30 13:38:56,37,40,16757,34957
2023-03-30 13:39:11,38,40,16757,34957
2023-03-30 13:39:25,38,41,16757,34958
2023-03-30 13:39:31,39,41,16757,34958
2023-03-30 13:39:50,40,41,16757,34958
2023-03-30 13:39:51,40,43,16757,34963
2023-03-30 13:39:51,40,42,16757,34963
2023-03-30 13:39:53,40,43,16757,34963
2023-03-30 13:40:06,40,45,16843,35817
2023-03-30 13:40:06,41,45,16843,35817
2023-03-30 13:40:06,41,44,16843,35817
2023-03-30 13:40:07,41,45,16843,35817
2023-03-30 13:40:07,41,44,16843,35817
2023-03-30 13:40:28,42,44,16843,35817
2023-03-30 13:40:29,42,43,16843,35817
2023-03-30 13:40:49,41,43,16843,35817
2023-03-30 13:40:55,42,43,16843,35817
2023-03-30 13:41:25,43,44,16844,35818
2023-03-30 13:42:17,43,46,16845,35819
2023-03-30 13:42:22,44,46,16845,35819
2023-03-30 13:42:31,45,46,16845,35819
2023-03-30 13:42:58,44,46,16845,35819
2023-03-30 13:43:17,43,46,16845,36008
2023-03-30 13:43:34,43,45,16845,36008
2023-03-30 13:43:51,43,44,16845,36008
2023-03-30 13:44:35,42,43,16844,36009
2023-03-30 13:44:42,42,44,16844,36009
2023-03-30 13:44:55,42,43,16844,36009
2023-03-30 13:44:56,42,44,16844,36009
2023-03-30 13:44:58,42,43,16844,36009
2023-03-30 13:45:01,42,44,16844,36009
2023-03-30 13:45:05,42,43,16844,36009
2023-03-30 13:45:32,42,44,16844,36010
2023-03-30 13:45:56,43,44,16844,36010
2023-03-30 13:46:05,43,45,16844,36011
2023-03-30 13:46:05,45,46,16845,36012
2023-03-30 13:46:55,43,45,16717,36140
2023-03-30 13:47:01,43,46,16717,36140
2023-03-30 13:47:04,43,46,16716,36169
2023-03-30 13:47:21,43,45,16716,36169
2023-03-30 13:47:28,44,45,16716,36169
2023-03-30 13:47:44,42,44,16715,36170
2023-03-30 13:47:49,42,44,16715,36195
2023-03-30 13:47:51,43,44,16715,36195
2023-03-30 13:47:53,42,43,16714,36196
2023-03-30 13:47:58,41,44,16714,36196
2023-03-30 13:48:11,42,44,16714,36196
2023-03-30 13:48:30,42,43,16714,36196
2023-03-30 13:49:00,43,44,16715,36199
2023-03-30 13:50:02,42,44,16715,36199
2023-03-30 13:50:17,42,43,16715,36199
2023-03-30 13:50:24,42,44,16715,36199
2023-03-30 13:51:00,42,43,16715,36199
2023-03-30 13:51:01,42,44,16715,36199
2023-03-30 13:51:06,42,43,16715,36199
2023-03-30 13:52:01,42,44,16714,36200
2023-03-30 13:52:55,42,43,16714,36200
2023-03-30 13:52:59,40,42,16713,36201
2023-03-30 13:53:07,40,43,16713,36201
2023-03-30 13:54:21,40,42,16713,36201
2023-03-30 13:54:22,40,43,16713,36201
2023-03-30 13:54:24,40,42,16713,36201
2023-03-30 13:54:31,39,42,16711,36867
2023-03-30 13:54:42,39,41,16711,36867
2023-03-30 13:54:44,39,42,16711,36867
2023-03-30 13:54:51,39,41,16711,36867
2023-03-30 13:55:14,38,41,16711,36867
2023-03-30 13:55:24,39,41,16711,36867
2023-03-30 13:55:28,40,41,16711,36867
2023-03-30 13:55:44,39,41,16711,36867
2023-03-30 13:56:08,39,40,16711,36867
2023-03-30 13:56:10,38,39,16649,37032
2023-03-30 13:58:02,38,41,16649,37033
2023-03-30 13:58:08,40,41,16649,37033
2023-03-30 13:58:14,38,41,16649,37033
2023-03-30 13:58:22,38,40,16649,37033
2023-03-30 13:58:23,37,38,16521,37423
2023-03-30 13:58:27,37,38,16520,37424
2023-03-30 14:00:06,37,39,16520,37424
2023-03-30 14:01:12,37,38,16520,37424
2023-03-30 14:01:33,37,40,16523,38655
2023-03-30 14:01:34,37,39,16523,38655
2023-03-30 14:01:52,38,39,16523,38655
2023-03-30 14:01:52,37,38,16522,38656
2023-03-30 14:02:05,37,39,16522,38656
2023-03-30 14:02:05,37,38,16522,38656
2023-03-30 14:02:11,37,38,16520,38658
2023-03-30 14:02:12,36,37,16519,38659
2023-03-30 14:02:17,35,36,16390,38788
2023-03-30 14:02:18,35,36,16507,38906
2023-03-30 14:02:21,35,36,16507,38924
2023-03-30 14:02:25,35,37,16507,38974
2023-03-30 14:02:36,35,37,16507,39013
2023-03-30 14:03:23,35,36,16507,39013
2023-03-30 14:04:26,34,35,16486,39034
2023-03-30 14:04:32,34,36,16486,39034
2023-03-30 14:04:35,33,34,16358,39162
2023-03-30 14:04:43,33,35,16358,39162
2023-03-30 14:04:44,32,35,16358,39163
2023-03-30 14:05:05,32,35,16358,39164
2023-03-30 14:05:12,32,34,16358,39164
2023-03-30 14:05:13,32,34,16446,39252
2023-03-30 14:05:29,32,33,16446,39252
2023-03-30 14:05:31,31,33,16446,39380
2023-03-30 14:05:31,31,32,16446,39380
2023-03-30 14:05:44,31,32,16446,39381
2023-03-30 14:08:36,31,34,16625,39560
2023-03-30 14:08:37,32,34,16625,39560
2023-03-30 14:08:52,31,34,16625,39560
2023-03-30 14:09:23,32,34,16625,39560
2023-03-30 14:09:30,31,32,16698,39633
2023-03-30 14:09:31,31,34,16698,39633
2023-03-30 14:09:40,31,34,16734,39670
2023-03-30 14:10:10,32,34,16734,39670
2023-03-30 14:10:23,32,36,16736,39892
2023-03-30 14:10:23,32,34,16736,39892
2023-03-30 14:10:24,32,36,16736,39892
2023-03-30 14:10:33,33,36,16736,39892
2023-03-30 14:10:40,34,36,16736,39892
2023-03-30 14:10:43,35,36,16736,39892
2023-03-30 14:10:44,34,36,16736,39892
2023-03-30 14:10:54,35,36,16736,39892
2023-03-30 14:10:55,36,37,16738,39894
2023-03-30 14:11:07,34,37,16881,40037
2023-03-30 14:11:12,35,37,16881,40037
2023-03-30 14:11:19,35,37,16987,40143
2023-03-30 14:11:25,34,35,17062,40219
2023-03-30 14:11:26,34,37,17062,40219
2023-03-30 14:12:03,35,37,17062,40219
2023-03-30 14:12:22,34,35,17061,40220
2023-03-30 14:12:52,31,34,17060,40221
2023-03-30 14:13:01,31,35,17060,40221
2023-03-30 14:13:03,32,35,17060,40221
2023-03-30 14:13:03,32,34,17060,40221
2023-03-30 14:13:19,32,35,17060,40221
2023-03-30 14:13:26,33,35,17060,40221
2023-03-30 14:14:20,33,34,17060,40221
2023-03-30 14:14:36,33,35,17060,40221
2023-03-30 14:14:52,32,33,17059,40222
2023-03-30 14:14:58,31,35,17059,40222
2023-03-30 14:15:04,31,34,17059,40222
2023-03-30 14:15:25,32,34,17059,40222
2023-03-30 14:15:33,32,35,17059,40223
2023-03-30 14:15:36,33,35,17059,40223
2023-03-30 14:16:26,32,33,17057,40225
2023-03-30 14:16:32,32,35,17057,40225
2023-03-30 14:16:40,31,35,17057,40225
2023-03-30 14:16:40,31,34,17057,40225
2023-03-30 14:16:41,32,34,17057,40225
2023-03-30 14:16:55,32,35,17057,40225
2023-03-30 14:16:55,32,34,17057,40225
2023-03-30 14:17:04,30,34,17057,40225
2023-03-30 14:17:04,29,34,17057,40225
2023-03-30 14:17:15,30,34,17057,40225
2023-03-30 14:17:21,29,34,17057,40225
2023-03-30 14:17:21,29,33,17057,40225
2023-03-30 14:17:22,29,34,17057,40225
2023-03-30 14:17:25,30,34,17057,40225
2023-03-30 14:17:42,29,34,17057,40225
2023-03-30 14:17:42,30,34,17057,40225
2023-03-30 14:17:58,29,34,17057,40225
2023-03-30 14:17:58,30,34,17057,40225
2023-03-30 14:18:04,30,33,17057,40225
2023-03-30 14:18:11,30,32,17057,40225
2023-03-30 14:18:18,30,31,17057,40225
2023-03-30 14:18:20,29,30,17057,40327
2023-03-30 14:18:28,29,31,17057,40327
2023-03-30 14:18:28,29,30,17057,40327
2023-03-30 14:18:44,29,31,17057,40327
2023-03-30 14:18:44,29,30,17057,40327
2023-03-30 14:19:15,29,31,17057,40327
2023-03-30 14:19:15,29,30,17057,40327
2023-03-30 14:19:30,29,31,17057,40327
2023-03-30 14:19:46,29,30,17057,40327
2023-03-30 14:20:36,29,31,17057,40327
2023-03-30 14:20:44,28,29,17057,40328
2023-03-30 14:20:48,26,28,17055,40330
2023-03-30 14:20:59,27,29,17055,40330
2023-03-30 14:21:10,25,27,17054,40331
2023-03-30 14:21:19,25,29,17054,40331
2023-03-30 14:21:23,26,29,17054,40331
2023-03-30 14:21:32,26,28,17054,40331
2023-03-30 14:21:48,26,27,17054,40331
2023-03-30 14:22:08,25,26,17054,40333
2023-03-30 14:22:22,23,25,17054,40334
2023-03-30 14:22:31,23,26,17054,40334
2023-03-30 14:22:52,23,25,17054,40334
2023-03-30 14:22:53,23,24,17054,40334
2023-03-30 14:23:56,23,25,17054,40334
2023-03-30 14:24:58,23,24,17054,40334
2023-03-30 14:25:03,22,23,17055,40335
2023-03-30 14:25:28,21,22,17055,40336
2023-03-30 14:25:46,20,21,17055,40337
2023-03-30 14:26:53,18,19,17056,40338
2023-03-30 14:27:02,15,19,17053,40593
2023-03-30 14:27:06,16,19,17053,40593
2023-03-30 14:27:12,16,19,17053,40738
2023-03-30 14:27:19,16,18,17053,40738
2023-03-30 14:27:22,15,18,17053,40738
2023-03-30 14:27:22,16,18,17053,40738
2023-03-30 14:27:39,15,18,17053,40738
2023-03-30 14:27:39,15,17,17053,40738
2023-03-30 14:30:23,15,16,17053,40738
2023-03-30 14:30:41,14,15,17054,40739
2023-03-30 14:31:08,14,16,17054,40739
2023-03-30 14:31:08,13,14,17056,40741
2023-03-30 14:31:13,13,14,17056,40793
2023-03-30 14:31:26,12,14,17056,40994
2023-03-30 14:31:42,12,14,17056,41054
2023-03-30 14:31:43,12,15,17056,41054
2023-03-30 14:31:57,13,15,17056,41054
2023-03-30 14:32:23,13,14,17056,41054
2023-03-30 14:32:28,12,13,17057,41055
2023-03-30 14:32:33,10,12,17258,41256
2023-03-30 14:32:47,9,12,17258,41256
2023-03-30 14:33:00,9,11,17258,41256
2023-03-30 14:33:29,9,11,17258,41419
2023-03-30 14:33:30,9,12,17258,41419
2023-03-30 14:33:40,9,11,17258,41419
2023-03-30 14:33:41,11,12,17275,41436
2023-03-30 14:33:41,11,12,17292,41453
2023-03-30 14:33:46,10,12,17292,41453
2023-03-30 14:34:34,9,10,17293,41454
2023-03-30 14:34:35,9,10,17369,41535
2023-03-30 14:34:35,9,10,17569,41735
2023-03-30 14:34:37,9,10,17769,41935
2023-03-30 14:34:39,10,12,17787,41953
2023-03-30 14:34:48,9,12,17787,41953
2023-03-30 14:35:03,9,11,17787,41953
2023-03-30 14:36:51,9,10,17787,41953
2023-03-30 14:36:56,8,9,17788,41954
2023-03-30 14:37:51,8,10,17788,41954
2023-03-30 14:38:46,8,11,17788,41956
2023-03-30 14:38:49,10,11,17788,41956
2023-03-30 14:38:49,12,13,17106,42688
2023-03-30 14:38:50,12,13,17142,42724
2023-03-30 14:38:54,14,15,17142,42725
2023-03-30 14:38:55,14,15,17191,42774
2023-03-30 14:38:55,14,15,17241,42824
2023-03-30 14:38:55,12,14,17357,42940
2023-03-30 14:39:09,13,14,17357,42940
2023-03-30 14:39:09,14,15,17437,43020
2023-03-30 14:39:09,14,15,17437,43073
2023-03-30 14:39:24,14,15,17643,43314
2023-03-30 14:39:26,14,16,17643,43314
2023-03-30 14:39:30,14,16,17653,43324
2023-03-30 14:39:31,15,16,17653,43324
2023-03-30 14:39:31,15,16,17840,43511
2023-03-30 14:39:32,15,16,17866,43537
2023-03-30 14:39:41,14,15,17866,43805
2023-03-30 14:39:47,15,16,17866,43806
2023-03-30 14:39:53,15,16,17866,43807
2023-03-30 14:40:01,14,15,17866,43938
2023-03-30 14:40:04,13,15,17866,43938
2023-03-30 14:40:05,14,15,17866,43938
2023-03-30 14:40:13,14,16,17866,43938
2023-03-30 14:41:45,15,16,17866,43938
2023-03-30 14:41:46,14,15,17865,43939
2023-03-30 14:41:49,14,16,17865,43939
2023-03-30 14:42:03,13,16,17865,44020
2023-03-30 14:42:07,13,14,17865,44020
2023-03-30 14:42:41,13,14,17890,44045
2023-03-30 14:42:51,13,14,17900,44055
2023-03-30 14:42:52,13,15,17900,44055
2023-03-30 14:43:08,14,15,17900,44055
2023-03-30 14:43:10,14,15,17900,44355
2023-03-30 14:43:13,15,16,17900,44356
2023-03-30 14:43:21,14,16,17900,44356
2023-03-30 14:43:35,14,15,17900,44356
2023-03-30 14:44:23,13,15,17900,44356
2023-03-30 14:45:08,14,15,17900,44356
2023-03-30 14:45:25,15,16,17900,44358
2023-03-30 14:46:01,14,16,17900,44358
2023-03-30 14:46:21,15,16,17900,44358
2023-03-30 14:46:46,16,17,17900,44361
2023-03-30 14:46:58,16,18,17900,44361
2023-03-30 14:47:33,15,18,17900,44361
2023-03-30 14:47:48,16,18,17900,44361
2023-03-30 14:49:15,16,17,17900,44361
2023-03-30 14:49:26,15,16,17902,44363
2023-03-30 14:50:03,15,17,17902,44363
2023-03-30 14:50:03,15,16,17902,44363
2023-03-30 14:50:05,15,17,17902,44363
2023-03-30 14:51:06,15,18,17902,44364
2023-03-30 14:51:06,16,18,17902,44364
2023-03-30 14:51:07,17,18,17902,44364
2023-03-30 14:51:13,17,18,17902,44364
2023-03-30 14:51:36,17,18,17901,44365
2023-03-30 14:52:11,15,17,17901,44366
2023-03-30 14:52:15,15,18,17901,44366
2023-03-30 14:52:23,15,16,17901,44366
2023-03-30 14:52:42,14,16,17901,44367
2023-03-30 14:52:47,14,15,17901,44367
2023-03-30 14:53:13,14,16,17901,44367
2023-03-30 14:53:15,14,15,17901,44367
2023-03-30 14:53:21,14,16,17901,44367
2023-03-30 14:54:17,14,15,17901,44367
2023-03-30 14:55:00,14,16,17901,44367
2023-03-30 14:55:00,14,15,17901,44367
2023-03-30 14:55:00,14,16,17901,44367
2023-03-30 14:55:26,14,15,17901,44367
2023-03-30 14:55:41,14,15,17902,44368
2023-03-30 14:55:52,12,13,17906,44372
2023-03-30 14:55:58,12,15,17906,44372
2023-03-30 14:55:58,11,12,18034,44500
2023-03-30 14:56:18,10,12,18034,44500
2023-03-30 14:56:20,10,14,18034,44500
2023-03-30 14:56:22,11,14,18034,44500
2023-03-30 14:56:24,12,14,18034,44500
2023-03-30 14:56:42,13,14,18034,44500
2023-03-30 14:56:43,12,14,18034,44500
2023-03-30 14:57:48,12,13,18034,44500
2023-03-30 14:59:27,12,14,18034,44500
2023-03-30 14:59:27,12,13,18034,44500
2023-03-30 15:00:28,13,14,18034,44639
2023-03-30 15:00:34,12,14,18034,44639
2023-03-30 15:00:34,13,14,18034,44639
2023-03-30 15:00:43,12,14,18034,44639
2023-03-30 15:01:24,13,14,18034,44639
2023-03-30 15:01:28,12,14,18034,44639
2023-03-30 15:01:31,13,14,18034,44639
2023-03-30 15:01:31,12,14,18034,44639
2023-03-30 15:02:29,12,13,18034,44639
2023-03-30 15:02:32,12,13,18034,44691
2023-03-30 15:02:32,11,12,18081,44738
2023-03-30 15:04:22,9,11,18082,44739
2023-03-30 15:04:30,9,10,18082,44739
2023-03-30 15:05:03,8,10,18212,44869
2023-03-30 15:05:11,8,9,18212,44869
2023-03-30 15:05:51,8,9,18412,45069
2023-03-30 15:05:53,8,11,18412,45069
2023-03-30 15:06:02,8,10,18412,45069
2023-03-30 15:06:54,9,10,18412,45069
2023-03-30 15:06:58,10,11,18412,45070
2023-03-30 15:07:03,9,11,18412,45070
2023-03-30 15:07:19,9,11,18413,45071
2023-03-30 15:07:38,9,10,18413,45071
2023-03-30 15:07:54,8,10,18413,45071
2023-03-30 15:08:18,8,9,18413,45071
2023-03-30 15:08:54,8,10,18413,45071
2023-03-30 15:09:13,8,11,18413,45073
2023-03-30 15:09:13,9,11,18413,45073
2023-03-30 15:09:24,9,12,17867,45972
2023-03-30 15:09:24,11,12,17906,46011
2023-03-30 15:09:25,11,14,17906,46011
2023-03-30 15:09:25,11,13,17906,46011
2023-03-30 15:09:25,13,14,17968,46073
2023-03-30 15:09:25,13,14,18030,46135
2023-03-30 15:09:25,13,14,18057,46162
2023-03-30 15:09:25,13,14,18105,46210
2023-03-30 15:09:31,13,14,18105,46273
2023-03-30 15:09:31,14,15,18105,46552
2023-03-30 15:09:32,13,15,18105,46552
2023-03-30 15:09:32,13,16,18105,46552
2023-03-30 15:09:34,13,16,18105,46552
2023-03-30 15:09:34,13,15,18105,46552
2023-03-30 15:09:35,11,15,18105,46552
2023-03-30 15:09:36,12,15,18105,46552
2023-03-30 15:09:37,12,14,18105,46552
2023-03-30 15:10:36,13,14,18105,46552
2023-03-30 15:10:43,12,14,18105,46552
2023-03-30 15:10:44,13,14,18105,46552
2023-03-30 15:10:53,12,14,18105,46552
2023-03-30 15:11:47,11,14,18105,46553
2023-03-30 15:11:52,11,14,18105,46602
2023-03-30 15:12:04,11,13,18105,46602
2023-03-30 15:12:07,11,12,18105,46602
2023-03-30 15:12:31,11,13,18105,46602
2023-03-30 15:12:41,11,12,18105,46602
2023-03-30 15:12:47,11,13,18105,46602
2023-03-30 15:12:59,12,13,18105,46602
2023-03-30 15:13:15,13,14,18105,46604
2023-03-30 15:13:24,13,14,18105,46663
2023-03-30 15:13:42,13,14,18105,46741
2023-03-30 15:13:50,12,14,18105,46788
2023-03-30 15:13:54,12,13,18105,46788
2023-03-30 15:14:00,11,13,18105,46788
2023-03-30 15:14:02,12,13,18105,46788
2023-03-30 15:14:02,11,12,18105,46789
2023-03-30 15:14:40,11,12,18026,46870
2023-03-30 15:14:43,9,11,17975,46921
2023-03-30 15:14:43,8,11,17975,46921
2023-03-30 15:14:50,8,12,17975,46921
2023-03-30 15:14:50,9,12,17975,46921
2023-03-30 15:15:19,10,12,17975,46921
2023-03-30 15:15:35,11,12,17975,46921
2023-03-30 15:15:54,10,12,17975,46921
2023-03-30 15:16:47,11,12,17975,46921
2023-03-30 15:17:07,10,12,17975,46921
2023-03-30 15:17:08,11,12,17975,46921
2023-03-30 15:17:39,10,12,17975,46921
2023-03-30 15:17:56,10,11,17975,46921
2023-03-30 15:18:11,10,12,17975,46921
2023-03-30 15:19:44,10,11,17975,46921
2023-03-30 15:19:50,10,12,17975,46921
2023-03-30 15:20:00,10,11,17975,46921
2023-03-30 15:20:12,9,11,17975,46922
2023-03-30 15:20:35,9,10,17975,46922
2023-03-30 15:21:37,9,11,17975,46922
2023-03-30 15:21:37,8,9,17975,46923
2023-03-30 15:21:52,7,8,17975,46925
2023-03-30 15:22:38,6,7,17975,47053
2023-03-30 15:22:39,4,7,17975,47053
2023-03-30 15:22:39,4,7,17975,47054
2023-03-30 15:22:50,3,7,17975,47054
2023-03-30 15:23:06,4,7,17975,47054
2023-03-30 15:24:04,4,7,17975,47079
2023-03-30 15:24:14,3,4,17976,47080
2023-03-30 15:24:15,3,7,18036,47140
2023-03-30 15:24:27,3,4,18036,47140
2023-03-30 15:28:53,3,4,18041,47145
2023-03-30 15:29:08,3,4,18041,47146
2023-03-30 15:30:24,3,4,18123,47228
2023-03-30 15:30:56,2,4,18123,47228
2023-03-30 15:33:31,2,3,18123,47228
2023-03-30 15:35:03,2,4,18563,48228
2023-03-30 15:37:54,1,2,18563,48229
2023-03-30 15:38:05,1,4,18563,48229
2023-03-30 15:38:18,1,3,18563,48229
2023-03-30 15:38:19,1,4,18577,48244
2023-03-30 15:39:47,1,3,18577,48244
2023-03-30 15:40:03,1,4,18577,48244
2023-03-30 15:40:04,1,4,18587,48254
2023-03-30 15:40:19,1,3,18587,48254
2023-03-30 15:40:34,1,4,18587,48254
2023-03-30 15:40:49,1,4,18587,48254
2023-03-30 15:40:49,1,3,18587,48254
2023-03-30 15:41:04,1,4,18587,48254
2023-03-30 15:41:10,1,3,18587,48254
2023-03-30 15:41:20,1,4,18587,48254
2023-03-30 15:41:20,1,3,18587,48254
2023-03-30 15:41:42,1,4,18587,48254
2023-03-30 15:41:43,1,2,18587,48254
2023-03-30 15:42:37,1,2,18587,48344
2023-03-30 15:43:42,1,4,19469,49355
2023-03-30 15:43:42,1,3,19469,49355
2023-03-30 15:44:29,1,3,19469,49405
2023-03-30 15:44:29,1,3,19469,49456
2023-03-30 15:44:30,1,3,19469,49483
2023-03-30 15:44:59,2,3,19469,49483
2023-03-30 15:45:09,1,4,19597,49611
2023-03-30 15:45:48,1,3,19597,49611
2023-03-30 15:45:59,1,4,19597,49611
2023-03-30 15:46:48,1,3,19597,49611
2023-03-30 15:47:40,1,2,19597,49611
2023-03-30 15:47:54,1,3,19597,49611
2023-03-30 15:48:47,1,2,19597,49611
2023-03-30 15:48:48,1,2,19597,49662
2023-03-30 15:48:48,1,3,19597,49662
2023-03-30 15:49:13,1,3,19597,49711
2023-03-30 15:49:22,1,3,19596,49712
2023-03-30 15:50:00,1,4,19596,49712
2023-03-30 15:50:00,1,3,19596,49712
2023-03-30 15:51:02,1,2,19596,49712
2023-03-30 15:51:04,1,2,19596,49762
2023-03-30 15:51:05,1,2,19596,49812
2023-03-30 15:51:06,1,2,19596,49840
2023-03-30 15:51:07,1,2,19596,49868
2023-03-30 15:52:13,0,2,19597,49895
2023-03-30 15:52:17,0,1,19597,49895
2023-03-30 15:54:56,1,2,19469,50081
2023-03-30 15:55:28,0,2,19469,50484
2023-03-30 15:55:57,0,1,19469,50484
