datetime,bid,ask,open_interest,volume
2023-05-30 09:31:14,7,8,433,1098
2023-05-30 09:31:15,6,8,433,1098
2023-05-30 09:31:19,7,8,433,1098
2023-05-30 09:31:57,7,9,433,1298
2023-05-30 09:32:02,8,9,433,1298
2023-05-30 09:32:13,9,10,488,1433
2023-05-30 09:32:27,9,10,688,1633
2023-05-30 09:33:07,8,10,688,1638
2023-05-30 09:33:09,8,9,688,1638
2023-05-30 09:33:28,7,9,688,1643
2023-05-30 09:33:29,7,8,688,1643
2023-05-30 09:34:02,6,8,688,1648
2023-05-30 09:34:04,6,7,688,1648
2023-05-30 09:34:39,6,8,693,1853
2023-05-30 09:35:23,7,8,693,1853
2023-05-30 09:35:26,8,9,698,1858
2023-05-30 09:37:38,7,9,698,1863
2023-05-30 09:37:52,7,8,698,1863
2023-05-30 09:38:08,7,8,808,1973
2023-05-30 09:38:10,6,8,993,2163
2023-05-30 09:38:14,6,7,993,2163
2023-05-30 09:40:02,6,7,803,2363
2023-05-30 09:40:30,5,6,753,2508
2023-05-30 09:42:48,6,7,753,2603
2023-05-30 09:43:20,7,8,848,2698
2023-05-30 09:43:20,6,8,848,2698
2023-05-30 09:43:45,7,8,848,2698
2023-05-30 09:46:35,7,9,943,2793
2023-05-30 09:47:25,8,9,943,2793
2023-05-30 09:48:11,7,9,943,2793
2023-05-30 09:48:11,7,8,943,2793
2023-05-30 09:51:36,8,9,948,2798
2023-05-30 09:51:39,9,10,960,2810
2023-05-30 09:51:40,9,11,960,2810
2023-05-30 09:51:46,9,10,960,2810
2023-05-30 09:52:30,10,11,1005,2855
2023-05-30 09:53:03,11,12,1050,2900
2023-05-30 09:53:32,12,13,1095,2945
2023-05-30 09:53:39,13,14,1140,2990
2023-05-30 09:54:04,14,15,1185,3035
2023-05-30 09:54:08,13,15,1185,3035
2023-05-30 09:54:09,14,15,1185,3035
2023-05-30 09:54:50,14,15,1185,3085
2023-05-30 09:55:17,14,16,1730,3630
2023-05-30 09:55:18,14,17,1730,3630
2023-05-30 09:55:18,15,17,1730,3630
2023-05-30 09:55:29,15,17,1830,3730
2023-05-30 09:55:55,15,16,1830,3730
2023-05-30 09:55:59,16,17,1880,3780
2023-05-30 09:56:16,15,16,1875,3785
2023-05-30 09:56:16,15,16,1870,4285
2023-05-30 09:57:02,14,15,1865,4290
2023-05-30 09:57:32,15,16,1870,4295
2023-05-30 10:00:43,16,17,1915,4340
2023-05-30 10:00:59,16,17,1915,4440
2023-05-30 10:01:00,17,18,1960,4485
2023-05-30 10:01:32,18,19,2005,4530
2023-05-30 10:01:38,19,20,2050,4575
2023-05-30 10:01:42,18,20,2050,4575
2023-05-30 10:01:42,19,20,2050,4575
2023-05-30 10:02:28,20,21,2095,4620
2023-05-30 10:02:33,19,21,2095,4620
2023-05-30 10:02:33,20,21,2095,4620
2023-05-30 10:02:50,19,20,2090,4625
2023-05-30 10:03:10,20,21,2095,4630
2023-05-30 10:03:18,19,20,2090,4635
2023-05-30 10:04:30,18,20,2090,4635
2023-05-30 10:04:37,18,19,2090,4635
2023-05-30 10:05:09,17,18,2085,4640
2023-05-30 10:05:19,16,17,2085,4645
2023-05-30 10:05:26,16,17,2285,4845
2023-05-30 10:05:26,16,17,2385,4945
2023-05-30 10:05:28,16,17,2485,5045
2023-05-30 10:05:30,16,17,2585,5145
2023-05-30 10:05:31,16,17,2685,5245
2023-05-30 10:05:32,16,17,2785,5345
2023-05-30 10:05:43,16,17,2885,5445
2023-05-30 10:05:45,16,17,2985,5545
2023-05-30 10:06:23,15,16,2940,5665
2023-05-30 10:06:59,14,15,2855,5750
2023-05-30 10:07:18,14,15,2845,5760
2023-05-30 10:07:19,14,15,2835,5770
2023-05-30 10:07:20,14,15,2825,5780
2023-05-30 10:07:21,14,15,2815,5790
2023-05-30 10:07:22,14,15,2725,5880
2023-05-30 10:07:23,12,14,2670,5935
2023-05-30 10:07:24,12,13,2670,5935
2023-05-30 10:07:33,13,14,2675,6090
2023-05-30 10:08:07,14,15,2680,6095
2023-05-30 10:08:09,13,15,2680,6095
2023-05-30 10:08:10,14,15,2680,6095
2023-05-30 10:09:42,15,16,2685,6100
2023-05-30 10:10:40,14,15,2645,6140
2023-05-30 10:11:43,14,15,2640,6145
2023-05-30 10:11:44,14,15,2635,6150
2023-05-30 10:12:22,15,16,2680,6195
2023-05-30 10:13:34,15,16,2675,6395
2023-05-30 10:13:58,14,15,2783,6580
2023-05-30 10:13:59,14,16,2783,6580
2023-05-30 10:14:56,15,16,2783,6580
2023-05-30 10:15:14,15,16,2870,6780
2023-05-30 10:15:16,15,16,3070,6980
2023-05-30 10:15:19,15,16,3270,7180
2023-05-30 10:15:22,15,16,3870,7780
2023-05-30 10:15:25,15,16,3970,7880
2023-05-30 10:15:59,15,16,4015,7980
2023-05-30 10:17:54,14,15,4010,7985
2023-05-30 10:17:56,14,16,4010,7985
2023-05-30 10:17:59,14,15,4010,7985
2023-05-30 10:18:06,14,15,3860,8135
2023-05-30 10:18:07,13,14,3780,8215
2023-05-30 10:18:21,13,14,3730,8265
2023-05-30 10:20:19,12,13,3730,8405
2023-05-30 10:20:57,12,13,3725,8410
2023-05-30 10:20:58,11,12,3685,8600
2023-05-30 10:20:59,11,13,3685,8600
2023-05-30 10:21:01,11,12,3685,8600
2023-05-30 10:21:09,10,11,3885,8845
2023-05-30 10:22:17,10,11,3885,8895
2023-05-30 10:22:28,10,11,4085,9095
2023-05-30 10:22:31,10,11,4285,9295
2023-05-30 10:22:37,10,11,4485,9495
2023-05-30 10:23:11,10,13,5455,10465
2023-05-30 10:23:11,11,13,5455,10465
2023-05-30 10:23:12,12,13,5455,10465
2023-05-30 10:23:36,13,14,5460,10470
2023-05-30 10:24:38,14,15,5465,10675
2023-05-30 10:25:56,14,15,5460,10875
2023-05-30 10:26:02,13,14,5460,10980
2023-05-30 10:26:02,13,14,5455,10985
2023-05-30 10:26:05,13,15,5455,10985
2023-05-30 10:26:05,13,14,5455,10985
2023-05-30 10:27:34,14,15,5460,10990
2023-05-30 10:27:57,15,16,5465,10995
2023-05-30 10:28:41,15,16,5665,11195
2023-05-30 10:28:44,15,16,5765,11295
2023-05-30 10:28:45,16,17,5810,11340
2023-05-30 10:29:17,16,17,5910,11440
2023-05-30 10:29:21,17,18,5955,11485
2023-05-30 10:31:34,16,17,5940,11575
2023-05-30 10:32:16,16,17,5985,11625
2023-05-30 10:32:27,15,16,5980,11735
2023-05-30 10:32:50,14,15,5975,11740
2023-05-30 10:32:59,14,15,5775,11940
2023-05-30 10:33:48,14,15,5780,12140
2023-05-30 10:33:49,15,16,5780,12320
2023-05-30 10:35:55,14,15,5775,12475
2023-05-30 10:35:55,14,16,5775,12475
2023-05-30 10:35:59,14,15,5775,12475
2023-05-30 10:39:29,13,14,5715,12610
2023-05-30 10:39:30,13,15,5715,12610
2023-05-30 10:40:12,14,15,5715,12610
2023-05-30 10:41:18,15,16,5720,12615
2023-05-30 10:47:30,14,16,5720,12615
2023-05-30 10:47:31,14,15,5720,12615
2023-05-30 10:47:36,14,16,5720,12615
2023-05-30 10:48:00,14,15,5720,12615
2023-05-30 10:49:32,13,14,5715,12620
2023-05-30 10:49:38,12,13,5690,12645
2023-05-30 10:50:58,11,12,5605,12730
2023-05-30 10:52:31,10,11,5520,12815
2023-05-30 10:53:34,9,10,5515,12820
2023-05-30 10:54:37,10,11,5520,12825
2023-05-30 10:56:38,9,10,5515,12830
2023-05-30 10:59:29,10,11,5520,12835
2023-05-30 11:02:30,9,10,5515,12865
2023-05-30 11:02:33,8,9,5510,12870
2023-05-30 11:03:33,8,9,5515,12875
2023-05-30 11:03:34,8,9,5580,12940
2023-05-30 11:04:45,8,9,5610,13015
2023-05-30 11:05:25,8,9,5455,13215
2023-05-30 11:05:28,8,9,5465,13225
2023-05-30 11:05:33,7,8,5465,13260
2023-05-30 11:06:09,7,8,5465,13460
2023-05-30 11:06:12,8,9,5465,13465
2023-05-30 11:06:12,8,9,5486,13486
2023-05-30 11:12:17,8,9,5495,13495
2023-05-30 11:15:50,9,10,5540,13540
2023-05-30 11:15:52,9,11,5540,13540
2023-05-30 11:16:01,10,11,5540,13540
2023-05-30 11:16:04,10,11,5540,13740
2023-05-30 11:16:04,10,11,5640,13840
2023-05-30 11:16:04,11,12,5685,13885
2023-05-30 11:16:04,11,12,5780,13980
2023-05-30 11:18:06,11,12,5825,14025
2023-05-30 11:18:13,10,11,5820,14030
2023-05-30 11:20:07,11,12,5825,14035
2023-05-30 11:20:52,12,13,5870,14080
2023-05-30 11:20:59,12,14,5915,14170
2023-05-30 11:20:59,13,14,5915,14170
2023-05-30 11:22:35,14,15,5960,14215
2023-05-30 11:22:44,15,16,6005,14460
2023-05-30 11:23:34,15,16,6005,14660
2023-05-30 11:23:43,14,16,6005,14660
2023-05-30 11:24:42,15,16,6005,14660
2023-05-30 11:28:07,14,15,6000,14665
2023-05-30 11:28:14,13,14,6270,14940
2023-05-30 11:28:17,13,14,6265,16040
2023-05-30 11:28:17,12,14,6265,16040
2023-05-30 11:28:26,11,12,7765,17545
2023-05-30 11:28:44,11,12,7985,17765
2023-05-30 11:29:46,10,11,7980,17770
2023-05-30 11:30:18,9,10,7945,17805
2023-05-30 11:32:24,9,12,7955,18015
2023-05-30 11:32:32,10,12,7955,18015
2023-05-30 11:32:36,10,11,7955,18015
2023-05-30 11:32:42,9,10,7920,18340
2023-05-30 11:34:12,8,9,7845,18515
2023-05-30 11:35:39,9,10,7850,18520
2023-05-30 11:35:48,9,10,7850,18920
2023-05-30 11:37:06,8,9,7780,19090
2023-05-30 11:38:07,8,9,7681,19490
2023-05-30 11:38:08,7,8,7681,19499
2023-05-30 11:40:01,6,7,7681,19694
2023-05-30 11:40:02,6,8,7681,19694
2023-05-30 11:40:11,6,7,7681,19694
2023-05-30 11:42:52,6,7,7685,19698
2023-05-30 11:43:52,6,7,7689,19702
2023-05-30 11:44:20,6,7,7689,19902
2023-05-30 11:44:55,6,7,7693,19906
2023-05-30 11:51:11,7,8,7698,19978
2023-05-30 11:53:14,6,7,7693,20028
2023-05-30 11:57:08,7,8,6748,21028
2023-05-30 11:57:18,7,8,6448,21328
2023-05-30 11:58:16,7,8,6448,21438
2023-05-30 12:01:56,8,9,6538,21528
2023-05-30 12:02:22,7,8,6758,21893
2023-05-30 12:02:27,8,10,7393,22533
2023-05-30 12:02:40,8,9,7393,22533
2023-05-30 12:03:32,7,8,7393,22553
2023-05-30 12:04:26,8,9,7418,22613
2023-05-30 12:05:40,9,10,7473,22668
2023-05-30 12:06:06,10,11,7493,22688
2023-05-30 12:06:16,11,12,7293,22908
2023-05-30 12:07:04,10,11,7288,22913
2023-05-30 12:08:47,10,11,7088,23113
2023-05-30 12:13:23,11,12,7093,23118
2023-05-30 12:15:33,10,11,7088,23123
2023-05-30 12:17:28,11,12,7093,23128
2023-05-30 12:17:48,12,13,7113,23148
2023-05-30 12:17:55,12,13,7169,23204
2023-05-30 12:17:56,11,13,7169,23204
2023-05-30 12:19:20,11,12,7169,23204
2023-05-30 12:21:47,10,11,7164,23209
2023-05-30 12:25:46,10,11,6964,23409
2023-05-30 12:26:33,10,11,6964,23604
2023-05-30 12:27:17,11,12,6969,23609
2023-05-30 12:27:17,11,12,7014,23654
2023-05-30 12:27:35,12,13,7019,23659
2023-05-30 12:27:35,11,13,7064,23704
2023-05-30 12:27:35,12,13,7064,23704
2023-05-30 12:27:36,11,13,7134,23774
2023-05-30 12:28:17,12,13,7134,23774
2023-05-30 12:28:35,13,14,7154,23794
2023-05-30 12:28:46,14,15,7174,23814
2023-05-30 12:28:47,13,15,7174,23814
2023-05-30 12:28:48,14,15,7174,23814
2023-05-30 12:30:07,14,16,7194,23854
2023-05-30 12:31:40,14,15,7194,23854
2023-05-30 12:32:07,13,14,7189,23879
2023-05-30 12:32:57,12,14,7189,23879
2023-05-30 12:33:00,12,13,7189,23879
2023-05-30 12:37:49,13,14,7194,23884
2023-05-30 12:39:33,14,15,7199,23889
2023-05-30 12:40:11,15,16,7204,23894
2023-05-30 12:40:31,15,16,7304,23994
2023-05-30 12:40:33,15,16,7404,24094
2023-05-30 12:40:35,15,16,7504,24194
2023-05-30 12:40:35,16,17,7674,24364
2023-05-30 12:41:04,16,17,7824,24514
2023-05-30 12:41:05,16,17,7924,24614
2023-05-30 12:41:06,16,17,8024,24714
2023-05-30 12:41:08,16,19,8044,24734
2023-05-30 12:41:10,17,19,8044,24734
2023-05-30 12:41:14,18,19,8044,24734
2023-05-30 12:42:50,18,19,8044,24834
2023-05-30 12:42:51,18,21,8064,24854
2023-05-30 12:42:53,18,20,8064,24854
2023-05-30 12:42:55,18,19,8064,24854
2023-05-30 12:43:04,18,19,8059,25054
2023-05-30 12:43:06,17,19,8059,25054
2023-05-30 12:43:06,17,18,8059,25054
2023-05-30 12:45:49,16,17,8054,25059
2023-05-30 12:46:03,15,16,8049,25064
2023-05-30 12:46:04,15,17,8049,25064
2023-05-30 12:46:05,15,16,8049,25064
2023-05-30 12:48:41,15,16,7849,25264
2023-05-30 12:48:43,13,15,7814,25299
2023-05-30 12:48:43,13,16,7814,25299
2023-05-30 12:48:47,13,15,7814,25299
2023-05-30 12:48:50,13,16,7814,25299
2023-05-30 12:48:58,13,15,7814,25299
2023-05-30 12:49:10,14,15,7814,25299
2023-05-30 12:49:28,14,15,7794,25319
2023-05-30 12:49:57,13,14,7759,25354
2023-05-30 12:49:57,13,15,7759,25354
2023-05-30 12:49:57,13,14,7759,25354
2023-05-30 12:50:13,12,13,7729,25384
2023-05-30 12:50:34,11,12,7659,25454
2023-05-30 12:50:44,11,12,7739,25534
2023-05-30 12:50:51,11,12,7739,25538
2023-05-30 12:51:59,12,13,7739,25543
2023-05-30 12:52:24,11,12,7719,25563
2023-05-30 12:52:24,11,13,7719,25563
2023-05-30 12:52:24,11,12,7719,25563
2023-05-30 12:52:29,11,13,7719,25563
2023-05-30 12:53:39,11,12,7719,25563
2023-05-30 12:54:40,10,11,7688,25594
2023-05-30 12:57:00,10,11,7588,25694
2023-05-30 12:57:02,10,11,7488,25794
2023-05-30 12:57:03,10,11,7388,25894
2023-05-30 12:57:04,10,11,7288,25994
2023-05-30 12:57:06,10,11,7188,26094
2023-05-30 12:57:08,10,11,7088,26194
2023-05-30 12:57:09,10,11,6988,26294
2023-05-30 12:57:19,10,11,6888,26394
2023-05-30 12:57:20,10,11,6788,26494
2023-05-30 12:57:21,10,11,6688,26594
2023-05-30 12:57:23,10,11,6688,26614
2023-05-30 12:57:24,10,11,6488,26814
2023-05-30 12:57:24,10,11,6488,26819
2023-05-30 12:57:25,9,10,6538,26929
2023-05-30 12:57:25,9,11,6538,26929
2023-05-30 12:57:27,9,11,6538,27109
2023-05-30 12:57:50,9,10,6538,27109
2023-05-30 12:58:09,7,10,6758,27399
2023-05-30 12:58:26,7,9,6758,27399
2023-05-30 12:59:26,7,9,6758,27464
2023-05-30 12:59:59,7,9,6758,27604
2023-05-30 13:00:02,7,8,6758,27604
2023-05-30 13:00:03,7,8,6758,27689
2023-05-30 13:00:06,7,8,6758,27889
2023-05-30 13:00:48,8,9,6683,27969
2023-05-30 13:00:49,8,9,6683,27979
2023-05-30 13:00:51,7,9,6703,28014
2023-05-30 13:02:42,7,9,6703,28074
2023-05-30 13:02:42,7,9,6703,28089
2023-05-30 13:03:46,8,9,6703,28089
2023-05-30 13:05:22,9,10,6778,28184
2023-05-30 13:05:23,8,10,6778,28184
2023-05-30 13:06:24,9,10,6778,28184
2023-05-30 13:08:02,9,11,6818,28224
2023-05-30 13:08:07,10,11,6818,28224
2023-05-30 13:08:16,11,12,6838,28244
2023-05-30 13:11:23,10,11,6833,28249
2023-05-30 13:11:27,9,11,6833,28249
2023-05-30 13:13:17,8,9,6853,28399
2023-05-30 13:13:17,8,11,6853,28399
2023-05-30 13:13:20,9,11,6853,28399
2023-05-30 13:13:30,10,11,6853,28399
2023-05-30 13:14:19,10,12,6853,28404
2023-05-30 13:14:45,12,13,6838,28444
2023-05-30 13:14:45,10,13,6838,28444
2023-05-30 13:15:43,11,13,6838,28444
2023-05-30 13:18:46,11,12,6838,28444
2023-05-30 13:19:03,11,13,6838,28444
2023-05-30 13:19:03,10,13,6838,28444
2023-05-30 13:19:04,10,12,6838,28444
2023-05-30 13:20:14,9,10,6858,28489
2023-05-30 13:20:16,9,12,7058,28689
2023-05-30 13:20:28,9,12,7173,28804
2023-05-30 13:20:29,10,12,7173,28804
2023-05-30 13:21:10,10,11,7173,28804
2023-05-30 13:21:12,10,12,7173,28804
2023-05-30 13:22:02,11,12,7173,28804
2023-05-30 13:22:19,11,13,7193,28844
2023-05-30 13:23:50,12,13,7193,28844
2023-05-30 13:23:51,11,13,7193,28844
2023-05-30 13:23:55,12,13,7193,28844
2023-05-30 13:23:56,11,13,7193,28844
2023-05-30 13:24:03,11,14,7233,28884
2023-05-30 13:24:17,11,13,7233,28884
2023-05-30 13:24:26,11,14,7233,28884
2023-05-30 13:24:32,11,13,7233,28884
2023-05-30 13:25:47,12,13,7233,28884
2023-05-30 13:25:59,11,13,7233,28884
2023-05-30 13:25:59,12,13,7233,28884
2023-05-30 13:26:01,12,14,7238,28889
2023-05-30 13:26:10,13,14,7238,28889
2023-05-30 13:26:12,13,15,7258,28909
2023-05-30 13:26:16,13,16,7258,28909
2023-05-30 13:26:17,14,16,7258,28909
2023-05-30 13:26:18,14,15,7258,28909
2023-05-30 13:26:19,15,16,7258,28929
2023-05-30 13:26:19,14,16,7258,28929
2023-05-30 13:26:29,15,16,7258,28929
2023-05-30 13:26:40,15,16,7268,28939
2023-05-30 13:27:12,15,16,7368,29039
2023-05-30 13:27:12,16,17,7368,29049
2023-05-30 13:27:12,15,17,7368,29049
2023-05-30 13:27:18,15,18,7368,29049
2023-05-30 13:27:18,15,17,7368,29049
2023-05-30 13:27:19,17,18,7388,29069
2023-05-30 13:27:21,17,18,7408,29089
2023-05-30 13:27:55,17,18,7408,29111
2023-05-30 13:28:28,17,19,7428,29131
2023-05-30 13:28:34,18,19,7428,29131
2023-05-30 13:28:35,19,21,7448,29151
2023-05-30 13:28:51,19,20,7448,29151
2023-05-30 13:28:51,20,21,7458,29161
2023-05-30 13:28:51,19,21,7458,29161
2023-05-30 13:28:51,20,21,7458,29161
2023-05-30 13:28:53,20,22,7478,29181
2023-05-30 13:28:59,20,22,7488,29191
2023-05-30 13:29:02,20,21,7488,29191
2023-05-30 13:29:04,20,22,7488,29211
2023-05-30 13:29:13,20,21,7488,29211
2023-05-30 13:29:45,19,21,7488,29211
2023-05-30 13:30:13,20,21,7488,29211
2023-05-30 13:30:15,20,22,7493,29216
2023-05-30 13:30:17,21,22,7493,29216
2023-05-30 13:30:22,21,23,7513,29236
2023-05-30 13:30:49,22,23,7513,29236
2023-05-30 13:30:52,22,24,7553,29276
2023-05-30 13:30:54,23,24,7553,29276
2023-05-30 13:30:54,23,25,7553,29276
2023-05-30 13:31:01,24,25,7553,29276
2023-05-30 13:31:05,24,26,7573,29296
2023-05-30 13:31:08,25,26,7573,29296
2023-05-30 13:31:12,24,26,7573,29296
2023-05-30 13:31:30,24,25,7573,29296
2023-05-30 13:31:48,23,25,7573,29296
2023-05-30 13:31:51,23,24,7573,29296
2023-05-30 13:32:00,23,25,7573,29296
2023-05-30 13:32:01,23,24,7573,29296
2023-05-30 13:32:28,22,24,7573,29296
2023-05-30 13:32:37,22,23,7573,29296
2023-05-30 13:32:44,21,22,7568,29301
2023-05-30 13:33:06,21,23,7573,29306
2023-05-30 13:33:16,22,23,7573,29306
2023-05-30 13:33:32,22,23,7613,29346
2023-05-30 13:33:33,22,23,7813,29546
2023-05-30 13:33:33,20,21,7783,29736
2023-05-30 13:33:33,19,21,7758,29936
2023-05-30 13:33:33,18,21,7758,29936
2023-05-30 13:33:34,18,20,7758,29936
2023-05-30 13:33:34,18,21,7758,29936
2023-05-30 13:33:35,19,21,7758,29936
2023-05-30 13:33:35,19,20,7758,29936
2023-05-30 13:33:39,19,21,7758,29936
2023-05-30 13:33:40,19,20,7758,29936
2023-05-30 13:33:44,19,20,7758,29956
2023-05-30 13:34:45,20,21,7758,29961
2023-05-30 13:35:47,21,22,7758,29966
2023-05-30 13:36:31,20,21,7733,29991
2023-05-30 13:38:46,21,22,7733,29996
2023-05-30 13:39:20,21,22,7728,30021
2023-05-30 13:39:23,21,23,7728,30021
2023-05-30 13:39:24,22,23,7728,30021
2023-05-30 13:40:12,21,23,7728,30021
2023-05-30 13:40:30,22,23,7728,30021
2023-05-30 13:40:31,23,24,7748,30041
2023-05-30 13:40:59,22,24,7748,30041
2023-05-30 13:41:34,22,25,7768,30061
2023-05-30 13:41:50,22,25,7773,30450
2023-05-30 13:41:50,22,25,7773,30529
2023-05-30 13:42:05,22,24,7773,30529
2023-05-30 13:42:40,22,23,7773,30529
2023-05-30 13:42:47,22,24,7773,30529
2023-05-30 13:43:27,23,24,7773,30529
2023-05-30 13:43:29,23,25,7778,30534
2023-05-30 13:43:36,24,25,7778,30534
2023-05-30 13:43:39,24,26,7783,30539
2023-05-30 13:44:05,24,25,7783,30539
2023-05-30 13:44:07,24,26,7783,30539
2023-05-30 13:44:17,24,27,7803,30659
2023-05-30 13:44:28,24,26,7803,30659
2023-05-30 13:45:54,24,25,7803,30659
2023-05-30 13:46:01,23,24,7803,30664
2023-05-30 13:46:02,23,25,7803,30664
2023-05-30 13:46:02,23,24,7803,30664
2023-05-30 13:46:02,23,25,7803,30664
2023-05-30 13:46:02,23,24,7803,30664
2023-05-30 13:46:04,22,24,7803,30664
2023-05-30 13:46:05,22,25,7803,30664
2023-05-30 13:46:05,22,24,7803,30664
2023-05-30 13:46:30,22,25,7813,30864
2023-05-30 13:47:08,23,25,7813,30864
2023-05-30 13:47:11,24,25,7813,30864
2023-05-30 13:47:36,24,26,7818,30869
2023-05-30 13:47:42,25,26,7818,30869
2023-05-30 13:47:44,25,27,7823,30874
2023-05-30 13:47:47,26,27,7823,30874
2023-05-30 13:48:10,25,27,7823,30874
2023-05-30 13:48:49,25,26,7823,30874
2023-05-30 13:48:50,24,25,7823,30879
2023-05-30 13:48:50,24,26,7823,30879
2023-05-30 13:48:51,24,25,7823,30879
2023-05-30 13:48:54,22,25,7823,30879
2023-05-30 13:49:26,22,24,7823,30879
2023-05-30 13:49:30,22,25,7848,31104
2023-05-30 13:49:38,23,25,7848,31104
2023-05-30 13:49:53,23,25,7877,31329
2023-05-30 13:50:07,22,23,7877,31374
2023-05-30 13:50:07,22,25,7877,31374
2023-05-30 13:50:14,23,25,7877,31374
2023-05-30 13:50:23,23,26,7882,32079
2023-05-30 13:50:23,22,26,7882,32079
2023-05-30 13:50:24,22,25,7882,32079
2023-05-30 13:50:24,22,24,7882,32079
2023-05-30 13:50:33,22,23,7882,32079
2023-05-30 13:50:33,21,22,7882,32104
2023-05-30 13:50:33,21,23,7882,32104
2023-05-30 13:50:37,21,22,7882,32104
2023-05-30 13:50:41,19,21,7882,32164
2023-05-30 13:50:41,19,22,7882,32164
2023-05-30 13:51:14,20,22,7882,32164
2023-05-30 13:51:31,20,23,7912,32590
2023-05-30 13:51:31,21,23,7912,32590
2023-05-30 13:52:02,22,23,7912,32590
2023-05-30 13:52:03,21,22,7912,32610
2023-05-30 13:52:03,21,23,7912,32610
2023-05-30 13:52:15,22,23,7912,32610
2023-05-30 13:52:32,23,24,7928,32630
2023-05-30 13:53:08,24,26,7948,32650
2023-05-30 13:53:08,23,26,8128,32830
2023-05-30 13:53:08,23,25,8128,32830
2023-05-30 13:53:08,24,25,8128,32830
2023-05-30 13:53:08,23,25,8148,32850
2023-05-30 13:53:09,23,26,8148,32850
2023-05-30 13:53:09,24,26,8148,32850
2023-05-30 13:53:19,25,26,8148,32850
2023-05-30 13:53:31,26,28,8168,32870
2023-05-30 13:53:31,27,28,8168,32870
2023-05-30 13:53:31,26,28,8188,32890
2023-05-30 13:53:31,26,29,8188,32890
2023-05-30 13:53:32,26,28,8188,32890
2023-05-30 13:53:32,26,29,8188,32890
2023-05-30 13:53:39,27,29,8188,32890
2023-05-30 13:53:40,28,29,8188,32890
2023-05-30 13:53:46,29,31,8208,32910
2023-05-30 13:53:46,29,30,8208,32910
2023-05-30 13:53:48,30,31,8228,32930
2023-05-30 13:54:18,30,31,8028,33130
2023-05-30 13:54:23,30,31,8028,33330
2023-05-30 13:54:23,30,31,8028,33381
2023-05-30 13:54:24,30,31,8028,33481
2023-05-30 13:54:27,30,31,8028,33581
2023-05-30 13:54:28,31,34,8028,34280
2023-05-30 13:54:28,33,34,8028,34280
2023-05-30 13:54:28,33,34,8053,34305
2023-05-30 13:54:29,33,34,8053,34505
2023-05-30 13:54:34,33,34,7853,34705
2023-05-30 13:54:35,33,34,7853,34745
2023-05-30 13:54:35,33,34,7853,34796
2023-05-30 13:54:38,31,34,7853,34796
2023-05-30 13:54:38,33,34,7853,34796
2023-05-30 13:54:40,31,33,7848,34801
2023-05-30 13:55:04,32,33,7848,34801
2023-05-30 13:55:21,33,34,7813,34856
2023-05-30 13:55:21,33,34,7813,34961
2023-05-30 13:55:30,33,34,7813,35161
2023-05-30 13:55:39,34,35,7833,35181
2023-05-30 13:55:39,34,35,7853,35201
2023-05-30 13:56:03,35,37,7873,35221
2023-05-30 13:56:04,34,37,7873,35221
2023-05-30 13:56:05,35,37,7873,35221
2023-05-30 13:56:09,34,37,7873,35226
2023-05-30 13:56:09,34,36,7873,35226
2023-05-30 13:56:09,34,36,7888,35241
2023-05-30 13:56:10,34,37,7888,35241
2023-05-30 13:56:10,35,37,7888,35241
2023-05-30 13:56:10,34,37,7908,35261
2023-05-30 13:56:11,34,36,7908,35261
2023-05-30 13:56:14,35,36,7908,35261
2023-05-30 13:56:14,34,36,8068,35421
2023-05-30 13:56:14,35,36,8068,35421
2023-05-30 13:56:14,34,36,8088,35441
2023-05-30 13:56:15,37,38,7948,35621
2023-05-30 13:56:15,37,38,7948,35651
2023-05-30 13:56:16,37,38,7948,35681
2023-05-30 13:56:24,36,38,7968,35756
2023-05-30 13:56:24,36,37,7968,35756
2023-05-30 13:57:21,35,36,7963,35761
2023-05-30 13:57:32,34,35,7958,35766
2023-05-30 13:58:01,35,36,7963,35771
2023-05-30 13:58:06,34,36,7963,35771
2023-05-30 13:58:21,34,35,7963,35771
2023-05-30 13:59:09,34,36,7968,35776
2023-05-30 13:59:09,35,36,7968,35776
2023-05-30 13:59:15,35,37,7973,35781
2023-05-30 13:59:32,36,37,7973,35781
2023-05-30 13:59:35,35,37,7973,35781
2023-05-30 13:59:39,35,36,7973,35781
2023-05-30 13:59:46,35,37,7973,35781
2023-05-30 13:59:59,35,36,7973,35781
2023-05-30 14:00:04,35,37,7973,35781
2023-05-30 14:00:05,35,36,7973,35781
2023-05-30 14:00:14,34,35,7968,35786
2023-05-30 14:00:16,34,36,7968,35786
2023-05-30 14:00:16,34,35,7968,35786
2023-05-30 14:00:16,33,35,7963,35791
2023-05-30 14:00:22,33,34,7963,35791
2023-05-30 14:00:30,33,35,7963,35791
2023-05-30 14:00:39,34,35,7963,35791
2023-05-30 14:00:41,34,36,7965,35793
2023-05-30 14:00:42,35,36,7965,35793
2023-05-30 14:00:55,36,37,7965,35795
2023-05-30 14:00:55,35,37,7965,35795
2023-05-30 14:00:55,36,37,7965,35795
2023-05-30 14:01:20,36,40,8042,35872
2023-05-30 14:01:27,37,40,8042,35872
2023-05-30 14:01:29,38,40,8042,35872
2023-05-30 14:01:32,39,40,8042,35872
2023-05-30 14:01:36,40,42,8042,35892
2023-05-30 14:01:36,39,42,8042,35892
2023-05-30 14:01:37,40,42,8042,35892
2023-05-30 14:01:44,40,41,8042,35892
2023-05-30 14:01:51,37,41,8042,35892
2023-05-30 14:01:54,38,41,8042,35892
2023-05-30 14:02:00,39,41,8042,35892
2023-05-30 14:02:03,37,41,8042,36281
2023-05-30 14:02:04,37,40,8042,36281
2023-05-30 14:02:04,38,40,8042,36281
2023-05-30 14:02:07,37,40,8042,36281
2023-05-30 14:02:10,38,40,8042,36281
2023-05-30 14:02:21,39,40,8042,36281
2023-05-30 14:02:22,39,40,7842,36481
2023-05-30 14:02:22,39,41,7844,36483
2023-05-30 14:02:22,40,41,7844,36483
2023-05-30 14:02:28,41,43,7844,36503
2023-05-30 14:02:28,40,43,7844,36503
2023-05-30 14:02:32,40,42,7844,36503
2023-05-30 14:02:34,40,41,7844,36503
2023-05-30 14:02:56,38,40,7842,36505
2023-05-30 14:02:56,38,41,7842,36505
2023-05-30 14:02:56,38,39,7842,36505
2023-05-30 14:03:00,38,41,7842,36505
2023-05-30 14:03:00,38,40,7842,36505
2023-05-30 14:03:01,38,39,7842,36505
2023-05-30 14:03:02,39,41,7842,36507
2023-05-30 14:03:02,39,41,7784,36565
2023-05-30 14:03:02,38,41,7784,36565
2023-05-30 14:03:04,38,40,7784,36565
2023-05-30 14:03:39,39,40,7784,36565
2023-05-30 14:03:42,38,40,7784,36565
2023-05-30 14:03:46,39,40,7784,36565
2023-05-30 14:03:47,38,40,7784,36565
2023-05-30 14:04:01,39,40,7784,36565
2023-05-30 14:04:01,40,41,7786,36567
2023-05-30 14:04:19,41,42,7788,36569
2023-05-30 14:04:19,41,42,7808,36589
2023-05-30 14:04:32,42,43,7828,36809
2023-05-30 14:04:32,41,43,7851,36832
2023-05-30 14:04:45,43,44,7871,37052
2023-05-30 14:04:45,41,44,7884,37065
2023-05-30 14:04:48,42,44,7884,37065
2023-05-30 14:05:07,42,44,7884,37073
2023-05-30 14:05:33,41,42,7884,37075
2023-05-30 14:05:33,41,44,7884,37075
2023-05-30 14:05:34,41,44,8082,37275
2023-05-30 14:05:35,40,41,8102,37295
2023-05-30 14:05:35,40,44,8102,37295
2023-05-30 14:05:36,41,44,8102,37295
2023-05-30 14:05:36,41,43,8102,37295
2023-05-30 14:05:43,41,42,8102,37295
2023-05-30 14:05:47,39,42,8102,37295
2023-05-30 14:05:47,39,41,8102,37295
2023-05-30 14:06:12,39,40,8102,37295
2023-05-30 14:06:14,39,41,8102,37295
2023-05-30 14:06:16,40,41,8102,37295
2023-05-30 14:06:32,39,40,8100,37297
2023-05-30 14:06:33,38,39,8098,37299
2023-05-30 14:07:00,38,41,8120,37538
2023-05-30 14:07:01,39,41,8120,37538
2023-05-30 14:07:14,40,41,8120,37538
2023-05-30 14:07:23,40,41,8100,37558
2023-05-30 14:07:36,41,43,8100,37560
2023-05-30 14:07:36,40,43,8100,37560
2023-05-30 14:08:04,41,43,8100,37560
2023-05-30 14:08:08,41,45,8122,37969
2023-05-30 14:08:08,41,44,8122,37969
2023-05-30 14:08:46,41,43,8122,37969
2023-05-30 14:08:48,41,42,8122,37969
2023-05-30 14:08:54,40,41,8122,37971
2023-05-30 14:08:54,40,42,8122,37971
2023-05-30 14:08:57,40,43,8122,37971
2023-05-30 14:09:07,40,42,8122,37971
2023-05-30 14:09:33,40,41,8122,37971
2023-05-30 14:09:33,39,41,8122,37971
2023-05-30 14:09:48,39,42,8122,37971
2023-05-30 14:10:19,39,41,8122,37971
2023-05-30 14:10:23,38,39,8100,37993
2023-05-30 14:10:28,36,39,8100,37993
2023-05-30 14:10:39,36,38,8100,37993
2023-05-30 14:10:52,36,37,8100,37993
2023-05-30 14:10:59,34,37,8100,37993
2023-05-30 14:11:01,35,37,8100,37993
2023-05-30 14:11:04,36,37,8100,37993
2023-05-30 14:11:38,34,37,8100,37993
2023-05-30 14:11:42,34,36,8100,37993
2023-05-30 14:11:50,34,37,8100,37993
2023-05-30 14:11:57,34,36,8100,37993
2023-05-30 14:12:47,34,35,8100,37993
2023-05-30 14:12:51,33,35,8018,38402
2023-05-30 14:12:53,33,34,8018,38402
2023-05-30 14:12:59,31,33,8018,38484
2023-05-30 14:12:59,31,34,8018,38484
2023-05-30 14:13:02,31,33,8018,38484
2023-05-30 14:13:03,31,34,8018,38484
2023-05-30 14:13:17,31,33,8018,38484
2023-05-30 14:13:18,31,34,8018,38484
2023-05-30 14:13:20,31,32,8018,38484
2023-05-30 14:13:24,30,32,8016,38486
2023-05-30 14:13:24,31,32,8016,38486
2023-05-30 14:13:45,33,34,8018,38576
2023-05-30 14:13:46,32,34,8018,38576
2023-05-30 14:13:47,32,36,8018,38576
2023-05-30 14:13:47,32,35,8018,38576
2023-05-30 14:13:47,33,35,8018,38576
2023-05-30 14:14:43,33,34,8018,38576
2023-05-30 14:14:46,33,35,8018,38576
2023-05-30 14:14:48,32,35,8018,38576
2023-05-30 14:15:13,33,35,8018,38576
2023-05-30 14:15:23,34,35,8018,38576
2023-05-30 14:15:28,34,37,8058,38965
2023-05-30 14:15:29,35,37,8058,38965
2023-05-30 14:15:32,36,37,8058,38965
2023-05-30 14:15:59,35,36,8058,38967
2023-05-30 14:15:59,35,37,8058,38967
2023-05-30 14:15:59,35,36,8058,38967
2023-05-30 14:16:00,33,35,8058,38969
2023-05-30 14:16:00,33,36,8058,38969
2023-05-30 14:16:02,33,35,8058,38969
2023-05-30 14:16:04,33,34,8058,38969
2023-05-30 14:16:04,33,34,8258,39169
2023-05-30 14:16:05,33,34,8458,39369
2023-05-30 14:16:06,31,33,8581,39494
2023-05-30 14:16:06,31,34,8581,39494
2023-05-30 14:16:07,31,33,8581,39494
2023-05-30 14:16:07,30,33,8581,39494
2023-05-30 14:16:07,30,32,8581,39494
2023-05-30 14:16:09,30,33,8581,39494
2023-05-30 14:16:13,28,33,8545,39883
2023-05-30 14:16:14,28,31,8545,39883
2023-05-30 14:16:15,28,30,8545,39883
2023-05-30 14:16:15,27,30,8545,39883
2023-05-30 14:16:32,28,30,8545,39883
2023-05-30 14:16:46,29,30,8545,39883
2023-05-30 14:16:46,29,31,8547,39885
2023-05-30 14:16:47,28,31,8547,39885
2023-05-30 14:17:00,29,31,8547,39885
2023-05-30 14:17:01,28,31,8547,39885
2023-05-30 14:17:07,28,30,8547,39885
2023-05-30 14:17:14,28,29,8547,39885
2023-05-30 14:17:26,27,29,8547,39885
2023-05-30 14:17:28,27,28,8547,39885
2023-05-30 14:17:35,27,29,8547,39885
2023-05-30 14:18:07,27,28,8547,39885
2023-05-30 14:18:10,27,29,8547,39885
2023-05-30 14:18:13,27,28,8547,39885
2023-05-30 14:18:22,24,28,8547,39885
2023-05-30 14:18:22,24,27,8547,39885
2023-05-30 14:18:23,25,27,8547,39885
2023-05-30 14:18:26,25,28,8547,39885
2023-05-30 14:18:59,25,27,8547,39885
2023-05-30 14:19:00,25,26,8547,39885
2023-05-30 14:19:16,24,25,8538,40063
2023-05-30 14:19:17,24,26,8538,40063
2023-05-30 14:19:27,24,25,8538,40063
2023-05-30 14:19:30,24,26,8538,40063
2023-05-30 14:19:45,23,26,8527,40300
2023-05-30 14:20:01,23,25,8527,40300
2023-05-30 14:20:09,23,26,8527,40300
2023-05-30 14:20:28,23,25,8527,40300
2023-05-30 14:20:32,23,26,8527,40300
2023-05-30 14:21:07,23,25,8527,40300
2023-05-30 14:21:23,23,24,8527,40300
2023-05-30 14:21:25,22,23,8525,40302
2023-05-30 14:22:04,21,23,8525,40302
2023-05-30 14:22:16,21,22,8525,40302
2023-05-30 14:22:21,20,21,8523,40304
2023-05-30 14:22:26,18,20,8521,40306
2023-05-30 14:23:08,18,19,8521,40306
2023-05-30 14:23:20,16,19,8521,40306
2023-05-30 14:24:00,16,18,8521,40306
2023-05-30 14:24:01,16,19,8521,40306
2023-05-30 14:24:03,16,18,8521,40306
2023-05-30 14:24:05,16,17,8521,40306
2023-05-30 14:24:12,15,17,8442,40385
2023-05-30 14:24:12,15,16,8442,40385
2023-05-30 14:24:17,15,17,8442,40385
2023-05-30 14:24:18,15,16,8442,40385
2023-05-30 14:25:41,13,15,8367,40460
2023-05-30 14:25:42,13,16,8367,40460
2023-05-30 14:25:51,13,15,8367,40460
2023-05-30 14:25:54,14,15,8367,40460
2023-05-30 14:26:11,15,16,8367,40462
2023-05-30 14:26:14,14,15,8349,40480
2023-05-30 14:26:24,13,14,8297,40532
2023-05-30 14:26:27,11,13,8180,40671
2023-05-30 14:26:28,11,14,8180,40671
2023-05-30 14:26:28,11,13,8180,40671
2023-05-30 14:26:28,11,12,8180,40671
2023-05-30 14:26:39,12,13,8182,40850
2023-05-30 14:26:40,11,13,8182,40850
2023-05-30 14:26:49,12,13,8182,40850
2023-05-30 14:26:52,13,14,8182,40870
2023-05-30 14:27:28,11,13,8182,40902
2023-05-30 14:27:28,11,14,8182,40902
2023-05-30 14:27:33,11,13,8182,40902
2023-05-30 14:27:37,11,12,8182,40902
2023-05-30 14:28:00,11,12,8182,41002
2023-05-30 14:28:33,10,11,8162,41042
2023-05-30 14:30:31,10,11,8162,41052
2023-05-30 14:30:36,10,11,8162,41074
2023-05-30 14:30:59,9,10,8162,41124
2023-05-30 14:31:30,8,9,8162,41144
2023-05-30 14:31:31,8,10,8162,41144
2023-05-30 14:31:31,8,9,8162,41144
2023-05-30 14:32:32,7,8,8162,41164
2023-05-30 14:32:37,8,9,8037,41289
2023-05-30 14:32:37,7,9,8037,41289
2023-05-30 14:32:38,7,8,8037,41289
2023-05-30 14:32:38,8,9,7939,41389
2023-05-30 14:32:38,7,9,7939,41389
2023-05-30 14:32:54,8,9,7939,41389
2023-05-30 14:33:22,8,9,8036,41927
2023-05-30 14:34:11,8,10,8038,42157
2023-05-30 14:34:26,8,9,8038,42157
2023-05-30 14:35:52,8,9,8050,42177
2023-05-30 14:35:52,7,8,8066,42193
2023-05-30 14:36:04,6,7,8041,42258
2023-05-30 14:40:06,6,7,8047,42324
2023-05-30 14:40:18,6,7,8047,42524
2023-05-30 14:40:33,6,7,7947,42624
2023-05-30 14:40:35,6,7,7847,42724
2023-05-30 14:41:00,6,7,7747,42824
2023-05-30 14:41:01,6,7,7747,43024
2023-05-30 14:41:01,6,7,7647,43124
2023-05-30 14:41:05,6,7,7647,43324
2023-05-30 14:41:16,6,7,7547,43424
2023-05-30 14:41:17,6,7,7447,43524
2023-05-30 14:41:19,6,7,7347,43624
2023-05-30 14:41:20,6,7,7247,43724
2023-05-30 14:41:21,6,7,7147,43824
2023-05-30 14:41:23,6,7,7047,43924
2023-05-30 14:41:24,6,7,6947,44024
2023-05-30 14:41:26,6,7,6847,44124
2023-05-30 14:41:28,6,7,6747,44224
2023-05-30 14:41:29,6,7,6647,44324
2023-05-30 14:41:30,5,7,6641,44364
2023-05-30 14:41:39,5,6,6641,44364
2023-05-30 14:41:49,5,6,6771,44494
2023-05-30 14:41:49,5,6,6779,44502
2023-05-30 14:41:49,5,6,6787,44510
2023-05-30 14:41:49,5,6,6795,44518
2023-05-30 14:41:55,5,6,6796,44718
2023-05-30 14:42:01,5,6,6804,44726
2023-05-30 14:42:02,5,6,6804,44734
2023-05-30 14:42:03,5,6,6804,44742
2023-05-30 14:42:04,5,6,6804,44750
2023-05-30 14:42:05,5,6,6804,44958
2023-05-30 14:42:06,5,6,6804,44966
2023-05-30 14:42:07,5,6,6804,44974
2023-05-30 14:42:08,5,6,6804,44982
2023-05-30 14:42:09,5,6,6804,44990
2023-05-30 14:42:10,5,6,6804,44998
2023-05-30 14:42:10,5,6,6804,45048
2023-05-30 14:42:11,5,6,6804,45256
2023-05-30 14:42:11,5,6,6804,45276
2023-05-30 14:42:12,5,6,6804,45284
2023-05-30 14:42:13,5,6,6804,45292
2023-05-30 14:42:14,5,6,6804,45300
2023-05-30 14:42:15,5,6,6804,45308
2023-05-30 14:42:16,5,6,6804,45316
2023-05-30 14:42:23,5,6,6804,45516
2023-05-30 14:42:30,4,6,6803,45537
2023-05-30 14:42:37,4,6,6823,45557
2023-05-30 14:43:02,4,6,6845,45579
2023-05-30 14:43:12,4,5,6845,45579
2023-05-30 14:43:17,4,5,6964,45698
2023-05-30 14:43:22,4,5,6984,45718
2023-05-30 14:43:24,4,5,7004,45738
2023-05-30 14:43:28,4,5,7012,45746
2023-05-30 14:44:08,4,5,7032,45766
2023-05-30 14:44:09,4,5,6998,45821
2023-05-30 14:44:10,4,5,6998,45841
2023-05-30 14:44:10,4,5,6998,45861
2023-05-30 14:44:14,3,5,6998,45881
2023-05-30 14:45:10,3,4,6998,45881
2023-05-30 14:45:10,3,4,7018,45901
2023-05-30 14:45:10,3,5,7018,45901
2023-05-30 14:45:10,3,5,7037,45920
2023-05-30 14:45:10,3,4,7037,45920
2023-05-30 14:45:10,3,5,7037,45920
2023-05-30 14:45:40,3,5,7042,45925
2023-05-30 14:45:40,3,4,7042,45925
2023-05-30 14:45:40,3,4,7050,45933
2023-05-30 14:45:40,4,5,7050,45941
2023-05-30 14:45:40,4,5,7050,45946
2023-05-30 14:45:40,4,5,7050,45954
2023-05-30 14:45:41,4,5,7050,45961
2023-05-30 14:45:41,4,5,7050,46025
2023-05-30 14:45:44,4,5,7050,46045
2023-05-30 14:45:44,4,5,7050,46065
2023-05-30 14:46:29,4,6,7052,46141
2023-05-30 14:46:57,4,5,7052,46141
2023-05-30 14:46:58,4,6,7052,46141
2023-05-30 14:47:01,4,5,7052,46141
2023-05-30 14:47:05,4,6,7052,46141
2023-05-30 14:47:12,4,5,7052,46141
2023-05-30 14:47:19,4,6,7052,46141
2023-05-30 14:47:35,5,6,7052,46141
2023-05-30 14:47:35,4,6,7056,46145
2023-05-30 14:48:00,4,5,7056,46145
2023-05-30 14:48:00,4,5,7056,46167
2023-05-30 14:48:00,4,6,7056,46167
2023-05-30 14:48:50,4,5,7056,46167
2023-05-30 14:48:50,3,5,7076,46187
2023-05-30 14:48:50,3,4,7076,46187
2023-05-30 14:49:50,4,5,7056,46229
2023-05-30 14:49:51,3,5,7056,46229
2023-05-30 14:50:02,4,5,7056,46229
2023-05-30 14:50:37,5,6,7056,46231
2023-05-30 14:50:37,5,6,7056,46251
2023-05-30 14:50:42,7,8,7278,47101
2023-05-30 14:50:42,5,8,7298,47121
2023-05-30 14:50:42,5,7,7298,47121
2023-05-30 14:50:43,6,7,7298,47121
2023-05-30 14:50:45,5,7,7298,47121
2023-05-30 14:50:47,6,7,7298,47121
2023-05-30 14:50:49,5,7,7318,47147
2023-05-30 14:50:57,6,7,7318,47147
2023-05-30 14:51:04,6,7,7320,47149
2023-05-30 14:51:04,6,7,7322,47151
2023-05-30 14:51:04,6,7,7438,47267
2023-05-30 14:51:17,5,6,7498,47327
2023-05-30 14:51:59,5,6,7518,47347
2023-05-30 14:52:03,4,6,7524,47353
2023-05-30 14:52:51,4,6,7524,47386
2023-05-30 14:52:55,4,6,7724,47586
2023-05-30 14:52:58,3,6,7724,47623
2023-05-30 14:52:58,3,5,7724,47623
2023-05-30 14:52:58,3,6,7724,47623
2023-05-30 14:52:59,3,5,7724,47623
2023-05-30 14:52:59,3,6,7724,47623
2023-05-30 14:53:20,3,5,7724,47623
2023-05-30 14:53:24,3,6,7724,47623
2023-05-30 14:53:26,3,5,7724,47623
2023-05-30 14:54:10,3,5,7744,47643
2023-05-30 14:54:10,3,4,7744,47643
2023-05-30 14:54:10,3,5,7744,47643
2023-05-30 14:55:10,3,4,7744,47643
2023-05-30 14:55:35,3,4,7764,47663
2023-05-30 14:58:53,3,5,7766,47733
2023-05-30 14:59:07,4,5,7766,47733
2023-05-30 14:59:14,4,6,7874,47841
2023-05-30 14:59:47,4,6,7894,47861
2023-05-30 15:00:22,5,6,7894,47861
2023-05-30 15:00:27,5,7,8114,48131
2023-05-30 15:01:41,5,7,8114,48151
2023-05-30 15:01:41,5,7,8114,48171
2023-05-30 15:01:42,5,7,8114,48191
2023-05-30 15:01:43,5,7,8114,48211
2023-05-30 15:02:04,5,7,8132,48259
2023-05-30 15:02:21,5,8,8182,48377
2023-05-30 15:02:33,5,7,8182,48377
2023-05-30 15:02:54,6,7,8182,48377
2023-05-30 15:02:54,5,7,8182,48577
2023-05-30 15:02:55,6,7,8182,48577
2023-05-30 15:02:55,6,7,8182,48641
2023-05-30 15:02:58,5,7,8182,48641
2023-05-30 15:03:19,5,7,8352,48861
2023-05-30 15:03:20,5,8,8352,48861
2023-05-30 15:03:52,5,7,8352,48861
2023-05-30 15:04:00,5,7,8352,48881
2023-05-30 15:04:16,5,7,8368,48901
2023-05-30 15:04:19,5,6,8368,48901
2023-05-30 15:04:19,5,6,8372,48905
2023-05-30 15:04:19,5,7,8372,48905
2023-05-30 15:04:20,5,7,8381,48914
2023-05-30 15:04:27,5,7,8392,48934
2023-05-30 15:04:31,5,7,8392,48954
2023-05-30 15:04:38,5,6,8392,48954
2023-05-30 15:05:35,4,6,8401,48963
2023-05-30 15:05:35,4,5,8401,48963
2023-05-30 15:05:41,4,5,8407,48969
2023-05-30 15:05:53,4,5,8427,48989
2023-05-30 15:05:53,4,5,8431,48993
2023-05-30 15:06:43,4,5,8451,49013
2023-05-30 15:06:48,3,5,8470,49032
2023-05-30 15:06:48,3,4,8470,49032
2023-05-30 15:10:04,3,4,8487,49049
2023-05-30 15:11:09,3,4,8489,49051
2023-05-30 15:11:09,3,4,8507,49069
2023-05-30 15:12:52,3,4,8527,49089
2023-05-30 15:12:54,3,4,8547,49109
2023-05-30 15:13:18,3,4,8637,49199
2023-05-30 15:13:18,3,4,8642,49204
2023-05-30 15:13:30,3,4,8662,49224
2023-05-30 15:13:32,3,4,8680,49246
2023-05-30 15:13:32,3,4,8680,49266
2023-05-30 15:13:37,3,4,8057,49909
2023-05-30 15:13:38,2,4,8057,49909
2023-05-30 15:14:16,3,4,8057,49909
2023-05-30 15:14:19,4,5,7961,50024
2023-05-30 15:14:19,4,5,7961,50044
2023-05-30 15:14:53,3,4,7961,50109
2023-05-30 15:15:00,3,5,7961,50109
2023-05-30 15:16:02,4,5,7961,50109
2023-05-30 15:16:07,3,5,7961,50109
2023-05-30 15:17:00,4,5,7961,50109
2023-05-30 15:17:10,5,7,7959,50120
2023-05-30 15:17:32,4,7,7959,50120
2023-05-30 15:17:39,4,6,7959,50120
2023-05-30 15:17:39,4,6,7959,50140
2023-05-30 15:17:39,4,6,7959,50160
2023-05-30 15:17:40,4,6,7971,50172
2023-05-30 15:18:05,3,6,7983,50184
2023-05-30 15:18:05,3,5,7983,50184
2023-05-30 15:18:05,3,4,7983,50184
2023-05-30 15:18:06,3,4,7983,50215
2023-05-30 15:18:39,3,4,7983,50235
2023-05-30 15:20:12,3,4,7985,50251
2023-05-30 15:20:16,2,4,8005,50271
2023-05-30 15:20:22,2,3,8005,50271
2023-05-30 15:21:01,3,4,8005,50313
2023-05-30 15:21:19,3,4,8103,50411
2023-05-30 15:22:15,3,4,8123,50431
2023-05-30 15:22:30,3,4,8127,50435
2023-05-30 15:22:30,3,4,8131,50439
2023-05-30 15:22:54,3,4,8151,50459
2023-05-30 15:22:57,3,4,8251,50559
2023-05-30 15:22:59,3,4,8259,50567
2023-05-30 15:23:01,3,4,8279,50587
2023-05-30 15:23:01,3,4,8299,50607
2023-05-30 15:23:02,3,4,8309,50617
2023-05-30 15:23:19,3,4,8318,50626
2023-05-30 15:23:20,3,4,8327,50635
2023-05-30 15:23:28,2,4,8353,50661
2023-05-30 15:23:35,3,4,8353,50661
2023-05-30 15:23:51,3,4,8355,50663
2023-05-30 15:23:51,3,4,8373,50681
2023-05-30 15:23:57,2,4,8375,50683
2023-05-30 15:24:10,2,3,8375,50683
2023-05-30 15:24:30,2,3,8386,50694
2023-05-30 15:24:53,2,3,8386,50702
2023-05-30 15:24:54,2,3,8395,50711
2023-05-30 15:26:38,2,3,8397,50713
2023-05-30 15:26:49,2,3,8402,50718
2023-05-30 15:27:07,2,3,8413,50729
2023-05-30 15:28:20,2,3,8463,50779
2023-05-30 15:28:50,2,3,8463,51317
2023-05-30 15:29:12,1,3,8661,51515
2023-05-30 15:29:47,1,2,8661,51515
2023-05-30 15:29:49,1,3,8661,51515
2023-05-30 15:30:10,1,2,8661,51515
2023-05-30 15:30:13,1,3,8661,51515
2023-05-30 15:31:05,1,2,8661,51515
2023-05-30 15:31:05,1,3,8661,51515
2023-05-30 15:32:31,1,3,8681,51535
2023-05-30 15:32:39,1,2,8681,51535
2023-05-30 15:32:39,1,3,8681,51535
2023-05-30 15:32:40,1,2,8681,51535
2023-05-30 15:32:40,1,3,8681,51535
2023-05-30 15:32:41,1,2,8681,51535
2023-05-30 15:32:41,1,3,8681,51535
2023-05-30 15:32:42,1,2,8681,51535
2023-05-30 15:32:42,1,3,8681,51535
2023-05-30 15:33:14,1,2,8681,51535
2023-05-30 15:35:56,1,2,8692,51546
2023-05-30 15:35:56,1,2,8703,51557
2023-05-30 15:35:57,1,2,8826,51680
2023-05-30 15:35:57,1,2,8837,51691
2023-05-30 15:36:06,1,2,9017,51871
2023-05-30 15:36:06,1,2,9028,51882
2023-05-30 15:36:06,1,2,9039,51893
2023-05-30 15:39:17,1,2,9049,51903
2023-05-30 15:39:29,1,2,9060,51914
2023-05-30 15:40:03,1,2,9142,51996
2023-05-30 15:41:30,1,2,9153,52007
2023-05-30 15:41:31,1,2,9171,52025
2023-05-30 15:41:31,1,2,9182,52036
2023-05-30 15:41:45,1,2,9193,52047
2023-05-30 15:41:52,1,2,9253,52107
2023-05-30 15:41:52,1,2,9264,52118
2023-05-30 15:42:57,1,2,9275,52129
2023-05-30 15:43:32,1,2,9286,52140
2023-05-30 15:43:39,1,2,9297,52151
2023-05-30 15:43:46,1,2,9412,52266
2023-05-30 15:43:46,1,2,9423,52277
2023-05-30 15:44:31,1,2,9434,52288
2023-05-30 15:44:35,1,2,9443,52297
2023-05-30 15:46:22,1,2,9454,52308
2023-05-30 15:46:28,1,2,9465,52319
2023-05-30 15:46:33,1,2,9476,52330
2023-05-30 15:46:37,1,2,9487,52341
2023-05-30 15:46:38,1,2,9498,52352
2023-05-30 15:46:39,1,2,9509,52363
2023-05-30 15:46:40,1,2,9518,52372
2023-05-30 15:46:52,1,2,9529,52383
2023-05-30 15:46:55,1,2,9538,52392
2023-05-30 15:47:00,1,2,9550,52404
2023-05-30 15:47:06,1,2,9562,52416
2023-05-30 15:47:25,1,2,9573,52427
2023-05-30 15:47:30,1,2,9584,52438
2023-05-30 15:47:32,1,2,9594,52448
2023-05-30 15:47:34,1,2,9605,52459
2023-05-30 15:47:36,1,2,9616,52470
2023-05-30 15:47:38,1,2,9627,52481
2023-05-30 15:47:44,1,2,9638,52492
2023-05-30 15:47:44,1,2,9658,52512
2023-05-30 15:47:46,1,2,9858,52712
2023-05-30 15:47:46,1,2,9869,52723
2023-05-30 15:47:46,1,2,9878,52732
2023-05-30 15:47:47,1,2,9898,52752
2023-05-30 15:47:55,0,2,9931,52785
2023-05-30 15:48:09,0,1,9931,52785
2023-05-30 15:50:53,1,2,9841,52979
2023-05-30 15:50:53,0,2,9841,52985
2023-05-30 15:50:53,0,1,9841,52985
2023-05-30 15:51:05,1,3,9841,52991
2023-05-30 15:51:25,1,3,9841,53063
2023-05-30 15:52:03,1,3,9841,53163
2023-05-30 15:52:27,1,2,9841,53163
2023-05-30 15:52:36,0,2,9641,53367
2023-05-30 15:52:49,1,2,9641,53367
2023-05-30 15:52:50,0,2,9641,53367
2023-05-30 15:52:53,1,2,9641,53367
2023-05-30 15:53:07,1,3,9721,53467
2023-05-30 15:53:18,1,3,9521,53667
2023-05-30 15:53:18,1,3,9521,53687
2023-05-30 15:53:19,2,3,9521,53687
2023-05-30 15:53:41,2,3,9521,53699
2023-05-30 15:53:49,1,3,9521,53699
2023-05-30 15:53:55,2,3,9521,53699
2023-05-30 15:54:50,2,3,9395,53899
2023-05-30 15:55:00,3,4,9410,53952
2023-05-30 15:55:00,3,4,9421,53963
2023-05-30 15:55:00,3,4,9432,53974
2023-05-30 15:55:02,2,4,9432,53974
2023-05-30 15:55:12,1,4,9432,53974
2023-05-30 15:55:37,1,3,9432,53974
2023-05-30 15:55:39,1,4,9432,53974
2023-05-30 15:55:42,1,3,9432,53974
2023-05-30 15:56:39,0,3,9438,53980
2023-05-30 15:56:40,0,2,9438,53980
2023-05-30 15:57:11,0,1,9438,53980
