datetime,bid,ask,open_interest,volume
2023-03-08 09:30:06,28,38,501,3921
2023-03-08 09:30:07,28,30,501,3921
2023-03-08 09:30:10,30,38,501,3925
2023-03-08 09:30:38,31,38,501,3925
2023-03-08 09:30:39,31,33,501,3925
2023-03-08 09:30:42,33,38,501,3929
2023-03-08 09:30:50,31,44,501,3929
2023-03-08 09:31:03,31,42,501,3929
2023-03-08 09:31:03,31,39,501,3929
2023-03-08 09:31:03,33,39,501,3929
2023-03-08 09:31:09,34,39,501,3929
2023-03-08 09:31:09,34,36,501,3929
2023-03-08 09:31:39,34,35,501,3929
2023-03-08 09:32:02,33,35,501,3929
2023-03-08 09:32:06,35,39,504,3932
2023-03-08 09:32:06,35,42,504,3932
2023-03-08 09:32:07,35,39,504,3932
2023-03-08 09:32:09,36,39,504,3932
2023-03-08 09:32:09,36,38,504,3932
2023-03-08 09:32:34,36,37,504,3932
2023-03-08 09:32:38,36,38,504,3932
2023-03-08 09:32:39,36,37,504,3932
2023-03-08 09:32:40,36,38,504,3932
2023-03-08 09:32:53,36,37,504,3932
2023-03-08 09:33:36,35,37,504,3932
2023-03-08 09:33:38,35,37,504,3932
2023-03-08 09:33:38,35,36,504,3932
2023-03-08 09:33:41,33,36,501,3935
2023-03-08 09:33:41,32,36,501,3935
2023-03-08 09:34:04,32,35,501,3935
2023-03-08 09:34:05,32,36,501,3935
2023-03-08 09:34:13,31,36,501,3935
2023-03-08 09:34:17,31,36,501,3935
2023-03-08 09:34:30,29,36,501,3935
2023-03-08 09:34:30,31,36,501,3935
2023-03-08 09:34:36,29,36,501,3935
2023-03-08 09:34:39,31,36,501,3935
2023-03-08 09:34:39,31,33,501,3935
2023-03-08 09:35:04,31,34,529,3963
2023-03-08 09:35:05,31,35,529,3963
2023-03-08 09:35:05,31,34,529,3963
2023-03-08 09:35:09,31,34,529,3966
2023-03-08 09:35:11,31,33,529,3966
2023-03-08 09:35:16,30,34,529,3966
2023-03-08 09:35:30,31,34,529,3966
2023-03-08 09:35:32,30,34,529,3966
2023-03-08 09:35:33,31,34,529,3966
2023-03-08 09:35:39,31,32,529,3966
2023-03-08 09:36:00,30,32,529,3966
2023-03-08 09:36:09,30,32,529,3969
2023-03-08 09:36:15,30,33,529,3969
2023-03-08 09:36:39,30,31,529,3969
2023-03-08 09:36:45,31,33,529,3972
2023-03-08 09:36:46,31,34,529,3972
2023-03-08 09:36:59,31,34,529,3982
2023-03-08 09:37:09,31,32,529,3982
2023-03-08 09:37:16,30,32,529,3982
2023-03-08 09:37:18,30,31,529,3982
2023-03-08 09:37:18,30,31,529,4128
2023-03-08 09:37:47,28,29,535,4143
2023-03-08 09:37:49,29,31,535,4258
2023-03-08 09:37:55,28,31,535,4258
2023-03-08 09:37:55,28,29,535,4258
2023-03-08 09:38:01,29,31,535,4301
2023-03-08 09:38:09,28,31,535,4301
2023-03-08 09:38:09,28,29,535,4301
2023-03-08 09:38:16,29,30,535,4303
2023-03-08 09:38:19,27,30,535,4303
2023-03-08 09:38:20,28,30,535,4303
2023-03-08 09:38:28,28,29,535,4303
2023-03-08 09:38:39,28,29,535,4305
2023-03-08 09:38:45,27,29,535,4305
2023-03-08 09:39:16,29,31,595,4397
2023-03-08 09:39:17,29,30,595,4397
2023-03-08 09:39:18,29,31,595,4397
2023-03-08 09:39:19,27,31,595,4397
2023-03-08 09:39:20,28,31,595,4397
2023-03-08 09:39:20,28,30,595,4397
2023-03-08 09:39:29,27,30,595,4397
2023-03-08 09:39:30,28,30,595,4397
2023-03-08 09:39:36,28,29,595,4397
2023-03-08 09:39:45,27,29,595,4397
2023-03-08 09:40:09,28,29,595,4397
2023-03-08 09:40:25,28,29,589,4403
2023-03-08 09:40:27,28,30,589,4403
2023-03-08 09:40:27,26,30,589,4403
2023-03-08 09:40:27,24,30,589,4403
2023-03-08 09:40:28,26,30,589,4403
2023-03-08 09:40:28,26,29,589,4403
2023-03-08 09:40:39,26,28,589,4403
2023-03-08 09:40:52,27,28,589,4403
2023-03-08 09:40:54,28,30,613,4427
2023-03-08 09:41:04,26,30,613,4427
2023-03-08 09:41:04,26,31,613,4427
2023-03-08 09:41:04,27,31,613,4427
2023-03-08 09:41:04,27,29,613,4427
2023-03-08 09:41:09,27,29,613,4429
2023-03-08 09:41:10,28,29,613,4429
2023-03-08 09:41:14,29,31,701,4517
2023-03-08 09:41:25,28,31,701,4517
2023-03-08 09:41:39,30,31,701,4517
2023-03-08 09:42:11,30,32,701,4517
2023-03-08 09:42:20,28,32,701,4517
2023-03-08 09:42:20,28,33,701,4517
2023-03-08 09:42:20,28,31,701,4517
2023-03-08 09:42:34,28,33,701,4517
2023-03-08 09:42:34,28,31,701,4517
2023-03-08 09:42:39,28,30,701,4517
2023-03-08 09:43:09,28,29,701,4517
2023-03-08 09:43:19,27,29,701,4517
2023-03-08 09:43:19,28,29,701,4517
2023-03-08 09:43:39,28,29,701,4519
2023-03-08 09:43:50,28,30,701,4519
2023-03-08 09:44:01,28,34,701,4519
2023-03-08 09:44:01,28,33,701,4519
2023-03-08 09:44:01,28,32,701,4519
2023-03-08 09:44:01,28,30,701,4519
2023-03-08 09:44:09,28,30,701,4521
2023-03-08 09:44:11,30,32,722,4542
2023-03-08 09:44:23,28,32,722,4542
2023-03-08 09:44:23,28,33,722,4542
2023-03-08 09:44:23,30,33,722,4542
2023-03-08 09:44:23,30,32,722,4542
2023-03-08 09:44:39,30,32,722,4544
2023-03-08 09:44:42,28,32,722,4544
2023-03-08 09:44:42,28,33,722,4544
2023-03-08 09:44:42,28,32,722,4544
2023-03-08 09:44:54,28,31,722,4544
2023-03-08 09:44:59,28,30,722,4544
2023-03-08 09:44:59,27,30,722,4544
2023-03-08 09:45:00,28,30,722,4544
2023-03-08 09:45:10,28,30,722,4546
2023-03-08 09:45:24,26,30,722,4546
2023-03-08 09:45:24,25,30,722,4546
2023-03-08 09:45:24,26,30,722,4546
2023-03-08 09:45:24,26,29,722,4546
2023-03-08 09:45:38,26,30,843,4667
2023-03-08 09:45:39,26,31,843,4667
2023-03-08 09:45:39,27,31,843,4667
2023-03-08 09:45:39,27,29,843,4667
2023-03-08 09:45:49,28,29,843,4667
2023-03-08 09:45:53,28,29,905,4729
2023-03-08 09:45:56,28,31,946,4770
2023-03-08 09:46:07,28,33,946,4770
2023-03-08 09:46:07,28,31,946,4770
2023-03-08 09:46:09,28,31,946,4772
2023-03-08 09:46:14,28,33,1046,4872
2023-03-08 09:46:20,31,33,1046,4872
2023-03-08 09:46:35,31,32,1046,4872
2023-03-08 09:46:36,28,32,1046,4872
2023-03-08 09:46:36,30,32,1046,4872
2023-03-08 09:46:36,30,33,1046,4872
2023-03-08 09:46:37,30,32,1046,4872
2023-03-08 09:46:39,30,32,1046,4874
2023-03-08 09:46:41,30,31,1046,4874
2023-03-08 09:46:42,28,31,1046,4874
2023-03-08 09:46:42,30,31,1046,4874
2023-03-08 09:46:47,30,32,1046,4874
2023-03-08 09:46:58,28,32,1046,4874
2023-03-08 09:47:09,28,30,1046,4874
2023-03-08 09:47:24,30,33,1046,4876
2023-03-08 09:47:26,30,32,1046,4876
2023-03-08 09:47:37,30,33,1046,4876
2023-03-08 09:47:38,30,32,1046,4876
2023-03-08 09:47:55,30,31,1046,4876
2023-03-08 09:47:55,30,32,1046,4876
2023-03-08 09:48:09,31,32,1046,4876
2023-03-08 09:48:28,31,33,1046,4876
2023-03-08 09:48:39,31,33,1046,4878
2023-03-08 09:48:44,31,35,1046,4878
2023-03-08 09:48:44,33,35,1046,4878
2023-03-08 09:48:44,33,34,1046,4878
2023-03-08 09:48:53,31,33,1024,4900
2023-03-08 09:48:57,29,33,1024,4900
2023-03-08 09:48:57,30,33,1024,4900
2023-03-08 09:48:57,32,33,1024,4900
2023-03-08 09:49:01,32,34,1024,4900
2023-03-08 09:49:02,32,35,1024,4900
2023-03-08 09:49:09,34,35,1024,4900
2023-03-08 09:49:13,32,34,1023,4901
2023-03-08 09:49:19,32,35,1023,4901
2023-03-08 09:49:20,32,34,1023,4901
2023-03-08 09:49:23,30,34,1023,4901
2023-03-08 09:49:23,31,34,1023,4901
2023-03-08 09:49:23,33,34,1023,4901
2023-03-08 09:49:34,31,33,911,5013
2023-03-08 09:49:36,30,34,911,5013
2023-03-08 09:49:37,32,34,911,5013
2023-03-08 09:49:39,32,33,911,5013
2023-03-08 09:49:56,31,33,911,5013
2023-03-08 09:50:39,31,33,911,5014
2023-03-08 09:50:42,32,33,911,5014
2023-03-08 09:50:56,30,34,911,5014
2023-03-08 09:50:56,32,34,911,5014
2023-03-08 09:51:09,32,34,911,5015
2023-03-08 09:51:23,31,34,911,5015
2023-03-08 09:51:23,31,35,911,5015
2023-03-08 09:51:23,33,35,911,5015
2023-03-08 09:51:32,33,34,911,5015
2023-03-08 09:51:39,33,34,911,5016
2023-03-08 09:51:46,31,34,911,5038
2023-03-08 09:51:54,31,33,911,5038
2023-03-08 09:52:09,31,33,911,5039
2023-03-08 09:52:19,31,35,911,5039
2023-03-08 09:52:19,33,35,911,5039
2023-03-08 09:52:38,31,35,911,5039
2023-03-08 09:52:38,32,35,911,5039
2023-03-08 09:52:39,32,34,911,5039
2023-03-08 09:53:10,32,34,911,5040
2023-03-08 09:53:23,30,34,911,5040
2023-03-08 09:53:23,31,34,911,5040
2023-03-08 09:53:23,31,33,911,5040
2023-03-08 09:53:37,30,33,911,5040
2023-03-08 09:53:37,30,34,911,5040
2023-03-08 09:53:37,31,34,911,5040
2023-03-08 09:53:37,31,33,911,5040
2023-03-08 09:54:09,31,33,911,5041
2023-03-08 09:54:10,32,33,911,5041
2023-03-08 09:54:21,32,35,911,5041
2023-03-08 09:54:21,32,34,911,5041
2023-03-08 09:54:40,32,33,911,5041
2023-03-08 09:54:44,31,33,911,5041
2023-03-08 09:55:09,32,33,911,5041
2023-03-08 09:55:24,32,34,911,5041
2023-03-08 09:55:46,32,36,911,5041
2023-03-08 09:55:46,33,36,911,5041
2023-03-08 09:55:46,33,35,911,5041
2023-03-08 09:55:54,32,35,911,5041
2023-03-08 09:55:54,32,36,911,5041
2023-03-08 09:55:55,33,36,911,5041
2023-03-08 09:56:10,33,35,911,5041
2023-03-08 09:56:39,34,35,911,5041
2023-03-08 09:56:54,34,36,911,5041
2023-03-08 09:57:09,35,36,911,5041
2023-03-08 09:57:20,35,37,911,5041
2023-03-08 09:57:20,35,36,911,5041
2023-03-08 09:57:30,35,37,911,5041
2023-03-08 09:57:30,35,36,911,5041
2023-03-08 09:57:39,35,36,911,5042
2023-03-08 09:57:42,35,37,911,5042
2023-03-08 09:57:42,35,36,911,5042
2023-03-08 09:57:48,34,36,911,5042
2023-03-08 09:57:53,34,38,934,5065
2023-03-08 09:58:00,35,38,934,5065
2023-03-08 09:58:00,38,39,935,5066
2023-03-08 09:58:00,38,39,1030,5161
2023-03-08 09:58:10,38,39,1030,5162
2023-03-08 09:58:13,38,39,1148,5280
2023-03-08 09:58:43,36,38,1104,5324
2023-03-08 09:58:45,36,39,1104,5324
2023-03-08 09:58:45,34,39,1104,5324
2023-03-08 09:58:45,37,39,1104,5324
2023-03-08 09:58:56,35,39,1104,5324
2023-03-08 09:58:56,34,39,1104,5324
2023-03-08 09:58:57,37,39,1104,5324
2023-03-08 09:58:57,37,39,1104,5347
2023-03-08 09:59:06,35,39,1104,5347
2023-03-08 09:59:06,38,39,1104,5347
2023-03-08 09:59:15,36,38,1090,5467
2023-03-08 09:59:20,36,39,1090,5467
2023-03-08 09:59:20,35,39,1090,5467
2023-03-08 09:59:20,37,39,1090,5467
2023-03-08 09:59:25,37,38,1090,5467
2023-03-08 09:59:30,35,38,1090,5467
2023-03-08 09:59:30,37,38,1090,5467
2023-03-08 09:59:38,35,37,1090,5587
2023-03-08 09:59:42,36,37,1090,5587
2023-03-08 10:00:03,35,37,1090,5587
2023-03-08 10:00:04,35,36,1090,5587
2023-03-08 10:00:04,35,36,1090,5681
2023-03-08 10:00:07,35,37,1090,5681
2023-03-08 10:00:07,34,35,1090,5703
2023-03-08 10:00:08,33,35,1090,5703
2023-03-08 10:00:08,32,33,1090,5933
2023-03-08 10:00:10,29,31,1124,6163
2023-03-08 10:00:15,31,34,1295,6334
2023-03-08 10:00:15,33,34,1295,6334
2023-03-08 10:00:16,31,34,1318,6357
2023-03-08 10:00:16,31,33,1318,6357
2023-03-08 10:00:18,31,34,1318,6357
2023-03-08 10:00:20,29,31,1377,6416
2023-03-08 10:00:24,28,29,1377,6417
2023-03-08 10:00:25,28,32,1377,6417
2023-03-08 10:00:25,28,30,1377,6417
2023-03-08 10:00:28,28,29,1377,6417
2023-03-08 10:00:30,24,28,1607,6647
2023-03-08 10:00:30,23,28,1607,6647
2023-03-08 10:00:31,24,28,1607,6647
2023-03-08 10:00:39,24,26,1607,6647
2023-03-08 10:00:39,24,26,1607,6648
2023-03-08 10:00:45,26,28,1549,6706
2023-03-08 10:00:49,26,29,1549,6706
2023-03-08 10:00:49,26,29,1433,6822
2023-03-08 10:00:49,24,29,1317,6938
2023-03-08 10:00:49,24,29,1306,6949
2023-03-08 10:00:50,24,28,1306,6949
2023-03-08 10:01:01,24,26,1306,6949
2023-03-08 10:01:01,23,26,1306,6949
2023-03-08 10:01:03,22,26,1306,6949
2023-03-08 10:01:09,22,24,1306,6949
2023-03-08 10:01:09,22,23,1306,6949
2023-03-08 10:01:09,22,23,1210,7045
2023-03-08 10:01:10,22,23,1210,7046
2023-03-08 10:01:10,22,23,1126,7130
2023-03-08 10:01:15,21,23,1126,7130
2023-03-08 10:01:16,20,23,1126,7130
2023-03-08 10:01:21,19,23,1126,7130
2023-03-08 10:01:21,19,22,1126,7130
2023-03-08 10:01:22,19,21,1126,7130
2023-03-08 10:01:26,19,20,1126,7130
2023-03-08 10:01:28,18,20,1126,7130
2023-03-08 10:01:29,18,19,1126,7130
2023-03-08 10:01:32,18,20,1126,7130
2023-03-08 10:01:40,18,20,1127,7131
2023-03-08 10:01:40,16,17,1126,7132
2023-03-08 10:01:41,17,19,1090,7198
2023-03-08 10:01:42,16,19,1090,7198
2023-03-08 10:01:47,17,19,1090,7198
2023-03-08 10:01:49,18,19,1090,7198
2023-03-08 10:01:53,18,19,1233,7355
2023-03-08 10:01:57,18,20,1233,7355
2023-03-08 10:01:58,18,20,1249,7371
2023-03-08 10:01:58,18,19,1249,7371
2023-03-08 10:01:58,19,20,1249,7538
2023-03-08 10:02:04,18,20,1249,7538
2023-03-08 10:02:10,18,20,1249,7539
2023-03-08 10:02:10,18,21,1249,7539
2023-03-08 10:02:10,18,19,1249,7539
2023-03-08 10:02:19,19,21,1249,7639
2023-03-08 10:02:27,19,22,1249,7639
2023-03-08 10:02:28,19,20,1249,7639
2023-03-08 10:02:40,20,22,1249,7660
2023-03-08 10:02:40,20,22,1249,7661
2023-03-08 10:02:53,22,23,1249,7723
2023-03-08 10:02:53,22,24,1249,7723
2023-03-08 10:02:54,24,25,1249,7930
2023-03-08 10:02:55,22,23,1249,8021
2023-03-08 10:02:58,23,25,1249,8054
2023-03-08 10:03:04,22,25,1364,8254
2023-03-08 10:03:08,22,27,1364,8254
2023-03-08 10:03:08,23,27,1364,8254
2023-03-08 10:03:08,23,25,1364,8254
2023-03-08 10:03:10,23,25,1364,8255
2023-03-08 10:03:12,25,27,1383,8274
2023-03-08 10:03:17,23,27,1383,8274
2023-03-08 10:03:20,23,26,1383,8274
2023-03-08 10:03:25,20,26,1383,8274
2023-03-08 10:03:25,25,26,1383,8274
2023-03-08 10:03:25,25,26,1383,8341
2023-03-08 10:03:25,25,26,1383,8476
2023-03-08 10:03:26,20,26,1248,8611
2023-03-08 10:03:26,22,26,1248,8611
2023-03-08 10:03:29,22,25,1248,8611
2023-03-08 10:03:32,22,26,1248,8611
2023-03-08 10:03:37,24,26,1248,8611
2023-03-08 10:03:38,24,27,1248,8611
2023-03-08 10:03:40,24,26,1248,8611
2023-03-08 10:03:40,26,27,1248,8612
2023-03-08 10:03:45,26,28,1248,8612
2023-03-08 10:03:47,26,29,1248,8612
2023-03-08 10:03:53,26,28,1248,8612
2023-03-08 10:03:59,26,27,1248,8612
2023-03-08 10:04:01,26,28,1248,8612
2023-03-08 10:04:02,24,28,1248,8612
2023-03-08 10:04:02,24,27,1248,8612
2023-03-08 10:04:03,24,27,1248,8633
2023-03-08 10:04:03,26,27,1248,8633
2023-03-08 10:04:10,26,27,1248,8634
2023-03-08 10:04:12,26,28,1248,8634
2023-03-08 10:04:15,27,28,1248,8634
2023-03-08 10:04:17,27,29,1248,8634
2023-03-08 10:04:19,28,29,1248,8634
2023-03-08 10:04:22,28,30,1248,8634
2023-03-08 10:04:23,29,30,1248,8634
2023-03-08 10:04:24,28,30,1248,8634
2023-03-08 10:04:26,29,30,1248,8634
2023-03-08 10:04:26,28,30,1248,8634
2023-03-08 10:04:32,29,30,1248,8634
2023-03-08 10:04:34,28,30,1248,8634
2023-03-08 10:04:34,28,31,1248,8634
2023-03-08 10:04:34,30,31,1248,8634
2023-03-08 10:04:38,28,30,1228,8654
2023-03-08 10:04:39,28,31,1228,8654
2023-03-08 10:04:40,28,30,1228,8654
2023-03-08 10:04:47,30,31,1228,8655
2023-03-08 10:04:54,28,30,1224,8774
2023-03-08 10:04:58,28,31,1224,8774
2023-03-08 10:05:08,30,31,1224,8774
2023-03-08 10:05:10,30,31,1224,8775
2023-03-08 10:05:15,30,32,1224,8775
2023-03-08 10:05:15,30,31,1224,8775
2023-03-08 10:05:20,30,32,1224,8775
2023-03-08 10:05:20,30,31,1224,8775
2023-03-08 10:05:21,30,32,1224,8775
2023-03-08 10:05:22,28,32,1224,8775
2023-03-08 10:05:22,28,31,1224,8775
2023-03-08 10:05:25,29,31,1224,8775
2023-03-08 10:05:27,28,31,1224,8775
2023-03-08 10:05:39,28,32,1224,8775
2023-03-08 10:05:40,28,30,1224,8775
2023-03-08 10:05:59,30,31,1225,8776
2023-03-08 10:06:08,28,31,1225,8776
2023-03-08 10:06:10,28,30,1225,8776
2023-03-08 10:06:44,28,30,1225,8777
2023-03-08 10:06:45,28,31,1225,8777
2023-03-08 10:06:46,27,31,1225,8777
2023-03-08 10:06:47,28,31,1225,8777
2023-03-08 10:06:47,28,30,1225,8777
2023-03-08 10:07:02,26,30,1225,8777
2023-03-08 10:07:02,27,30,1225,8777
2023-03-08 10:07:13,27,28,1225,8777
2023-03-08 10:07:23,28,30,1225,8778
2023-03-08 10:07:26,28,29,1225,8778
2023-03-08 10:07:33,28,30,1225,8778
2023-03-08 10:07:36,27,30,1225,8778
2023-03-08 10:07:36,28,30,1225,8778
2023-03-08 10:07:40,29,30,1225,8778
2023-03-08 10:07:52,29,31,1225,8778
2023-03-08 10:07:52,29,30,1225,8778
2023-03-08 10:08:07,29,31,1225,8778
2023-03-08 10:08:10,29,30,1225,8778
2023-03-08 10:08:21,28,30,1225,8778
2023-03-08 10:08:40,28,30,1225,8779
2023-03-08 10:08:46,28,29,1225,8779
2023-03-08 10:08:57,26,29,1225,8779
2023-03-08 10:08:57,28,29,1225,8779
2023-03-08 10:09:02,26,28,1225,8801
2023-03-08 10:09:08,26,27,1225,8801
2023-03-08 10:09:10,26,27,1225,8802
2023-03-08 10:09:10,26,28,1225,8802
2023-03-08 10:09:10,27,28,1225,8802
2023-03-08 10:09:18,27,29,1225,8802
2023-03-08 10:09:21,27,30,1225,8802
2023-03-08 10:09:21,28,30,1225,8802
2023-03-08 10:09:22,29,30,1225,8802
2023-03-08 10:09:23,31,32,1225,8913
2023-03-08 10:09:23,29,30,1225,9047
2023-03-08 10:09:23,29,30,1246,9068
2023-03-08 10:09:24,30,32,1329,9151
2023-03-08 10:09:25,30,31,1329,9151
2023-03-08 10:09:25,30,32,1329,9151
2023-03-08 10:09:30,30,33,1552,9374
2023-03-08 10:09:37,29,33,1552,9374
2023-03-08 10:09:40,32,33,1552,9374
2023-03-08 10:09:41,34,35,1531,9396
2023-03-08 10:09:43,32,34,1487,9440
2023-03-08 10:09:56,32,35,1487,9440
2023-03-08 10:09:56,34,35,1487,9440
2023-03-08 10:10:04,32,34,1404,9523
2023-03-08 10:10:10,32,35,1404,9523
2023-03-08 10:10:10,33,35,1404,9523
2023-03-08 10:10:10,33,34,1404,9523
2023-03-08 10:10:28,34,35,1405,9524
2023-03-08 10:10:31,34,35,1405,9610
2023-03-08 10:10:39,34,36,1405,9610
2023-03-08 10:10:39,34,37,1405,9610
2023-03-08 10:10:40,34,37,1405,9611
2023-03-08 10:10:41,36,37,1405,9611
2023-03-08 10:10:45,35,36,1333,9683
2023-03-08 10:10:47,35,36,1315,9769
2023-03-08 10:10:48,35,38,1315,9769
2023-03-08 10:10:50,36,38,1315,9769
2023-03-08 10:10:54,35,38,1315,9769
2023-03-08 10:10:59,35,39,1315,9769
2023-03-08 10:10:59,38,39,1315,9769
2023-03-08 10:11:01,36,38,1315,9811
2023-03-08 10:11:06,36,39,1315,9811
2023-03-08 10:11:06,37,39,1315,9811
2023-03-08 10:11:09,37,42,1316,9812
2023-03-08 10:11:09,37,40,1316,9812
2023-03-08 10:11:10,37,40,1316,9813
2023-03-08 10:11:16,37,38,1316,9813
2023-03-08 10:11:21,40,42,1315,9814
2023-03-08 10:11:23,38,40,1315,9867
2023-03-08 10:11:32,38,42,1315,9867
2023-03-08 10:11:33,38,41,1315,9867
2023-03-08 10:11:36,36,41,1315,9867
2023-03-08 10:11:36,39,41,1315,9867
2023-03-08 10:11:37,37,39,1315,9903
2023-03-08 10:11:40,37,39,1315,9904
2023-03-08 10:11:42,37,40,1315,9904
2023-03-08 10:11:49,37,41,1315,9904
2023-03-08 10:11:51,35,37,1315,10084
2023-03-08 10:11:54,34,38,1315,10084
2023-03-08 10:11:55,35,38,1315,10084
2023-03-08 10:11:55,37,38,1315,10084
2023-03-08 10:11:56,35,38,1315,10173
2023-03-08 10:12:05,34,38,1315,10173
2023-03-08 10:12:05,35,38,1315,10173
2023-03-08 10:12:05,35,37,1315,10173
2023-03-08 10:12:23,34,35,1315,10174
2023-03-08 10:12:36,34,37,1315,10239
2023-03-08 10:12:40,34,37,1315,10240
2023-03-08 10:12:48,34,38,1315,10240
2023-03-08 10:12:48,34,38,1359,10284
2023-03-08 10:12:48,34,36,1359,10284
2023-03-08 10:13:02,35,36,1359,10284
2023-03-08 10:13:04,35,36,1359,10421
2023-03-08 10:13:04,35,38,1359,10421
2023-03-08 10:13:04,35,36,1359,10421
2023-03-08 10:13:10,35,36,1359,10422
2023-03-08 10:13:13,34,36,1359,10422
2023-03-08 10:13:16,33,36,1359,10422
2023-03-08 10:13:16,33,37,1359,10422
2023-03-08 10:13:16,35,37,1359,10422
2023-03-08 10:13:17,35,36,1359,10422
2023-03-08 10:13:32,33,36,1359,10422
2023-03-08 10:13:32,34,36,1359,10422
2023-03-08 10:13:32,36,37,1339,10442
2023-03-08 10:13:36,34,37,1339,10465
2023-03-08 10:13:40,36,37,1339,10465
2023-03-08 10:13:41,35,37,1339,10466
2023-03-08 10:13:41,35,36,1339,10466
2023-03-08 10:13:48,35,37,1339,10466
2023-03-08 10:13:48,35,36,1339,10466
2023-03-08 10:13:51,33,35,1339,10507
2023-03-08 10:13:57,33,36,1339,10507
2023-03-08 10:13:57,33,35,1339,10507
2023-03-08 10:14:06,31,35,1339,10507
2023-03-08 10:14:06,34,35,1339,10507
2023-03-08 10:14:07,32,35,1339,10527
2023-03-08 10:14:10,33,35,1339,10527
2023-03-08 10:14:11,33,34,1339,10527
2023-03-08 10:14:55,32,34,1339,10527
2023-03-08 10:15:07,32,33,1339,10527
2023-03-08 10:15:09,31,32,1339,10528
2023-03-08 10:15:11,31,32,1339,10529
2023-03-08 10:15:13,31,33,1339,10529
2023-03-08 10:15:29,29,33,1339,10529
2023-03-08 10:15:29,30,33,1339,10529
2023-03-08 10:15:29,30,32,1339,10529
2023-03-08 10:15:40,30,31,1339,10529
2023-03-08 10:15:49,29,31,1339,10529
2023-03-08 10:15:49,30,31,1339,10529
2023-03-08 10:16:10,30,31,1339,10530
2023-03-08 10:16:17,30,32,1339,10530
2023-03-08 10:16:25,29,32,1339,10530
2023-03-08 10:16:25,29,31,1339,10530
2023-03-08 10:16:27,28,31,1339,10530
2023-03-08 10:16:31,29,31,1339,10530
2023-03-08 10:16:38,29,32,1339,10530
2023-03-08 10:16:38,30,32,1339,10530
2023-03-08 10:16:52,30,31,1339,10530
2023-03-08 10:17:17,28,31,1339,10530
2023-03-08 10:17:27,28,30,1339,10530
2023-03-08 10:17:29,28,31,1339,10530
2023-03-08 10:17:37,28,32,1339,10530
2023-03-08 10:17:39,28,31,1339,10530
2023-03-08 10:17:40,29,31,1339,10530
2023-03-08 10:18:17,28,32,1339,10530
2023-03-08 10:18:17,30,32,1339,10530
2023-03-08 10:18:27,30,31,1339,10530
2023-03-08 10:18:31,28,30,1339,10621
2023-03-08 10:18:33,27,30,1339,10621
2023-03-08 10:18:34,28,30,1339,10621
2023-03-08 10:18:40,28,30,1339,10622
2023-03-08 10:18:40,28,29,1339,10622
2023-03-08 10:18:42,27,28,1339,10735
2023-03-08 10:18:44,27,28,1339,10754
2023-03-08 10:18:44,26,28,1339,10754
2023-03-08 10:18:45,26,28,1339,10867
2023-03-08 10:18:49,26,29,1339,10867
2023-03-08 10:18:49,26,28,1339,10867
2023-03-08 10:18:54,26,27,1339,10867
2023-03-08 10:19:10,26,27,1339,10868
2023-03-08 10:19:12,26,28,1339,10868
2023-03-08 10:19:15,24,28,1339,10868
2023-03-08 10:19:16,25,28,1339,10868
2023-03-08 10:19:33,25,27,1339,10868
2023-03-08 10:19:40,25,26,1339,10868
2023-03-08 10:19:41,24,26,1339,10868
2023-03-08 10:20:02,25,26,1339,10868
2023-03-08 10:20:11,25,26,1417,10993
2023-03-08 10:20:14,26,27,1417,11007
2023-03-08 10:20:21,25,27,1417,11007
2023-03-08 10:20:40,25,26,1417,11007
2023-03-08 10:20:51,24,26,1417,11007
2023-03-08 10:21:02,24,25,1417,11007
2023-03-08 10:21:07,24,25,1339,11108
2023-03-08 10:21:08,22,24,1339,11171
2023-03-08 10:21:10,22,23,1339,11171
2023-03-08 10:21:10,22,23,1339,11172
2023-03-08 10:21:18,20,23,1339,11172
2023-03-08 10:21:18,21,23,1339,11172
2023-03-08 10:21:32,20,21,1323,11188
2023-03-08 10:21:33,21,23,1314,11197
2023-03-08 10:21:40,22,23,1314,11197
2023-03-08 10:21:46,22,24,1314,11197
2023-03-08 10:21:46,20,22,1314,11198
2023-03-08 10:21:48,22,24,1314,11213
2023-03-08 10:21:57,20,24,1314,11213
2023-03-08 10:21:57,21,24,1314,11213
2023-03-08 10:21:57,21,23,1314,11213
2023-03-08 10:22:10,21,22,1314,11213
2023-03-08 10:22:22,22,24,1314,11214
2023-03-08 10:22:22,22,23,1314,11214
2023-03-08 10:22:23,21,23,1314,11214
2023-03-08 10:22:24,21,24,1314,11330
2023-03-08 10:22:24,22,24,1314,11330
2023-03-08 10:22:24,22,25,1314,11330
2023-03-08 10:22:25,24,25,1314,11330
2023-03-08 10:22:27,24,25,1314,11530
2023-03-08 10:22:28,25,27,1314,11562
2023-03-08 10:22:29,26,27,1314,11562
2023-03-08 10:22:32,26,29,1314,11562
2023-03-08 10:22:32,26,27,1314,11562
2023-03-08 10:22:32,27,29,1314,11680
2023-03-08 10:22:33,28,29,1314,11680
2023-03-08 10:22:36,28,29,1314,11814
2023-03-08 10:22:39,29,31,1326,11848
2023-03-08 10:22:40,28,31,1326,11848
2023-03-08 10:22:40,28,31,1326,11849
2023-03-08 10:22:41,28,34,1326,11849
2023-03-08 10:22:41,28,30,1326,11849
2023-03-08 10:22:43,30,32,1326,11865
2023-03-08 10:22:51,28,32,1326,11865
2023-03-08 10:23:09,29,32,1326,11865
2023-03-08 10:23:10,29,32,1326,11866
2023-03-08 10:23:10,30,32,1326,11866
2023-03-08 10:23:14,32,34,1326,11949
2023-03-08 10:23:16,32,35,1314,11969
2023-03-08 10:23:16,33,35,1314,11969
2023-03-08 10:23:18,33,34,1314,11969
2023-03-08 10:23:20,33,34,1314,12124
2023-03-08 10:23:24,31,33,1314,12176
2023-03-08 10:23:28,31,33,1314,12279
2023-03-08 10:23:35,29,33,1314,12279
2023-03-08 10:23:35,32,33,1314,12279
2023-03-08 10:23:35,32,33,1314,12299
2023-03-08 10:23:39,32,34,1314,12299
2023-03-08 10:23:47,33,34,1314,12299
2023-03-08 10:23:49,32,34,1314,12299
2023-03-08 10:23:51,33,34,1314,12299
2023-03-08 10:23:53,32,34,1314,12299
2023-03-08 10:23:57,34,37,1314,12300
2023-03-08 10:23:57,34,36,1314,12300
2023-03-08 10:24:00,36,37,1314,12340
2023-03-08 10:24:00,36,38,1314,12340
2023-03-08 10:24:06,36,40,1314,12340
2023-03-08 10:24:06,36,39,1314,12340
2023-03-08 10:24:06,36,37,1314,12340
2023-03-08 10:24:10,36,37,1314,12341
2023-03-08 10:24:15,36,39,1434,12461
2023-03-08 10:24:16,37,39,1434,12461
2023-03-08 10:24:18,37,39,1434,12561
2023-03-08 10:24:23,37,40,1434,12561
2023-03-08 10:24:23,37,38,1434,12561
2023-03-08 10:24:27,37,40,1453,12580
2023-03-08 10:24:38,37,39,1453,12580
2023-03-08 10:24:40,37,39,1453,12581
2023-03-08 10:24:46,37,39,1453,12616
2023-03-08 10:24:46,39,41,1453,12619
2023-03-08 10:24:47,37,41,1453,12619
2023-03-08 10:24:47,40,41,1453,12619
2023-03-08 10:24:52,37,41,1453,12619
2023-03-08 10:24:54,37,42,1453,12619
2023-03-08 10:24:54,40,42,1453,12619
2023-03-08 10:25:05,40,41,1453,12619
2023-03-08 10:25:06,38,40,1453,12683
2023-03-08 10:25:11,38,40,1453,12684
2023-03-08 10:25:12,36,40,1453,12684
2023-03-08 10:25:12,39,40,1453,12684
2023-03-08 10:25:14,37,39,1453,12791
2023-03-08 10:25:24,37,40,1453,12791
2023-03-08 10:25:24,39,40,1453,12791
2023-03-08 10:25:25,39,41,1453,12791
2023-03-08 10:25:25,37,39,1453,12920
2023-03-08 10:25:28,38,39,1453,12920
2023-03-08 10:25:29,38,41,1453,12991
2023-03-08 10:25:31,39,41,1453,12991
2023-03-08 10:25:35,38,41,1453,12991
2023-03-08 10:25:40,38,41,1453,12992
2023-03-08 10:25:41,38,42,1453,12992
2023-03-08 10:25:42,40,42,1453,12992
2023-03-08 10:25:45,38,40,1453,13077
2023-03-08 10:25:59,38,42,1453,13077
2023-03-08 10:25:59,37,42,1453,13077
2023-03-08 10:25:59,39,42,1453,13077
2023-03-08 10:25:59,39,41,1453,13077
2023-03-08 10:26:10,39,41,1453,13078
2023-03-08 10:26:18,36,41,1453,13078
2023-03-08 10:26:18,36,42,1453,13078
2023-03-08 10:26:18,38,42,1453,13078
2023-03-08 10:26:18,38,40,1453,13078
2023-03-08 10:26:40,36,40,1453,13078
2023-03-08 10:26:40,36,40,1453,13079
2023-03-08 10:26:41,37,40,1453,13079
2023-03-08 10:26:41,37,39,1453,13079
2023-03-08 10:26:52,37,40,1476,13102
2023-03-08 10:26:53,37,41,1476,13102
2023-03-08 10:27:06,37,39,1476,13102
2023-03-08 10:27:08,38,39,1476,13102
2023-03-08 10:27:10,38,41,1523,13149
2023-03-08 10:27:10,38,41,1523,13150
2023-03-08 10:27:15,37,41,1523,13150
2023-03-08 10:27:16,38,41,1523,13150
2023-03-08 10:27:17,38,42,1523,13150
2023-03-08 10:27:17,40,42,1523,13150
2023-03-08 10:27:27,38,40,1523,13234
2023-03-08 10:27:28,38,41,1523,13234
2023-03-08 10:27:35,38,40,1523,13234
2023-03-08 10:27:37,38,40,1523,13434
2023-03-08 10:27:41,38,39,1523,13434
2023-03-08 10:27:42,37,38,1523,13445
2023-03-08 10:27:47,37,39,1523,13445
2023-03-08 10:28:09,37,38,1523,13445
2023-03-08 10:28:11,37,38,1523,13446
2023-03-08 10:28:14,35,37,1523,13486
2023-03-08 10:28:14,35,36,1523,13486
2023-03-08 10:28:20,35,36,1523,13686
2023-03-08 10:28:32,33,35,1523,13687
2023-03-08 10:28:39,33,36,1523,13687
2023-03-08 10:28:40,34,36,1523,13687
2023-03-08 10:28:44,33,34,1523,13688
2023-03-08 10:28:44,33,34,1523,13752
2023-03-08 10:28:44,33,34,1575,13913
2023-03-08 10:28:51,32,34,1575,13913
2023-03-08 10:28:54,32,36,1628,13966
2023-03-08 10:28:58,33,36,1628,13966
2023-03-08 10:28:59,33,34,1628,13966
2023-03-08 10:29:00,33,36,1844,14182
2023-03-08 10:29:10,33,36,1844,14183
2023-03-08 10:29:15,32,36,1844,14183
2023-03-08 10:29:19,32,38,1844,14183
2023-03-08 10:29:19,33,38,1844,14183
2023-03-08 10:29:19,33,35,1844,14183
2023-03-08 10:29:29,32,35,1844,14183
2023-03-08 10:29:29,32,36,1844,14183
2023-03-08 10:29:29,33,36,1844,14183
2023-03-08 10:29:40,34,36,1844,14183
2023-03-08 10:29:43,35,36,1844,14183
2023-03-08 10:29:58,36,37,1921,14312
2023-03-08 10:29:59,36,38,1921,14312
2023-03-08 10:29:59,36,37,1921,14312
2023-03-08 10:30:01,34,37,1921,14312
2023-03-08 10:30:11,34,37,1921,14313
2023-03-08 10:30:11,34,36,1921,14313
2023-03-08 10:30:12,32,34,1921,14455
2023-03-08 10:30:28,31,34,1921,14455
2023-03-08 10:30:29,33,34,1921,14455
2023-03-08 10:30:32,33,35,1921,14455
2023-03-08 10:31:01,34,35,1921,14455
2023-03-08 10:31:02,36,37,1921,14592
2023-03-08 10:31:04,36,37,1921,14597
2023-03-08 10:31:05,35,37,1921,14597
2023-03-08 10:31:07,35,37,1921,14597
2023-03-08 10:31:10,35,37,1921,14598
2023-03-08 10:31:12,36,37,1921,14598
2023-03-08 10:31:12,36,39,1921,14598
2023-03-08 10:31:12,36,42,1921,14598
2023-03-08 10:31:12,36,38,1921,14598
2023-03-08 10:31:12,36,38,2034,14711
2023-03-08 10:31:13,37,38,2034,14711
2023-03-08 10:31:13,39,40,2261,14938
2023-03-08 10:31:17,38,40,2261,14938
2023-03-08 10:31:18,37,40,2261,14938
2023-03-08 10:31:21,38,40,2261,14938
2023-03-08 10:31:24,37,40,2261,14938
2023-03-08 10:31:26,37,41,2261,14938
2023-03-08 10:31:26,37,39,2261,14938
2023-03-08 10:31:40,37,39,2261,14939
2023-03-08 10:31:47,37,40,2261,14939
2023-03-08 10:31:48,38,40,2261,14939
2023-03-08 10:31:50,38,41,2261,14939
2023-03-08 10:31:50,38,39,2261,14939
2023-03-08 10:31:56,36,38,2191,15009
2023-03-08 10:32:04,35,38,2191,15009
2023-03-08 10:32:04,34,38,2191,15009
2023-03-08 10:32:04,34,37,2191,15009
2023-03-08 10:32:04,34,37,2082,15118
2023-03-08 10:32:04,36,37,2082,15118
2023-03-08 10:32:10,36,37,2081,15119
2023-03-08 10:32:21,36,39,2081,15119
2023-03-08 10:32:26,35,39,2081,15119
2023-03-08 10:32:27,35,39,1996,15204
2023-03-08 10:32:27,35,41,1921,15418
2023-03-08 10:32:27,39,41,1921,15418
2023-03-08 10:32:30,39,41,1921,15618
2023-03-08 10:32:33,39,40,1921,15618
2023-03-08 10:32:34,37,39,1921,15632
2023-03-08 10:32:38,37,39,1921,15739
2023-03-08 10:32:38,40,41,1921,15832
2023-03-08 10:32:38,40,42,2056,16046
2023-03-08 10:32:42,40,41,2056,16046
2023-03-08 10:32:43,39,40,2177,16168
2023-03-08 10:32:48,40,42,2177,16168
2023-03-08 10:32:55,41,42,2177,16168
2023-03-08 10:32:56,41,42,1947,16398
2023-03-08 10:32:56,40,42,1937,16536
2023-03-08 10:33:11,40,42,1936,16537
2023-03-08 10:33:23,40,43,1936,16537
2023-03-08 10:33:27,42,43,1936,16537
2023-03-08 10:33:27,42,44,1936,16537
2023-03-08 10:33:27,42,45,1936,16537
2023-03-08 10:33:27,42,43,1936,16537
2023-03-08 10:33:27,42,43,1955,16556
2023-03-08 10:33:28,41,43,1955,16556
2023-03-08 10:33:37,42,43,1955,16556
2023-03-08 10:33:41,42,43,1955,16557
2023-03-08 10:33:41,42,43,2043,16735
2023-03-08 10:33:41,44,45,2246,16938
2023-03-08 10:33:41,44,46,2246,16938
2023-03-08 10:33:41,44,45,2246,16938
2023-03-08 10:33:41,44,45,2322,17014
2023-03-08 10:34:01,44,45,2337,17029
2023-03-08 10:34:08,44,47,2337,17029
2023-03-08 10:34:08,44,48,2337,17029
2023-03-08 10:34:08,44,46,2337,17029
2023-03-08 10:34:08,44,48,2337,17029
2023-03-08 10:34:09,44,47,2337,17029
2023-03-08 10:34:09,44,45,2337,17029
2023-03-08 10:34:11,44,45,2337,17030
2023-03-08 10:34:20,43,45,2337,17030
2023-03-08 10:34:36,44,45,2337,17030
2023-03-08 10:34:38,46,47,2249,17158
2023-03-08 10:34:38,46,47,2143,17264
2023-03-08 10:34:39,46,48,2143,17264
2023-03-08 10:34:40,44,46,2143,17348
2023-03-08 10:34:41,44,46,2143,17349
2023-03-08 10:34:46,44,47,2143,17349
2023-03-08 10:34:46,44,46,2143,17349
2023-03-08 10:34:53,46,47,1936,17556
2023-03-08 10:34:53,46,47,1970,17670
2023-03-08 10:34:56,44,46,1992,17692
2023-03-08 10:34:56,45,46,1992,17692
2023-03-08 10:35:00,44,45,1992,17806
2023-03-08 10:35:04,45,46,2078,17892
2023-03-08 10:35:11,45,46,2078,17893
2023-03-08 10:35:11,44,45,2106,17921
2023-03-08 10:35:17,44,46,2106,17921
2023-03-08 10:35:22,42,46,2106,17921
2023-03-08 10:35:23,42,46,2106,18040
2023-03-08 10:35:23,41,46,2293,18278
2023-03-08 10:35:23,41,44,2293,18278
2023-03-08 10:35:23,41,43,2293,18278
2023-03-08 10:35:24,41,44,2293,18278
2023-03-08 10:35:25,43,44,2293,18278
2023-03-08 10:35:33,41,44,2293,18278
2023-03-08 10:35:33,41,44,2365,18350
2023-03-08 10:35:33,41,44,2566,18590
2023-03-08 10:35:33,41,43,2566,18590
2023-03-08 10:35:41,41,43,2566,18591
2023-03-08 10:35:43,43,44,2693,18718
2023-03-08 10:35:50,41,44,2693,18718
2023-03-08 10:35:56,41,47,3150,19532
2023-03-08 10:36:02,44,47,3150,19532
2023-03-08 10:36:03,44,47,3173,19555
2023-03-08 10:36:03,44,46,3173,19555
2023-03-08 10:36:09,46,48,3409,19791
2023-03-08 10:36:11,46,48,3409,19792
2023-03-08 10:36:23,46,49,3328,20000
2023-03-08 10:36:23,46,49,3266,20062
2023-03-08 10:36:23,46,49,3058,20270
2023-03-08 10:36:24,46,48,3058,20270
2023-03-08 10:36:25,45,48,3058,20270
2023-03-08 10:36:31,44,48,3058,20270
2023-03-08 10:36:31,44,47,3058,20270
2023-03-08 10:36:32,44,48,3058,20270
2023-03-08 10:36:35,44,47,3058,20270
2023-03-08 10:36:41,46,47,3058,20270
2023-03-08 10:36:42,44,46,3058,20358
2023-03-08 10:36:52,44,48,3058,20358
2023-03-08 10:36:54,44,47,3058,20358
2023-03-08 10:37:01,43,47,3058,20358
2023-03-08 10:37:01,45,47,3058,20358
2023-03-08 10:37:11,45,47,3058,20359
2023-03-08 10:37:19,43,45,3058,20453
2023-03-08 10:37:23,45,47,3058,20453
2023-03-08 10:37:32,43,47,3058,20453
2023-03-08 10:37:32,45,47,3058,20453
2023-03-08 10:37:32,45,46,3058,20453
2023-03-08 10:37:35,43,45,3058,20517
2023-03-08 10:37:41,43,46,3057,20518
2023-03-08 10:37:41,44,46,3057,20518
2023-03-08 10:37:44,44,48,3057,20518
2023-03-08 10:37:44,44,46,3057,20518
2023-03-08 10:37:55,44,45,3057,20518
2023-03-08 10:37:57,42,45,3057,20518
2023-03-08 10:37:57,42,45,2992,20583
2023-03-08 10:37:57,43,45,2992,20583
2023-03-08 10:38:10,42,45,2992,20583
2023-03-08 10:38:10,44,45,2992,20583
2023-03-08 10:38:11,44,45,2991,20584
2023-03-08 10:38:23,42,45,2991,20584
2023-03-08 10:38:23,42,44,2991,20584
2023-03-08 10:38:33,42,45,2991,20584
2023-03-08 10:38:41,42,45,2990,20585
2023-03-08 10:38:47,42,44,2990,20585
2023-03-08 10:38:51,43,44,2990,20585
2023-03-08 10:38:56,42,44,2990,20585
2023-03-08 10:39:00,42,46,2990,20615
2023-03-08 10:39:00,43,46,2990,20615
2023-03-08 10:39:01,44,46,2990,20615
2023-03-08 10:39:02,44,47,2990,20615
2023-03-08 10:39:02,44,45,2990,20615
2023-03-08 10:39:02,43,45,2990,20615
2023-03-08 10:39:03,44,45,2990,20615
2023-03-08 10:39:07,43,45,2990,20615
2023-03-08 10:39:08,44,45,2990,20615
2023-03-08 10:39:09,43,45,2990,20615
2023-03-08 10:39:11,43,45,2990,20616
2023-03-08 10:39:13,43,47,2990,20616
2023-03-08 10:39:14,43,45,2990,20616
2023-03-08 10:39:28,43,46,2990,20616
2023-03-08 10:39:29,44,46,2990,20616
2023-03-08 10:39:29,44,45,2990,20616
2023-03-08 10:39:31,42,44,2990,20680
2023-03-08 10:39:31,42,43,2990,20680
2023-03-08 10:39:33,42,43,2877,20793
2023-03-08 10:39:36,40,42,2722,21002
2023-03-08 10:39:38,39,42,2722,21002
2023-03-08 10:39:38,41,42,2722,21002
2023-03-08 10:39:38,41,42,2722,21098
2023-03-08 10:39:55,40,42,2722,21098
2023-03-08 10:39:59,41,42,2722,21098
2023-03-08 10:40:10,41,44,2723,21099
2023-03-08 10:40:11,43,44,2723,21099
2023-03-08 10:40:11,41,43,2723,21100
2023-03-08 10:40:15,40,43,2723,21100
2023-03-08 10:40:24,40,44,2723,21100
2023-03-08 10:40:27,39,44,2723,21100
2023-03-08 10:40:28,39,41,2723,21100
2023-03-08 10:40:41,39,41,2722,21101
2023-03-08 10:40:44,39,41,2617,21206
2023-03-08 10:40:48,39,43,2617,21206
2023-03-08 10:40:48,39,43,2573,21302
2023-03-08 10:40:48,39,41,2573,21302
2023-03-08 10:41:01,39,43,2895,21624
2023-03-08 10:41:08,39,41,2895,21624
2023-03-08 10:41:08,39,41,2960,21689
2023-03-08 10:41:09,38,41,2960,21689
2023-03-08 10:41:11,38,40,2960,21689
2023-03-08 10:41:16,38,39,2960,21689
2023-03-08 10:41:26,36,38,2960,21690
2023-03-08 10:41:48,36,39,2960,21721
2023-03-08 10:41:52,36,40,2960,21721
2023-03-08 10:41:53,36,39,2960,21721
2023-03-08 10:41:59,37,39,2960,21721
2023-03-08 10:42:00,37,40,2960,21721
2023-03-08 10:42:10,37,41,2960,21721
2023-03-08 10:42:10,37,38,2960,21721
2023-03-08 10:42:11,37,38,2960,21722
2023-03-08 10:42:11,37,40,2960,21821
2023-03-08 10:42:20,38,40,2960,21821
2023-03-08 10:42:28,38,41,2960,21821
2023-03-08 10:42:29,40,41,2960,21821
2023-03-08 10:42:41,40,41,2960,21822
2023-03-08 10:42:44,40,41,2895,21887
2023-03-08 10:42:45,38,41,2895,21887
2023-03-08 10:42:45,40,41,2895,21887
2023-03-08 10:42:45,40,41,2895,21949
2023-03-08 10:42:46,40,42,2895,21949
2023-03-08 10:42:51,40,42,2895,22149
2023-03-08 10:42:53,39,42,2895,22263
2023-03-08 10:43:02,41,42,2895,22263
2023-03-08 10:43:04,39,41,2895,22295
2023-03-08 10:43:10,39,40,2895,22295
2023-03-08 10:43:11,39,40,2895,22296
2023-03-08 10:43:16,38,40,2895,22296
2023-03-08 10:43:16,37,40,2996,22492
2023-03-08 10:43:16,38,40,2996,22492
2023-03-08 10:43:26,38,40,3005,22501
2023-03-08 10:43:32,38,41,3005,22501
2023-03-08 10:43:34,38,40,3005,22501
2023-03-08 10:43:34,38,40,2904,22622
2023-03-08 10:44:00,38,39,2904,22622
2023-03-08 10:44:00,37,39,2904,22663
2023-03-08 10:44:05,35,39,2904,22663
2023-03-08 10:44:07,36,39,2904,22663
2023-03-08 10:44:10,37,39,2904,22663
2023-03-08 10:44:11,37,38,2904,22663
2023-03-08 10:44:11,36,38,2904,22663
2023-03-08 10:44:12,37,38,2904,22663
2023-03-08 10:44:13,38,39,2904,22664
2023-03-08 10:44:14,38,40,2904,22664
2023-03-08 10:44:15,37,38,2904,22801
2023-03-08 10:44:23,37,40,2972,22869
2023-03-08 10:44:29,36,40,2972,22869
2023-03-08 10:44:33,36,38,2972,22869
2023-03-08 10:44:41,36,37,2972,22869
2023-03-08 10:44:46,36,39,2973,22870
2023-03-08 10:44:55,35,39,2973,22870
2023-03-08 10:44:55,36,39,2973,22870
2023-03-08 10:44:55,36,38,2973,22870
2023-03-08 10:45:09,36,40,3014,22911
2023-03-08 10:45:11,36,37,3014,22911
2023-03-08 10:45:33,35,37,3014,22911
2023-03-08 10:45:41,35,36,3014,22911
2023-03-08 10:46:00,35,37,3074,22971
2023-03-08 10:46:00,34,37,3074,22971
2023-03-08 10:46:00,34,38,3074,22971
2023-03-08 10:46:01,34,37,3074,22971
2023-03-08 10:46:06,35,37,3074,22971
2023-03-08 10:46:11,35,38,3235,23132
2023-03-08 10:46:11,35,37,3235,23132
2023-03-08 10:46:32,36,37,3235,23132
2023-03-08 10:46:38,36,38,3236,23133
2023-03-08 10:46:41,36,39,3236,23133
2023-03-08 10:46:41,37,39,3236,23133
2023-03-08 10:46:41,37,39,3236,23134
2023-03-08 10:47:01,35,39,3236,23134
2023-03-08 10:47:02,37,39,3236,23134
2023-03-08 10:47:11,37,38,3236,23134
2023-03-08 10:47:16,36,38,3236,23134
2023-03-08 10:47:17,37,38,3236,23134
2023-03-08 10:47:17,39,40,3236,23135
2023-03-08 10:47:35,37,40,3236,23135
2023-03-08 10:47:35,39,40,3236,23135
2023-03-08 10:47:36,37,39,3236,23215
2023-03-08 10:47:41,37,38,3236,23215
2023-03-08 10:47:41,37,38,3236,23216
2023-03-08 10:47:47,35,36,3236,23616
2023-03-08 10:47:53,35,36,3236,23654
2023-03-08 10:48:05,36,39,3342,23766
2023-03-08 10:48:11,36,39,3343,23767
2023-03-08 10:48:19,36,38,3343,23767
2023-03-08 10:48:24,34,38,3424,23848
2023-03-08 10:48:28,32,38,3424,23848
2023-03-08 10:48:28,32,39,3424,23848
2023-03-08 10:48:28,32,38,3424,23848
2023-03-08 10:48:28,32,36,3424,23848
2023-03-08 10:48:28,32,34,3424,23848
2023-03-08 10:48:41,33,34,3424,23848
2023-03-08 10:48:44,33,35,3424,23848
2023-03-08 10:48:44,32,33,3423,23849
2023-03-08 10:48:45,32,33,3305,23967
2023-03-08 10:48:48,33,35,3304,23968
2023-03-08 10:48:58,32,35,3304,23968
2023-03-08 10:49:01,32,33,3304,23968
2023-03-08 10:49:04,33,35,3236,24145
2023-03-08 10:49:10,32,35,3236,24145
2023-03-08 10:49:11,32,33,3236,24145
2023-03-08 10:49:38,32,33,3236,24188
2023-03-08 10:49:42,31,33,3236,24188
2023-03-08 10:49:43,31,33,3236,24190
2023-03-08 10:49:43,30,33,3236,24190
2023-03-08 10:49:44,30,31,3236,24190
2023-03-08 10:49:54,29,31,3236,24190
2023-03-08 10:49:54,29,30,3236,24190
2023-03-08 10:49:56,28,30,3236,24190
2023-03-08 10:50:11,28,30,3236,24191
2023-03-08 10:50:26,27,30,3236,24191
2023-03-08 10:50:26,27,31,3236,24191
2023-03-08 10:50:26,27,30,3236,24191
2023-03-08 10:50:26,29,30,3236,24191
2023-03-08 10:50:38,29,30,3236,24391
2023-03-08 10:50:39,29,33,3236,24391
2023-03-08 10:50:39,29,31,3236,24391
2023-03-08 10:50:41,29,30,3236,24391
2023-03-08 10:50:50,29,31,3236,24392
2023-03-08 10:50:52,30,31,3236,24392
2023-03-08 10:50:54,31,33,3277,24433
2023-03-08 10:51:07,31,32,3277,24433
2023-03-08 10:51:11,30,32,3278,24434
2023-03-08 10:51:27,30,33,3278,24434
2023-03-08 10:51:31,30,31,3278,24434
2023-03-08 10:51:40,30,33,3278,24434
2023-03-08 10:51:41,30,33,3278,24435
2023-03-08 10:51:50,30,31,3278,24435
2023-03-08 10:51:53,28,31,3278,24435
2023-03-08 10:51:53,30,31,3278,24435
2023-03-08 10:52:11,30,31,3278,24436
2023-03-08 10:52:23,28,31,3278,24436
2023-03-08 10:52:23,27,31,3278,24436
2023-03-08 10:52:24,28,31,3278,24436
2023-03-08 10:52:40,28,30,3278,24436
2023-03-08 10:52:41,28,30,3278,24437
2023-03-08 10:52:41,28,29,3278,24437
2023-03-08 10:52:53,27,29,3278,24437
2023-03-08 10:53:11,27,29,3278,24438
2023-03-08 10:53:23,28,29,3278,24438
2023-03-08 10:53:30,29,31,3278,24479
2023-03-08 10:53:31,28,31,3278,24479
2023-03-08 10:53:34,28,30,3278,24479
2023-03-08 10:53:41,28,29,3278,24479
2023-03-08 10:53:55,29,30,3278,24480
2023-03-08 10:53:58,29,31,3278,24480
2023-03-08 10:54:04,28,32,3485,24687
2023-03-08 10:54:05,28,33,3485,24687
2023-03-08 10:54:05,28,32,3485,24687
2023-03-08 10:54:11,29,32,3485,24687
2023-03-08 10:54:11,29,31,3485,24687
2023-03-08 10:54:28,31,34,3485,24688
2023-03-08 10:54:28,31,33,3485,24688
2023-03-08 10:54:41,30,33,3485,24688
2023-03-08 10:54:41,30,34,3485,24688
2023-03-08 10:54:41,32,34,3485,24688
2023-03-08 10:54:41,32,33,3485,24688
2023-03-08 10:54:50,31,33,3485,24688
2023-03-08 10:54:50,32,33,3485,24688
2023-03-08 10:55:11,32,33,3485,24689
2023-03-08 10:55:19,30,33,3485,24689
2023-03-08 10:55:19,29,33,3485,24689
2023-03-08 10:55:19,31,33,3485,24689
2023-03-08 10:55:41,31,32,3485,24689
2023-03-08 10:55:49,30,32,3485,24689
2023-03-08 10:55:49,31,32,3485,24689
2023-03-08 10:55:57,30,32,3485,24689
2023-03-08 10:55:57,31,32,3485,24689
2023-03-08 10:56:06,31,33,3486,24690
2023-03-08 10:56:12,31,32,3486,24690
2023-03-08 10:56:17,30,32,3486,24690
2023-03-08 10:56:17,32,34,3486,24691
2023-03-08 10:56:33,30,34,3486,24691
2023-03-08 10:56:33,31,34,3486,24691
2023-03-08 10:56:33,31,33,3486,24691
2023-03-08 10:56:53,32,33,3486,24691
2023-03-08 10:57:02,31,32,3486,24776
2023-03-08 10:57:03,31,33,3486,24776
2023-03-08 10:57:11,31,33,3486,24777
2023-03-08 10:57:25,28,33,3486,24777
2023-03-08 10:57:25,30,33,3486,24777
2023-03-08 10:57:25,30,32,3486,24777
2023-03-08 10:57:31,30,31,3486,24777
2023-03-08 10:57:33,28,31,3486,24777
2023-03-08 10:57:41,28,31,3486,24778
2023-03-08 10:57:49,27,31,3486,24778
2023-03-08 10:57:49,27,30,3486,24778
2023-03-08 10:57:57,27,31,3486,24778
2023-03-08 10:57:57,27,29,3486,24778
2023-03-08 10:58:11,27,28,3486,24778
2023-03-08 10:58:12,27,29,3486,24779
2023-03-08 10:58:14,28,29,3486,24779
2023-03-08 10:58:18,29,31,3486,24864
2023-03-08 10:58:26,28,31,3486,24864
2023-03-08 10:58:26,28,33,3486,24864
2023-03-08 10:58:26,28,31,3486,24864
2023-03-08 10:58:31,30,31,3486,24864
2023-03-08 10:58:33,31,33,3698,25076
2023-03-08 10:58:33,31,34,3698,25076
2023-03-08 10:58:33,31,33,3698,25076
2023-03-08 10:58:36,30,33,3698,25076
2023-03-08 10:58:41,31,33,3698,25076
2023-03-08 10:58:42,32,33,3698,25076
2023-03-08 10:58:44,30,33,3654,25120
2023-03-08 10:58:53,31,33,3654,25120
2023-03-08 10:59:12,31,32,3654,25120
2023-03-08 10:59:17,30,32,3654,25120
2023-03-08 10:59:17,32,34,3654,25121
2023-03-08 10:59:32,32,33,3654,25121
2023-03-08 10:59:33,30,33,3654,25121
2023-03-08 10:59:34,31,33,3654,25121
2023-03-08 10:59:41,31,33,3654,25122
2023-03-08 10:59:43,30,33,3654,25122
2023-03-08 10:59:43,32,33,3654,25122
2023-03-08 10:59:51,30,33,3654,25122
2023-03-08 10:59:51,29,33,3654,25122
2023-03-08 10:59:51,31,33,3654,25122
2023-03-08 11:00:03,31,34,3654,25122
2023-03-08 11:00:12,31,33,3654,25122
2023-03-08 11:00:20,32,33,3654,25122
2023-03-08 11:00:32,31,33,3654,25122
2023-03-08 11:00:56,33,34,3740,25208
2023-03-08 11:00:58,33,35,3740,25208
2023-03-08 11:01:01,33,34,3740,25208
2023-03-08 11:01:08,32,34,3740,25208
2023-03-08 11:01:11,32,33,3740,25208
2023-03-08 11:01:27,31,33,3740,25208
2023-03-08 11:01:27,32,33,3740,25208
2023-03-08 11:01:38,31,33,3740,25208
2023-03-08 11:01:38,32,33,3740,25208
2023-03-08 11:01:53,31,33,3740,25208
2023-03-08 11:01:53,32,33,3740,25208
2023-03-08 11:02:06,32,34,3741,25209
2023-03-08 11:02:11,32,34,3741,25210
2023-03-08 11:02:12,32,33,3741,25210
2023-03-08 11:02:20,30,33,3741,25210
2023-03-08 11:02:20,32,33,3741,25210
2023-03-08 11:02:23,32,33,3765,25234
2023-03-08 11:02:33,30,32,3765,25276
2023-03-08 11:02:37,30,33,3765,25276
2023-03-08 11:02:39,32,33,3765,25276
2023-03-08 11:02:41,32,33,3765,25277
2023-03-08 11:02:53,29,33,3765,25277
2023-03-08 11:02:53,30,33,3765,25277
2023-03-08 11:03:09,29,33,3765,25277
2023-03-08 11:03:09,29,34,3765,25277
2023-03-08 11:03:09,31,34,3765,25277
2023-03-08 11:03:09,31,33,3765,25277
2023-03-08 11:03:11,32,33,3765,25277
2023-03-08 11:03:30,32,34,3765,25277
2023-03-08 11:03:41,32,36,3765,25484
2023-03-08 11:03:41,35,36,3765,25484
2023-03-08 11:03:47,35,37,3765,25484
2023-03-08 11:04:12,35,36,3765,25484
2023-03-08 11:04:16,34,36,3765,25484
2023-03-08 11:04:34,33,36,3765,25484
2023-03-08 11:04:34,34,36,3765,25484
2023-03-08 11:04:41,34,36,3765,25485
2023-03-08 11:04:49,32,36,3765,25485
2023-03-08 11:04:49,33,36,3765,25485
2023-03-08 11:05:03,32,36,3765,25485
2023-03-08 11:05:03,33,36,3765,25485
2023-03-08 11:05:11,35,36,3765,25485
2023-03-08 11:05:22,35,37,3765,25485
2023-03-08 11:05:33,35,38,3843,25563
2023-03-08 11:05:41,35,38,3843,25564
2023-03-08 11:05:42,35,39,3843,25564
2023-03-08 11:05:42,36,39,3843,25564
2023-03-08 11:05:42,36,38,3843,25564
2023-03-08 11:05:49,34,38,3843,25564
2023-03-08 11:05:49,34,40,3843,25564
2023-03-08 11:05:49,36,40,3843,25564
2023-03-08 11:05:49,36,39,3843,25564
2023-03-08 11:06:07,36,40,4037,25758
2023-03-08 11:06:09,37,40,4037,25758
2023-03-08 11:06:11,37,40,4037,25759
2023-03-08 11:06:32,40,41,4012,25784
2023-03-08 11:06:48,40,41,4012,25866
2023-03-08 11:07:04,40,42,4012,25866
2023-03-08 11:07:14,41,42,4012,25866
2023-03-08 11:07:41,41,42,4012,25867
2023-03-08 11:07:44,41,43,4012,25867
2023-03-08 11:07:50,40,43,4012,25867
2023-03-08 11:07:55,39,43,4012,25867
2023-03-08 11:07:56,41,43,4012,25867
2023-03-08 11:08:12,41,43,4012,25868
2023-03-08 11:08:14,41,44,4012,25868
2023-03-08 11:08:27,39,44,4012,25868
2023-03-08 11:08:28,42,44,4012,25868
2023-03-08 11:08:35,42,43,4012,25868
2023-03-08 11:08:42,42,43,4012,25869
2023-03-08 11:08:42,39,43,4012,25869
2023-03-08 11:08:43,40,43,4012,25869
2023-03-08 11:08:43,42,43,4012,25869
2023-03-08 11:09:01,39,43,4012,25869
2023-03-08 11:09:01,41,43,4012,25869
2023-03-08 11:09:11,42,43,4012,25869
2023-03-08 11:09:15,41,43,4011,25870
2023-03-08 11:09:27,39,43,4011,25870
2023-03-08 11:09:27,40,43,4011,25870
2023-03-08 11:09:41,38,43,4011,25870
2023-03-08 11:09:41,39,43,4011,25870
2023-03-08 11:09:41,40,43,4011,25870
2023-03-08 11:09:42,40,42,4011,25870
2023-03-08 11:10:22,39,43,4011,25870
2023-03-08 11:10:29,40,43,4011,25870
2023-03-08 11:10:42,40,43,4011,25871
2023-03-08 11:10:48,39,43,4011,25871
2023-03-08 11:10:49,39,44,4011,25871
2023-03-08 11:10:49,42,44,4011,25871
2023-03-08 11:11:03,40,44,4011,25871
2023-03-08 11:11:03,39,44,4011,25871
2023-03-08 11:11:03,39,45,4011,25871
2023-03-08 11:11:03,41,45,4011,25871
2023-03-08 11:11:03,41,44,4011,25871
2023-03-08 11:11:07,41,43,4011,25871
2023-03-08 11:11:12,41,43,4011,25872
2023-03-08 11:11:33,39,43,4011,25872
2023-03-08 11:11:33,40,43,4011,25872
2023-03-08 11:11:42,40,43,4011,25873
2023-03-08 11:11:44,39,43,4011,25873
2023-03-08 11:11:45,39,41,4011,25873
2023-03-08 11:12:01,39,43,4011,25873
2023-03-08 11:12:12,39,41,4011,25873
2023-03-08 11:12:25,39,40,4011,25873
2023-03-08 11:12:26,39,40,4011,25997
2023-03-08 11:12:27,37,39,4011,26046
2023-03-08 11:12:31,37,40,4011,26046
2023-03-08 11:12:42,37,38,4011,26046
2023-03-08 11:12:44,36,38,4011,26046
2023-03-08 11:12:45,37,38,4011,26046
2023-03-08 11:12:45,36,37,4011,26095
2023-03-08 11:12:45,34,35,4011,26145
2023-03-08 11:12:46,34,37,4011,26174
2023-03-08 11:12:46,35,37,4011,26174
2023-03-08 11:12:57,34,37,4011,26174
2023-03-08 11:12:57,35,37,4011,26174
2023-03-08 11:12:58,36,37,4011,26174
2023-03-08 11:12:58,36,37,4011,26341
2023-03-08 11:13:02,36,38,4011,26341
2023-03-08 11:13:02,36,38,4011,26585
2023-03-08 11:13:12,36,38,4011,26586
2023-03-08 11:13:22,36,40,4011,26586
2023-03-08 11:13:22,37,40,4011,26586
2023-03-08 11:13:22,37,39,4011,26586
2023-03-08 11:13:39,36,39,4011,26586
2023-03-08 11:13:39,36,40,4011,26586
2023-03-08 11:13:39,38,40,4011,26586
2023-03-08 11:13:43,38,39,4011,26586
2023-03-08 11:13:44,38,40,4011,26586
2023-03-08 11:13:59,39,40,4011,26586
2023-03-08 11:14:23,37,39,4011,26630
2023-03-08 11:14:27,37,38,4011,26630
2023-03-08 11:14:38,35,38,4011,26630
2023-03-08 11:14:38,37,38,4011,26630
2023-03-08 11:14:51,36,38,4011,26630
2023-03-08 11:15:12,36,38,4011,26631
2023-03-08 11:15:20,35,38,4011,26631
2023-03-08 11:15:20,35,39,4011,26631
2023-03-08 11:15:20,37,39,4011,26631
2023-03-08 11:15:28,35,39,4011,26631
2023-03-08 11:15:28,37,39,4011,26631
2023-03-08 11:15:42,37,39,4011,26632
2023-03-08 11:15:43,37,40,4011,26632
2023-03-08 11:16:02,38,40,4011,26632
2023-03-08 11:16:09,39,40,4011,26632
2023-03-08 11:16:10,38,40,4011,26632
2023-03-08 11:16:12,39,40,4011,26632
2023-03-08 11:16:14,38,40,4011,26632
2023-03-08 11:16:24,38,42,4011,26632
2023-03-08 11:16:24,40,42,4011,26632
2023-03-08 11:16:30,40,41,4011,26632
2023-03-08 11:16:39,38,41,4011,26632
2023-03-08 11:16:45,38,40,4011,26632
2023-03-08 11:16:54,36,40,4011,26632
2023-03-08 11:16:54,37,40,4011,26632
2023-03-08 11:16:57,37,39,4011,26632
2023-03-08 11:17:05,37,38,4011,26632
2023-03-08 11:17:07,37,39,4011,26632
2023-03-08 11:17:18,35,39,4011,26632
2023-03-08 11:17:18,37,39,4011,26632
2023-03-08 11:17:31,35,39,4011,26632
2023-03-08 11:17:31,37,39,4011,26632
2023-03-08 11:17:40,35,39,4011,26632
2023-03-08 11:17:40,37,39,4011,26632
2023-03-08 11:17:42,37,38,4011,26632
2023-03-08 11:17:43,37,39,4011,26632
2023-03-08 11:17:48,37,38,4011,26632
2023-03-08 11:17:57,35,38,4011,26632
2023-03-08 11:17:58,36,38,4011,26632
2023-03-08 11:18:00,36,39,4011,26632
2023-03-08 11:18:01,36,38,4011,26632
2023-03-08 11:18:07,36,37,4011,26632
2023-03-08 11:18:10,36,37,4011,26650
2023-03-08 11:18:20,36,37,4011,26753
2023-03-08 11:18:22,34,37,4011,26753
2023-03-08 11:18:22,33,37,4011,26753
2023-03-08 11:18:22,34,37,4011,26753
2023-03-08 11:18:35,33,37,4011,26753
2023-03-08 11:18:35,33,38,4011,26753
2023-03-08 11:18:35,34,38,4011,26753
2023-03-08 11:18:35,34,36,4011,26753
2023-03-08 11:18:48,34,38,4011,26753
2023-03-08 11:18:48,34,37,4011,26753
2023-03-08 11:19:01,34,38,4011,26753
2023-03-08 11:19:01,35,38,4011,26753
2023-03-08 11:19:20,35,39,4011,26753
2023-03-08 11:19:20,36,39,4011,26753
2023-03-08 11:19:20,36,38,4011,26753
2023-03-08 11:19:38,35,38,4011,26753
2023-03-08 11:19:38,35,39,4011,26753
2023-03-08 11:19:39,37,39,4011,26753
2023-03-08 11:19:48,35,37,4011,26795
2023-03-08 11:19:49,35,39,4011,26795
2023-03-08 11:19:49,35,36,4011,26795
2023-03-08 11:19:53,34,36,4011,26795
2023-03-08 11:19:53,36,39,4011,26796
2023-03-08 11:19:53,36,38,4011,26796
2023-03-08 11:20:09,34,38,4011,26796
2023-03-08 11:20:09,35,38,4011,26796
2023-03-08 11:20:19,35,38,4011,26797
2023-03-08 11:20:36,33,38,4011,26797
2023-03-08 11:20:36,34,38,4011,26797
2023-03-08 11:20:37,34,36,4011,26797
2023-03-08 11:20:46,33,36,4011,26797
2023-03-08 11:20:46,33,38,4011,26797
2023-03-08 11:20:46,33,36,4011,26797
2023-03-08 11:20:50,33,35,4011,26797
2023-03-08 11:21:15,34,35,4011,26797
2023-03-08 11:21:18,35,37,4011,26885
2023-03-08 11:21:19,34,37,4011,26885
2023-03-08 11:21:19,35,37,4011,26886
2023-03-08 11:21:30,35,38,4011,26886
2023-03-08 11:21:30,36,38,4011,26886
2023-03-08 11:21:49,36,37,4011,26886
2023-03-08 11:22:03,35,37,4011,26886
2023-03-08 11:22:03,36,37,4011,26886
2023-03-08 11:22:31,36,38,4011,26886
2023-03-08 11:23:40,37,38,4011,26886
2023-03-08 11:23:58,37,39,4011,26886
2023-03-08 11:24:19,38,39,4011,26886
2023-03-08 11:24:20,37,39,4011,26888
2023-03-08 11:24:20,37,38,4011,26888
2023-03-08 11:24:24,36,39,4011,26888
2023-03-08 11:24:24,36,38,4011,26888
2023-03-08 11:24:42,33,38,4011,26888
2023-03-08 11:24:42,33,39,4011,26888
2023-03-08 11:24:42,35,39,4011,26888
2023-03-08 11:24:43,35,37,4011,26888
2023-03-08 11:24:50,35,36,4011,26888
2023-03-08 11:25:01,35,37,4051,26928
2023-03-08 11:25:03,34,37,4051,26928
2023-03-08 11:25:03,34,39,4051,26928
2023-03-08 11:25:03,34,36,4051,26928
2023-03-08 11:25:19,34,36,4051,26930
2023-03-08 11:25:20,34,36,4111,26990
2023-03-08 11:25:24,34,35,4111,26990
2023-03-08 11:25:26,32,35,4111,26990
2023-03-08 11:25:34,34,35,4111,26990
2023-03-08 11:25:41,34,37,4111,26990
2023-03-08 11:25:41,34,39,4111,26990
2023-03-08 11:25:41,34,38,4111,26990
2023-03-08 11:25:41,34,36,4111,26990
2023-03-08 11:25:49,35,36,4111,26990
2023-03-08 11:25:56,35,37,4111,26990
2023-03-08 11:25:57,35,36,4111,26990
2023-03-08 11:26:11,35,37,4111,26990
2023-03-08 11:26:12,35,36,4111,26990
2023-03-08 11:26:16,36,37,4111,27072
2023-03-08 11:26:19,36,37,4111,27074
2023-03-08 11:26:20,35,37,4111,27074
2023-03-08 11:26:23,36,37,4111,27074
2023-03-08 11:26:33,35,38,4111,27074
2023-03-08 11:26:34,36,38,4111,27074
2023-03-08 11:26:47,35,38,4111,27074
2023-03-08 11:26:47,35,40,4111,27074
2023-03-08 11:26:47,36,40,4111,27074
2023-03-08 11:26:47,36,38,4111,27074
2023-03-08 11:26:49,37,38,4111,27074
2023-03-08 11:27:05,37,39,4111,27074
2023-03-08 11:27:05,37,38,4111,27074
2023-03-08 11:27:31,36,38,4111,27074
2023-03-08 11:27:49,36,38,4111,27076
2023-03-08 11:27:59,36,39,4111,27076
2023-03-08 11:28:00,37,39,4111,27076
2023-03-08 11:28:18,37,38,4111,27076
2023-03-08 11:28:18,35,37,4111,27118
2023-03-08 11:28:19,35,38,4111,27118
2023-03-08 11:28:20,35,36,4111,27118
2023-03-08 11:28:32,34,36,4111,27118
2023-03-08 11:29:01,33,36,4111,27118
2023-03-08 11:29:01,32,36,4111,27118
2023-03-08 11:29:01,32,37,4111,27118
2023-03-08 11:29:02,32,35,4111,27118
2023-03-08 11:29:19,32,35,4111,27120
2023-03-08 11:29:36,30,35,4111,27120
2023-03-08 11:29:36,30,34,4111,27120
2023-03-08 11:29:36,30,32,4111,27120
2023-03-08 11:29:49,31,32,4111,27120
2023-03-08 11:30:01,31,33,4111,27197
2023-03-08 11:30:05,31,32,4111,27197
2023-03-08 11:30:18,31,33,4111,27197
2023-03-08 11:30:49,31,33,4111,27199
2023-03-08 11:30:54,29,34,4111,27199
2023-03-08 11:30:55,29,31,4111,27199
2023-03-08 11:30:59,28,31,4111,27199
2023-03-08 11:31:19,28,30,4111,27199
2023-03-08 11:31:20,28,30,4111,27201
2023-03-08 11:31:34,27,30,4111,27201
2023-03-08 11:31:34,27,31,4111,27201
2023-03-08 11:31:35,27,29,4111,27201
2023-03-08 11:31:50,27,28,4111,27201
2023-03-08 11:32:20,27,28,4111,27203
2023-03-08 11:32:28,27,29,4111,27203
2023-03-08 11:32:28,25,29,4111,27203
2023-03-08 11:32:28,25,31,4111,27203
2023-03-08 11:32:28,26,31,4111,27203
2023-03-08 11:32:28,26,30,4111,27203
2023-03-08 11:32:28,26,28,4111,27203
2023-03-08 11:32:44,26,31,4111,27203
2023-03-08 11:32:44,26,29,4111,27203
2023-03-08 11:32:50,26,28,4111,27203
2023-03-08 11:33:18,24,26,4111,27205
2023-03-08 11:33:20,24,25,4111,27205
2023-03-08 11:33:54,24,26,4111,27205
2023-03-08 11:34:01,25,26,4111,27205
2023-03-08 11:34:03,25,27,4111,27207
2023-03-08 11:34:20,25,26,4111,27207
2023-03-08 11:34:25,24,26,4111,27207
2023-03-08 11:34:25,25,26,4111,27207
2023-03-08 11:34:43,24,26,4111,27207
2023-03-08 11:34:43,25,26,4111,27207
2023-03-08 11:34:50,25,26,4111,27209
2023-03-08 11:35:02,25,27,4111,27209
2023-03-08 11:35:02,25,26,4111,27209
2023-03-08 11:35:04,23,26,4111,27250
2023-03-08 11:35:15,25,26,4111,27250
2023-03-08 11:35:16,23,26,4111,27382
2023-03-08 11:35:20,23,26,4111,27384
2023-03-08 11:35:34,22,26,4111,27384
2023-03-08 11:35:35,22,25,4111,27384
2023-03-08 11:35:35,22,25,4111,27451
2023-03-08 11:35:35,22,24,4111,27451
2023-03-08 11:35:57,22,23,4111,27451
2023-03-08 11:36:22,22,24,4111,27451
2023-03-08 11:36:22,22,23,4111,27451
2023-03-08 11:36:39,22,25,4411,27751
2023-03-08 11:36:47,22,23,4411,27751
2023-03-08 11:36:52,22,24,4411,27793
2023-03-08 11:37:04,22,23,4411,27793
2023-03-08 11:37:05,22,24,4411,27878
2023-03-08 11:37:26,22,26,4411,27878
2023-03-08 11:37:26,23,26,4411,27878
2023-03-08 11:37:26,23,25,4411,27878
2023-03-08 11:37:35,22,25,4411,27878
2023-03-08 11:37:35,22,26,4411,27878
2023-03-08 11:37:36,24,26,4411,27878
2023-03-08 11:37:49,25,26,4411,27878
2023-03-08 11:37:58,25,27,4411,27878
2023-03-08 11:38:17,25,27,4703,28170
2023-03-08 11:38:38,25,27,4728,28195
2023-03-08 11:38:49,25,28,4728,28195
2023-03-08 11:38:49,26,28,4728,28195
2023-03-08 11:39:20,27,28,4728,28195
2023-03-08 11:39:26,27,29,4728,28195
2023-03-08 11:39:59,27,30,4728,28195
2023-03-08 11:39:59,26,30,4728,28195
2023-03-08 11:39:59,28,30,4728,28195
2023-03-08 11:40:20,28,30,4728,28197
2023-03-08 11:40:38,26,30,4728,28197
2023-03-08 11:40:38,26,32,4728,28197
2023-03-08 11:40:39,28,32,4728,28197
2023-03-08 11:40:49,27,32,4728,28197
2023-03-08 11:40:49,26,32,4728,28197
2023-03-08 11:40:49,28,32,4728,28197
2023-03-08 11:40:49,30,32,4728,28197
2023-03-08 11:41:12,31,32,4728,28197
2023-03-08 11:41:13,31,32,4728,28317
2023-03-08 11:41:19,31,32,4728,28319
2023-03-08 11:41:21,31,36,4728,28319
2023-03-08 11:41:21,31,37,4728,28319
2023-03-08 11:41:21,31,36,4728,28319
2023-03-08 11:41:22,32,36,4728,28319
2023-03-08 11:41:22,32,35,4728,28319
2023-03-08 11:41:32,31,35,4728,28319
2023-03-08 11:41:32,34,35,4728,28319
2023-03-08 11:41:38,32,34,4728,28357
2023-03-08 11:41:40,32,35,4728,28357
2023-03-08 11:41:41,34,35,4728,28357
2023-03-08 11:41:50,34,35,4728,28359
2023-03-08 11:41:52,32,35,4728,28359
2023-03-08 11:41:52,31,35,4728,28359
2023-03-08 11:41:52,34,35,4728,28359
2023-03-08 11:41:58,34,36,4728,28359
2023-03-08 11:42:16,32,36,4728,28359
2023-03-08 11:42:16,35,36,4728,28359
2023-03-08 11:42:50,35,36,4728,28361
2023-03-08 11:42:54,32,36,4728,28361
2023-03-08 11:42:54,31,36,4728,28361
2023-03-08 11:42:54,34,36,4728,28361
2023-03-08 11:43:16,33,36,4728,28361
2023-03-08 11:43:16,34,36,4728,28361
2023-03-08 11:43:16,34,36,4728,28403
2023-03-08 11:43:17,34,37,4728,28403
2023-03-08 11:43:20,34,37,4728,28405
2023-03-08 11:43:26,35,37,4728,28405
2023-03-08 11:43:36,33,37,4728,28405
2023-03-08 11:43:36,36,37,4728,28405
2023-03-08 11:43:44,33,37,4728,28405
2023-03-08 11:43:44,35,37,4728,28405
2023-03-08 11:44:07,35,37,4728,28584
2023-03-08 11:44:12,35,36,4728,28584
2023-03-08 11:44:20,35,36,4728,28586
2023-03-08 11:44:20,35,36,4708,28606
2023-03-08 11:44:23,33,36,4708,28606
2023-03-08 11:44:23,33,35,4708,28606
2023-03-08 11:44:36,33,37,4708,28606
2023-03-08 11:44:36,34,37,4708,28606
2023-03-08 11:44:36,34,36,4708,28606
2023-03-08 11:44:54,33,34,4708,28608
2023-03-08 11:45:03,33,34,4708,28712
2023-03-08 11:45:07,33,36,4708,28712
2023-03-08 11:45:07,33,34,4708,28712
2023-03-08 11:45:08,33,36,4708,28841
2023-03-08 11:45:20,33,36,4708,28843
2023-03-08 11:45:25,33,35,4708,28843
2023-03-08 11:45:37,33,37,4708,28843
2023-03-08 11:45:37,33,35,4708,28843
2023-03-08 11:45:50,34,35,4708,28843
2023-03-08 11:45:56,34,36,4708,28843
2023-03-08 11:46:20,34,36,4708,28845
2023-03-08 11:46:21,35,36,4708,28845
2023-03-08 11:46:28,35,37,4708,28845
2023-03-08 11:46:31,36,37,4708,28845
2023-03-08 11:46:34,36,39,4708,28845
2023-03-08 11:46:34,37,39,4708,28845
2023-03-08 11:46:49,36,39,4708,28845
2023-03-08 11:46:49,38,39,4708,28845
2023-03-08 11:48:12,38,40,4708,28845
2023-03-08 11:48:20,38,40,4706,28847
2023-03-08 11:48:31,39,40,4706,28847
2023-03-08 11:48:40,40,41,4608,28945
2023-03-08 11:48:40,41,43,4608,29031
2023-03-08 11:48:40,41,42,4608,29031
2023-03-08 11:48:41,40,42,4608,29031
2023-03-08 11:48:42,43,44,4608,29477
2023-03-08 11:48:46,45,46,4836,29705
2023-03-08 11:48:46,43,44,5238,30107
2023-03-08 11:48:46,43,44,5323,30192
2023-03-08 11:48:47,44,45,5323,30216
2023-03-08 11:48:47,44,45,5323,30235
2023-03-08 11:48:50,44,45,5323,30237
2023-03-08 11:48:53,42,45,5323,30237
2023-03-08 11:48:53,41,44,5323,30237
2023-03-08 11:49:00,44,45,5238,30322
2023-03-08 11:49:00,44,45,5238,30472
2023-03-08 11:49:15,44,45,5238,30672
2023-03-08 11:49:15,45,49,5238,30702
2023-03-08 11:49:16,44,49,5238,30702
2023-03-08 11:49:16,43,49,5238,30702
2023-03-08 11:49:17,45,49,5238,30702
2023-03-08 11:49:17,45,47,5238,30702
2023-03-08 11:49:20,45,47,5238,30704
2023-03-08 11:49:31,43,47,5238,30704
2023-03-08 11:49:31,43,49,5238,30704
2023-03-08 11:49:31,43,49,4937,31005
2023-03-08 11:49:32,43,49,4636,31306
2023-03-08 11:49:32,43,52,4608,31396
2023-03-08 11:49:32,45,52,4608,31396
2023-03-08 11:49:32,47,52,4608,31396
2023-03-08 11:49:42,47,48,4608,31396
2023-03-08 11:49:46,51,52,4608,31524
2023-03-08 11:49:46,51,52,4608,31565
2023-03-08 11:49:46,51,52,4608,31980
2023-03-08 11:49:47,47,52,4608,32267
2023-03-08 11:49:47,47,50,4608,32267
2023-03-08 11:49:50,49,52,4608,32267
2023-03-08 11:49:50,49,51,4608,32267
2023-03-08 11:50:04,49,52,4608,32308
2023-03-08 11:50:04,51,52,4608,32308
2023-03-08 11:50:04,53,54,4608,32381
2023-03-08 11:50:05,53,54,4608,32692
2023-03-08 11:50:05,51,53,4608,32723
2023-03-08 11:50:09,49,53,4193,33138
2023-03-08 11:50:10,49,54,4193,33138
2023-03-08 11:50:11,52,54,4193,33138
2023-03-08 11:50:15,50,52,4193,33345
2023-03-08 11:50:18,50,52,4284,33545
2023-03-08 11:50:20,50,52,4286,33547
2023-03-08 11:50:22,50,52,4486,33747
2023-03-08 11:50:23,49,50,4486,33760
2023-03-08 11:50:26,48,52,4486,33760
2023-03-08 11:50:27,48,51,4486,33760
2023-03-08 11:50:30,48,52,4486,33760
2023-03-08 11:50:32,45,48,4277,33969
2023-03-08 11:50:32,45,48,4192,34054
2023-03-08 11:50:32,45,46,4192,34054
2023-03-08 11:50:34,45,46,4180,34468
2023-03-08 11:50:34,47,48,4180,34482
2023-03-08 11:50:41,45,48,4180,34482
2023-03-08 11:50:42,46,48,4180,34482
2023-03-08 11:50:47,46,49,4180,34482
2023-03-08 11:50:47,46,49,4180,34910
2023-03-08 11:50:47,43,49,4180,35124
2023-03-08 11:50:47,42,49,4577,35552
2023-03-08 11:50:49,44,49,4577,35552
2023-03-08 11:50:50,44,48,4575,35554
2023-03-08 11:50:54,44,49,4575,35554
2023-03-08 11:50:54,44,48,4575,35554
2023-03-08 11:50:59,42,48,5003,35982
2023-03-08 11:50:59,42,48,5174,36153
2023-03-08 11:50:59,39,48,5440,36581
2023-03-08 11:51:01,39,49,5440,36581
2023-03-08 11:51:16,35,37,5440,36647
2023-03-08 11:51:16,35,39,5440,36775
2023-03-08 11:51:18,35,41,5697,37137
2023-03-08 11:51:18,35,41,5805,37245
2023-03-08 11:51:20,41,46,5805,37565
2023-03-08 11:51:20,41,45,5805,37565
2023-03-08 11:51:20,41,45,5805,37567
2023-03-08 11:51:20,41,46,5805,37567
2023-03-08 11:51:20,41,45,5805,37567
2023-03-08 11:51:24,45,46,5805,37573
2023-03-08 11:51:24,45,46,5805,37701
2023-03-08 11:51:25,35,45,5739,37767
2023-03-08 11:51:26,35,46,5739,37767
2023-03-08 11:51:36,35,46,5696,37810
2023-03-08 11:51:36,35,46,5260,38246
2023-03-08 11:51:36,45,46,5260,38246
2023-03-08 11:51:37,45,46,5081,38425
2023-03-08 11:51:38,45,46,4961,38604
2023-03-08 11:51:42,45,46,4961,38654
2023-03-08 11:51:47,45,48,4961,38654
2023-03-08 11:51:50,46,48,4961,38654
2023-03-08 11:51:50,46,48,4959,38656
2023-03-08 11:51:53,48,49,4959,38670
2023-03-08 11:51:59,48,51,4795,39090
2023-03-08 11:51:59,48,51,4375,39510
2023-03-08 11:51:59,48,52,4244,39678
2023-03-08 11:52:00,50,52,4244,39678
2023-03-08 11:52:00,50,54,4244,39678
2023-03-08 11:52:01,50,53,4244,39678
2023-03-08 11:52:02,50,54,4244,39678
2023-03-08 11:52:16,53,54,4244,39678
2023-03-08 11:52:16,53,54,4244,40098
2023-03-08 11:52:16,53,54,4244,40140
2023-03-08 11:52:16,53,54,4244,40268
2023-03-08 11:52:18,50,52,4244,40560
2023-03-08 11:52:18,48,52,4244,40560
2023-03-08 11:52:20,48,52,4244,40562
2023-03-08 11:52:32,48,50,4244,40562
2023-03-08 11:52:32,46,50,4244,40562
2023-03-08 11:52:33,47,50,4244,40562
2023-03-08 11:52:33,49,50,4244,40562
2023-03-08 11:52:35,49,51,4244,40562
2023-03-08 11:52:43,49,50,4244,40562
2023-03-08 11:52:53,48,50,4244,40562
2023-03-08 11:52:54,47,50,4244,40974
2023-03-08 11:52:54,45,50,4254,41139
2023-03-08 11:52:54,44,50,4538,41551
2023-03-08 11:52:54,44,48,4538,41551
2023-03-08 11:52:54,44,47,4538,41551
2023-03-08 11:52:54,44,46,4538,41551
2023-03-08 11:52:54,44,47,4538,41551
2023-03-08 11:52:56,46,47,4538,41551
2023-03-08 11:53:02,47,48,4538,41565
2023-03-08 11:53:03,46,48,4533,41570
2023-03-08 11:53:05,44,48,4533,41570
2023-03-08 11:53:08,44,45,4533,41570
2023-03-08 11:53:09,44,47,4533,41735
2023-03-08 11:53:09,45,47,4533,41735
2023-03-08 11:53:15,44,47,4533,41735
2023-03-08 11:53:20,44,47,4533,41737
2023-03-08 11:53:23,46,47,4533,41737
2023-03-08 11:53:26,44,47,4533,41737
2023-03-08 11:53:27,44,48,4533,41737
2023-03-08 11:53:28,46,48,4533,41737
2023-03-08 11:53:44,44,48,4533,41737
2023-03-08 11:53:44,47,48,4533,41737
2023-03-08 11:53:50,47,48,4533,41739
2023-03-08 11:54:06,45,48,4533,41739
2023-03-08 11:54:06,44,48,4533,41739
2023-03-08 11:54:06,44,48,4451,41823
2023-03-08 11:54:06,46,48,4451,41823
2023-03-08 11:54:20,47,48,4451,41823
2023-03-08 11:55:00,46,47,4449,41825
2023-03-08 11:55:01,46,47,4399,41875
2023-03-08 11:55:22,45,46,4280,41994
2023-03-08 11:55:50,45,46,4278,41996
2023-03-08 11:55:58,43,46,4278,41996
2023-03-08 11:55:58,43,45,4278,41996
2023-03-08 11:56:20,43,45,4279,41998
2023-03-08 11:56:27,44,45,4279,41998
2023-03-08 11:56:30,45,47,4319,42038
2023-03-08 11:56:32,45,47,4406,42125
2023-03-08 11:56:33,44,47,4406,42125
2023-03-08 11:56:50,45,47,4406,42125
2023-03-08 11:57:06,45,46,4406,42125
2023-03-08 11:57:41,44,46,4406,42125
2023-03-08 11:57:51,44,45,4406,42125
2023-03-08 11:57:58,43,45,4406,42125
2023-03-08 11:58:19,43,44,4406,42125
2023-03-08 11:58:21,43,44,4405,42127
2023-03-08 11:58:36,41,44,4405,42127
2023-03-08 11:58:46,41,43,4405,42127
2023-03-08 11:58:51,41,42,4405,42127
2023-03-08 11:58:51,40,42,4405,42127
2023-03-08 11:59:42,41,42,4405,42127
2023-03-08 11:59:58,42,43,4405,42129
2023-03-08 12:00:01,41,44,4405,42176
2023-03-08 12:00:01,41,43,4405,42176
2023-03-08 12:00:01,42,43,4405,42176
2023-03-08 12:00:02,43,44,4405,42225
2023-03-08 12:00:15,41,44,4405,42225
2023-03-08 12:00:20,42,44,4405,42227
2023-03-08 12:00:24,42,45,4405,42227
2023-03-08 12:00:24,42,46,4405,42227
2023-03-08 12:00:24,42,44,4405,42227
2023-03-08 12:00:26,42,44,4455,42277
2023-03-08 12:00:28,43,44,4455,42277
2023-03-08 12:00:35,44,46,4455,42319
2023-03-08 12:00:35,44,45,4455,42319
2023-03-08 12:00:41,43,45,4455,42319
2023-03-08 12:00:50,44,45,4455,42319
2023-03-08 12:00:51,44,46,4455,42319
2023-03-08 12:01:02,44,45,4455,42319
2023-03-08 12:01:20,44,46,4455,42319
2023-03-08 12:01:20,44,45,4455,42319
2023-03-08 12:01:30,43,45,4455,42319
2023-03-08 12:01:50,44,45,4455,42319
2023-03-08 12:01:57,44,46,4455,42319
2023-03-08 12:02:43,44,45,4455,42319
2023-03-08 12:02:56,43,45,4455,42319
2023-03-08 12:02:56,43,44,4455,42319
2023-03-08 12:02:58,42,44,4455,42319
2023-03-08 12:03:06,42,43,4455,42319
2023-03-08 12:03:09,42,44,4455,42319
2023-03-08 12:03:14,42,43,4455,42319
2023-03-08 12:03:30,41,43,4455,42319
2023-03-08 12:03:51,41,43,4455,42321
2023-03-08 12:03:51,41,42,4455,42321
2023-03-08 12:03:53,41,42,4405,42371
2023-03-08 12:04:00,40,41,4405,42371
2023-03-08 12:04:05,39,41,4405,42371
2023-03-08 12:04:05,40,41,4405,42371
2023-03-08 12:04:20,40,41,4405,42373
2023-03-08 12:04:25,39,41,4405,42373
2023-03-08 12:04:44,39,40,4405,42373
2023-03-08 12:05:19,39,41,4405,42423
2023-03-08 12:05:21,40,41,4405,42423
2023-03-08 12:05:23,39,40,4405,42425
2023-03-08 12:05:29,39,41,4405,42471
2023-03-08 12:05:38,40,41,4405,42471
2023-03-08 12:06:06,39,40,4380,42496
2023-03-08 12:06:07,38,40,4380,42499
2023-03-08 12:06:17,38,39,4380,42499
2023-03-08 12:06:20,38,39,4380,42501
2023-03-08 12:06:21,37,39,4380,42501
2023-03-08 12:06:21,38,39,4380,42501
2023-03-08 12:06:22,37,38,4332,42549
2023-03-08 12:06:23,36,38,4332,42549
2023-03-08 12:06:29,37,38,4332,42549
2023-03-08 12:06:32,37,38,4189,42692
2023-03-08 12:06:38,36,38,4189,42692
2023-03-08 12:06:55,35,37,4189,42692
2023-03-08 12:06:55,35,37,4189,42694
2023-03-08 12:07:21,33,37,4189,42694
2023-03-08 12:07:21,33,35,4189,42694
2023-03-08 12:07:24,33,34,4189,42694
2023-03-08 12:07:26,34,35,4189,42696
2023-03-08 12:07:37,33,35,4189,42696
2023-03-08 12:07:47,33,34,4189,42696
2023-03-08 12:07:51,33,34,4189,42698
2023-03-08 12:07:51,32,34,4189,42698
2023-03-08 12:08:21,32,34,4189,42700
2023-03-08 12:08:23,31,34,4189,42700
2023-03-08 12:08:26,31,33,4189,42700
2023-03-08 12:08:34,30,33,4189,42700
2023-03-08 12:08:35,31,33,4189,42700
2023-03-08 12:08:37,31,32,4189,42700
2023-03-08 12:08:51,31,32,4189,42702
2023-03-08 12:08:53,30,32,4189,42702
2023-03-08 12:08:54,30,31,4189,42702
2023-03-08 12:08:57,29,31,4189,42702
2023-03-08 12:09:14,29,31,4189,42902
2023-03-08 12:09:19,31,33,4189,42926
2023-03-08 12:09:21,31,32,4189,42926
2023-03-08 12:09:23,30,32,4189,42926
2023-03-08 12:09:51,30,32,4189,42928
2023-03-08 12:09:58,29,32,4189,42928
2023-03-08 12:09:58,30,32,4189,42928
2023-03-08 12:10:17,30,32,4189,42932
2023-03-08 12:10:21,30,32,4189,42934
2023-03-08 12:10:26,29,32,4189,42934
2023-03-08 12:10:27,29,31,4189,42934
2023-03-08 12:10:50,30,31,4189,42934
2023-03-08 12:10:54,29,31,4189,42934
2023-03-08 12:11:17,28,31,4189,42934
2023-03-08 12:11:19,27,31,4189,42934
2023-03-08 12:11:19,26,31,4189,42934
2023-03-08 12:11:19,28,31,4189,42934
2023-03-08 12:11:20,28,30,4189,42934
2023-03-08 12:11:24,28,29,4189,42934
2023-03-08 12:11:41,29,30,4189,42936
2023-03-08 12:11:54,28,30,4189,42936
2023-03-08 12:12:17,28,29,4189,42936
2023-03-08 12:12:18,28,30,4189,42936
2023-03-08 12:12:21,28,29,4189,42936
2023-03-08 12:12:24,28,29,4189,42938
2023-03-08 12:12:25,27,28,4189,43033
2023-03-08 12:12:30,27,29,4189,43033
2023-03-08 12:12:32,27,29,4339,43183
2023-03-08 12:12:34,27,28,4339,43183
2023-03-08 12:12:37,26,28,4339,43183
2023-03-08 12:12:37,26,27,4339,43183
2023-03-08 12:12:39,26,27,4339,43524
2023-03-08 12:12:41,25,27,4339,43524
2023-03-08 12:12:41,24,25,4339,43526
2023-03-08 12:12:41,26,27,4339,43568
2023-03-08 12:12:49,26,28,4339,43568
2023-03-08 12:12:54,26,28,4339,43570
2023-03-08 12:12:54,26,28,4339,43572
2023-03-08 12:13:10,24,28,4339,43572
2023-03-08 12:13:10,24,25,4339,43572
2023-03-08 12:13:24,24,25,4339,43574
2023-03-08 12:13:35,24,25,4339,43705
2023-03-08 12:13:42,25,27,4339,43793
2023-03-08 12:13:46,24,27,4339,43793
2023-03-08 12:13:46,24,28,4339,43793
2023-03-08 12:13:46,24,27,4339,43793
2023-03-08 12:13:46,24,25,4339,43793
2023-03-08 12:13:46,23,24,4440,43919
2023-03-08 12:13:46,23,24,4568,44050
2023-03-08 12:13:48,24,25,4568,44362
2023-03-08 12:13:49,24,25,4568,44562
2023-03-08 12:13:56,24,25,4568,44762
2023-03-08 12:13:57,24,26,4568,44762
2023-03-08 12:13:58,24,26,4568,44995
2023-03-08 12:14:05,24,25,4568,44995
2023-03-08 12:14:34,23,25,4568,44995
2023-03-08 12:14:35,23,25,4477,45086
2023-03-08 12:14:50,25,26,4440,45125
2023-03-08 12:14:54,25,26,4440,45127
2023-03-08 12:15:08,25,26,4357,45210
2023-03-08 12:15:09,23,24,4357,45359
2023-03-08 12:15:10,23,26,4357,45359
2023-03-08 12:15:10,23,25,4357,45359
2023-03-08 12:15:12,23,24,4357,45359
2023-03-08 12:15:14,22,24,4357,45359
2023-03-08 12:15:14,22,24,4357,45504
2023-03-08 12:15:14,23,24,4357,45504
2023-03-08 12:15:25,22,24,4357,45504
2023-03-08 12:15:25,22,24,4357,45649
2023-03-08 12:15:36,24,25,4357,45676
2023-03-08 12:15:45,22,25,4357,45676
2023-03-08 12:15:54,22,24,4357,45676
2023-03-08 12:16:11,22,23,4357,45676
2023-03-08 12:16:15,22,24,4357,45676
2023-03-08 12:16:17,22,23,4357,45676
2023-03-08 12:16:18,22,24,4357,45676
2023-03-08 12:16:24,22,23,4357,45676
2023-03-08 12:16:29,21,22,4357,45676
2023-03-08 12:16:31,22,23,4357,45691
2023-03-08 12:16:33,21,23,4357,45691
2023-03-08 12:16:34,22,23,4357,45691
2023-03-08 12:16:39,22,24,4457,45791
2023-03-08 12:16:39,23,24,4457,45791
2023-03-08 12:16:47,22,24,4457,45791
2023-03-08 12:16:47,22,25,4457,45791
2023-03-08 12:16:48,23,25,4457,45791
2023-03-08 12:16:54,24,25,4457,45791
2023-03-08 12:17:08,23,24,4455,45793
2023-03-08 12:17:10,23,25,4455,45877
2023-03-08 12:17:15,21,25,4455,45877
2023-03-08 12:17:15,21,26,4455,45877
2023-03-08 12:17:15,23,26,4455,45877
2023-03-08 12:17:15,23,25,4455,45877
2023-03-08 12:17:22,21,25,4455,45877
2023-03-08 12:17:22,21,26,4455,45877
2023-03-08 12:17:22,22,26,4455,45877
2023-03-08 12:17:22,22,25,4455,45877
2023-03-08 12:17:22,22,24,4455,45877
2023-03-08 12:18:24,22,24,4455,45879
2023-03-08 12:18:26,23,24,4455,45879
2023-03-08 12:18:29,23,26,4455,45879
2023-03-08 12:18:38,22,26,4455,45879
2023-03-08 12:18:38,22,27,4455,45879
2023-03-08 12:18:38,24,27,4455,45879
2023-03-08 12:18:38,24,26,4455,45879
2023-03-08 12:18:50,24,27,4455,45879
2023-03-08 12:18:50,24,25,4455,45879
2023-03-08 12:18:54,24,25,4455,45881
2023-03-08 12:18:57,25,27,4455,45927
2023-03-08 12:18:59,25,26,4455,45927
2023-03-08 12:19:03,24,26,4455,45927
2023-03-08 12:19:08,25,26,4455,45927
2023-03-08 12:19:08,25,26,4603,46075
2023-03-08 12:19:12,26,27,4603,46122
2023-03-08 12:19:13,26,27,4603,46170
2023-03-08 12:19:17,25,27,4603,46170
2023-03-08 12:19:17,27,28,4603,46172
2023-03-08 12:19:19,27,30,4603,46172
2023-03-08 12:19:20,27,29,4603,46172
2023-03-08 12:19:35,27,29,4495,46280
2023-03-08 12:19:47,25,29,4495,46280
2023-03-08 12:19:47,27,29,4495,46280
2023-03-08 12:20:23,27,28,4495,46280
2023-03-08 12:20:24,27,28,4495,46282
2023-03-08 12:20:31,25,28,4495,46282
2023-03-08 12:20:31,27,28,4495,46282
2023-03-08 12:20:36,25,28,4495,46282
2023-03-08 12:20:36,26,28,4495,46282
2023-03-08 12:20:52,25,28,4495,46282
2023-03-08 12:20:52,26,28,4495,46282
2023-03-08 12:21:20,27,28,4495,46282
2023-03-08 12:21:33,27,29,4495,46282
2023-03-08 12:21:53,27,28,4495,46282
2023-03-08 12:22:09,26,27,4493,46289
2023-03-08 12:22:10,26,28,4493,46289
2023-03-08 12:22:24,26,28,4493,46291
2023-03-08 12:22:25,24,28,4493,46291
2023-03-08 12:22:25,25,28,4493,46291
2023-03-08 12:22:25,25,27,4493,46291
2023-03-08 12:22:44,24,27,4493,46291
2023-03-08 12:22:44,25,27,4493,46291
2023-03-08 12:23:54,25,27,4493,46293
2023-03-08 12:23:55,26,27,4493,46293
2023-03-08 12:24:18,26,28,4493,46293
2023-03-08 12:24:21,24,28,4493,46293
2023-03-08 12:24:21,23,28,4493,46293
2023-03-08 12:24:21,25,28,4493,46293
2023-03-08 12:24:21,25,27,4493,46293
2023-03-08 12:24:24,26,27,4493,46293
2023-03-08 12:24:36,26,28,4493,46293
2023-03-08 12:25:05,25,28,4491,46295
2023-03-08 12:25:06,23,28,4491,46295
2023-03-08 12:25:06,26,28,4491,46295
2023-03-08 12:25:18,23,28,4491,46295
2023-03-08 12:25:18,25,28,4491,46295
2023-03-08 12:25:18,25,27,4491,46295
2023-03-08 12:26:24,25,26,4491,46295
2023-03-08 12:26:33,24,26,4491,46295
2023-03-08 12:26:54,24,25,4491,46295
2023-03-08 12:27:06,23,25,4491,46295
2023-03-08 12:27:06,24,25,4491,46295
2023-03-08 12:27:19,23,25,4491,46295
2023-03-08 12:27:19,24,25,4491,46295
2023-03-08 12:27:24,24,25,4491,46297
2023-03-08 12:27:39,22,25,4491,46297
2023-03-08 12:27:39,23,25,4491,46297
2023-03-08 12:27:45,23,26,4491,46297
2023-03-08 12:27:49,22,26,4491,46297
2023-03-08 12:27:49,24,26,4491,46297
2023-03-08 12:28:14,22,26,4429,46396
2023-03-08 12:28:21,21,26,4429,46396
2023-03-08 12:28:22,23,26,4429,46396
2023-03-08 12:28:24,23,26,4429,46398
2023-03-08 12:28:29,23,25,4429,46398
2023-03-08 12:28:32,23,24,4429,46398
2023-03-08 12:28:32,23,24,4429,46572
2023-03-08 12:28:41,21,24,4429,46572
2023-03-08 12:28:41,21,23,4429,46572
2023-03-08 12:28:54,21,23,4429,46574
2023-03-08 12:28:59,18,23,4429,46574
2023-03-08 12:29:00,19,23,4429,46574
2023-03-08 12:29:00,19,21,4429,46574
2023-03-08 12:29:02,20,21,4429,46574
2023-03-08 12:29:03,20,21,4429,46650
2023-03-08 12:29:22,20,23,4429,46650
2023-03-08 12:29:22,20,21,4429,46650
2023-03-08 12:29:22,20,21,4429,46733
2023-03-08 12:29:30,20,22,4431,46787
2023-03-08 12:29:54,20,21,4431,46787
2023-03-08 12:30:04,19,21,4431,46787
2023-03-08 12:30:22,19,20,4431,46787
2023-03-08 12:30:47,19,21,4431,46787
2023-03-08 12:30:47,19,20,4431,46787
2023-03-08 12:31:06,18,20,4431,46787
2023-03-08 12:31:07,18,19,4431,46787
2023-03-08 12:31:28,18,20,4431,46787
2023-03-08 12:31:35,18,19,4431,46787
2023-03-08 12:31:45,16,19,4431,46787
2023-03-08 12:31:46,16,18,4431,46787
2023-03-08 12:31:46,15,16,4431,46789
2023-03-08 12:32:25,15,16,4433,46791
2023-03-08 12:32:31,15,17,4433,46791
2023-03-08 12:32:31,13,15,4646,47004
2023-03-08 12:32:47,13,17,4646,47004
2023-03-08 12:32:47,13,14,4646,47004
2023-03-08 12:32:47,12,13,4774,47134
2023-03-08 12:32:48,12,13,4862,47222
2023-03-08 12:33:03,12,14,4862,47222
2023-03-08 12:33:18,13,14,4862,47222
2023-03-08 12:33:21,13,14,5049,47409
2023-03-08 12:33:24,13,14,5049,47411
2023-03-08 12:33:25,14,15,5090,47494
2023-03-08 12:33:28,14,16,5090,47494
2023-03-08 12:33:36,16,18,5362,47766
2023-03-08 12:33:37,16,18,5362,47854
2023-03-08 12:33:37,14,16,5362,47894
2023-03-08 12:33:52,14,18,5362,47894
2023-03-08 12:33:53,15,18,5362,47894
2023-03-08 12:33:53,15,17,5362,47894
2023-03-08 12:34:14,16,17,5362,47894
2023-03-08 12:34:18,15,17,5362,47949
2023-03-08 12:34:21,17,18,5362,47951
2023-03-08 12:34:25,17,18,5362,47953
2023-03-08 12:34:26,15,18,5270,48045
2023-03-08 12:34:26,15,17,5270,48045
2023-03-08 12:34:27,15,18,5270,48045
2023-03-08 12:34:37,16,18,5270,48045
2023-03-08 12:34:48,15,18,5270,48045
2023-03-08 12:34:48,16,18,5270,48045
2023-03-08 12:34:55,16,17,5270,48045
2023-03-08 12:35:03,16,17,5270,48055
2023-03-08 12:35:22,15,17,5270,48055
2023-03-08 12:35:22,16,17,5270,48055
2023-03-08 12:35:29,16,18,5270,48055
2023-03-08 12:35:41,17,18,5270,48055
2023-03-08 12:35:58,18,19,5270,48057
2023-03-08 12:36:15,17,19,5270,48057
2023-03-08 12:36:16,18,19,5270,48057
2023-03-08 12:36:30,18,20,5270,48057
2023-03-08 12:36:31,16,20,5270,48057
2023-03-08 12:36:31,16,21,5270,48057
2023-03-08 12:36:31,19,21,5270,48057
2023-03-08 12:36:55,20,21,5270,48057
2023-03-08 12:37:06,20,22,5270,48057
2023-03-08 12:37:26,21,22,5270,48057
2023-03-08 12:38:05,21,23,5270,48057
2023-03-08 12:38:21,22,23,5270,48057
2023-03-08 12:38:25,22,23,5270,48059
2023-03-08 12:38:28,21,23,5224,48105
2023-03-08 12:38:44,20,23,5224,48105
2023-03-08 12:38:55,22,23,5224,48105
2023-03-08 12:38:59,22,24,5224,48105
2023-03-08 12:38:59,22,23,5224,48105
2023-03-08 12:39:24,22,23,5224,48107
2023-03-08 12:39:25,22,24,5224,48107
2023-03-08 12:39:25,23,24,5224,48107
2023-03-08 12:39:33,21,24,5140,48196
2023-03-08 12:39:38,20,24,5140,48196
2023-03-08 12:39:38,22,24,5140,48196
2023-03-08 12:39:55,22,23,5140,48196
2023-03-08 12:39:59,21,23,5140,48196
2023-03-08 12:40:20,21,23,5190,48246
2023-03-08 12:40:25,22,23,5190,48246
2023-03-08 12:40:41,22,24,5190,48246
2023-03-08 12:40:54,22,24,5275,48336
2023-03-08 12:40:55,23,24,5275,48338
2023-03-08 12:40:56,23,27,5275,48338
2023-03-08 12:40:56,24,27,5275,48338
2023-03-08 12:40:56,24,26,5275,48338
2023-03-08 12:41:14,22,26,5275,48338
2023-03-08 12:41:14,22,27,5275,48338
2023-03-08 12:41:14,24,27,5275,48338
2023-03-08 12:41:21,24,26,5275,48338
2023-03-08 12:41:25,25,26,5275,48338
2023-03-08 12:41:37,23,25,5190,48478
2023-03-08 12:41:51,24,26,5190,48478
2023-03-08 12:42:22,24,25,5190,48478
2023-03-08 12:42:25,24,25,5190,48480
2023-03-08 12:42:45,24,27,5190,48480
2023-03-08 12:42:45,24,26,5190,48480
2023-03-08 12:43:17,25,26,5190,48480
2023-03-08 12:43:25,25,26,5192,48482
2023-03-08 12:43:31,25,27,5192,48482
2023-03-08 12:43:42,25,26,5192,48482
2023-03-08 12:43:55,25,26,5194,48484
2023-03-08 12:44:05,25,27,5194,48484
2023-03-08 12:44:05,25,26,5194,48484
2023-03-08 12:45:32,25,27,5194,48484
2023-03-08 12:46:50,25,27,5235,48525
2023-03-08 12:47:20,25,26,5235,48525
2023-03-08 12:47:25,25,26,5235,48527
2023-03-08 12:47:31,25,27,5235,48527
2023-03-08 12:47:31,23,28,5235,48527
2023-03-08 12:47:31,25,28,5235,48527
2023-03-08 12:47:31,25,27,5235,48527
2023-03-08 12:47:48,23,27,5235,48527
2023-03-08 12:47:48,24,27,5235,48527
2023-03-08 12:47:48,24,26,5235,48527
2023-03-08 12:48:13,24,25,5235,48527
2023-03-08 12:48:13,24,25,5235,48648
2023-03-08 12:48:21,22,25,5235,48648
2023-03-08 12:48:21,20,25,5235,48648
2023-03-08 12:48:21,22,25,5235,48648
2023-03-08 12:48:21,22,24,5235,48648
2023-03-08 12:48:25,22,23,5235,48648
2023-03-08 12:48:46,21,22,5235,48776
2023-03-08 12:48:50,22,23,5238,48868
2023-03-08 12:48:51,21,23,5238,48868
2023-03-08 12:48:55,22,23,5238,48868
2023-03-08 12:49:04,22,24,5238,48868
2023-03-08 12:49:07,22,23,5238,48868
2023-03-08 12:49:45,21,23,5238,48868
2023-03-08 12:49:55,22,23,5238,48868
2023-03-08 12:50:04,22,24,5238,48868
2023-03-08 12:50:24,23,24,5238,48868
2023-03-08 12:50:43,22,24,5238,48868
2023-03-08 12:51:00,23,24,5238,48868
2023-03-08 12:51:25,23,24,5238,48870
2023-03-08 12:51:25,22,23,5235,48916
2023-03-08 12:51:28,22,24,5235,48916
2023-03-08 12:51:39,21,24,5235,48916
2023-03-08 12:51:39,21,23,5235,48916
2023-03-08 12:51:55,21,24,5235,48916
2023-03-08 12:51:55,21,23,5235,48916
2023-03-08 12:52:55,21,22,5235,48916
2023-03-08 12:53:19,20,22,5235,48916
2023-03-08 12:53:19,21,22,5235,48916
2023-03-08 12:54:03,21,23,5235,48916
2023-03-08 12:54:22,21,22,5235,48916
2023-03-08 12:54:39,20,22,5235,48916
2023-03-08 12:54:40,20,24,5235,48916
2023-03-08 12:54:40,20,22,5235,48916
2023-03-08 12:54:55,21,22,5235,48916
2023-03-08 12:54:56,21,23,5235,48916
2023-03-08 12:55:25,19,21,5235,48918
2023-03-08 12:55:25,19,20,5235,48918
2023-03-08 12:55:38,18,20,5235,48918
2023-03-08 12:55:55,18,19,5235,48918
2023-03-08 12:56:02,17,19,5235,48918
2023-03-08 12:56:02,18,19,5235,48918
2023-03-08 12:56:24,17,19,5235,48918
2023-03-08 12:56:25,17,18,5235,48918
2023-03-08 12:56:43,16,18,5235,48918
2023-03-08 12:56:55,17,18,5235,48918
2023-03-08 12:57:01,17,18,5287,49013
2023-03-08 12:57:05,17,19,5287,49013
2023-03-08 12:57:50,18,19,5287,49013
2023-03-08 12:58:04,18,20,5287,49013
2023-03-08 12:58:04,19,20,5287,49013
2023-03-08 12:58:20,18,20,5287,49013
2023-03-08 12:58:20,20,21,5287,49015
2023-03-08 12:58:25,20,21,5287,49017
2023-03-08 12:58:37,18,21,5287,49017
2023-03-08 12:58:37,17,21,5287,49017
2023-03-08 12:58:37,19,21,5287,49017
2023-03-08 12:58:55,19,20,5287,49017
2023-03-08 12:58:57,18,20,5287,49017
2023-03-08 12:58:57,19,20,5287,49017
2023-03-08 12:59:21,18,20,5287,49017
2023-03-08 12:59:53,19,20,5287,49017
2023-03-08 13:00:07,18,20,5287,49017
2023-03-08 13:00:25,18,19,5287,49017
2023-03-08 13:00:32,17,19,5287,49017
2023-03-08 13:00:33,19,20,5287,49019
2023-03-08 13:00:46,17,20,5287,49019
2023-03-08 13:00:46,19,20,5287,49019
2023-03-08 13:00:50,19,21,5287,49019
2023-03-08 13:00:55,20,21,5287,49019
2023-03-08 13:01:25,20,21,5287,49020
2023-03-08 13:01:28,20,22,5287,49020
2023-03-08 13:01:29,22,24,5287,49022
2023-03-08 13:01:41,20,22,5235,49106
2023-03-08 13:01:43,19,23,5235,49106
2023-03-08 13:01:44,21,23,5235,49106
2023-03-08 13:01:55,19,23,5235,49106
2023-03-08 13:01:55,17,23,5235,49106
2023-03-08 13:01:55,18,23,5235,49106
2023-03-08 13:01:55,20,23,5235,49106
2023-03-08 13:01:55,20,22,5235,49106
2023-03-08 13:02:05,18,20,5235,49244
2023-03-08 13:02:08,17,20,5235,49244
2023-03-08 13:02:08,19,20,5235,49244
2023-03-08 13:02:11,19,20,5235,49368
2023-03-08 13:02:13,17,18,5235,49611
2023-03-08 13:02:20,15,18,5235,49611
2023-03-08 13:02:25,15,17,5235,49611
2023-03-08 13:02:50,15,17,5185,49661
2023-03-08 13:02:55,14,17,5185,49661
2023-03-08 13:02:55,14,15,5185,49661
2023-03-08 13:02:55,14,15,5185,49753
2023-03-08 13:03:31,13,15,5185,49753
2023-03-08 13:03:31,13,16,5185,49753
2023-03-08 13:03:31,13,15,5185,49753
2023-03-08 13:03:31,13,14,5185,49753
2023-03-08 13:03:31,12,13,5249,49881
2023-03-08 13:03:46,13,14,5249,49975
2023-03-08 13:03:51,13,14,5249,50191
2023-03-08 13:03:53,13,15,5249,50191
2023-03-08 13:03:53,13,14,5249,50191
2023-03-08 13:03:55,13,14,5249,50192
2023-03-08 13:03:57,13,14,5332,50275
2023-03-08 13:03:58,13,14,5332,50346
2023-03-08 13:04:08,13,14,5532,50546
2023-03-08 13:04:08,14,15,5576,50590
2023-03-08 13:04:13,13,15,5576,50590
2023-03-08 13:04:13,13,17,5576,50590
2023-03-08 13:04:13,13,16,5576,50590
2023-03-08 13:04:13,13,15,5576,50590
2023-03-08 13:04:24,13,14,5576,50590
2023-03-08 13:04:25,13,14,5575,50591
2023-03-08 13:04:28,12,14,5575,50591
2023-03-08 13:04:28,13,14,5575,50591
2023-03-08 13:04:28,14,16,5448,50718
2023-03-08 13:04:28,16,17,5448,50719
2023-03-08 13:04:29,14,17,5385,50789
2023-03-08 13:04:29,14,16,5385,50789
2023-03-08 13:04:30,14,18,5385,50789
2023-03-08 13:04:31,14,17,5385,50789
2023-03-08 13:04:43,14,17,5385,50892
2023-03-08 13:04:44,14,16,5385,50892
2023-03-08 13:04:46,13,16,5385,50892
2023-03-08 13:04:56,13,15,5385,50892
2023-03-08 13:06:23,13,14,5385,50892
2023-03-08 13:06:31,12,14,5385,50892
2023-03-08 13:06:37,13,14,5385,50892
2023-03-08 13:06:41,14,15,5385,50893
2023-03-08 13:06:43,13,15,5385,50893
2023-03-08 13:06:57,13,17,5385,50893
2023-03-08 13:06:57,14,17,5385,50893
2023-03-08 13:06:57,14,16,5385,50893
2023-03-08 13:07:10,15,16,5385,50893
2023-03-08 13:07:37,15,17,5385,50893
2023-03-08 13:08:13,15,16,5385,50893
2023-03-08 13:08:30,13,16,5385,50893
2023-03-08 13:08:30,13,17,5385,50893
2023-03-08 13:08:30,13,16,5385,50893
2023-03-08 13:08:48,13,15,5385,50893
2023-03-08 13:08:56,13,14,5385,50893
2023-03-08 13:09:42,13,15,5385,50893
2023-03-08 13:09:42,13,14,5385,50893
2023-03-08 13:10:36,12,13,5404,51021
2023-03-08 13:11:03,11,13,5404,51024
2023-03-08 13:11:04,10,13,5404,51024
2023-03-08 13:11:21,10,13,5405,51025
2023-03-08 13:11:26,10,12,5405,51025
2023-03-08 13:11:56,11,12,5405,51025
2023-03-08 13:12:10,11,13,5405,51025
2023-03-08 13:12:26,12,13,5405,51025
2023-03-08 13:12:28,11,12,5405,51026
2023-03-08 13:12:38,10,12,5405,51026
2023-03-08 13:12:46,11,12,5405,51026
2023-03-08 13:12:47,11,13,5405,51026
2023-03-08 13:13:06,11,12,5405,51026
2023-03-08 13:13:28,11,13,5405,51026
2023-03-08 13:13:56,12,13,5405,51026
2023-03-08 13:14:13,12,14,5405,51026
2023-03-08 13:14:15,12,14,5505,51126
2023-03-08 13:14:26,13,14,5505,51126
2023-03-08 13:14:36,13,15,5505,51126
2023-03-08 13:14:36,13,14,5505,51126
2023-03-08 13:14:36,13,15,5505,51126
2023-03-08 13:14:40,13,14,5505,51126
2023-03-08 13:14:58,13,14,5486,51202
2023-03-08 13:14:59,12,14,5486,51202
2023-03-08 13:14:59,13,14,5486,51202
2023-03-08 13:15:04,13,14,5486,51326
2023-03-08 13:15:15,12,14,5486,51326
2023-03-08 13:15:26,12,13,5486,51326
2023-03-08 13:15:29,11,12,5486,51327
2023-03-08 13:15:43,11,13,5486,51327
2023-03-08 13:15:43,11,12,5486,51327
2023-03-08 13:15:43,10,11,5486,51328
2023-03-08 13:15:44,11,12,5486,51367
2023-03-08 13:15:58,11,13,5486,51367
2023-03-08 13:15:59,11,12,5486,51367
2023-03-08 13:16:37,10,12,5486,51367
2023-03-08 13:16:56,11,12,5486,51367
2023-03-08 13:17:09,11,13,5486,51367
2023-03-08 13:17:10,11,12,5486,51367
2023-03-08 13:17:23,11,13,5486,51367
2023-03-08 13:17:23,11,12,5486,51367
2023-03-08 13:17:35,10,12,5486,51367
2023-03-08 13:17:56,10,12,5487,51368
2023-03-08 13:17:57,8,10,5735,51617
2023-03-08 13:18:07,8,11,5735,51617
2023-03-08 13:18:07,8,10,5735,51617
2023-03-08 13:18:23,9,10,5735,51617
2023-03-08 13:18:27,9,11,5735,51617
2023-03-08 13:18:27,9,10,5735,51617
2023-03-08 13:18:45,9,11,5735,51617
2023-03-08 13:18:45,9,10,5735,51617
2023-03-08 13:18:58,9,11,5735,51617
2023-03-08 13:18:58,9,10,5735,51617
2023-03-08 13:19:24,9,11,5735,51617
2023-03-08 13:19:32,10,11,5735,51617
2023-03-08 13:20:26,10,12,5735,51617
2023-03-08 13:20:26,10,11,5735,51617
2023-03-08 13:20:26,9,10,5735,51618
2023-03-08 13:20:42,9,11,5735,51618
2023-03-08 13:20:42,9,10,5735,51618
2023-03-08 13:20:54,9,10,5745,51628
2023-03-08 13:21:00,9,11,5745,51628
2023-03-08 13:21:00,9,10,5745,51628
2023-03-08 13:21:13,8,10,5744,51629
2023-03-08 13:21:14,9,10,5744,51629
2023-03-08 13:21:29,9,11,5744,51629
2023-03-08 13:22:19,9,11,5744,51714
2023-03-08 13:22:21,10,13,5744,51714
2023-03-08 13:22:21,10,12,5744,51714
2023-03-08 13:22:21,10,11,5744,51714
2023-03-08 13:22:33,10,12,5744,51714
2023-03-08 13:22:44,11,12,5744,51714
2023-03-08 13:23:18,10,12,5744,51714
2023-03-08 13:23:18,11,12,5744,51714
2023-03-08 13:23:46,10,12,5744,51714
2023-03-08 13:25:26,10,12,5754,51724
2023-03-08 13:25:49,10,11,5754,51724
2023-03-08 13:26:22,9,11,5754,51724
2023-03-08 13:26:56,9,10,5754,51724
2023-03-08 13:27:21,7,9,5754,51725
2023-03-08 13:27:26,8,9,5754,51725
2023-03-08 13:27:33,8,10,5754,51725
2023-03-08 13:27:33,8,9,5754,51725
2023-03-08 13:27:44,8,10,5754,51725
2023-03-08 13:28:14,8,10,5754,51825
2023-03-08 13:28:36,8,9,5754,51825
2023-03-08 13:28:47,6,8,5754,51826
2023-03-08 13:28:56,7,8,5754,51826
2023-03-08 13:29:03,7,9,5754,51826
2023-03-08 13:29:03,7,8,5754,51826
2023-03-08 13:29:20,7,9,5754,51826
2023-03-08 13:29:20,7,8,5754,51826
2023-03-08 13:29:20,5,7,5754,51827
2023-03-08 13:29:26,5,7,5754,51828
2023-03-08 13:29:36,5,9,5754,51828
2023-03-08 13:29:36,5,8,5754,51828
2023-03-08 13:29:37,5,7,5754,51828
2023-03-08 13:29:54,5,8,5754,51828
2023-03-08 13:29:54,5,9,5754,51828
2023-03-08 13:29:54,5,8,5754,51828
2023-03-08 13:29:54,5,7,5754,51828
2023-03-08 13:29:56,6,7,5754,51828
2023-03-08 13:30:36,5,7,5754,51829
2023-03-08 13:30:44,5,6,5754,51829
2023-03-08 13:30:56,5,6,5754,51830
2023-03-08 13:31:00,5,7,5754,51830
2023-03-08 13:31:17,5,6,5754,51830
2023-03-08 13:31:26,5,6,5754,51831
2023-03-08 13:31:37,5,7,5754,51831
2023-03-08 13:31:37,5,6,5754,51831
2023-03-08 13:31:53,5,7,5754,51831
2023-03-08 13:31:56,6,7,5754,51831
2023-03-08 13:32:08,6,8,5754,51831
2023-03-08 13:32:08,6,7,5754,51831
2023-03-08 13:32:22,6,8,5754,51831
2023-03-08 13:32:26,7,8,5754,51831
2023-03-08 13:32:37,8,9,5754,51831
2023-03-08 13:32:39,7,8,5764,51841
2023-03-08 13:32:51,6,7,5764,51843
2023-03-08 13:33:48,6,8,5764,51843
2023-03-08 13:35:50,5,6,5835,52165
2023-03-08 13:36:08,5,7,5835,52165
2023-03-08 13:37:34,5,6,5835,52165
2023-03-08 13:37:50,5,7,5835,52165
2023-03-08 13:37:50,5,6,5835,52165
2023-03-08 13:38:01,5,7,5835,52165
2023-03-08 13:38:02,5,6,5835,52165
2023-03-08 13:38:21,5,7,5835,52165
2023-03-08 13:41:27,5,6,5835,52165
2023-03-08 13:42:20,5,7,5835,52165
2023-03-08 13:42:20,5,6,5835,52165
2023-03-08 13:42:46,5,6,5872,52202
2023-03-08 13:42:57,5,6,5983,52313
2023-03-08 13:44:26,5,7,5983,52313
2023-03-08 13:44:26,5,6,5983,52313
2023-03-08 13:44:39,5,7,5983,52313
2023-03-08 13:44:39,5,6,5983,52313
2023-03-08 13:44:53,5,7,5983,52313
2023-03-08 13:44:53,5,6,5983,52313
2023-03-08 13:45:18,5,7,5983,52313
2023-03-08 13:45:18,5,6,5983,52313
2023-03-08 13:45:50,5,7,5983,52313
2023-03-08 13:45:50,5,6,5983,52313
2023-03-08 13:45:58,5,7,5983,52313
2023-03-08 13:45:58,5,6,5983,52313
2023-03-08 13:46:19,5,7,5983,52313
2023-03-08 13:46:19,5,6,5983,52313
2023-03-08 13:46:36,5,7,5983,52313
2023-03-08 13:47:32,5,6,5983,52313
2023-03-08 13:47:44,5,7,5983,52313
2023-03-08 13:47:45,5,6,5983,52313
2023-03-08 13:48:40,5,7,5983,52313
2023-03-08 13:48:40,5,6,5983,52313
2023-03-08 13:48:56,5,7,5983,52313
2023-03-08 13:48:56,5,6,5983,52313
2023-03-08 13:49:21,5,7,5983,52313
2023-03-08 13:49:21,5,6,5983,52313
2023-03-08 13:49:38,5,7,5983,52313
2023-03-08 13:49:39,5,6,5983,52313
2023-03-08 13:50:20,5,7,5983,52313
2023-03-08 13:50:20,5,6,5983,52313
2023-03-08 13:50:20,5,6,6320,52650
2023-03-08 13:50:35,4,5,6363,52693
2023-03-08 13:50:48,4,6,6363,52693
2023-03-08 13:50:48,4,5,6363,52693
2023-03-08 13:51:01,4,6,6363,52693
2023-03-08 13:51:01,4,5,6363,52693
2023-03-08 13:51:28,4,6,6363,52693
2023-03-08 13:53:06,4,5,6363,52693
2023-03-08 13:53:19,4,6,6363,52693
2023-03-08 13:53:27,5,6,6363,52693
2023-03-08 13:53:40,5,7,6363,52693
2023-03-08 13:54:20,6,7,6363,52693
2023-03-08 13:54:29,5,7,6363,52693
2023-03-08 13:54:57,6,7,6363,52693
2023-03-08 13:55:24,7,8,6235,52821
2023-03-08 13:55:37,6,8,6235,52821
2023-03-08 13:55:37,7,8,6235,52821
2023-03-08 13:55:54,6,8,6235,52821
2023-03-08 13:55:58,6,7,6235,52821
2023-03-08 13:56:21,5,7,6235,52821
2023-03-08 13:56:21,6,7,6235,52821
2023-03-08 13:56:56,6,8,6235,52821
2023-03-08 13:57:21,6,7,6235,52821
2023-03-08 13:57:49,5,7,6235,52821
2023-03-08 13:57:50,5,6,6235,52821
2023-03-08 13:58:32,5,7,6235,52821
2023-03-08 13:59:27,5,6,6235,52821
2023-03-08 14:00:21,5,7,6235,52821
2023-03-08 14:00:21,5,6,6235,52821
2023-03-08 14:00:30,5,7,6235,52821
2023-03-08 14:00:57,6,7,6235,52821
2023-03-08 14:01:18,6,8,6235,52821
2023-03-08 14:01:19,6,7,6235,52821
2023-03-08 14:01:54,5,7,6235,52821
2023-03-08 14:01:54,6,7,6235,52821
2023-03-08 14:02:20,5,7,6235,52821
2023-03-08 14:02:20,6,7,6235,52821
2023-03-08 14:02:39,6,8,6235,52821
2023-03-08 14:02:58,6,7,6235,52821
2023-03-08 14:03:22,5,7,6235,52821
2023-03-08 14:03:22,6,7,6235,52821
2023-03-08 14:03:32,5,7,6235,52821
2023-03-08 14:05:37,5,6,6235,52821
2023-03-08 14:05:51,5,7,6235,52821
2023-03-08 14:05:51,5,6,6235,52821
2023-03-08 14:05:59,5,7,6235,52821
2023-03-08 14:05:59,5,6,6235,52821
2023-03-08 14:06:22,5,7,6235,52821
2023-03-08 14:06:22,5,6,6235,52821
2023-03-08 14:06:33,5,7,6235,52821
2023-03-08 14:06:33,5,6,6235,52821
2023-03-08 14:06:49,5,7,6235,52821
2023-03-08 14:06:49,5,6,6235,52821
2023-03-08 14:06:56,5,7,6235,52821
2023-03-08 14:07:39,5,6,6235,52821
2023-03-08 14:07:53,5,7,6235,52821
2023-03-08 14:07:53,5,6,6235,52821
2023-03-08 14:08:19,5,7,6235,52821
2023-03-08 14:08:19,5,6,6235,52821
2023-03-08 14:08:31,5,7,6235,52821
2023-03-08 14:08:32,5,6,6235,52821
2023-03-08 14:08:43,5,7,6235,52821
2023-03-08 14:08:43,5,6,6235,52821
2023-03-08 14:09:03,5,7,6235,52821
2023-03-08 14:09:03,5,6,6235,52821
2023-03-08 14:09:12,5,7,6235,52821
2023-03-08 14:09:12,5,6,6235,52821
2023-03-08 14:09:27,5,7,6235,52821
2023-03-08 14:09:27,6,7,6235,52821
2023-03-08 14:09:39,6,8,6235,52821
2023-03-08 14:11:28,7,8,6235,52821
2023-03-08 14:12:28,7,8,6235,52823
2023-03-08 14:12:36,6,8,6235,52823
2023-03-08 14:12:58,7,8,6235,52823
2023-03-08 14:14:04,6,8,6235,52823
2023-03-08 14:14:28,6,7,6235,52823
2023-03-08 14:14:50,5,7,6235,52823
2023-03-08 14:15:36,6,7,6235,52823
2023-03-08 14:15:46,5,7,6235,52823
2023-03-08 14:15:46,6,7,6235,52823
2023-03-08 14:15:55,7,8,6235,52825
2023-03-08 14:15:58,7,8,6235,52827
2023-03-08 14:16:22,6,8,6235,52827
2023-03-08 14:16:28,7,8,6235,52827
2023-03-08 14:17:05,6,8,6235,52827
2023-03-08 14:17:05,7,8,6235,52827
2023-03-08 14:17:05,7,8,6164,52905
2023-03-08 14:17:24,6,8,6164,52905
2023-03-08 14:20:45,7,8,6164,52905
2023-03-08 14:21:36,7,8,6164,53008
2023-03-08 14:21:54,7,8,6164,53163
2023-03-08 14:23:06,6,8,6164,53163
2023-03-08 14:23:06,7,8,6164,53163
2023-03-08 14:23:35,6,8,6164,53163
2023-03-08 14:23:58,7,8,6164,53163
2023-03-08 14:24:45,6,8,6164,53163
2023-03-08 14:25:57,7,8,6164,53163
2023-03-08 14:26:20,6,8,6164,53163
2023-03-08 14:26:20,7,8,6164,53163
2023-03-08 14:26:32,6,8,6164,53163
2023-03-08 14:26:32,7,8,6164,53163
2023-03-08 14:27:26,7,8,6164,53212
2023-03-08 14:27:58,7,8,6164,53214
2023-03-08 14:28:06,7,8,6164,53362
2023-03-08 14:28:22,8,10,6164,53579
2023-03-08 14:28:22,8,9,6164,53579
2023-03-08 14:28:39,8,9,6164,53700
2023-03-08 14:28:40,8,10,6164,53700
2023-03-08 14:28:40,8,9,6164,53700
2023-03-08 14:29:22,7,9,6164,53700
2023-03-08 14:30:04,8,9,6164,53700
2023-03-08 14:30:23,7,9,6164,53700
2023-03-08 14:30:49,7,8,6164,53700
2023-03-08 14:31:27,7,9,6164,53700
2023-03-08 14:31:59,7,8,6164,53700
2023-03-08 14:32:26,7,9,6164,53700
2023-03-08 14:32:39,8,9,6164,53700
2023-03-08 14:32:43,8,9,6165,53701
2023-03-08 14:33:22,6,7,6165,53703
2023-03-08 14:33:32,6,8,6165,53703
2023-03-08 14:33:32,5,6,6286,53833
2023-03-08 14:33:58,5,6,6286,53835
2023-03-08 14:34:01,5,7,6286,53835
2023-03-08 14:34:01,5,6,6286,53835
2023-03-08 14:34:15,5,7,6286,53835
2023-03-08 14:34:15,5,6,6286,53835
2023-03-08 14:34:24,5,8,6286,53835
2023-03-08 14:34:24,5,7,6286,53835
2023-03-08 14:34:29,5,6,6286,53835
2023-03-08 14:35:06,5,7,6286,53835
2023-03-08 14:35:06,5,6,6286,53835
2023-03-08 14:35:26,5,7,6286,53835
2023-03-08 14:35:26,5,6,6286,53835
2023-03-08 14:36:12,5,6,6407,53956
2023-03-08 14:36:15,6,7,6446,53995
2023-03-08 14:36:26,5,8,6677,54226
2023-03-08 14:36:27,5,7,6677,54226
2023-03-08 14:36:28,5,8,6677,54226
2023-03-08 14:36:28,5,9,6677,54226
2023-03-08 14:36:28,6,9,6677,54226
2023-03-08 14:36:28,6,8,6677,54226
2023-03-08 14:36:29,6,7,6677,54226
2023-03-08 14:36:37,5,7,6677,54226
2023-03-08 14:36:37,6,7,6677,54226
2023-03-08 14:36:49,5,7,6677,54226
2023-03-08 14:36:49,6,7,6677,54226
2023-03-08 14:36:59,5,7,6677,54226
2023-03-08 14:37:21,6,7,6677,54226
2023-03-08 14:37:34,6,8,6677,54226
2023-03-08 14:38:29,7,8,6677,54226
2023-03-08 14:38:34,7,9,6677,54226
2023-03-08 14:38:59,7,8,6677,54226
2023-03-08 14:39:41,6,8,6677,54226
2023-03-08 14:40:33,7,8,6677,54226
2023-03-08 14:40:56,6,8,6677,54226
2023-03-08 14:40:56,7,8,6677,54226
2023-03-08 14:41:19,6,8,6677,54226
2023-03-08 14:41:27,6,7,6677,54226
2023-03-08 14:41:35,5,7,6677,54226
2023-03-08 14:41:35,6,7,6677,54226
2023-03-08 14:41:45,5,7,6677,54226
2023-03-08 14:41:53,6,7,6677,54226
2023-03-08 14:42:14,6,7,6609,54294
2023-03-08 14:42:21,5,7,6609,54294
2023-03-08 14:42:21,5,6,6609,54294
2023-03-08 14:42:58,5,7,6609,54294
2023-03-08 14:42:59,5,6,6609,54294
2023-03-08 14:43:07,5,6,6609,54300
2023-03-08 14:43:29,5,6,6609,54310
2023-03-08 14:43:30,5,6,6609,54320
2023-03-08 14:43:32,5,6,6609,54330
2023-03-08 14:43:33,5,6,6609,54340
2023-03-08 14:43:34,5,6,6609,54350
2023-03-08 14:43:35,5,6,6609,54360
2023-03-08 14:43:37,5,6,6609,54370
2023-03-08 14:43:38,5,6,6609,54380
2023-03-08 14:43:39,5,6,6609,54390
2023-03-08 14:43:40,5,6,6609,54400
2023-03-08 14:44:08,5,6,6609,54410
2023-03-08 14:44:09,5,6,6609,54420
2023-03-08 14:44:11,5,6,6609,54430
2023-03-08 14:44:12,4,5,6609,54432
2023-03-08 14:44:23,4,6,6609,54442
2023-03-08 14:44:24,4,6,6609,54452
2023-03-08 14:44:26,4,5,6609,54452
2023-03-08 14:44:27,3,6,6609,54452
2023-03-08 14:44:27,3,5,6609,54452
2023-03-08 14:44:29,4,6,6609,54452
2023-03-08 14:44:29,4,5,6609,54452
2023-03-08 14:44:41,4,6,6609,54452
2023-03-08 14:44:41,4,5,6609,54452
2023-03-08 14:44:53,4,6,6609,54452
2023-03-08 14:44:53,4,5,6609,54452
2023-03-08 14:45:05,3,4,6609,54454
2023-03-08 14:45:12,3,5,6609,54454
2023-03-08 14:45:13,4,5,6609,54454
2023-03-08 14:45:20,4,6,6609,54454
2023-03-08 14:45:20,4,5,6609,54454
2023-03-08 14:45:36,4,6,6609,54454
2023-03-08 14:45:36,4,5,6609,54454
2023-03-08 14:45:44,4,6,6609,54454
2023-03-08 14:45:44,4,5,6609,54454
2023-03-08 14:45:59,4,6,6609,54454
2023-03-08 14:45:59,4,5,6609,54454
2023-03-08 14:46:16,4,5,6609,54464
2023-03-08 14:46:18,4,5,6609,54474
2023-03-08 14:46:19,4,5,6609,54484
2023-03-08 14:46:28,4,5,6609,54494
2023-03-08 14:46:29,4,5,6609,54504
2023-03-08 14:46:30,4,5,6609,54514
2023-03-08 14:46:31,4,5,6609,54524
2023-03-08 14:46:33,4,5,6609,54534
2023-03-08 14:46:34,4,5,6609,54544
2023-03-08 14:46:35,4,5,6609,54554
2023-03-08 14:46:36,4,5,6609,54564
2023-03-08 14:46:38,4,5,6609,54574
2023-03-08 14:46:39,4,5,6609,54584
2023-03-08 14:46:39,3,5,6609,54584
2023-03-08 14:46:40,3,4,6609,54584
2023-03-08 14:46:43,3,5,6609,54584
2023-03-08 14:46:43,3,4,6609,54584
2023-03-08 14:46:55,3,5,6609,54584
2023-03-08 14:46:55,3,4,6609,54584
2023-03-08 14:47:23,3,5,6609,54584
2023-03-08 14:48:37,4,5,6609,54584
2023-03-08 14:50:21,4,5,6609,54732
2023-03-08 14:50:31,4,5,6609,54917
2023-03-08 14:50:31,3,5,6609,54917
2023-03-08 14:50:40,3,4,6609,54917
2023-03-08 14:50:42,3,5,6609,54917
2023-03-08 14:50:43,3,4,6609,54917
2023-03-08 14:50:44,3,5,6609,54917
2023-03-08 14:50:45,3,4,6609,54917
2023-03-08 14:51:07,3,4,6619,54927
2023-03-08 14:51:08,3,4,6629,54937
2023-03-08 14:51:10,3,4,6639,54947
2023-03-08 14:51:11,3,4,6649,54957
2023-03-08 14:51:12,3,4,6659,54967
2023-03-08 14:51:13,3,4,6669,54977
2023-03-08 14:51:15,3,4,6679,54987
2023-03-08 14:51:16,3,4,6689,54997
2023-03-08 14:51:17,3,4,6699,55007
2023-03-08 14:51:18,3,4,6709,55017
2023-03-08 14:51:20,3,4,6719,55027
2023-03-08 14:51:21,3,4,6729,55037
2023-03-08 14:51:22,3,4,6739,55047
2023-03-08 14:52:58,3,4,6739,55062
2023-03-08 14:54:30,3,4,6739,55078
2023-03-08 14:57:35,3,4,6739,55088
2023-03-08 14:58:19,2,4,6739,55088
