datetime,bid,ask,open_interest,volume
2023-03-07 09:30:28,38,100,645,664
2023-03-07 09:30:28,38,40,645,664
2023-03-07 09:30:28,38,39,645,664
2023-03-07 09:30:33,18,38,645,673
2023-03-07 09:30:33,1,38,654,682
2023-03-07 09:30:34,1,15,654,682
2023-03-07 09:30:39,15,38,663,691
2023-03-07 09:31:03,22,38,663,691
2023-03-07 09:31:03,22,31,663,691
2023-03-07 09:31:03,22,28,663,691
2023-03-07 09:31:05,22,28,674,702
2023-03-07 09:31:05,24,28,674,702
2023-03-07 09:31:42,24,28,685,713
2023-03-07 09:32:20,24,28,696,724
2023-03-07 09:32:57,24,28,706,734
2023-03-07 09:33:33,24,26,706,734
2023-03-07 09:33:33,23,26,706,734
2023-03-07 09:33:34,23,26,716,744
2023-03-07 09:34:12,23,26,726,754
2023-03-07 09:34:49,23,26,736,764
2023-03-07 09:35:27,24,26,736,764
2023-03-07 09:36:05,23,26,736,764
2023-03-07 09:36:05,23,24,736,764
2023-03-07 09:36:43,23,26,736,764
2023-03-07 09:36:43,23,26,727,773
2023-03-07 09:37:19,22,26,727,773
2023-03-07 09:37:21,22,24,727,773
2023-03-07 09:37:27,22,23,727,773
2023-03-07 09:37:47,22,24,727,773
2023-03-07 09:37:47,22,23,727,773
2023-03-07 09:37:53,22,24,727,773
2023-03-07 09:37:53,22,23,727,773
2023-03-07 09:39:00,22,23,727,803
2023-03-07 09:39:14,22,23,719,811
2023-03-07 09:39:46,22,25,719,811
2023-03-07 09:39:46,22,23,719,811
2023-03-07 09:39:52,22,23,727,819
2023-03-07 09:40:01,22,25,727,819
2023-03-07 09:40:03,22,23,727,819
2023-03-07 09:40:30,22,23,719,827
2023-03-07 09:40:31,22,25,719,827
2023-03-07 09:40:31,22,23,719,827
2023-03-07 09:40:45,22,25,719,827
2023-03-07 09:40:46,22,23,719,827
2023-03-07 09:42:31,22,24,719,827
2023-03-07 09:42:33,22,23,719,827
2023-03-07 09:43:01,22,23,727,835
2023-03-07 09:43:16,22,25,727,835
2023-03-07 09:43:16,22,23,727,835
2023-03-07 09:43:35,22,25,727,835
2023-03-07 09:43:36,22,24,727,835
2023-03-07 09:43:38,22,24,735,843
2023-03-07 09:44:16,23,24,735,843
2023-03-07 09:44:54,22,24,735,843
2023-03-07 09:44:54,22,25,735,843
2023-03-07 09:44:54,22,24,735,843
2023-03-07 09:44:55,22,23,735,843
2023-03-07 09:45:33,22,23,742,850
2023-03-07 09:45:35,22,25,742,850
2023-03-07 09:45:35,22,24,742,850
2023-03-07 09:45:47,22,25,742,850
2023-03-07 09:45:47,22,24,742,850
2023-03-07 09:46:03,22,25,742,850
2023-03-07 09:46:03,22,23,742,850
2023-03-07 09:46:12,22,23,735,857
2023-03-07 09:46:34,22,25,735,857
2023-03-07 09:46:35,22,23,735,857
2023-03-07 09:46:45,22,25,735,857
2023-03-07 09:46:45,22,23,735,857
2023-03-07 09:46:50,22,23,728,864
2023-03-07 09:46:58,22,25,728,864
2023-03-07 09:46:58,22,23,728,864
2023-03-07 09:47:28,22,23,735,871
2023-03-07 09:47:31,22,25,735,871
2023-03-07 09:47:31,22,24,735,871
2023-03-07 09:47:43,22,25,735,871
2023-03-07 09:47:43,22,23,735,871
2023-03-07 09:48:07,22,23,742,878
2023-03-07 09:48:22,22,25,742,878
2023-03-07 09:48:23,22,24,742,878
2023-03-07 09:48:44,22,25,742,878
2023-03-07 09:48:45,22,24,742,878
2023-03-07 09:48:45,22,23,742,878
2023-03-07 09:49:01,22,24,742,878
2023-03-07 09:49:02,22,23,742,878
2023-03-07 09:49:24,20,23,735,885
2023-03-07 09:49:25,19,23,735,885
2023-03-07 09:49:25,19,25,735,885
2023-03-07 09:49:25,20,25,735,885
2023-03-07 09:49:25,20,22,735,885
2023-03-07 09:49:47,19,22,735,885
2023-03-07 09:49:47,19,24,735,885
2023-03-07 09:49:47,20,24,735,885
2023-03-07 09:49:47,20,22,735,885
2023-03-07 09:50:01,21,22,735,885
2023-03-07 09:50:02,21,23,735,885
2023-03-07 09:50:02,21,22,735,885
2023-03-07 09:50:35,21,23,735,885
2023-03-07 09:50:39,21,22,735,885
2023-03-07 09:50:56,20,22,735,885
2023-03-07 09:51:06,21,22,735,885
2023-03-07 09:51:17,21,23,735,885
2023-03-07 09:51:54,22,23,735,885
2023-03-07 09:52:02,22,24,735,885
2023-03-07 09:52:03,22,23,735,885
2023-03-07 09:52:16,22,23,735,905
2023-03-07 09:52:33,21,23,735,905
2023-03-07 09:53:08,20,23,735,905
2023-03-07 09:53:09,21,23,735,905
2023-03-07 09:53:11,22,23,735,905
2023-03-07 09:56:20,21,23,741,911
2023-03-07 09:56:29,20,23,741,911
2023-03-07 09:56:59,20,23,747,917
2023-03-07 09:57:19,20,24,747,917
2023-03-07 09:57:29,21,24,747,917
2023-03-07 09:57:35,20,24,747,917
2023-03-07 09:57:37,20,24,753,923
2023-03-07 09:57:44,21,24,753,923
2023-03-07 09:58:15,21,24,759,929
2023-03-07 09:58:53,21,24,765,935
2023-03-07 09:59:31,21,24,771,941
2023-03-07 10:00:01,21,25,771,941
2023-03-07 10:00:09,21,25,777,947
2023-03-07 10:00:09,23,25,777,947
2023-03-07 10:00:13,23,29,777,947
2023-03-07 10:00:24,23,28,777,947
2023-03-07 10:00:30,23,29,777,947
2023-03-07 10:00:47,23,29,783,953
2023-03-07 10:00:48,26,29,783,953
2023-03-07 10:00:55,26,27,783,953
2023-03-07 10:00:56,23,27,1323,1499
2023-03-07 10:01:25,23,27,1329,1505
2023-03-07 10:02:03,23,27,1335,1511
2023-03-07 10:02:14,23,26,1335,1511
2023-03-07 10:02:41,23,27,1340,1517
2023-03-07 10:03:18,23,27,1346,1523
2023-03-07 10:03:57,23,27,1353,1530
2023-03-07 10:04:35,23,27,1359,1536
2023-03-07 10:05:13,23,27,1365,1542
2023-03-07 10:05:52,23,27,1371,1548
2023-03-07 10:06:42,23,27,1377,1554
2023-03-07 10:07:21,26,27,1377,1554
2023-03-07 10:07:41,23,26,1377,1560
2023-03-07 10:07:43,22,26,1377,1560
2023-03-07 10:08:00,22,23,1377,1560
2023-03-07 10:08:36,22,25,1377,1560
2023-03-07 10:08:36,22,26,1377,1560
2023-03-07 10:08:38,22,26,1377,1566
2023-03-07 10:08:54,22,25,1377,1566
2023-03-07 10:09:16,22,25,1371,1572
2023-03-07 10:09:23,23,25,1371,1572
2023-03-07 10:09:23,23,25,1371,1594
2023-03-07 10:09:33,22,25,1371,1594
2023-03-07 10:09:33,24,25,1371,1594
2023-03-07 10:09:41,22,25,1371,1594
2023-03-07 10:09:41,23,25,1371,1594
2023-03-07 10:09:41,23,25,1371,1639
2023-03-07 10:09:51,22,25,1371,1639
2023-03-07 10:09:51,24,25,1371,1639
2023-03-07 10:09:54,24,25,1365,1645
2023-03-07 10:09:59,24,25,1365,1690
2023-03-07 10:10:08,22,25,1365,1690
2023-03-07 10:10:08,24,25,1365,1690
2023-03-07 10:10:29,22,25,1365,1690
2023-03-07 10:10:29,24,25,1365,1690
2023-03-07 10:10:33,24,25,1358,1697
2023-03-07 10:10:40,22,25,1358,1697
2023-03-07 10:10:42,23,25,1358,1697
2023-03-07 10:11:11,23,25,1351,1704
2023-03-07 10:11:15,22,25,1351,1704
2023-03-07 10:11:15,24,25,1351,1704
2023-03-07 10:11:27,22,25,1351,1704
2023-03-07 10:11:45,22,26,1351,1704
2023-03-07 10:11:46,23,26,1351,1704
2023-03-07 10:11:46,23,25,1351,1704
2023-03-07 10:11:49,23,25,1345,1710
2023-03-07 10:11:58,22,25,1345,1710
2023-03-07 10:11:58,22,26,1345,1710
2023-03-07 10:11:58,23,26,1345,1710
2023-03-07 10:12:06,24,26,1345,1710
2023-03-07 10:12:17,23,26,1345,1710
2023-03-07 10:12:27,24,26,1345,1710
2023-03-07 10:12:28,24,26,1351,1716
2023-03-07 10:12:42,23,26,1351,1716
2023-03-07 10:12:42,23,27,1351,1716
2023-03-07 10:12:42,24,27,1351,1716
2023-03-07 10:13:07,24,27,1357,1722
2023-03-07 10:13:29,24,26,1357,1722
2023-03-07 10:13:46,24,27,1357,1722
2023-03-07 10:14:46,24,26,1357,1722
2023-03-07 10:14:58,24,27,1357,1722
2023-03-07 10:14:58,24,26,1357,1722
2023-03-07 10:16:01,24,26,1351,1728
2023-03-07 10:16:04,23,26,1351,1728
2023-03-07 10:16:04,23,27,1351,1728
2023-03-07 10:16:04,24,27,1351,1728
2023-03-07 10:16:04,24,26,1351,1728
2023-03-07 10:16:28,23,26,1351,1728
2023-03-07 10:16:28,23,27,1351,1728
2023-03-07 10:16:29,24,27,1351,1728
2023-03-07 10:16:29,24,26,1351,1728
2023-03-07 10:16:41,24,26,1345,1734
2023-03-07 10:17:02,23,26,1345,1734
2023-03-07 10:17:03,24,26,1345,1734
2023-03-07 10:17:10,24,26,1345,1744
2023-03-07 10:17:20,24,26,1351,1750
2023-03-07 10:17:31,23,26,1351,1750
2023-03-07 10:17:31,23,27,1351,1750
2023-03-07 10:17:31,24,27,1351,1750
2023-03-07 10:17:41,23,27,1351,1750
2023-03-07 10:17:42,24,27,1351,1750
2023-03-07 10:17:42,24,26,1351,1750
2023-03-07 10:17:59,25,26,1351,1750
2023-03-07 10:18:06,25,27,1351,1750
2023-03-07 10:18:06,25,26,1351,1750
2023-03-07 10:18:32,25,27,1351,1750
2023-03-07 10:18:32,25,26,1351,1750
2023-03-07 10:18:37,24,26,1351,1750
2023-03-07 10:19:07,24,25,1351,1750
2023-03-07 10:19:15,23,25,1351,1750
2023-03-07 10:19:16,23,24,1351,1750
2023-03-07 10:19:54,23,25,1351,1750
2023-03-07 10:19:54,23,25,1345,1756
2023-03-07 10:20:03,23,27,1345,1756
2023-03-07 10:20:03,23,25,1345,1756
2023-03-07 10:21:12,23,24,1345,1756
2023-03-07 10:21:50,25,26,1345,1756
2023-03-07 10:22:28,24,26,1350,1761
2023-03-07 10:22:30,25,26,1350,1761
2023-03-07 10:23:08,25,26,1355,1766
2023-03-07 10:23:47,25,26,1360,1771
2023-03-07 10:23:52,25,27,1360,1856
2023-03-07 10:24:25,25,27,1364,1860
2023-03-07 10:24:37,25,29,1364,1860
2023-03-07 10:24:38,25,27,1364,1860
2023-03-07 10:24:55,25,29,1364,1860
2023-03-07 10:24:56,25,30,1364,1860
2023-03-07 10:24:56,25,27,1364,1860
2023-03-07 10:25:05,25,27,1368,1864
2023-03-07 10:25:12,25,29,1368,1864
2023-03-07 10:25:12,25,27,1368,1864
2023-03-07 10:25:31,25,29,1368,1864
2023-03-07 10:25:31,25,27,1368,1864
2023-03-07 10:25:43,25,27,1372,1868
2023-03-07 10:26:13,25,29,1372,1868
2023-03-07 10:26:13,25,27,1372,1868
2023-03-07 10:26:22,25,27,1376,1872
2023-03-07 10:27:01,25,27,1380,1876
2023-03-07 10:27:12,26,27,1380,1876
2023-03-07 10:27:39,26,29,1380,1876
2023-03-07 10:27:39,26,27,1380,1876
2023-03-07 10:27:40,26,27,1384,1880
2023-03-07 10:28:19,26,27,1387,1883
2023-03-07 10:28:57,26,27,1390,1886
2023-03-07 10:29:00,26,29,1390,1886
2023-03-07 10:29:00,26,27,1390,1886
2023-03-07 10:29:36,26,27,1393,1889
2023-03-07 10:29:38,26,29,1393,1889
2023-03-07 10:29:38,26,27,1393,1889
2023-03-07 10:30:01,26,29,1393,1889
2023-03-07 10:30:01,26,27,1393,1889
2023-03-07 10:30:15,26,27,1396,1892
2023-03-07 10:30:41,26,29,1396,1892
2023-03-07 10:30:41,26,27,1396,1892
2023-03-07 10:30:54,26,27,1399,1895
2023-03-07 10:31:04,26,29,1399,1895
2023-03-07 10:31:04,26,27,1399,1895
2023-03-07 10:31:17,26,29,1399,1895
2023-03-07 10:31:17,26,27,1399,1895
2023-03-07 10:31:32,26,29,1399,1895
2023-03-07 10:31:32,26,30,1399,1895
2023-03-07 10:31:32,26,28,1399,1895
2023-03-07 10:31:33,26,28,1402,1898
2023-03-07 10:32:11,26,28,1405,1901
2023-03-07 10:32:35,27,28,1405,1901
2023-03-07 10:32:44,27,31,1405,1901
2023-03-07 10:32:45,27,30,1405,1901
2023-03-07 10:32:45,27,28,1405,1901
2023-03-07 10:32:48,27,28,1408,1904
2023-03-07 10:32:59,27,28,1408,1929
2023-03-07 10:33:19,27,29,1408,1929
2023-03-07 10:33:20,27,29,1408,1954
2023-03-07 10:33:21,28,29,1408,1954
2023-03-07 10:33:25,27,29,1408,1954
2023-03-07 10:33:26,27,29,1410,1956
2023-03-07 10:33:33,27,31,1410,1956
2023-03-07 10:33:34,27,31,1410,1995
2023-03-07 10:33:34,27,29,1410,1995
2023-03-07 10:34:02,27,31,1410,1995
2023-03-07 10:34:02,27,31,1468,2081
2023-03-07 10:34:02,27,29,1468,2081
2023-03-07 10:34:06,27,29,1471,2084
2023-03-07 10:34:21,27,30,1471,2084
2023-03-07 10:34:21,27,28,1471,2084
2023-03-07 10:34:39,27,30,1471,2084
2023-03-07 10:34:39,27,30,1540,2153
2023-03-07 10:34:39,27,29,1540,2153
2023-03-07 10:34:45,27,29,1541,2154
2023-03-07 10:34:57,27,30,1541,2154
2023-03-07 10:34:57,27,28,1541,2154
2023-03-07 10:35:30,27,29,1541,2154
2023-03-07 10:35:30,27,28,1541,2154
2023-03-07 10:35:46,27,29,1541,2154
2023-03-07 10:35:46,27,28,1541,2154
2023-03-07 10:35:59,26,28,1541,2154
2023-03-07 10:35:59,26,30,1541,2154
2023-03-07 10:35:59,26,27,1541,2154
2023-03-07 10:36:21,26,28,1541,2154
2023-03-07 10:36:21,26,27,1541,2154
2023-03-07 10:36:43,26,27,1541,2155
2023-03-07 10:37:12,26,29,1541,2155
2023-03-07 10:37:12,26,30,1541,2155
2023-03-07 10:37:13,26,27,1541,2155
2023-03-07 10:37:23,26,27,1541,2156
2023-03-07 10:37:31,26,29,1541,2156
2023-03-07 10:37:32,26,27,1541,2156
2023-03-07 10:37:46,26,29,1541,2156
2023-03-07 10:37:46,26,27,1541,2156
2023-03-07 10:38:02,26,27,1541,2186
2023-03-07 10:38:40,26,28,1541,2186
2023-03-07 10:38:41,26,28,1543,2188
2023-03-07 10:38:42,27,28,1543,2188
2023-03-07 10:38:53,27,30,1543,2188
2023-03-07 10:38:53,27,28,1543,2188
2023-03-07 10:39:01,27,30,1543,2188
2023-03-07 10:39:02,27,28,1543,2188
2023-03-07 10:39:20,27,28,1545,2190
2023-03-07 10:39:29,27,30,1545,2190
2023-03-07 10:39:30,27,28,1545,2190
2023-03-07 10:39:47,27,30,1545,2190
2023-03-07 10:39:48,27,28,1545,2190
2023-03-07 10:39:58,27,28,1547,2192
2023-03-07 10:40:37,27,28,1549,2194
2023-03-07 10:40:40,27,30,1549,2194
2023-03-07 10:40:41,27,29,1549,2194
2023-03-07 10:40:56,27,31,1549,2194
2023-03-07 10:40:57,27,29,1549,2194
2023-03-07 10:41:15,27,29,1551,2196
2023-03-07 10:41:33,27,31,1551,2196
2023-03-07 10:41:33,27,29,1551,2196
2023-03-07 10:41:52,27,31,1551,2196
2023-03-07 10:41:52,27,29,1551,2196
2023-03-07 10:41:53,27,29,1553,2198
2023-03-07 10:42:13,28,29,1553,2198
2023-03-07 10:42:22,28,31,1553,2198
2023-03-07 10:42:22,28,30,1553,2198
2023-03-07 10:42:31,28,30,1555,2200
2023-03-07 10:42:51,28,31,1555,2200
2023-03-07 10:42:51,28,30,1555,2200
2023-03-07 10:43:10,28,30,1557,2202
2023-03-07 10:43:46,28,31,1557,2202
2023-03-07 10:43:48,28,31,1557,2204
2023-03-07 10:44:01,29,31,1557,2204
2023-03-07 10:44:26,29,31,1557,2206
2023-03-07 10:45:02,29,30,1557,2206
2023-03-07 10:45:04,29,30,1557,2208
2023-03-07 10:45:14,29,31,1557,2208
2023-03-07 10:45:30,29,32,1557,2208
2023-03-07 10:45:30,29,31,1557,2208
2023-03-07 10:45:43,29,31,1559,2210
2023-03-07 10:45:52,29,32,1559,2210
2023-03-07 10:45:52,29,37,1650,2996
2023-03-07 10:45:52,29,33,1650,2996
2023-03-07 10:45:52,29,31,1650,2996
2023-03-07 10:45:53,32,33,1707,3053
2023-03-07 10:46:24,32,35,2053,3401
2023-03-07 10:46:24,32,34,2053,3401
2023-03-07 10:46:42,32,33,2053,3401
2023-03-07 10:46:59,32,33,2055,3403
2023-03-07 10:47:08,32,34,2055,3403
2023-03-07 10:47:17,32,33,2055,3403
2023-03-07 10:47:36,32,34,2055,3403
2023-03-07 10:47:37,33,34,2055,3403
2023-03-07 10:48:02,33,34,2055,3450
2023-03-07 10:48:06,33,36,2280,3734
2023-03-07 10:48:15,34,36,2280,3734
2023-03-07 10:48:52,32,36,2280,3734
2023-03-07 10:48:52,32,37,2280,3734
2023-03-07 10:48:52,34,37,2280,3734
2023-03-07 10:48:52,34,36,2280,3734
2023-03-07 10:48:54,34,35,2280,3734
2023-03-07 10:50:53,32,35,2280,3734
2023-03-07 10:50:53,34,35,2280,3734
2023-03-07 10:51:26,33,35,2280,3734
2023-03-07 10:51:27,34,35,2280,3734
2023-03-07 10:51:39,34,35,2277,3737
2023-03-07 10:51:48,33,35,2277,3737
2023-03-07 10:51:48,34,35,2277,3737
2023-03-07 10:52:54,32,35,2277,3737
2023-03-07 10:52:54,34,35,2277,3737
2023-03-07 10:52:55,34,35,2274,3740
2023-03-07 10:53:08,32,35,2274,3740
2023-03-07 10:53:08,34,35,2274,3740
2023-03-07 10:53:32,32,35,2274,3740
2023-03-07 10:53:33,33,35,2274,3740
2023-03-07 10:53:33,33,35,2270,3744
2023-03-07 10:53:42,33,35,2319,3794
2023-03-07 10:53:46,32,35,2319,3794
2023-03-07 10:53:46,32,36,2319,3794
2023-03-07 10:53:47,33,36,2319,3794
2023-03-07 10:53:47,33,35,2319,3794
2023-03-07 10:54:06,32,35,2319,3794
2023-03-07 10:54:06,32,36,2319,3794
2023-03-07 10:54:06,33,36,2319,3794
2023-03-07 10:54:06,33,35,2319,3794
2023-03-07 10:54:12,33,35,2315,3798
2023-03-07 10:55:07,34,35,2315,3798
2023-03-07 10:55:19,33,35,2315,3798
2023-03-07 10:55:19,34,35,2315,3798
2023-03-07 10:55:29,35,36,2315,3798
2023-03-07 10:55:37,35,37,2315,3798
2023-03-07 10:56:07,35,37,2311,3802
2023-03-07 10:56:23,34,37,2311,3802
2023-03-07 10:56:23,33,37,2311,3802
2023-03-07 10:56:23,34,37,2311,3802
2023-03-07 10:56:44,32,37,2311,3802
2023-03-07 10:56:44,34,37,2311,3802
2023-03-07 10:56:46,34,36,2311,3802
2023-03-07 10:57:23,34,37,2311,3802
2023-03-07 10:57:23,34,37,2307,3806
2023-03-07 10:57:27,32,37,2307,3806
2023-03-07 10:57:27,34,37,2307,3806
2023-03-07 10:57:41,32,37,2307,3806
2023-03-07 10:57:41,34,37,2307,3806
2023-03-07 10:57:42,34,36,2307,3806
2023-03-07 10:57:59,32,36,2307,3806
2023-03-07 10:57:59,32,37,2307,3806
2023-03-07 10:57:59,34,37,2307,3806
2023-03-07 10:58:01,34,37,2303,3810
2023-03-07 10:58:24,32,37,2303,3810
2023-03-07 10:58:25,34,37,2303,3810
2023-03-07 10:58:39,34,37,2299,3814
2023-03-07 10:58:51,32,37,2299,3814
2023-03-07 10:58:51,33,37,2299,3814
2023-03-07 10:58:51,35,37,2299,3814
2023-03-07 10:59:06,33,35,2299,3934
2023-03-07 10:59:07,33,35,2299,4030
2023-03-07 10:59:16,32,35,2299,4030
2023-03-07 10:59:16,34,35,2299,4030
2023-03-07 10:59:17,34,35,2295,4034
2023-03-07 10:59:28,32,36,2295,4054
2023-03-07 10:59:29,33,36,2295,4054
2023-03-07 10:59:29,35,36,2295,4054
2023-03-07 10:59:30,33,35,2295,4126
2023-03-07 10:59:39,32,35,2295,4367
2023-03-07 10:59:44,32,36,2295,4367
2023-03-07 10:59:44,32,35,2295,4367
2023-03-07 10:59:48,33,35,2295,4367
2023-03-07 10:59:55,33,35,2290,4372
2023-03-07 11:00:10,31,35,2290,4389
2023-03-07 11:00:20,32,35,2290,4389
2023-03-07 11:00:34,32,35,2285,4394
2023-03-07 11:00:41,31,35,2285,4394
2023-03-07 11:00:42,31,34,2285,4394
2023-03-07 11:00:42,31,32,2285,4394
2023-03-07 11:01:12,31,32,2280,4399
2023-03-07 11:01:31,31,35,2280,4399
2023-03-07 11:01:31,31,34,2280,4399
2023-03-07 11:01:31,31,32,2280,4399
2023-03-07 11:01:49,31,34,2280,4514
2023-03-07 11:01:50,31,33,2280,4514
2023-03-07 11:01:51,31,32,2280,4514
2023-03-07 11:02:07,31,32,2280,4621
2023-03-07 11:02:07,31,33,2280,4621
2023-03-07 11:02:28,31,34,2280,4621
2023-03-07 11:02:28,31,33,2280,4621
2023-03-07 11:02:33,32,33,2280,4621
2023-03-07 11:02:45,31,33,2280,4621
2023-03-07 11:02:45,32,33,2280,4621
2023-03-07 11:03:05,32,34,2280,4621
2023-03-07 11:03:05,31,34,2280,4621
2023-03-07 11:03:05,31,35,2280,4621
2023-03-07 11:03:05,32,35,2280,4621
2023-03-07 11:03:06,33,35,2280,4621
2023-03-07 11:03:44,32,35,2286,4627
2023-03-07 11:03:47,31,35,2286,4627
2023-03-07 11:03:47,33,35,2286,4627
2023-03-07 11:04:22,33,35,2291,4632
2023-03-07 11:05:01,33,35,2296,4637
2023-03-07 11:05:33,33,36,2296,4637
2023-03-07 11:05:37,34,36,2296,4637
2023-03-07 11:05:38,34,36,2301,4642
2023-03-07 11:06:07,33,36,2301,4642
2023-03-07 11:06:07,34,36,2301,4642
2023-03-07 11:06:31,34,35,2301,4642
2023-03-07 11:06:49,34,36,2301,4642
2023-03-07 11:06:50,33,36,2301,4642
2023-03-07 11:06:54,35,36,2301,4642
2023-03-07 11:08:10,34,36,2301,4642
2023-03-07 11:08:10,34,35,2301,4642
2023-03-07 11:08:31,33,35,2301,4642
2023-03-07 11:08:44,34,35,2301,4642
2023-03-07 11:08:48,35,36,2301,4642
2023-03-07 11:09:25,34,36,2301,4642
2023-03-07 11:09:26,34,35,2301,4642
2023-03-07 11:09:29,33,35,2301,4642
2023-03-07 11:10:04,34,35,2301,4642
2023-03-07 11:10:05,34,36,2301,4642
2023-03-07 11:10:12,35,36,2301,4642
2023-03-07 11:10:17,35,36,2349,4690
2023-03-07 11:10:41,35,36,2354,4695
2023-03-07 11:11:19,35,36,2359,4700
2023-03-07 11:11:30,33,35,2851,5205
2023-03-07 11:11:38,32,35,2851,5205
2023-03-07 11:11:38,32,35,2851,5232
2023-03-07 11:11:38,33,35,2851,5232
2023-03-07 11:11:48,34,35,2851,5232
2023-03-07 11:12:45,32,34,2856,5288
2023-03-07 11:13:00,33,34,2856,5288
2023-03-07 11:13:12,33,34,2861,5293
2023-03-07 11:13:21,33,35,2861,5293
2023-03-07 11:13:29,34,35,2861,5293
2023-03-07 11:13:53,34,35,2856,5298
2023-03-07 11:13:54,33,34,2856,5342
2023-03-07 11:14:05,32,34,2856,5342
2023-03-07 11:14:05,33,34,2856,5342
2023-03-07 11:14:27,32,34,2856,5342
2023-03-07 11:14:27,33,34,2856,5342
2023-03-07 11:14:38,32,34,2856,5342
2023-03-07 11:14:48,32,33,2856,5342
2023-03-07 11:15:12,31,33,2856,5342
2023-03-07 11:15:13,32,33,2856,5342
2023-03-07 11:15:21,31,32,2856,5469
2023-03-07 11:15:27,31,32,2851,5474
2023-03-07 11:15:30,31,32,2851,5550
2023-03-07 11:16:05,31,32,2846,5555
2023-03-07 11:16:43,31,32,2841,5560
2023-03-07 11:16:51,31,32,2841,5613
2023-03-07 11:17:04,31,32,2841,5640
2023-03-07 11:17:22,31,32,2836,5645
2023-03-07 11:17:48,31,34,2836,5645
2023-03-07 11:17:48,31,33,2836,5645
2023-03-07 11:17:49,31,32,2836,5645
2023-03-07 11:17:59,31,32,2841,5650
2023-03-07 11:18:28,31,33,2841,5650
2023-03-07 11:18:28,31,32,2841,5650
2023-03-07 11:18:42,31,33,2841,5650
2023-03-07 11:18:42,31,32,2841,5650
2023-03-07 11:18:57,31,33,2841,5650
2023-03-07 11:18:57,31,32,2841,5650
2023-03-07 11:19:15,31,32,2846,5655
2023-03-07 11:19:29,31,33,2846,5655
2023-03-07 11:20:32,31,33,2850,5659
2023-03-07 11:21:10,31,32,2850,5659
2023-03-07 11:21:48,31,32,2846,5663
2023-03-07 11:21:58,31,33,2846,5663
2023-03-07 11:22:26,31,33,2842,5667
2023-03-07 11:22:28,31,32,2842,5667
2023-03-07 11:22:43,31,33,2842,5667
2023-03-07 11:23:04,31,33,2838,5671
2023-03-07 11:23:25,31,32,2838,5671
2023-03-07 11:23:42,31,32,2834,5675
2023-03-07 11:23:58,31,33,2834,5675
2023-03-07 11:24:59,31,32,2834,5675
2023-03-07 11:25:37,31,33,2834,5675
2023-03-07 11:25:37,31,33,2829,5680
2023-03-07 11:25:58,31,32,2829,5680
2023-03-07 11:26:15,31,32,2834,5685
2023-03-07 11:26:38,31,33,2834,5685
2023-03-07 11:26:44,31,32,2834,5685
2023-03-07 11:26:54,31,33,2834,5685
2023-03-07 11:26:54,31,33,2838,5689
2023-03-07 11:27:27,31,34,2838,5689
2023-03-07 11:27:27,31,33,2838,5689
2023-03-07 11:27:32,31,33,2842,5693
2023-03-07 11:27:59,31,34,2842,5693
2023-03-07 11:27:59,31,33,2842,5693
2023-03-07 11:28:10,31,33,2846,5697
2023-03-07 11:28:25,31,34,2846,5697
2023-03-07 11:28:26,31,33,2846,5697
2023-03-07 11:28:58,31,32,2846,5697
2023-03-07 11:29:26,31,32,2841,5702
2023-03-07 11:30:04,30,32,2836,5707
2023-03-07 11:30:19,31,32,2836,5707
2023-03-07 11:30:42,31,32,2841,5712
2023-03-07 11:31:20,31,32,2841,5716
2023-03-07 11:31:58,31,32,2845,5720
2023-03-07 11:33:15,31,32,2849,5724
2023-03-07 11:34:32,31,32,2849,5728
2023-03-07 11:35:10,31,32,2849,5732
2023-03-07 11:36:24,31,32,3377,6260
2023-03-07 11:36:27,31,32,3382,6265
2023-03-07 11:36:37,31,33,3382,6265
2023-03-07 11:36:41,32,33,3382,6265
2023-03-07 11:36:54,32,34,3382,6265
2023-03-07 11:37:04,32,34,3387,6270
2023-03-07 11:37:42,33,34,3387,6270
2023-03-07 11:38:20,32,34,3387,6270
2023-03-07 11:41:31,32,34,3382,6275
2023-03-07 11:41:37,31,34,3382,6275
2023-03-07 11:41:49,31,33,3382,6275
2023-03-07 11:42:09,31,32,3382,6275
2023-03-07 11:42:47,31,34,3382,6275
2023-03-07 11:42:47,31,34,3377,6280
2023-03-07 11:43:00,31,33,3377,6280
2023-03-07 11:43:26,31,33,3372,6285
2023-03-07 11:43:29,31,34,3372,6285
2023-03-07 11:43:30,31,33,3372,6285
2023-03-07 11:43:51,31,34,3372,6285
2023-03-07 11:43:52,32,34,3372,6285
2023-03-07 11:44:05,32,34,3377,6290
2023-03-07 11:44:41,32,37,3377,6290
2023-03-07 11:44:41,33,37,3377,6290
2023-03-07 11:44:41,33,35,3377,6290
2023-03-07 11:44:42,33,35,3382,6295
2023-03-07 11:44:54,32,35,3382,6295
2023-03-07 11:44:54,32,37,3382,6295
2023-03-07 11:44:54,33,37,3382,6295
2023-03-07 11:44:54,33,35,3382,6295
2023-03-07 11:45:11,32,35,3382,6295
2023-03-07 11:45:11,32,37,3382,6295
2023-03-07 11:45:11,34,37,3382,6295
2023-03-07 11:45:11,34,36,3382,6295
2023-03-07 11:45:20,34,36,3387,6300
2023-03-07 11:45:30,32,36,3387,6300
2023-03-07 11:45:30,32,37,3387,6300
2023-03-07 11:45:30,34,37,3387,6300
2023-03-07 11:45:30,34,36,3387,6300
2023-03-07 11:45:51,32,36,3387,6300
2023-03-07 11:45:52,34,36,3387,6300
2023-03-07 11:45:58,34,36,3392,6305
2023-03-07 11:46:37,34,36,3397,6310
2023-03-07 11:47:02,32,36,3397,6310
2023-03-07 11:47:03,34,36,3397,6310
2023-03-07 11:47:15,34,36,3402,6315
2023-03-07 11:47:53,34,36,3407,6320
2023-03-07 11:47:56,32,36,3407,6320
2023-03-07 11:47:56,34,36,3407,6320
2023-03-07 11:48:30,34,36,3412,6325
2023-03-07 11:48:42,32,36,3412,6325
2023-03-07 11:48:42,34,36,3412,6325
2023-03-07 11:49:08,34,36,3417,6330
2023-03-07 11:49:32,32,36,3417,6330
2023-03-07 11:49:32,34,36,3417,6330
2023-03-07 11:49:42,32,36,3417,6330
2023-03-07 11:49:42,34,36,3417,6330
2023-03-07 11:49:46,34,36,3421,6334
2023-03-07 11:50:24,34,36,3425,6338
2023-03-07 11:50:29,33,36,3425,6338
2023-03-07 11:50:29,35,36,3425,6338
2023-03-07 11:51:01,33,36,3425,6338
2023-03-07 11:51:01,34,36,3425,6338
2023-03-07 11:51:02,34,36,3429,6342
2023-03-07 11:51:39,34,36,3433,6346
2023-03-07 11:51:41,33,36,3433,6346
2023-03-07 11:51:41,35,36,3433,6346
2023-03-07 11:52:08,33,36,3433,6346
2023-03-07 11:52:08,34,36,3433,6346
2023-03-07 11:52:17,35,36,3433,6346
2023-03-07 11:53:32,34,36,3433,6346
2023-03-07 11:53:32,34,35,3433,6346
2023-03-07 11:53:41,33,35,3433,6346
2023-03-07 11:53:41,34,35,3433,6346
2023-03-07 11:54:08,34,36,3433,6346
2023-03-07 11:55:26,34,36,3428,6351
2023-03-07 11:55:30,33,36,3428,6351
2023-03-07 11:55:53,34,36,3428,6351
2023-03-07 11:56:04,34,36,3423,6356
2023-03-07 11:56:05,33,36,3423,6356
2023-03-07 11:56:42,33,35,3423,6356
2023-03-07 11:56:43,33,35,3418,6361
2023-03-07 11:57:14,33,36,3418,6361
2023-03-07 11:57:14,33,35,3418,6361
2023-03-07 11:57:21,33,35,3413,6366
2023-03-07 11:57:27,33,36,3413,6366
2023-03-07 11:57:27,33,35,3413,6366
2023-03-07 11:57:46,33,36,3413,6366
2023-03-07 11:57:47,33,35,3413,6366
2023-03-07 11:57:59,33,35,3408,6371
2023-03-07 11:58:02,33,36,3408,6371
2023-03-07 11:58:02,33,35,3408,6371
2023-03-07 11:58:36,33,35,3403,6376
2023-03-07 11:58:41,33,36,3403,6376
2023-03-07 11:58:41,33,35,3403,6376
2023-03-07 11:59:01,33,36,3403,6376
2023-03-07 11:59:01,33,35,3403,6376
2023-03-07 11:59:14,33,35,3398,6381
2023-03-07 11:59:29,33,36,3398,6381
2023-03-07 11:59:29,33,35,3398,6381
2023-03-07 11:59:51,33,36,3398,6381
2023-03-07 11:59:51,33,35,3398,6381
2023-03-07 11:59:52,33,35,3393,6386
2023-03-07 12:00:07,33,36,3393,6386
2023-03-07 12:00:07,33,35,3393,6386
2023-03-07 12:00:11,32,33,3393,6442
2023-03-07 12:00:28,32,35,3393,6442
2023-03-07 12:00:31,34,35,3393,6442
2023-03-07 12:00:40,32,34,3398,6447
2023-03-07 12:00:48,33,34,3398,6447
2023-03-07 12:00:56,32,34,3398,6447
2023-03-07 12:00:56,33,34,3398,6447
2023-03-07 12:01:11,32,34,3398,6447
2023-03-07 12:01:11,34,36,3393,6452
2023-03-07 12:01:39,32,36,3393,6452
2023-03-07 12:01:39,34,36,3393,6452
2023-03-07 12:01:47,34,36,3387,6458
2023-03-07 12:01:58,32,36,3387,6458
2023-03-07 12:01:59,33,36,3387,6458
2023-03-07 12:02:09,32,36,3387,6458
2023-03-07 12:02:09,34,36,3387,6458
2023-03-07 12:02:24,34,36,3381,6464
2023-03-07 12:02:28,32,36,3381,6464
2023-03-07 12:02:29,34,36,3381,6464
2023-03-07 12:02:54,32,36,3381,6464
2023-03-07 12:02:55,34,36,3381,6464
2023-03-07 12:03:40,34,35,3381,6464
2023-03-07 12:03:53,33,35,3381,6464
2023-03-07 12:03:54,34,35,3381,6464
2023-03-07 12:04:08,33,34,3381,6521
2023-03-07 12:04:12,33,34,3381,6578
2023-03-07 12:04:18,33,34,3387,6584
2023-03-07 12:04:36,33,34,3387,6727
2023-03-07 12:04:50,33,34,3387,6790
2023-03-07 12:04:55,33,34,3393,6796
2023-03-07 12:05:13,33,34,3393,6827
2023-03-07 12:06:11,33,34,3399,6833
2023-03-07 12:07:26,33,34,3393,6839
2023-03-07 12:08:32,33,35,3393,6839
2023-03-07 12:09:19,33,37,3393,6839
2023-03-07 12:09:19,33,34,3393,6839
2023-03-07 12:09:57,33,34,3399,6845
2023-03-07 12:10:31,33,35,3518,6964
2023-03-07 12:10:33,33,37,3518,6964
2023-03-07 12:10:33,33,35,3518,6964
2023-03-07 12:10:35,33,35,3524,6970
2023-03-07 12:10:58,33,37,3524,6970
2023-03-07 12:10:58,33,35,3524,6970
2023-03-07 12:11:52,34,35,3524,6970
2023-03-07 12:11:59,34,36,3524,6970
2023-03-07 12:12:30,34,36,3530,6976
2023-03-07 12:12:41,34,38,3530,6976
2023-03-07 12:12:41,34,36,3530,6976
2023-03-07 12:12:58,34,38,3530,6976
2023-03-07 12:12:58,34,37,3530,6976
2023-03-07 12:13:08,36,37,3530,6976
2023-03-07 12:13:33,36,38,3530,6976
2023-03-07 12:13:34,34,36,3536,6982
2023-03-07 12:13:46,35,36,3536,6982
2023-03-07 12:14:24,34,36,3536,6982
2023-03-07 12:14:24,34,36,3530,6988
2023-03-07 12:14:28,34,38,3530,6988
2023-03-07 12:14:28,34,36,3530,6988
2023-03-07 12:15:00,34,38,3686,7144
2023-03-07 12:15:02,34,38,3680,7150
2023-03-07 12:15:15,34,36,3680,7150
2023-03-07 12:15:35,34,38,3680,7150
2023-03-07 12:15:36,34,37,3680,7150
2023-03-07 12:15:36,34,35,3680,7150
2023-03-07 12:15:40,34,35,3674,7156
2023-03-07 12:15:46,34,38,3674,7156
2023-03-07 12:15:46,34,36,3674,7156
2023-03-07 12:16:11,34,38,3674,7156
2023-03-07 12:16:12,35,38,3674,7156
2023-03-07 12:16:12,35,37,3674,7156
2023-03-07 12:16:25,35,37,3668,7162
2023-03-07 12:16:36,34,37,3668,7162
2023-03-07 12:16:36,34,38,3668,7162
2023-03-07 12:16:37,35,38,3668,7162
2023-03-07 12:16:37,35,37,3668,7162
2023-03-07 12:16:56,34,37,3668,7162
2023-03-07 12:16:56,35,37,3668,7162
2023-03-07 12:17:11,35,37,3675,7169
2023-03-07 12:17:12,35,38,3675,7169
2023-03-07 12:17:25,34,38,3675,7169
2023-03-07 12:17:25,35,38,3675,7169
2023-03-07 12:17:48,37,38,3675,7169
2023-03-07 12:19:01,38,39,3675,7405
2023-03-07 12:19:03,38,39,3682,7412
2023-03-07 12:19:18,39,40,3682,7560
2023-03-07 12:19:19,39,40,3682,7634
2023-03-07 12:19:41,39,40,3688,7640
2023-03-07 12:19:44,39,40,3688,7674
2023-03-07 12:20:36,39,40,3688,7854
2023-03-07 12:20:43,39,40,3688,7860
2023-03-07 12:20:44,39,40,3688,7926
2023-03-07 12:20:57,39,40,3682,7932
2023-03-07 12:21:01,39,40,3682,7945
2023-03-07 12:21:13,39,40,3682,8011
2023-03-07 12:21:35,39,40,3676,8017
2023-03-07 12:21:36,39,40,3676,8331
2023-03-07 12:21:36,39,40,3676,8362
2023-03-07 12:21:45,39,41,3676,8362
2023-03-07 12:21:49,39,40,3676,8362
2023-03-07 12:21:49,39,40,3676,8437
2023-03-07 12:22:07,39,41,3676,8437
2023-03-07 12:22:07,39,40,3676,8437
2023-03-07 12:22:12,39,40,3682,8443
2023-03-07 12:22:18,40,41,3682,8530
2023-03-07 12:22:50,40,41,3688,8536
2023-03-07 12:22:53,40,41,3688,8567
2023-03-07 12:23:14,40,41,3688,8606
2023-03-07 12:23:14,40,42,3688,8606
2023-03-07 12:23:28,41,42,3688,8606
2023-03-07 12:24:00,42,43,3688,8734
2023-03-07 12:24:06,42,44,3688,8734
2023-03-07 12:24:06,42,43,3688,8734
2023-03-07 12:24:45,42,43,3682,8740
2023-03-07 12:25:15,42,44,3682,8740
2023-03-07 12:25:23,42,44,3676,8746
2023-03-07 12:25:35,42,43,3676,8746
2023-03-07 12:25:46,40,43,3676,8746
2023-03-07 12:26:00,40,41,3676,8746
2023-03-07 12:26:05,39,40,3816,9404
2023-03-07 12:26:22,39,41,3816,9404
2023-03-07 12:26:30,39,40,3816,9404
2023-03-07 12:26:37,38,40,3816,9404
2023-03-07 12:26:39,38,40,3811,9409
2023-03-07 12:27:18,38,40,3806,9414
2023-03-07 12:27:30,37,40,3806,9414
2023-03-07 12:27:30,37,41,3806,9414
2023-03-07 12:27:31,37,39,3806,9414
2023-03-07 12:27:44,35,39,3806,9414
2023-03-07 12:27:44,35,41,3806,9414
2023-03-07 12:27:44,37,41,3806,9414
2023-03-07 12:27:44,37,40,3806,9414
2023-03-07 12:27:55,37,40,3802,9418
2023-03-07 12:28:03,35,40,3802,9418
2023-03-07 12:28:03,35,41,3802,9418
2023-03-07 12:28:04,37,41,3802,9418
2023-03-07 12:28:04,37,40,3802,9418
2023-03-07 12:28:04,37,39,3802,9418
2023-03-07 12:28:26,35,39,3802,9418
2023-03-07 12:28:26,35,41,3802,9418
2023-03-07 12:28:26,37,41,3802,9418
2023-03-07 12:28:26,37,39,3802,9418
2023-03-07 12:28:32,38,39,3802,9418
2023-03-07 12:28:33,38,39,3806,9422
2023-03-07 12:28:36,38,41,3806,9422
2023-03-07 12:28:36,38,40,3806,9422
2023-03-07 12:28:53,39,40,3806,9422
2023-03-07 12:29:10,39,40,3810,9426
2023-03-07 12:29:13,39,41,3810,9426
2023-03-07 12:29:18,40,41,3810,9426
2023-03-07 12:29:25,41,43,3948,9564
2023-03-07 12:29:25,41,42,3948,9564
2023-03-07 12:29:30,41,43,3948,9564
2023-03-07 12:29:54,43,44,4199,9819
2023-03-07 12:30:24,43,44,4241,9861
2023-03-07 12:30:24,43,45,4241,9861
2023-03-07 12:30:25,43,44,4241,9861
2023-03-07 12:31:16,44,45,4435,10059
2023-03-07 12:31:33,44,45,4600,10224
2023-03-07 12:31:38,44,45,4641,10265
2023-03-07 12:31:41,44,45,4641,10269
2023-03-07 12:31:46,44,45,4683,10311
2023-03-07 12:32:48,43,45,4683,10311
2023-03-07 12:32:56,43,44,4683,10311
2023-03-07 12:33:08,44,45,4683,10315
2023-03-07 12:35:24,44,45,4683,10415
2023-03-07 12:35:26,44,45,4683,10420
2023-03-07 12:35:29,44,45,4683,10520
2023-03-07 12:35:36,44,45,4683,10620
2023-03-07 12:35:39,44,45,4683,10720
2023-03-07 12:35:43,44,45,4683,10820
2023-03-07 12:35:47,42,45,4683,10820
2023-03-07 12:35:57,43,45,4683,10820
2023-03-07 12:36:42,43,45,4688,10825
2023-03-07 12:37:15,43,44,4688,10825
2023-03-07 12:37:19,43,44,4693,10830
2023-03-07 12:37:35,44,45,4693,10925
2023-03-07 12:37:44,43,45,4693,10925
2023-03-07 12:37:44,44,45,4693,10925
2023-03-07 12:38:35,44,45,4698,10930
2023-03-07 12:38:45,43,45,4698,10930
2023-03-07 12:38:45,43,45,4698,11005
2023-03-07 12:38:45,43,46,4698,11005
2023-03-07 12:38:50,45,46,4698,11005
2023-03-07 12:43:22,46,47,4826,11133
2023-03-07 12:46:05,46,47,4826,11140
2023-03-07 12:47:18,47,48,4995,11309
2023-03-07 12:47:22,47,48,4995,11315
2023-03-07 12:47:23,47,48,5074,11394
2023-03-07 12:48:44,47,49,5068,11442
2023-03-07 12:48:45,47,48,5068,11442
2023-03-07 12:48:51,47,50,5068,11527
2023-03-07 12:48:52,47,49,5068,11527
2023-03-07 12:48:57,47,50,5068,11527
2023-03-07 12:49:02,47,49,5068,11527
2023-03-07 12:49:10,48,49,5068,11527
2023-03-07 12:49:10,48,50,4957,11853
2023-03-07 12:49:11,47,50,4957,11853
2023-03-07 12:49:15,47,48,4957,11853
2023-03-07 12:49:16,47,50,4951,11859
2023-03-07 12:49:18,47,48,4951,11859
2023-03-07 12:49:23,47,49,4951,11859
2023-03-07 12:49:25,46,47,4951,11940
2023-03-07 12:49:26,46,49,4932,11959
2023-03-07 12:49:36,46,50,4932,11959
2023-03-07 12:49:36,47,50,4932,11959
2023-03-07 12:49:36,47,49,4932,11959
2023-03-07 12:49:46,46,47,4894,11997
2023-03-07 12:49:51,45,50,4894,11997
2023-03-07 12:49:51,47,50,4894,11997
2023-03-07 12:49:52,47,50,4888,12003
2023-03-07 12:49:56,47,50,4788,12103
2023-03-07 12:50:00,45,47,4700,12191
2023-03-07 12:50:01,45,48,4688,12203
2023-03-07 12:50:03,45,50,4688,12203
2023-03-07 12:50:06,48,50,4688,12203
2023-03-07 12:50:11,48,50,4660,12303
2023-03-07 12:50:16,47,48,4660,12331
2023-03-07 12:50:25,47,50,4660,12331
2023-03-07 12:50:30,47,48,4660,12331
2023-03-07 12:50:36,46,48,4660,12331
2023-03-07 12:50:37,47,48,4660,12331
2023-03-07 12:50:46,47,48,4660,12431
2023-03-07 12:50:51,46,48,4660,12527
2023-03-07 12:50:51,46,47,4660,12527
2023-03-07 12:50:55,46,48,4660,12527
2023-03-07 12:51:08,46,48,4654,12533
2023-03-07 12:51:09,44,48,4654,12533
2023-03-07 12:51:09,46,48,4654,12533
2023-03-07 12:51:14,45,48,4654,12533
2023-03-07 12:51:34,45,50,4654,12533
2023-03-07 12:51:34,45,48,4654,12533
2023-03-07 12:51:41,47,48,4654,12533
2023-03-07 12:52:01,46,48,4654,12533
2023-03-07 12:52:17,46,48,4660,12564
2023-03-07 12:52:19,47,48,4660,12564
2023-03-07 12:52:23,47,48,4666,12570
2023-03-07 12:52:25,47,49,4666,12570
2023-03-07 12:52:25,47,48,4666,12570
2023-03-07 12:52:33,47,49,4666,12570
2023-03-07 12:52:35,47,49,4667,12571
2023-03-07 12:52:39,46,49,4667,12571
2023-03-07 12:52:46,47,49,4667,12571
2023-03-07 12:53:00,47,48,4667,12571
2023-03-07 12:53:05,47,49,4661,12577
2023-03-07 12:53:06,46,49,4661,12577
2023-03-07 12:53:34,47,49,4661,12577
2023-03-07 12:53:38,48,49,4661,12577
2023-03-07 12:54:13,47,49,4661,12577
2023-03-07 12:54:15,47,49,4667,12583
2023-03-07 12:54:19,48,49,4667,12583
2023-03-07 12:54:41,47,49,4667,12583
2023-03-07 12:54:53,47,49,4673,12589
2023-03-07 12:55:07,48,49,4673,12589
2023-03-07 12:55:21,47,49,4673,12589
2023-03-07 12:55:30,48,49,4673,12589
2023-03-07 12:57:14,48,50,4673,12677
2023-03-07 12:59:17,49,50,4673,12677
2023-03-07 13:00:01,49,51,4673,12677
2023-03-07 13:00:47,49,50,4673,12677
2023-03-07 13:00:53,49,51,4673,12677
2023-03-07 13:00:54,49,50,4673,12677
2023-03-07 13:01:04,49,51,4673,12677
2023-03-07 13:01:05,49,50,4673,12677
2023-03-07 13:01:09,48,50,4673,12677
2023-03-07 13:01:30,49,50,4673,12677
2023-03-07 13:01:44,48,49,4636,12714
2023-03-07 13:01:49,47,49,4636,12714
2023-03-07 13:02:07,48,49,4636,12714
2023-03-07 13:02:26,48,51,4636,12762
2023-03-07 13:02:27,49,51,4636,12762
2023-03-07 13:03:04,49,50,4636,12762
2023-03-07 13:03:17,48,50,4636,12762
2023-03-07 13:03:17,50,51,4628,12770
2023-03-07 13:03:20,48,50,4628,12842
2023-03-07 13:03:27,49,50,4628,12842
2023-03-07 13:03:36,49,51,4628,12842
2023-03-07 13:03:42,50,51,4628,12842
2023-03-07 13:03:50,49,50,4588,12882
2023-03-07 13:04:00,49,51,4588,12882
2023-03-07 13:04:06,49,50,4588,12882
2023-03-07 13:04:11,49,51,4588,12882
2023-03-07 13:04:16,49,50,4588,12882
2023-03-07 13:04:29,48,50,4588,12882
2023-03-07 13:04:56,48,49,4588,12882
2023-03-07 13:05:09,47,48,4418,13052
2023-03-07 13:05:34,47,48,4410,13060
2023-03-07 13:05:37,45,48,4410,13060
2023-03-07 13:05:37,47,48,4410,13060
2023-03-07 13:05:48,45,48,4410,13060
2023-03-07 13:05:48,45,47,4410,13060
2023-03-07 13:05:53,46,47,4410,13060
2023-03-07 13:06:10,46,48,4410,13060
2023-03-07 13:06:10,46,47,4410,13060
2023-03-07 13:06:10,45,47,4410,13060
2023-03-07 13:06:11,45,46,4410,13060
2023-03-07 13:06:46,45,47,4410,13060
2023-03-07 13:06:56,45,48,4410,13060
2023-03-07 13:06:56,46,48,4410,13060
2023-03-07 13:07:00,46,47,4410,13060
2023-03-07 13:07:18,45,47,4410,13060
2023-03-07 13:07:27,45,46,4410,13060
2023-03-07 13:07:29,45,47,4410,13060
2023-03-07 13:07:37,44,47,4410,13060
2023-03-07 13:07:38,44,45,4410,13060
2023-03-07 13:07:38,44,47,4402,13068
2023-03-07 13:07:49,44,48,4402,13068
2023-03-07 13:07:49,45,48,4402,13068
2023-03-07 13:07:49,45,47,4402,13068
2023-03-07 13:07:55,45,46,4402,13068
2023-03-07 13:07:58,44,46,4402,13068
2023-03-07 13:08:15,44,47,4402,13068
2023-03-07 13:08:15,44,47,4394,13076
2023-03-07 13:08:25,44,46,4394,13076
2023-03-07 13:08:31,44,47,4394,13076
2023-03-07 13:08:35,44,46,4394,13076
2023-03-07 13:08:52,44,45,4394,13076
2023-03-07 13:09:27,44,47,4394,13076
2023-03-07 13:09:28,44,46,4394,13076
2023-03-07 13:09:40,45,46,4394,13076
2023-03-07 13:10:04,46,47,4394,13076
2023-03-07 13:10:30,46,48,4394,13076
2023-03-07 13:10:36,46,47,4394,13076
2023-03-07 13:10:53,45,46,4394,13084
2023-03-07 13:11:16,44,46,4394,13084
2023-03-07 13:11:19,44,45,4394,13084
2023-03-07 13:11:53,44,46,4394,13084
2023-03-07 13:11:56,44,45,4394,13084
2023-03-07 13:12:32,44,46,4394,13084
2023-03-07 13:12:32,44,45,4394,13084
2023-03-07 13:12:54,45,46,4386,13092
2023-03-07 13:12:58,44,45,4356,13122
2023-03-07 13:13:01,44,46,4356,13122
2023-03-07 13:13:06,44,45,4356,13122
2023-03-07 13:13:07,44,46,4356,13122
2023-03-07 13:13:09,44,46,4348,13130
2023-03-07 13:13:45,45,46,4348,13130
2023-03-07 13:14:21,44,46,4348,13130
2023-03-07 13:14:58,45,46,4348,13130
2023-03-07 13:15:21,45,47,4348,13130
2023-03-07 13:15:33,44,47,4348,13130
2023-03-07 13:15:35,46,47,4348,13130
2023-03-07 13:15:42,44,46,4356,13138
2023-03-07 13:15:56,44,47,4356,13138
2023-03-07 13:15:57,44,46,4356,13138
2023-03-07 13:16:48,45,47,4356,13138
2023-03-07 13:16:49,45,47,4348,13146
2023-03-07 13:17:04,45,49,4348,13146
2023-03-07 13:17:05,45,47,4348,13146
2023-03-07 13:17:08,45,49,4348,13146
2023-03-07 13:17:17,45,47,4348,13146
2023-03-07 13:17:25,46,47,4348,13146
2023-03-07 13:17:56,44,46,4356,13154
2023-03-07 13:18:02,44,45,4356,13154
2023-03-07 13:18:37,44,46,4356,13154
2023-03-07 13:18:38,45,46,4356,13154
2023-03-07 13:18:41,45,47,4356,13154
2023-03-07 13:18:55,45,46,4356,13154
2023-03-07 13:19:20,45,47,4356,13154
2023-03-07 13:19:51,46,47,4356,13154
2023-03-07 13:19:51,46,47,4348,13162
2023-03-07 13:20:02,46,49,4348,13162
2023-03-07 13:20:02,46,47,4348,13162
2023-03-07 13:20:28,46,47,4356,13170
2023-03-07 13:21:15,45,46,4356,13194
2023-03-07 13:21:26,45,47,4356,13194
2023-03-07 13:22:17,45,47,4348,13202
2023-03-07 13:22:27,45,46,4348,13202
2023-03-07 13:22:53,45,46,4340,13210
2023-03-07 13:22:57,45,47,4340,13210
2023-03-07 13:22:58,45,46,4340,13210
2023-03-07 13:23:02,44,46,4340,13210
2023-03-07 13:23:18,44,47,4340,13210
2023-03-07 13:23:19,44,46,4340,13210
2023-03-07 13:23:23,44,45,4340,13210
2023-03-07 13:23:24,44,46,4340,13210
2023-03-07 13:23:30,44,46,4332,13218
2023-03-07 13:23:42,43,46,4332,13218
2023-03-07 13:23:42,43,47,4332,13218
2023-03-07 13:23:43,43,46,4332,13218
2023-03-07 13:23:50,43,45,4332,13218
2023-03-07 13:23:54,44,45,4332,13218
2023-03-07 13:24:01,44,46,4332,13218
2023-03-07 13:24:07,44,46,4324,13226
2023-03-07 13:24:28,43,46,4324,13226
2023-03-07 13:24:28,43,47,4324,13226
2023-03-07 13:24:28,43,46,4324,13226
2023-03-07 13:24:40,44,46,4324,13226
2023-03-07 13:24:44,44,45,4324,13226
2023-03-07 13:25:21,44,45,4316,13234
2023-03-07 13:25:25,43,45,4316,13234
2023-03-07 13:25:36,44,45,4316,13234
2023-03-07 13:25:58,44,45,4324,13242
2023-03-07 13:26:08,44,45,4324,13400
2023-03-07 13:26:10,44,47,4324,13400
2023-03-07 13:26:10,44,46,4324,13400
2023-03-07 13:26:10,44,47,4324,13400
2023-03-07 13:26:10,44,45,4324,13400
2023-03-07 13:26:21,44,49,4324,13400
2023-03-07 13:26:22,44,48,4324,13400
2023-03-07 13:26:22,44,46,4324,13400
2023-03-07 13:26:35,44,46,4332,13408
2023-03-07 13:26:35,44,49,4332,13408
2023-03-07 13:26:36,44,47,4332,13408
2023-03-07 13:26:53,45,47,4332,13408
2023-03-07 13:27:05,45,48,4332,13408
2023-03-07 13:27:07,44,48,4332,13408
2023-03-07 13:27:07,44,49,4332,13408
2023-03-07 13:27:08,45,49,4332,13408
2023-03-07 13:27:08,45,47,4332,13408
2023-03-07 13:27:12,46,47,4332,13408
2023-03-07 13:27:29,46,48,4332,13408
2023-03-07 13:27:49,47,48,4332,13408
2023-03-07 13:27:53,47,49,4332,13408
2023-03-07 13:27:53,47,48,4332,13408
2023-03-07 13:28:27,47,49,4332,13408
2023-03-07 13:28:27,47,48,4332,13408
2023-03-07 13:28:46,47,49,4332,13408
2023-03-07 13:29:02,48,49,4332,13408
2023-03-07 13:29:24,45,48,4340,13416
2023-03-07 13:29:38,47,48,4340,13416
2023-03-07 13:29:52,47,49,4340,13416
2023-03-07 13:29:52,47,48,4340,13416
2023-03-07 13:30:11,46,47,4340,13424
2023-03-07 13:30:21,45,47,4340,13424
2023-03-07 13:30:46,46,47,4340,13424
2023-03-07 13:30:51,46,48,4348,13432
2023-03-07 13:31:06,47,48,4348,13432
2023-03-07 13:31:08,47,48,4374,13458
2023-03-07 13:31:10,47,50,4374,13458
2023-03-07 13:31:10,47,49,4374,13458
2023-03-07 13:31:25,47,50,4374,13458
2023-03-07 13:31:25,48,50,4374,13458
2023-03-07 13:31:28,48,50,4374,13466
2023-03-07 13:31:41,48,51,4374,13466
2023-03-07 13:32:04,50,51,4374,13466
2023-03-07 13:32:22,50,51,4374,13491
2023-03-07 13:32:23,48,50,4382,13499
2023-03-07 13:32:40,48,51,4382,13499
2023-03-07 13:32:40,48,50,4382,13499
2023-03-07 13:32:40,48,50,4390,13507
2023-03-07 13:32:55,48,51,4390,13507
2023-03-07 13:33:16,49,51,4390,13507
2023-03-07 13:33:33,49,50,4390,13507
2023-03-07 13:33:38,49,51,4390,13507
2023-03-07 13:33:40,49,50,4390,13507
2023-03-07 13:33:53,49,50,4390,13515
2023-03-07 13:33:58,49,50,4390,13516
2023-03-07 13:34:06,48,50,4481,13607
2023-03-07 13:34:08,48,50,4426,13662
2023-03-07 13:34:09,47,50,4426,13662
2023-03-07 13:34:19,46,50,4426,13662
2023-03-07 13:34:20,46,49,4426,13662
2023-03-07 13:34:29,46,49,4418,13670
2023-03-07 13:34:31,44,49,4418,13670
2023-03-07 13:34:31,44,50,4418,13670
2023-03-07 13:34:31,45,50,4418,13670
2023-03-07 13:34:31,47,50,4418,13670
2023-03-07 13:34:31,47,49,4418,13670
2023-03-07 13:34:40,44,49,4418,13670
2023-03-07 13:34:40,44,50,4418,13670
2023-03-07 13:34:40,46,50,4418,13670
2023-03-07 13:34:40,46,48,4418,13670
2023-03-07 13:35:00,46,50,4418,13670
2023-03-07 13:35:00,46,48,4418,13670
2023-03-07 13:35:03,45,48,4418,13670
2023-03-07 13:35:06,45,48,4410,13678
2023-03-07 13:35:08,45,47,4410,13678
2023-03-07 13:35:11,45,48,4410,13678
2023-03-07 13:35:17,45,47,4410,13678
2023-03-07 13:35:18,43,47,4410,13814
2023-03-07 13:35:26,44,47,4410,13814
2023-03-07 13:35:36,43,47,4410,13814
2023-03-07 13:35:36,43,46,4410,13814
2023-03-07 13:35:36,43,45,4410,13814
2023-03-07 13:35:43,43,45,4402,13822
2023-03-07 13:36:02,43,47,4402,13822
2023-03-07 13:36:03,43,45,4402,13822
2023-03-07 13:36:10,44,45,4402,13822
2023-03-07 13:36:20,44,45,4394,13830
2023-03-07 13:36:25,43,45,4394,13830
2023-03-07 13:36:31,43,47,4394,13830
2023-03-07 13:36:32,43,45,4394,13830
2023-03-07 13:36:44,43,47,4394,13830
2023-03-07 13:36:44,43,45,4394,13830
2023-03-07 13:36:55,43,47,4394,13830
2023-03-07 13:36:55,43,45,4394,13830
2023-03-07 13:36:59,43,47,4386,13867
2023-03-07 13:37:04,43,49,4386,13867
2023-03-07 13:37:04,43,50,4386,13867
2023-03-07 13:37:04,43,48,4386,13867
2023-03-07 13:37:04,43,46,4386,13867
2023-03-07 13:37:10,43,48,4386,13867
2023-03-07 13:37:10,44,48,4386,13867
2023-03-07 13:37:10,44,46,4386,13867
2023-03-07 13:37:17,43,46,4386,13867
2023-03-07 13:37:17,43,50,4386,13867
2023-03-07 13:37:17,44,50,4386,13867
2023-03-07 13:37:18,44,49,4386,13867
2023-03-07 13:37:18,44,47,4386,13867
2023-03-07 13:37:30,45,47,4386,13867
2023-03-07 13:37:34,45,47,4394,13875
2023-03-07 13:37:48,45,49,4394,13875
2023-03-07 13:37:48,45,48,4394,13875
2023-03-07 13:38:11,45,48,4386,13883
2023-03-07 13:38:19,45,49,4386,13883
2023-03-07 13:38:20,45,47,4386,13883
2023-03-07 13:38:20,44,47,4386,13883
2023-03-07 13:38:34,44,49,4386,13883
2023-03-07 13:38:35,44,46,4386,13883
2023-03-07 13:38:43,43,46,4386,13883
2023-03-07 13:38:43,44,46,4386,13883
2023-03-07 13:38:48,44,46,4378,13891
2023-03-07 13:38:52,44,47,4378,13891
2023-03-07 13:38:52,44,45,4378,13891
2023-03-07 13:38:59,43,45,4378,13891
2023-03-07 13:38:59,42,45,4378,13891
2023-03-07 13:38:59,42,47,4378,13891
2023-03-07 13:39:00,42,46,4378,13891
2023-03-07 13:39:00,42,44,4378,13891
2023-03-07 13:39:11,43,44,4378,13891
2023-03-07 13:39:20,43,47,4378,13891
2023-03-07 13:39:21,43,45,4378,13891
2023-03-07 13:39:24,43,45,4370,13899
2023-03-07 13:39:25,42,45,4370,13899
2023-03-07 13:39:33,42,47,4370,13899
2023-03-07 13:39:33,42,45,4370,13899
2023-03-07 13:39:40,42,47,4370,13899
2023-03-07 13:39:41,42,45,4370,13899
2023-03-07 13:39:54,42,46,4370,13899
2023-03-07 13:39:54,42,44,4370,13899
2023-03-07 13:40:01,42,44,4363,13906
2023-03-07 13:40:25,40,44,4363,13906
2023-03-07 13:40:25,40,45,4363,13906
2023-03-07 13:40:25,40,44,4363,13906
2023-03-07 13:40:25,41,44,4363,13906
2023-03-07 13:40:33,40,44,4363,13906
2023-03-07 13:40:33,40,43,4363,13906
2023-03-07 13:40:38,40,43,4355,13914
2023-03-07 13:40:39,40,42,4355,13914
2023-03-07 13:40:46,38,42,4355,13914
2023-03-07 13:40:46,40,42,4355,13914
2023-03-07 13:40:56,38,42,4355,13914
2023-03-07 13:40:56,39,42,4355,13914
2023-03-07 13:41:05,39,41,4355,13914
2023-03-07 13:41:15,39,41,4347,13922
2023-03-07 13:41:22,37,41,4347,13922
2023-03-07 13:41:22,36,41,4347,13922
2023-03-07 13:41:23,38,41,4347,13922
2023-03-07 13:41:33,38,40,4347,13922
2023-03-07 13:41:52,37,40,4347,13922
2023-03-07 13:41:52,37,41,4347,13922
2023-03-07 13:41:52,38,41,4347,13922
2023-03-07 13:41:52,38,40,4347,13922
2023-03-07 13:41:53,38,40,4340,13929
2023-03-07 13:42:06,36,40,4340,13929
2023-03-07 13:42:06,38,40,4340,13929
2023-03-07 13:42:22,36,40,4340,13929
2023-03-07 13:42:22,37,40,4340,13929
2023-03-07 13:42:22,37,39,4340,13929
2023-03-07 13:42:31,37,39,4333,13936
2023-03-07 13:42:32,35,39,4333,13936
2023-03-07 13:42:32,37,39,4333,13936
2023-03-07 13:43:08,37,39,4326,13943
2023-03-07 13:43:22,37,38,4326,13943
2023-03-07 13:43:29,32,38,4326,13943
2023-03-07 13:43:34,34,38,4326,13943
2023-03-07 13:43:45,34,38,4319,13950
2023-03-07 13:44:06,34,37,4319,13950
2023-03-07 13:44:20,32,37,4319,13950
2023-03-07 13:44:21,32,36,4319,13950
2023-03-07 13:44:22,32,36,4313,13956
2023-03-07 13:44:28,32,35,4313,13956
2023-03-07 13:44:30,32,36,4313,13956
2023-03-07 13:44:41,32,35,4313,13956
2023-03-07 13:44:44,32,35,4313,13966
2023-03-07 13:44:56,31,35,4313,13966
2023-03-07 13:44:59,31,35,4307,13972
2023-03-07 13:45:04,29,35,4307,13972
2023-03-07 13:45:12,31,35,4307,13972
2023-03-07 13:45:37,31,35,4301,13978
2023-03-07 13:45:37,32,35,4301,13978
2023-03-07 13:45:50,32,36,4301,13978
2023-03-07 13:45:51,33,36,4301,13978
2023-03-07 13:45:51,33,35,4301,13978
2023-03-07 13:46:14,33,35,4295,13984
2023-03-07 13:46:20,32,35,4295,13984
2023-03-07 13:46:20,32,34,4295,13984
2023-03-07 13:46:20,33,34,4295,13984
2023-03-07 13:46:28,32,34,4295,13984
2023-03-07 13:46:37,32,33,4295,13984
2023-03-07 13:46:44,30,32,4038,14241
2023-03-07 13:46:47,30,32,3961,14318
2023-03-07 13:46:51,30,32,3955,14324
2023-03-07 13:46:54,29,32,3955,14324
2023-03-07 13:46:54,31,32,3955,14324
2023-03-07 13:47:02,29,32,3955,14401
2023-03-07 13:47:08,31,32,3955,14401
2023-03-07 13:47:15,29,32,3955,14401
2023-03-07 13:47:16,30,32,3955,14401
2023-03-07 13:47:25,29,32,3955,14401
2023-03-07 13:47:25,29,31,3955,14401
2023-03-07 13:47:29,29,31,3955,14406
2023-03-07 13:47:37,30,31,3955,14406
2023-03-07 13:47:37,30,33,3955,14406
2023-03-07 13:47:38,30,31,3955,14406
2023-03-07 13:47:45,29,31,3955,14406
2023-03-07 13:47:46,29,32,3955,14406
2023-03-07 13:47:46,29,31,3955,14406
2023-03-07 13:48:04,29,32,3955,14406
2023-03-07 13:48:04,29,31,3955,14406
2023-03-07 13:48:07,29,31,3955,14411
2023-03-07 13:48:08,28,31,3955,14411
2023-03-07 13:48:26,28,30,3955,14411
2023-03-07 13:48:32,28,29,3955,14411
2023-03-07 13:48:32,27,29,3955,14464
2023-03-07 13:48:33,26,29,3955,14464
2023-03-07 13:48:33,26,28,3955,14464
2023-03-07 13:48:44,26,27,3955,14464
2023-03-07 13:48:44,26,27,3950,14469
2023-03-07 13:48:48,24,27,3950,14469
2023-03-07 13:48:48,26,27,3950,14469
2023-03-07 13:49:02,24,27,3950,14469
2023-03-07 13:49:02,24,26,3950,14469
2023-03-07 13:49:02,23,26,3950,14469
2023-03-07 13:49:03,25,26,3950,14469
2023-03-07 13:49:11,23,26,3950,14469
2023-03-07 13:49:11,25,26,3950,14469
2023-03-07 13:49:20,23,26,3950,14469
2023-03-07 13:49:21,23,26,3950,14473
2023-03-07 13:49:22,23,25,3950,14473
2023-03-07 13:49:27,23,26,3950,14473
2023-03-07 13:49:35,23,25,3950,14473
2023-03-07 13:49:37,23,26,3950,14473
2023-03-07 13:49:38,23,25,3950,14473
2023-03-07 13:49:49,23,26,3950,14473
2023-03-07 13:49:58,23,26,3950,14477
2023-03-07 13:49:59,24,26,3950,14477
2023-03-07 13:50:28,25,26,3950,14477
2023-03-07 13:50:36,25,26,3950,14481
2023-03-07 13:50:39,26,27,3950,14501
2023-03-07 13:50:49,25,27,3950,14501
2023-03-07 13:50:49,25,28,3950,14501
2023-03-07 13:51:06,25,27,3950,14501
2023-03-07 13:51:14,25,27,3950,14505
2023-03-07 13:51:17,24,27,3950,14505
2023-03-07 13:51:34,25,27,3950,14505
2023-03-07 13:51:49,25,28,3950,14606
2023-03-07 13:51:50,27,28,3950,14606
2023-03-07 13:51:51,27,29,3950,14606
2023-03-07 13:51:52,27,29,3950,14609
2023-03-07 13:51:57,26,29,3950,14609
2023-03-07 13:51:57,26,30,3950,14609
2023-03-07 13:51:57,26,28,3950,14609
2023-03-07 13:51:57,27,28,3950,14609
2023-03-07 13:51:58,27,30,3950,14709
2023-03-07 13:51:59,27,29,3950,14709
2023-03-07 13:52:01,28,29,3950,14709
2023-03-07 13:52:06,28,29,3950,14809
2023-03-07 13:52:10,28,29,3973,14909
2023-03-07 13:52:10,28,30,3973,14909
2023-03-07 13:52:10,28,29,3973,14909
2023-03-07 13:52:10,28,30,3973,14909
2023-03-07 13:52:19,27,30,3973,14909
2023-03-07 13:52:29,27,30,3975,14912
2023-03-07 13:52:32,26,30,3975,14912
2023-03-07 13:52:32,27,30,3975,14912
2023-03-07 13:52:32,27,29,3975,14912
2023-03-07 13:52:46,27,28,3975,14912
2023-03-07 13:52:49,27,28,3952,14935
2023-03-07 13:52:58,27,28,3952,15035
2023-03-07 13:52:59,27,28,3902,15085
2023-03-07 13:53:07,27,28,3902,15088
2023-03-07 13:53:10,25,28,3902,15088
2023-03-07 13:53:10,27,28,3902,15088
2023-03-07 13:53:11,27,29,3902,15088
2023-03-07 13:53:20,28,29,3902,15088
2023-03-07 13:53:44,28,29,3902,15091
2023-03-07 13:53:44,28,29,3902,15111
2023-03-07 13:53:53,26,29,3902,15111
2023-03-07 13:53:54,26,30,3902,15111
2023-03-07 13:53:54,28,30,3902,15111
2023-03-07 13:54:09,28,29,3902,15111
2023-03-07 13:54:21,28,29,3902,15114
2023-03-07 13:54:24,28,30,3902,15114
2023-03-07 13:54:34,28,29,3902,15114
2023-03-07 13:54:38,26,29,3902,15114
2023-03-07 13:54:38,28,29,3902,15114
2023-03-07 13:54:42,26,28,3877,15139
2023-03-07 13:54:54,25,28,3877,15139
2023-03-07 13:54:54,27,28,3877,15139
2023-03-07 13:54:59,27,28,3877,15142
2023-03-07 13:55:26,25,27,3830,15189
2023-03-07 13:55:32,25,27,3830,15199
2023-03-07 13:55:36,25,27,3830,15202
2023-03-07 13:55:42,24,27,3830,15202
2023-03-07 13:55:43,26,27,3830,15202
2023-03-07 13:55:56,25,27,3830,15202
2023-03-07 13:55:56,26,27,3830,15202
2023-03-07 13:56:01,26,28,3830,15202
2023-03-07 13:56:14,26,27,3830,15202
2023-03-07 13:56:24,26,28,3830,15205
2023-03-07 13:56:30,26,29,3830,15353
2023-03-07 13:56:37,27,29,3830,15353
2023-03-07 13:56:43,28,29,3830,15353
2023-03-07 13:56:47,28,30,3830,15477
2023-03-07 13:57:39,28,30,3780,15527
2023-03-07 13:57:57,28,30,3763,15552
2023-03-07 13:58:08,27,30,3763,15552
2023-03-07 13:58:08,28,30,3763,15552
2023-03-07 13:58:08,28,29,3763,15552
2023-03-07 13:58:16,28,30,3763,15555
2023-03-07 13:58:16,28,31,3763,15555
2023-03-07 13:58:21,29,31,3763,15555
2023-03-07 13:58:21,29,32,3763,15555
2023-03-07 13:58:22,29,31,3763,15555
2023-03-07 13:58:28,29,32,3763,15555
2023-03-07 13:58:29,30,32,3763,15555
2023-03-07 13:58:43,28,32,3763,15555
2023-03-07 13:58:43,30,32,3763,15555
2023-03-07 13:59:15,30,32,3763,15646
2023-03-07 13:59:15,30,31,3763,15646
2023-03-07 13:59:24,30,31,3763,15649
2023-03-07 13:59:34,28,31,3763,15699
2023-03-07 13:59:37,28,30,3763,15699
2023-03-07 13:59:41,28,31,3763,15699
2023-03-07 14:00:02,28,31,3763,15702
2023-03-07 14:00:06,27,31,3763,15702
2023-03-07 14:00:06,30,31,3763,15702
2023-03-07 14:00:12,30,32,3763,15702
2023-03-07 14:00:20,29,32,3763,15702
2023-03-07 14:00:20,29,33,3763,15702
2023-03-07 14:00:20,29,32,3763,15702
2023-03-07 14:00:20,29,30,3763,15702
2023-03-07 14:00:24,30,32,3883,15822
2023-03-07 14:00:24,30,31,3883,15822
2023-03-07 14:00:27,30,32,3883,15822
2023-03-07 14:00:36,29,32,3883,15822
2023-03-07 14:00:36,29,33,3883,15822
2023-03-07 14:00:37,29,31,3883,15822
2023-03-07 14:00:37,28,31,3883,15822
2023-03-07 14:00:41,28,31,3883,15825
2023-03-07 14:00:43,29,31,3883,15825
2023-03-07 14:00:50,28,31,3883,15825
2023-03-07 14:00:55,29,31,3883,15825
2023-03-07 14:00:56,29,31,3883,15867
2023-03-07 14:00:57,28,31,3883,15867
2023-03-07 14:01:00,29,31,3883,15867
2023-03-07 14:01:01,29,33,3883,15911
2023-03-07 14:01:02,29,32,3883,15911
2023-03-07 14:01:04,28,32,3883,15911
2023-03-07 14:01:08,29,32,3883,15911
2023-03-07 14:01:08,29,31,3883,15911
2023-03-07 14:01:21,30,31,3883,15911
2023-03-07 14:01:21,30,33,3883,15911
2023-03-07 14:01:22,30,33,3883,15914
2023-03-07 14:01:22,31,33,3883,15914
2023-03-07 14:01:23,31,32,3883,15914
2023-03-07 14:01:26,30,32,3883,15914
2023-03-07 14:01:43,31,32,3883,15914
2023-03-07 14:01:43,31,34,3883,15963
2023-03-07 14:01:44,31,33,3883,15963
2023-03-07 14:01:59,31,34,3883,16035
2023-03-07 14:02:00,32,34,3883,16035
2023-03-07 14:02:01,32,34,3883,16038
2023-03-07 14:02:27,32,35,3883,16038
2023-03-07 14:02:39,32,33,3883,16038
2023-03-07 14:02:41,32,33,3883,16041
2023-03-07 14:02:50,32,35,3883,16060
2023-03-07 14:02:53,32,36,3883,16060
2023-03-07 14:02:57,33,36,3883,16060
2023-03-07 14:03:02,34,36,3883,16060
2023-03-07 14:03:03,33,36,3883,16060
2023-03-07 14:03:14,32,36,3883,16060
2023-03-07 14:03:20,34,37,3883,16060
2023-03-07 14:03:20,34,36,3883,16060
2023-03-07 14:03:42,31,36,3883,16064
2023-03-07 14:03:44,31,35,3883,16064
2023-03-07 14:03:45,30,34,3883,16064
2023-03-07 14:03:49,29,34,3883,16064
2023-03-07 14:03:49,29,33,3883,16064
2023-03-07 14:03:56,28,33,3883,16064
2023-03-07 14:03:59,32,33,3883,16064
2023-03-07 14:04:00,28,33,3883,16068
2023-03-07 14:04:16,28,32,3883,16068
2023-03-07 14:04:34,27,32,3883,16068
2023-03-07 14:04:38,30,32,3883,16068
2023-03-07 14:04:39,27,32,3883,16072
2023-03-07 14:04:39,26,32,3883,16072
2023-03-07 14:04:45,26,32,3883,16072
2023-03-07 14:04:46,26,31,3883,16072
2023-03-07 14:04:48,26,32,3883,16072
2023-03-07 14:04:56,26,31,3883,16072
2023-03-07 14:04:57,26,30,3883,16072
2023-03-07 14:05:11,26,32,3883,16072
2023-03-07 14:05:12,27,32,3883,16072
2023-03-07 14:05:17,30,32,3883,16072
2023-03-07 14:05:20,30,31,3883,16072
2023-03-07 14:05:20,30,32,3883,16072
2023-03-07 14:05:20,30,31,3883,16072
2023-03-07 14:05:53,30,32,3883,16072
2023-03-07 14:05:58,30,31,3883,16072
2023-03-07 14:06:32,28,31,3883,16072
2023-03-07 14:06:32,30,31,3883,16072
2023-03-07 14:06:32,30,32,3883,16072
2023-03-07 14:06:32,30,31,3883,16072
2023-03-07 14:06:33,30,32,3883,16072
2023-03-07 14:06:45,28,32,3883,16072
2023-03-07 14:06:45,30,32,3883,16072
2023-03-07 14:06:50,30,32,3883,16078
2023-03-07 14:07:17,31,32,3883,16078
2023-03-07 14:07:26,31,33,3883,16078
2023-03-07 14:07:26,31,32,3883,16078
2023-03-07 14:07:44,30,32,3883,16078
2023-03-07 14:07:52,31,32,3883,16078
2023-03-07 14:08:05,31,33,3883,16090
2023-03-07 14:08:05,31,32,3883,16090
2023-03-07 14:08:05,31,33,3883,16090
2023-03-07 14:08:13,31,32,3883,16090
2023-03-07 14:08:15,31,33,3883,16090
2023-03-07 14:08:17,32,33,3883,16090
2023-03-07 14:08:33,31,33,3883,16090
2023-03-07 14:08:46,31,34,3883,16090
2023-03-07 14:08:50,32,34,3883,16090
2023-03-07 14:08:52,32,33,3883,16090
2023-03-07 14:09:07,32,34,3883,16090
2023-03-07 14:09:07,32,33,3883,16090
2023-03-07 14:09:18,32,34,3883,16090
2023-03-07 14:09:25,32,35,3883,16090
2023-03-07 14:09:28,34,35,3883,16090
2023-03-07 14:09:32,34,36,3883,16090
2023-03-07 14:09:32,34,35,3883,16090
2023-03-07 14:10:01,33,35,3883,16097
2023-03-07 14:10:07,33,34,3883,16097
2023-03-07 14:10:12,33,34,3883,16192
2023-03-07 14:10:14,32,34,3883,16192
2023-03-07 14:10:14,33,34,3883,16192
2023-03-07 14:10:35,33,35,3883,16199
2023-03-07 14:10:51,33,35,3883,16248
2023-03-07 14:10:56,33,37,3883,16269
2023-03-07 14:10:57,33,36,3883,16269
2023-03-07 14:10:58,33,35,3883,16269
2023-03-07 14:11:03,33,37,3883,16310
2023-03-07 14:11:03,33,36,3883,16310
2023-03-07 14:11:03,34,36,3883,16310
2023-03-07 14:11:24,35,36,3883,16310
2023-03-07 14:11:25,35,37,3883,16310
2023-03-07 14:11:25,35,36,3883,16310
2023-03-07 14:11:58,34,36,3883,16310
2023-03-07 14:12:02,35,36,3883,16310
2023-03-07 14:12:03,34,36,3883,16318
2023-03-07 14:12:21,32,36,3883,16318
2023-03-07 14:12:21,31,36,3883,16318
2023-03-07 14:12:21,33,36,3883,16318
2023-03-07 14:12:24,33,36,3883,16326
2023-03-07 14:12:36,31,36,3883,16326
2023-03-07 14:12:36,33,36,3883,16326
2023-03-07 14:12:36,33,35,3883,16326
2023-03-07 14:12:40,34,35,3883,16326
2023-03-07 14:12:51,34,36,3883,16326
2023-03-07 14:13:36,35,36,3883,16326
2023-03-07 14:13:59,35,37,3883,16334
2023-03-07 14:14:07,36,37,3883,16334
2023-03-07 14:14:08,36,38,3883,16343
2023-03-07 14:14:08,35,38,3883,16343
2023-03-07 14:14:10,36,38,3883,16343
2023-03-07 14:14:11,35,38,3883,16343
2023-03-07 14:14:17,36,38,3883,16343
2023-03-07 14:14:18,36,42,3883,16343
2023-03-07 14:14:18,36,41,3883,16343
2023-03-07 14:14:18,36,42,3883,16343
2023-03-07 14:14:18,37,42,3883,16343
2023-03-07 14:14:18,37,41,3883,16343
2023-03-07 14:14:18,37,39,3883,16343
2023-03-07 14:14:28,38,39,3883,16343
2023-03-07 14:14:32,38,41,3883,16343
2023-03-07 14:14:32,38,42,3883,16343
2023-03-07 14:14:32,38,40,3883,16343
2023-03-07 14:14:36,38,39,3883,16343
2023-03-07 14:14:39,37,39,3883,16343
2023-03-07 14:14:46,38,39,3883,16343
2023-03-07 14:15:02,37,39,3883,16343
2023-03-07 14:15:02,38,39,3883,16343
2023-03-07 14:15:09,37,39,3883,16385
2023-03-07 14:15:09,37,38,3883,16385
2023-03-07 14:15:11,36,38,3883,16385
2023-03-07 14:15:12,36,37,3883,16385
2023-03-07 14:15:13,34,37,3883,16385
2023-03-07 14:15:13,32,37,3883,16385
2023-03-07 14:15:13,33,37,3883,16385
2023-03-07 14:15:13,35,37,3883,16385
2023-03-07 14:15:13,35,37,3883,16512
2023-03-07 14:15:15,35,36,3883,16512
2023-03-07 14:15:21,35,36,3740,16712
2023-03-07 14:15:26,34,35,3740,16724
2023-03-07 14:15:32,34,36,3740,16724
2023-03-07 14:15:54,35,36,3740,16724
2023-03-07 14:15:57,33,35,3740,16733
2023-03-07 14:15:57,33,35,3740,16775
2023-03-07 14:15:57,34,35,3740,16775
2023-03-07 14:16:03,34,35,3740,16860
2023-03-07 14:16:06,34,36,3740,16984
2023-03-07 14:16:10,35,36,3740,16984
2023-03-07 14:16:11,35,37,3740,16984
2023-03-07 14:16:11,35,37,3782,17026
2023-03-07 14:16:11,35,36,3782,17026
2023-03-07 14:16:11,35,36,3789,17033
2023-03-07 14:16:11,35,36,3824,17068
2023-03-07 14:16:12,34,36,3824,17068
2023-03-07 14:16:14,34,36,3824,17154
2023-03-07 14:16:18,35,36,3824,17154
2023-03-07 14:16:20,35,37,3824,17278
2023-03-07 14:16:30,35,38,3824,17278
2023-03-07 14:16:31,36,38,3875,17329
2023-03-07 14:16:31,36,37,3875,17329
2023-03-07 14:16:36,37,38,3875,17337
2023-03-07 14:16:36,37,38,3875,17345
2023-03-07 14:16:39,36,38,3875,17345
2023-03-07 14:16:42,38,39,3875,17354
2023-03-07 14:16:47,38,40,3875,17354
2023-03-07 14:16:56,36,40,3875,17354
2023-03-07 14:16:56,38,40,3875,17354
2023-03-07 14:17:10,38,41,3740,17489
2023-03-07 14:17:12,38,40,3740,17489
2023-03-07 14:17:17,40,41,3740,17498
2023-03-07 14:17:18,38,41,3740,17507
2023-03-07 14:17:50,38,40,3740,17507
2023-03-07 14:17:54,39,40,3740,17507
2023-03-07 14:18:10,39,41,3740,17516
2023-03-07 14:18:28,39,40,3740,17516
2023-03-07 14:18:39,38,39,3740,17552
2023-03-07 14:18:43,38,40,3740,17552
2023-03-07 14:18:44,37,40,3740,17616
2023-03-07 14:18:50,37,39,3740,17616
2023-03-07 14:18:52,37,40,3740,17616
2023-03-07 14:18:56,37,39,3740,17616
2023-03-07 14:19:04,37,38,3740,17616
2023-03-07 14:19:27,35,37,3740,17625
2023-03-07 14:19:39,35,38,3740,17625
2023-03-07 14:19:39,35,39,3740,17625
2023-03-07 14:19:39,35,38,3740,17625
2023-03-07 14:19:45,37,38,3740,17625
2023-03-07 14:19:47,37,39,3740,17625
2023-03-07 14:19:47,37,38,3740,17625
2023-03-07 14:19:59,37,39,3740,17625
2023-03-07 14:20:57,37,38,3740,17625
2023-03-07 14:21:01,36,38,3740,17625
2023-03-07 14:21:23,36,37,3740,17625
2023-03-07 14:21:32,34,36,3740,17728
2023-03-07 14:21:35,34,37,3740,17728
2023-03-07 14:21:40,34,36,3740,17728
2023-03-07 14:22:09,34,35,3740,17728
2023-03-07 14:22:17,33,34,3740,17778
2023-03-07 14:22:22,32,34,3740,17778
2023-03-07 14:22:23,33,34,3740,17778
2023-03-07 14:22:35,32,33,3740,17796
2023-03-07 14:22:56,31,33,3740,17796
2023-03-07 14:22:56,31,32,3740,17796
2023-03-07 14:23:04,29,32,3740,17858
2023-03-07 14:23:06,31,32,3740,17858
2023-03-07 14:23:09,28,31,3740,17875
2023-03-07 14:23:09,28,30,3740,17875
2023-03-07 14:23:11,28,30,3740,17945
2023-03-07 14:23:13,28,29,3740,17945
2023-03-07 14:23:15,28,29,3740,18041
2023-03-07 14:23:17,26,29,3740,18127
2023-03-07 14:23:18,26,27,3740,18127
2023-03-07 14:23:21,25,27,3740,18127
2023-03-07 14:23:21,25,27,3740,18191
2023-03-07 14:23:21,26,27,3740,18191
2023-03-07 14:23:35,26,27,3740,18200
2023-03-07 14:23:41,24,27,3740,18200
2023-03-07 14:23:41,26,27,3740,18200
2023-03-07 14:23:56,23,27,3740,18200
2023-03-07 14:23:59,24,27,3740,18200
2023-03-07 14:24:01,23,27,3740,18200
2023-03-07 14:24:14,26,27,3740,18200
2023-03-07 14:24:14,23,25,3746,18209
2023-03-07 14:24:25,24,25,3746,18209
2023-03-07 14:24:25,22,25,3746,18209
2023-03-07 14:24:53,22,25,3755,18218
2023-03-07 14:25:00,24,25,3755,18218
2023-03-07 14:25:18,24,25,3755,18412
2023-03-07 14:25:19,24,27,3755,18412
2023-03-07 14:25:22,23,27,3755,18412
2023-03-07 14:25:30,23,26,3755,18412
2023-03-07 14:25:31,22,26,3755,18412
2023-03-07 14:25:33,24,25,3755,18412
2023-03-07 14:26:11,22,25,3755,18412
2023-03-07 14:26:12,23,25,3755,18412
2023-03-07 14:26:49,22,25,3755,18412
2023-03-07 14:26:49,22,26,3755,18412
2023-03-07 14:26:50,22,27,3755,18412
2023-03-07 14:26:51,25,27,3755,18412
2023-03-07 14:27:19,25,26,3755,18412
2023-03-07 14:27:23,25,27,3755,18445
2023-03-07 14:27:30,26,28,3755,18445
2023-03-07 14:27:34,26,27,3755,18445
2023-03-07 14:28:03,26,27,3759,18449
2023-03-07 14:28:04,25,27,3759,18449
2023-03-07 14:28:13,25,26,3759,18449
2023-03-07 14:28:14,25,26,3759,18498
2023-03-07 14:28:19,23,26,3768,18507
2023-03-07 14:28:21,22,26,3768,18507
2023-03-07 14:28:21,24,26,3768,18507
2023-03-07 14:28:30,24,25,3768,18507
2023-03-07 14:28:45,23,25,3768,18507
2023-03-07 14:28:46,21,25,3768,18507
2023-03-07 14:28:46,21,26,3768,18507
2023-03-07 14:28:46,23,26,3768,18507
2023-03-07 14:28:46,23,25,3768,18507
2023-03-07 14:28:47,24,25,3768,18507
2023-03-07 14:29:22,23,25,3768,18507
2023-03-07 14:29:26,24,25,3768,18507
2023-03-07 14:29:45,24,26,3768,18507
2023-03-07 14:29:46,24,25,3768,18507
2023-03-07 14:29:54,22,24,3777,18516
2023-03-07 14:30:42,23,24,3777,18516
2023-03-07 14:30:54,23,25,3777,18598
2023-03-07 14:30:54,24,25,3777,18598
2023-03-07 14:31:17,24,26,3777,18598
2023-03-07 14:31:46,24,25,3777,18598
2023-03-07 14:31:56,23,25,3777,18598
2023-03-07 14:32:01,23,24,3777,18598
2023-03-07 14:32:07,21,24,3786,18688
2023-03-07 14:32:13,20,24,3786,18688
2023-03-07 14:32:13,22,24,3786,18688
2023-03-07 14:32:28,21,24,3786,18688
2023-03-07 14:32:29,21,23,3786,18688
2023-03-07 14:33:14,21,23,3777,18697
2023-03-07 14:33:21,19,23,3777,18697
2023-03-07 14:33:21,21,23,3777,18697
2023-03-07 14:33:26,21,22,3777,18697
2023-03-07 14:33:39,19,22,3777,18697
2023-03-07 14:33:40,20,22,3777,18697
2023-03-07 14:34:48,21,22,3777,18697
2023-03-07 14:35:12,21,23,3777,18697
2023-03-07 14:35:31,19,23,3786,18861
2023-03-07 14:35:38,18,23,3786,18861
2023-03-07 14:35:39,20,23,3786,18861
2023-03-07 14:35:39,20,22,3786,18861
2023-03-07 14:36:22,20,21,3786,18861
2023-03-07 14:36:24,19,21,3786,18861
2023-03-07 14:36:24,20,21,3786,18861
2023-03-07 14:36:36,19,21,3786,18861
2023-03-07 14:36:58,19,22,3786,18861
2023-03-07 14:36:58,19,21,3786,18861
2023-03-07 14:37:20,19,23,3777,18916
2023-03-07 14:37:20,19,22,3777,18916
2023-03-07 14:37:21,19,24,3777,18916
2023-03-07 14:37:21,20,24,3777,18916
2023-03-07 14:37:21,20,23,3777,18916
2023-03-07 14:37:21,20,22,3777,18916
2023-03-07 14:37:32,19,22,3777,18916
2023-03-07 14:37:32,19,24,3777,18916
2023-03-07 14:37:32,21,24,3777,18916
2023-03-07 14:37:32,21,23,3777,18916
2023-03-07 14:37:32,21,22,3777,18916
2023-03-07 14:37:35,21,23,3777,18916
2023-03-07 14:37:37,21,22,3777,18916
2023-03-07 14:37:43,20,22,3777,18916
2023-03-07 14:38:13,20,21,3777,18916
2023-03-07 14:39:50,19,21,3797,18936
2023-03-07 14:39:55,19,20,3797,18936
2023-03-07 14:40:06,18,20,3797,18936
2023-03-07 14:40:42,17,20,3797,18936
2023-03-07 14:40:42,17,19,3797,18936
2023-03-07 14:40:45,18,19,3797,18936
2023-03-07 14:41:00,18,20,3797,18936
2023-03-07 14:41:32,18,22,3788,19003
2023-03-07 14:41:34,18,20,3788,19003
2023-03-07 14:41:39,18,22,3788,19003
2023-03-07 14:41:39,19,22,3788,19003
2023-03-07 14:41:40,19,21,3788,19003
2023-03-07 14:41:59,17,21,3788,19003
2023-03-07 14:41:59,19,21,3788,19003
2023-03-07 14:42:01,19,20,3788,19003
2023-03-07 14:42:04,17,20,3797,19052
2023-03-07 14:42:08,19,20,3797,19052
2023-03-07 14:42:09,17,20,3797,19078
2023-03-07 14:42:14,18,20,3797,19078
2023-03-07 14:42:45,19,20,3797,19078
2023-03-07 14:42:46,18,20,3817,19098
2023-03-07 14:42:47,18,19,3817,19098
2023-03-07 14:42:57,18,20,3817,19098
2023-03-07 14:42:57,17,18,3826,19107
2023-03-07 14:43:19,16,18,3855,19136
2023-03-07 14:43:29,16,17,3855,19136
2023-03-07 14:43:47,15,17,3855,19136
2023-03-07 14:43:47,15,18,3855,19136
2023-03-07 14:43:47,16,18,3855,19136
2023-03-07 14:43:50,16,17,3855,19136
2023-03-07 14:44:02,15,17,3855,19136
2023-03-07 14:44:21,15,16,3855,19136
2023-03-07 14:44:28,15,16,3855,19144
2023-03-07 14:44:35,15,16,3882,19171
2023-03-07 14:44:42,15,16,3964,19253
2023-03-07 14:45:02,15,16,3991,19280
2023-03-07 14:45:06,15,16,3991,19288
2023-03-07 14:45:06,15,16,3999,19296
2023-03-07 14:45:43,15,16,4007,19304
2023-03-07 14:45:56,15,18,4007,19304
2023-03-07 14:45:56,15,17,4007,19304
2023-03-07 14:46:12,16,17,4007,19304
2023-03-07 14:46:18,16,18,4007,19304
2023-03-07 14:46:20,17,18,4007,19304
2023-03-07 14:46:32,17,19,4007,19304
2023-03-07 14:46:49,17,18,4007,19304
2023-03-07 14:46:55,16,18,4007,19304
2023-03-07 14:46:58,16,18,3998,19313
2023-03-07 14:47:06,15,18,3998,19313
2023-03-07 14:47:07,16,18,3998,19313
2023-03-07 14:47:11,16,17,3998,19313
2023-03-07 14:47:20,15,17,3998,19313
2023-03-07 14:47:33,15,16,3998,19313
2023-03-07 14:47:43,15,17,3998,19313
2023-03-07 14:47:43,15,16,3998,19313
2023-03-07 14:47:54,15,17,3998,19313
2023-03-07 14:47:54,15,16,3998,19313
2023-03-07 14:48:13,15,16,3998,19322
2023-03-07 14:48:13,14,15,4079,19403
2023-03-07 14:48:25,14,16,4079,19403
2023-03-07 14:48:25,14,16,4091,19415
2023-03-07 14:48:25,14,15,4091,19415
2023-03-07 14:48:34,14,16,4091,19415
2023-03-07 14:48:34,14,15,4091,19415
2023-03-07 14:48:50,14,15,4100,19424
2023-03-07 14:49:19,14,16,4100,19424
2023-03-07 14:49:44,14,15,4100,19424
2023-03-07 14:49:53,14,16,4100,19424
2023-03-07 14:49:53,14,15,4100,19424
2023-03-07 14:50:02,13,14,4108,19560
2023-03-07 14:50:06,13,15,4108,19560
2023-03-07 14:50:28,13,14,4108,19560
2023-03-07 14:50:37,13,15,4108,19560
2023-03-07 14:50:37,13,14,4108,19560
2023-03-07 14:50:39,12,14,4108,19560
2023-03-07 14:51:00,12,13,4108,19560
2023-03-07 14:51:25,12,14,4108,19560
2023-03-07 14:51:25,12,13,4108,19560
2023-03-07 14:51:43,12,14,4108,19560
2023-03-07 14:51:50,12,13,4108,19560
2023-03-07 14:52:16,12,13,4114,19566
2023-03-07 14:52:21,12,14,4114,19566
2023-03-07 14:52:21,12,13,4114,19566
2023-03-07 14:52:34,11,13,4114,19566
2023-03-07 14:52:50,11,12,4114,19566
2023-03-07 14:52:54,11,13,4114,19590
2023-03-07 14:53:48,11,14,4114,19590
2023-03-07 14:53:48,11,13,4114,19590
2023-03-07 14:54:19,11,12,4114,19590
2023-03-07 14:55:02,11,12,4114,19599
2023-03-07 14:55:09,11,12,4123,19608
2023-03-07 14:55:09,11,12,4132,19617
2023-03-07 14:55:15,9,12,4475,19960
2023-03-07 14:55:22,9,11,4475,19960
2023-03-07 14:55:31,9,10,4475,19960
2023-03-07 14:56:16,8,10,4475,19960
2023-03-07 14:56:21,8,10,4475,19961
2023-03-07 14:56:23,8,9,4475,19961
2023-03-07 14:56:31,8,10,4475,19961
2023-03-07 14:56:32,8,9,4475,19961
2023-03-07 14:56:54,8,9,4475,19970
2023-03-07 14:57:35,7,9,4475,19970
2023-03-07 14:58:21,7,9,4476,19971
2023-03-07 14:58:25,8,9,4476,19971
2023-03-07 14:58:31,8,10,4456,19991
2023-03-07 14:58:50,9,10,4456,19991
2023-03-07 14:59:21,8,10,4456,19991
2023-03-07 15:00:24,8,11,4427,20031
2023-03-07 15:00:26,9,11,4427,20031
2023-03-07 15:00:28,9,12,4427,20135
2023-03-07 15:00:35,8,12,4427,20135
2023-03-07 15:00:35,10,12,4427,20135
2023-03-07 15:00:40,10,13,4427,20240
2023-03-07 15:00:40,10,12,4427,20240
2023-03-07 15:00:41,10,12,4436,20249
2023-03-07 15:00:46,9,12,4436,20249
2023-03-07 15:00:46,9,14,4436,20249
2023-03-07 15:00:46,11,14,4436,20249
2023-03-07 15:00:46,11,13,4436,20249
2023-03-07 15:00:51,11,14,4436,20269
2023-03-07 15:00:55,10,14,4436,20269
2023-03-07 15:00:55,11,14,4436,20269
2023-03-07 15:00:55,11,13,4436,20269
2023-03-07 15:01:07,11,15,4427,21076
2023-03-07 15:01:07,12,15,4427,21076
2023-03-07 15:01:13,13,15,4427,21076
2023-03-07 15:01:20,13,15,4427,21272
2023-03-07 15:01:30,13,17,4519,21373
2023-03-07 15:01:31,14,17,4519,21373
2023-03-07 15:01:34,14,15,4519,21373
2023-03-07 15:01:37,13,15,4519,21373
2023-03-07 15:01:56,13,14,4519,21373
2023-03-07 15:02:17,13,14,4510,21426
2023-03-07 15:02:27,13,15,4552,21468
2023-03-07 15:02:27,12,17,4552,21468
2023-03-07 15:02:27,13,17,4552,21468
2023-03-07 15:02:27,13,15,4552,21468
2023-03-07 15:02:33,13,15,4561,21477
2023-03-07 15:02:39,14,15,4561,21477
2023-03-07 15:02:48,13,15,4561,21477
2023-03-07 15:02:48,12,15,4561,21477
2023-03-07 15:02:48,12,16,4561,21477
2023-03-07 15:02:48,12,17,4561,21477
2023-03-07 15:02:48,14,17,4561,21477
2023-03-07 15:03:01,13,17,4561,21477
2023-03-07 15:03:01,14,17,4561,21477
2023-03-07 15:03:01,14,16,4561,21477
2023-03-07 15:03:08,13,16,4561,21477
2023-03-07 15:03:08,13,18,4561,21477
2023-03-07 15:03:08,14,18,4561,21477
2023-03-07 15:03:08,14,16,4561,21477
2023-03-07 15:03:11,14,16,4570,21486
2023-03-07 15:03:15,13,16,4570,21486
2023-03-07 15:03:15,14,16,4570,21486
2023-03-07 15:03:22,13,16,4570,21486
2023-03-07 15:03:22,13,17,4570,21486
2023-03-07 15:03:22,16,17,4570,21486
2023-03-07 15:03:31,14,17,4570,21486
2023-03-07 15:03:31,13,17,4570,21486
2023-03-07 15:03:31,16,17,4570,21486
2023-03-07 15:03:34,15,16,4551,21505
2023-03-07 15:03:39,13,16,4551,21505
2023-03-07 15:03:40,14,16,4551,21505
2023-03-07 15:03:40,15,16,4551,21505
2023-03-07 15:03:48,15,16,4502,21555
2023-03-07 15:04:19,15,17,4502,21555
2023-03-07 15:04:24,14,17,4502,21555
2023-03-07 15:04:25,15,17,4502,21555
2023-03-07 15:04:34,15,16,4502,21555
2023-03-07 15:04:37,14,16,4511,21574
2023-03-07 15:04:44,14,17,4511,21574
2023-03-07 15:04:48,12,17,4511,21574
2023-03-07 15:04:48,13,17,4511,21574
2023-03-07 15:04:49,13,15,4511,21574
2023-03-07 15:04:58,12,15,4511,21574
2023-03-07 15:04:58,12,17,4511,21574
2023-03-07 15:04:58,13,17,4511,21574
2023-03-07 15:04:58,13,16,4511,21574
2023-03-07 15:04:59,13,14,4511,21574
2023-03-07 15:05:00,13,16,4511,21574
2023-03-07 15:05:00,13,15,4511,21574
2023-03-07 15:05:02,13,16,4511,21574
2023-03-07 15:05:03,13,14,4511,21574
2023-03-07 15:05:25,12,14,4511,21574
2023-03-07 15:05:40,12,13,4511,21574
2023-03-07 15:05:41,12,14,4502,21583
2023-03-07 15:05:43,12,15,4502,21583
2023-03-07 15:05:44,12,14,4502,21583
2023-03-07 15:05:47,11,14,4502,21583
2023-03-07 15:05:52,11,14,4502,21632
2023-03-07 15:05:55,11,15,4542,21672
2023-03-07 15:05:59,12,15,4542,21672
2023-03-07 15:06:17,12,15,4551,21681
2023-03-07 15:06:22,12,17,4551,21681
2023-03-07 15:06:22,14,17,4551,21681
2023-03-07 15:06:23,14,16,4551,21681
2023-03-07 15:06:31,13,16,4551,21681
2023-03-07 15:06:31,13,17,4551,21681
2023-03-07 15:06:31,13,16,4551,21681
2023-03-07 15:06:37,14,16,4551,21681
2023-03-07 15:06:39,13,16,4551,21681
2023-03-07 15:06:46,13,17,4551,21681
2023-03-07 15:06:46,14,17,4551,21681
2023-03-07 15:06:46,14,16,4551,21681
2023-03-07 15:07:35,14,15,4551,21681
2023-03-07 15:07:45,13,15,4551,21681
2023-03-07 15:07:54,13,14,4551,21681
2023-03-07 15:07:58,12,14,4560,21690
2023-03-07 15:08:00,11,14,4560,21690
2023-03-07 15:08:00,11,15,4560,21690
2023-03-07 15:08:01,12,15,4560,21690
2023-03-07 15:08:01,12,14,4560,21690
2023-03-07 15:08:13,12,13,4560,21690
2023-03-07 15:08:23,11,13,4560,21690
2023-03-07 15:08:25,12,13,4560,21690
2023-03-07 15:08:35,11,13,4560,21690
2023-03-07 15:09:27,11,12,4560,21690
2023-03-07 15:09:28,11,13,4551,21699
2023-03-07 15:09:28,12,13,4551,21699
2023-03-07 15:09:31,12,13,4551,21718
2023-03-07 15:09:47,11,13,4551,21718
2023-03-07 15:10:29,12,13,4551,21718
2023-03-07 15:10:35,13,14,4607,21803
2023-03-07 15:10:48,12,13,4616,21812
2023-03-07 15:10:50,12,13,4616,21862
2023-03-07 15:10:50,11,12,4616,21940
2023-03-07 15:10:50,11,12,4636,22123
2023-03-07 15:11:18,11,12,4645,22132
2023-03-07 15:11:20,8,12,3754,23202
2023-03-07 15:11:20,8,11,3754,23202
2023-03-07 15:11:24,10,11,3754,23202
2023-03-07 15:11:33,8,11,3754,23202
2023-03-07 15:11:33,10,11,3754,23202
2023-03-07 15:11:41,9,11,3754,23202
2023-03-07 15:11:41,8,11,3754,23202
2023-03-07 15:11:41,9,11,3754,23202
2023-03-07 15:11:55,9,11,3763,23211
2023-03-07 15:11:56,8,11,3763,23211
2023-03-07 15:11:57,9,11,3763,23211
2023-03-07 15:12:05,10,11,3763,23211
2023-03-07 15:12:09,11,12,3763,23220
2023-03-07 15:12:12,11,13,3945,23402
2023-03-07 15:12:21,10,13,3945,23402
2023-03-07 15:12:22,11,13,3945,23402
2023-03-07 15:12:31,10,13,3945,23402
2023-03-07 15:12:31,11,13,3945,23402
2023-03-07 15:12:33,11,13,3946,23411
2023-03-07 15:12:48,10,13,3946,23411
2023-03-07 15:12:48,11,13,3946,23411
2023-03-07 15:12:55,10,13,3946,23411
2023-03-07 15:12:55,11,13,3946,23411
2023-03-07 15:13:04,10,13,3946,23411
2023-03-07 15:13:04,10,11,3946,23411
2023-03-07 15:13:07,11,12,3946,23437
2023-03-07 15:13:10,11,12,3955,23446
2023-03-07 15:13:11,10,12,3955,23446
2023-03-07 15:13:12,9,12,3755,23794
2023-03-07 15:13:17,12,13,3755,23873
2023-03-07 15:13:21,12,13,3703,23925
2023-03-07 15:13:27,11,13,3703,23925
2023-03-07 15:13:29,10,13,3703,23925
2023-03-07 15:13:30,12,13,3703,23925
2023-03-07 15:13:30,11,13,3678,23950
2023-03-07 15:13:32,11,14,3678,23950
2023-03-07 15:13:38,11,13,3678,23950
2023-03-07 15:13:46,10,13,3678,23950
2023-03-07 15:13:46,10,14,3678,23950
2023-03-07 15:13:47,12,14,3678,23950
2023-03-07 15:13:53,12,13,3678,23950
2023-03-07 15:13:55,12,14,3678,23950
2023-03-07 15:13:58,13,14,3678,23950
2023-03-07 15:13:59,12,14,3678,23970
2023-03-07 15:14:00,12,13,3678,23970
2023-03-07 15:14:08,11,12,3637,24019
2023-03-07 15:14:17,11,12,3586,24070
2023-03-07 15:14:21,10,12,3586,24070
2023-03-07 15:14:21,11,12,3586,24070
2023-03-07 15:14:29,10,12,3578,24087
2023-03-07 15:14:32,10,11,3578,24087
2023-03-07 15:14:34,10,12,3578,24087
2023-03-07 15:14:35,11,12,3578,24087
2023-03-07 15:14:36,10,12,3478,24187
2023-03-07 15:14:40,10,11,3478,24187
2023-03-07 15:14:42,9,11,3478,24187
2023-03-07 15:14:47,10,11,3478,24187
2023-03-07 15:15:02,10,11,3478,24195
2023-03-07 15:15:09,10,12,3502,24219
2023-03-07 15:15:22,10,13,3502,24219
2023-03-07 15:15:22,10,12,3502,24219
2023-03-07 15:15:22,12,13,3557,24274
2023-03-07 15:15:29,10,13,3557,24274
2023-03-07 15:15:31,10,14,3757,24474
2023-03-07 15:15:33,10,13,3757,24474
2023-03-07 15:15:36,11,13,3757,24474
2023-03-07 15:15:38,12,13,3757,24474
2023-03-07 15:16:04,12,14,3771,24602
2023-03-07 15:16:13,12,15,3851,24682
2023-03-07 15:16:19,15,17,3888,24769
2023-03-07 15:16:23,15,17,3967,24848
2023-03-07 15:16:33,13,17,3967,24848
2023-03-07 15:16:34,13,16,3967,24848
2023-03-07 15:16:34,14,16,3967,24848
2023-03-07 15:16:49,13,16,3967,24848
2023-03-07 15:16:49,13,17,3967,24848
2023-03-07 15:16:49,14,17,3967,24848
2023-03-07 15:16:49,16,17,3967,24848
2023-03-07 15:16:54,15,17,4004,24900
2023-03-07 15:16:55,16,17,4004,24900
2023-03-07 15:17:04,15,17,4004,24900
2023-03-07 15:17:04,16,17,4004,24900
2023-03-07 15:17:17,15,17,4004,24900
2023-03-07 15:17:24,15,18,4132,25037
2023-03-07 15:17:30,15,16,4132,25037
2023-03-07 15:17:33,14,16,4132,25037
2023-03-07 15:17:33,15,16,4132,25037
2023-03-07 15:17:48,14,16,4132,25037
2023-03-07 15:17:54,15,16,4132,25037
2023-03-07 15:18:08,15,16,4132,25046
2023-03-07 15:18:14,15,16,4269,25183
2023-03-07 15:18:18,15,17,4299,25213
2023-03-07 15:18:20,15,16,4299,25213
2023-03-07 15:18:21,17,18,4450,25364
2023-03-07 15:18:27,17,18,4481,25395
2023-03-07 15:18:35,15,18,4481,25395
2023-03-07 15:18:35,16,18,4481,25395
2023-03-07 15:18:41,17,18,4481,25395
2023-03-07 15:18:44,16,18,4481,25395
2023-03-07 15:18:45,16,17,4481,25395
2023-03-07 15:18:45,15,17,4481,25395
2023-03-07 15:18:46,15,19,4472,25404
2023-03-07 15:18:53,15,17,4472,25404
2023-03-07 15:18:54,15,19,4472,25418
2023-03-07 15:18:58,15,18,4472,25418
2023-03-07 15:19:04,15,18,4472,25509
2023-03-07 15:19:10,15,19,4472,25567
2023-03-07 15:19:11,17,19,4472,25567
2023-03-07 15:19:12,17,18,4472,25567
2023-03-07 15:19:50,17,19,4683,25778
2023-03-07 15:19:58,17,20,4683,25778
2023-03-07 15:20:00,18,20,4683,25778
2023-03-07 15:20:02,18,19,4683,25778
2023-03-07 15:20:09,17,18,4692,25787
2023-03-07 15:20:12,16,17,4692,25915
2023-03-07 15:20:21,15,17,4692,25975
2023-03-07 15:20:22,15,16,4692,25975
2023-03-07 15:20:29,15,17,4692,25975
2023-03-07 15:21:06,15,16,4692,25975
2023-03-07 15:21:33,15,16,4705,25988
2023-03-07 15:21:36,14,15,4705,26053
2023-03-07 15:21:40,14,15,4714,26062
2023-03-07 15:21:44,13,15,4714,26097
2023-03-07 15:21:44,13,14,4714,26097
2023-03-07 15:21:49,12,14,4714,26097
2023-03-07 15:21:53,12,14,4710,26106
2023-03-07 15:21:57,11,14,4665,26151
2023-03-07 15:21:59,11,13,4665,26151
2023-03-07 15:21:59,11,12,4665,26151
2023-03-07 15:22:00,10,12,4311,26505
2023-03-07 15:22:09,10,13,4311,26505
2023-03-07 15:22:09,10,11,4311,26505
2023-03-07 15:22:16,10,12,4311,26505
2023-03-07 15:22:16,10,11,4311,26505
2023-03-07 15:22:33,10,12,4302,26520
2023-03-07 15:22:52,11,12,4302,26520
2023-03-07 15:22:54,10,12,4302,26520
2023-03-07 15:22:56,10,11,4302,26520
2023-03-07 15:23:07,10,12,4302,26576
2023-03-07 15:23:07,10,11,4302,26576
2023-03-07 15:23:13,10,11,4294,26584
2023-03-07 15:23:14,10,12,4293,26585
2023-03-07 15:23:24,10,13,4293,26585
2023-03-07 15:23:24,10,12,4293,26585
2023-03-07 15:23:37,10,13,4293,26585
2023-03-07 15:23:37,10,12,4293,26585
2023-03-07 15:23:44,11,12,4293,26585
2023-03-07 15:23:48,11,13,4293,26585
2023-03-07 15:23:48,11,12,4293,26585
2023-03-07 15:23:55,10,11,4302,26594
2023-03-07 15:24:27,10,12,4302,26594
2023-03-07 15:24:58,11,12,4302,26594
2023-03-07 15:25:18,10,11,4311,26603
2023-03-07 15:25:36,9,10,4313,26605
2023-03-07 15:25:57,8,9,4322,26614
2023-03-07 15:26:22,8,10,4322,26614
2023-03-07 15:26:30,8,9,4322,26614
2023-03-07 15:26:50,8,9,4314,26622
2023-03-07 15:27:02,7,9,4314,26622
2023-03-07 15:27:10,6,9,4314,26622
2023-03-07 15:27:16,6,7,4314,26622
2023-03-07 15:27:16,7,8,4314,26633
2023-03-07 15:27:27,7,8,4306,26641
2023-03-07 15:27:30,6,7,4306,26652
2023-03-07 15:27:46,6,8,4306,26652
2023-03-07 15:27:46,6,7,4306,26652
2023-03-07 15:28:04,6,7,4298,26660
2023-03-07 15:28:33,6,7,4298,26684
2023-03-07 15:28:40,6,7,4290,26692
2023-03-07 15:28:44,5,6,4296,26719
2023-03-07 15:28:59,4,6,4296,26749
2023-03-07 15:29:27,4,6,4296,26849
2023-03-07 15:29:32,3,4,4308,26885
2023-03-07 15:29:47,3,5,4397,26974
2023-03-07 15:29:47,3,6,4397,26974
2023-03-07 15:29:47,3,5,4397,26974
2023-03-07 15:29:54,3,5,4405,26982
2023-03-07 15:29:57,3,5,4435,27012
2023-03-07 15:30:03,3,6,4435,27012
2023-03-07 15:30:03,4,6,4435,27012
2023-03-07 15:30:47,4,5,4435,27012
2023-03-07 15:31:02,4,6,4435,27012
2023-03-07 15:31:02,4,5,4435,27012
2023-03-07 15:32:23,4,5,4435,27020
2023-03-07 15:32:23,4,6,4435,27020
2023-03-07 15:32:33,5,6,4435,27020
2023-03-07 15:32:35,5,7,4454,27039
2023-03-07 15:32:35,6,7,4454,27039
2023-03-07 15:32:38,6,8,4511,27096
2023-03-07 15:32:42,7,8,4511,27096
2023-03-07 15:32:47,7,8,4491,27116
2023-03-07 15:32:56,7,8,4452,27155
2023-03-07 15:32:59,7,8,4452,27163
2023-03-07 15:33:04,7,10,4452,27163
2023-03-07 15:33:22,8,10,4452,27163
2023-03-07 15:33:22,9,10,4452,27163
2023-03-07 15:33:23,9,10,4450,27165
2023-03-07 15:33:36,9,11,4458,27173
2023-03-07 15:33:37,9,12,4458,27173
2023-03-07 15:34:01,10,12,4458,27173
2023-03-07 15:34:12,11,12,4458,27173
2023-03-07 15:34:13,10,12,4466,27204
2023-03-07 15:34:34,9,12,4466,27204
2023-03-07 15:34:34,9,13,4466,27204
2023-03-07 15:34:34,9,12,4466,27204
2023-03-07 15:34:49,9,11,4466,27204
2023-03-07 15:34:50,10,11,4466,27204
2023-03-07 15:35:11,9,11,4452,27218
2023-03-07 15:35:18,8,11,4429,27274
2023-03-07 15:35:25,7,11,4429,27274
2023-03-07 15:35:25,8,11,4429,27274
2023-03-07 15:35:25,8,10,4429,27274
2023-03-07 15:35:38,8,9,4429,27274
2023-03-07 15:36:01,7,9,4429,27274
2023-03-07 15:36:19,6,7,4437,27286
2023-03-07 15:36:27,6,7,4437,27330
2023-03-07 15:36:34,6,7,4437,27347
2023-03-07 15:36:41,6,7,4437,27390
2023-03-07 15:36:46,6,8,4437,27414
2023-03-07 15:36:58,8,9,4429,27422
2023-03-07 15:37:07,8,10,4429,27422
2023-03-07 15:37:15,9,10,4429,27422
2023-03-07 15:37:20,9,11,4461,27455
2023-03-07 15:37:31,10,11,4461,27455
2023-03-07 15:37:51,10,11,4469,27463
2023-03-07 15:37:52,9,11,4469,27463
2023-03-07 15:37:52,8,11,4469,27463
2023-03-07 15:37:52,8,11,4486,27512
2023-03-07 15:37:52,9,11,4486,27512
2023-03-07 15:38:01,10,11,4486,27512
2023-03-07 15:38:02,10,12,4565,27591
2023-03-07 15:38:28,11,12,4565,27591
2023-03-07 15:38:39,11,12,4655,27681
2023-03-07 15:38:42,11,13,4675,27701
2023-03-07 15:38:57,12,13,4675,27701
2023-03-07 15:39:01,12,14,4683,27717
2023-03-07 15:39:01,12,13,4683,27717
2023-03-07 15:39:01,12,14,4683,27717
2023-03-07 15:39:05,12,14,4692,27726
2023-03-07 15:39:08,14,15,4922,27956
2023-03-07 15:39:23,14,16,4922,27956
2023-03-07 15:39:34,15,16,4922,27956
2023-03-07 15:39:42,15,16,4931,27965
2023-03-07 15:39:50,14,16,4931,27979
2023-03-07 15:39:51,14,17,4931,27979
2023-03-07 15:39:51,14,16,4931,27979
2023-03-07 15:39:52,14,15,4931,27979
2023-03-07 15:39:53,13,15,4931,27979
2023-03-07 15:39:58,12,15,4931,28016
2023-03-07 15:40:18,12,15,4922,28025
2023-03-07 15:40:22,11,15,4922,28053
2023-03-07 15:40:22,11,13,4922,28053
2023-03-07 15:40:28,11,12,4922,28053
2023-03-07 15:40:35,11,13,4922,28085
2023-03-07 15:40:41,11,12,4922,28085
2023-03-07 15:40:46,11,13,4922,28100
2023-03-07 15:40:50,12,13,4922,28100
2023-03-07 15:41:17,13,14,4922,28228
2023-03-07 15:41:20,12,14,4922,28228
2023-03-07 15:41:47,12,13,4922,28228
2023-03-07 15:41:57,12,13,4930,28236
2023-03-07 15:42:03,12,13,4930,28247
2023-03-07 15:42:09,10,11,4924,28253
2023-03-07 15:42:17,9,11,4924,28253
2023-03-07 15:42:17,9,10,4924,28253
2023-03-07 15:42:41,9,10,4924,28288
2023-03-07 15:42:46,9,11,4924,28309
2023-03-07 15:42:50,10,11,4924,28309
2023-03-07 15:43:01,10,11,4924,28376
2023-03-07 15:43:22,10,12,4932,28384
2023-03-07 15:43:37,11,12,4932,28384
2023-03-07 15:43:58,10,12,4932,28384
2023-03-07 15:43:59,11,12,4932,28384
2023-03-07 15:44:06,10,12,4940,28392
2023-03-07 15:44:15,9,12,4940,28392
2023-03-07 15:44:15,10,12,4940,28392
2023-03-07 15:44:23,10,11,4940,28392
2023-03-07 15:44:35,10,11,4932,28400
2023-03-07 15:44:36,10,11,4932,28409
2023-03-07 15:44:43,8,11,4932,28431
2023-03-07 15:44:47,8,10,4932,28431
2023-03-07 15:44:47,8,9,4932,28431
2023-03-07 15:45:05,8,10,4932,28431
2023-03-07 15:45:05,8,11,4932,28431
2023-03-07 15:45:05,8,9,4932,28431
2023-03-07 15:45:12,8,9,4924,28439
2023-03-07 15:45:15,6,9,4924,28439
2023-03-07 15:45:21,6,7,4924,28439
2023-03-07 15:45:21,6,7,4924,28456
2023-03-07 15:45:31,6,7,4924,28481
2023-03-07 15:45:57,6,7,4928,28485
2023-03-07 15:46:04,6,8,4928,28485
2023-03-07 15:46:04,6,7,4928,28485
2023-03-07 15:46:16,6,7,4928,28510
2023-03-07 15:46:25,5,7,4928,28510
2023-03-07 15:46:26,5,7,4928,28518
2023-03-07 15:46:29,5,6,4928,28518
2023-03-07 15:46:40,5,6,4933,28523
2023-03-07 15:46:41,4,5,4934,28524
2023-03-07 15:46:58,4,5,4958,28548
2023-03-07 15:47:04,3,4,4958,28549
2023-03-07 15:47:32,3,4,4958,28574
2023-03-07 15:49:07,3,4,4958,28584
2023-03-07 15:49:10,2,4,4958,28584
2023-03-07 15:49:28,3,4,4958,28584
2023-03-07 15:49:30,3,4,4958,28592
2023-03-07 15:50:06,3,4,4958,28600
2023-03-07 15:50:26,3,4,4974,28616
2023-03-07 15:50:26,3,4,4990,28632
2023-03-07 15:50:42,3,4,4990,28640
2023-03-07 15:51:17,3,4,4990,28648
2023-03-07 15:51:31,3,4,4990,28764
2023-03-07 15:51:37,3,5,4990,28764
2023-03-07 15:51:37,3,31,4990,28764
2023-03-07 15:51:53,3,31,4990,28772
2023-03-07 15:52:19,3,31,5045,28827
2023-03-07 15:52:24,1,3,5045,28991
2023-03-07 15:53:12,1,3,5039,28997
2023-03-07 15:54:28,1,3,4360,30682
2023-03-07 15:54:38,1,3,4360,30732
2023-03-07 15:54:41,0,3,4360,30732
2023-03-07 15:54:45,1,3,4360,30732
2023-03-07 15:54:58,0,3,4360,30732
2023-03-07 15:55:00,1,3,4360,30732
2023-03-07 15:55:03,3,17,4352,30740
2023-03-07 15:55:03,3,19,4352,30740
2023-03-07 15:55:03,3,16,4352,30740
2023-03-07 15:55:03,3,16,4352,30748
2023-03-07 15:55:04,3,19,4352,30748
2023-03-07 15:55:04,3,18,4352,30748
2023-03-07 15:55:12,0,3,4352,30844
2023-03-07 15:55:15,1,3,4352,30844
2023-03-07 15:55:15,0,3,4352,30844
2023-03-07 15:55:22,0,1,4352,30844
2023-03-07 15:55:22,0,3,4352,30845
2023-03-07 15:56:26,0,3,4352,30846
2023-03-07 15:56:51,0,1,4352,30846
