datetime,bid,ask,open_interest,volume
2023-12-11 09:30:01,2,42,8,8
2023-12-11 09:30:09,3,42,8,8
2023-12-11 09:30:27,2,42,8,8
2023-12-11 09:30:27,3,42,8,8
2023-12-11 09:30:46,3,50,127,127
2023-12-11 09:30:55,32,50,127,127
2023-12-11 09:30:55,34,50,127,127
2023-12-11 09:30:55,34,47,127,127
2023-12-11 09:30:55,34,44,127,127
2023-12-11 09:31:00,37,44,127,127
2023-12-11 09:31:00,37,43,127,127
2023-12-11 09:31:00,37,40,127,127
2023-12-11 09:31:01,38,40,127,127
2023-12-11 09:31:03,37,40,127,127
2023-12-11 09:31:04,38,40,127,127
2023-12-11 09:31:05,37,40,127,127
2023-12-11 09:31:06,38,40,127,127
2023-12-11 09:31:10,37,40,127,127
2023-12-11 09:31:11,37,39,127,127
2023-12-11 09:31:12,38,39,127,127
2023-12-11 09:31:12,38,40,127,127
2023-12-11 09:31:13,38,41,127,127
2023-12-11 09:31:19,37,41,127,127
2023-12-11 09:31:19,37,40,127,127
2023-12-11 09:31:20,37,41,127,127
2023-12-11 09:31:20,38,41,127,127
2023-12-11 09:31:21,38,42,127,127
2023-12-11 09:31:22,38,42,127,127
2023-12-11 09:31:23,38,42,127,127
2023-12-11 09:31:23,38,41,127,127
2023-12-11 09:31:24,38,42,127,127
2023-12-11 09:31:24,39,41,127,127
2023-12-11 09:31:25,39,42,127,127
2023-12-11 09:31:28,39,41,127,127
2023-12-11 09:31:31,38,41,127,127
2023-12-11 09:31:44,37,40,127,127
2023-12-11 09:31:46,38,40,127,127
2023-12-11 09:31:47,38,41,127,127
2023-12-11 09:31:56,39,41,127,127
2023-12-11 09:31:57,38,41,127,127
2023-12-11 09:32:00,37,41,127,127
2023-12-11 09:32:00,37,40,127,127
2023-12-11 09:32:01,38,40,127,127
2023-12-11 09:32:01,38,41,127,127
2023-12-11 09:32:06,38,42,127,127
2023-12-11 09:32:06,39,42,127,127
2023-12-11 09:32:11,39,43,127,127
2023-12-11 09:32:11,39,42,127,127
2023-12-11 09:32:13,39,41,127,127
2023-12-11 09:32:14,38,41,127,127
2023-12-11 09:32:15,39,41,127,127
2023-12-11 09:32:17,38,41,127,127
2023-12-11 09:32:19,39,41,127,127
2023-12-11 09:32:20,38,41,127,127
2023-12-11 09:32:21,38,42,127,127
2023-12-11 09:32:21,39,42,127,127
2023-12-11 09:32:22,38,42,127,127
2023-12-11 09:32:22,39,42,127,127
2023-12-11 09:32:23,38,41,127,127
2023-12-11 09:32:25,38,40,127,127
2023-12-11 09:32:27,38,40,127,127
2023-12-11 09:32:28,38,41,127,127
2023-12-11 09:32:32,38,42,127,127
2023-12-11 09:32:32,39,42,127,127
2023-12-11 09:32:32,39,41,127,127
2023-12-11 09:32:32,39,41,132,132
2023-12-11 09:32:32,39,42,132,132
2023-12-11 09:32:35,38,42,132,132
2023-12-11 09:32:35,38,41,132,132
2023-12-11 09:32:36,39,41,132,132
2023-12-11 09:32:37,38,41,132,132
2023-12-11 09:32:55,38,40,132,132
2023-12-11 09:32:56,38,41,132,132
2023-12-11 09:32:57,37,41,132,132
2023-12-11 09:32:57,37,40,132,132
2023-12-11 09:33:04,37,41,132,132
2023-12-11 09:33:04,37,40,132,132
2023-12-11 09:33:07,38,41,132,132
2023-12-11 09:33:10,39,41,132,132
2023-12-11 09:33:12,39,42,132,132
2023-12-11 09:33:16,40,42,132,132
2023-12-11 09:33:16,40,43,132,132
2023-12-11 09:33:20,40,42,132,132
2023-12-11 09:33:21,40,43,132,132
2023-12-11 09:33:31,41,43,132,132
2023-12-11 09:33:48,40,43,132,132
2023-12-11 09:33:48,40,42,132,132
2023-12-11 09:33:51,40,43,132,132
2023-12-11 09:33:51,41,43,132,132
2023-12-11 09:33:57,41,44,132,132
2023-12-11 09:33:57,43,44,132,132
2023-12-11 09:34:05,42,44,132,132
2023-12-11 09:34:06,43,44,132,132
2023-12-11 09:34:07,43,45,132,132
2023-12-11 09:34:10,44,45,132,132
2023-12-11 09:34:16,44,46,132,132
2023-12-11 09:34:17,45,46,132,132
2023-12-11 09:34:20,45,47,132,132
2023-12-11 09:34:48,44,47,132,132
2023-12-11 09:34:48,44,46,132,132
2023-12-11 09:34:50,43,46,132,132
2023-12-11 09:34:50,43,45,132,132
2023-12-11 09:34:51,43,46,132,132
2023-12-11 09:34:52,43,45,132,132
2023-12-11 09:34:53,42,45,132,132
2023-12-11 09:34:54,42,44,132,132
2023-12-11 09:34:54,41,44,132,132
2023-12-11 09:34:56,41,43,132,132
2023-12-11 09:35:06,41,44,132,132
2023-12-11 09:35:07,41,43,132,132
2023-12-11 09:35:08,41,44,132,132
2023-12-11 09:35:14,42,44,132,132
2023-12-11 09:35:15,42,45,132,132
2023-12-11 09:35:16,41,45,132,132
2023-12-11 09:35:19,41,45,132,132
2023-12-11 09:35:19,41,44,132,132
2023-12-11 09:35:25,41,43,132,132
2023-12-11 09:35:25,41,42,132,132
2023-12-11 09:35:28,40,42,132,132
2023-12-11 09:35:30,40,41,132,132
2023-12-11 09:35:34,40,42,132,132
2023-12-11 09:35:35,40,41,132,132
2023-12-11 09:35:37,40,42,132,132
2023-12-11 09:35:40,40,41,132,132
2023-12-11 09:35:41,39,41,132,132
2023-12-11 09:35:45,39,42,132,132
2023-12-11 09:35:53,39,41,132,132
2023-12-11 09:35:55,39,40,132,132
2023-12-11 09:35:57,38,40,132,132
2023-12-11 09:36:04,38,41,132,132
2023-12-11 09:36:04,39,41,132,132
2023-12-11 09:36:05,38,41,132,132
2023-12-11 09:36:06,39,41,132,132
2023-12-11 09:36:10,39,42,132,132
2023-12-11 09:36:11,40,42,132,132
2023-12-11 09:36:18,39,42,132,132
2023-12-11 09:36:19,40,42,132,132
2023-12-11 09:36:24,39,42,132,132
2023-12-11 09:36:30,40,42,132,132
2023-12-11 09:36:32,40,43,132,132
2023-12-11 09:36:32,41,43,132,132
2023-12-11 09:36:34,40,43,132,132
2023-12-11 09:36:36,41,43,132,132
2023-12-11 09:36:40,41,44,327,332
2023-12-11 09:36:42,42,44,327,332
2023-12-11 09:36:53,42,45,327,332
2023-12-11 09:36:56,43,45,327,332
2023-12-11 09:37:09,43,46,327,332
2023-12-11 09:37:10,44,46,327,332
2023-12-11 09:37:13,45,46,327,332
2023-12-11 09:37:15,45,47,327,332
2023-12-11 09:37:17,46,47,327,332
2023-12-11 09:37:18,45,47,327,332
2023-12-11 09:37:19,46,47,327,332
2023-12-11 09:37:23,46,48,327,332
2023-12-11 09:37:47,45,48,327,332
2023-12-11 09:37:50,45,47,327,332
2023-12-11 09:37:52,44,47,327,332
2023-12-11 09:37:55,44,46,327,332
2023-12-11 09:37:58,43,46,327,332
2023-12-11 09:37:59,44,46,327,332
2023-12-11 09:38:07,45,46,327,332
2023-12-11 09:38:07,45,47,327,332
2023-12-11 09:38:07,45,48,327,332
2023-12-11 09:38:09,46,48,327,332
2023-12-11 09:38:21,47,48,327,332
2023-12-11 09:38:27,46,48,327,332
2023-12-11 09:38:33,46,48,882,887
2023-12-11 09:38:35,47,48,882,887
2023-12-11 09:38:35,47,49,882,887
2023-12-11 09:38:57,48,49,882,887
2023-12-11 09:39:14,47,49,882,887
2023-12-11 09:39:18,48,49,882,887
2023-12-11 09:39:19,47,49,882,887
2023-12-11 09:39:23,48,49,882,887
2023-12-11 09:39:25,47,49,882,887
2023-12-11 09:39:33,48,49,882,887
2023-12-11 09:39:44,48,50,882,887
2023-12-11 09:39:44,49,50,882,887
2023-12-11 09:39:52,48,50,882,887
2023-12-11 09:39:54,49,50,882,887
2023-12-11 09:39:58,48,50,882,887
2023-12-11 09:40:06,48,49,882,887
2023-12-11 09:40:06,47,49,882,887
2023-12-11 09:40:06,47,48,882,887
2023-12-11 09:40:13,48,50,882,1067
2023-12-11 09:40:20,47,50,882,1067
2023-12-11 09:40:20,49,50,882,1067
2023-12-11 09:40:21,47,50,882,1067
2023-12-11 09:40:21,48,50,882,1067
2023-12-11 09:40:22,47,50,882,1067
2023-12-11 09:40:22,49,50,882,1067
2023-12-11 09:40:26,47,50,882,1067
2023-12-11 09:40:26,48,50,882,1067
2023-12-11 09:40:33,48,49,882,1067
2023-12-11 09:40:33,47,49,882,1067
2023-12-11 09:40:42,48,49,882,1067
2023-12-11 09:40:46,48,50,882,1067
2023-12-11 09:41:02,47,50,882,1067
2023-12-11 09:41:02,49,50,882,1067
2023-12-11 09:41:03,49,50,882,1127
2023-12-11 09:41:11,48,50,882,1127
2023-12-11 09:41:12,49,50,882,1127
2023-12-11 09:41:39,49,50,882,1242
2023-12-11 09:41:56,48,50,882,1242
2023-12-11 09:42:03,47,50,882,1242
2023-12-11 09:42:03,47,49,882,1242
2023-12-11 09:42:07,46,49,882,1242
2023-12-11 09:42:09,47,49,882,1242
2023-12-11 09:42:26,47,50,882,1242
2023-12-11 09:42:26,48,50,882,1242
2023-12-11 09:42:34,47,50,882,1242
2023-12-11 09:42:38,48,50,882,1242
2023-12-11 09:42:43,49,50,882,1242
2023-12-11 09:42:44,48,50,882,1242
2023-12-11 09:42:49,49,50,882,1242
2023-12-11 09:42:51,48,50,882,1242
2023-12-11 09:42:52,49,50,882,1242
2023-12-11 09:42:53,48,50,882,1242
2023-12-11 09:43:02,47,50,882,1242
2023-12-11 09:43:09,47,49,882,1242
2023-12-11 09:43:15,48,49,882,1242
2023-12-11 09:43:15,48,50,882,1242
2023-12-11 09:43:22,47,50,882,1242
2023-12-11 09:43:22,47,49,882,1242
2023-12-11 09:43:27,47,50,882,1242
2023-12-11 09:43:32,47,49,882,1242
2023-12-11 09:43:38,47,50,882,1242
2023-12-11 09:43:38,48,50,882,1242
2023-12-11 09:43:39,47,50,882,1242
2023-12-11 09:43:41,47,49,882,1242
2023-12-11 09:43:49,47,48,882,1242
2023-12-11 09:43:51,47,48,882,1350
2023-12-11 09:43:53,47,49,882,1350
2023-12-11 09:43:59,46,49,882,1350
2023-12-11 09:44:00,47,49,882,1350
2023-12-11 09:44:01,46,49,882,1350
2023-12-11 09:44:02,46,48,882,1350
2023-12-11 09:44:11,46,49,882,1350
2023-12-11 09:44:13,47,49,882,1350
2023-12-11 09:44:19,47,50,882,1350
2023-12-11 09:44:24,47,49,882,1350
2023-12-11 09:44:26,46,49,882,1350
2023-12-11 09:44:46,47,49,882,1350
2023-12-11 09:44:47,46,49,882,1350
2023-12-11 09:44:48,47,49,882,1350
2023-12-11 09:44:49,46,49,882,1350
2023-12-11 09:44:52,47,49,882,1350
2023-12-11 09:44:53,46,49,882,1350
2023-12-11 09:45:03,46,48,882,1350
2023-12-11 09:45:05,46,49,882,1350
2023-12-11 09:45:07,47,49,882,1350
2023-12-11 09:45:11,46,49,882,1350
2023-12-11 09:45:16,47,49,882,1350
2023-12-11 09:45:18,47,50,882,1350
2023-12-11 09:45:18,47,49,882,1350
2023-12-11 09:45:18,47,50,882,1350
2023-12-11 09:45:21,47,49,882,1350
2023-12-11 09:45:23,47,50,882,1350
2023-12-11 09:45:36,48,50,882,1350
2023-12-11 09:46:06,47,50,882,1350
2023-12-11 09:46:07,48,50,882,1350
2023-12-11 09:46:23,49,50,882,1350
2023-12-11 09:46:24,48,50,882,1350
2023-12-11 09:46:33,49,50,882,1350
2023-12-11 09:46:39,48,50,882,1350
2023-12-11 09:46:52,47,50,882,1350
2023-12-11 09:46:52,47,49,882,1350
2023-12-11 09:46:52,47,48,882,1350
2023-12-11 09:46:52,47,48,887,1355
2023-12-11 09:46:54,46,48,887,1355
2023-12-11 09:46:56,47,48,887,1355
2023-12-11 09:46:58,46,48,887,1355
2023-12-11 09:47:10,47,48,887,1355
2023-12-11 09:47:21,48,50,887,1410
2023-12-11 09:47:25,47,50,887,1410
2023-12-11 09:47:32,48,50,887,1410
2023-12-11 09:47:35,47,50,887,1410
2023-12-11 09:47:40,48,50,887,1410
2023-12-11 09:47:56,49,50,887,1410
2023-12-11 09:48:01,48,50,887,1410
2023-12-11 09:48:10,49,50,887,1410
2023-12-11 09:48:17,48,50,887,1410
2023-12-11 09:48:40,47,50,887,1410
2023-12-11 09:48:42,48,50,887,1410
2023-12-11 09:48:43,47,50,887,1410
2023-12-11 09:48:46,47,49,887,1410
2023-12-11 09:49:03,47,50,887,1410
2023-12-11 09:49:06,48,50,887,1410
2023-12-11 09:49:07,47,50,887,1410
2023-12-11 09:49:07,48,50,887,1410
2023-12-11 09:49:18,49,50,887,1410
2023-12-11 09:49:18,49,50,887,1415
2023-12-11 09:49:23,48,50,887,1415
2023-12-11 09:49:42,47,50,887,1415
2023-12-11 09:49:50,47,49,887,1415
2023-12-11 09:50:02,47,50,887,1415
2023-12-11 09:50:04,48,50,887,1415
2023-12-11 09:50:05,47,50,887,1415
2023-12-11 09:50:12,47,50,987,1515
2023-12-11 09:50:15,48,50,987,1515
2023-12-11 09:50:16,47,50,987,1515
2023-12-11 09:50:18,48,50,987,1515
2023-12-11 09:50:27,49,50,987,1515
2023-12-11 09:50:36,49,50,1554,2082
2023-12-11 09:50:50,49,50,2109,2637
2023-12-11 09:50:57,48,50,2109,2637
2023-12-11 09:51:17,49,50,2109,2637
2023-12-11 09:51:20,48,50,2109,2637
2023-12-11 09:51:31,47,50,2109,2637
2023-12-11 09:51:31,47,49,2109,2637
2023-12-11 09:51:40,47,50,2109,2637
2023-12-11 09:51:52,48,50,2109,2637
2023-12-11 09:51:53,47,50,2109,2637
2023-12-11 09:51:54,48,50,2109,2637
2023-12-11 09:51:56,47,50,2109,2637
2023-12-11 09:51:57,48,50,2109,2637
2023-12-11 09:51:58,47,50,2109,2637
2023-12-11 09:52:00,48,50,2109,2637
2023-12-11 09:52:04,47,50,2109,2637
2023-12-11 09:52:11,48,50,2109,2637
2023-12-11 09:52:27,47,50,2109,2637
2023-12-11 09:52:31,48,50,2109,2637
2023-12-11 09:52:38,47,50,2109,2637
2023-12-11 09:52:40,48,50,2109,2637
2023-12-11 09:52:42,47,50,2109,2637
2023-12-11 09:52:45,48,50,2109,2637
2023-12-11 09:53:09,49,50,2109,2637
2023-12-11 09:53:27,49,50,2109,2837
2023-12-11 09:53:48,48,50,2109,2837
2023-12-11 09:54:09,47,50,2109,2837
2023-12-11 09:54:35,47,49,2109,2837
2023-12-11 09:54:37,47,50,2109,2837
2023-12-11 09:54:40,47,49,2109,2837
2023-12-11 09:54:47,46,49,2109,2837
2023-12-11 09:54:49,47,49,2109,2837
2023-12-11 09:54:54,46,49,2109,2837
2023-12-11 09:54:55,47,49,2109,2837
2023-12-11 09:54:56,46,49,2109,2837
2023-12-11 09:54:58,47,49,2109,2837
2023-12-11 09:55:02,46,49,2109,2837
2023-12-11 09:55:03,46,48,2109,2837
2023-12-11 09:55:06,46,48,2182,2937
2023-12-11 09:55:11,46,49,2182,2937
2023-12-11 09:55:13,46,48,2182,2937
2023-12-11 09:55:16,46,47,2182,2937
2023-12-11 09:55:16,46,47,2309,3137
2023-12-11 09:55:16,44,47,2309,3137
2023-12-11 09:55:16,44,46,2309,3137
2023-12-11 09:55:17,44,45,2309,3137
2023-12-11 09:55:19,43,45,2382,3337
2023-12-11 09:55:19,43,44,2382,3337
2023-12-11 09:55:20,43,45,2382,3337
2023-12-11 09:55:21,44,45,2382,3337
2023-12-11 09:55:21,43,45,2582,3537
2023-12-11 09:55:33,44,45,2582,3537
2023-12-11 09:55:37,44,46,2582,3537
2023-12-11 09:55:41,43,46,2582,3537
2023-12-11 09:55:41,43,45,2582,3537
2023-12-11 09:55:43,44,45,2582,3537
2023-12-11 09:55:44,43,45,2582,3537
2023-12-11 09:55:45,44,45,2582,3537
2023-12-11 09:55:48,44,46,2582,3537
2023-12-11 09:55:54,44,45,2582,3537
2023-12-11 09:55:55,44,46,2582,3537
2023-12-11 09:55:57,44,45,2582,3537
2023-12-11 09:56:01,44,46,2582,3537
2023-12-11 09:56:06,44,45,2582,3537
2023-12-11 09:56:09,43,45,2582,3537
2023-12-11 09:56:16,44,45,2582,3537
2023-12-11 09:56:19,44,46,2582,3537
2023-12-11 09:56:25,45,46,2582,3537
2023-12-11 09:56:41,44,46,2582,3537
2023-12-11 09:56:49,45,46,2582,3537
2023-12-11 09:56:55,44,46,2582,3537
2023-12-11 09:57:00,44,45,2582,3537
2023-12-11 09:57:05,44,46,2582,3537
2023-12-11 09:57:07,44,45,2582,3537
2023-12-11 09:57:10,43,45,2582,3537
2023-12-11 09:57:14,43,46,2582,3537
2023-12-11 09:57:14,43,45,2582,3537
2023-12-11 09:57:14,43,44,2582,3537
2023-12-11 09:57:14,43,44,2652,3607
2023-12-11 09:57:15,43,45,2652,3607
2023-12-11 09:57:18,43,44,2652,3607
2023-12-11 09:57:20,43,44,2712,3667
2023-12-11 09:57:31,42,44,2712,3667
2023-12-11 09:57:31,42,43,2712,3667
2023-12-11 09:57:36,41,43,2712,3667
2023-12-11 09:57:37,41,42,2712,3667
2023-12-11 09:57:38,41,43,2712,3667
2023-12-11 09:57:43,41,42,2712,3667
2023-12-11 09:57:44,41,43,2712,3667
2023-12-11 09:57:55,42,43,2712,3667
2023-12-11 09:57:55,42,44,2712,3667
2023-12-11 09:58:05,42,45,2712,3667
2023-12-11 09:58:05,43,45,2712,3667
2023-12-11 09:58:12,44,45,2712,3667
2023-12-11 09:58:13,44,46,2712,3667
2023-12-11 09:58:22,45,46,2712,3667
2023-12-11 09:58:25,45,47,2772,3727
2023-12-11 09:58:27,46,47,2772,3727
2023-12-11 09:58:29,46,48,2772,3927
2023-12-11 09:58:29,46,49,2772,3927
2023-12-11 09:58:46,46,48,2772,3927
2023-12-11 09:58:47,46,49,2772,3927
2023-12-11 09:58:51,47,49,2772,3927
2023-12-11 09:59:00,48,49,2772,3927
2023-12-11 09:59:08,48,50,2772,3927
2023-12-11 09:59:10,49,50,2772,3927
2023-12-11 09:59:38,49,50,2972,4127
2023-12-11 09:59:41,49,51,3235,4390
2023-12-11 09:59:44,50,51,3235,4390
2023-12-11 09:59:56,50,52,3255,4410
2023-12-11 10:00:01,51,52,3255,4410
2023-12-11 10:00:01,51,53,3255,4410
2023-12-11 10:00:03,50,53,3255,4410
2023-12-11 10:00:05,50,52,3255,4410
2023-12-11 10:00:07,49,52,3255,4410
2023-12-11 10:00:08,49,51,3255,4410
2023-12-11 10:00:25,50,51,3255,4410
2023-12-11 10:00:26,49,51,3255,4410
2023-12-11 10:00:35,49,51,3610,4965
2023-12-11 10:00:35,49,52,3610,4965
2023-12-11 10:00:39,50,52,3610,4965
2023-12-11 10:00:44,50,53,3610,4965
2023-12-11 10:00:47,51,53,3610,4965
2023-12-11 10:00:48,50,53,3610,4965
2023-12-11 10:00:49,51,53,3610,4965
2023-12-11 10:01:19,50,53,3610,4965
2023-12-11 10:01:20,50,52,3610,4965
2023-12-11 10:01:22,49,52,3610,4965
2023-12-11 10:01:22,49,51,3610,4965
2023-12-11 10:01:26,49,52,3610,4965
2023-12-11 10:01:26,50,52,3610,4965
2023-12-11 10:01:50,51,52,3610,4965
2023-12-11 10:01:52,50,52,3797,5152
2023-12-11 10:01:52,51,52,3797,5152
2023-12-11 10:02:00,51,52,3910,5265
2023-12-11 10:02:01,50,52,3910,5265
2023-12-11 10:02:04,49,52,3910,5265
2023-12-11 10:02:04,49,51,3910,5265
2023-12-11 10:02:05,50,51,3910,5265
2023-12-11 10:02:06,49,51,3910,5265
2023-12-11 10:02:14,50,51,3910,5265
2023-12-11 10:02:16,49,51,3910,5265
2023-12-11 10:02:17,50,51,3910,5265
2023-12-11 10:02:41,49,51,3910,5265
2023-12-11 10:02:43,49,50,3910,5265
2023-12-11 10:02:54,48,49,3910,5267
2023-12-11 10:03:00,48,50,3910,5267
2023-12-11 10:03:05,48,49,3910,5267
2023-12-11 10:03:07,47,49,3910,5267
2023-12-11 10:03:11,47,48,3910,5267
2023-12-11 10:03:40,47,49,3910,5267
2023-12-11 10:03:40,48,49,3910,5267
2023-12-11 10:03:45,47,49,3910,5267
2023-12-11 10:03:45,47,48,3910,5267
2023-12-11 10:03:45,47,48,3910,5267
2023-12-11 10:03:52,48,49,3910,5422
2023-12-11 10:03:53,48,50,3910,5422
2023-12-11 10:03:57,47,50,3910,5422
2023-12-11 10:03:57,49,50,3910,5422
2023-12-11 10:04:20,48,50,3910,5422
2023-12-11 10:04:39,47,50,3910,5422
2023-12-11 10:04:39,48,50,3910,5422
2023-12-11 10:04:39,49,50,3910,5422
2023-12-11 10:05:03,49,50,3910,5522
2023-12-11 10:05:07,48,50,3910,5522
2023-12-11 10:05:11,49,50,3910,5522
2023-12-11 10:05:24,49,50,3912,5699
2023-12-11 10:05:29,49,51,3912,5699
2023-12-11 10:05:30,48,51,3912,5699
2023-12-11 10:05:30,49,51,3912,5699
2023-12-11 10:05:30,50,51,3912,5699
2023-12-11 10:05:50,50,52,3912,5699
2023-12-11 10:05:56,49,52,3912,5699
2023-12-11 10:05:56,50,52,3912,5699
2023-12-11 10:05:56,51,52,3912,5699
2023-12-11 10:05:57,51,53,3912,5699
2023-12-11 10:06:02,51,52,3912,5699
2023-12-11 10:06:04,51,53,3912,5699
2023-12-11 10:06:12,50,53,3912,5699
2023-12-11 10:06:12,52,53,3912,5699
2023-12-11 10:06:14,50,53,3912,5699
2023-12-11 10:06:14,51,53,3912,5699
2023-12-11 10:06:18,50,53,3912,5699
2023-12-11 10:06:18,52,53,3912,5699
2023-12-11 10:06:25,50,53,3912,5699
2023-12-11 10:06:25,51,53,3912,5699
2023-12-11 10:06:31,50,53,3912,5699
2023-12-11 10:06:31,52,53,3912,5699
2023-12-11 10:08:58,52,54,3912,5699
2023-12-11 10:08:58,53,54,3912,5699
2023-12-11 10:08:59,52,54,3912,5699
2023-12-11 10:09:51,53,54,3912,5699
2023-12-11 10:10:15,52,54,3912,5699
2023-12-11 10:10:17,53,54,3912,5699
2023-12-11 10:10:18,52,54,3912,5699
2023-12-11 10:10:37,52,53,3912,5699
2023-12-11 10:10:42,52,54,3912,5699
2023-12-11 10:10:48,52,53,3912,5699
2023-12-11 10:10:48,51,53,3912,5699
2023-12-11 10:10:49,52,53,3912,5699
2023-12-11 10:10:51,50,53,3912,5699
2023-12-11 10:10:51,51,53,3912,5699
2023-12-11 10:10:52,50,53,3912,5699
2023-12-11 10:10:52,51,53,3912,5699
2023-12-11 10:10:52,52,53,3912,5699
2023-12-11 10:10:56,52,54,3912,5699
2023-12-11 10:11:13,52,53,3912,5699
2023-12-11 10:11:26,52,54,3912,5699
2023-12-11 10:11:29,52,53,3912,5699
2023-12-11 10:11:30,52,54,3912,5699
2023-12-11 10:11:40,51,54,3912,5699
2023-12-11 10:11:40,53,54,3912,5699
2023-12-11 10:12:05,51,54,3912,5699
2023-12-11 10:12:05,52,54,3912,5699
2023-12-11 10:12:06,51,54,3912,5699
2023-12-11 10:12:06,53,54,3912,5699
2023-12-11 10:13:44,53,55,3912,5699
2023-12-11 10:13:44,54,55,3912,5699
2023-12-11 10:13:59,54,55,4467,6254
2023-12-11 10:13:59,53,55,4467,6254
2023-12-11 10:14:00,54,55,4467,6254
2023-12-11 10:14:42,53,55,4467,6254
2023-12-11 10:14:46,54,55,4467,6254
2023-12-11 10:15:06,53,55,4467,6254
2023-12-11 10:15:07,54,55,4467,6254
2023-12-11 10:15:43,53,55,4467,6254
2023-12-11 10:15:50,54,55,4467,6254
2023-12-11 10:16:05,53,55,4467,6254
2023-12-11 10:16:06,54,55,4467,6254
2023-12-11 10:16:19,53,55,4467,6254
2023-12-11 10:16:20,54,55,4467,6254
2023-12-11 10:16:40,53,55,4467,6254
2023-12-11 10:16:49,54,55,4467,6254
2023-12-11 10:17:41,53,55,4467,6254
2023-12-11 10:17:46,53,54,4467,6254
2023-12-11 10:17:49,52,54,4467,6254
2023-12-11 10:17:49,52,54,4467,6254
2023-12-11 10:17:50,51,54,4467,6254
2023-12-11 10:17:50,52,54,4467,6254
2023-12-11 10:17:50,53,54,4467,6254
2023-12-11 10:18:02,51,54,4467,6254
2023-12-11 10:18:02,52,54,4467,6254
2023-12-11 10:18:17,52,53,4467,6254
2023-12-11 10:18:42,52,54,4467,6254
2023-12-11 10:18:42,53,54,4467,6254
2023-12-11 10:18:53,53,55,4467,6254
2023-12-11 10:18:55,52,55,4467,6254
2023-12-11 10:18:55,54,55,4467,6254
2023-12-11 10:20:07,54,55,4467,6279
2023-12-11 10:20:21,54,55,4667,6479
2023-12-11 10:20:25,54,56,5187,6999
2023-12-11 10:21:04,55,56,5187,6999
2023-12-11 10:21:09,54,56,5187,6999
2023-12-11 10:21:13,55,56,5187,6999
2023-12-11 10:21:36,54,56,5187,6999
2023-12-11 10:22:14,54,55,5187,6999
2023-12-11 10:22:16,54,56,5187,6999
2023-12-11 10:22:19,54,55,5187,6999
2023-12-11 10:22:27,54,56,5187,6999
2023-12-11 10:22:28,54,55,5187,6999
2023-12-11 10:22:29,54,56,5187,6999
2023-12-11 10:22:39,54,55,5187,6999
2023-12-11 10:23:20,52,54,5187,7001
2023-12-11 10:23:31,52,55,5187,7001
2023-12-11 10:23:41,53,55,5187,7001
2023-12-11 10:23:50,53,56,5187,7001
2023-12-11 10:23:51,54,56,5187,7001
2023-12-11 10:23:52,53,56,5187,7001
2023-12-11 10:23:54,54,56,5187,7001
2023-12-11 10:24:16,53,56,5187,7001
2023-12-11 10:24:22,53,55,5187,7001
2023-12-11 10:24:23,53,56,5187,7001
2023-12-11 10:24:32,54,56,5187,7001
2023-12-11 10:24:33,53,56,5187,7001
2023-12-11 10:24:49,53,55,5187,7001
2023-12-11 10:24:51,52,55,5187,7001
2023-12-11 10:24:53,53,55,5187,7001
2023-12-11 10:25:00,52,55,5187,7001
2023-12-11 10:25:02,53,55,5187,7001
2023-12-11 10:25:06,53,56,5187,7001
2023-12-11 10:25:12,53,55,5187,7001
2023-12-11 10:25:14,52,55,5187,7001
2023-12-11 10:25:16,52,54,5187,7001
2023-12-11 10:25:22,52,55,5187,7001
2023-12-11 10:25:39,53,55,5187,7001
2023-12-11 10:25:40,52,55,5187,7001
2023-12-11 10:25:41,53,55,5187,7001
2023-12-11 10:25:49,52,55,5187,7001
2023-12-11 10:25:58,52,54,5187,7001
2023-12-11 10:27:13,52,55,5187,7001
2023-12-11 10:27:32,53,55,5187,7001
2023-12-11 10:27:43,53,56,5187,7001
2023-12-11 10:27:47,54,56,5187,7001
2023-12-11 10:27:47,55,56,5187,7001
2023-12-11 10:27:52,53,56,5187,7001
2023-12-11 10:27:53,54,56,5187,7001
2023-12-11 10:27:54,54,55,5187,7001
2023-12-11 10:27:54,53,55,5187,7001
2023-12-11 10:28:00,53,56,5187,7001
2023-12-11 10:28:02,53,55,5187,7001
2023-12-11 10:28:03,52,55,5187,7001
2023-12-11 10:28:09,52,54,5187,7001
2023-12-11 10:28:12,52,54,5187,7003
2023-12-11 10:28:23,53,54,5187,7003
2023-12-11 10:29:38,52,53,5187,7005
2023-12-11 10:29:39,51,53,5187,7005
2023-12-11 10:30:17,51,52,5187,7005
2023-12-11 10:30:20,51,53,5187,7005
2023-12-11 10:30:30,51,52,5187,7005
2023-12-11 10:30:31,51,53,5187,7005
2023-12-11 10:30:34,51,52,5187,7005
2023-12-11 10:30:36,51,53,5187,7005
2023-12-11 10:30:36,51,52,5187,7005
2023-12-11 10:30:37,51,53,5187,7005
2023-12-11 10:31:16,51,54,5187,7005
2023-12-11 10:31:24,52,54,5187,7005
2023-12-11 10:31:30,51,54,5187,7005
2023-12-11 10:31:43,51,53,5187,7005
2023-12-11 10:31:44,51,54,5187,7005
2023-12-11 10:31:47,51,53,5187,7005
2023-12-11 10:31:48,51,54,5187,7005
2023-12-11 10:31:51,51,53,5187,7005
2023-12-11 10:32:11,51,54,5187,7005
2023-12-11 10:32:23,52,54,5187,7005
2023-12-11 10:32:27,51,54,5187,7005
2023-12-11 10:32:30,52,54,5187,7005
2023-12-11 10:32:43,52,55,5187,7005
2023-12-11 10:32:47,53,55,5187,7005
2023-12-11 10:32:56,53,56,5187,7005
2023-12-11 10:32:57,54,56,5187,7005
2023-12-11 10:33:13,54,57,5187,7005
2023-12-11 10:33:13,55,57,5187,7005
2023-12-11 10:33:25,56,57,5187,7005
2023-12-11 10:33:29,56,58,5187,7005
2023-12-11 10:33:38,57,58,5187,7005
2023-12-11 10:33:52,56,58,5187,7005
2023-12-11 10:33:52,57,58,5187,7005
2023-12-11 10:33:53,56,58,5187,7005
2023-12-11 10:33:57,57,58,5187,7005
2023-12-11 10:34:25,57,59,5187,7005
2023-12-11 10:34:26,58,59,5187,7005
2023-12-11 10:34:26,57,59,5187,7005
2023-12-11 10:34:27,58,59,5187,7005
2023-12-11 10:34:27,57,59,5187,7005
2023-12-11 10:34:28,58,59,5187,7005
2023-12-11 10:34:36,57,59,5187,7005
2023-12-11 10:34:38,58,59,5187,7005
2023-12-11 10:34:41,57,59,5187,7005
2023-12-11 10:34:44,58,59,5187,7005
2023-12-11 10:36:09,58,60,5187,7005
2023-12-11 10:36:09,59,60,5187,7005
2023-12-11 10:36:21,59,60,5187,7006
2023-12-11 10:37:04,58,59,5187,7008
2023-12-11 10:37:05,58,60,5187,7008
2023-12-11 10:37:07,58,59,5187,7008
2023-12-11 10:37:25,56,58,5187,7010
2023-12-11 10:37:26,56,59,5187,7010
2023-12-11 10:37:34,57,59,5187,7010
2023-12-11 10:37:35,57,60,5187,7010
2023-12-11 10:37:40,57,59,5187,7010
2023-12-11 10:37:42,56,59,5187,7010
2023-12-11 10:37:45,57,59,5187,7010
2023-12-11 10:37:46,56,59,5187,7010
2023-12-11 10:37:48,57,59,5187,7010
2023-12-11 10:37:51,56,59,5187,7010
2023-12-11 10:37:54,56,58,5187,7010
2023-12-11 10:38:09,56,58,5687,8010
2023-12-11 10:38:15,56,59,5687,8010
2023-12-11 10:38:17,56,58,5687,8010
2023-12-11 10:38:20,56,59,5687,8010
2023-12-11 10:38:20,57,59,5687,8010
2023-12-11 10:38:35,57,58,5687,8010
2023-12-11 10:38:36,56,58,5687,8010
2023-12-11 10:38:41,57,58,5687,8010
2023-12-11 10:38:50,56,58,5687,8010
2023-12-11 10:39:03,56,57,5687,8010
2023-12-11 10:39:05,56,58,5687,8010
2023-12-11 10:39:10,56,57,5687,8010
2023-12-11 10:39:11,56,58,5687,8010
2023-12-11 10:39:15,57,58,5687,8010
2023-12-11 10:39:30,57,58,5337,8360
2023-12-11 10:40:21,56,58,5337,8360
2023-12-11 10:40:27,57,58,5337,8360
2023-12-11 10:40:31,56,58,5337,8360
2023-12-11 10:40:42,57,58,5337,8360
2023-12-11 10:40:53,56,58,5337,8360
2023-12-11 10:41:04,57,58,5337,8360
2023-12-11 10:41:05,56,58,5337,8360
2023-12-11 10:41:15,56,57,5337,8360
2023-12-11 10:41:36,56,57,5339,8365
2023-12-11 10:41:45,55,57,5339,8365
2023-12-11 10:41:51,55,56,5339,8365
2023-12-11 10:41:53,55,57,5339,8365
2023-12-11 10:41:55,55,56,5339,8365
2023-12-11 10:41:55,55,57,5339,8365
2023-12-11 10:41:56,55,56,5339,8365
2023-12-11 10:41:57,55,57,5339,8365
2023-12-11 10:41:58,55,56,5339,8365
2023-12-11 10:42:00,55,57,5339,8365
2023-12-11 10:42:02,55,56,5339,8365
2023-12-11 10:42:03,55,57,5339,8365
2023-12-11 10:42:04,55,56,5339,8365
2023-12-11 10:42:07,54,56,5339,8365
2023-12-11 10:42:11,55,56,5339,8365
2023-12-11 10:42:17,54,56,5339,8365
2023-12-11 10:42:21,55,56,5339,8365
2023-12-11 10:42:30,54,56,5339,8365
2023-12-11 10:42:37,55,56,5339,8365
2023-12-11 10:42:47,55,57,5339,8365
2023-12-11 10:42:47,56,57,5339,8365
2023-12-11 10:42:53,55,57,5339,8365
2023-12-11 10:42:57,56,57,5339,8365
2023-12-11 10:43:03,56,58,5339,8365
2023-12-11 10:43:03,55,58,5339,8365
2023-12-11 10:43:03,57,58,5339,8365
2023-12-11 10:43:07,56,58,5339,8365
2023-12-11 10:43:08,57,58,5339,8365
2023-12-11 10:43:23,57,59,5339,8365
2023-12-11 10:43:23,58,59,5339,8365
2023-12-11 10:44:08,58,60,5339,8365
2023-12-11 10:44:09,59,60,5339,8365
2023-12-11 10:44:12,58,60,5339,8365
2023-12-11 10:44:12,58,59,5339,8365
2023-12-11 10:44:13,58,60,5339,8365
2023-12-11 10:44:14,58,59,5339,8365
2023-12-11 10:44:26,58,60,5339,8365
2023-12-11 10:44:37,58,59,5339,8365
2023-12-11 10:44:38,58,60,5339,8365
2023-12-11 10:44:39,58,59,5339,8365
2023-12-11 10:44:52,58,61,7148,10365
2023-12-11 10:44:56,58,60,7148,10365
2023-12-11 10:44:57,59,60,7148,10365
2023-12-11 10:45:02,59,61,7148,10365
2023-12-11 10:45:02,59,60,7148,10365
2023-12-11 10:45:02,58,60,7148,10367
2023-12-11 10:45:02,58,59,7148,10367
2023-12-11 10:45:04,58,60,7148,10367
2023-12-11 10:45:06,58,61,7148,10367
2023-12-11 10:45:08,59,61,7148,10367
2023-12-11 10:45:30,60,61,7148,10367
2023-12-11 10:45:51,60,62,7148,10367
2023-12-11 10:46:02,61,62,7148,10367
2023-12-11 10:46:03,60,62,7148,10367
2023-12-11 10:46:07,61,62,7148,10367
2023-12-11 10:46:40,61,63,7148,10367
2023-12-11 10:47:01,62,63,7148,10367
2023-12-11 10:47:07,62,64,7148,10367
2023-12-11 10:47:12,63,64,7148,10367
2023-12-11 10:48:02,63,65,7148,10367
2023-12-11 10:48:04,64,65,7148,10367
2023-12-11 10:52:01,64,65,7148,10427
2023-12-11 10:52:08,64,65,7148,10452
2023-12-11 10:52:08,64,65,7148,10502
2023-12-11 10:52:19,64,65,7148,10562
2023-12-11 10:52:20,64,65,7148,10622
2023-12-11 10:52:27,64,65,7148,10801
2023-12-11 10:52:30,64,65,7148,10933
2023-12-11 10:54:46,64,65,7148,11053
2023-12-11 10:54:46,63,65,7148,11514
2023-12-11 10:55:10,63,64,7148,11514
2023-12-11 10:55:10,63,65,7148,11514
2023-12-11 10:55:15,63,64,7148,11514
2023-12-11 10:55:17,63,65,7148,11514
2023-12-11 10:55:17,63,64,7148,11514
2023-12-11 10:55:22,63,65,7148,11514
2023-12-11 10:55:23,63,64,7148,11514
2023-12-11 10:55:27,63,65,7148,11514
2023-12-11 10:56:24,64,65,7148,11514
2023-12-11 10:56:29,63,65,7148,11514
2023-12-11 10:57:10,63,64,7148,11514
2023-12-11 10:57:11,63,65,7148,11514
2023-12-11 10:57:11,63,64,7148,11514
2023-12-11 10:57:18,63,65,7148,11514
2023-12-11 10:57:20,63,64,7148,11514
2023-12-11 10:57:46,63,65,7148,11514
2023-12-11 10:57:46,63,64,7148,11514
2023-12-11 10:57:53,63,65,7148,11514
2023-12-11 10:57:53,63,64,7148,11514
2023-12-11 10:57:53,63,65,7148,11514
2023-12-11 10:58:14,63,64,7148,11514
2023-12-11 10:58:17,63,65,7148,11514
2023-12-11 10:58:17,63,64,7148,11514
2023-12-11 10:58:18,63,65,7148,11514
2023-12-11 10:58:19,63,64,7148,11514
2023-12-11 10:58:23,63,65,7148,11514
2023-12-11 10:58:24,63,64,7148,11514
2023-12-11 10:58:26,63,65,7148,11514
2023-12-11 10:58:26,63,64,7148,11514
2023-12-11 10:58:27,63,65,7148,11514
2023-12-11 10:58:27,63,64,7148,11514
2023-12-11 10:58:30,63,65,7148,11514
2023-12-11 10:58:30,63,64,7148,11514
2023-12-11 10:58:32,63,65,7148,11514
2023-12-11 10:58:32,63,64,7148,11514
2023-12-11 10:58:32,63,65,7878,12514
2023-12-11 10:58:33,64,65,7878,12514
2023-12-11 10:58:33,64,65,7850,12672
2023-12-11 10:59:16,63,65,7850,12672
2023-12-11 11:00:12,63,64,7850,12672
2023-12-11 11:00:15,63,65,7850,12672
2023-12-11 11:00:15,63,64,7850,12672
2023-12-11 11:00:19,63,65,7850,12672
2023-12-11 11:00:20,63,64,7850,12672
2023-12-11 11:00:24,63,65,7850,12672
2023-12-11 11:00:31,63,64,7850,12672
2023-12-11 11:00:34,63,65,7850,12672
2023-12-11 11:00:55,64,65,7850,12672
2023-12-11 11:01:03,65,66,7850,12675
2023-12-11 11:01:03,65,66,7850,12795
2023-12-11 11:01:03,64,66,7850,12795
2023-12-11 11:01:04,65,66,7850,12795
2023-12-11 11:01:04,64,66,7850,12795
2023-12-11 11:01:04,65,66,7850,12795
2023-12-11 11:01:05,64,66,7850,12795
2023-12-11 11:01:06,65,66,7850,12795
2023-12-11 11:01:08,64,66,7850,12795
2023-12-11 11:01:10,65,66,7850,12795
2023-12-11 11:01:15,64,66,7850,12795
2023-12-11 11:01:43,65,66,7850,12795
2023-12-11 11:01:44,64,66,7850,12795
2023-12-11 11:01:49,65,66,7850,12795
2023-12-11 11:01:50,64,66,7850,12795
2023-12-11 11:01:50,65,66,7850,12795
2023-12-11 11:01:51,64,66,7850,12795
2023-12-11 11:02:03,65,66,7850,12795
2023-12-11 11:02:06,64,66,7850,12795
2023-12-11 11:02:10,65,66,7850,12795
2023-12-11 11:02:21,64,66,7850,12795
2023-12-11 11:04:08,64,65,7850,12795
2023-12-11 11:04:09,64,66,7850,12795
2023-12-11 11:04:11,64,65,7850,12795
2023-12-11 11:04:12,64,66,7850,12795
2023-12-11 11:04:12,64,65,7850,12795
2023-12-11 11:04:13,64,66,7850,12795
2023-12-11 11:05:23,63,66,7850,12795
2023-12-11 11:06:06,63,65,7850,12795
2023-12-11 11:06:14,62,65,7850,12795
2023-12-11 11:06:15,62,64,7850,12795
2023-12-11 11:06:19,62,63,7850,12795
2023-12-11 11:06:19,61,63,7850,12795
2023-12-11 11:06:20,61,64,7850,12795
2023-12-11 11:06:23,62,64,7850,12795
2023-12-11 11:06:33,62,65,7850,12795
2023-12-11 11:06:35,63,65,7850,12795
2023-12-11 11:06:37,62,65,7850,12795
2023-12-11 11:06:38,63,65,7850,12795
2023-12-11 11:06:53,62,65,7850,12795
2023-12-11 11:07:01,63,65,7850,12795
2023-12-11 11:07:36,64,65,7850,12795
2023-12-11 11:07:37,64,66,7850,12795
2023-12-11 11:08:08,63,66,7850,12795
2023-12-11 11:08:14,63,65,7850,12795
2023-12-11 11:09:15,63,64,7850,12795
2023-12-11 11:09:21,63,65,7850,12795
2023-12-11 11:09:21,63,64,7850,12795
2023-12-11 11:09:23,62,64,7850,12795
2023-12-11 11:09:26,62,65,7850,12795
2023-12-11 11:09:29,62,64,7850,12795
2023-12-11 11:09:32,61,64,7850,12795
2023-12-11 11:09:32,61,63,7850,12795
2023-12-11 11:09:42,62,63,7850,12795
2023-12-11 11:09:42,62,64,7850,12795
2023-12-11 11:09:52,61,64,7850,12795
2023-12-11 11:10:05,61,63,7850,12795
2023-12-11 11:10:29,61,62,7850,12795
2023-12-11 11:10:33,61,63,7850,12795
2023-12-11 11:10:44,60,63,7850,12795
2023-12-11 11:10:50,60,62,7850,12795
2023-12-11 11:11:01,60,62,7500,13145
2023-12-11 11:11:02,60,61,7500,13145
2023-12-11 11:11:02,59,61,7500,13145
2023-12-11 11:11:51,60,61,7500,13145
2023-12-11 11:12:01,60,62,7500,13145
2023-12-11 11:12:02,61,62,7500,13145
2023-12-11 11:12:20,61,63,7500,13145
2023-12-11 11:12:37,61,62,7500,13145
2023-12-11 11:12:38,60,62,7500,13145
2023-12-11 11:12:53,59,62,7500,13145
2023-12-11 11:13:00,59,61,7500,13145
2023-12-11 11:13:13,58,61,7500,13145
2023-12-11 11:13:13,58,60,7500,13145
2023-12-11 11:13:38,57,58,7502,13147
2023-12-11 11:13:44,56,58,7502,13147
2023-12-11 11:14:19,56,57,7502,13147
2023-12-11 11:14:31,56,58,7502,13147
2023-12-11 11:14:33,56,57,7502,13147
2023-12-11 11:14:34,55,57,7502,13147
2023-12-11 11:15:16,55,56,7502,13147
2023-12-11 11:15:17,55,57,7502,13147
2023-12-11 11:15:26,55,58,7502,13147
2023-12-11 11:15:29,56,58,7502,13147
2023-12-11 11:15:49,55,58,7502,13147
2023-12-11 11:16:08,55,57,7502,13147
2023-12-11 11:16:12,55,58,7502,13147
2023-12-11 11:16:12,55,57,7502,13147
2023-12-11 11:16:15,55,58,7502,13147
2023-12-11 11:16:15,55,57,7502,13147
2023-12-11 11:16:15,55,56,7502,13147
2023-12-11 11:16:16,56,57,7502,13337
2023-12-11 11:16:17,56,58,7502,13337
2023-12-11 11:16:21,55,58,7502,13337
2023-12-11 11:16:31,56,58,7502,13337
2023-12-11 11:16:57,57,58,7502,13337
2023-12-11 11:17:10,56,58,7502,13337
2023-12-11 11:17:16,55,58,7502,13337
2023-12-11 11:17:18,56,58,7502,13337
2023-12-11 11:17:20,55,58,7502,13337
2023-12-11 11:17:28,55,57,7502,13337
2023-12-11 11:17:36,55,58,7502,13337
2023-12-11 11:17:49,55,57,7502,13337
2023-12-11 11:18:08,55,56,7502,13337
2023-12-11 11:18:09,55,57,7502,13337
2023-12-11 11:18:09,55,56,7502,13337
2023-12-11 11:18:15,55,57,7502,13337
2023-12-11 11:18:32,55,56,7502,13337
2023-12-11 11:18:35,55,57,7502,13337
2023-12-11 11:18:41,55,58,7502,13337
2023-12-11 11:18:48,56,58,7502,13337
2023-12-11 11:18:53,57,58,7502,13337
2023-12-11 11:18:53,56,58,7502,13337
2023-12-11 11:19:06,57,58,7502,13337
2023-12-11 11:19:21,56,58,7502,13337
2023-12-11 11:19:59,57,58,7502,13337
2023-12-11 11:20:06,56,58,7502,13337
2023-12-11 11:20:07,57,58,7502,13337
2023-12-11 11:20:08,56,58,7502,13337
2023-12-11 11:20:31,57,58,7502,13337
2023-12-11 11:20:40,56,57,7504,13339
2023-12-11 11:20:42,56,58,7504,13339
2023-12-11 11:20:43,56,57,7504,13339
2023-12-11 11:20:44,55,57,7504,13339
2023-12-11 11:20:46,55,58,7504,13339
2023-12-11 11:20:50,55,57,7504,13339
2023-12-11 11:20:52,55,58,7504,13339
2023-12-11 11:21:12,56,58,7504,13339
2023-12-11 11:21:12,56,57,7504,13339
2023-12-11 11:21:13,55,57,7504,13339
2023-12-11 11:21:56,55,56,7504,13339
2023-12-11 11:21:58,54,56,7504,13339
2023-12-11 11:21:58,54,55,7504,13339
2023-12-11 11:22:01,54,56,7504,13339
2023-12-11 11:22:02,54,55,7504,13339
2023-12-11 11:22:03,54,56,7504,13339
2023-12-11 11:22:09,54,55,7504,13339
2023-12-11 11:22:23,54,56,7504,13339
2023-12-11 11:22:28,55,56,7504,13339
2023-12-11 11:22:41,54,55,7506,13341
2023-12-11 11:22:46,54,56,7506,13341
2023-12-11 11:22:46,54,55,7506,13341
2023-12-11 11:22:49,54,56,7506,13341
2023-12-11 11:22:50,54,55,7506,13341
2023-12-11 11:22:50,54,56,7506,13341
2023-12-11 11:22:51,54,55,7506,13341
2023-12-11 11:22:53,54,56,7506,13341
2023-12-11 11:22:54,54,55,7506,13341
2023-12-11 11:22:54,54,56,7506,13341
2023-12-11 11:22:55,54,55,7506,13341
2023-12-11 11:22:57,54,57,7506,13341
2023-12-11 11:22:58,55,57,7506,13341
2023-12-11 11:22:59,56,57,7506,13341
2023-12-11 11:22:59,56,58,7506,13341
2023-12-11 11:23:21,57,58,7506,13341
2023-12-11 11:23:22,56,58,7506,13341
2023-12-11 11:23:27,57,58,7506,13341
2023-12-11 11:23:55,57,59,7564,13399
2023-12-11 11:23:59,58,59,7564,13399
2023-12-11 11:24:07,58,60,7564,13399
2023-12-11 11:24:07,59,60,7564,13399
2023-12-11 11:24:07,58,60,7564,13399
2023-12-11 11:24:09,59,60,7564,13399
2023-12-11 11:24:12,58,60,7564,13399
2023-12-11 11:24:15,59,60,7564,13399
2023-12-11 11:24:15,59,61,7564,13399
2023-12-11 11:24:36,58,61,7564,13399
2023-12-11 11:24:39,58,60,7564,13399
2023-12-11 11:24:47,58,61,7564,13399
2023-12-11 11:24:50,58,60,7564,13399
2023-12-11 11:24:59,58,61,7564,13399
2023-12-11 11:25:12,59,61,7564,13399
2023-12-11 11:25:30,60,61,7564,13399
2023-12-11 11:25:42,59,61,7564,13399
2023-12-11 11:25:42,60,61,7564,13399
2023-12-11 11:25:44,59,61,7564,13399
2023-12-11 11:25:51,59,62,7564,13399
2023-12-11 11:25:56,60,62,7564,13399
2023-12-11 11:26:21,61,62,7564,13399
2023-12-11 11:26:26,60,62,7564,13399
2023-12-11 11:26:49,60,62,7565,13400
2023-12-11 11:26:57,61,62,7565,13400
2023-12-11 11:27:03,61,63,7565,13400
2023-12-11 11:27:35,62,63,7565,13400
2023-12-11 11:27:37,62,64,7565,13400
2023-12-11 11:27:52,62,63,7565,13400
2023-12-11 11:27:55,62,64,7565,13400
2023-12-11 11:28:12,62,63,7565,13400
2023-12-11 11:28:14,62,64,7565,13400
2023-12-11 11:28:17,61,64,7565,13400
2023-12-11 11:28:19,61,63,7565,13400
2023-12-11 11:28:29,61,62,7565,13400
2023-12-11 11:28:45,61,63,7565,13400
2023-12-11 11:28:58,61,64,7565,13400
2023-12-11 11:29:00,61,63,7565,13400
2023-12-11 11:29:04,61,64,7565,13400
2023-12-11 11:29:14,62,64,7565,13400
2023-12-11 11:29:25,63,64,7565,13400
2023-12-11 11:29:26,62,64,7565,13400
2023-12-11 11:29:32,61,64,7565,13400
2023-12-11 11:29:37,61,63,7565,13400
2023-12-11 11:29:57,61,64,7565,13400
2023-12-11 11:30:08,62,64,7565,13400
2023-12-11 11:30:26,63,64,7565,13400
2023-12-11 11:30:27,62,64,7565,13400
2023-12-11 11:30:41,61,64,7565,13400
2023-12-11 11:30:43,62,64,7565,13400
2023-12-11 11:31:13,63,64,7565,13400
2023-12-11 11:31:14,62,64,7565,13400
2023-12-11 11:31:27,61,64,7565,13400
2023-12-11 11:31:28,61,64,8565,14400
2023-12-11 11:31:28,62,64,8565,14400
2023-12-11 11:31:44,61,64,8565,14400
2023-12-11 11:31:44,61,63,8565,14400
2023-12-11 11:31:45,61,62,8565,14400
2023-12-11 11:31:46,59,62,8566,14401
2023-12-11 11:31:46,59,61,8566,14401
2023-12-11 11:31:46,59,60,8566,14401
2023-12-11 11:31:47,58,60,8566,14401
2023-12-11 11:31:47,58,59,8566,14401
2023-12-11 11:31:48,57,59,8566,14401
2023-12-11 11:31:48,57,58,8566,14401
2023-12-11 11:31:51,57,58,8566,14601
2023-12-11 11:31:51,57,59,8566,14601
2023-12-11 11:31:53,58,59,8566,14601
2023-12-11 11:31:55,57,59,8566,14601
2023-12-11 11:32:03,57,58,8566,14601
2023-12-11 11:32:04,56,58,8566,14601
2023-12-11 11:32:04,56,57,8566,14601
2023-12-11 11:32:05,56,57,8566,14701
2023-12-11 11:32:05,54,57,8566,14701
2023-12-11 11:32:05,54,56,8566,14701
2023-12-11 11:32:09,54,55,8566,14701
2023-12-11 11:32:09,54,55,8566,14901
2023-12-11 11:32:10,52,55,8566,14901
2023-12-11 11:32:13,52,54,8566,14901
2023-12-11 11:32:13,52,54,8566,15101
2023-12-11 11:32:15,53,54,8566,15101
2023-12-11 11:32:15,53,55,8566,15101
2023-12-11 11:32:16,52,55,8566,15101
2023-12-11 11:32:16,52,54,8566,15101
2023-12-11 11:32:18,53,54,8566,15101
2023-12-11 11:32:20,52,54,8566,15101
2023-12-11 11:32:22,53,54,8566,15101
2023-12-11 11:32:24,53,55,8566,15101
2023-12-11 11:32:35,53,56,8566,15101
2023-12-11 11:32:35,54,56,8566,15101
2023-12-11 11:32:38,55,56,8566,15101
2023-12-11 11:32:39,55,57,8566,15101
2023-12-11 11:32:40,56,57,8566,15101
2023-12-11 11:32:41,57,58,8566,15151
2023-12-11 11:32:43,57,59,8566,15151
2023-12-11 11:32:43,58,59,8566,15151
2023-12-11 11:33:04,58,59,8567,15152
2023-12-11 11:33:05,57,58,8568,15153
2023-12-11 11:33:08,56,58,8568,15153
2023-12-11 11:33:08,55,58,8568,15153
2023-12-11 11:33:08,56,58,8568,15153
2023-12-11 11:33:12,56,57,8568,15153
2023-12-11 11:33:12,55,57,8568,15153
2023-12-11 11:33:12,54,57,8568,15153
2023-12-11 11:33:13,54,56,8568,15153
2023-12-11 11:33:13,53,56,8568,15153
2023-12-11 11:33:16,54,56,8568,15153
2023-12-11 11:33:19,54,57,8568,15153
2023-12-11 11:33:23,54,56,8568,15153
2023-12-11 11:33:26,53,56,8568,15153
2023-12-11 11:33:28,54,56,8568,15153
2023-12-11 11:33:35,53,56,8568,15153
2023-12-11 11:33:36,53,55,8568,15153
2023-12-11 11:33:36,52,55,8568,15153
2023-12-11 11:33:37,53,55,8568,15153
2023-12-11 11:33:55,52,55,8568,15153
2023-12-11 11:33:56,52,54,8568,15153
2023-12-11 11:33:59,52,55,8568,15153
2023-12-11 11:34:01,52,54,8568,15153
2023-12-11 11:34:02,52,55,8568,15153
2023-12-11 11:34:10,51,55,8568,15153
2023-12-11 11:34:12,51,54,8568,15153
2023-12-11 11:34:15,52,54,8568,15153
2023-12-11 11:34:15,52,55,8568,15153
2023-12-11 11:34:20,53,55,8568,15153
2023-12-11 11:34:28,54,55,8568,15153
2023-12-11 11:34:28,54,56,8568,15153
2023-12-11 11:34:31,55,56,8568,15153
2023-12-11 11:34:33,55,57,8568,15153
2023-12-11 11:34:41,56,57,8568,15153
2023-12-11 11:34:44,55,57,8568,15153
2023-12-11 11:34:58,56,57,8568,15153
2023-12-11 11:35:57,55,56,8569,15154
2023-12-11 11:36:02,53,55,8570,15155
2023-12-11 11:36:05,53,56,8570,15155
2023-12-11 11:36:07,54,56,8570,15155
2023-12-11 11:36:11,54,57,8570,15155
2023-12-11 11:36:12,55,57,8570,15155
2023-12-11 11:36:16,54,57,8570,15155
2023-12-11 11:36:22,54,56,8570,15155
2023-12-11 11:36:25,53,56,8570,15155
2023-12-11 11:36:26,54,56,8570,15155
2023-12-11 11:36:41,54,55,8570,15155
2023-12-11 11:36:43,54,56,8570,15155
2023-12-11 11:36:47,53,56,8570,15155
2023-12-11 11:36:47,55,56,8570,15155
2023-12-11 11:37:01,54,56,8570,15155
2023-12-11 11:37:01,53,56,8570,15155
2023-12-11 11:37:01,54,56,8570,15155
2023-12-11 11:37:06,55,56,8570,15155
2023-12-11 11:37:07,54,56,8570,15155
2023-12-11 11:37:08,55,56,8570,15155
2023-12-11 11:37:16,56,57,8570,15205
2023-12-11 11:37:18,57,58,8570,15206
2023-12-11 11:37:20,58,59,8570,15606
2023-12-11 11:37:21,57,59,8570,15606
2023-12-11 11:37:25,58,59,8570,15606
2023-12-11 11:37:26,57,59,8570,15606
2023-12-11 11:37:31,58,59,8570,15606
2023-12-11 11:37:36,58,59,8570,15705
2023-12-11 11:37:36,58,59,8570,15706
2023-12-11 11:37:40,57,59,8570,15706
2023-12-11 11:37:42,58,59,8570,15706
2023-12-11 11:37:45,58,60,8570,15706
2023-12-11 11:37:46,59,60,8570,15706
2023-12-11 11:38:01,59,61,8570,15706
2023-12-11 11:38:01,60,61,8570,15706
2023-12-11 11:38:08,59,61,8570,15706
2023-12-11 11:38:09,60,61,8570,15706
2023-12-11 11:38:22,60,62,8570,15706
2023-12-11 11:38:24,61,62,8570,15706
2023-12-11 11:38:46,61,63,8570,15706
2023-12-11 11:38:46,62,63,8570,15706
2023-12-11 11:38:53,62,64,8570,15706
2023-12-11 11:38:53,63,64,8570,15706
2023-12-11 11:39:02,62,64,8570,15706
2023-12-11 11:39:38,61,64,8570,15706
2023-12-11 11:39:48,61,63,8570,15706
2023-12-11 11:39:57,61,64,8570,15706
2023-12-11 11:39:57,61,63,8570,15706
2023-12-11 11:40:07,61,64,8570,15706
2023-12-11 11:40:08,61,63,8570,15706
2023-12-11 11:40:08,61,64,8570,15706
2023-12-11 11:40:18,62,64,8570,15706
2023-12-11 11:40:23,61,64,8570,15706
2023-12-11 11:40:25,61,63,8570,15706
2023-12-11 11:40:28,61,64,8570,15706
2023-12-11 11:40:28,61,63,8570,15706
2023-12-11 11:40:30,61,64,8570,15706
2023-12-11 11:40:30,61,63,8570,15706
2023-12-11 11:40:30,61,64,8570,15706
2023-12-11 11:40:32,61,63,8570,15706
2023-12-11 11:40:33,61,64,8570,15706
2023-12-11 11:40:36,61,63,8570,15706
2023-12-11 11:40:37,61,64,8570,15706
2023-12-11 11:40:50,61,63,8570,15706
2023-12-11 11:40:58,60,63,8570,15706
2023-12-11 11:41:13,60,62,8570,15706
2023-12-11 11:41:16,59,62,8570,15706
2023-12-11 11:41:26,59,61,8570,15706
2023-12-11 11:41:29,58,61,8570,15706
2023-12-11 11:41:30,58,60,8570,15706
2023-12-11 11:41:37,58,61,8570,15706
2023-12-11 11:41:39,58,60,8570,15706
2023-12-11 11:41:40,57,60,8570,15706
2023-12-11 11:41:41,57,59,8570,15706
2023-12-11 11:41:45,56,59,8570,15706
2023-12-11 11:41:47,57,59,8570,15706
2023-12-11 11:41:54,57,60,8570,15706
2023-12-11 11:42:00,58,60,8570,15706
2023-12-11 11:42:03,58,61,8570,15706
2023-12-11 11:42:12,59,61,8570,15706
2023-12-11 11:42:14,60,61,8570,15706
2023-12-11 11:42:18,59,61,8570,15706
2023-12-11 11:42:20,58,61,8570,15706
2023-12-11 11:42:21,59,61,8570,15706
2023-12-11 11:42:37,60,61,8570,15706
2023-12-11 11:42:40,59,61,8570,15706
2023-12-11 11:42:49,58,61,8570,15706
2023-12-11 11:43:08,59,61,8570,15706
2023-12-11 11:43:09,58,61,8570,15706
2023-12-11 11:43:18,58,60,8570,15706
2023-12-11 11:43:20,57,60,8570,15706
2023-12-11 11:43:23,57,59,8570,15706
2023-12-11 11:43:26,56,59,8570,15706
2023-12-11 11:43:29,57,59,8570,15706
2023-12-11 11:43:40,58,59,8570,15706
2023-12-11 11:43:42,58,61,8570,15706
2023-12-11 11:43:48,59,61,8570,15706
2023-12-11 11:43:55,58,61,8570,15706
2023-12-11 11:43:58,59,61,8570,15706
2023-12-11 11:44:00,61,62,8570,15906
2023-12-11 11:44:20,61,62,8570,16106
2023-12-11 11:44:31,59,62,8570,16206
2023-12-11 11:44:31,59,61,8570,16206
2023-12-11 11:44:32,59,60,8570,16206
2023-12-11 11:44:34,59,61,8570,16206
2023-12-11 11:44:38,59,62,8570,16206
2023-12-11 11:44:38,59,61,8570,16206
2023-12-11 11:44:43,59,60,8570,16206
2023-12-11 11:44:45,60,61,8570,16330
2023-12-11 11:44:45,59,60,8570,16406
2023-12-11 11:44:45,59,61,8645,16481
2023-12-11 11:44:49,60,62,8645,16481
2023-12-11 11:44:51,60,61,8645,16481
2023-12-11 11:44:52,60,62,8645,16481
2023-12-11 11:44:52,60,61,8645,16481
2023-12-11 11:44:54,59,61,8645,16481
2023-12-11 11:44:54,59,62,8645,16481
2023-12-11 11:45:03,60,62,8645,16481
2023-12-11 11:45:09,59,62,8645,16481
2023-12-11 11:45:11,60,62,8645,16481
2023-12-11 11:45:12,59,62,8645,16481
2023-12-11 11:45:15,59,61,8645,16481
2023-12-11 11:45:16,59,62,8645,16481
2023-12-11 11:45:19,59,61,8645,16481
2023-12-11 11:45:21,59,62,8645,16481
2023-12-11 11:45:31,59,61,8645,16481
2023-12-11 11:45:33,58,61,8645,16481
2023-12-11 11:45:38,59,61,8645,16481
2023-12-11 11:45:40,59,62,8645,16481
2023-12-11 11:45:43,59,61,8645,16481
2023-12-11 11:46:03,59,62,8645,16481
2023-12-11 11:46:06,60,62,8645,16481
2023-12-11 11:46:07,59,62,8645,16481
2023-12-11 11:46:07,59,61,8645,16481
2023-12-11 11:46:12,58,61,8645,16481
2023-12-11 11:46:15,59,61,8645,16481
2023-12-11 11:46:26,58,61,8645,16481
2023-12-11 11:46:26,58,60,8645,16481
2023-12-11 11:46:30,58,61,8645,16481
2023-12-11 11:46:40,59,61,8645,16481
2023-12-11 11:47:01,59,62,8645,16481
2023-12-11 11:47:02,60,62,8645,16481
2023-12-11 11:47:11,59,62,8645,16481
2023-12-11 11:47:13,59,61,8645,16481
2023-12-11 11:47:15,59,62,8645,16481
2023-12-11 11:47:17,59,61,8645,16481
2023-12-11 11:47:21,59,62,8645,16481
2023-12-11 11:47:23,59,61,8645,16481
2023-12-11 11:47:31,59,62,8645,16481
2023-12-11 11:47:32,59,61,8645,16481
2023-12-11 11:47:40,59,62,8645,16481
2023-12-11 11:47:42,60,62,8645,16481
2023-12-11 11:47:54,59,62,8645,16481
2023-12-11 11:47:56,59,61,8645,16481
2023-12-11 11:47:58,59,62,8645,16481
2023-12-11 11:47:59,60,62,8645,16481
2023-12-11 11:48:05,59,62,8645,16481
2023-12-11 11:48:07,59,61,8645,16481
2023-12-11 11:48:17,60,61,8645,16481
2023-12-11 11:48:17,60,62,8645,16481
2023-12-11 11:48:20,59,62,8645,16481
2023-12-11 11:48:20,59,61,8645,16481
2023-12-11 11:48:24,59,62,8645,16481
2023-12-11 11:48:25,59,61,8645,16481
2023-12-11 11:48:28,59,62,8645,16481
2023-12-11 11:48:29,60,62,8645,16481
2023-12-11 11:48:33,59,62,8645,16481
2023-12-11 11:48:33,59,61,8645,16481
2023-12-11 11:49:03,59,62,8645,16481
2023-12-11 11:49:03,59,60,8645,16481
2023-12-11 11:49:04,58,60,8645,16481
2023-12-11 11:49:07,59,60,8645,16481
2023-12-11 11:49:11,58,60,8645,16481
2023-12-11 11:49:25,59,60,8645,16481
2023-12-11 11:49:33,59,62,8645,16481
2023-12-11 11:49:33,59,61,8645,16481
2023-12-11 11:49:39,60,61,8645,16481
2023-12-11 11:49:44,60,62,8645,16481
2023-12-11 11:50:00,60,61,8645,16481
2023-12-11 11:50:06,60,62,8645,16481
2023-12-11 11:50:07,60,61,8645,16481
2023-12-11 11:50:19,59,61,8645,16481
2023-12-11 11:50:20,60,61,8645,16481
2023-12-11 11:50:23,60,62,8645,16481
2023-12-11 11:50:39,61,62,8645,16481
2023-12-11 11:50:39,61,63,8645,16481
2023-12-11 11:50:45,62,63,8645,16481
2023-12-11 11:50:46,61,63,8645,16481
2023-12-11 11:50:48,62,63,8645,16481
2023-12-11 11:51:13,63,64,8645,16481
2023-12-11 11:51:35,62,64,8645,16481
2023-12-11 11:51:35,62,65,8645,16481
2023-12-11 11:51:35,62,63,8645,16481
2023-12-11 11:51:36,63,65,8570,16556
2023-12-11 11:51:37,62,65,8570,16556
2023-12-11 11:52:09,62,64,8570,16556
2023-12-11 11:52:10,62,65,8570,16556
2023-12-11 11:52:23,63,65,8570,16556
2023-12-11 11:52:48,64,65,8570,16556
2023-12-11 11:52:48,63,65,8570,16556
2023-12-11 11:52:52,64,65,8570,16556
2023-12-11 11:52:53,64,66,8570,16556
2023-12-11 11:54:06,65,66,8570,16556
2023-12-11 11:54:12,64,66,8570,16556
2023-12-11 11:54:12,64,66,8572,16558
2023-12-11 11:54:37,64,65,8572,16558
2023-12-11 11:54:38,64,66,8572,16558
2023-12-11 11:55:21,64,65,8572,16558
2023-12-11 11:55:23,64,66,8572,16558
2023-12-11 11:56:13,63,66,8572,16558
2023-12-11 11:56:22,63,65,8572,16558
2023-12-11 11:56:27,63,66,8572,16558
2023-12-11 11:56:28,63,65,8572,16558
2023-12-11 11:56:34,62,65,8572,16558
2023-12-11 11:56:35,63,65,8572,16558
2023-12-11 11:56:37,62,65,8572,16558
2023-12-11 11:56:39,63,65,8572,16558
2023-12-11 11:56:58,64,65,8572,16558
2023-12-11 11:56:59,64,66,8572,16558
2023-12-11 11:57:03,63,66,8572,16558
2023-12-11 11:57:03,63,65,8572,16558
2023-12-11 11:57:06,63,66,8572,16558
2023-12-11 11:57:06,63,65,8572,16558
2023-12-11 11:57:11,64,65,8572,16558
2023-12-11 11:57:11,64,66,8572,16558
2023-12-11 11:57:22,63,66,8572,16558
2023-12-11 11:57:25,63,65,8572,16558
2023-12-11 11:57:27,63,66,8572,16558
2023-12-11 11:57:28,63,65,8572,16558
2023-12-11 11:57:29,63,66,8572,16558
2023-12-11 11:57:40,62,66,8572,16558
2023-12-11 11:57:40,62,65,8572,16558
2023-12-11 11:57:42,63,65,8572,16558
2023-12-11 11:57:45,62,65,8572,16558
2023-12-11 11:57:49,63,65,8572,16558
2023-12-11 11:57:50,62,65,8572,16558
2023-12-11 11:57:51,63,65,8572,16558
2023-12-11 11:57:56,64,65,8572,16558
2023-12-11 11:57:56,64,66,8572,16558
2023-12-11 11:58:07,65,66,8572,16558
2023-12-11 11:58:18,65,67,8572,16558
2023-12-11 11:58:31,65,66,8572,16558
2023-12-11 11:58:32,65,67,8572,16558
2023-12-11 11:58:35,65,66,8572,16558
2023-12-11 11:58:36,64,66,8572,16558
2023-12-11 11:58:38,64,66,8574,16560
2023-12-11 11:58:46,64,67,8574,16560
2023-12-11 11:58:46,65,67,8574,16560
2023-12-11 11:58:53,66,67,8574,16560
2023-12-11 11:58:58,66,67,8575,16561
2023-12-11 11:59:01,65,66,8577,16563
2023-12-11 11:59:12,65,66,8579,16717
2023-12-11 11:59:12,65,67,8579,16717
2023-12-11 11:59:13,64,67,8579,16717
2023-12-11 11:59:29,65,67,8579,16717
2023-12-11 11:59:40,66,67,8579,16717
2023-12-11 11:59:47,66,68,8579,16717
2023-12-11 12:00:14,66,67,8579,16717
2023-12-11 12:00:15,66,68,8579,16717
2023-12-11 12:00:39,66,67,8579,16717
2023-12-11 12:00:51,66,68,8579,16717
2023-12-11 12:00:53,66,67,8579,16717
2023-12-11 12:01:00,66,68,8579,16717
2023-12-11 12:01:03,66,67,8579,16717
2023-12-11 12:01:14,65,67,8579,16718
2023-12-11 12:01:14,65,66,8579,16718
2023-12-11 12:01:25,62,66,8579,16719
2023-12-11 12:01:29,62,65,8579,16719
2023-12-11 12:01:29,62,64,8579,16719
2023-12-11 12:01:29,62,65,8579,16719
2023-12-11 12:01:30,62,64,8579,16719
2023-12-11 12:01:35,62,65,8579,16719
2023-12-11 12:01:37,63,65,8579,16719
2023-12-11 12:01:45,63,66,8579,16719
2023-12-11 12:01:51,64,66,8579,16719
2023-12-11 12:01:57,65,66,8579,16719
2023-12-11 12:01:58,65,67,8579,16719
2023-12-11 12:02:09,65,68,8579,16719
2023-12-11 12:02:11,65,67,8579,16719
2023-12-11 12:02:11,64,67,8579,16719
2023-12-11 12:02:34,65,67,8579,16719
2023-12-11 12:02:38,65,68,8579,16719
2023-12-11 12:02:38,65,67,8579,16719
2023-12-11 12:02:56,65,68,8579,16719
2023-12-11 12:03:12,66,68,8579,16719
2023-12-11 12:03:23,67,68,8579,16719
2023-12-11 12:03:25,66,68,8579,16719
2023-12-11 12:03:26,67,68,8579,16719
2023-12-11 12:03:45,67,69,8579,16719
2023-12-11 12:03:58,68,69,8579,16719
2023-12-11 12:03:58,67,69,8579,16719
2023-12-11 12:04:15,68,69,8579,16719
2023-12-11 12:04:16,67,69,8579,16719
2023-12-11 12:04:32,68,69,8579,16719
2023-12-11 12:04:39,67,69,8579,16719
2023-12-11 12:04:40,68,69,8579,16719
2023-12-11 12:04:49,67,69,8579,16719
2023-12-11 12:04:58,67,69,8579,16719
2023-12-11 12:05:05,68,69,8579,16719
2023-12-11 12:05:08,67,69,8579,16719
2023-12-11 12:05:08,68,69,8579,16719
2023-12-11 12:05:10,67,69,8579,16719
2023-12-11 12:05:13,68,69,8579,16719
2023-12-11 12:05:37,68,70,8579,16719
2023-12-11 12:05:47,69,70,8579,16719
2023-12-11 12:05:49,69,70,8580,16720
2023-12-11 12:06:08,69,71,8580,16720
2023-12-11 12:07:18,70,71,8580,16720
2023-12-11 12:07:29,70,71,8581,16721
2023-12-11 12:08:07,70,72,8581,16721
2023-12-11 12:08:12,71,72,8581,16721
2023-12-11 12:08:14,70,72,8581,16721
2023-12-11 12:08:16,71,72,8581,16721
2023-12-11 12:13:08,71,73,8581,16721
2023-12-11 12:13:36,71,73,8582,16722
2023-12-11 12:13:43,72,73,8582,16722
2023-12-11 12:15:12,69,72,8583,16723
2023-12-11 12:15:17,70,72,8583,16723
2023-12-11 12:15:30,71,72,8583,16723
2023-12-11 12:15:36,71,72,8584,16724
2023-12-11 12:15:48,70,72,8584,16725
2023-12-11 12:15:48,70,71,8584,16725
2023-12-11 12:15:50,70,72,8584,16725
2023-12-11 12:16:00,71,72,8584,16725
2023-12-11 12:16:05,71,72,8585,16726
2023-12-11 12:16:06,70,72,8586,16727
2023-12-11 12:16:07,70,71,8586,16727
2023-12-11 12:16:11,70,72,8587,16728
2023-12-11 12:16:12,70,71,8587,16728
2023-12-11 12:16:16,70,72,8587,16728
2023-12-11 12:16:24,70,72,8647,16788
2023-12-11 12:16:35,69,72,8647,16788
2023-12-11 12:16:43,70,72,8647,16788
2023-12-11 12:16:48,69,72,8647,16788
2023-12-11 12:16:57,71,72,8647,16788
2023-12-11 12:17:25,71,73,8647,16788
2023-12-11 12:17:31,71,72,8647,16788
2023-12-11 12:18:04,69,71,8647,16789
2023-12-11 12:18:21,69,71,8889,17089
2023-12-11 12:19:06,70,71,8889,17089
2023-12-11 12:19:07,70,72,8889,17089
2023-12-11 12:19:25,71,72,8889,17089
2023-12-11 12:19:26,70,72,8889,17089
2023-12-11 12:19:28,71,72,8889,17089
2023-12-11 12:19:50,71,72,8889,17202
2023-12-11 12:19:56,70,72,8889,17229
2023-12-11 12:20:00,70,73,8889,17229
2023-12-11 12:20:00,71,73,8889,17229
2023-12-11 12:20:02,71,72,8889,17229
2023-12-11 12:20:02,70,72,8889,17229
2023-12-11 12:20:05,70,72,8891,17231
2023-12-11 12:20:11,71,72,8891,17231
2023-12-11 12:20:13,71,73,8891,17231
2023-12-11 12:20:14,71,72,8891,17231
2023-12-11 12:20:18,71,72,8893,17233
2023-12-11 12:20:20,71,73,8893,17233
2023-12-11 12:20:22,71,72,8893,17233
2023-12-11 12:20:27,71,73,8893,17233
2023-12-11 12:20:33,72,73,8893,17233
2023-12-11 12:20:52,72,73,8895,17235
2023-12-11 12:21:38,72,74,8895,17235
2023-12-11 12:22:54,72,73,8895,17235
2023-12-11 12:23:09,72,74,8895,17235
2023-12-11 12:23:38,73,74,8895,17235
2023-12-11 12:23:40,73,75,8895,17235
2023-12-11 12:23:59,74,75,8895,17235
2023-12-11 12:24:51,73,75,8895,17235
2023-12-11 12:25:07,72,75,8895,17235
2023-12-11 12:25:14,72,74,8895,17235
2023-12-11 12:25:20,72,75,8895,17235
2023-12-11 12:25:29,73,75,8895,17235
2023-12-11 12:25:31,72,75,8895,17235
2023-12-11 12:25:35,73,75,8895,17235
2023-12-11 12:25:44,72,75,8895,17235
2023-12-11 12:25:44,72,75,8910,17250
2023-12-11 12:25:44,73,75,8910,17250
2023-12-11 12:26:01,72,75,8910,17265
2023-12-11 12:26:11,72,74,8910,17265
2023-12-11 12:26:22,71,74,8910,17265
2023-12-11 12:26:22,71,73,8910,17265
2023-12-11 12:26:41,70,73,8910,17265
2023-12-11 12:26:45,71,73,8910,17265
2023-12-11 12:26:53,71,72,8910,17265
2023-12-11 12:27:05,71,72,8910,17465
2023-12-11 12:27:20,71,74,8910,17465
2023-12-11 12:27:20,72,74,8910,17465
2023-12-11 12:27:28,72,73,8910,17465
2023-12-11 12:27:37,72,73,8910,17665
2023-12-11 12:27:51,72,73,8910,17965
2023-12-11 12:28:00,72,75,8910,17965
2023-12-11 12:28:00,73,75,8910,17965
2023-12-11 12:28:03,72,75,8910,17965
2023-12-11 12:28:04,73,75,8910,17965
2023-12-11 12:28:08,73,74,8910,17965
2023-12-11 12:28:13,72,74,8910,17965
2023-12-11 12:28:14,73,74,8910,17965
2023-12-11 12:28:21,72,74,8910,17965
2023-12-11 12:28:21,73,74,8910,17965
2023-12-11 12:28:23,73,75,8910,17965
2023-12-11 12:28:28,72,75,8910,17965
2023-12-11 12:28:28,73,75,8910,17965
2023-12-11 12:28:34,74,75,8910,17965
2023-12-11 12:28:37,73,75,8910,17965
2023-12-11 12:28:48,74,75,8910,17965
2023-12-11 12:28:48,73,75,8910,17965
2023-12-11 12:28:48,74,75,8910,17965
2023-12-11 12:28:49,73,75,8910,17965
2023-12-11 12:29:07,72,75,8910,17965
2023-12-11 12:29:07,73,75,8910,17965
2023-12-11 12:30:05,74,75,8910,17965
2023-12-11 12:30:08,73,75,8910,17965
2023-12-11 12:30:16,74,75,8910,17965
2023-12-11 12:30:17,73,75,8910,17965
2023-12-11 12:30:18,74,75,8910,17965
2023-12-11 12:30:20,73,75,8910,17965
2023-12-11 12:30:31,72,75,8910,17965
2023-12-11 12:30:54,72,74,8910,17965
2023-12-11 12:30:55,72,75,8910,17965
2023-12-11 12:30:56,72,74,8910,17965
2023-12-11 12:30:56,72,75,8910,17965
2023-12-11 12:31:14,72,74,8910,17965
2023-12-11 12:31:14,72,73,8910,17965
2023-12-11 12:31:19,71,73,8910,17965
2023-12-11 12:31:21,72,73,8910,17965
2023-12-11 12:31:21,72,74,8910,17965
2023-12-11 12:31:21,72,75,8910,17965
2023-12-11 12:31:21,72,74,8910,17965
2023-12-11 12:31:21,72,75,8910,17965
2023-12-11 12:31:49,72,74,8910,17965
2023-12-11 12:31:56,72,75,8910,17965
2023-12-11 12:31:57,72,74,8910,17965
2023-12-11 12:32:03,73,74,8910,17965
2023-12-11 12:32:04,72,74,8910,17965
2023-12-11 12:32:15,72,75,8910,17965
2023-12-11 12:32:29,73,75,8910,17965
2023-12-11 12:32:44,72,75,8910,17965
2023-12-11 12:32:56,72,74,8910,17965
2023-12-11 12:32:59,72,75,8910,17965
2023-12-11 12:33:04,72,74,8910,17965
2023-12-11 12:33:05,73,74,8910,17965
2023-12-11 12:33:05,73,75,8910,17965
2023-12-11 12:33:09,72,75,8910,17965
2023-12-11 12:33:09,72,74,8910,17965
2023-12-11 12:33:12,73,74,8910,17965
2023-12-11 12:33:12,73,75,8910,17965
2023-12-11 12:33:13,73,74,8910,17965
2023-12-11 12:33:16,73,75,8910,17965
2023-12-11 12:33:16,73,74,8910,17965
2023-12-11 12:33:17,72,74,8910,17965
2023-12-11 12:33:19,72,75,8910,17965
2023-12-11 12:33:19,72,74,8910,17965
2023-12-11 12:33:32,72,75,8910,17965
2023-12-11 12:33:32,72,74,8910,17965
2023-12-11 12:33:56,72,75,8910,17965
2023-12-11 12:33:56,72,74,8910,17965
2023-12-11 12:34:03,72,75,8910,17965
2023-12-11 12:34:04,72,74,8910,17965
2023-12-11 12:34:04,72,73,8910,17965
2023-12-11 12:34:06,72,74,8910,17965
2023-12-11 12:34:11,72,73,8910,17965
2023-12-11 12:34:14,72,74,8910,17965
2023-12-11 12:34:21,73,74,8910,17965
2023-12-11 12:34:31,72,74,8910,17965
2023-12-11 12:34:37,73,74,8910,17965
2023-12-11 12:34:37,73,75,8910,17965
2023-12-11 12:34:37,73,74,8910,17965
2023-12-11 12:34:39,72,74,8910,17965
2023-12-11 12:34:46,72,73,8910,17965
2023-12-11 12:34:47,72,74,8910,17965
2023-12-11 12:34:47,72,75,8910,17965
2023-12-11 12:34:47,72,74,8910,17965
2023-12-11 12:34:47,72,73,8910,17965
2023-12-11 12:34:48,72,75,8910,17965
2023-12-11 12:34:48,72,73,8910,17965
2023-12-11 12:34:54,72,74,8910,17965
2023-12-11 12:34:55,72,73,8910,17965
2023-12-11 12:35:06,72,74,8910,17965
2023-12-11 12:35:16,72,75,8910,17965
2023-12-11 12:35:16,72,74,8910,17965
2023-12-11 12:35:18,72,73,8910,17965
2023-12-11 12:35:19,72,74,8910,17965
2023-12-11 12:35:29,72,75,8910,17965
2023-12-11 12:35:29,72,74,8910,17965
2023-12-11 12:35:29,72,73,8910,17965
2023-12-11 12:35:30,72,74,8910,17965
2023-12-11 12:35:33,72,73,8910,17965
2023-12-11 12:35:36,72,74,8910,17965
2023-12-11 12:35:36,72,75,8910,17965
2023-12-11 12:35:36,72,73,8910,17965
2023-12-11 12:35:39,72,74,8910,17965
2023-12-11 12:35:39,72,75,8910,17965
2023-12-11 12:35:39,72,74,8910,17965
2023-12-11 12:35:39,72,73,8910,17965
2023-12-11 12:35:41,72,75,8910,17965
2023-12-11 12:35:41,72,74,8910,17965
2023-12-11 12:35:41,72,75,8910,17965
2023-12-11 12:35:42,72,74,8910,17965
2023-12-11 12:35:42,72,73,8910,17965
2023-12-11 12:35:43,73,74,8910,18140
2023-12-11 12:35:43,72,74,8910,18165
2023-12-11 12:35:43,72,73,8910,18165
2023-12-11 12:35:48,73,74,8910,18269
2023-12-11 12:35:48,72,74,8910,18365
2023-12-11 12:35:51,72,75,8910,18365
2023-12-11 12:36:03,72,76,8910,18365
2023-12-11 12:36:04,73,76,8910,18365
2023-12-11 12:36:15,74,76,8910,18365
2023-12-11 12:39:54,75,76,8910,18365
2023-12-11 12:41:37,74,76,8910,18365
2023-12-11 12:41:48,75,76,8910,18365
2023-12-11 12:41:52,74,76,8910,18365
2023-12-11 12:41:53,75,76,8910,18365
2023-12-11 12:41:57,74,76,8910,18365
2023-12-11 12:42:03,75,76,8910,18365
2023-12-11 12:43:24,74,76,8910,18365
2023-12-11 12:45:26,75,76,8910,18365
2023-12-11 12:45:34,75,77,8910,18365
2023-12-11 12:46:22,76,77,8910,18365
2023-12-11 12:50:37,76,78,8910,18365
2023-12-11 12:50:37,77,78,8910,18365
2023-12-11 12:50:37,76,78,8910,18365
2023-12-11 12:50:50,77,78,8910,18365
2023-12-11 12:50:51,76,78,8910,18365
2023-12-11 12:50:53,77,78,8910,18365
2023-12-11 12:50:55,76,78,8910,18365
2023-12-11 12:50:56,77,78,8910,18365
2023-12-11 12:51:05,76,78,8910,18365
2023-12-11 12:51:15,77,78,8910,18365
2023-12-11 12:51:23,76,78,8910,18365
2023-12-11 12:51:24,77,78,8910,18365
2023-12-11 12:51:35,76,78,8910,18365
2023-12-11 13:00:06,75,78,8911,18566
2023-12-11 13:00:42,76,78,8911,18566
2023-12-11 13:00:46,76,77,8911,18566
2023-12-11 13:00:51,75,77,8911,18566
2023-12-11 13:01:46,75,78,8911,18566
2023-12-11 13:01:47,75,77,8911,18566
2023-12-11 13:01:55,74,77,8911,18566
2023-12-11 13:01:56,74,76,8911,18566
2023-12-11 13:01:56,74,75,8911,18566
2023-12-11 13:01:57,74,77,8911,18566
2023-12-11 13:01:57,73,74,8911,18766
2023-12-11 13:01:57,73,74,8923,18816
2023-12-11 13:01:58,73,74,8923,18996
2023-12-11 13:01:59,73,74,8923,19096
2023-12-11 13:02:00,74,76,8943,19116
2023-12-11 13:02:03,74,75,8943,19116
2023-12-11 13:02:05,74,76,8943,19116
2023-12-11 13:02:08,74,77,8943,19116
2023-12-11 13:03:01,75,78,8943,19116
2023-12-11 13:03:33,76,78,8943,19116
2023-12-11 13:06:00,77,78,8943,19116
2023-12-11 13:06:23,77,79,8943,19116
2023-12-11 13:06:44,77,79,9011,19216
2023-12-11 13:06:58,78,79,9011,19216
2023-12-11 13:06:59,77,79,9011,19216
2023-12-11 13:06:59,78,79,9011,19216
2023-12-11 13:07:07,77,79,9011,19216
2023-12-11 13:07:29,78,79,9011,19216
2023-12-11 13:09:03,78,80,9011,19216
2023-12-11 13:09:43,79,80,9011,19216
2023-12-11 13:09:58,79,81,9011,19216
2023-12-11 13:11:17,80,81,9011,19216
2023-12-11 13:12:04,80,82,9011,19216
2023-12-11 13:12:14,81,82,9011,19216
2023-12-11 13:12:40,81,83,9011,19216
2023-12-11 13:16:44,80,83,9343,19616
2023-12-11 13:17:18,81,83,9343,19616
2023-12-11 13:17:21,80,83,9343,19616
2023-12-11 13:17:54,80,82,9343,19616
2023-12-11 13:18:42,79,82,9343,19616
2023-12-11 13:19:30,79,82,9698,19971
2023-12-11 13:19:30,79,81,9698,19971
2023-12-11 13:20:06,78,81,9698,19971
2023-12-11 13:20:06,78,80,9698,19971
2023-12-11 13:20:13,77,80,9698,19971
2023-12-11 13:20:13,77,79,9698,19971
2023-12-11 13:20:57,76,79,9698,19971
2023-12-11 13:21:04,77,79,9698,19971
2023-12-11 13:21:52,76,79,9698,19971
2023-12-11 13:22:04,76,78,9698,19971
2023-12-11 13:22:08,76,78,9698,20071
2023-12-11 13:22:22,75,78,9698,20071
2023-12-11 13:22:22,75,77,9698,20071
2023-12-11 13:22:25,74,77,9898,20271
2023-12-11 13:22:39,75,77,9898,20271
2023-12-11 13:22:40,75,78,9898,20271
2023-12-11 13:23:07,76,78,9898,20271
2023-12-11 13:23:14,76,79,9898,20271
2023-12-11 13:23:19,77,79,9898,20271
2023-12-11 13:23:25,76,79,9898,20271
2023-12-11 13:23:34,76,78,9898,20271
2023-12-11 13:23:38,75,78,9898,20271
2023-12-11 13:23:45,75,77,9898,20271
2023-12-11 13:23:51,74,77,9898,20271
2023-12-11 13:23:52,75,77,9898,20271
2023-12-11 13:24:10,74,77,9898,20271
2023-12-11 13:24:16,74,78,9898,20271
2023-12-11 13:24:16,74,77,9898,20271
2023-12-11 13:24:16,74,76,9898,20271
2023-12-11 13:24:56,74,77,9898,20271
2023-12-11 13:24:56,74,77,9898,20271
2023-12-11 13:24:58,75,77,9898,20271
2023-12-11 13:25:35,76,77,9898,20271
2023-12-11 13:25:36,76,79,9898,20271
2023-12-11 13:25:36,76,78,9898,20271
2023-12-11 13:26:06,76,79,9898,20271
2023-12-11 13:26:06,75,79,9898,20271
2023-12-11 13:26:06,75,77,9898,20271
2023-12-11 13:26:30,76,77,9898,20271
2023-12-11 13:26:31,75,77,9898,20271
2023-12-11 13:26:48,76,77,9898,20271
2023-12-11 13:26:49,76,78,9898,20271
2023-12-11 13:26:49,76,79,9898,20271
2023-12-11 13:26:49,76,78,9898,20271
2023-12-11 13:26:57,76,79,9898,20271
2023-12-11 13:26:57,75,79,9898,20271
2023-12-11 13:26:57,75,77,9898,20271
2023-12-11 13:27:07,76,77,9898,20271
2023-12-11 13:27:08,76,79,9898,20271
2023-12-11 13:27:08,76,78,9898,20271
2023-12-11 13:27:10,76,79,9898,20271
2023-12-11 13:27:10,76,77,9898,20271
2023-12-11 13:27:15,75,77,9898,20271
2023-12-11 13:27:16,76,77,9898,20271
2023-12-11 13:27:17,76,79,9898,20271
2023-12-11 13:27:17,76,78,9898,20271
2023-12-11 13:27:42,77,78,9898,20271
2023-12-11 13:27:43,76,78,9898,20271
2023-12-11 13:27:44,77,78,9898,20271
2023-12-11 13:27:48,76,78,9898,20271
2023-12-11 13:27:48,77,78,9898,20271
2023-12-11 13:27:49,76,78,9898,20271
2023-12-11 13:27:49,77,78,9898,20271
2023-12-11 13:27:50,76,78,9898,20271
2023-12-11 13:27:55,76,79,9898,20271
2023-12-11 13:27:55,76,79,9898,20271
2023-12-11 13:27:55,76,77,9898,20271
2023-12-11 13:27:55,75,77,9898,20271
2023-12-11 13:28:08,76,77,9898,20271
2023-12-11 13:28:09,75,77,9898,20271
2023-12-11 13:28:15,76,77,9898,20271
2023-12-11 13:28:18,75,77,9898,20271
2023-12-11 13:28:19,76,77,9898,20271
2023-12-11 13:28:20,75,77,9898,20271
2023-12-11 13:28:21,76,77,9898,20271
2023-12-11 13:28:31,75,77,9898,20271
2023-12-11 13:28:32,76,77,9898,20271
2023-12-11 13:28:34,76,79,9898,20271
2023-12-11 13:28:34,76,78,9898,20271
2023-12-11 13:28:59,77,78,9898,20271
2023-12-11 13:29:05,77,80,9898,20271
2023-12-11 13:29:05,78,80,9898,20271
2023-12-11 13:29:05,78,79,9898,20271
2023-12-11 13:30:01,77,79,9898,20271
2023-12-11 13:30:01,77,80,9898,20271
2023-12-11 13:30:01,77,78,9898,20271
2023-12-11 13:30:05,76,78,9898,20271
2023-12-11 13:30:49,77,78,9898,20271
2023-12-11 13:30:50,76,78,9898,20271
2023-12-11 13:30:57,77,78,9898,20271
2023-12-11 13:30:58,77,79,9898,20271
2023-12-11 13:30:58,77,80,9898,20271
2023-12-11 13:30:58,77,79,9898,20271
2023-12-11 13:31:01,78,79,9898,20271
2023-12-11 13:31:03,78,80,9898,20271
2023-12-11 13:31:03,78,81,9898,20271
2023-12-11 13:31:03,78,80,9898,20271
2023-12-11 13:31:11,78,81,9898,20271
2023-12-11 13:31:11,78,79,9898,20271
2023-12-11 13:31:12,78,81,9898,20271
2023-12-11 13:31:12,78,80,9898,20271
2023-12-11 13:31:21,78,81,9898,20271
2023-12-11 13:31:21,78,79,9898,20271
2023-12-11 13:31:22,78,81,9898,20271
2023-12-11 13:31:22,78,80,9898,20271
2023-12-11 13:31:35,78,81,9898,20271
2023-12-11 13:31:35,77,81,9898,20271
2023-12-11 13:31:35,77,79,9898,20271
2023-12-11 13:31:48,77,81,9898,20271
2023-12-11 13:31:48,78,81,9898,20271
2023-12-11 13:31:48,78,80,9898,20271
2023-12-11 13:31:49,78,81,9898,20271
2023-12-11 13:31:49,77,79,9898,20271
2023-12-11 13:31:56,78,79,9898,20271
2023-12-11 13:31:57,78,81,9898,20271
2023-12-11 13:31:57,78,80,9898,20271
2023-12-11 13:32:30,78,81,9898,20271
2023-12-11 13:32:30,77,79,9898,20271
2023-12-11 13:32:51,76,79,9898,20271
2023-12-11 13:32:51,76,78,9898,20271
2023-12-11 13:32:52,76,79,9898,20271
2023-12-11 13:32:57,77,79,9898,20271
2023-12-11 13:33:01,77,80,9898,20271
2023-12-11 13:33:01,77,81,9898,20271
2023-12-11 13:33:01,77,80,9898,20271
2023-12-11 13:33:02,77,81,9898,20271
2023-12-11 13:33:02,77,80,9898,20271
2023-12-11 13:33:02,77,79,9898,20271
2023-12-11 13:33:23,77,81,9898,20271
2023-12-11 13:33:23,77,80,9898,20271
2023-12-11 13:33:29,77,81,9898,20271
2023-12-11 13:33:29,77,79,9898,20271
2023-12-11 13:34:15,77,81,9898,20271
2023-12-11 13:34:15,77,80,9898,20271
2023-12-11 13:34:18,77,81,9898,20271
2023-12-11 13:34:18,77,79,9898,20271
2023-12-11 13:34:55,77,80,9898,20271
2023-12-11 13:34:55,76,78,9898,20271
2023-12-11 13:34:58,76,80,9898,20271
2023-12-11 13:34:58,77,80,9898,20271
2023-12-11 13:34:58,77,79,9898,20271
2023-12-11 13:35:04,77,80,9898,20271
2023-12-11 13:35:04,76,80,9898,20271
2023-12-11 13:35:04,76,78,9898,20271
2023-12-11 13:35:06,76,80,9898,20271
2023-12-11 13:35:06,77,80,9898,20271
2023-12-11 13:35:06,77,79,9898,20271
2023-12-11 13:36:24,77,81,9898,20271
2023-12-11 13:36:24,77,80,9898,20271
2023-12-11 13:36:30,78,80,9898,20271
2023-12-11 13:36:30,77,80,9898,20271
2023-12-11 13:36:30,78,80,9898,20271
2023-12-11 13:36:31,77,80,9898,20271
2023-12-11 13:36:34,78,80,9898,20271
2023-12-11 13:36:35,79,80,9898,20271
2023-12-11 13:37:06,77,80,9898,20271
2023-12-11 13:37:06,77,81,9898,20271
2023-12-11 13:37:06,77,79,9898,20271
2023-12-11 13:37:16,78,79,9898,20271
2023-12-11 13:37:18,78,81,9898,20271
2023-12-11 13:37:18,78,80,9898,20271
2023-12-11 13:37:24,78,81,9898,20271
2023-12-11 13:37:24,78,79,9898,20271
2023-12-11 13:37:30,77,79,9898,20271
2023-12-11 13:37:31,78,79,9898,20271
2023-12-11 13:37:32,77,79,9898,20271
2023-12-11 13:37:38,78,79,9898,20271
2023-12-11 13:37:39,77,79,9898,20271
2023-12-11 13:38:22,77,80,9898,20271
2023-12-11 13:38:22,77,78,9898,20271
2023-12-11 13:38:24,76,78,9898,20271
2023-12-11 13:38:25,77,78,9898,20271
2023-12-11 13:38:26,77,80,9898,20271
2023-12-11 13:38:26,77,79,9898,20271
2023-12-11 13:39:11,77,80,9898,20271
2023-12-11 13:39:11,78,80,9898,20271
2023-12-11 13:39:11,78,81,9898,20271
2023-12-11 13:39:11,78,80,9898,20271
2023-12-11 13:39:15,78,81,9898,20271
2023-12-11 13:39:15,78,79,9898,20271
2023-12-11 13:39:16,78,81,9898,20271
2023-12-11 13:39:16,78,80,9898,20271
2023-12-11 13:39:24,77,80,9898,20271
2023-12-11 13:39:27,77,81,9898,20271
2023-12-11 13:39:27,77,79,9898,20271
2023-12-11 13:40:00,78,79,9898,20271
2023-12-11 13:40:01,77,79,9898,20271
2023-12-11 13:40:27,77,80,9898,20271
2023-12-11 13:40:27,78,80,9898,20271
2023-12-11 13:40:27,78,81,9898,20271
2023-12-11 13:40:27,78,80,9898,20271
2023-12-11 13:40:28,78,81,9898,20271
2023-12-11 13:40:28,77,79,9898,20271
2023-12-11 13:40:29,77,81,9898,20271
2023-12-11 13:40:29,78,81,9898,20271
2023-12-11 13:40:29,78,80,9898,20271
2023-12-11 13:40:55,78,81,9898,20271
2023-12-11 13:40:55,77,81,9898,20271
2023-12-11 13:40:55,77,80,9898,20271
2023-12-11 13:40:55,77,79,9898,20271
2023-12-11 13:41:14,77,80,9898,20271
2023-12-11 13:41:14,77,78,9898,20271
2023-12-11 13:41:15,77,80,9898,20271
2023-12-11 13:41:15,77,79,9898,20271
2023-12-11 13:41:17,77,78,9898,20271
2023-12-11 13:41:19,76,78,9898,20271
2023-12-11 13:41:36,76,79,9898,20271
2023-12-11 13:41:36,76,80,9898,20271
2023-12-11 13:41:36,76,79,9898,20271
2023-12-11 13:41:40,76,80,9898,20271
2023-12-11 13:41:40,76,79,9898,20271
2023-12-11 13:41:40,76,78,9898,20271
2023-12-11 13:42:47,76,77,9898,20271
2023-12-11 13:42:47,75,77,9898,20271
2023-12-11 13:43:06,75,78,9898,20271
2023-12-11 13:43:06,76,78,9898,20271
2023-12-11 13:43:13,75,78,9898,20271
2023-12-11 13:43:13,75,77,9898,20271
2023-12-11 13:43:15,75,78,9898,20271
2023-12-11 13:43:21,76,78,9898,20271
2023-12-11 13:43:27,77,78,9898,20271
2023-12-11 13:43:34,76,78,9898,20271
2023-12-11 13:43:35,77,78,9898,20271
2023-12-11 13:43:41,76,78,9898,20271
2023-12-11 13:43:44,77,78,9898,20271
2023-12-11 13:43:47,76,78,9898,20271
2023-12-11 13:43:48,77,78,9898,20271
2023-12-11 13:43:52,76,78,9898,20271
2023-12-11 13:43:57,77,78,9898,20271
2023-12-11 13:44:03,76,78,9898,20271
2023-12-11 13:44:21,77,78,9898,20271
2023-12-11 13:44:24,76,78,9898,20271
2023-12-11 13:44:24,77,78,9898,20271
2023-12-11 13:44:27,76,78,9898,20271
2023-12-11 13:44:27,77,78,9898,20271
2023-12-11 13:44:28,76,78,9898,20271
2023-12-11 13:44:42,77,78,9898,20271
2023-12-11 13:44:44,76,78,9898,20271
2023-12-11 13:44:44,77,78,9898,20271
2023-12-11 13:44:50,76,78,9898,20271
2023-12-11 13:44:50,77,78,9898,20271
2023-12-11 13:44:57,76,78,9898,20271
2023-12-11 13:45:01,77,78,9898,20271
2023-12-11 13:45:40,77,78,10098,20471
2023-12-11 13:45:51,76,78,10098,20471
2023-12-11 13:45:52,77,78,10098,20471
2023-12-11 13:46:03,77,78,10448,20821
2023-12-11 13:46:07,77,78,10798,21171
2023-12-11 13:46:07,77,78,10798,21231
2023-12-11 13:46:12,77,78,11148,21581
2023-12-11 13:46:14,77,78,11498,21931
2023-12-11 13:46:15,77,78,11698,22131
2023-12-11 13:46:17,78,80,11838,22271
2023-12-11 13:46:19,77,80,11838,22271
2023-12-11 13:46:23,77,79,11838,22271
2023-12-11 13:46:25,78,79,11838,22271
2023-12-11 13:46:28,77,79,11838,22271
2023-12-11 13:46:29,78,79,11838,22271
2023-12-11 13:46:30,78,80,11838,22376
2023-12-11 13:46:30,79,80,11838,22376
2023-12-11 13:46:35,78,80,11838,22376
2023-12-11 13:46:35,77,80,11838,22376
2023-12-11 13:46:35,79,80,11838,22376
2023-12-11 13:46:37,77,80,11838,22376
2023-12-11 13:46:37,79,80,11838,22376
2023-12-11 13:46:40,79,81,11838,22376
2023-12-11 13:46:40,80,81,11838,22376
2023-12-11 13:46:45,79,81,11838,22376
2023-12-11 13:46:49,80,81,11838,22376
2023-12-11 13:46:50,79,81,11838,22376
2023-12-11 13:46:50,78,81,11838,22376
2023-12-11 13:46:51,79,81,11838,22376
2023-12-11 13:46:51,80,81,11838,22376
2023-12-11 13:47:16,79,81,11838,22376
2023-12-11 13:47:16,80,81,11838,22376
2023-12-11 13:47:21,78,81,11838,22376
2023-12-11 13:47:21,80,81,11838,22376
2023-12-11 13:47:37,78,81,11838,22376
2023-12-11 13:47:37,80,81,11838,22376
2023-12-11 13:47:39,79,81,11838,22376
2023-12-11 13:47:50,78,81,11838,22376
2023-12-11 13:47:51,79,81,11838,22376
2023-12-11 13:47:51,80,81,11838,22376
2023-12-11 13:47:54,79,81,11838,22376
2023-12-11 13:47:54,80,81,11838,22376
2023-12-11 13:47:55,79,81,11838,22376
2023-12-11 13:47:57,79,80,11838,22376
2023-12-11 13:47:57,78,80,11838,22376
2023-12-11 13:47:57,79,80,11838,22376
2023-12-11 13:48:00,78,80,11838,22376
2023-12-11 13:48:00,79,80,11838,22376
2023-12-11 13:48:01,78,80,11838,22376
2023-12-11 13:48:06,79,80,11838,22376
2023-12-11 13:48:07,78,80,11838,22376
2023-12-11 13:48:08,79,80,11838,22376
2023-12-11 13:48:13,79,81,11838,22376
2023-12-11 13:48:15,79,80,11838,22376
2023-12-11 13:48:20,79,81,11838,22376
2023-12-11 13:48:23,78,81,11838,22376
2023-12-11 13:48:23,79,81,11838,22376
2023-12-11 13:48:27,80,81,11838,22376
2023-12-11 13:48:29,79,81,11838,22376
2023-12-11 13:48:30,80,81,11838,22376
2023-12-11 13:48:45,79,81,11838,22376
2023-12-11 13:48:52,79,80,11838,22376
2023-12-11 13:48:53,77,80,11838,22376
2023-12-11 13:48:53,78,80,11838,22376
2023-12-11 13:48:54,77,80,11838,22376
2023-12-11 13:48:59,76,80,11838,22376
2023-12-11 13:48:59,76,79,11838,22376
2023-12-11 13:49:02,75,79,11838,22376
2023-12-11 13:49:04,76,79,11838,22376
2023-12-11 13:49:10,75,79,11838,22376
2023-12-11 13:49:14,75,78,11838,22376
2023-12-11 13:49:23,75,77,11838,22376
2023-12-11 13:49:29,75,78,11838,22376
2023-12-11 13:49:35,75,77,11838,22376
2023-12-11 13:49:36,75,78,11838,22376
2023-12-11 13:49:37,75,77,11838,22376
2023-12-11 13:49:38,74,77,11838,22376
2023-12-11 13:49:51,74,78,11838,22376
2023-12-11 13:50:26,74,77,11838,22376
2023-12-11 13:50:35,73,77,11838,22376
2023-12-11 13:50:45,73,76,11838,22376
2023-12-11 13:50:48,72,76,11838,22376
2023-12-11 13:50:51,72,77,11638,22576
2023-12-11 13:50:52,73,77,11638,22576
2023-12-11 13:50:53,72,77,11638,22576
2023-12-11 13:50:55,73,77,11638,22576
2023-12-11 13:51:03,73,78,11638,22576
2023-12-11 13:51:05,73,77,11638,22576
2023-12-11 13:51:07,73,78,11638,22576
2023-12-11 13:51:08,74,78,11638,22576
2023-12-11 13:51:11,73,78,11638,22576
2023-12-11 13:51:14,74,78,11638,22576
2023-12-11 13:51:16,73,78,11638,22576
2023-12-11 13:51:16,73,77,11638,22576
2023-12-11 13:51:30,73,78,11638,22576
2023-12-11 13:51:31,73,77,11638,22576
2023-12-11 13:51:35,74,77,11638,22576
2023-12-11 13:51:35,75,77,11638,22576
2023-12-11 13:51:36,74,77,11638,22576
2023-12-11 13:51:36,75,77,11638,22576
2023-12-11 13:51:40,75,78,11638,22576
2023-12-11 13:51:42,75,77,11638,22576
2023-12-11 13:51:50,74,77,11638,22576
2023-12-11 13:51:50,73,77,11638,22576
2023-12-11 13:51:50,75,77,11638,22576
2023-12-11 13:51:51,73,77,11638,22576
2023-12-11 13:51:51,74,77,11638,22576
2023-12-11 13:51:52,74,76,11638,22576
2023-12-11 13:51:52,73,76,11638,22576
2023-12-11 13:51:52,73,76,11638,22576
2023-12-11 13:51:53,72,76,11638,22576
2023-12-11 13:51:53,73,76,11638,22576
2023-12-11 13:51:54,72,76,11638,22576
2023-12-11 13:51:56,71,76,11638,22576
2023-12-11 13:51:56,71,74,11638,22576
2023-12-11 13:52:08,71,75,11638,22776
2023-12-11 13:52:10,71,76,11638,22776
2023-12-11 13:52:10,72,76,11638,22776
2023-12-11 13:52:16,72,75,11638,22776
2023-12-11 13:52:34,71,74,11638,22776
2023-12-11 13:52:35,71,75,11638,22776
2023-12-11 13:52:44,71,76,11638,22776
2023-12-11 13:52:44,72,76,11638,22776
2023-12-11 13:53:10,72,75,11638,22776
2023-12-11 13:53:10,71,75,11638,22776
2023-12-11 13:53:14,71,76,11638,22776
2023-12-11 13:53:14,72,76,11638,22776
2023-12-11 13:53:15,71,76,11638,22776
2023-12-11 13:53:15,71,75,11638,22776
2023-12-11 13:53:17,71,76,11638,22776
2023-12-11 13:53:17,72,76,11638,22776
2023-12-11 13:53:40,73,76,11638,22776
2023-12-11 13:53:41,72,76,11638,22776
2023-12-11 13:53:47,73,76,11638,22776
2023-12-11 13:53:48,73,77,11638,22776
2023-12-11 13:53:50,72,77,11638,22776
2023-12-11 13:53:51,73,76,11638,22776
2023-12-11 13:54:03,74,77,11638,22776
2023-12-11 13:54:04,73,77,11638,22776
2023-12-11 13:54:05,73,78,11638,22776
2023-12-11 13:54:05,74,78,11638,22776
2023-12-11 13:54:12,74,77,11638,22776
2023-12-11 13:54:12,73,77,11638,22776
2023-12-11 13:54:14,73,78,11638,22776
2023-12-11 13:54:16,74,78,11638,22776
2023-12-11 13:54:17,73,78,11638,22776
2023-12-11 13:54:18,74,78,11638,22776
2023-12-11 13:54:50,74,79,11638,22776
2023-12-11 13:54:53,75,79,11638,22776
2023-12-11 13:54:53,75,78,11638,22776
2023-12-11 13:54:54,75,79,11638,22776
2023-12-11 13:55:06,74,79,11638,22776
2023-12-11 13:55:06,74,78,11638,22776
2023-12-11 13:55:11,73,78,11638,22776
2023-12-11 13:55:16,74,78,11638,22776
2023-12-11 13:55:21,73,78,11638,22776
2023-12-11 13:55:22,74,78,11638,22776
2023-12-11 13:55:27,74,79,11638,22776
2023-12-11 13:55:27,75,79,11638,22776
2023-12-11 13:55:32,74,79,11638,22776
2023-12-11 13:55:32,74,78,11638,22776
2023-12-11 13:55:57,74,79,11638,22776
2023-12-11 13:56:00,75,79,11638,22776
2023-12-11 13:56:02,74,79,11638,22776
2023-12-11 13:56:08,75,79,11638,22776
2023-12-11 13:56:16,76,79,11638,22776
2023-12-11 13:56:19,77,80,11638,22776
2023-12-11 13:56:20,77,81,11638,22776
2023-12-11 13:56:21,77,80,11638,22776
2023-12-11 13:56:50,77,79,11638,22776
2023-12-11 13:56:57,77,80,11638,22776
2023-12-11 13:57:12,77,81,11638,22776
2023-12-11 13:57:14,78,81,11638,22776
2023-12-11 13:57:22,77,81,11638,22776
2023-12-11 13:57:40,77,80,11638,22776
2023-12-11 13:57:42,77,81,11638,22776
2023-12-11 13:57:47,78,81,11638,22776
2023-12-11 13:58:04,78,82,11638,22776
2023-12-11 13:58:40,78,81,11638,22776
2023-12-11 13:58:48,77,81,11638,22776
2023-12-11 13:59:01,78,81,11638,22776
2023-12-11 13:59:03,77,81,11638,22776
2023-12-11 13:59:04,78,81,11638,22776
2023-12-11 13:59:07,77,81,11638,22776
2023-12-11 13:59:15,77,80,11638,22776
2023-12-11 13:59:32,75,80,11838,22976
2023-12-11 13:59:33,75,79,11838,22976
2023-12-11 13:59:38,76,79,11838,22976
2023-12-11 13:59:40,76,80,11838,22976
2023-12-11 14:00:28,75,80,11838,22976
2023-12-11 14:00:33,75,78,11838,22976
2023-12-11 14:00:34,74,78,11838,22976
2023-12-11 14:00:45,75,78,11838,22976
2023-12-11 14:00:46,74,78,11838,22976
2023-12-11 14:00:47,74,79,11838,22976
2023-12-11 14:00:47,75,79,11838,22976
2023-12-11 14:00:48,75,78,11838,22976
2023-12-11 14:00:50,74,78,11838,22976
2023-12-11 14:00:57,75,78,11838,22976
2023-12-11 14:00:58,75,79,11838,22976
2023-12-11 14:01:01,74,79,11838,22976
2023-12-11 14:01:01,74,78,11838,22976
2023-12-11 14:01:33,75,78,11838,22976
2023-12-11 14:01:36,74,78,11838,22976
2023-12-11 14:01:42,74,79,11838,22976
2023-12-11 14:01:42,75,79,11838,22976
2023-12-11 14:01:45,74,79,11838,22976
2023-12-11 14:01:47,75,78,11838,22976
2023-12-11 14:01:48,74,78,11838,22976
2023-12-11 14:01:52,74,77,11838,22976
2023-12-11 14:01:54,74,78,11838,22976
2023-12-11 14:02:00,75,78,11838,22976
2023-12-11 14:02:04,74,78,11838,22976
2023-12-11 14:02:10,75,78,11838,22976
2023-12-11 14:02:13,74,78,11838,22976
2023-12-11 14:02:14,75,78,11838,22976
2023-12-11 14:02:21,75,79,11838,22976
2023-12-11 14:02:24,75,78,11838,22976
2023-12-11 14:02:25,74,78,11838,22976
2023-12-11 14:02:28,75,78,11838,22976
2023-12-11 14:02:29,75,79,11838,22976
2023-12-11 14:02:30,75,78,11838,22976
2023-12-11 14:02:31,74,78,11838,22976
2023-12-11 14:03:06,75,78,11838,22976
2023-12-11 14:03:07,75,79,11838,22976
2023-12-11 14:03:26,75,78,11838,22976
2023-12-11 14:03:27,74,78,11838,22976
2023-12-11 14:03:36,74,79,11838,22976
2023-12-11 14:03:36,75,79,11838,22976
2023-12-11 14:03:50,76,79,11838,22976
2023-12-11 14:03:54,75,79,11838,22976
2023-12-11 14:04:09,76,79,11838,22976
2023-12-11 14:04:10,76,80,11838,22976
2023-12-11 14:04:13,76,79,11838,22976
2023-12-11 14:04:21,76,80,11838,22976
2023-12-11 14:04:23,77,80,11838,22976
2023-12-11 14:04:32,77,81,11838,22976
2023-12-11 14:04:51,78,81,11838,22976
2023-12-11 14:04:55,79,81,11838,22976
2023-12-11 14:05:13,79,82,11838,22976
2023-12-11 14:05:33,79,81,11838,22976
2023-12-11 14:05:39,77,81,11838,22976
2023-12-11 14:05:53,77,81,11838,23002
2023-12-11 14:06:05,76,81,11838,23002
2023-12-11 14:06:05,76,80,11838,23002
2023-12-11 14:06:07,75,80,11838,23002
2023-12-11 14:06:07,75,79,11838,23002
2023-12-11 14:06:27,76,79,11838,23002
2023-12-11 14:06:28,75,79,11838,23002
2023-12-11 14:06:29,76,79,11838,23002
2023-12-11 14:06:30,76,80,11838,23002
2023-12-11 14:06:34,76,79,11838,23002
2023-12-11 14:06:35,75,79,11838,23002
2023-12-11 14:06:40,76,79,11838,23002
2023-12-11 14:06:42,75,79,11838,23002
2023-12-11 14:06:42,76,79,11838,23002
2023-12-11 14:06:45,76,80,11838,23002
2023-12-11 14:06:50,76,81,11838,23002
2023-12-11 14:07:07,76,80,11838,23002
2023-12-11 14:07:36,76,81,11838,23002
2023-12-11 14:07:37,76,79,11838,23002
2023-12-11 14:07:37,75,79,11838,23002
2023-12-11 14:07:38,76,79,11838,23002
2023-12-11 14:07:39,75,79,11838,23002
2023-12-11 14:07:50,75,78,11838,23002
2023-12-11 14:07:51,75,79,11838,23002
2023-12-11 14:07:58,76,79,11838,23002
2023-12-11 14:07:59,75,79,11838,23002
2023-12-11 14:08:05,75,78,11838,23002
2023-12-11 14:08:06,75,79,11838,23002
2023-12-11 14:08:07,75,78,11838,23002
2023-12-11 14:08:16,75,79,11838,23002
2023-12-11 14:08:35,76,79,11838,23002
2023-12-11 14:08:36,75,79,11838,23002
2023-12-11 14:08:38,76,79,11838,23002
2023-12-11 14:08:47,75,79,11838,23002
2023-12-11 14:08:50,76,79,11838,23002
2023-12-11 14:08:53,77,79,11838,23002
2023-12-11 14:08:53,77,81,11838,23002
2023-12-11 14:08:54,77,79,11838,23002
2023-12-11 14:08:55,76,79,11838,23002
2023-12-11 14:09:32,75,79,11838,23002
2023-12-11 14:09:47,75,78,11838,23002
2023-12-11 14:09:49,75,79,11838,23002
2023-12-11 14:09:55,75,78,11838,23002
2023-12-11 14:10:04,75,79,11838,23002
2023-12-11 14:10:16,75,78,11838,23002
2023-12-11 14:10:21,73,78,11838,23002
2023-12-11 14:11:41,74,78,11838,23002
2023-12-11 14:11:43,73,78,11838,23002
2023-12-11 14:11:44,74,78,11838,23002
2023-12-11 14:11:49,74,79,11838,23002
2023-12-11 14:12:06,75,79,11838,23002
2023-12-11 14:12:12,74,79,11838,23002
2023-12-11 14:12:38,73,79,11838,23002
2023-12-11 14:12:38,73,78,11838,23002
2023-12-11 14:12:42,74,78,11838,23002
2023-12-11 14:12:43,73,78,11838,23002
2023-12-11 14:12:44,74,78,11838,23002
2023-12-11 14:12:54,73,79,11838,23002
2023-12-11 14:12:54,73,78,11838,23002
2023-12-11 14:12:55,73,79,11838,23002
2023-12-11 14:12:56,74,79,11838,23002
2023-12-11 14:12:57,73,79,11838,23002
2023-12-11 14:12:58,74,79,11838,23002
2023-12-11 14:13:01,73,79,11838,23002
2023-12-11 14:13:05,73,77,11838,23002
2023-12-11 14:13:39,73,76,11838,23002
2023-12-11 14:13:44,73,77,11838,23002
2023-12-11 14:13:45,73,76,11838,23002
2023-12-11 14:13:48,73,77,11838,23002
2023-12-11 14:13:49,73,76,11838,23002
2023-12-11 14:13:50,73,77,11838,23002
2023-12-11 14:13:52,73,76,11838,23002
2023-12-11 14:13:53,71,76,11838,23002
2023-12-11 14:13:54,71,74,11838,23002
2023-12-11 14:13:54,70,74,11838,23002
2023-12-11 14:13:56,70,73,11838,23002
2023-12-11 14:13:57,70,74,11838,23002
2023-12-11 14:14:02,70,75,11838,23002
2023-12-11 14:14:02,71,75,11838,23002
2023-12-11 14:14:02,71,76,11838,23002
2023-12-11 14:14:10,70,76,11838,23002
2023-12-11 14:14:10,70,75,11838,23002
2023-12-11 14:14:16,70,76,11838,23002
2023-12-11 14:14:16,71,76,11838,23002
2023-12-11 14:14:18,72,76,11838,23002
2023-12-11 14:14:19,71,76,11838,23002
2023-12-11 14:14:26,70,76,11838,23002
2023-12-11 14:14:27,71,76,11838,23002
2023-12-11 14:14:43,71,77,11838,23002
2023-12-11 14:14:43,72,77,11838,23002
2023-12-11 14:14:56,73,77,11838,23002
2023-12-11 14:15:03,74,77,11838,23002
2023-12-11 14:15:03,74,78,11838,23002
2023-12-11 14:15:04,74,79,11838,23002
2023-12-11 14:15:06,75,79,11838,23002
2023-12-11 14:15:11,77,79,11838,23002
2023-12-11 14:15:38,76,79,11838,23002
2023-12-11 14:15:43,74,79,11838,23002
2023-12-11 14:15:47,74,78,11838,23002
2023-12-11 14:15:48,73,78,11838,23002
2023-12-11 14:15:49,74,78,11838,23002
2023-12-11 14:15:50,74,79,11838,23002
2023-12-11 14:16:05,75,79,11838,23002
2023-12-11 14:16:10,76,79,11838,23002
2023-12-11 14:16:10,77,79,11838,23002
2023-12-11 14:16:11,78,79,11838,23002
2023-12-11 14:16:14,79,82,11838,23003
2023-12-11 14:16:14,79,81,11838,23003
2023-12-11 14:16:14,79,82,11838,23003
2023-12-11 14:16:28,80,82,11838,23003
2023-12-11 14:16:58,81,82,11838,23003
2023-12-11 14:16:59,82,85,11848,23013
2023-12-11 14:17:00,81,85,11848,23013
2023-12-11 14:17:00,81,84,11848,23013
2023-12-11 14:17:16,81,85,11848,23013
2023-12-11 14:17:20,81,84,11848,23013
2023-12-11 14:17:23,81,85,11848,23013
2023-12-11 14:17:27,82,85,11848,23013
2023-12-11 14:17:36,81,85,11848,23013
2023-12-11 14:17:42,81,84,11848,23013
2023-12-11 14:17:46,80,84,11848,23013
2023-12-11 14:17:53,79,84,11848,23013
2023-12-11 14:17:55,79,83,11848,23013
2023-12-11 14:18:01,79,84,11848,23013
2023-12-11 14:18:01,80,84,11848,23013
2023-12-11 14:18:07,80,83,11848,23013
2023-12-11 14:18:07,79,83,11848,23013
2023-12-11 14:18:13,79,84,11848,23013
2023-12-11 14:18:18,80,84,11848,23013
2023-12-11 14:18:26,81,84,11848,23013
2023-12-11 14:18:26,81,85,11848,23013
2023-12-11 14:18:35,82,84,11848,23013
2023-12-11 14:18:38,82,85,11848,23013
2023-12-11 14:18:42,82,84,11848,23013
2023-12-11 14:18:46,80,84,11848,23013
2023-12-11 14:18:58,81,84,11848,23013
2023-12-11 14:19:01,80,84,11848,23013
2023-12-11 14:19:04,80,85,11848,23013
2023-12-11 14:19:05,81,85,11848,23013
2023-12-11 14:19:26,81,85,11848,23133
2023-12-11 14:19:27,83,85,11848,23133
2023-12-11 14:19:31,83,86,11848,23133
2023-12-11 14:19:32,84,86,11848,23133
2023-12-11 14:19:40,84,87,11848,23133
2023-12-11 14:19:42,84,85,11848,23133
2023-12-11 14:19:47,84,87,11848,23133
2023-12-11 14:19:48,84,86,11848,23133
2023-12-11 14:19:49,84,87,11848,23133
2023-12-11 14:19:51,84,86,11848,23133
2023-12-11 14:19:56,84,87,11848,23133
2023-12-11 14:20:09,84,86,11848,23133
2023-12-11 14:20:27,83,86,11849,23134
2023-12-11 14:20:49,81,86,11849,23134
2023-12-11 14:20:51,81,85,11849,23134
2023-12-11 14:20:59,81,86,11849,23134
2023-12-11 14:21:10,82,86,11849,23134
2023-12-11 14:21:10,82,86,12149,23434
2023-12-11 14:21:10,82,85,12149,23434
2023-12-11 14:21:10,81,85,12149,23434
2023-12-11 14:21:14,81,86,12149,23434
2023-12-11 14:21:14,82,86,12149,23434
2023-12-11 14:21:17,83,86,12149,23434
2023-12-11 14:21:18,83,87,12149,23434
2023-12-11 14:21:21,83,86,12149,23434
2023-12-11 14:21:26,82,86,12149,23434
2023-12-11 14:21:41,82,85,12149,23434
2023-12-11 14:21:45,81,85,12149,23434
2023-12-11 14:21:53,81,84,12149,23434
2023-12-11 14:22:00,80,84,12149,23434
2023-12-11 14:22:02,80,85,12149,23434
2023-12-11 14:22:02,80,83,12149,23434
2023-12-11 14:22:11,80,84,12149,23434
2023-12-11 14:22:11,80,85,12149,23434
2023-12-11 14:22:11,80,84,12149,23434
2023-12-11 14:22:18,80,85,12149,23434
2023-12-11 14:22:18,80,83,12149,23434
2023-12-11 14:22:21,80,84,12149,23434
2023-12-11 14:22:21,80,85,12149,23434
2023-12-11 14:22:21,81,85,12149,23434
2023-12-11 14:22:21,81,84,12149,23434
2023-12-11 14:22:40,80,84,12149,23434
2023-12-11 14:22:41,80,85,12149,23434
2023-12-11 14:22:41,80,83,12149,23434
2023-12-11 14:23:04,82,83,12149,23434
2023-12-11 14:23:05,80,83,12150,23435
2023-12-11 14:23:11,81,83,12150,23435
2023-12-11 14:23:23,80,83,12351,23636
2023-12-11 14:23:36,80,84,12351,23636
2023-12-11 14:23:41,80,83,12351,23636
2023-12-11 14:23:58,80,84,12351,23636
2023-12-11 14:24:01,80,83,12351,23636
2023-12-11 14:24:17,80,84,12351,23636
2023-12-11 14:24:17,80,85,12351,23636
2023-12-11 14:24:17,80,84,12351,23636
2023-12-11 14:24:19,81,84,12351,23636
2023-12-11 14:24:24,80,84,12351,23636
2023-12-11 14:24:24,80,83,12351,23636
2023-12-11 14:24:38,81,83,12351,23636
2023-12-11 14:24:41,81,85,12351,23636
2023-12-11 14:24:41,81,84,12351,23636
2023-12-11 14:24:44,81,85,12351,23636
2023-12-11 14:24:44,81,83,12351,23636
2023-12-11 14:24:51,81,85,12351,23636
2023-12-11 14:24:51,81,84,12351,23636
2023-12-11 14:24:54,81,85,12351,23636
2023-12-11 14:24:54,81,83,12351,23636
2023-12-11 14:25:02,80,83,12351,23636
2023-12-11 14:25:28,80,84,12351,23636
2023-12-11 14:25:28,80,82,12351,23636
2023-12-11 14:25:34,80,83,12351,23636
2023-12-11 14:25:34,80,81,12351,23636
2023-12-11 14:25:38,80,83,12351,23636
2023-12-11 14:25:38,80,82,12351,23636
2023-12-11 14:25:40,80,83,12351,23636
2023-12-11 14:25:40,80,81,12351,23636
2023-12-11 14:25:51,80,82,12351,23636
2023-12-11 14:26:20,80,81,12351,23636
2023-12-11 14:26:21,80,82,12351,23636
2023-12-11 14:26:29,80,83,12351,23636
2023-12-11 14:26:29,80,84,12351,23636
2023-12-11 14:26:29,80,83,12351,23636
2023-12-11 14:26:32,80,82,12351,23636
2023-12-11 14:27:03,80,81,12351,23636
2023-12-11 14:27:06,80,82,12351,23636
2023-12-11 14:27:06,78,80,12351,23637
2023-12-11 14:27:06,78,82,12351,23637
2023-12-11 14:27:06,78,81,12351,23637
2023-12-11 14:27:10,78,82,12351,23637
2023-12-11 14:27:10,78,80,12351,23637
2023-12-11 14:27:11,78,82,12351,23637
2023-12-11 14:27:11,78,81,12351,23637
2023-12-11 14:27:24,78,82,12351,23637
2023-12-11 14:27:24,76,82,12351,23637
2023-12-11 14:27:24,76,80,12351,23637
2023-12-11 14:27:24,77,80,12351,23637
2023-12-11 14:27:26,76,80,12351,23637
2023-12-11 14:27:26,77,80,12351,23637
2023-12-11 14:27:29,77,82,12351,23637
2023-12-11 14:27:29,77,81,12351,23637
2023-12-11 14:27:35,77,82,12351,23637
2023-12-11 14:27:35,77,80,12351,23637
2023-12-11 14:27:36,76,80,12351,23637
2023-12-11 14:27:38,77,80,12351,23637
2023-12-11 14:27:40,77,82,12351,23637
2023-12-11 14:27:40,77,81,12351,23637
2023-12-11 14:27:45,77,82,12351,23637
2023-12-11 14:27:45,77,80,12351,23637
2023-12-11 14:27:49,76,80,12351,23637
2023-12-11 14:27:50,77,80,12351,23637
2023-12-11 14:27:56,77,82,12351,23637
2023-12-11 14:27:56,77,81,12351,23637
2023-12-11 14:27:56,78,81,12351,23637
2023-12-11 14:27:56,78,80,12351,23637
2023-12-11 14:27:59,78,82,12351,23637
2023-12-11 14:27:59,78,81,12351,23637
2023-12-11 14:28:01,77,81,12351,23637
2023-12-11 14:28:01,79,81,12351,23637
2023-12-11 14:28:02,79,82,12351,23637
2023-12-11 14:28:02,78,82,12351,23637
2023-12-11 14:28:11,78,81,12351,23637
2023-12-11 14:28:17,78,82,12351,23637
2023-12-11 14:28:17,78,83,12351,23637
2023-12-11 14:28:17,78,82,12351,23637
2023-12-11 14:28:17,78,83,12351,23637
2023-12-11 14:28:17,78,81,12351,23637
2023-12-11 14:28:18,78,83,12351,23637
2023-12-11 14:28:18,78,82,12351,23637
2023-12-11 14:28:19,79,82,12351,23637
2023-12-11 14:28:26,79,83,12351,23637
2023-12-11 14:28:26,79,82,12351,23637
2023-12-11 14:28:26,79,81,12351,23637
2023-12-11 14:28:27,78,81,12351,23637
2023-12-11 14:28:29,77,81,12351,23637
2023-12-11 14:28:30,77,82,12351,23637
2023-12-11 14:28:30,77,80,12351,23637
2023-12-11 14:28:33,76,80,12351,23637
2023-12-11 14:28:34,77,80,12351,23637
2023-12-11 14:28:39,76,80,12351,23637
2023-12-11 14:28:45,77,80,12351,23637
2023-12-11 14:28:47,76,80,12351,23637
2023-12-11 14:28:50,77,80,12351,23637
2023-12-11 14:28:52,76,80,12351,23637
2023-12-11 14:28:53,77,80,12351,23637
2023-12-11 14:28:59,78,80,12351,23637
2023-12-11 14:29:01,77,80,12351,23637
2023-12-11 14:29:02,78,80,12351,23637
2023-12-11 14:29:02,77,80,12351,23637
2023-12-11 14:29:05,78,80,12351,23637
2023-12-11 14:29:06,78,81,12351,23637
2023-12-11 14:29:06,78,79,12351,23637
2023-12-11 14:29:06,77,79,12351,23637
2023-12-11 14:29:06,76,79,12351,23637
2023-12-11 14:29:06,77,79,12351,23637
2023-12-11 14:29:07,77,81,12351,23637
2023-12-11 14:29:07,77,80,12351,23637
2023-12-11 14:29:09,77,81,12351,23637
2023-12-11 14:29:09,77,79,12351,23637
2023-12-11 14:29:10,77,81,12351,23637
2023-12-11 14:29:10,77,80,12351,23637
2023-12-11 14:29:12,76,80,12351,23637
2023-12-11 14:29:20,77,80,12351,23637
2023-12-11 14:29:21,76,80,12351,23637
2023-12-11 14:29:21,77,80,12351,23637
2023-12-11 14:29:22,76,80,12351,23637
2023-12-11 14:29:23,77,80,12351,23637
2023-12-11 14:29:24,77,81,12351,23637
2023-12-11 14:29:24,77,79,12351,23637
2023-12-11 14:29:24,76,79,12351,23637
2023-12-11 14:29:33,75,79,12351,23637
2023-12-11 14:29:34,75,78,12351,23637
2023-12-11 14:29:34,74,78,12351,23637
2023-12-11 14:29:37,73,78,12351,23637
2023-12-11 14:29:38,74,78,12351,23637
2023-12-11 14:29:39,73,78,12351,23637
2023-12-11 14:29:41,73,77,12351,23637
2023-12-11 14:29:43,73,78,12351,23637
2023-12-11 14:29:43,74,78,12351,23637
2023-12-11 14:29:51,73,78,12351,23637
2023-12-11 14:29:51,73,77,12351,23637
2023-12-11 14:30:03,73,78,12351,23637
2023-12-11 14:30:03,73,77,12351,23637
2023-12-11 14:30:03,73,76,12351,23637
2023-12-11 14:30:14,71,76,12351,23637
2023-12-11 14:30:14,71,77,12351,23637
2023-12-11 14:30:14,70,77,12351,23637
2023-12-11 14:30:14,70,75,12351,23637
2023-12-11 14:30:15,71,75,12351,23637
2023-12-11 14:30:16,70,75,12351,23637
2023-12-11 14:30:19,71,75,12351,23637
2023-12-11 14:30:19,72,75,12351,23637
2023-12-11 14:30:19,73,75,12351,23637
2023-12-11 14:30:23,73,76,12351,23637
2023-12-11 14:30:23,73,74,12351,23637
2023-12-11 14:30:23,72,74,12351,23637
2023-12-11 14:30:25,70,74,12351,23637
2023-12-11 14:30:26,70,76,12351,23637
2023-12-11 14:30:26,70,75,12351,23637
2023-12-11 14:30:26,71,75,12351,23637
2023-12-11 14:30:26,72,75,12351,23637
2023-12-11 14:30:26,71,75,12351,23637
2023-12-11 14:30:27,72,75,12351,23637
2023-12-11 14:30:27,71,75,12351,23637
2023-12-11 14:30:27,70,75,12351,23637
2023-12-11 14:30:30,71,75,12351,23637
2023-12-11 14:30:30,72,75,12351,23637
2023-12-11 14:30:31,73,75,12351,23637
2023-12-11 14:30:32,73,76,12351,23637
2023-12-11 14:30:32,73,74,12351,23637
2023-12-11 14:30:32,72,74,12351,23637
2023-12-11 14:30:34,73,74,12351,23637
2023-12-11 14:30:35,73,76,12351,23637
2023-12-11 14:30:35,73,75,12351,23637
2023-12-11 14:30:36,73,76,12351,23637
2023-12-11 14:30:36,73,74,12351,23637
2023-12-11 14:30:38,70,74,12351,23637
2023-12-11 14:30:38,71,74,12351,23637
2023-12-11 14:30:38,73,74,12351,23637
2023-12-11 14:30:39,69,74,12351,23637
2023-12-11 14:30:39,70,74,12351,23637
2023-12-11 14:30:39,70,74,12351,23637
2023-12-11 14:30:39,71,74,12351,23637
2023-12-11 14:30:40,72,74,12351,23637
2023-12-11 14:30:42,71,74,12351,23637
2023-12-11 14:30:42,70,74,12351,23637
2023-12-11 14:30:42,72,74,12351,23637
2023-12-11 14:30:42,71,74,12351,23637
2023-12-11 14:30:42,72,74,12351,23637
2023-12-11 14:30:43,72,73,12351,23637
2023-12-11 14:30:43,72,74,12351,23637
2023-12-11 14:30:48,70,74,12351,23637
2023-12-11 14:30:48,71,74,12351,23637
2023-12-11 14:30:50,72,74,12351,23637
2023-12-11 14:30:52,71,74,12351,23637
2023-12-11 14:30:56,72,74,12351,23637
2023-12-11 14:30:57,72,76,12351,23637
2023-12-11 14:30:57,72,77,12351,23637
2023-12-11 14:30:57,72,75,12351,23637
2023-12-11 14:30:57,71,75,12351,23637
2023-12-11 14:30:58,71,77,12351,23637
2023-12-11 14:30:58,72,77,12351,23637
2023-12-11 14:30:58,72,76,12351,23637
2023-12-11 14:30:59,72,77,12351,23637
2023-12-11 14:30:59,72,75,12351,23637
2023-12-11 14:31:01,72,77,12351,23637
2023-12-11 14:31:01,72,76,12351,23637
2023-12-11 14:31:02,72,77,12351,23637
2023-12-11 14:31:02,72,75,12351,23637
2023-12-11 14:31:07,71,75,12351,23637
2023-12-11 14:31:12,72,75,12351,23637
2023-12-11 14:31:13,72,77,12351,23637
2023-12-11 14:31:13,72,76,12351,23637
2023-12-11 14:31:16,73,76,12351,23637
2023-12-11 14:31:17,74,76,12351,23637
2023-12-11 14:31:21,73,76,12351,23637
2023-12-11 14:31:21,72,76,12351,23637
2023-12-11 14:31:21,74,76,12351,23637
2023-12-11 14:31:27,72,76,12351,23637
2023-12-11 14:31:27,74,76,12351,23637
2023-12-11 14:31:27,73,76,12351,23637
2023-12-11 14:31:28,74,76,12351,23637
2023-12-11 14:31:30,73,76,12351,23637
2023-12-11 14:31:30,74,76,12351,23637
2023-12-11 14:31:32,74,78,12351,23637
2023-12-11 14:31:32,74,77,12351,23637
2023-12-11 14:31:32,73,77,12351,23637
2023-12-11 14:31:32,74,77,12351,23637
2023-12-11 14:31:34,73,77,12351,23637
2023-12-11 14:31:36,73,79,12351,23637
2023-12-11 14:31:36,75,79,12351,23637
2023-12-11 14:31:36,75,78,12351,23637
2023-12-11 14:31:38,76,78,12351,23637
2023-12-11 14:31:39,76,79,12351,23637
2023-12-11 14:31:39,76,80,12351,23637
2023-12-11 14:31:39,76,79,12351,23637
2023-12-11 14:31:46,76,80,12351,23637
2023-12-11 14:31:46,77,80,12351,23637
2023-12-11 14:31:49,78,80,12351,23637
2023-12-11 14:31:50,77,80,12351,23637
2023-12-11 14:31:51,78,80,12351,23637
2023-12-11 14:31:52,77,80,12351,23637
2023-12-11 14:31:54,78,80,12351,23637
2023-12-11 14:31:58,77,80,12351,23637
2023-12-11 14:32:03,77,81,12351,23637
2023-12-11 14:32:03,77,79,12351,23637
2023-12-11 14:32:05,76,79,12351,23637
2023-12-11 14:32:06,77,79,12351,23637
2023-12-11 14:32:07,76,79,12351,23637
2023-12-11 14:32:08,77,79,12351,23637
2023-12-11 14:32:14,76,79,12351,23637
2023-12-11 14:32:15,77,79,12351,23637
2023-12-11 14:32:16,78,79,12351,23637
2023-12-11 14:32:18,78,81,12351,23637
2023-12-11 14:32:18,78,80,12351,23637
2023-12-11 14:32:18,77,80,12351,23637
2023-12-11 14:32:18,78,80,12351,23637
2023-12-11 14:32:23,77,80,12351,23637
2023-12-11 14:32:24,78,80,12351,23637
2023-12-11 14:32:25,77,80,12351,23637
2023-12-11 14:32:28,77,81,12351,23637
2023-12-11 14:32:28,77,80,12351,23637
2023-12-11 14:32:28,77,79,12351,23637
2023-12-11 14:32:28,76,79,12351,23637
2023-12-11 14:32:32,76,78,12351,23637
2023-12-11 14:32:33,75,78,12351,23637
2023-12-11 14:32:35,75,77,12351,23637
2023-12-11 14:32:36,75,79,12351,23637
2023-12-11 14:32:36,75,78,12351,23637
2023-12-11 14:32:46,76,78,12351,23637
2023-12-11 14:32:47,76,80,12351,23637
2023-12-11 14:32:47,76,79,12351,23637
2023-12-11 14:32:52,77,79,12351,23637
2023-12-11 14:32:53,76,79,12351,23637
2023-12-11 14:32:54,77,79,12351,23637
2023-12-11 14:32:55,76,79,12351,23637
2023-12-11 14:32:56,77,79,12351,23637
2023-12-11 14:32:59,77,81,12351,23637
2023-12-11 14:32:59,77,80,12351,23637
2023-12-11 14:33:04,77,79,12351,23637
2023-12-11 14:33:06,76,79,12351,23637
2023-12-11 14:33:08,75,79,12351,23637
2023-12-11 14:33:08,75,78,12351,23637
2023-12-11 14:33:12,75,77,12351,23637
2023-12-11 14:33:25,75,79,12351,23637
2023-12-11 14:33:25,75,77,12351,23637
2023-12-11 14:33:25,73,77,12351,23637
2023-12-11 14:33:25,72,77,12351,23637
2023-12-11 14:33:25,72,76,12351,23637
2023-12-11 14:33:26,72,75,12351,23637
2023-12-11 14:33:44,72,77,12351,23637
2023-12-11 14:33:44,72,76,12351,23637
2023-12-11 14:33:47,73,76,12351,23637
2023-12-11 14:33:47,73,77,12351,23936
2023-12-11 14:33:50,73,78,12351,23936
2023-12-11 14:33:53,74,78,12351,23936
2023-12-11 14:33:55,73,78,12351,23936
2023-12-11 14:34:00,74,78,12351,23936
2023-12-11 14:34:02,74,79,12351,23936
2023-12-11 14:34:03,73,79,12351,23936
2023-12-11 14:34:03,73,78,12351,23936
2023-12-11 14:34:22,74,78,12351,23936
2023-12-11 14:34:34,75,78,12351,23936
2023-12-11 14:34:34,74,78,12351,23936
2023-12-11 14:34:37,74,79,12351,23936
2023-12-11 14:34:42,74,78,12351,23936
2023-12-11 14:34:45,74,79,12351,23936
2023-12-11 14:34:51,75,79,12351,23936
2023-12-11 14:34:56,74,79,12351,23936
2023-12-11 14:34:58,75,79,12351,23936
