datetime,bid,ask,open_interest,volume
2023-12-11 09:30:01,2,31,592,592
2023-12-11 09:30:09,2,43,592,592
2023-12-11 09:30:55,2,42,592,592
2023-12-11 09:30:55,3,42,592,592
2023-12-11 09:30:55,3,15,592,592
2023-12-11 09:30:55,3,14,592,592
2023-12-11 09:31:00,3,7,592,592
2023-12-11 09:31:10,5,7,594,594
2023-12-11 09:31:13,6,7,594,594
2023-12-11 09:31:18,5,7,594,594
2023-12-11 09:31:21,6,7,594,594
2023-12-11 09:31:22,5,7,594,594
2023-12-11 09:31:22,6,7,594,594
2023-12-11 09:31:25,6,9,594,594
2023-12-11 09:31:30,6,8,594,594
2023-12-11 09:31:31,5,8,594,594
2023-12-11 09:31:34,6,8,594,594
2023-12-11 09:31:42,5,8,594,594
2023-12-11 09:31:45,6,8,594,594
2023-12-11 09:31:55,6,9,594,594
2023-12-11 09:31:57,6,8,594,594
2023-12-11 09:32:06,6,9,594,594
2023-12-11 09:32:13,6,8,594,594
2023-12-11 09:32:16,6,9,594,594
2023-12-11 09:32:17,6,8,594,594
2023-12-11 09:32:19,6,9,594,594
2023-12-11 09:32:20,6,8,594,594
2023-12-11 09:32:21,6,9,594,594
2023-12-11 09:32:22,6,8,594,594
2023-12-11 09:32:25,5,8,594,594
2023-12-11 09:32:26,6,8,594,594
2023-12-11 09:32:32,6,9,594,594
2023-12-11 09:32:32,6,8,594,594
2023-12-11 09:32:36,6,9,594,594
2023-12-11 09:32:37,6,8,594,594
2023-12-11 09:32:46,6,7,594,594
2023-12-11 09:33:16,6,7,794,794
2023-12-11 09:33:17,6,7,994,994
2023-12-11 09:33:40,6,9,2594,2594
2023-12-11 09:33:41,7,9,2594,2594
2023-12-11 09:33:42,6,9,2594,2594
2023-12-11 09:33:48,6,8,2594,2594
2023-12-11 09:33:49,6,9,2594,2594
2023-12-11 09:34:00,6,10,2594,2594
2023-12-11 09:34:07,7,10,2594,2594
2023-12-11 09:34:16,9,10,2594,2594
2023-12-11 09:34:23,9,11,2594,2594
2023-12-11 09:34:23,9,10,2594,2594
2023-12-11 09:34:28,9,11,2594,2594
2023-12-11 09:34:49,9,10,2594,2594
2023-12-11 09:34:54,7,9,2594,2599
2023-12-11 09:34:56,6,9,2594,2599
2023-12-11 09:35:02,6,8,2594,2599
2023-12-11 09:35:05,6,9,2594,2599
2023-12-11 09:35:09,7,9,2594,2599
2023-12-11 09:35:11,6,9,2594,2599
2023-12-11 09:35:12,7,9,2594,2599
2023-12-11 09:35:16,6,9,2594,2599
2023-12-11 09:35:17,7,9,2594,2599
2023-12-11 09:35:20,6,9,2594,2599
2023-12-11 09:35:21,6,8,2594,2599
2023-12-11 09:35:47,6,7,2594,2599
2023-12-11 09:35:57,5,7,2594,2599
2023-12-11 09:36:11,6,7,2594,2599
2023-12-11 09:36:39,6,9,2594,2599
2023-12-11 09:36:42,7,9,2594,2599
2023-12-11 09:36:43,6,9,2594,2599
2023-12-11 09:36:44,7,9,2594,2599
2023-12-11 09:36:45,6,9,2594,2599
2023-12-11 09:36:48,7,9,2594,2599
2023-12-11 09:36:56,7,10,2594,2599
2023-12-11 09:37:09,8,10,2594,2599
2023-12-11 09:37:15,8,11,2594,2599
2023-12-11 09:37:16,9,11,2594,2599
2023-12-11 09:37:27,10,11,2594,2599
2023-12-11 09:37:46,9,11,2594,2799
2023-12-11 09:37:49,8,11,2594,2799
2023-12-11 09:37:52,8,10,2594,2799
2023-12-11 09:37:57,7,10,2594,2799
2023-12-11 09:38:07,8,10,2594,2799
2023-12-11 09:38:07,8,11,2594,2799
2023-12-11 09:38:09,9,11,2594,2799
2023-12-11 09:38:21,10,11,2594,2799
2023-12-11 09:38:32,9,11,2594,2799
2023-12-11 09:38:57,9,12,2594,2799
2023-12-11 09:38:57,10,12,2594,2799
2023-12-11 09:39:39,11,12,2594,2799
2023-12-11 09:39:42,11,12,2596,2801
2023-12-11 09:39:44,11,13,2596,2801
2023-12-11 09:39:47,11,14,3096,3701
2023-12-11 09:39:47,11,13,3096,3701
2023-12-11 09:39:49,11,14,3096,3701
2023-12-11 09:39:51,11,13,3096,3701
2023-12-11 09:40:06,10,13,3096,3701
2023-12-11 09:40:06,10,12,3096,3701
2023-12-11 09:40:12,11,12,3096,3701
2023-12-11 09:40:12,11,13,3096,3701
2023-12-11 09:40:23,11,14,3096,3701
2023-12-11 09:40:26,11,13,3096,3701
2023-12-11 09:40:33,11,12,3096,3701
2023-12-11 09:40:33,10,12,3096,3701
2023-12-11 09:40:42,10,13,3096,3701
2023-12-11 09:40:43,11,13,3096,3701
2023-12-11 09:41:02,11,14,3096,3701
2023-12-11 09:41:03,12,14,3096,3701
2023-12-11 09:41:03,12,14,3096,3761
2023-12-11 09:41:11,11,14,3096,3761
2023-12-11 09:41:12,12,14,3096,3761
2023-12-11 09:41:22,13,14,3096,3761
2023-12-11 09:41:23,12,14,3096,3761
2023-12-11 09:41:26,13,14,3096,3761
2023-12-11 09:41:54,12,14,3096,3761
2023-12-11 09:41:54,12,14,3096,3761
2023-12-11 09:41:56,12,13,3096,3761
2023-12-11 09:42:02,11,13,3096,3761
2023-12-11 09:42:02,10,13,3096,3761
2023-12-11 09:42:02,11,13,3096,3761
2023-12-11 09:42:04,11,12,3096,3761
2023-12-11 09:42:06,11,12,3096,3761
2023-12-11 09:42:07,10,12,3096,3761
2023-12-11 09:42:11,11,12,3096,3761
2023-12-11 09:42:12,11,13,3096,3761
2023-12-11 09:42:26,10,13,3096,3761
2023-12-11 09:42:26,11,13,3096,3761
2023-12-11 09:42:26,12,13,3096,3761
2023-12-11 09:42:34,11,13,3096,3761
2023-12-11 09:42:38,12,13,3096,3761
2023-12-11 09:42:42,12,14,3096,3761
2023-12-11 09:42:42,13,14,3096,3761
2023-12-11 09:42:53,12,14,3096,3761
2023-12-11 09:42:56,12,13,3096,3761
2023-12-11 09:42:59,12,14,3096,3761
2023-12-11 09:43:01,12,13,3096,3761
2023-12-11 09:43:02,11,13,3096,3761
2023-12-11 09:43:02,10,13,3096,3761
2023-12-11 09:43:02,11,13,3096,3761
2023-12-11 09:43:15,10,13,3096,3761
2023-12-11 09:43:15,12,13,3096,3761
2023-12-11 09:43:20,10,13,3096,3761
2023-12-11 09:43:20,11,13,3096,3761
2023-12-11 09:43:29,10,13,3096,3761
2023-12-11 09:43:29,12,13,3096,3761
2023-12-11 09:43:30,10,13,3096,3761
2023-12-11 09:43:30,11,13,3096,3761
2023-12-11 09:43:38,10,13,3096,3761
2023-12-11 09:43:38,12,13,3096,3761
2023-12-11 09:43:40,10,13,3096,3761
2023-12-11 09:43:40,11,13,3096,3761
2023-12-11 09:43:50,11,12,3096,3761
2023-12-11 09:43:51,11,13,3096,3761
2023-12-11 09:43:53,11,12,3096,3761
2023-12-11 09:43:53,11,13,3096,3761
2023-12-11 09:43:59,11,12,3096,3761
2023-12-11 09:44:03,10,12,3096,3761
2023-12-11 09:44:03,9,11,3096,3761
2023-12-11 09:44:03,10,11,3096,3761
2023-12-11 09:44:19,10,13,2656,4201
2023-12-11 09:44:23,10,12,2656,4201
2023-12-11 09:44:27,9,12,2656,4201
2023-12-11 09:45:18,10,12,2656,4201
2023-12-11 09:45:21,9,12,2656,4201
2023-12-11 09:45:23,10,12,2656,4201
2023-12-11 09:45:24,10,13,2656,4201
2023-12-11 09:45:24,10,12,2656,4201
2023-12-11 09:45:25,10,11,2656,4201
2023-12-11 09:45:27,10,12,2656,4201
2023-12-11 09:45:27,10,11,2656,4201
2023-12-11 09:45:30,10,12,2656,4201
2023-12-11 09:45:31,10,11,2656,4201
2023-12-11 09:45:32,10,12,2656,4201
2023-12-11 09:45:33,10,11,2656,4201
2023-12-11 09:45:36,10,12,2656,4201
2023-12-11 09:45:37,11,12,2656,4201
2023-12-11 09:45:37,11,13,2656,4201
2023-12-11 09:45:38,11,12,2656,4201
2023-12-11 09:45:42,11,14,2656,4201
2023-12-11 09:45:43,11,13,2656,4201
2023-12-11 09:46:00,11,12,2656,4201
2023-12-11 09:46:00,11,13,2656,4201
2023-12-11 09:46:06,11,12,2656,4201
2023-12-11 09:46:07,11,13,2656,4201
2023-12-11 09:46:07,11,12,2656,4201
2023-12-11 09:46:09,11,13,2656,4201
2023-12-11 09:46:11,11,12,2656,4201
2023-12-11 09:46:13,11,13,2656,4201
2023-12-11 09:46:33,11,14,2656,4201
2023-12-11 09:46:43,11,13,2656,4201
2023-12-11 09:46:52,11,12,2656,4201
2023-12-11 09:47:01,11,12,2657,4401
2023-12-11 09:47:01,11,12,2777,4521
2023-12-11 09:47:12,9,12,2777,4521
2023-12-11 09:47:12,10,12,2777,4521
2023-12-11 09:47:13,10,13,2777,4521
2023-12-11 09:47:19,10,12,2777,4521
2023-12-11 09:47:21,10,13,2777,4521
2023-12-11 09:47:41,11,13,2777,4521
2023-12-11 09:47:41,11,14,2777,4521
2023-12-11 09:47:42,11,13,2777,4521
2023-12-11 09:47:43,11,14,2777,4521
2023-12-11 09:47:55,11,13,2777,4521
2023-12-11 09:47:56,12,13,2777,4521
2023-12-11 09:47:56,12,14,2777,4521
2023-12-11 09:47:56,12,13,2777,4521
2023-12-11 09:47:58,12,14,2777,4521
2023-12-11 09:47:58,12,13,2777,4521
2023-12-11 09:48:01,12,14,2777,4521
2023-12-11 09:48:02,12,13,2777,4521
2023-12-11 09:48:03,12,14,2777,4521
2023-12-11 09:48:05,12,13,2777,4521
2023-12-11 09:48:08,12,14,2777,4521
2023-12-11 09:48:17,12,13,2777,4521
2023-12-11 09:48:46,10,12,2782,4526
2023-12-11 09:49:00,10,13,2782,4526
2023-12-11 09:49:06,11,13,2782,4526
2023-12-11 09:49:14,11,14,2782,4526
2023-12-11 09:49:18,12,14,2782,4526
2023-12-11 09:49:25,11,14,2782,4526
2023-12-11 09:49:28,11,14,2782,4526
2023-12-11 09:49:31,11,13,2782,4526
2023-12-11 09:49:42,10,13,2782,4526
2023-12-11 09:49:50,10,12,2782,4526
2023-12-11 09:49:54,9,12,2782,4526
2023-12-11 09:49:56,10,12,2782,4526
2023-12-11 09:50:14,11,12,2782,4526
2023-12-11 09:50:15,10,12,2782,4526
2023-12-11 09:50:19,10,13,2782,4526
2023-12-11 09:50:19,11,13,2782,4526
2023-12-11 09:50:19,10,13,2782,4526
2023-12-11 09:50:24,11,13,2782,4526
2023-12-11 09:50:27,11,14,2782,4526
2023-12-11 09:50:27,11,13,2782,4526
2023-12-11 09:50:29,11,14,2782,4526
2023-12-11 09:50:36,11,13,2782,4526
2023-12-11 09:50:37,11,14,2782,4526
2023-12-11 09:50:37,11,13,2782,4526
2023-12-11 09:50:38,11,14,2782,4526
2023-12-11 09:50:38,11,13,2782,4526
2023-12-11 09:50:43,11,14,2782,4526
2023-12-11 09:50:57,11,13,2782,4526
2023-12-11 09:50:57,10,13,2782,4526
2023-12-11 09:51:15,11,13,2782,4526
2023-12-11 09:51:21,10,13,2782,4526
2023-12-11 09:51:31,10,12,2782,4526
2023-12-11 09:51:31,9,12,2782,4526
2023-12-11 09:51:40,10,12,2782,4526
2023-12-11 09:51:55,10,13,2782,4526
2023-12-11 09:51:56,10,12,2782,4526
2023-12-11 09:52:05,9,12,2782,4526
2023-12-11 09:52:06,10,12,2782,4526
2023-12-11 09:52:07,9,12,2782,4526
2023-12-11 09:52:10,10,12,2782,4526
2023-12-11 09:52:12,10,13,2782,4526
2023-12-11 09:52:20,10,12,2782,4526
2023-12-11 09:52:34,10,13,2782,4526
2023-12-11 09:52:35,10,12,2782,4526
2023-12-11 09:52:51,10,13,2782,4526
2023-12-11 09:52:51,10,12,2782,4526
2023-12-11 09:52:53,10,13,2782,4526
2023-12-11 09:52:54,10,12,2782,4526
2023-12-11 09:52:58,11,12,2782,4526
2023-12-11 09:52:58,11,13,2782,4526
2023-12-11 09:53:02,10,13,2782,4526
2023-12-11 09:53:09,11,13,2782,4526
2023-12-11 09:53:11,11,14,2782,4526
2023-12-11 09:53:11,11,13,2782,4526
2023-12-11 09:53:16,11,14,2782,4526
2023-12-11 09:53:16,11,13,2782,4526
2023-12-11 09:53:21,11,14,2782,4526
2023-12-11 09:53:21,11,13,2782,4526
2023-12-11 09:53:26,11,14,2782,4526
2023-12-11 09:53:27,11,13,2782,4526
2023-12-11 09:53:27,11,14,2782,4526
2023-12-11 09:53:31,11,13,2782,4526
2023-12-11 09:53:34,11,14,2782,4526
2023-12-11 09:53:36,11,13,2782,4526
2023-12-11 09:53:39,11,14,2782,4526
2023-12-11 09:53:43,11,13,2782,4526
2023-12-11 09:53:48,10,13,2782,4526
2023-12-11 09:54:08,10,12,2782,4526
2023-12-11 09:54:19,11,12,2782,4526
2023-12-11 09:54:29,10,12,2782,4526
2023-12-11 09:54:46,10,11,2782,4526
2023-12-11 09:55:06,10,11,3182,4926
2023-12-11 09:55:06,8,11,3282,5026
2023-12-11 09:55:16,8,10,3282,5026
2023-12-11 09:55:16,8,9,3282,5026
2023-12-11 09:55:16,7,9,3282,5026
2023-12-11 09:55:19,7,9,3282,5226
2023-12-11 09:55:21,7,9,3282,5426
2023-12-11 09:55:52,7,10,3282,5426
2023-12-11 09:55:53,7,9,3282,5426
2023-12-11 09:56:21,7,10,3282,5426
2023-12-11 09:56:37,8,10,3282,5426
2023-12-11 09:56:38,7,10,3282,5426
2023-12-11 09:56:39,7,9,3282,5426
2023-12-11 09:56:39,7,10,3282,5426
2023-12-11 09:56:40,7,9,3282,5426
2023-12-11 09:56:42,7,10,3282,5426
2023-12-11 09:56:45,7,9,3282,5426
2023-12-11 09:56:46,7,10,3282,5426
2023-12-11 09:56:48,8,10,3282,5426
2023-12-11 09:57:01,8,9,3282,5426
2023-12-11 09:57:05,8,10,3282,5426
2023-12-11 09:57:07,8,9,3282,5426
2023-12-11 09:57:12,8,9,3342,5486
2023-12-11 09:57:14,8,9,3412,5556
2023-12-11 09:57:15,8,9,3712,5856
2023-12-11 09:57:16,7,9,3712,5856
2023-12-11 09:57:31,7,8,3712,5856
2023-12-11 09:57:57,7,9,3712,5856
2023-12-11 09:57:58,7,8,3712,5856
2023-12-11 09:58:01,7,9,3712,5856
2023-12-11 09:58:16,7,10,3712,5856
2023-12-11 09:58:17,7,9,3712,5856
2023-12-11 09:58:18,7,10,3712,5856
2023-12-11 09:58:25,8,10,3712,5856
2023-12-11 09:58:30,9,10,3712,5856
2023-12-11 09:58:31,8,10,3712,5856
2023-12-11 09:58:53,9,10,3712,5856
2023-12-11 09:58:56,9,11,3712,5856
2023-12-11 09:59:08,10,11,3712,5856
2023-12-11 09:59:11,10,12,3712,5856
2023-12-11 09:59:13,10,11,3712,5856
2023-12-11 09:59:14,10,12,3712,5856
2023-12-11 09:59:14,10,11,3712,5856
2023-12-11 09:59:15,11,12,3833,5983
2023-12-11 09:59:30,11,13,3833,5983
2023-12-11 09:59:45,12,13,3833,5983
2023-12-11 09:59:52,11,13,3833,5983
2023-12-11 10:00:00,12,13,3833,5983
2023-12-11 10:00:01,12,15,3833,5983
2023-12-11 10:00:02,12,15,3833,5983
2023-12-11 10:00:03,12,14,3833,5983
2023-12-11 10:00:05,11,14,3833,5983
2023-12-11 10:00:07,11,13,3833,5983
2023-12-11 10:00:11,11,12,3833,5983
2023-12-11 10:00:11,10,12,3833,5983
2023-12-11 10:00:12,10,13,3833,5983
2023-12-11 10:00:15,10,12,3833,5983
2023-12-11 10:00:17,10,13,3833,5983
2023-12-11 10:00:25,10,12,3833,5983
2023-12-11 10:00:27,10,13,3833,5983
2023-12-11 10:00:28,10,12,3833,5983
2023-12-11 10:00:34,10,13,3833,5983
2023-12-11 10:00:41,11,13,3833,5983
2023-12-11 10:00:43,11,14,3833,5983
2023-12-11 10:00:52,12,14,3833,5983
2023-12-11 10:00:55,12,15,3833,5983
2023-12-11 10:00:57,12,14,3833,5983
2023-12-11 10:01:09,11,14,3833,5983
2023-12-11 10:01:19,11,13,3833,5983
2023-12-11 10:01:20,11,12,3833,5983
2023-12-11 10:01:20,10,12,3833,5983
2023-12-11 10:01:22,9,12,3833,5983
2023-12-11 10:01:26,10,12,3833,5983
2023-12-11 10:01:51,9,12,3833,5983
2023-12-11 10:01:53,10,12,3833,5983
2023-12-11 10:01:58,10,11,3833,5983
2023-12-11 10:01:58,9,11,3833,5983
2023-12-11 10:02:01,10,11,3833,5983
2023-12-11 10:02:01,10,12,3833,5983
2023-12-11 10:02:02,9,12,3833,5983
2023-12-11 10:02:02,9,11,3833,5983
2023-12-11 10:02:03,9,12,3833,5983
2023-12-11 10:02:06,9,11,3833,5983
2023-12-11 10:02:14,9,12,3833,5983
2023-12-11 10:02:22,10,12,3833,5983
2023-12-11 10:02:37,9,12,3833,5983
2023-12-11 10:02:43,9,11,3833,5983
2023-12-11 10:02:54,9,10,3833,5983
2023-12-11 10:02:58,9,11,3833,5983
2023-12-11 10:03:05,9,10,3833,5983
2023-12-11 10:03:06,8,10,3833,5983
2023-12-11 10:03:37,8,9,3833,5983
2023-12-11 10:03:37,8,10,3833,5983
2023-12-11 10:03:55,8,11,3833,5983
2023-12-11 10:03:59,9,11,3833,5983
2023-12-11 10:04:19,8,11,3833,5983
2023-12-11 10:04:22,8,10,3833,5983
2023-12-11 10:04:22,8,11,3833,5983
2023-12-11 10:04:22,8,10,3833,5983
2023-12-11 10:04:26,8,11,3833,5983
2023-12-11 10:04:26,8,10,3833,5983
2023-12-11 10:04:54,8,11,3833,5983
2023-12-11 10:04:57,9,11,3833,5983
2023-12-11 10:05:02,8,11,3833,5983
2023-12-11 10:05:04,9,11,3833,5983
2023-12-11 10:05:06,8,11,3833,5983
2023-12-11 10:05:14,9,11,3833,5983
2023-12-11 10:05:16,8,11,3833,5983
2023-12-11 10:05:21,9,11,3833,5983
2023-12-11 10:05:24,10,11,3833,5983
2023-12-11 10:05:24,10,11,3883,6160
2023-12-11 10:05:24,9,11,3883,6160
2023-12-11 10:05:25,10,11,3883,6160
2023-12-11 10:05:25,9,11,3883,6160
2023-12-11 10:05:30,9,12,3883,6160
2023-12-11 10:05:31,10,12,3883,6160
2023-12-11 10:05:33,9,12,3883,6160
2023-12-11 10:05:41,10,12,3883,6160
2023-12-11 10:05:47,9,12,3883,6160
2023-12-11 10:05:49,10,12,3883,6160
2023-12-11 10:05:57,10,13,3883,6160
2023-12-11 10:05:57,11,13,3883,6160
2023-12-11 10:06:01,10,13,3883,6160
2023-12-11 10:06:04,11,13,3883,6160
2023-12-11 10:07:32,12,13,3883,6160
2023-12-11 10:07:33,11,13,3883,6160
2023-12-11 10:07:36,11,14,3883,6160
2023-12-11 10:08:08,12,14,3883,6160
2023-12-11 10:08:09,11,14,3883,6160
2023-12-11 10:08:10,12,14,3883,6160
2023-12-11 10:08:12,11,14,3883,6160
2023-12-11 10:08:13,12,14,3883,6160
2023-12-11 10:08:17,11,14,3883,6160
2023-12-11 10:08:18,12,14,3883,6160
2023-12-11 10:08:21,11,14,3883,6160
2023-12-11 10:08:31,12,14,3883,6160
2023-12-11 10:08:40,11,14,3883,6160
2023-12-11 10:08:42,12,14,3883,6160
2023-12-11 10:08:44,11,14,3883,6160
2023-12-11 10:08:44,12,14,3883,6160
2023-12-11 10:08:56,12,13,3883,6160
2023-12-11 10:09:02,11,13,3883,6160
2023-12-11 10:09:21,12,13,3883,6160
2023-12-11 10:09:22,11,13,3883,6160
2023-12-11 10:09:22,12,13,3883,6160
2023-12-11 10:09:24,11,13,3883,6160
2023-12-11 10:09:27,12,13,3883,6160
2023-12-11 10:09:37,11,13,3883,6160
2023-12-11 10:09:38,12,13,3883,6160
2023-12-11 10:09:38,11,13,3883,6160
2023-12-11 10:09:38,12,13,3883,6160
2023-12-11 10:09:40,11,13,3883,6160
2023-12-11 10:09:48,12,13,3883,6160
2023-12-11 10:09:50,11,13,3883,6160
2023-12-11 10:09:51,12,13,3883,6160
2023-12-11 10:10:03,12,14,3883,6185
2023-12-11 10:10:15,11,14,3883,6185
2023-12-11 10:10:25,11,13,3883,6185
2023-12-11 10:10:37,10,13,3883,6185
2023-12-11 10:10:44,10,12,3883,6185
2023-12-11 10:10:45,10,13,3883,6185
2023-12-11 10:10:45,10,12,3883,6185
2023-12-11 10:10:58,10,13,3883,6185
2023-12-11 10:11:13,10,12,3883,6185
2023-12-11 10:11:30,10,13,3883,6185
2023-12-11 10:11:41,11,13,3883,6185
2023-12-11 10:11:45,11,14,3883,6185
2023-12-11 10:11:55,11,13,3883,6185
2023-12-11 10:11:57,10,13,3883,6185
2023-12-11 10:11:58,11,13,3883,6185
2023-12-11 10:12:01,10,13,3883,6185
2023-12-11 10:12:07,11,13,3883,6185
2023-12-11 10:12:08,10,13,3883,6185
2023-12-11 10:12:10,11,13,3883,6185
2023-12-11 10:12:18,10,13,3883,6185
2023-12-11 10:12:23,11,13,3883,6185
2023-12-11 10:12:41,11,14,3883,6185
2023-12-11 10:12:43,12,14,3883,6185
2023-12-11 10:12:46,11,14,3883,6185
2023-12-11 10:12:48,12,14,3883,6185
2023-12-11 10:12:48,11,14,3883,6185
2023-12-11 10:12:57,11,13,3883,6185
2023-12-11 10:12:58,11,14,3883,6185
2023-12-11 10:13:03,12,14,3883,6185
2023-12-11 10:13:05,11,14,3883,6185
2023-12-11 10:13:11,12,14,3883,6185
2023-12-11 10:13:12,11,14,3883,6185
2023-12-11 10:13:17,11,13,3883,6185
2023-12-11 10:13:21,11,14,3883,6185
2023-12-11 10:13:33,12,14,3883,6185
2023-12-11 10:13:35,11,14,3883,6185
2023-12-11 10:13:36,12,14,3883,6185
2023-12-11 10:13:59,11,14,3883,6185
2023-12-11 10:14:00,12,14,3883,6185
2023-12-11 10:14:22,13,14,3883,6185
2023-12-11 10:14:23,12,14,3883,6185
2023-12-11 10:14:42,11,14,3883,6185
2023-12-11 10:14:49,12,14,3883,6185
2023-12-11 10:15:06,11,14,3883,6185
2023-12-11 10:15:14,12,14,3883,6185
2023-12-11 10:15:15,11,14,3883,6185
2023-12-11 10:15:18,12,14,3883,6185
2023-12-11 10:15:19,11,14,3883,6185
2023-12-11 10:15:19,12,14,3883,6185
2023-12-11 10:15:22,11,14,3883,6185
2023-12-11 10:15:38,11,13,3883,6185
2023-12-11 10:15:43,10,13,3883,6185
2023-12-11 10:15:50,11,13,3883,6185
2023-12-11 10:16:19,10,13,3883,6185
2023-12-11 10:16:23,11,13,3883,6185
2023-12-11 10:16:25,10,13,3883,6185
2023-12-11 10:16:25,11,13,3883,6185
2023-12-11 10:16:26,10,13,3883,6185
2023-12-11 10:16:30,11,13,3883,6185
2023-12-11 10:16:36,10,13,3883,6185
2023-12-11 10:16:45,10,12,3883,6185
2023-12-11 10:16:49,10,13,3883,6185
2023-12-11 10:17:08,11,13,3883,6185
2023-12-11 10:17:10,10,13,3883,6185
2023-12-11 10:17:11,11,13,3883,6185
2023-12-11 10:17:12,10,13,3883,6185
2023-12-11 10:17:13,11,13,3883,6185
2023-12-11 10:17:13,10,13,3883,6185
2023-12-11 10:17:14,11,13,3883,6185
2023-12-11 10:17:14,10,13,3883,6185
2023-12-11 10:17:15,11,13,3883,6185
2023-12-11 10:17:16,10,13,3883,6185
2023-12-11 10:17:17,10,12,3883,6185
2023-12-11 10:17:18,10,13,3883,6185
2023-12-11 10:17:19,10,12,3883,6185
2023-12-11 10:17:24,10,13,3883,6185
2023-12-11 10:17:29,11,13,3883,6185
2023-12-11 10:17:31,10,13,3883,6185
2023-12-11 10:17:32,11,13,3883,6185
2023-12-11 10:17:34,10,13,3883,6185
2023-12-11 10:17:39,10,12,3883,6185
2023-12-11 10:17:42,9,12,3883,6185
2023-12-11 10:17:48,9,11,3883,6185
2023-12-11 10:17:50,9,12,3883,6185
2023-12-11 10:17:52,9,11,3883,6185
2023-12-11 10:17:56,9,12,3883,6185
2023-12-11 10:17:57,9,11,3883,6185
2023-12-11 10:18:06,8,11,3883,6185
2023-12-11 10:18:22,8,10,3883,6185
2023-12-11 10:18:40,8,11,3883,6185
2023-12-11 10:18:43,9,11,3883,6185
2023-12-11 10:18:53,9,12,3883,6185
2023-12-11 10:18:59,10,12,3883,6185
2023-12-11 10:19:00,10,13,3883,6185
2023-12-11 10:19:10,10,12,3883,6185
2023-12-11 10:19:22,9,12,3883,6185
2023-12-11 10:19:24,10,12,3883,6185
2023-12-11 10:19:32,10,13,3883,6185
2023-12-11 10:19:35,11,13,3883,6185
2023-12-11 10:19:36,10,13,3883,6185
2023-12-11 10:19:47,10,12,3883,6185
2023-12-11 10:19:50,10,13,3883,6185
2023-12-11 10:20:05,11,13,3883,6185
2023-12-11 10:20:07,11,14,3883,6185
2023-12-11 10:20:21,12,14,3883,6185
2023-12-11 10:20:22,11,14,3883,6185
2023-12-11 10:20:24,12,14,3883,6185
2023-12-11 10:20:28,11,14,3883,6185
2023-12-11 10:20:43,11,13,3883,6185
2023-12-11 10:20:54,11,14,3883,6185
2023-12-11 10:21:13,12,14,3883,6185
2023-12-11 10:21:33,11,14,3883,6185
2023-12-11 10:21:51,11,13,3883,6185
2023-12-11 10:22:14,11,12,3883,6185
2023-12-11 10:22:16,11,13,3883,6185
2023-12-11 10:22:19,11,12,3883,6185
2023-12-11 10:22:27,11,13,3883,6185
2023-12-11 10:22:28,11,12,3883,6185
2023-12-11 10:22:29,11,13,3883,6185
2023-12-11 10:22:48,11,12,3883,6185
2023-12-11 10:23:20,9,11,3883,6190
2023-12-11 10:23:32,9,12,3883,6190
2023-12-11 10:23:45,10,12,3883,6190
2023-12-11 10:23:49,10,13,3883,6190
2023-12-11 10:24:00,10,12,3883,6190
2023-12-11 10:24:00,10,11,3883,6190
2023-12-11 10:24:01,10,13,3883,6190
2023-12-11 10:24:19,10,12,3883,6190
2023-12-11 10:24:20,9,12,3883,6190
2023-12-11 10:24:29,10,12,3883,6190
2023-12-11 10:24:30,10,13,3883,6190
2023-12-11 10:24:35,10,12,3883,6190
2023-12-11 10:24:36,10,13,3883,6190
2023-12-11 10:24:37,10,12,3883,6190
2023-12-11 10:24:41,9,12,3883,6190
2023-12-11 10:24:49,9,11,3883,6190
2023-12-11 10:24:54,9,12,3883,6190
2023-12-11 10:24:58,9,11,3883,6190
2023-12-11 10:25:05,9,12,3883,6190
2023-12-11 10:25:13,9,11,3883,6190
2023-12-11 10:25:14,8,11,3883,6190
2023-12-11 10:25:39,9,11,3883,6190
2023-12-11 10:25:40,8,11,3883,6190
2023-12-11 10:25:41,9,11,3883,6190
2023-12-11 10:25:47,9,12,3883,6190
2023-12-11 10:25:49,9,11,3883,6190
2023-12-11 10:25:50,8,11,3883,6190
2023-12-11 10:25:51,9,11,3883,6190
2023-12-11 10:25:52,8,11,3883,6190
2023-12-11 10:25:59,8,10,3883,6190
2023-12-11 10:26:04,8,11,3883,6190
2023-12-11 10:26:16,8,10,3883,6190
2023-12-11 10:27:30,8,9,3883,6190
2023-12-11 10:27:32,8,10,3883,6190
2023-12-11 10:27:33,8,9,3883,6190
2023-12-11 10:27:35,8,11,3883,6190
2023-12-11 10:27:35,8,10,3883,6190
2023-12-11 10:27:43,8,11,3883,6190
2023-12-11 10:27:46,9,11,3883,6190
2023-12-11 10:27:49,8,11,3883,6190
2023-12-11 10:27:51,8,10,3883,6190
2023-12-11 10:27:52,8,11,3883,6190
2023-12-11 10:27:52,8,10,3883,6190
2023-12-11 10:27:52,8,9,3883,6190
2023-12-11 10:27:58,8,10,3883,6190
2023-12-11 10:28:10,8,9,3883,6190
2023-12-11 10:32:43,8,10,3883,6190
2023-12-11 10:32:49,8,11,3883,6190
2023-12-11 10:32:50,8,10,3883,6190
2023-12-11 10:32:54,8,11,3883,6190
2023-12-11 10:33:11,9,11,3883,6190
2023-12-11 10:33:13,9,12,3883,6190
2023-12-11 10:33:20,10,12,3883,6190
2023-12-11 10:33:32,10,13,3883,6190
2023-12-11 10:33:33,10,12,3883,6190
2023-12-11 10:34:06,10,11,3883,6190
2023-12-11 10:34:08,10,12,3883,6190
2023-12-11 10:34:08,10,11,3883,6190
2023-12-11 10:34:11,10,12,3883,6190
2023-12-11 10:34:32,10,13,3883,6190
2023-12-11 10:34:35,10,12,3883,6190
2023-12-11 10:34:36,10,13,3883,6190
2023-12-11 10:34:36,10,12,3883,6190
2023-12-11 10:34:38,10,13,3883,6190
2023-12-11 10:34:39,10,13,3883,6190
2023-12-11 10:34:41,10,12,3883,6190
2023-12-11 10:34:42,10,13,3883,6190
2023-12-11 10:34:42,10,12,3883,6190
2023-12-11 10:34:53,10,13,3883,6190
2023-12-11 10:34:59,10,12,3883,6190
2023-12-11 10:35:11,10,13,3883,6190
2023-12-11 10:35:30,12,13,3883,6190
2023-12-11 10:35:53,12,13,3883,6195
2023-12-11 10:36:09,12,14,3883,6195
2023-12-11 10:36:21,12,15,3883,6195
2023-12-11 10:36:26,12,14,3883,6195
2023-12-11 10:36:29,12,15,3883,6195
2023-12-11 10:36:43,12,14,3883,6195
2023-12-11 10:36:57,12,13,3883,6195
2023-12-11 10:36:58,10,12,3883,6200
2023-12-11 10:37:10,9,12,3883,6200
2023-12-11 10:37:11,10,12,3883,6200
2023-12-11 10:37:13,9,12,3883,6200
2023-12-11 10:37:13,10,12,3883,6200
2023-12-11 10:37:14,9,12,3883,6200
2023-12-11 10:37:15,9,11,3883,6200
2023-12-11 10:37:19,9,12,3883,6200
2023-12-11 10:37:20,9,11,3883,6200
2023-12-11 10:37:25,8,11,3883,6200
2023-12-11 10:37:28,9,11,3883,6200
2023-12-11 10:37:35,9,12,3883,6200
2023-12-11 10:37:37,9,11,3883,6200
2023-12-11 10:37:53,8,11,3883,6200
2023-12-11 10:37:55,8,10,3883,6200
2023-12-11 10:37:59,8,11,3883,6200
2023-12-11 10:38:11,8,10,3883,6200
2023-12-11 10:38:15,8,11,3883,6200
2023-12-11 10:38:35,8,10,3883,6200
2023-12-11 10:38:41,8,11,3883,6200
2023-12-11 10:38:50,8,10,3883,6200
2023-12-11 10:39:18,8,11,3883,6200
2023-12-11 10:39:18,8,10,3883,6200
2023-12-11 10:39:18,8,11,3883,6200
2023-12-11 10:39:34,8,10,3883,6200
2023-12-11 10:39:34,8,11,3883,6200
2023-12-11 10:39:35,9,11,3883,6200
2023-12-11 10:39:35,8,11,3883,6200
2023-12-11 10:39:35,8,10,3883,6200
2023-12-11 10:39:39,8,11,3883,6200
2023-12-11 10:39:39,8,10,3883,6200
2023-12-11 10:39:46,8,11,3883,6200
2023-12-11 10:39:47,8,10,3883,6200
2023-12-11 10:39:59,9,10,3883,6200
2023-12-11 10:40:01,9,11,3883,6200
2023-12-11 10:40:02,8,11,3883,6200
2023-12-11 10:40:09,9,11,3883,6200
2023-12-11 10:40:10,8,11,3883,6200
2023-12-11 10:40:19,8,10,3883,6200
2023-12-11 10:40:49,9,10,3883,6200
2023-12-11 10:41:36,8,10,3888,6205
2023-12-11 10:41:55,8,9,3888,6205
2023-12-11 10:42:01,7,9,3888,6205
2023-12-11 10:43:01,7,10,3888,6205
2023-12-11 10:43:01,8,10,3888,6205
2023-12-11 10:43:01,8,9,3888,6205
2023-12-11 10:43:02,8,10,3888,6205
2023-12-11 10:43:08,8,11,3888,6205
2023-12-11 10:43:17,9,11,3888,6205
2023-12-11 10:43:23,9,12,3888,6205
2023-12-11 10:43:29,9,11,3888,6205
2023-12-11 10:44:03,9,12,3888,6205
2023-12-11 10:44:03,9,11,3888,6205
2023-12-11 10:44:09,9,12,3888,6205
2023-12-11 10:44:16,9,11,3888,6205
2023-12-11 10:44:24,9,12,3888,6205
2023-12-11 10:44:31,9,11,3888,6205
2023-12-11 10:44:38,9,12,3888,6205
2023-12-11 10:44:38,9,11,3888,6205
2023-12-11 10:44:54,9,10,3888,6205
2023-12-11 10:45:02,9,11,3888,6205
2023-12-11 10:45:06,9,10,4038,6405
2023-12-11 10:45:07,9,11,4038,6405
2023-12-11 10:45:09,10,11,4038,6405
2023-12-11 10:45:09,10,12,4038,6405
2023-12-11 10:45:15,9,12,4038,6405
2023-12-11 10:45:16,10,12,4038,6405
2023-12-11 10:45:18,9,12,4038,6405
2023-12-11 10:45:21,9,11,4038,6405
2023-12-11 10:45:26,10,11,4038,6405
2023-12-11 10:45:28,10,12,4038,6405
2023-12-11 10:45:44,10,13,4038,6405
2023-12-11 10:45:44,10,12,4038,6405
2023-12-11 10:45:51,10,13,4038,6405
2023-12-11 10:45:51,10,11,4038,6405
2023-12-11 10:45:53,10,12,4038,6405
2023-12-11 10:45:58,10,13,4038,6405
2023-12-11 10:45:59,10,12,4038,6405
2023-12-11 10:46:03,10,13,4038,6405
2023-12-11 10:46:18,10,12,4038,6405
2023-12-11 10:46:47,10,13,4038,6405
2023-12-11 10:46:48,10,12,4038,6405
2023-12-11 10:46:51,10,13,4038,6405
2023-12-11 10:46:51,10,12,4038,6405
2023-12-11 10:47:00,10,13,4038,6405
2023-12-11 10:47:00,10,12,4038,6405
2023-12-11 10:47:01,10,13,4038,6405
2023-12-11 10:47:03,11,13,4038,6405
2023-12-11 10:47:07,12,13,4038,6405
2023-12-11 10:47:17,12,13,4038,6605
2023-12-11 10:47:23,12,13,3978,6665
2023-12-11 10:47:24,12,15,3738,6905
2023-12-11 10:47:24,13,15,3738,6905
2023-12-11 10:47:28,13,14,3738,6905
2023-12-11 10:47:29,13,15,3738,6905
2023-12-11 10:47:47,12,15,3738,6905
2023-12-11 10:47:51,13,15,3738,6905
2023-12-11 10:48:04,14,15,3738,6905
2023-12-11 10:48:08,14,15,3726,7255
2023-12-11 10:48:09,14,15,3666,7315
2023-12-11 10:48:11,15,17,3666,7405
2023-12-11 10:48:14,14,17,3666,7405
2023-12-11 10:48:19,15,17,3666,7405
2023-12-11 10:48:51,14,17,3666,7405
2023-12-11 10:48:59,15,17,3666,7405
2023-12-11 10:49:01,14,17,3666,8305
2023-12-11 10:49:14,14,16,3666,8305
2023-12-11 10:49:15,14,17,3666,8305
2023-12-11 10:49:19,14,16,3666,8305
2023-12-11 10:49:21,14,17,3666,8305
2023-12-11 10:49:22,15,17,3666,8305
2023-12-11 10:49:33,15,16,3666,8305
2023-12-11 10:49:34,14,16,3666,8305
2023-12-11 10:49:35,15,16,3666,8305
2023-12-11 10:49:36,15,17,3666,8305
2023-12-11 10:49:37,14,17,3666,8305
2023-12-11 10:49:38,15,17,3666,8305
2023-12-11 10:49:40,15,16,3666,8305
2023-12-11 10:49:41,14,16,3666,8305
2023-12-11 10:49:41,15,16,3666,8305
2023-12-11 10:49:41,14,16,3666,8305
2023-12-11 10:49:52,14,17,3666,8305
2023-12-11 10:49:52,14,15,3666,8305
2023-12-11 10:50:02,13,15,3666,8505
2023-12-11 10:50:05,14,15,3666,8505
2023-12-11 10:50:09,14,16,3666,8505
2023-12-11 10:50:10,14,15,3666,8505
2023-12-11 10:50:18,13,16,3666,8505
2023-12-11 10:50:23,14,16,3666,8505
2023-12-11 10:50:24,13,16,3666,8505
2023-12-11 10:50:25,14,16,3666,8505
2023-12-11 10:50:37,14,17,3666,8505
2023-12-11 10:50:46,14,16,3666,8505
2023-12-11 10:50:47,14,16,3546,8625
2023-12-11 10:50:47,14,17,3546,8625
2023-12-11 10:50:58,14,17,3546,8975
2023-12-11 10:50:59,15,17,3546,8975
2023-12-11 10:51:03,15,18,3546,8975
2023-12-11 10:51:10,16,17,3546,8975
2023-12-11 10:51:10,16,17,3546,9325
2023-12-11 10:51:13,16,18,3546,9325
2023-12-11 10:51:15,16,17,3546,9325
2023-12-11 10:51:16,16,18,3546,9325
2023-12-11 10:51:22,16,18,3546,9675
2023-12-11 10:51:23,17,18,3546,9675
2023-12-11 10:51:27,17,19,3546,9805
2023-12-11 10:51:46,16,19,3546,9805
2023-12-11 10:51:55,17,19,3546,9805
2023-12-11 10:52:08,17,20,3571,9830
2023-12-11 10:52:17,18,20,3571,9830
2023-12-11 10:52:19,17,20,3571,9830
2023-12-11 10:52:19,18,20,3571,9830
2023-12-11 10:52:21,17,20,3571,9830
2023-12-11 10:52:22,18,20,3571,9830
2023-12-11 10:52:34,17,20,3571,9830
2023-12-11 10:52:43,17,20,3461,10840
2023-12-11 10:52:43,17,19,3461,10840
2023-12-11 10:52:44,17,19,3461,11190
2023-12-11 10:52:52,18,19,3461,11190
2023-12-11 10:52:53,16,19,3461,11190
2023-12-11 10:52:53,18,19,3461,11190
2023-12-11 10:52:53,16,19,3461,11190
2023-12-11 10:52:53,18,19,3461,11190
2023-12-11 10:53:00,16,19,3461,11190
2023-12-11 10:53:00,17,19,3461,11190
2023-12-11 10:53:03,16,19,3461,11190
2023-12-11 10:53:07,16,18,3461,11190
2023-12-11 10:53:07,16,19,3461,11340
2023-12-11 10:53:11,17,19,3461,11340
2023-12-11 10:53:14,17,18,3461,11340
2023-12-11 10:53:15,16,18,3461,11340
2023-12-11 10:53:15,16,19,3486,11365
2023-12-11 10:53:32,17,19,3486,11365
2023-12-11 10:53:47,16,19,3486,11365
2023-12-11 10:53:52,16,18,3486,11365
2023-12-11 10:53:58,15,18,3486,11365
2023-12-11 10:54:13,15,19,3486,11365
2023-12-11 10:54:16,16,19,3486,11365
2023-12-11 10:54:18,16,18,3486,11365
2023-12-11 10:54:19,15,18,3486,11365
2023-12-11 10:54:46,15,17,3486,11365
2023-12-11 10:54:46,15,17,3947,11826
2023-12-11 10:54:48,15,18,3947,11826
2023-12-11 10:54:49,15,17,3947,11826
2023-12-11 10:54:56,15,18,3947,11826
2023-12-11 10:55:01,16,18,3947,11826
2023-12-11 10:55:03,15,18,3947,11826
2023-12-11 10:55:06,16,18,3947,11826
2023-12-11 10:55:16,17,18,3947,11826
2023-12-11 10:55:16,17,19,3947,12087
2023-12-11 10:55:17,16,19,3947,12087
2023-12-11 10:55:17,17,19,3947,12087
2023-12-11 10:55:20,17,20,3947,12287
2023-12-11 10:55:41,17,21,3947,12487
2023-12-11 10:55:42,18,21,3947,12487
2023-12-11 10:56:00,18,20,3947,12487
2023-12-11 10:56:01,18,21,3947,12487
2023-12-11 10:56:11,18,20,3947,12487
2023-12-11 10:56:13,18,21,3947,12487
2023-12-11 10:56:14,18,20,3947,12487
2023-12-11 10:56:18,18,19,3947,12487
2023-12-11 10:56:19,18,21,4075,12615
2023-12-11 10:56:19,18,20,4075,12615
2023-12-11 10:56:20,18,19,4075,12615
2023-12-11 10:56:24,18,20,4189,12729
2023-12-11 10:56:24,18,19,4189,12729
2023-12-11 10:56:26,18,20,4347,12887
2023-12-11 10:56:26,18,19,4347,12887
2023-12-11 10:56:27,18,20,4455,12995
2023-12-11 10:56:27,18,19,4455,12995
2023-12-11 10:56:28,17,19,4455,12995
2023-12-11 10:56:29,17,20,4455,12995
2023-12-11 10:56:36,17,19,4455,12995
2023-12-11 10:56:37,17,20,4455,12995
2023-12-11 10:56:37,17,19,4455,12995
2023-12-11 10:56:37,17,20,4623,13163
2023-12-11 10:56:38,17,19,4623,13163
2023-12-11 10:56:38,17,20,4805,13345
2023-12-11 10:56:38,17,19,4805,13345
2023-12-11 10:56:39,17,20,4805,13345
2023-12-11 10:56:42,17,19,4805,13345
2023-12-11 10:56:43,17,20,4805,13345
2023-12-11 10:56:45,17,19,4805,13345
2023-12-11 10:56:49,17,20,4805,13345
2023-12-11 10:57:09,18,20,4805,13345
2023-12-11 10:57:11,17,20,4805,13345
2023-12-11 10:57:11,18,20,4805,13345
2023-12-11 10:57:25,18,21,4805,13345
2023-12-11 10:57:37,19,21,4805,13345
2023-12-11 10:57:46,18,21,4805,13345
2023-12-11 10:57:46,19,21,4805,13345
2023-12-11 10:57:48,19,20,4805,13345
2023-12-11 10:57:53,18,20,4805,13345
2023-12-11 10:57:53,19,20,4805,13345
2023-12-11 10:57:53,18,20,4805,13345
2023-12-11 10:58:05,17,20,4805,13345
2023-12-11 10:58:16,18,20,4805,13345
2023-12-11 10:58:17,17,20,4805,13345
2023-12-11 10:58:18,18,20,4805,13345
2023-12-11 10:58:18,17,20,4805,13345
2023-12-11 10:58:19,18,20,4805,13345
2023-12-11 10:58:29,17,20,4805,13345
2023-12-11 10:58:30,18,20,4805,13345
2023-12-11 10:58:32,17,20,4805,13345
2023-12-11 10:58:32,18,20,4805,13345
2023-12-11 10:58:38,18,19,4805,13345
2023-12-11 10:58:38,17,19,4805,13345
2023-12-11 10:58:42,17,20,4805,13345
2023-12-11 10:58:44,17,19,4805,13345
2023-12-11 10:58:46,17,20,4805,13345
2023-12-11 10:58:47,17,19,4805,13345
2023-12-11 10:58:55,16,19,4805,13345
2023-12-11 10:58:57,16,18,4805,13345
2023-12-11 10:58:58,15,18,4805,13345
2023-12-11 10:59:13,16,18,4805,13345
2023-12-11 10:59:16,15,18,4805,13345
2023-12-11 10:59:16,16,18,4805,13345
2023-12-11 10:59:21,16,17,4805,13345
2023-12-11 10:59:21,15,17,4805,13345
2023-12-11 10:59:22,14,17,4805,13345
2023-12-11 10:59:31,14,16,4805,13345
2023-12-11 10:59:34,14,17,4805,13345
2023-12-11 10:59:42,15,17,4805,13345
2023-12-11 10:59:47,14,17,4805,13345
2023-12-11 10:59:48,14,16,4805,13345
2023-12-11 10:59:50,13,16,4805,13345
2023-12-11 11:00:01,13,15,4805,13345
2023-12-11 11:00:07,12,15,4805,13345
2023-12-11 11:00:21,13,15,4805,13345
2023-12-11 11:00:21,12,15,4805,13345
2023-12-11 11:00:22,13,15,4805,13345
2023-12-11 11:00:25,12,15,4805,13345
2023-12-11 11:00:29,13,15,4805,13345
2023-12-11 11:00:35,13,16,4805,13345
2023-12-11 11:00:37,13,15,4805,13345
2023-12-11 11:00:40,13,16,4805,13345
2023-12-11 11:00:46,14,16,4805,13345
2023-12-11 11:00:50,13,16,4805,13345
2023-12-11 11:00:58,14,16,4805,13345
2023-12-11 11:01:01,14,17,4805,13345
2023-12-11 11:01:03,14,17,4925,13465
2023-12-11 11:01:04,14,16,4925,13465
2023-12-11 11:01:10,13,16,4925,13465
2023-12-11 11:01:11,13,15,4925,13465
2023-12-11 11:01:12,13,16,4925,13465
2023-12-11 11:01:17,13,15,4925,13465
2023-12-11 11:01:22,13,16,4925,13465
2023-12-11 11:01:25,14,16,4925,13465
2023-12-11 11:01:33,14,17,4925,13465
2023-12-11 11:01:35,14,16,4925,13465
2023-12-11 11:01:37,14,17,4925,13465
2023-12-11 11:01:39,15,17,4925,13465
2023-12-11 11:01:43,14,17,4925,13465
2023-12-11 11:01:49,14,16,4925,13465
2023-12-11 11:01:50,14,17,4925,13465
2023-12-11 11:01:53,15,17,4925,13465
2023-12-11 11:02:15,15,18,4925,13465
2023-12-11 11:02:20,15,17,4925,13465
2023-12-11 11:02:27,16,17,4925,13465
2023-12-11 11:02:33,15,17,4925,13465
2023-12-11 11:02:33,16,17,4925,13465
2023-12-11 11:02:34,15,17,4925,13465
2023-12-11 11:02:36,14,17,4925,13465
2023-12-11 11:02:39,14,16,4925,13465
2023-12-11 11:03:05,14,17,4925,13585
2023-12-11 11:03:09,14,18,4925,13585
2023-12-11 11:03:10,15,18,4925,13585
2023-12-11 11:03:12,14,18,4925,13585
2023-12-11 11:03:15,14,17,4925,13585
2023-12-11 11:03:38,14,18,4925,13585
2023-12-11 11:03:38,15,18,4925,13585
2023-12-11 11:03:56,15,19,4925,13585
2023-12-11 11:03:58,16,19,4925,13585
2023-12-11 11:04:12,16,18,4925,13585
2023-12-11 11:04:14,15,18,4925,13585
2023-12-11 11:04:26,15,17,4925,13585
2023-12-11 11:04:30,15,18,4925,13585
2023-12-11 11:04:33,15,17,4925,13585
2023-12-11 11:04:33,15,18,4925,13585
2023-12-11 11:04:34,15,17,4925,13585
2023-12-11 11:04:35,14,17,4925,13585
2023-12-11 11:04:36,15,17,4925,13585
2023-12-11 11:04:37,15,18,4925,13585
2023-12-11 11:04:37,15,17,4925,13585
2023-12-11 11:04:38,15,18,4925,13585
2023-12-11 11:04:51,15,17,4925,13585
2023-12-11 11:04:54,14,17,4925,13585
2023-12-11 11:05:15,14,16,4925,13585
2023-12-11 11:05:15,13,16,4925,13585
2023-12-11 11:05:16,14,16,4925,13585
2023-12-11 11:05:16,14,17,4925,13585
2023-12-11 11:05:18,14,16,4925,13585
2023-12-11 11:05:19,13,16,4925,13585
2023-12-11 11:05:27,13,15,4925,13585
2023-12-11 11:05:31,13,16,4925,13585
2023-12-11 11:05:38,13,15,4925,13585
2023-12-11 11:05:41,12,15,4925,13585
2023-12-11 11:05:42,12,14,4925,13585
2023-12-11 11:06:06,12,13,4925,13585
2023-12-11 11:06:09,11,13,4925,13585
2023-12-11 11:06:14,11,12,4925,13585
2023-12-11 11:06:14,10,12,4925,13585
2023-12-11 11:06:19,10,11,4925,13585
2023-12-11 11:06:19,9,11,4925,13585
2023-12-11 11:06:26,9,12,4925,13585
2023-12-11 11:06:27,9,10,4925,13585
2023-12-11 11:06:34,9,10,5275,13935
2023-12-11 11:06:36,9,10,5625,14285
2023-12-11 11:06:39,9,10,5975,14635
2023-12-11 11:06:41,9,12,6225,14885
2023-12-11 11:06:41,10,12,6225,14885
2023-12-11 11:06:43,10,13,6225,14885
2023-12-11 11:06:49,10,12,6225,14885
2023-12-11 11:07:00,9,12,6225,14885
2023-12-11 11:07:01,10,12,6225,14885
2023-12-11 11:07:01,11,12,6225,14885
2023-12-11 11:07:02,10,12,6225,14885
2023-12-11 11:07:06,11,12,6225,14885
2023-12-11 11:07:20,11,12,6225,14890
2023-12-11 11:07:35,11,13,6225,14890
2023-12-11 11:07:37,11,14,6225,14890
2023-12-11 11:07:37,12,14,6225,14890
2023-12-11 11:07:56,11,14,6225,14890
2023-12-11 11:07:57,11,13,6225,14890
2023-12-11 11:08:12,11,12,6225,14890
2023-12-11 11:08:36,11,13,6225,14890
2023-12-11 11:08:54,12,13,6225,14890
2023-12-11 11:08:54,11,13,6225,14890
2023-12-11 11:08:58,11,12,6225,14890
2023-12-11 11:09:04,11,13,6225,14890
2023-12-11 11:09:05,11,12,6225,14890
2023-12-11 11:09:23,10,11,6225,14895
2023-12-11 11:09:23,9,11,6225,14895
2023-12-11 11:09:26,9,11,6225,14895
2023-12-11 11:09:26,10,11,6225,14895
2023-12-11 11:09:29,9,11,6225,14895
2023-12-11 11:09:31,9,10,6225,14895
2023-12-11 11:09:34,8,10,6225,14895
2023-12-11 11:09:49,8,11,6225,14895
2023-12-11 11:09:52,8,10,6225,14895
2023-12-11 11:10:04,9,10,6225,14895
2023-12-11 11:10:05,8,10,6225,14895
2023-12-11 11:10:05,9,10,6225,14895
2023-12-11 11:10:08,8,10,6225,14895
2023-12-11 11:10:16,9,10,6225,14895
2023-12-11 11:10:17,8,10,6225,14895
2023-12-11 11:10:17,9,10,6225,14895
2023-12-11 11:10:18,8,10,6225,14895
2023-12-11 11:10:18,9,10,6225,14895
2023-12-11 11:10:19,8,10,6225,14895
2023-12-11 11:10:19,9,10,6225,14895
2023-12-11 11:10:22,8,10,6225,14895
2023-12-11 11:10:22,9,10,6225,14895
2023-12-11 11:10:23,8,10,6225,14895
2023-12-11 11:10:26,9,10,6225,14895
2023-12-11 11:10:29,8,10,6225,14895
2023-12-11 11:10:29,9,10,6225,14895
2023-12-11 11:10:32,8,10,6225,14895
2023-12-11 11:10:50,7,10,6225,14895
2023-12-11 11:10:50,7,9,6225,14895
2023-12-11 11:11:23,8,9,6225,14895
2023-12-11 11:11:32,7,9,6225,14895
2023-12-11 11:11:39,8,9,6225,14895
2023-12-11 11:11:40,7,9,6225,14895
2023-12-11 11:11:40,8,9,6225,14895
2023-12-11 11:11:41,7,9,6225,14895
2023-12-11 11:11:42,8,9,6225,14895
2023-12-11 11:11:46,7,9,6225,14895
2023-12-11 11:11:47,8,9,6225,14895
2023-12-11 11:11:51,8,10,6225,14895
2023-12-11 11:12:01,7,10,6225,14895
2023-12-11 11:12:13,8,11,6225,14895
2023-12-11 11:12:20,9,11,6225,14895
2023-12-11 11:12:25,8,11,6225,14895
2023-12-11 11:12:25,9,11,6225,14895
2023-12-11 11:12:39,9,10,6225,14895
2023-12-11 11:12:39,8,10,6225,14895
2023-12-11 11:12:40,8,11,6225,14895
2023-12-11 11:12:40,9,11,6225,14895
2023-12-11 11:12:44,8,11,6225,14895
2023-12-11 11:12:49,9,11,6225,14895
2023-12-11 11:12:50,8,11,6225,14895
2023-12-11 11:12:51,8,10,6225,14895
2023-12-11 11:12:58,7,10,6225,14895
2023-12-11 11:13:00,8,10,6225,14895
2023-12-11 11:13:01,7,10,6225,14895
2023-12-11 11:13:01,8,10,6225,14895
2023-12-11 11:13:09,7,10,6225,14895
2023-12-11 11:13:12,7,10,6225,14895
2023-12-11 11:13:13,7,9,6225,14895
2023-12-11 11:13:38,7,8,6225,14895
2023-12-11 11:13:44,6,8,6225,14895
2023-12-11 11:13:53,7,8,6225,14895
2023-12-11 11:13:53,6,8,6225,14895
2023-12-11 11:14:12,7,8,6225,14895
2023-12-11 11:14:16,6,8,6225,14895
2023-12-11 11:14:31,7,8,6225,14895
2023-12-11 11:14:31,7,8,6225,14955
2023-12-11 11:14:32,6,8,6225,14955
2023-12-11 11:16:56,7,8,6225,14955
2023-12-11 11:16:59,6,8,6225,14955
2023-12-11 11:17:01,7,8,6225,14955
2023-12-11 11:17:09,6,8,6225,14955
2023-12-11 11:17:09,7,8,6225,14955
2023-12-11 11:17:12,6,8,6225,14955
2023-12-11 11:17:17,7,8,6225,14955
2023-12-11 11:17:17,6,8,6225,14955
2023-12-11 11:17:36,7,8,6225,14955
2023-12-11 11:17:36,6,8,6225,14955
2023-12-11 11:19:09,6,9,6225,14955
2023-12-11 11:19:25,6,9,6225,14955
2023-12-11 11:19:39,6,8,6225,14955
2023-12-11 11:19:47,6,9,6225,14955
2023-12-11 11:19:50,6,8,6225,14955
2023-12-11 11:19:52,6,9,6225,14955
2023-12-11 11:19:53,7,9,6225,14955
2023-12-11 11:19:54,6,9,6225,14955
2023-12-11 11:20:09,7,9,6225,14955
2023-12-11 11:20:10,6,9,6225,14955
2023-12-11 11:20:11,6,8,6225,14955
2023-12-11 11:20:12,7,8,6225,14955
2023-12-11 11:20:28,6,8,6225,14955
2023-12-11 11:20:28,7,8,6225,14955
2023-12-11 11:20:34,6,8,6225,14955
2023-12-11 11:20:35,7,8,6225,14955
2023-12-11 11:21:25,6,7,6230,14960
2023-12-11 11:21:57,5,7,6230,14960
2023-12-11 11:22:13,5,7,6290,15020
2023-12-11 11:22:37,5,6,6290,15020
2023-12-11 11:23:17,5,7,6290,15020
2023-12-11 11:23:29,6,7,6290,15020
2023-12-11 11:24:07,6,7,6490,15220
2023-12-11 11:24:12,6,7,6690,15420
2023-12-11 11:24:12,6,7,6690,15480
2023-12-11 11:24:13,6,8,6690,15480
2023-12-11 11:24:39,6,7,6690,15480
2023-12-11 11:24:48,6,8,6690,15480
2023-12-11 11:25:09,7,8,6690,15480
2023-12-11 11:25:15,6,8,6690,15480
2023-12-11 11:25:15,7,8,6690,15480
2023-12-11 11:25:19,6,8,6690,15480
2023-12-11 11:25:19,7,8,6690,15480
2023-12-11 11:25:21,6,8,6690,15480
2023-12-11 11:25:21,7,8,6690,15480
2023-12-11 11:25:30,7,9,6690,15480
2023-12-11 11:25:42,6,9,6690,15480
2023-12-11 11:25:42,7,9,6690,15480
2023-12-11 11:25:45,6,9,6690,15480
2023-12-11 11:25:55,7,9,6690,15480
2023-12-11 11:26:12,8,9,6690,15480
2023-12-11 11:27:36,8,10,6690,15480
2023-12-11 11:27:42,9,10,6690,15480
2023-12-11 11:27:56,8,10,6690,15480
2023-12-11 11:27:56,9,10,6690,15480
2023-12-11 11:28:04,8,10,6690,15480
2023-12-11 11:28:04,9,10,6690,15480
2023-12-11 11:28:05,8,10,6690,15480
2023-12-11 11:28:07,9,10,6690,15480
2023-12-11 11:28:08,8,10,6690,15480
2023-12-11 11:28:10,9,10,6690,15480
2023-12-11 11:28:11,8,10,6690,15480
2023-12-11 11:28:13,8,9,6690,15480
2023-12-11 11:28:29,8,9,6790,15580
2023-12-11 11:28:30,8,9,6890,15680
2023-12-11 11:28:31,7,8,6945,15735
2023-12-11 11:28:59,7,9,6945,15735
2023-12-11 11:29:15,8,9,6945,15735
2023-12-11 11:29:16,7,9,6945,15735
2023-12-11 11:29:16,8,9,6945,15735
2023-12-11 11:29:21,7,9,6945,15735
2023-12-11 11:29:21,8,9,6945,15735
2023-12-11 11:29:22,7,9,6945,15735
2023-12-11 11:29:22,8,9,6945,15735
2023-12-11 11:29:23,7,9,6945,15735
2023-12-11 11:29:25,8,9,6945,15735
2023-12-11 11:29:25,7,9,6945,15735
2023-12-11 11:29:32,8,9,6945,15735
2023-12-11 11:29:33,7,9,6945,15735
2023-12-11 11:29:34,8,9,6945,15735
2023-12-11 11:29:36,8,9,6945,15835
2023-12-11 11:29:37,7,9,6945,15835
2023-12-11 11:29:38,7,8,6945,15835
2023-12-11 11:30:11,7,9,6945,15835
2023-12-11 11:30:12,8,9,6945,15835
2023-12-11 11:30:13,7,9,6945,15835
2023-12-11 11:30:13,8,9,6945,15835
2023-12-11 11:30:16,7,9,6945,15835
2023-12-11 11:30:16,8,9,6945,15835
2023-12-11 11:30:19,7,9,6945,15835
2023-12-11 11:30:19,8,9,6945,15835
2023-12-11 11:30:26,7,9,6945,15835
2023-12-11 11:30:26,8,9,6945,15835
2023-12-11 11:30:35,7,9,6945,15835
2023-12-11 11:30:53,8,9,6945,15835
2023-12-11 11:30:55,7,9,6945,15835
2023-12-11 11:30:55,8,9,6945,15835
2023-12-11 11:31:25,8,9,6945,15935
2023-12-11 11:31:27,7,9,6945,15996
2023-12-11 11:31:27,7,9,6945,16035
2023-12-11 11:31:28,7,8,6945,16035
2023-12-11 11:31:29,7,8,6945,16056
2023-12-11 11:31:44,7,8,7045,16156
2023-12-11 11:31:45,6,8,7045,16156
2023-12-11 11:31:45,6,8,7145,16256
2023-12-11 11:31:46,6,7,7145,16256
2023-12-11 11:31:47,6,7,7245,16356
2023-12-11 11:31:48,5,7,7395,16506
2023-12-11 11:31:48,5,7,7495,16606
2023-12-11 11:31:48,5,6,7495,16606
2023-12-11 11:31:49,5,6,7595,16706
2023-12-11 11:31:49,5,6,7625,16736
2023-12-11 11:32:04,5,6,7725,16836
2023-12-11 11:32:05,4,5,7725,16901
2023-12-11 11:32:39,4,5,7725,17049
2023-12-11 11:32:41,4,5,8075,17399
2023-12-11 11:32:42,4,5,8075,17459
2023-12-11 11:32:42,4,6,8075,17459
2023-12-11 11:32:43,5,6,8075,17459
2023-12-11 11:33:05,4,6,8075,17459
2023-12-11 11:33:08,4,5,8075,17459
2023-12-11 11:33:09,4,5,8075,17519
2023-12-11 11:33:12,4,5,8175,17619
2023-12-11 11:33:14,4,5,8275,17719
2023-12-11 11:33:15,4,5,8375,17819
2023-12-11 11:33:16,3,4,8465,17909
2023-12-11 11:33:16,3,5,8465,17919
2023-12-11 11:33:18,3,4,8465,17919
2023-12-11 11:33:18,3,4,8465,17983
2023-12-11 11:34:05,3,5,10265,19983
2023-12-11 11:34:05,4,5,10265,19983
2023-12-11 11:34:05,4,5,10265,20163
2023-12-11 11:34:06,3,5,10265,20163
2023-12-11 11:34:06,3,4,10265,20163
2023-12-11 11:34:34,3,4,10465,20363
2023-12-11 11:35:38,3,5,10465,20363
2023-12-11 11:35:38,4,5,10465,20363
2023-12-11 11:35:40,3,5,10465,20363
2023-12-11 11:35:40,4,5,10465,20363
2023-12-11 11:35:53,4,5,10465,20463
2023-12-11 11:35:54,4,5,10465,20563
2023-12-11 11:35:56,4,5,10465,20663
2023-12-11 11:35:57,3,5,10465,20663
2023-12-11 11:35:57,3,4,10465,20663
2023-12-11 11:37:18,3,5,10465,20663
2023-12-11 11:37:18,4,5,10465,20663
2023-12-11 11:37:19,3,5,10465,20663
2023-12-11 11:37:19,4,5,10465,20663
2023-12-11 11:37:48,4,6,10465,20663
2023-12-11 11:37:58,5,6,10465,20663
2023-12-11 11:38:26,5,7,10465,20663
2023-12-11 11:38:30,6,7,10465,20663
2023-12-11 11:38:52,6,8,10465,20663
2023-12-11 11:38:52,7,8,10465,20663
2023-12-11 11:38:53,7,9,10465,20663
2023-12-11 11:39:02,7,8,10465,20663
2023-12-11 11:39:54,7,8,10565,20763
2023-12-11 11:39:55,6,8,10565,20763
2023-12-11 11:39:55,6,7,10565,20763
2023-12-11 11:39:56,6,7,10565,20837
2023-12-11 11:40:15,6,8,10565,20837
2023-12-11 11:40:16,7,8,10565,20837
2023-12-11 11:40:25,6,8,10565,20837
2023-12-11 11:40:30,7,8,10565,20837
2023-12-11 11:40:35,6,8,10565,20937
2023-12-11 11:40:36,7,8,10565,20937
2023-12-11 11:40:37,6,8,10565,20937
2023-12-11 11:40:48,6,7,10565,20937
2023-12-11 11:41:07,5,7,10565,20937
2023-12-11 11:41:12,5,6,10565,20937
2023-12-11 11:41:12,5,6,10565,21025
2023-12-11 11:41:29,5,6,10665,21125
2023-12-11 11:41:31,5,6,10765,21225
2023-12-11 11:41:32,5,6,10865,21325
2023-12-11 11:41:33,4,6,10965,21425
2023-12-11 11:41:34,4,5,10965,21425
2023-12-11 11:42:12,4,6,10965,21425
2023-12-11 11:42:44,4,7,10965,21425
2023-12-11 11:42:46,4,6,10965,21425
2023-12-11 11:42:53,5,6,10965,21425
2023-12-11 11:42:59,4,6,10965,21425
2023-12-11 11:43:06,5,6,10965,21425
2023-12-11 11:43:06,4,6,10965,21425
2023-12-11 11:43:08,5,6,10965,21425
2023-12-11 11:43:09,4,6,10965,21425
2023-12-11 11:43:16,4,5,10965,21425
2023-12-11 11:43:42,4,6,10965,21425
2023-12-11 11:44:16,5,6,10965,21425
2023-12-11 11:44:17,4,6,10965,21425
2023-12-11 11:44:19,5,6,10965,21425
2023-12-11 11:44:20,5,6,10968,21525
2023-12-11 11:44:21,4,5,10977,21534
2023-12-11 11:44:34,4,5,11327,21884
2023-12-11 11:44:43,4,6,11468,22025
2023-12-11 11:44:44,5,6,11468,22025
2023-12-11 11:44:55,4,6,11468,22025
2023-12-11 11:45:17,5,6,11468,22025
2023-12-11 11:45:19,4,6,11468,22025
2023-12-11 11:45:42,5,6,11468,22025
2023-12-11 11:45:57,4,6,11468,22025
2023-12-11 11:45:57,5,6,11468,22025
2023-12-11 11:46:11,5,6,11568,22125
2023-12-11 11:46:17,4,6,11568,22125
2023-12-11 11:46:26,4,5,11568,22125
2023-12-11 11:46:43,4,6,11568,22125
2023-12-11 11:46:53,5,6,11568,22125
2023-12-11 11:47:05,4,6,11568,22125
2023-12-11 11:47:05,5,6,11568,22125
2023-12-11 11:47:06,4,6,11568,22125
2023-12-11 11:47:09,5,6,11568,22125
2023-12-11 11:47:26,4,6,11568,22125
2023-12-11 11:47:26,5,6,11568,22125
2023-12-11 11:47:37,4,6,11568,22125
2023-12-11 11:47:39,5,6,11568,22125
2023-12-11 11:48:16,4,6,11568,22125
2023-12-11 11:48:16,5,6,11568,22125
2023-12-11 11:48:49,4,6,11568,22125
2023-12-11 11:48:49,5,6,11568,22125
2023-12-11 11:48:52,4,6,11568,22125
2023-12-11 11:48:53,5,6,11568,22125
2023-12-11 11:48:54,4,6,11568,22125
2023-12-11 11:48:54,5,6,11568,22125
2023-12-11 11:49:01,4,6,11568,22125
2023-12-11 11:49:03,4,5,11568,22125
2023-12-11 11:49:30,4,6,11568,22125
2023-12-11 11:49:30,5,6,11568,22125
2023-12-11 11:49:39,4,6,11568,22125
2023-12-11 11:49:45,5,6,11568,22125
2023-12-11 11:49:58,4,6,11568,22125
2023-12-11 11:50:05,5,6,11568,22125
2023-12-11 11:50:07,4,6,11568,22125
2023-12-11 11:50:27,5,6,11568,22125
2023-12-11 11:50:28,4,6,11568,22125
2023-12-11 11:50:33,5,6,11568,22125
2023-12-11 11:50:52,5,7,11568,22125
2023-12-11 11:50:58,6,7,11568,22125
2023-12-11 11:51:00,5,7,11568,22125
2023-12-11 11:51:34,6,7,11568,22125
2023-12-11 11:51:35,5,7,11568,22125
2023-12-11 11:51:36,5,6,11568,22125
2023-12-11 11:51:42,5,7,11568,22125
2023-12-11 11:52:31,6,7,11568,22125
2023-12-11 11:52:34,5,7,11568,22125
2023-12-11 11:52:34,6,7,11568,22125
2023-12-11 11:52:39,5,7,11568,22125
2023-12-11 11:52:39,6,7,11568,22125
2023-12-11 11:52:44,5,7,11568,22125
2023-12-11 11:52:44,6,7,11568,22125
2023-12-11 11:52:51,5,7,11568,22125
2023-12-11 11:52:51,6,7,11568,22125
2023-12-11 11:52:54,5,7,11568,22125
2023-12-11 11:52:54,6,7,11568,22125
2023-12-11 11:53:00,5,7,11568,22125
2023-12-11 11:53:00,6,7,11568,22125
2023-12-11 11:53:17,5,7,11568,22125
2023-12-11 11:53:17,6,7,11568,22125
2023-12-11 11:53:23,5,7,11568,22125
2023-12-11 11:53:49,6,7,11568,22125
2023-12-11 11:53:58,5,7,11568,22125
2023-12-11 11:53:58,6,7,11568,22125
2023-12-11 11:53:59,5,7,11568,22125
2023-12-11 11:54:19,6,7,11568,22125
2023-12-11 11:54:20,5,7,11568,22125
2023-12-11 11:54:36,5,6,11568,22125
2023-12-11 11:54:57,5,7,11568,22125
2023-12-11 11:55:20,5,6,11568,22125
2023-12-11 11:55:48,5,7,11568,22125
2023-12-11 11:55:50,5,6,11568,22125
2023-12-11 11:58:09,4,6,11568,22523
2023-12-11 11:58:09,5,6,11568,22523
2023-12-11 11:58:13,4,6,11568,22523
2023-12-11 11:58:14,5,6,11568,22523
2023-12-11 11:58:15,5,7,11568,22523
2023-12-11 11:58:20,4,7,11568,22523
2023-12-11 11:58:21,5,7,11568,22523
2023-12-11 11:58:32,6,7,11568,22523
2023-12-11 11:58:32,5,7,11568,22523
2023-12-11 11:58:33,5,6,11568,22523
2023-12-11 11:58:41,4,6,11568,22523
2023-12-11 11:58:42,5,6,11568,22523
2023-12-11 11:59:21,5,7,11568,22523
2023-12-11 11:59:25,6,7,11568,22523
2023-12-11 11:59:31,5,7,11568,22523
2023-12-11 11:59:31,6,7,11568,22523
2023-12-11 11:59:34,5,7,11568,22523
2023-12-11 11:59:34,6,7,11568,22523
2023-12-11 11:59:41,5,7,11568,22523
2023-12-11 11:59:41,6,7,11568,22523
2023-12-11 11:59:50,5,7,11568,22523
2023-12-11 11:59:50,6,7,11568,22523
2023-12-11 12:00:12,5,7,11568,22523
2023-12-11 12:00:16,6,7,11568,22523
2023-12-11 12:00:16,5,7,11568,22523
2023-12-11 12:00:17,6,7,11568,22523
2023-12-11 12:00:18,5,7,11568,22523
2023-12-11 12:00:18,6,7,11568,22523
2023-12-11 12:00:21,5,7,11568,22523
2023-12-11 12:00:32,6,7,11568,22523
2023-12-11 12:00:33,5,7,11568,22523
2023-12-11 12:00:36,6,7,11568,22523
2023-12-11 12:00:39,5,7,11568,22523
2023-12-11 12:00:40,5,6,11568,22523
2023-12-11 12:00:41,5,6,11706,22661
2023-12-11 12:00:50,5,7,11706,22661
2023-12-11 12:00:50,6,7,11706,22661
2023-12-11 12:00:52,5,7,11706,22661
2023-12-11 12:01:04,5,6,11706,22661
2023-12-11 12:01:30,4,5,11711,22666
2023-12-11 12:01:39,4,6,11711,22666
2023-12-11 12:01:45,5,6,11711,22666
2023-12-11 12:01:49,4,6,11711,22666
2023-12-11 12:01:52,5,6,11711,22666
2023-12-11 12:01:53,4,6,11711,22666
2023-12-11 12:01:55,5,6,11711,22666
2023-12-11 12:01:56,4,6,11711,22666
2023-12-11 12:02:02,5,6,11711,22666
2023-12-11 12:02:08,5,7,11711,22666
2023-12-11 12:02:11,5,6,11711,22666
2023-12-11 12:02:15,4,6,11711,22666
2023-12-11 12:02:15,5,6,11711,22666
2023-12-11 12:02:21,4,6,11711,22666
2023-12-11 12:02:21,5,6,11711,22666
2023-12-11 12:02:22,4,6,11711,22666
2023-12-11 12:02:36,4,7,11711,22666
2023-12-11 12:02:44,5,7,11711,22666
2023-12-11 12:02:55,5,6,11711,22666
2023-12-11 12:02:56,5,7,11711,22666
2023-12-11 12:03:00,4,7,11711,22666
2023-12-11 12:03:00,5,7,11711,22666
2023-12-11 12:03:00,6,7,11711,22666
2023-12-11 12:03:21,5,7,11711,22666
2023-12-11 12:03:21,6,7,11711,22666
2023-12-11 12:04:49,5,7,11711,22666
2023-12-11 12:04:55,5,7,11948,22903
2023-12-11 12:04:55,6,7,11948,22903
2023-12-11 12:05:08,5,7,11948,22903
2023-12-11 12:05:08,6,7,11948,22903
2023-12-11 12:05:23,5,7,11948,22903
2023-12-11 12:05:24,6,7,11948,22903
2023-12-11 12:05:39,5,7,11948,22903
2023-12-11 12:05:39,6,7,11948,22903
2023-12-11 12:05:43,5,7,11948,22903
2023-12-11 12:05:43,6,7,11948,22903
2023-12-11 12:05:55,6,8,11948,23903
2023-12-11 12:05:55,7,8,11948,23903
2023-12-11 12:06:48,7,8,11948,23908
2023-12-11 12:06:48,7,8,11948,24208
2023-12-11 12:10:46,6,7,11953,24213
2023-12-11 12:10:56,5,7,11953,24213
2023-12-11 12:10:58,6,7,11953,24213
2023-12-11 12:11:09,5,7,11953,24213
2023-12-11 12:11:17,5,8,11953,24213
2023-12-11 12:11:18,5,7,11953,24213
2023-12-11 12:11:21,6,7,11953,24213
2023-12-11 12:11:25,5,6,11953,24352
2023-12-11 12:12:06,4,6,11953,24352
2023-12-11 12:12:06,4,5,11953,24352
2023-12-11 12:12:06,4,5,11953,24506
2023-12-11 12:12:06,5,6,11953,24510
2023-12-11 12:12:10,5,7,11953,24510
2023-12-11 12:12:11,4,7,11953,24510
2023-12-11 12:12:11,6,7,11953,24510
2023-12-11 12:12:28,4,7,11953,24510
2023-12-11 12:12:28,6,7,11953,24510
2023-12-11 12:12:28,4,7,11953,24510
2023-12-11 12:12:28,6,7,11953,24510
2023-12-11 12:12:34,5,7,11953,24510
2023-12-11 12:12:34,6,7,11953,24510
2023-12-11 12:12:38,5,7,11953,24510
2023-12-11 12:12:55,5,8,11953,24510
2023-12-11 12:12:56,5,7,11953,24510
2023-12-11 12:12:56,6,7,11953,24510
2023-12-11 12:12:56,5,7,11953,24510
2023-12-11 12:12:59,5,8,11953,24510
2023-12-11 12:13:00,6,8,11953,24510
2023-12-11 12:13:01,5,8,11953,24510
2023-12-11 12:13:01,6,8,11953,24510
2023-12-11 12:13:03,7,8,11953,24510
2023-12-11 12:13:05,6,8,11953,24510
2023-12-11 12:13:05,5,8,11953,24510
2023-12-11 12:13:09,5,8,11953,24510
2023-12-11 12:13:09,6,8,11953,24510
2023-12-11 12:13:10,5,8,11953,24510
2023-12-11 12:13:11,6,8,11953,24510
2023-12-11 12:13:11,5,8,11953,24510
2023-12-11 12:13:15,6,8,11953,24510
2023-12-11 12:13:16,5,8,11953,24510
2023-12-11 12:13:16,6,8,11953,24510
2023-12-11 12:13:17,5,8,11953,24510
2023-12-11 12:13:18,5,7,11953,24510
2023-12-11 12:13:20,6,7,11953,24510
2023-12-11 12:13:22,6,8,11953,24510
2023-12-11 12:13:28,5,8,11953,24510
2023-12-11 12:13:35,5,7,11953,24510
2023-12-11 12:13:47,6,7,11953,24510
2023-12-11 12:13:51,5,7,11953,24510
2023-12-11 12:13:52,6,7,11953,24510
2023-12-11 12:14:11,5,7,11953,24510
2023-12-11 12:14:17,5,7,11953,24510
2023-12-11 12:14:18,6,7,11953,24510
2023-12-11 12:14:19,5,7,11953,24510
2023-12-11 12:14:20,6,7,11953,24510
2023-12-11 12:14:26,6,7,11953,24515
2023-12-11 12:15:10,5,6,11953,24657
2023-12-11 12:15:11,4,6,11953,24657
2023-12-11 12:15:12,5,6,11953,24657
2023-12-11 12:15:14,4,6,11953,24657
2023-12-11 12:15:14,5,6,11953,24657
2023-12-11 12:15:14,4,6,11953,24657
2023-12-11 12:15:26,5,6,11953,24657
2023-12-11 12:15:32,4,6,11953,24657
2023-12-11 12:16:13,4,5,11953,24657
2023-12-11 12:16:31,4,5,12013,24717
2023-12-11 12:16:32,4,6,12013,24717
2023-12-11 12:16:47,5,6,12013,24717
2023-12-11 12:16:48,4,6,12013,24717
2023-12-11 12:16:48,5,6,12013,24717
2023-12-11 12:16:49,4,6,12013,24717
2023-12-11 12:16:49,5,6,12013,24717
2023-12-11 12:16:50,4,6,12013,24717
2023-12-11 12:16:51,5,6,12013,24717
2023-12-11 12:16:52,4,6,12013,24717
2023-12-11 12:17:21,5,6,12013,24717
2023-12-11 12:17:27,4,6,12013,24717
2023-12-11 12:17:27,5,6,12013,24717
2023-12-11 12:17:31,4,6,12013,24717
2023-12-11 12:17:31,5,6,12013,24717
2023-12-11 12:17:34,4,6,12013,24717
2023-12-11 12:17:52,5,6,12013,24717
2023-12-11 12:17:53,4,6,12013,24717
2023-12-11 12:18:04,4,5,12013,24717
2023-12-11 12:18:21,4,5,12115,24819
2023-12-11 12:19:27,4,6,12115,24819
2023-12-11 12:19:27,4,5,12115,24819
2023-12-11 12:20:15,4,6,12115,24819
2023-12-11 12:20:15,5,6,12115,24819
2023-12-11 12:20:17,4,6,12115,24819
2023-12-11 12:20:20,5,6,12115,24819
2023-12-11 12:20:20,4,6,12115,24819
2023-12-11 12:20:20,4,5,12115,24819
2023-12-11 12:20:20,5,6,12227,24931
2023-12-11 12:20:20,4,6,12227,24931
2023-12-11 12:20:25,5,6,12227,24931
2023-12-11 12:20:42,4,6,12227,24931
2023-12-11 12:20:42,5,6,12227,24931
2023-12-11 12:21:00,5,7,12227,24931
2023-12-11 12:21:03,4,7,12227,24931
2023-12-11 12:21:03,5,7,12227,24931
2023-12-11 12:21:06,6,7,12227,24931
2023-12-11 12:23:57,6,7,12227,25131
2023-12-11 12:24:01,5,7,12227,25131
2023-12-11 12:24:01,6,7,12227,25131
2023-12-11 12:24:14,5,7,12227,25131
2023-12-11 12:24:14,6,7,12227,25131
2023-12-11 12:24:23,5,7,12227,25131
2023-12-11 12:24:24,6,7,12227,25131
2023-12-11 12:24:28,5,7,12227,25131
2023-12-11 12:24:46,6,7,12227,25131
2023-12-11 12:24:48,5,7,12227,25131
2023-12-11 12:24:48,6,7,12227,25131
2023-12-11 12:24:49,5,7,12227,25131
2023-12-11 12:25:01,6,7,12227,25131
2023-12-11 12:25:05,5,7,12227,25131
2023-12-11 12:25:05,6,7,12227,25131
2023-12-11 12:25:06,5,7,12227,25131
2023-12-11 12:25:06,6,7,12227,25131
2023-12-11 12:25:07,5,7,12227,25131
2023-12-11 12:25:11,4,7,12227,25131
2023-12-11 12:25:11,5,7,12227,25131
2023-12-11 12:25:12,5,6,12227,25131
2023-12-11 12:25:13,4,6,12227,25131
2023-12-11 12:25:14,5,6,12227,25131
2023-12-11 12:25:14,4,6,12227,25131
2023-12-11 12:25:28,5,6,12227,25131
2023-12-11 12:25:30,4,6,12227,25131
2023-12-11 12:25:39,5,6,12227,25131
2023-12-11 12:25:40,4,6,12227,25131
2023-12-11 12:25:40,5,6,12227,25131
2023-12-11 12:25:41,4,6,12227,25131
2023-12-11 12:25:42,5,6,12227,25131
2023-12-11 12:25:42,4,6,12227,25131
2023-12-11 12:25:45,5,6,12227,25131
2023-12-11 12:25:46,5,7,12227,25131
2023-12-11 12:25:46,6,7,12227,25131
2023-12-11 12:25:54,5,7,12227,25131
2023-12-11 12:25:54,4,7,12227,25131
2023-12-11 12:25:54,6,7,12227,25131
2023-12-11 12:25:54,4,7,12227,25131
2023-12-11 12:25:54,6,7,12227,25131
2023-12-11 12:25:54,4,7,12227,25131
2023-12-11 12:25:54,6,7,12227,25131
2023-12-11 12:25:55,4,7,12227,25131
2023-12-11 12:25:55,6,7,12227,25131
2023-12-11 12:26:07,6,7,12327,25231
2023-12-11 12:26:08,6,7,12427,25331
2023-12-11 12:26:09,5,6,12427,25410
2023-12-11 12:26:13,4,6,12427,25410
2023-12-11 12:26:22,4,5,12427,25410
2023-12-11 12:27:21,4,6,12427,25410
2023-12-11 12:27:26,4,7,12427,25410
2023-12-11 12:27:34,5,7,12427,25410
2023-12-11 12:27:45,4,7,12427,25410
2023-12-11 12:27:45,5,7,12427,25410
2023-12-11 12:27:59,4,7,12427,25410
2023-12-11 12:28:00,5,7,12427,25410
2023-12-11 12:28:03,4,7,12427,25410
2023-12-11 12:28:04,5,7,12427,25410
2023-12-11 12:28:13,4,7,12427,25410
2023-12-11 12:28:14,5,7,12427,25410
2023-12-11 12:28:21,4,7,12427,25410
2023-12-11 12:28:21,5,7,12427,25410
2023-12-11 12:28:28,4,7,12427,25410
2023-12-11 12:28:28,5,7,12427,25410
2023-12-11 12:28:39,5,6,12427,25410
2023-12-11 12:29:07,4,6,12427,25410
2023-12-11 12:29:07,5,6,12427,25410
2023-12-11 12:29:09,4,6,12427,25410
2023-12-11 12:29:09,5,6,12427,25410
2023-12-11 12:29:16,4,6,12427,25410
2023-12-11 12:29:16,5,6,12427,25410
2023-12-11 12:29:21,4,6,12427,25410
2023-12-11 12:29:21,5,6,12427,25410
2023-12-11 12:29:25,5,7,12427,25410
2023-12-11 12:29:45,4,7,12427,25410
2023-12-11 12:29:46,5,7,12427,25410
2023-12-11 12:29:46,4,7,12427,25410
2023-12-11 12:29:47,5,7,12427,25410
2023-12-11 12:30:03,4,7,12427,25410
2023-12-11 12:30:03,5,7,12427,25410
2023-12-11 12:30:04,4,7,12427,25410
2023-12-11 12:30:04,5,7,12427,25410
2023-12-11 12:30:25,4,7,12427,25410
2023-12-11 12:30:36,5,7,12427,25410
2023-12-11 12:30:55,4,7,12427,25410
2023-12-11 12:30:56,5,7,12427,25410
2023-12-11 12:30:56,5,6,12427,25410
2023-12-11 12:31:06,4,6,12427,25410
2023-12-11 12:31:06,5,6,12427,25410
2023-12-11 12:31:21,4,6,12427,25410
2023-12-11 12:31:33,4,7,12427,25410
2023-12-11 12:31:44,5,7,12427,25410
2023-12-11 12:31:56,4,7,12427,25410
2023-12-11 12:31:57,5,7,12427,25410
2023-12-11 12:32:06,5,6,12427,25410
2023-12-11 12:32:08,4,6,12427,25410
2023-12-11 12:32:08,5,6,12427,25410
2023-12-11 12:32:17,4,6,12427,25410
2023-12-11 12:32:17,5,6,12427,25410
2023-12-11 12:32:18,4,6,12427,25410
2023-12-11 12:32:18,5,6,12427,25410
2023-12-11 12:32:23,4,6,12427,25410
2023-12-11 12:32:23,5,6,12427,25410
2023-12-11 12:32:27,5,7,12427,25410
2023-12-11 12:32:45,6,7,12427,25410
2023-12-11 12:32:46,5,7,12427,25410
2023-12-11 12:32:48,6,7,12427,25410
2023-12-11 12:32:49,5,7,12427,25410
2023-12-11 12:32:49,4,7,12427,25410
2023-12-11 12:32:49,6,7,12427,25410
2023-12-11 12:32:50,5,7,12427,25410
2023-12-11 12:32:51,6,7,12427,25410
2023-12-11 12:32:51,5,7,12427,25410
2023-12-11 12:32:55,6,7,12427,25410
2023-12-11 12:33:08,5,7,12427,25410
2023-12-11 12:33:10,6,7,12427,25410
2023-12-11 12:33:11,5,7,12427,25410
2023-12-11 12:33:12,6,7,12427,25410
2023-12-11 12:33:16,5,7,12427,25410
2023-12-11 12:33:16,6,7,12427,25410
2023-12-11 12:33:19,5,7,12427,25410
2023-12-11 12:33:19,6,7,12427,25410
2023-12-11 12:33:32,5,7,12427,25410
2023-12-11 12:33:32,6,7,12427,25410
2023-12-11 12:33:56,5,7,12427,25410
2023-12-11 12:33:56,6,7,12427,25410
2023-12-11 12:33:59,5,7,12427,25410
2023-12-11 12:33:59,6,7,12427,25410
2023-12-11 12:34:00,5,7,12427,25410
2023-12-11 12:34:01,6,7,12427,25410
2023-12-11 12:34:03,5,7,12427,25410
2023-12-11 12:34:04,6,7,12427,25410
2023-12-11 12:34:13,5,7,12427,25410
2023-12-11 12:34:18,6,7,12427,25410
2023-12-11 12:34:37,5,7,12427,25410
2023-12-11 12:34:37,6,7,12427,25410
2023-12-11 12:34:47,5,7,12427,25410
2023-12-11 12:34:47,6,7,12427,25410
2023-12-11 12:34:48,5,7,12427,25410
2023-12-11 12:34:48,6,7,12427,25410
2023-12-11 12:35:16,5,7,12427,25410
2023-12-11 12:35:16,6,7,12427,25410
2023-12-11 12:35:29,5,7,12427,25410
2023-12-11 12:35:29,6,7,12427,25410
2023-12-11 12:35:31,6,7,12431,25414
2023-12-11 12:35:36,5,7,12431,25414
2023-12-11 12:35:36,6,7,12431,25414
2023-12-11 12:35:39,5,7,12431,25414
2023-12-11 12:35:39,6,7,12431,25414
2023-12-11 12:35:41,5,7,12431,25414
2023-12-11 12:35:42,6,7,12431,25414
2023-12-11 12:35:43,6,7,12456,25439
2023-12-11 12:35:43,6,7,12455,25440
2023-12-11 12:35:44,6,7,12455,25640
2023-12-11 12:35:48,6,7,12551,25736
2023-12-11 12:35:51,5,7,12551,25736
2023-12-11 12:35:51,6,7,12551,25736
2023-12-11 12:35:58,5,7,12551,25736
2023-12-11 12:35:59,6,7,12551,25736
2023-12-11 12:36:05,5,7,12551,25736
2023-12-11 12:36:05,6,7,12551,25736
2023-12-11 12:36:15,5,7,12551,25736
2023-12-11 12:36:15,6,7,12551,25736
2023-12-11 12:36:17,5,7,12551,25736
2023-12-11 12:36:17,6,7,12551,25736
2023-12-11 12:36:25,6,8,12551,25736
2023-12-11 12:36:36,6,7,12551,25736
2023-12-11 12:36:38,6,8,12551,25736
2023-12-11 12:36:38,7,8,12551,25736
2023-12-11 12:36:38,6,8,12551,25736
2023-12-11 12:36:38,7,8,12551,25736
2023-12-11 12:36:45,6,7,12551,25918
2023-12-11 12:36:46,6,8,12551,25918
2023-12-11 12:36:56,5,8,12551,25918
2023-12-11 12:37:05,6,8,12551,25918
2023-12-11 12:37:24,5,8,12551,25918
2023-12-11 12:39:36,6,8,12551,25918
2023-12-11 12:39:37,6,9,12551,25918
2023-12-11 12:40:15,6,9,12906,26473
2023-12-11 12:40:25,7,9,12906,26473
2023-12-11 12:40:28,7,10,12906,26473
2023-12-11 12:40:38,7,9,12906,26473
2023-12-11 12:41:22,6,9,12906,26473
2023-12-11 12:41:42,6,8,12906,26473
2023-12-11 12:42:01,6,9,13306,26873
2023-12-11 12:43:20,6,8,13306,26873
2023-12-11 12:43:27,6,8,13506,27073
2023-12-11 12:43:47,5,8,13506,27073
2023-12-11 12:43:59,6,8,13506,27073
2023-12-11 12:44:23,6,9,13506,27073
2023-12-11 12:44:50,6,8,13506,27073
2023-12-11 12:45:29,6,9,13506,27073
2023-12-11 12:45:49,7,9,13506,27073
2023-12-11 12:45:52,6,9,13506,27073
2023-12-11 12:46:25,8,9,13506,27073
2023-12-11 12:46:29,8,9,13511,27078
2023-12-11 12:47:27,6,8,13516,27083
2023-12-11 12:48:22,6,9,13516,27083
2023-12-11 12:48:43,6,8,13516,27083
2023-12-11 12:48:47,5,8,13516,27083
2023-12-11 12:48:51,6,8,13516,27083
2023-12-11 12:49:28,6,9,13616,27183
2023-12-11 12:49:31,7,9,13616,27183
2023-12-11 12:49:39,6,9,13616,27183
2023-12-11 12:49:55,7,9,13616,27183
2023-12-11 12:50:19,7,10,13616,27183
2023-12-11 12:50:32,8,10,13616,27183
2023-12-11 12:50:38,7,10,13616,27183
2023-12-11 12:51:42,7,9,13616,27183
2023-12-11 12:51:52,7,8,13616,27183
2023-12-11 12:51:58,6,8,13616,27183
2023-12-11 12:52:23,6,9,13616,27183
2023-12-11 12:53:34,7,9,13616,27183
2023-12-11 12:53:35,7,9,14850,28417
2023-12-11 12:53:41,6,9,14850,28417
2023-12-11 12:53:42,7,9,14850,28417
2023-12-11 12:53:43,6,9,14850,28417
2023-12-11 12:54:25,7,9,14850,28417
2023-12-11 12:54:37,7,10,14850,28417
2023-12-11 12:58:43,8,10,14850,28417
2023-12-11 12:59:00,8,11,14875,28642
2023-12-11 13:01:07,9,11,14875,28642
2023-12-11 13:01:37,9,12,14875,28642
2023-12-11 13:01:53,9,11,14875,28642
2023-12-11 13:01:53,8,11,14875,28642
2023-12-11 13:01:54,8,10,14875,28642
2023-12-11 13:01:54,7,10,14875,28642
2023-12-11 13:01:54,7,9,14875,28642
2023-12-11 13:01:55,7,8,14875,28642
2023-12-11 13:01:56,6,8,14875,28642
2023-12-11 13:01:57,6,7,14875,28642
2023-12-11 13:01:59,6,8,14875,28742
2023-12-11 13:02:08,7,8,14875,28742
2023-12-11 13:02:08,7,8,15075,29002
2023-12-11 13:02:19,7,9,15075,29002
2023-12-11 13:02:19,8,9,15075,29002
2023-12-11 13:02:22,8,9,15075,29062
2023-12-11 13:02:24,8,10,15075,29062
2023-12-11 13:02:35,8,11,15075,29062
2023-12-11 13:02:37,9,11,15075,29062
2023-12-11 13:02:51,9,12,15075,29062
2023-12-11 13:03:02,10,12,15075,29062
2023-12-11 13:03:17,11,12,15075,29062
2023-12-11 13:03:19,11,13,15075,29062
2023-12-11 13:03:24,12,13,15075,29062
2023-12-11 13:03:30,12,14,15075,29062
2023-12-11 13:03:33,11,14,15075,29062
2023-12-11 13:03:38,11,13,15075,29062
2023-12-11 13:04:08,12,13,15075,29062
2023-12-11 13:04:09,11,13,15075,29062
2023-12-11 13:04:13,12,13,15075,29062
2023-12-11 13:04:23,12,14,15075,29062
2023-12-11 13:04:29,13,14,15075,29062
2023-12-11 13:04:49,12,14,15075,29062
2023-12-11 13:04:56,13,14,15075,29062
2023-12-11 13:04:57,13,15,15075,29062
2023-12-11 13:05:04,12,15,15075,29062
2023-12-11 13:05:23,13,15,15075,29062
2023-12-11 13:05:46,12,15,15075,29062
2023-12-11 13:06:11,11,15,15075,29062
2023-12-11 13:06:13,11,14,15075,29062
2023-12-11 13:06:14,11,15,15075,29062
2023-12-11 13:06:17,11,14,15075,29062
2023-12-11 13:06:32,10,14,15075,29062
2023-12-11 13:06:37,10,13,15075,29062
2023-12-11 13:06:58,10,12,15075,29062
2023-12-11 13:06:59,10,13,15075,29062
2023-12-11 13:07:46,11,13,15075,29062
2023-12-11 13:07:48,11,14,15075,29062
2023-12-11 13:08:04,11,13,15075,29062
2023-12-11 13:08:04,10,13,15075,29062
2023-12-11 13:08:16,11,13,15075,29062
2023-12-11 13:08:17,11,14,15075,29062
2023-12-11 13:08:31,11,13,15075,29062
2023-12-11 13:08:33,10,13,15075,29062
2023-12-11 13:08:49,11,13,15075,29062
2023-12-11 13:09:17,11,13,15075,29062
2023-12-11 13:09:30,11,14,15075,29062
2023-12-11 13:09:41,11,13,15075,29062
2023-12-11 13:09:45,10,13,15075,29062
2023-12-11 13:10:10,9,13,15075,29062
2023-12-11 13:10:11,9,12,15075,29062
2023-12-11 13:10:31,10,12,15075,29062
2023-12-11 13:10:39,9,12,15075,29062
2023-12-11 13:10:46,9,13,15075,29062
2023-12-11 13:10:46,9,12,15075,29062
2023-12-11 13:10:49,9,13,15075,29062
2023-12-11 13:10:54,10,13,15075,29062
2023-12-11 13:10:54,10,12,15075,29062
2023-12-11 13:10:57,9,12,15075,29062
2023-12-11 13:10:57,9,13,15075,29062
2023-12-11 13:10:57,9,12,15075,29062
2023-12-11 13:11:03,9,13,15075,29062
2023-12-11 13:11:04,9,12,15075,29062
2023-12-11 13:11:08,9,13,15075,29062
2023-12-11 13:11:08,9,12,15075,29062
2023-12-11 13:11:27,9,11,15075,29062
2023-12-11 13:11:27,8,11,15075,29062
2023-12-11 13:11:49,9,11,15075,29062
2023-12-11 13:12:01,9,12,15075,29062
2023-12-11 13:12:09,9,12,15076,29063
2023-12-11 13:12:09,9,11,15076,29063
2023-12-11 13:13:33,8,11,15076,29063
2023-12-11 13:13:49,8,10,15076,29063
2023-12-11 13:13:51,8,11,15076,29063
2023-12-11 13:14:00,8,11,15326,29313
2023-12-11 13:14:01,8,10,15326,29313
2023-12-11 13:14:19,7,10,15326,29313
2023-12-11 13:14:23,7,9,15326,29313
2023-12-11 13:15:32,7,10,15326,29313
2023-12-11 13:15:34,8,10,15326,29313
2023-12-11 13:15:41,7,10,15326,29313
2023-12-11 13:16:05,8,10,15326,29313
2023-12-11 13:16:11,8,12,15326,29564
2023-12-11 13:16:12,8,11,15326,29564
2023-12-11 13:16:27,8,13,15326,29564
2023-12-11 13:16:28,8,11,15326,29564
2023-12-11 13:16:38,9,11,15326,29564
2023-12-11 13:16:40,9,13,15326,29564
2023-12-11 13:16:40,9,12,15326,29564
2023-12-11 13:16:44,9,13,15726,29964
2023-12-11 13:17:13,9,12,15726,29964
2023-12-11 13:17:14,9,13,15726,29964
2023-12-11 13:17:17,9,12,15726,29964
2023-12-11 13:17:23,9,13,15726,29964
2023-12-11 13:17:29,9,12,15726,29964
2023-12-11 13:17:31,9,13,15726,29964
2023-12-11 13:17:33,9,12,15726,29964
2023-12-11 13:17:34,9,13,15726,29964
2023-12-11 13:17:44,10,13,15726,29964
2023-12-11 13:18:05,10,14,15726,29964
2023-12-11 13:18:09,11,14,15726,29964
2023-12-11 13:18:42,12,14,15726,29964
2023-12-11 13:18:42,12,15,15726,29964
2023-12-11 13:18:48,11,15,15726,29964
2023-12-11 13:18:50,11,14,15726,29964
2023-12-11 13:18:55,11,15,15726,29964
2023-12-11 13:18:59,12,15,15726,29964
2023-12-11 13:19:06,11,15,15726,29964
2023-12-11 13:19:07,12,15,15726,29964
2023-12-11 13:19:30,12,15,16081,30519
2023-12-11 13:19:30,12,16,16081,30519
2023-12-11 13:19:31,13,16,16081,30519
2023-12-11 13:20:12,13,18,16081,30519
2023-12-11 13:20:12,14,17,16081,30519
2023-12-11 13:20:13,15,17,16081,30519
2023-12-11 13:20:13,15,18,16081,30519
2023-12-11 13:20:31,15,17,16081,30519
2023-12-11 13:20:44,15,18,16101,30539
2023-12-11 13:20:53,15,19,16101,30539
2023-12-11 13:20:57,16,19,16101,30539
2023-12-11 13:21:02,15,19,16101,30539
2023-12-11 13:21:17,14,19,16101,30539
2023-12-11 13:21:18,14,18,16101,30539
2023-12-11 13:21:22,15,18,16101,30539
2023-12-11 13:21:26,14,18,16101,30539
2023-12-11 13:21:35,15,18,16101,30539
2023-12-11 13:21:40,14,18,16101,30539
2023-12-11 13:21:40,14,19,16101,30539
2023-12-11 13:21:41,14,18,16101,30539
2023-12-11 13:21:45,15,18,16101,30539
2023-12-11 13:21:45,15,19,16101,30539
2023-12-11 13:22:06,16,19,16101,30539
2023-12-11 13:22:22,16,20,16101,30539
2023-12-11 13:22:26,16,21,16101,30539
2023-12-11 13:22:26,18,21,16101,30539
2023-12-11 13:22:40,16,21,16101,30539
2023-12-11 13:22:44,17,21,16101,30539
2023-12-11 13:22:45,16,21,16101,30539
2023-12-11 13:22:46,16,20,16101,30539
2023-12-11 13:22:52,16,21,16101,30539
2023-12-11 13:22:55,17,21,16101,30539
2023-12-11 13:22:56,17,20,16101,30539
2023-12-11 13:23:08,16,19,16101,30539
2023-12-11 13:23:09,15,19,16101,30539
2023-12-11 13:23:19,14,19,16101,30539
2023-12-11 13:23:19,14,18,16101,30539
2023-12-11 13:23:25,15,18,16101,30539
2023-12-11 13:23:25,15,19,16101,30539
2023-12-11 13:23:26,14,19,16101,30539
2023-12-11 13:23:27,15,19,16101,30539
2023-12-11 13:23:39,15,20,16101,30539
2023-12-11 13:23:41,16,20,16101,30539
2023-12-11 13:23:46,16,21,16101,30539
2023-12-11 13:23:53,16,20,16101,30539
2023-12-11 13:23:56,16,21,16101,30539
2023-12-11 13:24:07,16,20,16101,30539
2023-12-11 13:24:10,16,21,16101,30539
2023-12-11 13:24:30,18,21,16101,30539
2023-12-11 13:24:37,17,21,16101,30539
2023-12-11 13:25:03,16,21,16101,30539
2023-12-11 13:25:05,16,20,16101,30539
2023-12-11 13:25:07,16,21,16101,30539
2023-12-11 13:25:11,16,20,16101,30539
2023-12-11 13:25:24,16,21,16101,30539
2023-12-11 13:25:26,16,20,16101,30539
2023-12-11 13:25:37,16,19,16101,30539
2023-12-11 13:25:38,16,20,16101,30539
2023-12-11 13:25:39,16,19,16101,30539
2023-12-11 13:25:59,16,20,16101,30539
2023-12-11 13:26:01,16,19,16101,30539
2023-12-11 13:26:02,16,20,16101,30539
2023-12-11 13:26:54,15,20,16101,30539
2023-12-11 13:26:57,16,20,16101,30539
2023-12-11 13:27:17,15,20,16101,30539
2023-12-11 13:27:17,15,19,16101,30539
2023-12-11 13:27:18,16,19,16101,30539
2023-12-11 13:27:18,16,20,16101,30539
2023-12-11 13:27:20,15,20,16101,30539
2023-12-11 13:27:20,15,19,16101,30539
2023-12-11 13:27:22,15,20,16101,30539
2023-12-11 13:27:22,15,19,16101,30539
2023-12-11 13:27:26,15,20,16101,30539
2023-12-11 13:27:27,15,19,16101,30539
2023-12-11 13:27:46,15,18,16101,30539
2023-12-11 13:27:47,15,19,16101,30539
2023-12-11 13:27:53,15,20,16101,30539
2023-12-11 13:27:55,16,20,16101,30539
2023-12-11 13:28:34,16,19,16101,30539
2023-12-11 13:28:35,15,19,16101,30539
2023-12-11 13:28:50,16,19,16101,30539
2023-12-11 13:28:53,16,19,16101,30539
2023-12-11 13:28:54,15,19,16101,30539
2023-12-11 13:29:05,15,18,16101,30539
2023-12-11 13:29:05,14,18,16101,30539
2023-12-11 13:29:19,14,17,16101,30539
2023-12-11 13:29:20,13,17,16101,30539
2023-12-11 13:29:22,14,17,16101,30539
2023-12-11 13:29:31,14,18,16101,30539
2023-12-11 13:29:40,15,18,16101,30539
2023-12-11 13:29:40,15,19,16101,30539
2023-12-11 13:29:40,15,18,16101,30539
2023-12-11 13:29:44,15,19,16101,30539
2023-12-11 13:29:44,15,18,16101,30539
2023-12-11 13:29:49,14,18,16101,30539
2023-12-11 13:30:01,15,18,16101,30539
2023-12-11 13:30:01,15,19,16101,30539
2023-12-11 13:30:05,16,19,16101,30539
2023-12-11 13:30:05,16,20,16101,30539
2023-12-11 13:30:12,15,20,16101,30539
2023-12-11 13:30:15,16,20,16101,30539
2023-12-11 13:30:49,15,20,16101,30539
2023-12-11 13:30:49,15,19,16101,30539
2023-12-11 13:30:50,15,20,16101,30539
2023-12-11 13:30:51,16,20,16101,30539
2023-12-11 13:30:57,15,20,16101,30539
2023-12-11 13:30:58,15,19,16101,30539
2023-12-11 13:31:01,15,18,16101,30539
2023-12-11 13:31:03,14,18,16101,30539
2023-12-11 13:31:08,13,18,16101,30539
2023-12-11 13:31:10,14,17,16101,30539
2023-12-11 13:31:10,14,18,16101,30539
2023-12-11 13:31:38,14,19,16101,30539
2023-12-11 13:31:46,14,18,16101,30539
2023-12-11 13:31:52,14,19,16101,30539
2023-12-11 13:31:56,14,18,16101,30539
2023-12-11 13:32:02,13,18,16101,30539
2023-12-11 13:32:06,14,18,16101,30539
2023-12-11 13:32:19,13,18,16101,30539
2023-12-11 13:32:19,13,17,16101,30539
2023-12-11 13:32:20,13,18,16101,30539
2023-12-11 13:32:21,14,18,16101,30539
2023-12-11 13:32:31,14,19,16101,30539
2023-12-11 13:32:32,15,19,16101,30539
2023-12-11 13:32:47,15,20,16101,30539
2023-12-11 13:32:54,15,19,16101,30539
2023-12-11 13:32:55,15,20,16101,30539
2023-12-11 13:32:56,15,19,16101,30539
2023-12-11 13:33:01,15,18,16101,30539
2023-12-11 13:33:02,15,19,16101,30539
2023-12-11 13:33:23,15,18,16101,30539
2023-12-11 13:33:32,15,19,16101,30539
2023-12-11 13:33:37,15,18,16101,30539
2023-12-11 13:33:41,15,19,16101,30539
2023-12-11 13:33:42,15,18,16101,30539
2023-12-11 13:33:43,15,19,16101,30539
2023-12-11 13:33:59,15,18,16101,30539
2023-12-11 13:34:02,14,19,16101,30539
2023-12-11 13:34:04,14,18,16101,30539
2023-12-11 13:34:06,14,19,16101,30539
2023-12-11 13:34:07,14,18,16101,30539
2023-12-11 13:34:27,15,18,16101,30539
2023-12-11 13:34:27,15,19,16101,30539
2023-12-11 13:34:30,15,18,16101,30539
2023-12-11 13:34:31,14,18,16101,30539
2023-12-11 13:34:36,14,19,16101,30539
2023-12-11 13:34:55,15,20,16101,30539
2023-12-11 13:34:56,15,19,16101,30539
2023-12-11 13:35:04,15,20,16101,30539
2023-12-11 13:35:05,15,19,16101,30539
2023-12-11 13:35:12,14,19,16101,30539
2023-12-11 13:35:14,15,19,16101,30539
2023-12-11 13:35:18,14,19,16101,30539
2023-12-11 13:35:20,14,18,16101,30539
2023-12-11 13:35:21,14,19,16101,30539
2023-12-11 13:35:23,14,18,16101,30539
2023-12-11 13:35:27,14,19,16101,30539
2023-12-11 13:35:32,15,19,16101,30539
2023-12-11 13:35:35,15,18,16101,30539
2023-12-11 13:35:36,15,19,16101,30539
2023-12-11 13:35:37,15,18,16101,30539
2023-12-11 13:35:39,15,19,16101,30539
2023-12-11 13:35:40,15,18,16101,30539
2023-12-11 13:35:41,15,19,16101,30539
2023-12-11 13:35:45,15,18,16101,30539
2023-12-11 13:35:45,14,18,16101,30539
2023-12-11 13:35:48,15,18,16101,30539
2023-12-11 13:35:48,15,19,16101,30539
2023-12-11 13:35:49,15,18,16101,30539
2023-12-11 13:35:50,15,19,16101,30539
2023-12-11 13:35:53,15,18,16101,30539
2023-12-11 13:35:54,15,19,16101,30539
2023-12-11 13:36:08,14,19,16101,30539
2023-12-11 13:36:08,14,18,16101,30539
2023-12-11 13:36:09,14,19,16101,30539
2023-12-11 13:36:10,14,18,16101,30539
2023-12-11 13:36:13,14,19,16101,30539
2023-12-11 13:36:14,14,18,16101,30539
2023-12-11 13:36:24,14,17,16101,30539
2023-12-11 13:36:48,13,17,16101,30539
2023-12-11 13:36:59,14,17,16101,30539
2023-12-11 13:37:01,14,18,16101,30539
2023-12-11 13:37:06,15,18,16101,30539
2023-12-11 13:37:14,15,18,16101,30539
2023-12-11 13:37:14,14,18,16101,30539
2023-12-11 13:37:15,14,19,16101,30539
2023-12-11 13:37:16,14,18,16101,30539
2023-12-11 13:37:33,14,19,16101,30539
2023-12-11 13:37:33,15,19,16101,30539
2023-12-11 13:37:38,15,18,16101,30539
2023-12-11 13:37:39,15,19,16101,30539
2023-12-11 13:37:50,15,18,16101,30539
2023-12-11 13:37:51,15,19,16101,30539
2023-12-11 13:37:53,15,18,16101,30539
2023-12-11 13:37:53,15,19,16101,30539
2023-12-11 13:38:21,15,20,16101,30539
2023-12-11 13:38:21,15,19,16101,30539
2023-12-11 13:38:23,16,19,16101,30539
2023-12-11 13:38:23,16,20,16101,30539
2023-12-11 13:38:25,15,20,16101,30539
2023-12-11 13:38:25,15,19,16101,30539
2023-12-11 13:38:31,15,20,16101,30539
2023-12-11 13:38:31,15,19,16101,30539
2023-12-11 13:38:33,15,20,16101,30539
2023-12-11 13:38:40,15,19,16101,30539
2023-12-11 13:38:59,14,19,16101,30539
2023-12-11 13:39:01,15,19,16101,30539
2023-12-11 13:39:11,14,19,16101,30539
2023-12-11 13:39:11,14,18,16101,30539
2023-12-11 13:39:15,14,19,16101,30539
2023-12-11 13:39:16,14,18,16101,30539
2023-12-11 13:39:18,14,19,16101,30539
2023-12-11 13:39:19,14,18,16101,30539
2023-12-11 13:39:24,14,19,16101,30539
2023-12-11 13:39:29,15,19,16101,30539
2023-12-11 13:40:05,15,20,16101,30539
2023-12-11 13:40:05,15,19,16101,30539
2023-12-11 13:40:14,15,20,16101,30539
2023-12-11 13:40:14,15,19,16101,30539
2023-12-11 13:40:17,15,20,16101,30539
2023-12-11 13:40:24,15,19,16101,30539
2023-12-11 13:40:30,15,18,16101,30539
2023-12-11 13:40:54,15,19,16101,30539
2023-12-11 13:41:08,15,20,16101,30539
2023-12-11 13:41:09,15,19,16101,30539
2023-12-11 13:41:11,15,20,16101,30539
2023-12-11 13:41:13,15,19,16101,30539
2023-12-11 13:41:14,16,19,16101,30539
2023-12-11 13:41:14,16,20,16101,30539
2023-12-11 13:41:15,16,19,16101,30539
2023-12-11 13:41:18,16,20,16101,30539
2023-12-11 13:41:19,16,21,16101,30539
2023-12-11 13:41:20,17,21,16101,30539
2023-12-11 13:41:26,16,21,16101,30539
2023-12-11 13:41:28,16,20,16101,30539
2023-12-11 13:41:41,16,21,16101,30539
2023-12-11 13:41:45,16,20,16101,30539
2023-12-11 13:41:47,16,21,16101,30539
2023-12-11 13:41:49,16,20,16101,30539
2023-12-11 13:41:51,16,21,16101,30539
2023-12-11 13:41:53,16,20,16101,30539
2023-12-11 13:41:55,16,21,16101,30539
2023-12-11 13:41:57,16,20,16101,30539
2023-12-11 13:42:05,16,21,16101,30539
2023-12-11 13:42:05,16,20,16101,30539
2023-12-11 13:42:24,16,21,16101,30539
2023-12-11 13:42:24,16,20,16101,30539
2023-12-11 13:42:26,16,21,16101,30539
2023-12-11 13:42:26,16,20,16101,30539
2023-12-11 13:42:36,16,21,16101,30539
2023-12-11 13:42:43,16,20,16101,30539
2023-12-11 13:42:46,16,21,16101,30539
2023-12-11 13:42:47,17,21,16101,30539
2023-12-11 13:43:07,16,21,16101,30539
2023-12-11 13:43:13,17,21,16101,30539
2023-12-11 13:43:20,16,21,16101,30539
2023-12-11 13:43:25,16,20,16101,30539
2023-12-11 13:43:52,16,21,16101,30539
2023-12-11 13:43:54,16,20,16101,30539
2023-12-11 13:43:59,16,19,16101,30539
2023-12-11 13:44:01,16,20,16101,30539
2023-12-11 13:44:04,16,21,16101,30539
2023-12-11 13:44:04,16,20,16101,30539
2023-12-11 13:44:06,16,21,16101,30539
2023-12-11 13:44:13,16,20,16101,30539
2023-12-11 13:44:14,16,21,16101,30539
2023-12-11 13:44:14,16,20,16101,30539
2023-12-11 13:44:16,16,21,16101,30539
2023-12-11 13:44:20,16,20,16101,30539
2023-12-11 13:44:24,16,21,16101,30539
2023-12-11 13:44:24,16,20,16101,30539
2023-12-11 13:44:26,15,20,16101,30539
2023-12-11 13:44:43,15,19,16101,30539
2023-12-11 13:44:44,15,20,16101,30539
2023-12-11 13:44:44,15,19,16101,30539
2023-12-11 13:44:50,15,20,16101,30539
2023-12-11 13:44:50,15,19,16101,30539
2023-12-11 13:44:56,15,20,16101,30539
2023-12-11 13:45:11,15,19,16101,30539
2023-12-11 13:45:32,15,20,16101,30539
2023-12-11 13:45:34,15,19,16101,30539
2023-12-11 13:45:51,15,20,16101,30539
2023-12-11 13:45:52,15,19,16101,30539
2023-12-11 13:45:53,15,18,16101,30539
2023-12-11 13:46:07,15,19,16101,30539
2023-12-11 13:46:08,14,19,16101,30539
2023-12-11 13:46:10,14,18,16101,30539
2023-12-11 13:46:15,13,18,16101,30539
2023-12-11 13:46:16,14,18,16101,30539
2023-12-11 13:46:19,15,18,16101,30539
2023-12-11 13:46:23,15,19,16101,30539
2023-12-11 13:46:26,15,18,16101,30539
2023-12-11 13:46:28,15,19,16101,30539
2023-12-11 13:46:29,15,18,16101,30539
2023-12-11 13:46:31,15,19,16101,30539
2023-12-11 13:46:31,15,18,16101,30539
2023-12-11 13:46:38,15,17,16101,30539
2023-12-11 13:46:40,14,17,16101,30539
2023-12-11 13:46:40,14,18,16101,30539
2023-12-11 13:46:40,14,17,16101,30539
2023-12-11 13:46:46,14,18,16101,30539
2023-12-11 13:46:47,14,17,16101,30539
2023-12-11 13:46:50,14,18,16101,30539
2023-12-11 13:46:51,15,18,16101,30539
2023-12-11 13:46:51,15,17,16101,30539
2023-12-11 13:46:52,14,17,16101,30539
2023-12-11 13:46:53,15,17,16101,30539
2023-12-11 13:46:54,14,17,16101,30539
2023-12-11 13:46:54,14,16,16101,30539
2023-12-11 13:47:03,15,16,16101,30539
2023-12-11 13:47:04,14,16,16101,30539
2023-12-11 13:47:07,15,16,16101,30539
2023-12-11 13:47:16,15,17,16101,30539
2023-12-11 13:47:16,15,18,16101,30539
2023-12-11 13:47:16,15,16,16101,30539
2023-12-11 13:47:19,15,17,16101,30539
2023-12-11 13:47:21,15,18,16101,30539
2023-12-11 13:47:21,15,17,16101,30539
2023-12-11 13:47:24,15,16,16101,30539
2023-12-11 13:47:25,15,17,16101,30539
2023-12-11 13:47:25,15,16,16101,30539
2023-12-11 13:47:27,14,16,16101,30539
2023-12-11 13:47:28,15,16,16101,30539
2023-12-11 13:47:29,14,16,16101,30539
2023-12-11 13:47:31,15,16,16101,30539
2023-12-11 13:47:35,15,17,16101,30539
2023-12-11 13:47:37,15,18,16101,30539
2023-12-11 13:47:37,15,17,16101,30539
2023-12-11 13:47:42,15,18,16101,30539
2023-12-11 13:47:47,15,17,16101,30539
2023-12-11 13:47:50,15,18,16101,30539
2023-12-11 13:47:51,15,17,16101,30539
2023-12-11 13:47:57,15,19,16101,30539
2023-12-11 13:47:57,15,17,16101,30539
2023-12-11 13:47:58,15,18,16101,30539
2023-12-11 13:48:00,15,19,16101,30539
2023-12-11 13:48:00,15,18,16101,30539
2023-12-11 13:48:04,16,18,16101,30539
2023-12-11 13:48:05,15,18,16101,30539
2023-12-11 13:48:07,16,18,16101,30539
2023-12-11 13:48:09,15,18,16101,30539
2023-12-11 13:48:12,16,18,16101,30539
2023-12-11 13:48:13,15,18,16101,30539
2023-12-11 13:48:13,15,19,16101,30539
2023-12-11 13:48:13,15,17,16101,30539
2023-12-11 13:48:13,15,19,16101,30539
2023-12-11 13:48:13,15,17,16101,30539
2023-12-11 13:48:24,15,18,16101,30539
2023-12-11 13:48:26,15,17,16101,30539
2023-12-11 13:48:51,15,18,16101,30539
2023-12-11 13:48:52,16,18,16101,30539
2023-12-11 13:48:53,16,20,16101,30539
2023-12-11 13:48:53,16,19,16101,30539
2023-12-11 13:48:54,16,20,16101,30539
2023-12-11 13:48:59,17,20,16101,30539
2023-12-11 13:48:59,17,21,16101,30539
2023-12-11 13:49:11,17,22,16101,30539
2023-12-11 13:49:16,19,22,16101,30539
2023-12-11 13:49:22,19,23,16101,30539
2023-12-11 13:49:45,20,23,16101,30539
2023-12-11 13:49:46,19,24,16101,30539
2023-12-11 13:49:47,20,24,16101,30539
2023-12-11 13:49:49,19,24,16101,30539
2023-12-11 13:50:10,19,23,16101,30539
2023-12-11 13:50:13,19,24,16101,30539
2023-12-11 13:50:15,20,24,16101,30539
2023-12-11 13:50:17,19,24,16101,30539
2023-12-11 13:50:25,20,24,16101,30539
2023-12-11 13:50:25,20,25,16101,30539
2023-12-11 13:50:39,20,26,16101,30539
2023-12-11 13:50:42,20,25,16101,30539
2023-12-11 13:50:44,20,26,16101,30539
2023-12-11 13:50:45,20,25,16101,30539
2023-12-11 13:50:45,21,25,16101,30539
2023-12-11 13:50:45,21,26,16101,30539
2023-12-11 13:50:52,20,26,16101,30539
2023-12-11 13:50:52,20,25,16101,30539
2023-12-11 13:51:04,19,25,16101,30539
2023-12-11 13:51:08,19,24,16101,30539
2023-12-11 13:51:17,19,25,16101,30539
2023-12-11 13:51:17,20,25,16101,30539
2023-12-11 13:51:26,20,24,16101,30539
2023-12-11 13:51:28,19,24,16101,30539
2023-12-11 13:51:32,19,25,16101,30539
2023-12-11 13:51:34,19,24,16101,30539
2023-12-11 13:51:35,19,23,16101,30539
2023-12-11 13:51:36,19,22,16101,30539
2023-12-11 13:51:37,19,23,16101,30539
2023-12-11 13:51:40,19,22,16101,30539
2023-12-11 13:51:47,20,22,16101,30539
2023-12-11 13:51:50,20,25,16101,30539
2023-12-11 13:51:50,20,24,16101,30539
2023-12-11 13:51:50,20,25,16101,30539
2023-12-11 13:51:50,20,22,16101,30539
2023-12-11 13:51:51,20,25,16101,30539
2023-12-11 13:51:51,20,24,16101,30539
2023-12-11 13:51:51,20,23,16101,30539
2023-12-11 13:51:51,20,25,16101,30539
2023-12-11 13:51:51,20,23,16101,30539
2023-12-11 13:51:52,20,25,16101,30539
2023-12-11 13:51:52,20,24,16101,30539
2023-12-11 13:51:53,20,25,16101,30539
2023-12-11 13:51:54,21,25,16101,30539
2023-12-11 13:51:54,21,26,16101,30539
2023-12-11 13:51:58,22,26,16101,30539
2023-12-11 13:52:01,22,28,16101,30539
2023-12-11 13:52:09,22,26,16101,30539
2023-12-11 13:52:10,21,26,16101,30539
2023-12-11 13:52:11,21,25,16101,30539
2023-12-11 13:52:12,21,26,16101,30539
2023-12-11 13:52:17,22,26,16101,30539
2023-12-11 13:52:29,22,28,16101,30539
2023-12-11 13:52:30,23,28,16101,30539
2023-12-11 13:52:38,22,28,16101,30539
2023-12-11 13:52:41,22,27,16101,30539
2023-12-11 13:52:44,21,27,16101,30539
2023-12-11 13:52:46,21,26,16101,30539
2023-12-11 13:52:47,21,27,16101,30539
2023-12-11 13:52:48,21,26,16101,30539
2023-12-11 13:52:53,20,26,16101,30539
2023-12-11 13:53:06,21,26,16101,30539
2023-12-11 13:53:11,21,27,16101,30539
2023-12-11 13:53:16,21,26,16101,30539
2023-12-11 13:53:17,21,27,16101,30539
2023-12-11 13:53:18,21,26,16101,30539
2023-12-11 13:53:21,21,27,16101,30539
2023-12-11 13:53:22,21,26,16101,30539
2023-12-11 13:53:23,21,27,16101,30539
2023-12-11 13:53:26,21,26,16101,30539
2023-12-11 13:53:31,21,27,16101,30539
2023-12-11 13:53:31,22,27,16101,30539
2023-12-11 13:53:33,22,26,16101,30539
2023-12-11 13:53:33,21,26,16101,30539
2023-12-11 13:53:34,21,25,16101,30539
2023-12-11 13:53:35,21,26,16101,30539
2023-12-11 13:53:35,21,25,16101,30539
2023-12-11 13:53:40,20,25,16101,30539
2023-12-11 13:53:46,20,26,16101,30539
2023-12-11 13:53:46,20,25,16101,30539
2023-12-11 13:53:58,20,24,16101,30539
2023-12-11 13:54:03,19,24,16101,30539
2023-12-11 13:54:12,20,24,16101,30539
2023-12-11 13:54:16,19,24,16101,30539
2023-12-11 13:54:35,19,23,16101,30539
2023-12-11 13:54:36,19,24,16101,30539
2023-12-11 13:54:37,19,23,16101,30539
2023-12-11 13:54:38,19,24,16101,30539
2023-12-11 13:54:50,19,23,16101,30539
2023-12-11 13:55:02,18,23,16101,30539
2023-12-11 13:55:08,19,23,16101,30539
2023-12-11 13:55:08,19,24,16101,30539
2023-12-11 13:55:12,21,24,16101,30539
2023-12-11 13:55:17,19,24,16101,30539
2023-12-11 13:55:25,19,23,16101,30539
2023-12-11 13:55:25,18,23,16101,30539
2023-12-11 13:55:33,18,24,16101,30539
2023-12-11 13:55:36,18,23,16101,30539
2023-12-11 13:55:38,18,24,16101,30539
2023-12-11 13:55:39,18,23,16101,30539
2023-12-11 13:55:40,18,24,16101,30539
2023-12-11 13:55:46,18,23,16101,30539
2023-12-11 13:55:59,17,23,16101,30539
2023-12-11 13:56:00,18,23,16101,30539
2023-12-11 13:56:13,18,22,16101,30539
2023-12-11 13:56:17,18,21,16101,30539
2023-12-11 13:56:20,18,20,16101,30539
2023-12-11 13:56:21,16,20,16101,30539
2023-12-11 13:56:22,16,21,16101,30539
2023-12-11 13:56:25,17,21,16101,30539
2023-12-11 13:56:25,17,22,16101,30539
2023-12-11 13:56:39,16,22,16101,30539
2023-12-11 13:56:42,16,21,16101,30539
2023-12-11 13:56:45,16,22,16101,30539
2023-12-11 13:56:45,17,22,16101,30539
2023-12-11 13:57:10,16,22,16101,30539
2023-12-11 13:57:13,16,20,16101,30539
2023-12-11 13:57:24,16,21,16101,30539
2023-12-11 13:57:30,16,20,16101,30539
2023-12-11 13:57:31,16,21,16101,30539
2023-12-11 13:57:32,16,20,16101,30539
2023-12-11 13:57:33,16,21,16101,30539
2023-12-11 13:57:46,16,20,16101,30539
2023-12-11 13:57:48,16,19,16101,30539
2023-12-11 13:57:50,16,20,16101,30539
2023-12-11 13:57:53,16,19,16101,30539
2023-12-11 13:58:04,15,19,16101,30539
2023-12-11 13:58:12,14,19,16101,30539
2023-12-11 13:58:20,15,19,16101,30539
2023-12-11 13:58:29,14,19,16101,30539
2023-12-11 13:58:38,15,19,16101,30539
2023-12-11 13:58:40,15,20,16101,30539
2023-12-11 13:58:41,15,19,16101,30539
2023-12-11 13:58:46,15,21,16101,30539
2023-12-11 13:58:48,16,21,16101,30539
2023-12-11 13:58:49,16,22,16101,30539
2023-12-11 13:58:55,16,21,16101,30539
2023-12-11 13:59:15,16,22,16101,30539
2023-12-11 13:59:15,17,22,16101,30539
2023-12-11 13:59:27,17,23,16101,30539
2023-12-11 13:59:30,17,22,16101,30539
2023-12-11 13:59:33,17,23,16101,30539
2023-12-11 13:59:33,18,23,16101,30539
2023-12-11 13:59:38,17,23,16101,30539
2023-12-11 13:59:38,17,22,16101,30539
2023-12-11 13:59:44,17,21,16101,30539
2023-12-11 13:59:55,17,22,16101,30539
2023-12-11 14:00:28,18,22,16101,30539
2023-12-11 14:00:28,18,23,16101,30539
2023-12-11 14:00:39,18,24,16101,30539
2023-12-11 14:00:44,18,23,16101,30539
2023-12-11 14:01:06,19,23,16101,30539
2023-12-11 14:01:06,19,24,16101,30539
2023-12-11 14:01:18,18,24,16101,30539
2023-12-11 14:01:18,18,23,16101,30539
2023-12-11 14:01:20,18,24,16101,30539
2023-12-11 14:01:21,18,23,16101,30539
2023-12-11 14:01:22,18,24,16101,30539
2023-12-11 14:01:27,18,23,16101,30539
2023-12-11 14:01:28,18,24,16101,30539
2023-12-11 14:01:28,18,23,16101,30539
2023-12-11 14:01:32,20,23,16101,30539
2023-12-11 14:01:33,18,23,16101,30539
2023-12-11 14:01:50,19,23,16101,30539
2023-12-11 14:01:51,19,24,16101,30539
2023-12-11 14:01:56,18,24,16101,30539
2023-12-11 14:01:57,19,24,16101,30539
2023-12-11 14:01:58,18,24,16101,30539
2023-12-11 14:01:58,18,23,16101,30539
2023-12-11 14:01:59,19,23,16101,30539
2023-12-11 14:02:07,19,24,16101,30539
2023-12-11 14:02:09,19,23,16101,30539
2023-12-11 14:02:09,18,23,16101,30539
2023-12-11 14:02:33,18,24,16101,30539
2023-12-11 14:02:41,19,24,16101,30539
2023-12-11 14:02:41,20,24,16101,30539
2023-12-11 14:02:54,19,24,16101,30539
2023-12-11 14:02:56,19,23,16101,30539
2023-12-11 14:02:58,19,24,16101,30539
2023-12-11 14:03:00,19,23,16101,30539
2023-12-11 14:03:00,19,24,16101,30539
2023-12-11 14:03:00,19,23,16101,30539
2023-12-11 14:03:05,18,23,16101,30539
2023-12-11 14:03:10,17,23,16101,30539
2023-12-11 14:03:11,18,23,16101,30539
2023-12-11 14:03:12,17,23,16101,30539
2023-12-11 14:03:13,18,23,16101,30539
2023-12-11 14:03:28,18,24,16101,30539
2023-12-11 14:03:30,19,24,16101,30539
2023-12-11 14:03:31,18,24,16101,30539
2023-12-11 14:03:32,19,24,16101,30539
2023-12-11 14:03:33,18,24,16101,30539
2023-12-11 14:03:35,18,23,16101,30539
2023-12-11 14:03:50,17,23,16101,30539
2023-12-11 14:03:52,17,22,16101,30539
2023-12-11 14:03:52,19,22,16101,30539
2023-12-11 14:03:54,19,23,16101,30539
2023-12-11 14:03:55,18,23,16101,30539
2023-12-11 14:03:56,17,23,16101,30539
2023-12-11 14:03:57,18,23,16101,30539
2023-12-11 14:03:58,17,23,16101,30539
2023-12-11 14:03:59,18,23,16101,30539
2023-12-11 14:04:02,17,23,16101,30539
2023-12-11 14:04:04,18,23,16101,30539
2023-12-11 14:04:05,17,23,16101,30539
2023-12-11 14:04:06,18,23,16101,30539
2023-12-11 14:04:07,18,22,16101,30539
2023-12-11 14:04:09,17,22,16101,30539
2023-12-11 14:04:09,17,23,16101,30539
2023-12-11 14:04:09,17,22,16101,30539
2023-12-11 14:04:23,17,21,16101,30539
2023-12-11 14:04:30,17,22,16101,30539
2023-12-11 14:04:32,17,21,16101,30539
2023-12-11 14:04:32,17,20,16101,30539
2023-12-11 14:04:53,16,20,16101,30539
2023-12-11 14:05:11,15,20,16101,30539
2023-12-11 14:05:13,15,19,16101,30539
2023-12-11 14:05:25,14,19,16101,30539
2023-12-11 14:05:29,15,19,16101,30539
2023-12-11 14:05:33,16,19,16101,30539
2023-12-11 14:06:01,16,22,16101,30539
2023-12-11 14:06:03,17,22,16101,30539
2023-12-11 14:06:07,17,23,16101,30539
2023-12-11 14:06:07,18,23,16101,30539
2023-12-11 14:06:25,18,22,16101,30539
2023-12-11 14:06:31,17,22,16101,30539
2023-12-11 14:06:35,18,22,16101,30539
2023-12-11 14:06:40,17,22,16101,30539
2023-12-11 14:06:42,18,22,16101,30539
2023-12-11 14:06:45,18,21,16101,30539
2023-12-11 14:06:46,17,21,16101,30539
2023-12-11 14:06:49,17,22,16101,30539
2023-12-11 14:07:03,17,21,16101,30539
2023-12-11 14:07:04,17,22,16101,30539
2023-12-11 14:07:23,17,21,16101,30539
2023-12-11 14:07:24,17,22,16101,30539
2023-12-11 14:07:24,17,21,16101,30539
2023-12-11 14:07:26,17,22,16101,30539
2023-12-11 14:07:26,17,21,16101,30539
2023-12-11 14:07:27,17,22,16101,30539
2023-12-11 14:07:35,17,21,16101,30539
2023-12-11 14:07:36,17,22,16101,30539
2023-12-11 14:07:36,17,21,16101,30539
2023-12-11 14:07:37,18,21,16101,30539
2023-12-11 14:07:37,18,22,16101,30539
2023-12-11 14:07:38,17,23,16101,30539
2023-12-11 14:07:38,17,22,16101,30539
2023-12-11 14:07:39,17,23,16101,30539
2023-12-11 14:07:40,18,23,16101,30539
2023-12-11 14:07:57,18,22,16101,30539
2023-12-11 14:08:04,18,23,16101,30539
2023-12-11 14:08:08,19,23,16101,30539
2023-12-11 14:08:11,19,24,16101,30539
2023-12-11 14:08:15,18,24,16101,30539
2023-12-11 14:08:16,18,23,16101,30539
2023-12-11 14:08:29,19,23,16101,30539
2023-12-11 14:08:33,19,23,16101,30544
2023-12-11 14:08:34,19,22,16101,30544
2023-12-11 14:08:41,19,23,16101,30544
2023-12-11 14:08:51,19,22,16101,30544
2023-12-11 14:09:17,19,23,16101,30544
2023-12-11 14:09:17,19,22,16101,30544
2023-12-11 14:09:32,19,23,16101,30544
2023-12-11 14:09:39,19,24,16101,30544
2023-12-11 14:09:46,20,24,16101,30544
2023-12-11 14:09:52,19,24,16101,30544
2023-12-11 14:09:52,19,23,16101,30544
2023-12-11 14:09:54,19,24,16101,30544
2023-12-11 14:09:55,19,23,16101,30544
2023-12-11 14:09:58,19,24,16101,30544
2023-12-11 14:10:02,19,23,16101,30544
2023-12-11 14:10:07,19,24,16101,30544
2023-12-11 14:10:30,20,24,16101,30544
2023-12-11 14:10:31,19,24,16101,30544
2023-12-11 14:12:06,19,23,16101,30544
2023-12-11 14:12:12,19,24,16101,30544
2023-12-11 14:13:07,20,24,16101,30544
2023-12-11 14:13:09,21,26,16101,30544
2023-12-11 14:13:19,21,27,16101,30544
2023-12-11 14:13:23,21,26,16101,30544
2023-12-11 14:13:37,21,27,16101,30544
2023-12-11 14:13:53,22,27,16101,30544
2023-12-11 14:13:54,22,28,16101,30544
2023-12-11 14:13:54,24,28,16101,30544
2023-12-11 14:13:56,24,30,16101,30544
2023-12-11 14:13:57,24,29,16101,30544
2023-12-11 14:14:00,23,29,16101,30544
2023-12-11 14:14:02,23,27,16101,30544
2023-12-11 14:14:02,22,27,16101,30544
2023-12-11 14:14:10,22,29,16101,30544
2023-12-11 14:14:15,22,28,16101,30544
2023-12-11 14:14:18,22,26,16101,30544
2023-12-11 14:14:18,21,26,16101,30544
2023-12-11 14:14:21,22,26,16101,30544
2023-12-11 14:14:26,22,29,16101,30544
2023-12-11 14:14:26,22,28,16101,30544
2023-12-11 14:14:36,21,28,16101,30544
2023-12-11 14:14:39,21,26,16101,30544
2023-12-11 14:14:56,21,25,16101,30544
2023-12-11 14:14:58,20,25,16101,30544
2023-12-11 14:15:00,19,25,16101,30544
2023-12-11 14:15:03,19,24,16101,30544
2023-12-11 14:15:08,19,22,16101,30544
2023-12-11 14:15:42,19,24,16101,30544
2023-12-11 14:15:42,19,25,16101,30544
2023-12-11 14:15:42,19,24,16101,30544
2023-12-11 14:15:44,20,24,16101,30544
2023-12-11 14:15:48,20,25,16101,30544
2023-12-11 14:15:52,20,23,16101,30544
2023-12-11 14:15:59,19,23,16101,30544
2023-12-11 14:16:07,19,22,16101,30544
2023-12-11 14:16:11,19,20,16101,30544
2023-12-11 14:16:14,16,19,16101,30549
2023-12-11 14:16:14,15,19,16101,30549
2023-12-11 14:16:28,14,19,16101,30549
2023-12-11 14:16:29,14,18,16101,30549
2023-12-11 14:16:30,14,19,16101,30549
2023-12-11 14:16:43,17,19,16101,30549
2023-12-11 14:16:44,14,19,16101,30549
2023-12-11 14:16:46,16,19,16101,30549
2023-12-11 14:16:47,16,18,16101,30549
2023-12-11 14:16:48,16,19,16101,30549
2023-12-11 14:16:49,16,18,16101,30549
2023-12-11 14:16:53,14,18,16101,30549
2023-12-11 14:16:55,15,18,16101,30549
2023-12-11 14:16:56,14,18,16101,30549
2023-12-11 14:16:57,15,18,16101,30549
2023-12-11 14:16:58,15,17,16101,30549
2023-12-11 14:16:58,13,17,16101,30549
2023-12-11 14:17:01,13,18,16101,30549
2023-12-11 14:17:16,13,17,16101,30549
2023-12-11 14:17:22,13,18,16101,30549
2023-12-11 14:17:23,13,17,16101,30549
2023-12-11 14:17:27,12,17,16101,30549
2023-12-11 14:17:31,12,15,16101,30549
2023-12-11 14:17:32,12,17,16101,30549
2023-12-11 14:17:33,13,17,16101,30549
2023-12-11 14:17:37,13,18,16101,30549
2023-12-11 14:17:38,13,17,16101,30549
2023-12-11 14:17:41,13,18,16101,30549
2023-12-11 14:17:43,14,18,16101,30549
2023-12-11 14:17:51,14,19,16101,30549
2023-12-11 14:18:04,14,18,16101,30549
2023-12-11 14:18:05,14,19,16101,30549
2023-12-11 14:18:06,14,18,16101,30549
2023-12-11 14:18:07,14,19,16101,30549
2023-12-11 14:18:13,14,18,16101,30549
2023-12-11 14:18:18,13,18,16101,30549
2023-12-11 14:18:26,13,16,16101,30549
2023-12-11 14:18:26,12,16,16101,30549
2023-12-11 14:18:27,13,16,16101,30549
2023-12-11 14:18:29,13,15,16101,30549
2023-12-11 14:18:30,13,16,16101,30549
2023-12-11 14:18:30,12,16,16101,30549
2023-12-11 14:18:32,13,16,16101,30549
2023-12-11 14:18:33,14,16,16101,30549
2023-12-11 14:18:34,14,18,16101,30549
2023-12-11 14:18:35,13,18,16101,30549
2023-12-11 14:18:36,14,18,16101,30549
2023-12-11 14:18:38,13,18,16101,30549
2023-12-11 14:18:56,14,18,16101,30549
2023-12-11 14:19:04,13,18,16101,30549
2023-12-11 14:19:06,13,17,16101,30549
2023-12-11 14:19:07,14,17,16101,30549
2023-12-11 14:19:08,13,17,16101,30549
2023-12-11 14:19:14,12,17,16101,30549
2023-12-11 14:19:27,12,15,16101,30549
2023-12-11 14:19:32,13,15,16101,30549
2023-12-11 14:19:32,13,14,16101,30549
2023-12-11 14:19:39,13,14,16101,30554
2023-12-11 14:19:45,11,13,16101,30559
2023-12-11 14:19:48,10,13,16101,30559
2023-12-11 14:19:49,12,13,16101,30559
2023-12-11 14:19:56,10,13,16101,30559
2023-12-11 14:20:05,11,13,16101,30559
2023-12-11 14:20:05,11,14,16101,30559
2023-12-11 14:20:09,11,15,16101,30559
2023-12-11 14:20:12,12,15,16101,30559
2023-12-11 14:20:45,12,17,16101,30759
2023-12-11 14:20:50,12,18,16101,30759
2023-12-11 14:20:51,13,18,16101,30759
2023-12-11 14:20:52,12,18,16101,30759
2023-12-11 14:20:53,13,18,16101,30759
2023-12-11 14:21:00,12,18,16101,30759
2023-12-11 14:21:14,12,16,16101,30759
2023-12-11 14:21:17,11,16,16101,30759
2023-12-11 14:21:17,11,15,16101,30759
2023-12-11 14:21:18,10,15,16101,30759
2023-12-11 14:21:22,11,15,16101,30759
2023-12-11 14:21:26,11,16,16101,30759
2023-12-11 14:21:41,14,16,16101,30759
2023-12-11 14:21:45,14,17,16101,30759
2023-12-11 14:21:50,13,17,16101,30759
2023-12-11 14:21:52,14,17,16101,30759
2023-12-11 14:21:54,14,18,16101,30759
2023-12-11 14:21:54,14,18,16102,30760
2023-12-11 14:21:59,13,18,16102,30760
2023-12-11 14:22:00,14,18,16102,30760
2023-12-11 14:22:01,14,19,16102,30760
2023-12-11 14:22:12,14,18,16102,30760
2023-12-11 14:22:18,13,18,16102,30760
2023-12-11 14:22:18,13,19,16102,30760
2023-12-11 14:22:19,14,19,16102,30760
2023-12-11 14:22:21,14,18,16102,30760
2023-12-11 14:22:21,13,18,16102,30760
2023-12-11 14:22:41,13,19,16102,30760
2023-12-11 14:22:42,14,19,16102,30760
2023-12-11 14:22:49,16,19,16102,30760
2023-12-11 14:23:00,14,19,16102,30760
2023-12-11 14:23:14,14,18,16102,30760
2023-12-11 14:23:24,14,19,16102,30760
2023-12-11 14:23:58,14,18,16102,30760
2023-12-11 14:24:01,14,19,16102,30760
2023-12-11 14:24:12,15,19,16102,30760
2023-12-11 14:24:16,15,18,16102,30760
2023-12-11 14:24:16,14,18,16102,30760
2023-12-11 14:24:27,14,19,16102,30760
2023-12-11 14:24:31,15,19,16102,30760
2023-12-11 14:24:36,14,19,16102,30760
2023-12-11 14:24:37,14,18,16102,30760
2023-12-11 14:24:57,14,17,16102,30760
2023-12-11 14:25:00,14,18,16102,30760
2023-12-11 14:25:03,14,19,16102,30760
2023-12-11 14:25:05,14,18,16102,30760
2023-12-11 14:25:17,14,19,16102,30760
2023-12-11 14:25:20,14,18,16102,30760
2023-12-11 14:25:29,15,18,16102,30760
2023-12-11 14:25:32,15,19,16102,30760
2023-12-11 14:26:01,14,19,16102,30760
2023-12-11 14:26:03,15,19,16102,30760
2023-12-11 14:26:12,15,18,16102,30760
2023-12-11 14:26:13,15,19,16102,30760
2023-12-11 14:26:26,14,19,16102,30760
2023-12-11 14:26:32,15,19,16102,30760
2023-12-11 14:27:03,16,19,16102,30760
2023-12-11 14:27:15,17,19,16102,30760
2023-12-11 14:27:21,16,19,16102,30760
2023-12-11 14:27:37,17,19,16102,30760
2023-12-11 14:27:42,16,19,16102,30760
2023-12-11 14:27:46,17,19,16102,30760
