datetime,bid,ask,open_interest,volume
2023-04-10 09:30:10,17,30,3736,6099
2023-04-10 09:30:11,13,30,3736,6099
2023-04-10 09:30:29,19,30,3736,6099
2023-04-10 09:30:29,19,29,3736,6099
2023-04-10 09:30:29,19,22,3736,6099
2023-04-10 09:31:00,19,20,3736,6099
2023-04-10 09:31:17,17,20,3738,6101
2023-04-10 09:31:26,17,19,3738,6101
2023-04-10 09:31:26,15,19,3738,6101
2023-04-10 09:31:27,16,19,3738,6101
2023-04-10 09:31:28,16,18,3738,6101
2023-04-10 09:31:33,16,18,3758,6121
2023-04-10 09:31:51,16,17,3758,6121
2023-04-10 09:32:07,14,17,3758,6121
2023-04-10 09:32:12,14,16,3758,6121
2023-04-10 09:32:58,14,15,3758,6121
2023-04-10 09:33:27,14,16,3758,6121
2023-04-10 09:33:27,14,15,3758,6121
2023-04-10 09:33:58,13,15,3758,6121
2023-04-10 09:33:59,13,16,3758,6121
2023-04-10 09:33:59,13,17,3758,6121
2023-04-10 09:34:07,13,16,3758,6121
2023-04-10 09:34:08,14,16,3758,6121
2023-04-10 09:34:13,14,17,3758,6121
2023-04-10 09:34:18,14,16,3758,6121
2023-04-10 09:34:24,13,16,3758,6121
2023-04-10 09:34:24,14,16,3758,6121
2023-04-10 09:35:00,14,17,3758,6121
2023-04-10 09:35:06,14,16,3758,6121
2023-04-10 09:35:07,14,17,3758,6121
2023-04-10 09:35:08,14,16,3758,6121
2023-04-10 09:35:32,14,15,3758,6121
2023-04-10 09:35:53,13,14,3760,6123
2023-04-10 09:36:56,12,13,3760,6125
2023-04-10 09:37:04,12,13,3760,6275
2023-04-10 09:37:21,12,13,3760,6485
2023-04-10 09:37:32,13,14,3677,6568
2023-04-10 09:37:33,14,15,3675,6570
2023-04-10 09:37:41,13,15,3675,6870
2023-04-10 09:37:43,13,15,3675,7170
2023-04-10 09:37:43,13,16,3675,7170
2023-04-10 09:38:06,13,15,3675,7170
2023-04-10 09:38:32,13,14,3675,7170
2023-04-10 09:38:40,13,14,3675,7470
2023-04-10 09:38:41,14,15,3675,7670
2023-04-10 09:39:13,14,15,3675,7970
2023-04-10 09:39:17,15,16,3673,8220
2023-04-10 09:39:18,14,16,3673,8220
2023-04-10 09:39:21,15,16,3673,8220
2023-04-10 09:39:29,16,18,3641,8252
2023-04-10 09:39:34,15,18,3641,8252
2023-04-10 09:39:37,15,19,3641,8252
2023-04-10 09:39:38,15,17,3641,8252
2023-04-10 09:39:54,15,19,3641,8252
2023-04-10 09:39:54,15,17,3641,8252
2023-04-10 09:40:10,15,19,3641,8252
2023-04-10 09:40:10,15,17,3641,8252
2023-04-10 09:40:23,15,17,3509,8384
2023-04-10 09:40:57,15,17,3509,8384
2023-04-10 09:40:57,15,18,3509,8384
2023-04-10 09:42:08,15,19,3509,8384
2023-04-10 09:42:08,15,18,3509,8384
2023-04-10 09:42:13,17,18,3509,8384
2023-04-10 09:42:14,17,19,3509,8384
2023-04-10 09:42:14,17,19,3569,8584
2023-04-10 09:42:16,15,19,3619,8634
2023-04-10 09:42:17,16,19,3619,8634
2023-04-10 09:42:24,17,19,3619,8634
2023-04-10 09:42:49,17,20,3619,8634
2023-04-10 09:42:53,17,18,3619,8634
2023-04-10 09:43:14,17,20,3619,8634
2023-04-10 09:43:47,17,22,3507,8886
2023-04-10 09:43:47,17,21,3507,8886
2023-04-10 09:43:48,17,22,3507,8886
2023-04-10 09:44:03,17,21,3507,8886
2023-04-10 09:44:16,17,18,3507,8886
2023-04-10 09:44:49,17,20,3505,8888
2023-04-10 09:44:53,17,21,3505,8888
2023-04-10 09:44:55,17,20,3505,8888
2023-04-10 09:45:43,17,22,3505,8888
2023-04-10 09:45:45,19,22,3505,8888
2023-04-10 09:45:55,17,22,3505,8888
2023-04-10 09:46:29,17,21,3505,8888
2023-04-10 09:46:29,17,19,3505,8888
2023-04-10 09:46:30,19,21,3505,9138
2023-04-10 09:46:30,19,20,3505,9138
2023-04-10 09:46:35,17,20,3505,9138
2023-04-10 09:46:36,19,20,3505,9138
2023-04-10 09:46:42,17,20,3507,9140
2023-04-10 09:46:43,17,19,3507,9140
2023-04-10 09:46:55,17,18,3507,9140
2023-04-10 09:47:09,17,19,3507,9140
2023-04-10 09:47:10,17,18,3507,9140
2023-04-10 09:47:15,15,18,3507,9140
2023-04-10 09:47:24,16,18,3507,9140
2023-04-10 09:47:59,17,18,3507,9140
2023-04-10 09:48:00,17,19,3507,9140
2023-04-10 09:48:21,17,20,3514,9149
2023-04-10 09:48:25,18,20,3514,9149
2023-04-10 09:48:59,18,19,3514,9149
2023-04-10 09:49:15,18,20,3514,9149
2023-04-10 09:49:15,18,19,3514,9149
2023-04-10 09:49:31,16,18,3514,9151
2023-04-10 09:50:02,16,17,3514,9151
2023-04-10 09:50:05,15,17,3514,9151
2023-04-10 09:50:10,16,17,3514,9151
2023-04-10 09:50:28,15,17,3514,9151
2023-04-10 09:50:38,16,17,3514,9151
2023-04-10 09:51:13,15,17,3514,9151
2023-04-10 09:51:14,15,18,3514,9151
2023-04-10 09:51:21,15,17,3514,9151
2023-04-10 09:51:33,16,17,3514,9151
2023-04-10 09:51:37,15,17,3514,9151
2023-04-10 09:52:06,15,16,3514,9151
2023-04-10 09:52:36,14,15,3509,9158
2023-04-10 09:52:50,14,16,3509,9158
2023-04-10 09:52:50,14,15,3509,9158
2023-04-10 09:53:07,14,16,3509,9158
2023-04-10 09:53:07,14,15,3509,9158
2023-04-10 09:54:57,14,16,3509,9158
2023-04-10 09:55:53,15,16,3509,9158
2023-04-10 09:56:31,15,17,3507,9160
2023-04-10 09:56:53,16,17,3507,9160
2023-04-10 09:56:58,15,17,3507,9160
2023-04-10 09:57:05,15,18,3507,9160
2023-04-10 09:57:16,15,17,3507,9160
2023-04-10 09:57:34,14,17,3507,9160
2023-04-10 09:57:45,15,17,3507,9160
2023-04-10 09:57:47,15,16,3507,9160
2023-04-10 09:57:51,14,16,3507,9160
2023-04-10 09:58:32,14,15,3507,9160
2023-04-10 09:59:49,14,15,3537,9190
2023-04-10 09:59:50,14,15,3537,9330
2023-04-10 09:59:50,14,15,3567,9360
2023-04-10 09:59:51,14,15,3597,9390
2023-04-10 09:59:53,13,14,3619,9412
2023-04-10 10:00:36,13,14,3625,9418
2023-04-10 10:00:57,13,15,3623,9452
2023-04-10 10:00:58,13,14,3623,9452
2023-04-10 10:01:03,13,14,3629,9458
2023-04-10 10:01:44,13,15,3627,9490
2023-04-10 10:01:44,13,14,3627,9490
2023-04-10 10:01:46,13,14,3627,9497
2023-04-10 10:01:49,13,15,3627,9520
2023-04-10 10:01:49,13,14,3627,9520
2023-04-10 10:01:52,13,15,3627,9520
2023-04-10 10:02:01,13,16,3625,9552
2023-04-10 10:02:02,13,15,3625,9552
2023-04-10 10:02:15,15,16,3625,9582
2023-04-10 10:02:16,14,16,3625,9582
2023-04-10 10:02:34,14,18,3623,9584
2023-04-10 10:02:42,15,18,3623,9584
2023-04-10 10:02:46,16,18,3623,9584
2023-04-10 10:03:08,16,19,3623,9584
2023-04-10 10:04:09,17,19,3623,9584
2023-04-10 10:04:50,17,20,3623,9584
2023-04-10 10:05:06,19,20,3623,9584
2023-04-10 10:05:17,19,21,3623,9584
2023-04-10 10:06:04,19,20,3623,9584
2023-04-10 10:06:10,17,20,3623,9584
2023-04-10 10:06:24,17,18,3623,9584
2023-04-10 10:06:47,15,17,3625,9586
2023-04-10 10:07:11,16,17,3625,9586
2023-04-10 10:07:23,16,19,3623,9661
2023-04-10 10:07:38,16,21,3623,9661
2023-04-10 10:07:38,16,20,3623,9661
2023-04-10 10:07:56,16,19,3623,9661
2023-04-10 10:08:09,16,20,3623,9661
2023-04-10 10:08:21,17,20,3623,9661
2023-04-10 10:08:39,17,21,3623,9661
2023-04-10 10:08:40,17,20,3623,9661
2023-04-10 10:09:03,17,21,3623,9661
2023-04-10 10:09:07,19,21,3623,9661
2023-04-10 10:09:44,19,22,3623,9661
2023-04-10 10:10:23,18,22,3623,9661
2023-04-10 10:11:11,18,21,3623,9661
2023-04-10 10:11:32,17,21,3623,9661
2023-04-10 10:11:45,19,21,3623,9661
2023-04-10 10:12:17,19,22,3623,9661
2023-04-10 10:12:44,20,22,3623,9661
2023-04-10 10:12:55,20,23,3623,9661
2023-04-10 10:13:36,19,23,3623,9661
2023-04-10 10:14:22,20,23,3623,9661
2023-04-10 10:14:25,20,24,3623,9661
2023-04-10 10:14:32,20,22,3623,9661
2023-04-10 10:14:56,19,22,3623,9661
2023-04-10 10:14:56,18,22,3623,9661
2023-04-10 10:15:24,19,22,3623,9661
2023-04-10 10:15:40,20,22,3623,9661
2023-04-10 10:15:52,20,24,3623,9661
2023-04-10 10:16:07,21,24,3623,9661
2023-04-10 10:16:09,21,24,3623,9803
2023-04-10 10:16:20,21,22,3623,9803
2023-04-10 10:16:42,22,24,3621,9906
2023-04-10 10:16:47,21,24,3621,9906
2023-04-10 10:18:22,21,23,3621,9906
2023-04-10 10:18:48,21,22,3621,9906
2023-04-10 10:19:34,20,22,3623,9908
2023-04-10 10:19:42,18,22,3623,9908
2023-04-10 10:19:43,18,21,3623,9908
2023-04-10 10:19:59,18,22,3623,9908
2023-04-10 10:20:00,18,20,3623,9908
2023-04-10 10:20:13,17,20,3623,9908
2023-04-10 10:20:38,16,20,3623,9908
2023-04-10 10:20:48,16,19,3623,9908
2023-04-10 10:21:08,16,18,3623,9908
2023-04-10 10:21:16,16,19,3623,9908
2023-04-10 10:21:40,16,18,3623,9908
2023-04-10 10:21:49,15,18,3623,9908
2023-04-10 10:22:12,15,19,3623,9908
2023-04-10 10:22:25,16,19,3623,9908
2023-04-10 10:23:43,16,19,3635,9920
2023-04-10 10:24:19,16,18,3635,9920
2023-04-10 10:25:27,16,19,3635,9920
2023-04-10 10:25:51,17,19,3635,9920
2023-04-10 10:26:28,16,19,3635,9920
2023-04-10 10:26:40,16,18,3635,9920
2023-04-10 10:26:55,16,17,3635,9920
2023-04-10 10:27:11,16,18,3635,9920
2023-04-10 10:27:11,16,17,3635,9920
2023-04-10 10:27:51,16,18,3635,9920
2023-04-10 10:28:20,15,18,3877,10162
2023-04-10 10:28:21,15,17,3877,10162
2023-04-10 10:28:29,15,16,3877,10162
2023-04-10 10:28:46,13,15,3877,10164
2023-04-10 10:29:08,14,15,3877,10164
2023-04-10 10:29:29,14,17,3877,10164
2023-04-10 10:29:31,14,16,3877,10164
2023-04-10 10:29:47,14,15,3877,10164
2023-04-10 10:30:03,14,15,3658,10383
2023-04-10 10:30:05,15,16,3625,10484
2023-04-10 10:30:14,14,16,3625,10484
2023-04-10 10:30:14,14,17,3625,10484
2023-04-10 10:30:42,15,17,3625,10484
2023-04-10 10:30:52,15,18,3625,10484
2023-04-10 10:31:23,16,18,3625,10484
2023-04-10 10:31:46,17,18,3625,10484
2023-04-10 10:32:02,17,19,3625,10484
2023-04-10 10:32:02,16,19,3625,10484
2023-04-10 10:32:03,17,19,3625,10484
2023-04-10 10:35:26,17,19,3625,10535
2023-04-10 10:35:26,18,19,3625,10535
2023-04-10 10:35:28,18,19,3383,10777
2023-04-10 10:35:31,19,21,3383,11056
2023-04-10 10:35:36,18,21,3383,11056
2023-04-10 10:35:38,18,22,3383,11056
2023-04-10 10:35:53,19,22,3383,11056
2023-04-10 10:36:16,19,22,3603,11276
2023-04-10 10:36:31,19,22,3603,11325
2023-04-10 10:36:47,20,22,3603,11325
2023-04-10 10:37:03,21,22,3603,11325
2023-04-10 10:37:14,21,25,3601,11327
2023-04-10 10:37:17,22,25,3601,11327
2023-04-10 10:37:29,22,26,3601,11327
2023-04-10 10:37:45,22,25,3601,11327
2023-04-10 10:38:09,21,25,3601,11327
2023-04-10 10:38:23,21,24,3601,11327
2023-04-10 10:38:49,21,23,3601,11327
2023-04-10 10:38:58,21,24,3601,11327
2023-04-10 10:39:01,21,23,3601,11327
2023-04-10 10:39:02,20,23,3601,11327
2023-04-10 10:39:48,20,24,3601,11327
2023-04-10 10:40:04,22,24,3601,11327
2023-04-10 10:40:35,22,25,3601,11327
2023-04-10 10:40:37,22,24,3601,11327
2023-04-10 10:40:58,20,24,3601,11327
2023-04-10 10:41:05,20,22,3601,11327
2023-04-10 10:41:15,20,24,3601,11327
2023-04-10 10:41:18,20,23,3601,11327
2023-04-10 10:42:00,20,22,3601,11327
2023-04-10 10:43:25,20,23,3601,11327
2023-04-10 10:44:14,20,24,3601,11327
2023-04-10 10:44:16,23,24,3601,11327
2023-04-10 10:44:40,23,26,3601,11327
2023-04-10 10:44:57,24,26,3601,11327
2023-04-10 10:45:26,23,26,3603,11329
2023-04-10 10:45:26,23,25,3603,11329
2023-04-10 10:45:29,22,23,3603,11331
2023-04-10 10:45:38,22,24,3603,11331
2023-04-10 10:45:43,22,24,3766,11494
2023-04-10 10:46:12,22,23,3766,11494
2023-04-10 10:46:17,20,23,3668,11594
2023-04-10 10:47:34,21,23,3668,11594
2023-04-10 10:49:33,20,23,3668,11594
2023-04-10 10:50:15,20,23,3668,11614
2023-04-10 10:50:39,19,23,3668,11614
2023-04-10 10:50:40,19,22,3668,11614
2023-04-10 10:50:56,19,21,3668,11614
2023-04-10 10:51:22,19,22,3668,11614
2023-04-10 10:52:08,19,21,3668,11614
2023-04-10 10:53:22,18,21,3668,11614
2023-04-10 10:53:33,18,20,3668,11614
2023-04-10 10:54:16,17,20,3668,11614
2023-04-10 10:54:16,17,21,3668,11614
2023-04-10 10:54:57,17,21,3670,11618
2023-04-10 10:55:31,19,21,3670,11618
2023-04-10 10:55:48,19,22,3670,11618
2023-04-10 10:55:52,19,20,3670,11618
2023-04-10 10:56:02,19,21,3670,11618
2023-04-10 10:56:09,19,22,3670,11618
2023-04-10 10:56:57,19,21,3670,11618
2023-04-10 10:57:04,18,21,3670,11618
2023-04-10 10:57:35,19,21,3670,11618
2023-04-10 10:57:39,18,21,3670,11618
2023-04-10 10:58:42,18,20,3670,11618
2023-04-10 10:59:26,17,20,3670,11618
2023-04-10 10:59:45,17,19,3670,11618
2023-04-10 11:00:16,16,19,3670,11618
2023-04-10 11:01:28,16,20,3670,11618
2023-04-10 11:01:34,18,20,3670,11618
2023-04-10 11:02:07,18,21,3668,11621
2023-04-10 11:02:19,21,22,3668,11623
2023-04-10 11:02:19,19,21,3671,11626
2023-04-10 11:03:18,19,23,3669,11631
2023-04-10 11:03:24,20,23,3669,11631
2023-04-10 11:03:59,21,23,3669,11631
2023-04-10 11:04:34,19,23,3669,11631
2023-04-10 11:05:04,20,23,3669,11631
2023-04-10 11:05:31,21,23,3669,11631
2023-04-10 11:06:10,21,24,3669,11631
2023-04-10 11:06:30,22,24,3669,11631
2023-04-10 11:06:43,22,24,3669,11641
2023-04-10 11:07:08,22,25,3669,11641
2023-04-10 11:07:17,22,24,3669,11641
2023-04-10 11:07:35,20,24,3669,11641
2023-04-10 11:07:41,20,23,3669,11641
2023-04-10 11:08:09,21,23,3669,11641
2023-04-10 11:08:30,21,24,3669,11641
2023-04-10 11:08:44,21,23,3669,11641
2023-04-10 11:08:46,21,24,3669,11641
2023-04-10 11:08:52,20,24,3669,11641
2023-04-10 11:09:05,21,24,3669,11641
2023-04-10 11:09:39,20,24,3669,11641
2023-04-10 11:09:46,21,24,3669,11641
2023-04-10 11:10:51,22,24,3669,11641
2023-04-10 11:11:06,22,25,3669,11641
2023-04-10 11:11:24,22,24,3669,11641
2023-04-10 11:12:08,23,24,3669,11641
2023-04-10 11:12:17,23,25,3665,11646
2023-04-10 11:12:22,23,26,3665,11646
2023-04-10 11:12:57,23,27,3665,11646
2023-04-10 11:13:08,24,27,3665,11646
2023-04-10 11:13:14,24,26,3665,11646
2023-04-10 11:13:43,23,26,3665,11646
2023-04-10 11:14:28,22,26,3665,11646
2023-04-10 11:14:31,23,26,3665,11646
2023-04-10 11:14:35,24,26,3665,11646
2023-04-10 11:15:28,25,26,3665,11646
2023-04-10 11:15:32,24,26,3665,11646
2023-04-10 11:16:04,25,26,3665,11646
2023-04-10 11:16:44,24,26,3665,11646
2023-04-10 11:18:30,23,26,3665,11646
2023-04-10 11:18:58,23,25,3665,11646
2023-04-10 11:19:15,22,25,3665,11646
2023-04-10 11:21:35,23,25,3665,11646
2023-04-10 11:21:36,23,26,3665,11646
2023-04-10 11:21:48,25,26,3665,11646
2023-04-10 11:21:59,23,26,3665,11646
2023-04-10 11:22:23,25,26,3665,11646
2023-04-10 11:22:23,25,26,3665,11658
2023-04-10 11:23:28,25,27,3667,11662
2023-04-10 11:23:30,24,27,3667,11662
2023-04-10 11:23:34,25,27,3667,11662
2023-04-10 11:23:40,25,27,3711,11708
2023-04-10 11:23:41,25,26,3711,11708
2023-04-10 11:23:53,24,26,3711,11708
2023-04-10 11:23:55,23,26,3711,11708
2023-04-10 11:24:05,23,25,3711,11708
2023-04-10 11:24:08,23,24,3711,11708
2023-04-10 11:24:16,21,24,3713,11710
2023-04-10 11:24:17,24,25,3963,11960
2023-04-10 11:24:19,21,24,3963,12110
2023-04-10 11:24:19,21,24,3963,12112
2023-04-10 11:24:24,21,25,3963,12112
2023-04-10 11:24:25,20,25,3963,12112
2023-04-10 11:24:33,20,24,3963,12112
2023-04-10 11:24:42,20,23,3963,12112
2023-04-10 11:25:22,22,23,3963,12112
2023-04-10 11:25:55,20,23,3963,12112
2023-04-10 11:26:51,22,23,3963,12112
2023-04-10 11:26:54,22,24,3961,12114
2023-04-10 11:27:14,22,23,3961,12114
2023-04-10 11:27:14,22,23,3961,12314
2023-04-10 11:27:14,20,23,3963,12366
2023-04-10 11:27:17,21,23,3963,12366
2023-04-10 11:27:41,22,23,3963,12366
2023-04-10 11:27:50,22,25,3963,12366
2023-04-10 11:27:50,22,24,3963,12366
2023-04-10 11:28:13,21,24,3963,12366
2023-04-10 11:28:34,21,23,3963,12366
2023-04-10 11:28:35,20,23,3963,12366
2023-04-10 11:29:14,21,23,3963,12366
2023-04-10 11:29:20,21,24,3963,12366
2023-04-10 11:29:43,21,25,3963,12366
2023-04-10 11:29:43,21,24,3963,12366
2023-04-10 11:29:55,21,25,3963,12366
2023-04-10 11:30:05,23,25,3963,12366
2023-04-10 11:30:32,24,25,3963,12366
2023-04-10 11:30:36,24,26,3963,12366
2023-04-10 11:31:04,25,26,3963,12366
2023-04-10 11:31:43,24,26,3963,12366
2023-04-10 11:32:28,23,26,3963,12366
2023-04-10 11:33:04,24,26,3963,12366
2023-04-10 11:35:56,25,26,3963,12366
2023-04-10 11:36:29,24,26,3963,12366
2023-04-10 11:36:32,25,26,3963,12366
2023-04-10 11:36:43,26,27,3964,12369
2023-04-10 11:36:55,25,27,3964,12369
2023-04-10 11:38:02,25,28,3966,12373
2023-04-10 11:39:16,26,28,3966,12373
2023-04-10 11:39:53,27,28,3966,12373
2023-04-10 11:40:06,26,28,3966,12373
2023-04-10 11:40:28,27,28,3966,12373
2023-04-10 11:41:26,27,29,3964,12381
2023-04-10 11:43:08,28,29,3964,12381
2023-04-10 11:43:08,27,29,3964,12381
2023-04-10 11:43:10,28,29,3964,12381
2023-04-10 11:43:26,27,29,3964,12381
2023-04-10 11:43:33,26,29,3964,12381
2023-04-10 11:43:45,26,28,3964,12381
2023-04-10 11:43:56,25,28,3964,12381
2023-04-10 11:44:15,26,28,3964,12381
2023-04-10 11:44:20,26,29,3964,12381
2023-04-10 11:45:30,26,28,3964,12381
2023-04-10 11:45:58,26,29,3964,12381
2023-04-10 11:45:58,26,28,3964,12381
2023-04-10 11:46:42,25,28,3964,12381
2023-04-10 11:46:47,25,27,3964,12381
2023-04-10 11:47:50,24,27,3964,12381
2023-04-10 11:48:21,25,27,3964,12381
2023-04-10 11:48:29,25,27,4014,12431
2023-04-10 11:48:33,26,27,4014,12431
2023-04-10 11:49:10,24,27,4014,12431
2023-04-10 11:49:13,25,27,4014,12431
2023-04-10 11:49:13,25,26,4014,12431
2023-04-10 11:51:27,24,26,4014,12431
2023-04-10 11:51:52,24,25,4014,12431
2023-04-10 11:52:23,22,24,4014,12633
2023-04-10 11:52:41,23,24,4014,12633
2023-04-10 11:52:50,23,25,4014,12633
2023-04-10 11:52:51,23,26,4014,12633
2023-04-10 11:52:51,23,25,4014,12633
2023-04-10 11:53:53,23,24,4014,12633
2023-04-10 11:54:06,22,24,4014,12633
2023-04-10 11:54:07,22,23,4014,12633
2023-04-10 11:54:23,22,24,4014,12633
2023-04-10 11:54:23,22,23,4014,12633
2023-04-10 11:54:32,19,23,4014,12633
2023-04-10 11:55:25,19,22,4014,12633
2023-04-10 11:55:27,19,22,4011,12638
2023-04-10 11:56:03,19,21,4011,12638
2023-04-10 11:56:29,19,20,4011,12638
2023-04-10 11:56:43,15,19,4013,13148
2023-04-10 11:56:44,16,19,4013,13148
2023-04-10 11:57:15,17,19,4013,13148
2023-04-10 11:57:47,17,18,4013,13148
2023-04-10 11:57:55,17,19,4013,13388
2023-04-10 11:58:39,16,19,4013,13388
2023-04-10 11:58:44,16,18,4013,13388
2023-04-10 11:58:56,16,19,4013,13388
2023-04-10 11:59:23,16,18,4013,13388
2023-04-10 12:00:05,16,17,4013,13388
2023-04-10 12:01:11,16,17,4013,13548
2023-04-10 12:01:26,14,16,4040,13590
2023-04-10 12:01:27,14,16,4042,13592
2023-04-10 12:01:28,13,16,4042,13592
2023-04-10 12:02:28,13,15,4042,13592
2023-04-10 12:02:44,13,16,4122,13672
2023-04-10 12:02:50,13,15,4122,13672
2023-04-10 12:03:01,13,16,4122,13672
2023-04-10 12:03:01,13,15,4122,13672
2023-04-10 12:03:33,13,16,4122,13672
2023-04-10 12:03:40,13,15,4122,13672
2023-04-10 12:03:57,12,15,4122,13672
2023-04-10 12:04:22,12,13,4122,13672
2023-04-10 12:04:57,12,13,4322,13872
2023-04-10 12:05:07,11,13,4322,13872
2023-04-10 12:05:08,11,14,4322,13872
2023-04-10 12:05:37,11,13,4322,13872
2023-04-10 12:05:43,11,12,4322,13872
2023-04-10 12:06:16,11,12,4324,13874
2023-04-10 12:06:39,11,12,4324,13965
2023-04-10 12:06:39,11,12,4326,14014
2023-04-10 12:06:42,10,12,4326,14014
2023-04-10 12:07:08,9,12,5249,14966
2023-04-10 12:07:15,9,11,5249,14966
2023-04-10 12:07:22,9,12,5499,15216
2023-04-10 12:07:26,9,11,5499,15216
2023-04-10 12:07:28,10,11,5499,15216
2023-04-10 12:07:28,10,12,5499,15216
2023-04-10 12:07:41,10,11,5499,15216
2023-04-10 12:09:00,10,12,5499,15216
2023-04-10 12:09:49,11,12,5499,15216
2023-04-10 12:10:56,11,13,5499,15216
2023-04-10 12:11:19,12,13,5499,15216
2023-04-10 12:12:24,11,13,5499,15216
2023-04-10 12:13:16,10,13,5499,15216
2023-04-10 12:13:23,10,12,5499,15216
2023-04-10 12:13:38,10,13,5499,15216
2023-04-10 12:13:38,10,12,5499,15216
2023-04-10 12:13:52,10,11,5499,15216
2023-04-10 12:14:03,10,12,5499,15216
2023-04-10 12:14:07,10,13,5499,15216
2023-04-10 12:14:35,10,12,5499,15216
2023-04-10 12:15:21,11,12,5499,15216
2023-04-10 12:15:37,11,13,5499,15216
2023-04-10 12:15:59,12,13,5499,15216
2023-04-10 12:16:51,12,13,5499,15236
2023-04-10 12:16:53,11,13,5499,15236
2023-04-10 12:17:04,12,13,5499,15236
2023-04-10 12:17:18,12,14,5499,15236
2023-04-10 12:17:46,12,13,5499,15236
2023-04-10 12:17:48,11,13,5499,15236
2023-04-10 12:19:05,11,14,5499,15236
2023-04-10 12:19:05,11,13,5499,15236
2023-04-10 12:20:08,12,13,5499,15236
2023-04-10 12:20:22,12,14,5499,15236
2023-04-10 12:20:23,12,15,5499,15236
2023-04-10 12:20:23,12,14,5499,15236
2023-04-10 12:20:36,13,14,5499,15236
2023-04-10 12:21:17,13,15,5499,15236
2023-04-10 12:22:31,12,15,5499,15236
2023-04-10 12:23:55,12,15,5449,15286
2023-04-10 12:24:26,13,15,5449,15286
2023-04-10 12:25:51,14,15,5449,15286
2023-04-10 12:26:50,13,15,5449,15286
2023-04-10 12:27:12,14,15,5449,15286
2023-04-10 12:27:16,14,15,5449,15291
2023-04-10 12:27:50,14,16,5449,15291
2023-04-10 12:27:55,14,17,5449,15293
2023-04-10 12:27:55,14,16,5449,15293
2023-04-10 12:29:39,13,16,5449,15293
2023-04-10 12:30:03,14,16,5449,15293
2023-04-10 12:30:44,15,16,5449,15293
2023-04-10 12:30:44,15,16,5449,15496
2023-04-10 12:30:44,14,15,5449,15543
2023-04-10 12:32:13,15,16,5447,15698
2023-04-10 12:32:15,14,16,5447,15698
2023-04-10 12:32:23,15,16,5447,15698
2023-04-10 12:32:26,15,18,5445,15700
2023-04-10 12:32:27,16,18,5445,15700
2023-04-10 12:32:35,15,18,5445,15700
2023-04-10 12:32:37,16,18,5445,15700
2023-04-10 12:32:53,17,18,5445,15700
2023-04-10 12:33:05,17,19,5445,15700
2023-04-10 12:33:09,18,19,5445,15700
2023-04-10 12:33:25,19,21,5445,15702
2023-04-10 12:33:41,18,21,5445,15702
2023-04-10 12:33:41,20,21,5445,15702
2023-04-10 12:33:57,19,21,5445,15702
2023-04-10 12:33:57,20,21,5445,15702
2023-04-10 12:34:11,19,21,5445,15702
2023-04-10 12:35:19,18,21,5445,15702
2023-04-10 12:35:23,19,21,5445,15702
2023-04-10 12:35:39,20,21,5445,15702
2023-04-10 12:35:43,19,21,5445,15702
2023-04-10 12:35:54,19,23,5445,15702
2023-04-10 12:35:54,19,22,5445,15702
2023-04-10 12:35:55,20,22,5445,15702
2023-04-10 12:36:10,20,22,5455,15712
2023-04-10 12:36:10,20,23,5455,15712
2023-04-10 12:36:16,20,23,5455,15712
2023-04-10 12:36:22,21,23,5455,15712
2023-04-10 12:36:25,22,23,5455,15712
2023-04-10 12:36:29,23,26,5453,15714
2023-04-10 12:36:57,23,25,5453,15714
2023-04-10 12:36:59,23,26,5453,15714
2023-04-10 12:37:26,23,25,5453,15714
2023-04-10 12:38:05,22,25,5453,15714
2023-04-10 12:38:12,23,25,5453,15714
2023-04-10 12:38:29,23,26,5453,15714
2023-04-10 12:38:30,24,26,5453,15714
2023-04-10 12:38:36,26,27,5503,15766
2023-04-10 12:38:52,27,28,5504,15767
2023-04-10 12:38:58,27,29,5504,15769
2023-04-10 12:39:04,28,29,5504,15769
2023-04-10 12:39:07,28,30,5502,15774
2023-04-10 12:39:09,29,30,5502,15774
2023-04-10 12:39:13,29,31,5502,16282
2023-04-10 12:39:13,32,33,5306,16485
2023-04-10 12:39:14,32,34,5186,17182
2023-04-10 12:39:21,29,34,5186,17182
2023-04-10 12:39:22,34,35,5186,17405
2023-04-10 12:39:24,30,35,5186,17405
2023-04-10 12:39:26,32,35,5186,17405
2023-04-10 12:39:31,32,34,5186,17405
2023-04-10 12:39:33,33,34,5186,17405
2023-04-10 12:39:34,33,35,5186,17405
2023-04-10 12:39:38,32,35,5186,17405
2023-04-10 12:39:49,32,34,5186,17405
2023-04-10 12:40:00,31,34,5186,17405
2023-04-10 12:40:03,33,34,5186,17405
2023-04-10 12:40:08,31,34,5186,17405
2023-04-10 12:40:28,32,34,5186,17405
2023-04-10 12:40:37,32,33,5186,17405
2023-04-10 12:40:43,31,33,5186,17405
2023-04-10 12:40:43,33,34,5188,17407
2023-04-10 12:41:05,33,35,5186,17411
2023-04-10 12:41:10,34,35,5186,17411
2023-04-10 12:41:14,34,35,5366,17591
2023-04-10 12:41:15,34,35,5366,17891
2023-04-10 12:41:17,35,36,5382,17913
2023-04-10 12:41:23,34,36,5382,17913
2023-04-10 12:41:23,33,36,5382,17913
2023-04-10 12:41:31,34,36,5382,17913
2023-04-10 12:41:41,34,35,5382,17913
2023-04-10 12:41:46,33,35,5502,18033
2023-04-10 12:41:51,33,34,5502,18033
2023-04-10 12:41:59,32,34,5502,18033
2023-04-10 12:42:06,33,34,5502,18033
2023-04-10 12:42:08,32,34,5502,18033
2023-04-10 12:42:25,32,35,5502,18035
2023-04-10 12:42:32,34,35,5502,18035
2023-04-10 12:42:39,33,35,5502,18035
2023-04-10 12:42:53,33,35,5502,18045
2023-04-10 12:43:06,34,35,5502,18045
2023-04-10 12:43:09,35,36,5754,18297
2023-04-10 12:43:18,34,36,5754,18297
2023-04-10 12:43:21,34,37,5754,18299
2023-04-10 12:43:32,35,37,5754,18299
2023-04-10 12:43:48,35,36,5754,18299
2023-04-10 12:43:48,34,36,5754,18299
2023-04-10 12:43:51,31,36,5754,18299
2023-04-10 12:43:58,33,36,5754,18299
2023-04-10 12:44:36,35,36,5754,18299
2023-04-10 12:44:36,35,37,5754,18299
2023-04-10 12:44:37,35,37,5754,18300
2023-04-10 12:44:41,33,37,5754,18300
2023-04-10 12:44:42,33,36,5754,18300
2023-04-10 12:44:46,33,37,5754,18300
2023-04-10 12:44:50,33,36,5754,18300
2023-04-10 12:44:55,33,36,5804,18350
2023-04-10 12:44:58,32,36,5552,18602
2023-04-10 12:45:01,33,36,5552,18602
2023-04-10 12:45:02,34,36,5552,18602
2023-04-10 12:45:18,34,36,5409,18854
2023-04-10 12:45:21,36,37,5412,18857
2023-04-10 12:48:02,35,37,5412,18857
2023-04-10 12:48:03,36,37,5412,18857
2023-04-10 12:48:08,36,37,5412,18907
2023-04-10 12:48:09,36,37,5712,19207
2023-04-10 12:48:10,37,38,5865,19360
2023-04-10 12:48:15,36,38,5865,19360
2023-04-10 12:48:15,37,38,5865,19360
2023-04-10 12:48:31,36,38,5865,19360
2023-04-10 12:48:31,38,41,5867,19362
2023-04-10 12:48:40,38,40,5867,19362
2023-04-10 12:48:57,38,40,5867,19389
2023-04-10 12:48:58,37,40,5865,19422
2023-04-10 12:48:58,37,39,5865,19422
2023-04-10 12:49:01,35,39,5865,19422
2023-04-10 12:49:01,36,39,5865,19422
2023-04-10 12:49:15,36,38,5865,19422
2023-04-10 12:49:20,36,39,5865,19422
2023-04-10 12:49:34,35,39,5865,19422
2023-04-10 12:49:42,35,38,5865,19422
2023-04-10 12:49:44,35,39,5865,19422
2023-04-10 12:49:53,35,38,5865,19422
2023-04-10 12:50:19,36,38,5865,19422
2023-04-10 12:50:44,36,38,5868,19425
2023-04-10 12:50:46,36,37,5868,19425
2023-04-10 12:50:48,36,38,5868,19425
2023-04-10 12:51:06,35,38,5868,19425
2023-04-10 12:51:06,35,37,5868,19425
2023-04-10 12:51:06,35,38,5868,19425
2023-04-10 12:51:07,35,39,5868,19425
2023-04-10 12:51:07,35,38,5868,19425
2023-04-10 12:51:19,35,39,5868,19425
2023-04-10 12:52:05,36,39,5868,19425
2023-04-10 12:52:07,35,39,5868,19425
2023-04-10 12:52:08,36,39,5868,19425
2023-04-10 12:52:11,36,38,5868,19425
2023-04-10 12:52:13,36,39,5868,19425
2023-04-10 12:52:15,36,38,5868,19425
2023-04-10 12:52:16,36,39,5868,19425
2023-04-10 12:52:37,36,40,5868,19425
2023-04-10 12:53:10,37,40,5868,19425
2023-04-10 12:53:19,37,39,5868,19425
2023-04-10 12:53:26,36,39,5868,19425
2023-04-10 12:53:30,36,40,5868,19425
2023-04-10 12:53:32,36,39,5868,19425
2023-04-10 12:53:37,36,40,5868,19425
2023-04-10 12:53:57,36,39,5868,19425
2023-04-10 12:54:12,36,38,5868,19425
2023-04-10 12:54:18,36,37,5868,19425
2023-04-10 12:54:39,35,37,5868,19425
2023-04-10 12:54:39,34,37,5868,19425
2023-04-10 12:54:41,34,36,5868,19425
2023-04-10 12:55:06,33,36,5868,19425
2023-04-10 12:55:17,34,36,5868,19425
2023-04-10 12:55:32,33,36,5868,19425
2023-04-10 12:55:32,35,36,5868,19425
2023-04-10 12:55:39,35,37,5868,19425
2023-04-10 12:55:40,35,38,5868,19425
2023-04-10 12:56:00,35,37,5868,19425
2023-04-10 12:56:02,35,38,5868,19425
2023-04-10 12:56:11,34,38,5868,19425
2023-04-10 12:56:18,35,38,5868,19425
2023-04-10 12:56:33,34,38,5868,19425
2023-04-10 12:56:33,35,38,5868,19425
2023-04-10 12:56:55,35,37,5868,19425
2023-04-10 12:57:24,35,38,5868,19425
2023-04-10 12:57:52,36,38,5868,19425
2023-04-10 12:58:06,35,38,5868,19425
2023-04-10 12:58:06,36,38,5868,19425
2023-04-10 12:58:15,36,40,5868,19425
2023-04-10 12:58:21,37,40,5868,19425
2023-04-10 12:58:40,37,41,5868,19425
2023-04-10 12:58:47,37,40,5868,19425
2023-04-10 12:59:23,38,40,5868,19425
2023-04-10 12:59:25,38,41,5868,19425
2023-04-10 12:59:44,38,40,5868,19425
2023-04-10 12:59:49,38,41,5868,19425
2023-04-10 12:59:50,37,41,5868,19425
2023-04-10 12:59:51,37,42,5868,19425
2023-04-10 12:59:51,37,41,5868,19425
2023-04-10 12:59:56,38,41,5868,19425
2023-04-10 13:00:00,38,42,5868,19425
2023-04-10 13:00:00,38,41,5868,19425
2023-04-10 13:00:00,38,42,5868,19425
2023-04-10 13:00:17,38,42,5950,19583
2023-04-10 13:00:18,38,43,5950,19583
2023-04-10 13:00:38,38,42,5950,19583
2023-04-10 13:00:57,38,41,5950,19583
2023-04-10 13:01:13,38,40,5950,19583
2023-04-10 13:01:27,38,41,5950,19583
2023-04-10 13:01:30,38,43,5950,19583
2023-04-10 13:01:38,39,43,5950,19583
2023-04-10 13:01:38,39,42,5950,19583
2023-04-10 13:01:42,39,43,5950,19583
2023-04-10 13:02:07,40,43,5950,19583
2023-04-10 13:02:33,41,43,5950,19583
2023-04-10 13:02:33,41,44,5950,19583
2023-04-10 13:02:33,41,43,5950,19583
2023-04-10 13:02:45,43,44,5968,19601
2023-04-10 13:03:15,41,43,5966,19605
2023-04-10 13:03:21,41,44,5966,19605
2023-04-10 13:03:29,41,44,5984,19623
2023-04-10 13:03:29,41,43,5984,19623
2023-04-10 13:03:44,41,43,6218,19857
2023-04-10 13:03:44,40,41,6216,19901
2023-04-10 13:03:48,39,41,6216,19901
2023-04-10 13:03:48,38,41,6216,19901
2023-04-10 13:03:51,38,42,6216,19901
2023-04-10 13:03:55,38,41,6216,19901
2023-04-10 13:03:58,38,42,6216,19901
2023-04-10 13:04:03,38,41,6216,19901
2023-04-10 13:04:06,37,41,5964,20153
2023-04-10 13:04:17,38,41,5964,20153
2023-04-10 13:04:20,38,41,5900,20397
2023-04-10 13:04:22,39,41,5900,20397
2023-04-10 13:04:35,40,41,5900,20397
2023-04-10 13:04:49,39,41,5900,20397
2023-04-10 13:05:27,39,42,5900,20397
2023-04-10 13:05:28,39,43,5900,20397
2023-04-10 13:05:28,39,42,5900,20397
2023-04-10 13:05:39,40,42,5900,20397
2023-04-10 13:05:54,39,42,5900,20397
2023-04-10 13:06:06,40,42,5900,20397
2023-04-10 13:06:17,40,41,5900,20397
2023-04-10 13:06:22,38,41,5900,20402
2023-04-10 13:06:40,39,41,5900,20402
2023-04-10 13:06:45,40,41,5900,20402
2023-04-10 13:06:51,40,42,5902,20404
2023-04-10 13:06:55,41,42,5902,20404
2023-04-10 13:06:56,41,44,5902,20404
2023-04-10 13:07:05,41,46,5904,20625
2023-04-10 13:07:11,42,46,5904,20625
2023-04-10 13:07:14,42,45,5904,20625
2023-04-10 13:07:39,42,43,5904,20625
2023-04-10 13:07:41,42,45,5904,20625
2023-04-10 13:08:06,42,44,5904,20625
2023-04-10 13:08:12,42,45,5904,20625
2023-04-10 13:08:18,42,46,5904,20625
2023-04-10 13:08:25,42,44,5904,20625
2023-04-10 13:08:28,43,44,5904,20625
2023-04-10 13:09:00,44,45,5907,20628
2023-04-10 13:09:30,43,45,5907,20628
2023-04-10 13:09:31,44,45,5907,20628
2023-04-10 13:10:04,43,45,5907,20628
2023-04-10 13:10:04,44,45,5907,20628
2023-04-10 13:10:16,43,45,5907,20628
2023-04-10 13:10:16,45,46,5910,20631
2023-04-10 13:10:18,45,48,5910,20631
2023-04-10 13:10:27,45,46,5910,20631
2023-04-10 13:10:43,44,46,5910,20631
2023-04-10 13:11:04,45,46,5910,20631
2023-04-10 13:11:17,45,48,5914,20635
2023-04-10 13:11:19,46,48,5914,20635
2023-04-10 13:11:19,47,48,5914,20635
2023-04-10 13:11:24,48,50,5916,20637
2023-04-10 13:11:25,47,50,5916,20637
2023-04-10 13:11:34,48,50,5916,20637
2023-04-10 13:12:06,48,49,5916,20637
2023-04-10 13:12:06,47,49,5916,20637
2023-04-10 13:12:14,48,49,5916,20637
2023-04-10 13:12:19,48,50,5916,20638
2023-04-10 13:12:23,48,50,5913,20648
2023-04-10 13:12:26,48,50,5913,20658
2023-04-10 13:12:35,48,50,6263,21008
2023-04-10 13:12:39,49,50,6263,21008
2023-04-10 13:12:43,49,51,6263,21010
2023-04-10 13:13:07,49,50,6263,21010
2023-04-10 13:13:22,48,49,6261,21012
2023-04-10 13:13:28,48,50,6261,21012
2023-04-10 13:13:31,47,50,6261,21012
2023-04-10 13:13:31,46,50,6261,21012
2023-04-10 13:13:41,46,49,6261,21012
2023-04-10 13:13:53,46,47,6261,21012
2023-04-10 13:14:04,44,47,6261,21012
2023-04-10 13:14:05,44,49,6261,21012
2023-04-10 13:14:06,44,47,6261,21012
2023-04-10 13:14:27,44,47,6264,21017
2023-04-10 13:14:54,45,47,6264,21017
2023-04-10 13:14:59,45,49,6264,21017
2023-04-10 13:15:01,45,48,6264,21017
2023-04-10 13:15:13,46,48,6264,21017
2023-04-10 13:16:09,45,48,6355,21110
2023-04-10 13:16:12,45,50,6355,21110
2023-04-10 13:16:21,47,50,6355,21110
2023-04-10 13:16:30,47,48,6355,21110
2023-04-10 13:16:37,47,50,6355,21175
2023-04-10 13:17:14,47,51,6355,21175
2023-04-10 13:17:19,48,51,6355,21175
2023-04-10 13:17:21,48,50,6355,21175
2023-04-10 13:17:34,48,51,6355,21175
2023-04-10 13:17:47,49,51,6355,21175
2023-04-10 13:18:17,50,51,6355,21175
2023-04-10 13:18:24,50,52,6358,21178
2023-04-10 13:18:57,49,50,6256,21280
2023-04-10 13:19:04,49,52,6256,21280
2023-04-10 13:19:23,49,51,6256,21280
2023-04-10 13:19:49,47,49,6254,21532
2023-04-10 13:19:56,47,51,6254,21532
2023-04-10 13:20:00,46,51,6254,21532
2023-04-10 13:20:02,46,50,6254,21532
2023-04-10 13:20:03,46,48,6254,21532
2023-04-10 13:20:42,45,48,6254,21532
2023-04-10 13:21:29,46,48,6254,21532
2023-04-10 13:21:36,46,50,6254,21532
2023-04-10 13:21:37,46,48,6254,21532
2023-04-10 13:21:39,46,50,6254,21532
2023-04-10 13:22:02,48,50,6254,21532
2023-04-10 13:22:07,47,50,6254,21532
2023-04-10 13:22:33,47,49,6254,21532
2023-04-10 13:23:00,47,48,6254,21532
2023-04-10 13:23:07,47,48,6252,21621
2023-04-10 13:23:10,46,47,6250,21623
2023-04-10 13:23:14,45,46,6247,21714
2023-04-10 13:23:18,44,45,6247,21716
2023-04-10 13:23:19,44,48,6247,21716
2023-04-10 13:23:28,44,45,6247,21716
2023-04-10 13:23:35,41,45,6247,21716
2023-04-10 13:23:35,43,45,6247,21716
2023-04-10 13:24:40,42,45,6247,21716
2023-04-10 13:24:46,42,44,6247,21716
2023-04-10 13:24:55,42,45,6247,21716
2023-04-10 13:25:11,42,44,6247,21716
2023-04-10 13:25:42,42,45,6247,21716
2023-04-10 13:25:49,45,46,6247,21968
2023-04-10 13:25:49,45,47,6247,21968
2023-04-10 13:25:54,43,47,6247,21968
2023-04-10 13:25:54,43,49,6247,21968
2023-04-10 13:25:54,45,49,6247,21968
2023-04-10 13:26:07,46,49,6247,21968
2023-04-10 13:26:32,47,49,6247,21968
2023-04-10 13:26:39,46,49,6247,21968
2023-04-10 13:26:56,47,49,6247,21968
2023-04-10 13:26:57,47,51,6247,21968
2023-04-10 13:26:57,47,50,6247,21968
2023-04-10 13:27:07,48,50,6247,21968
2023-04-10 13:27:40,46,48,6247,21974
2023-04-10 13:27:51,46,49,6247,21974
2023-04-10 13:27:59,45,49,6247,21974
2023-04-10 13:28:04,47,49,6247,21974
2023-04-10 13:28:06,45,49,6247,21974
2023-04-10 13:28:25,45,50,6247,21974
2023-04-10 13:28:29,46,50,6247,21974
2023-04-10 13:28:32,46,49,6247,21974
2023-04-10 13:28:37,45,49,6247,21974
2023-04-10 13:28:50,45,50,6247,21974
2023-04-10 13:28:50,46,50,6247,21974
2023-04-10 13:29:18,47,50,6247,21974
2023-04-10 13:29:19,47,51,6247,21976
2023-04-10 13:29:26,47,50,6247,21976
2023-04-10 13:29:29,47,51,6400,22228
2023-04-10 13:29:54,49,51,6400,22228
2023-04-10 13:29:55,47,49,6248,22478
2023-04-10 13:30:06,47,51,6250,22480
2023-04-10 13:30:06,47,52,6250,22480
2023-04-10 13:30:06,47,51,6250,22480
2023-04-10 13:30:22,47,52,6250,22480
2023-04-10 13:30:22,48,52,6250,22480
2023-04-10 13:30:24,49,52,6250,22480
2023-04-10 13:30:28,48,52,6250,22480
2023-04-10 13:30:53,48,51,6250,22480
2023-04-10 13:30:54,50,51,6250,22480
2023-04-10 13:30:59,48,51,6250,22480
2023-04-10 13:31:03,47,51,6250,22480
2023-04-10 13:31:09,48,51,6250,22480
2023-04-10 13:31:21,50,51,6250,22480
2023-04-10 13:31:27,48,51,6250,22480
2023-04-10 13:31:52,48,50,6250,22480
2023-04-10 13:31:54,47,48,6248,22482
2023-04-10 13:32:03,47,50,6248,22482
2023-04-10 13:32:04,46,50,6248,22482
2023-04-10 13:32:19,48,50,6248,22482
2023-04-10 13:32:34,48,51,6248,22482
2023-04-10 13:33:00,48,50,6248,22482
2023-04-10 13:33:01,46,48,6247,22484
2023-04-10 13:33:12,47,50,6247,22484
2023-04-10 13:33:14,46,50,6247,22484
2023-04-10 13:33:31,46,49,6247,22484
2023-04-10 13:33:57,45,49,6247,22484
2023-04-10 13:34:08,47,49,6247,22484
2023-04-10 13:34:20,46,49,6247,22484
2023-04-10 13:34:25,46,50,6247,22484
2023-04-10 13:34:28,46,49,6247,22484
2023-04-10 13:34:33,46,48,6247,22484
2023-04-10 13:34:55,45,48,6247,22484
2023-04-10 13:35:11,47,48,6247,22484
2023-04-10 13:35:19,45,48,6247,22484
2023-04-10 13:35:21,45,50,6247,22484
2023-04-10 13:35:22,45,49,6247,22484
2023-04-10 13:35:41,46,49,6247,22484
2023-04-10 13:35:45,45,49,6247,22484
2023-04-10 13:36:05,45,48,6247,22484
2023-04-10 13:36:08,45,47,6247,22484
2023-04-10 13:36:25,44,47,6247,22484
2023-04-10 13:36:37,44,46,6247,22484
2023-04-10 13:36:45,42,44,6247,22486
2023-04-10 13:36:51,42,46,6247,22486
2023-04-10 13:37:05,42,45,6247,22486
2023-04-10 13:37:06,42,46,6247,22486
2023-04-10 13:37:57,43,46,6247,22486
2023-04-10 13:37:59,42,46,6247,22486
2023-04-10 13:38:14,41,46,6247,22486
2023-04-10 13:38:14,42,46,6247,22486
2023-04-10 13:38:26,42,45,6247,22486
2023-04-10 13:38:29,41,45,6247,22486
2023-04-10 13:38:52,41,44,6247,22486
2023-04-10 13:38:55,41,45,6247,22486
2023-04-10 13:39:16,42,45,6247,22486
2023-04-10 13:39:18,43,45,6247,22486
2023-04-10 13:39:21,42,45,6247,22486
2023-04-10 13:39:32,41,45,6247,22486
2023-04-10 13:39:32,42,45,6247,22486
2023-04-10 13:39:36,42,46,6247,22486
2023-04-10 13:39:46,42,43,6247,22486
2023-04-10 13:39:59,41,43,6247,22488
2023-04-10 13:40:05,40,43,6247,22488
2023-04-10 13:40:37,39,43,6247,22488
2023-04-10 13:40:38,39,44,6247,22488
2023-04-10 13:40:43,39,42,6247,22488
2023-04-10 13:41:02,39,41,6247,22488
2023-04-10 13:41:15,39,40,6247,22488
2023-04-10 13:41:18,37,40,6247,22488
2023-04-10 13:41:56,37,40,6347,22588
2023-04-10 13:42:09,37,39,6347,22588
2023-04-10 13:42:25,35,39,6347,22588
2023-04-10 13:42:34,35,37,6347,22588
2023-04-10 13:42:37,35,39,6347,22588
2023-04-10 13:42:54,34,39,6347,22588
2023-04-10 13:43:13,34,38,6347,22588
2023-04-10 13:43:17,35,38,6347,22588
2023-04-10 13:43:33,38,39,6347,22590
2023-04-10 13:43:39,35,39,6347,22590
2023-04-10 13:43:45,36,39,6347,22590
2023-04-10 13:43:49,36,40,6347,22590
2023-04-10 13:44:31,37,40,6347,22590
2023-04-10 13:44:47,38,40,6347,22590
2023-04-10 13:44:55,40,44,6347,22594
2023-04-10 13:45:01,38,44,6347,22594
2023-04-10 13:45:03,40,44,6347,22594
2023-04-10 13:45:18,41,44,6347,22594
2023-04-10 13:45:32,41,43,6347,22594
2023-04-10 13:45:36,41,44,6347,22594
2023-04-10 13:45:41,41,45,6347,22594
2023-04-10 13:46:10,41,46,6347,22594
2023-04-10 13:46:20,43,46,6347,22594
2023-04-10 13:46:27,45,46,6347,22594
2023-04-10 13:46:31,43,46,6347,22594
2023-04-10 13:46:36,41,46,6347,22594
2023-04-10 13:46:37,42,46,6347,22594
2023-04-10 13:46:37,44,46,6347,22594
2023-04-10 13:46:42,44,48,6347,22594
2023-04-10 13:46:55,46,48,6347,22594
2023-04-10 13:46:58,44,48,6347,22594
2023-04-10 13:47:17,41,48,6347,22594
2023-04-10 13:47:17,41,51,6347,22594
2023-04-10 13:47:20,47,51,6347,22594
2023-04-10 13:48:11,49,51,6347,22594
2023-04-10 13:48:24,49,53,6451,22699
2023-04-10 13:49:18,50,53,6451,22699
2023-04-10 13:49:36,53,56,6453,22705
2023-04-10 13:49:47,50,53,6451,22707
2023-04-10 13:49:54,50,55,6451,22707
2023-04-10 13:50:13,48,55,6452,22709
2023-04-10 13:50:15,49,55,6452,22709
2023-04-10 13:50:15,49,52,6452,22709
2023-04-10 13:50:18,49,55,6452,22709
2023-04-10 13:50:24,49,54,6452,22709
2023-04-10 13:50:27,47,54,6452,22709
2023-04-10 13:50:33,48,54,6452,22709
2023-04-10 13:50:33,48,55,6452,22709
2023-04-10 13:50:37,48,56,6452,22709
2023-04-10 13:50:37,48,57,6452,22709
2023-04-10 13:50:37,48,56,6452,22709
2023-04-10 13:50:42,51,56,6452,22709
2023-04-10 13:50:42,51,55,6452,22709
2023-04-10 13:50:45,48,55,6452,22709
2023-04-10 13:51:11,50,55,6452,22709
2023-04-10 13:51:11,50,54,6452,22709
2023-04-10 13:52:36,52,54,6452,22709
2023-04-10 13:52:38,52,55,6452,22709
2023-04-10 13:52:53,50,52,6452,22711
2023-04-10 13:53:02,51,55,6452,22711
2023-04-10 13:53:38,51,54,6452,22711
2023-04-10 13:53:43,47,54,6452,22711
2023-04-10 13:53:49,47,50,6452,22711
2023-04-10 13:53:55,47,54,6452,22711
2023-04-10 13:53:57,48,54,6452,22711
2023-04-10 13:53:57,48,52,6452,22711
2023-04-10 13:54:14,47,52,6452,22711
2023-04-10 13:54:27,46,52,6452,22711
2023-04-10 13:54:28,46,49,6452,22711
2023-04-10 13:54:31,44,49,6452,22711
2023-04-10 13:54:53,44,47,6452,22711
2023-04-10 13:54:56,44,49,6452,22711
2023-04-10 13:55:00,44,48,6452,22711
2023-04-10 13:55:08,43,48,6452,22711
2023-04-10 13:55:09,45,48,6452,22711
2023-04-10 13:55:26,43,48,6452,22711
2023-04-10 13:55:39,43,49,6452,22711
2023-04-10 13:55:41,45,49,6452,22711
2023-04-10 13:55:44,46,49,6452,22711
2023-04-10 13:55:49,45,49,6452,22711
2023-04-10 13:55:55,43,49,6452,22711
2023-04-10 13:56:08,44,49,6452,22711
2023-04-10 13:56:09,46,49,6452,22711
2023-04-10 13:56:15,49,51,6452,22713
2023-04-10 13:56:24,49,51,6452,22728
2023-04-10 13:56:59,46,49,6452,22738
2023-04-10 13:57:00,47,49,6452,22738
2023-04-10 13:57:04,47,50,6452,22738
2023-04-10 13:57:04,45,50,6452,22772
2023-04-10 13:57:15,43,48,6452,22772
2023-04-10 13:57:15,44,48,6452,22772
2023-04-10 13:57:29,45,48,6452,22772
2023-04-10 13:57:33,44,48,6452,22772
2023-04-10 13:57:33,45,48,6452,22772
2023-04-10 13:58:01,43,48,6452,22772
2023-04-10 13:58:10,43,46,6452,22772
2023-04-10 13:58:14,43,48,6452,22772
2023-04-10 13:58:33,43,47,6452,22772
2023-04-10 13:58:36,43,46,6452,22772
2023-04-10 13:58:41,43,47,6452,22772
2023-04-10 13:58:48,43,48,6452,22772
2023-04-10 13:59:03,46,48,6452,22772
2023-04-10 13:59:22,47,48,6452,22772
2023-04-10 13:59:38,46,48,6452,22772
2023-04-10 13:59:38,47,48,6452,22772
2023-04-10 13:59:41,47,50,6452,22772
2023-04-10 13:59:54,47,49,6452,22772
2023-04-10 14:00:18,46,49,6452,22772
2023-04-10 14:00:21,46,47,6452,22772
2023-04-10 14:00:23,46,47,6559,23072
2023-04-10 14:00:24,45,46,6590,23103
2023-04-10 14:00:35,44,47,6590,23156
2023-04-10 14:00:41,44,46,6590,23156
2023-04-10 14:00:42,43,44,6856,23422
2023-04-10 14:00:44,43,47,6990,23698
2023-04-10 14:00:44,43,46,6990,23698
2023-04-10 14:00:45,43,46,7290,23998
2023-04-10 14:00:47,43,47,7290,23998
2023-04-10 14:00:47,42,47,7290,24027
2023-04-10 14:00:48,42,46,7290,24027
2023-04-10 14:00:48,42,44,7290,24027
2023-04-10 14:00:59,38,44,7090,24229
2023-04-10 14:01:16,38,42,7090,24229
2023-04-10 14:01:22,38,44,7090,24229
2023-04-10 14:01:27,39,44,7090,24229
2023-04-10 14:01:43,39,40,7090,24229
2023-04-10 14:01:46,39,44,7090,24229
2023-04-10 14:01:51,39,43,7090,24229
2023-04-10 14:02:07,39,44,7090,24229
2023-04-10 14:02:08,40,44,7090,24229
2023-04-10 14:02:09,40,43,7090,24229
2023-04-10 14:02:37,40,41,7090,24229
2023-04-10 14:02:49,40,43,7090,24229
2023-04-10 14:03:05,42,43,7090,24229
2023-04-10 14:04:02,43,44,7086,24233
2023-04-10 14:04:09,42,45,7086,24233
2023-04-10 14:04:31,43,45,7086,24233
2023-04-10 14:04:31,44,45,7086,24233
2023-04-10 14:04:40,43,45,7086,24233
2023-04-10 14:04:43,45,48,6834,24485
2023-04-10 14:04:49,43,48,6834,24485
2023-04-10 14:04:50,45,48,6834,24485
2023-04-10 14:05:03,47,48,6834,24485
2023-04-10 14:05:05,47,50,6835,24512
2023-04-10 14:05:50,47,50,6835,24537
2023-04-10 14:05:51,47,51,6835,24537
2023-04-10 14:06:00,50,51,6835,24537
2023-04-10 14:06:14,50,53,6837,24615
2023-04-10 14:07:19,50,53,6835,24642
2023-04-10 14:07:20,50,52,6835,24642
2023-04-10 14:07:20,50,53,6835,24642
2023-04-10 14:07:22,48,53,6835,24642
2023-04-10 14:07:23,48,52,6835,24642
2023-04-10 14:07:31,48,51,6835,24642
2023-04-10 14:07:45,48,52,6835,24642
2023-04-10 14:07:56,49,52,6835,24642
2023-04-10 14:08:41,49,51,6835,24642
2023-04-10 14:08:41,48,51,6835,24642
2023-04-10 14:09:21,48,50,6835,24642
2023-04-10 14:09:39,46,50,6835,24642
2023-04-10 14:09:43,46,48,6835,24642
2023-04-10 14:09:48,46,49,6835,24642
2023-04-10 14:09:48,46,48,6835,24642
2023-04-10 14:10:09,44,46,6836,24644
2023-04-10 14:10:16,44,48,6836,24644
2023-04-10 14:10:16,43,48,6836,24644
2023-04-10 14:10:16,43,47,6836,24644
2023-04-10 14:10:16,43,46,6836,24644
2023-04-10 14:10:25,43,47,6836,24644
2023-04-10 14:10:39,43,48,6837,24646
2023-04-10 14:10:43,47,48,6837,24646
2023-04-10 14:10:46,44,48,6837,24646
2023-04-10 14:10:47,43,48,6837,24646
2023-04-10 14:10:48,46,48,6837,24646
2023-04-10 14:11:13,47,48,6837,24646
2023-04-10 14:11:15,46,48,6837,24646
2023-04-10 14:11:26,46,50,6837,24648
2023-04-10 14:11:28,45,50,6837,24648
2023-04-10 14:11:33,46,50,6837,24648
2023-04-10 14:11:42,49,50,6837,24648
2023-04-10 14:11:51,49,51,6839,24650
2023-04-10 14:11:57,49,52,6839,24770
2023-04-10 14:12:05,51,52,6839,24770
2023-04-10 14:12:24,50,52,6839,24770
2023-04-10 14:12:24,51,52,6839,24770
2023-04-10 14:13:32,51,55,6842,24773
2023-04-10 14:13:32,51,56,6842,24773
2023-04-10 14:13:38,52,56,6842,24773
2023-04-10 14:13:38,52,55,6842,24773
2023-04-10 14:13:39,53,55,6842,24773
2023-04-10 14:13:49,53,56,6842,24773
2023-04-10 14:14:09,54,56,6842,24773
2023-04-10 14:14:20,54,57,6842,24773
2023-04-10 14:14:22,54,56,6842,24773
2023-04-10 14:14:24,53,56,6845,24778
2023-04-10 14:14:31,53,54,6845,24778
2023-04-10 14:14:40,52,54,6843,24780
2023-04-10 14:14:41,52,53,6843,24780
2023-04-10 14:14:50,52,54,6843,24780
2023-04-10 14:15:11,52,53,6843,24780
2023-04-10 14:15:12,53,54,6844,24781
2023-04-10 14:15:13,52,54,6844,24781
2023-04-10 14:15:17,52,55,6844,24781
2023-04-10 14:15:25,52,56,6846,24829
2023-04-10 14:15:30,54,56,6846,24829
2023-04-10 14:15:33,54,58,6947,24930
2023-04-10 14:15:46,55,58,6947,24930
2023-04-10 14:15:57,55,57,6947,24930
2023-04-10 14:16:13,55,58,6947,24930
2023-04-10 14:16:40,55,60,6952,25004
2023-04-10 14:16:48,56,60,6952,25004
2023-04-10 14:16:52,56,59,6952,25004
2023-04-10 14:16:57,56,59,6952,25359
2023-04-10 14:17:02,58,60,6952,25359
2023-04-10 14:17:16,60,62,6930,25383
2023-04-10 14:17:18,60,62,6930,25385
2023-04-10 14:17:22,58,62,6930,25385
2023-04-10 14:17:34,58,62,6928,25387
2023-04-10 14:17:35,58,62,6754,25561
2023-04-10 14:17:37,58,61,6754,25561
2023-04-10 14:17:40,57,61,6754,25561
2023-04-10 14:17:40,57,60,6754,25561
2023-04-10 14:17:42,57,58,6754,25561
2023-04-10 14:17:46,57,60,6754,25561
2023-04-10 14:17:51,57,58,6754,25561
2023-04-10 14:17:53,56,58,6754,25561
2023-04-10 14:17:53,53,58,6754,25561
2023-04-10 14:17:53,56,58,6754,25561
2023-04-10 14:17:54,57,58,6754,25561
2023-04-10 14:18:07,58,60,6756,25563
2023-04-10 14:18:17,58,60,6756,25663
2023-04-10 14:18:17,58,61,6756,25663
2023-04-10 14:18:21,57,61,6756,25663
2023-04-10 14:18:27,57,61,6756,25763
2023-04-10 14:18:38,59,61,6756,25763
2023-04-10 14:18:49,59,61,6756,25863
2023-04-10 14:18:52,57,61,6756,25863
2023-04-10 14:18:52,59,61,6756,25863
2023-04-10 14:18:53,59,63,6756,25863
2023-04-10 14:18:53,59,62,6756,25863
2023-04-10 14:19:14,59,63,6756,25863
2023-04-10 14:19:43,59,60,6756,25863
2023-04-10 14:19:44,57,59,6867,25976
2023-04-10 14:19:48,57,60,6867,25976
2023-04-10 14:20:09,57,59,6867,25976
2023-04-10 14:20:12,57,60,6867,25976
2023-04-10 14:20:27,56,60,6867,25976
2023-04-10 14:20:36,56,59,6867,25976
2023-04-10 14:20:40,56,60,6867,25976
2023-04-10 14:20:56,56,61,6867,25976
2023-04-10 14:21:10,58,61,6867,25976
2023-04-10 14:21:24,56,61,6867,25976
2023-04-10 14:21:27,56,62,6867,25976
2023-04-10 14:21:28,56,61,6867,25976
2023-04-10 14:21:37,58,61,6867,25976
2023-04-10 14:21:41,56,61,6867,25976
2023-04-10 14:22:13,58,61,6867,25976
2023-04-10 14:22:26,58,61,6867,26150
2023-04-10 14:22:30,56,61,6867,26150
2023-04-10 14:22:30,58,61,6867,26150
2023-04-10 14:23:09,59,61,6867,26150
2023-04-10 14:23:19,58,61,6867,26150
2023-04-10 14:23:31,58,62,6867,26150
2023-04-10 14:23:37,58,61,6867,26150
2023-04-10 14:23:40,58,60,6867,26150
2023-04-10 14:23:44,58,61,6867,26150
2023-04-10 14:23:52,58,60,6867,26150
2023-04-10 14:23:54,56,60,6865,26152
2023-04-10 14:23:55,56,59,6865,26152
2023-04-10 14:23:58,56,60,6865,26152
2023-04-10 14:24:07,56,59,6865,26152
2023-04-10 14:24:39,56,58,6865,26152
2023-04-10 14:24:43,56,57,6865,26152
2023-04-10 14:24:44,53,56,6865,26154
2023-04-10 14:24:50,53,57,6865,26154
2023-04-10 14:24:54,53,56,6865,26154
2023-04-10 14:25:09,52,56,6865,26154
2023-04-10 14:25:10,52,57,6865,26154
2023-04-10 14:25:10,52,55,6865,26154
2023-04-10 14:25:10,51,55,6865,26154
2023-04-10 14:25:10,51,53,6865,26154
2023-04-10 14:25:37,52,53,6865,26154
2023-04-10 14:25:52,52,55,6865,26154
2023-04-10 14:26:28,52,54,6865,26154
2023-04-10 14:26:32,51,52,7115,26406
2023-04-10 14:26:57,51,53,7115,26406
2023-04-10 14:26:59,51,52,7115,26406
2023-04-10 14:27:05,49,52,7115,26406
2023-04-10 14:27:43,48,52,7115,26406
2023-04-10 14:28:04,48,50,7115,26406
2023-04-10 14:28:10,48,52,7115,26406
2023-04-10 14:28:20,48,51,7115,26406
2023-04-10 14:28:33,50,51,7115,26406
2023-04-10 14:28:33,50,52,7115,26406
2023-04-10 14:28:38,49,52,7115,26406
2023-04-10 14:28:48,49,53,7115,26406
2023-04-10 14:28:50,49,52,7115,26406
2023-04-10 14:28:58,49,53,7115,26406
2023-04-10 14:29:05,50,53,7115,26406
2023-04-10 14:29:13,49,53,7115,26406
2023-04-10 14:29:16,50,53,7115,26406
2023-04-10 14:29:16,50,51,7115,26406
2023-04-10 14:29:25,49,51,7115,26406
2023-04-10 14:29:25,49,53,7115,26406
2023-04-10 14:29:25,51,53,7115,26406
2023-04-10 14:29:25,51,52,7115,26406
2023-04-10 14:29:32,49,51,7115,26426
2023-04-10 14:29:32,49,51,7113,26428
2023-04-10 14:29:34,50,51,7113,26428
2023-04-10 14:29:43,49,51,7113,26428
2023-04-10 14:29:43,50,51,7113,26428
2023-04-10 14:29:53,49,51,7113,26428
2023-04-10 14:29:53,49,51,7113,26438
2023-04-10 14:29:59,48,51,7113,26438
2023-04-10 14:30:02,48,51,7115,26455
2023-04-10 14:30:04,50,51,7115,26455
2023-04-10 14:30:08,50,52,7115,26465
2023-04-10 14:30:09,52,53,7075,26507
2023-04-10 14:30:17,52,53,7077,26509
2023-04-10 14:30:25,50,53,7077,26509
2023-04-10 14:30:25,50,54,7077,26509
2023-04-10 14:30:25,50,55,7077,26509
2023-04-10 14:30:25,50,56,7077,26509
2023-04-10 14:30:25,50,54,7077,26509
2023-04-10 14:30:33,51,54,7077,26509
2023-04-10 14:30:37,52,54,7077,26509
2023-04-10 14:30:37,52,53,7077,26509
2023-04-10 14:31:02,52,53,7079,26511
2023-04-10 14:31:11,52,54,7079,26511
2023-04-10 14:31:11,54,56,7081,26513
2023-04-10 14:31:11,54,55,7081,26513
2023-04-10 14:31:18,52,55,7081,26513
2023-04-10 14:31:18,52,57,7081,26513
2023-04-10 14:31:19,52,56,7081,26513
2023-04-10 14:31:19,54,56,7081,26513
2023-04-10 14:31:19,54,55,7081,26513
2023-04-10 14:31:28,52,55,7081,26513
2023-04-10 14:31:28,52,57,7081,26513
2023-04-10 14:31:28,52,56,7081,26513
2023-04-10 14:31:28,55,56,7081,26513
2023-04-10 14:31:28,55,57,7081,26513
2023-04-10 14:31:30,55,58,7081,26513
2023-04-10 14:31:47,56,58,7081,26513
2023-04-10 14:31:54,56,57,7081,26513
2023-04-10 14:32:38,55,56,7079,26515
2023-04-10 14:33:02,55,56,7081,26517
2023-04-10 14:33:11,55,57,7081,26517
2023-04-10 14:33:11,56,57,7081,26517
2023-04-10 14:33:20,56,58,7081,26517
2023-04-10 14:33:40,55,58,7079,26538
2023-04-10 14:33:46,54,57,7079,26538
2023-04-10 14:33:56,56,57,7079,26538
2023-04-10 14:34:04,54,56,7107,26566
2023-04-10 14:34:12,53,56,7105,26568
2023-04-10 14:34:12,54,56,7105,26568
2023-04-10 14:34:12,51,56,7390,26855
2023-04-10 14:34:15,50,56,7390,26855
2023-04-10 14:34:16,51,56,7390,26855
2023-04-10 14:34:16,54,56,7390,26855
2023-04-10 14:34:16,54,55,7390,26855
2023-04-10 14:34:17,51,54,7418,26883
2023-04-10 14:34:23,51,55,7418,26883
2023-04-10 14:34:24,51,55,7468,26933
2023-04-10 14:34:24,49,55,7468,26933
2023-04-10 14:34:24,49,56,7468,26933
2023-04-10 14:34:24,52,56,7468,26933
2023-04-10 14:34:24,52,53,7468,26933
2023-04-10 14:34:31,48,53,7468,26933
2023-04-10 14:34:31,48,56,7468,26933
2023-04-10 14:34:31,49,56,7468,26933
2023-04-10 14:34:31,51,56,7468,26933
2023-04-10 14:34:31,51,52,7468,26933
2023-04-10 14:34:43,51,52,7506,26971
2023-04-10 14:34:47,50,51,7504,26973
2023-04-10 14:35:15,50,51,7502,27003
2023-04-10 14:35:22,50,51,7502,27021
2023-04-10 14:35:24,47,51,7502,27021
2023-04-10 14:35:31,47,49,7502,27021
2023-04-10 14:35:31,46,49,7502,27021
2023-04-10 14:35:31,47,49,7502,27021
2023-04-10 14:35:31,47,48,7502,27021
2023-04-10 14:35:39,46,48,7502,27021
2023-04-10 14:35:39,47,48,7502,27021
2023-04-10 14:35:59,47,51,7504,27051
2023-04-10 14:35:59,47,50,7504,27051
2023-04-10 14:36:04,47,51,7504,27051
2023-04-10 14:36:04,47,52,7504,27051
2023-04-10 14:36:04,48,52,7504,27051
2023-04-10 14:36:04,48,49,7504,27051
2023-04-10 14:36:05,49,52,7504,27069
2023-04-10 14:36:06,48,51,7504,27069
2023-04-10 14:36:07,48,52,7504,27069
2023-04-10 14:36:14,50,52,7504,27069
2023-04-10 14:36:14,50,51,7504,27069
2023-04-10 14:36:21,48,51,7504,27069
2023-04-10 14:36:21,48,52,7504,27069
2023-04-10 14:36:22,50,52,7504,27069
2023-04-10 14:36:22,50,51,7504,27069
2023-04-10 14:36:29,48,51,7504,27069
2023-04-10 14:36:29,49,51,7504,27069
2023-04-10 14:36:38,48,51,7504,27069
2023-04-10 14:36:38,48,49,7504,27069
2023-04-10 14:36:39,48,49,7502,27071
2023-04-10 14:36:48,48,49,7500,27073
2023-04-10 14:37:36,47,49,7500,27073
2023-04-10 14:37:37,47,48,7500,27073
2023-04-10 14:37:39,48,49,7482,27091
2023-04-10 14:37:46,47,49,7482,27091
2023-04-10 14:37:46,48,49,7482,27091
2023-04-10 14:38:03,47,49,7482,27091
2023-04-10 14:38:03,47,48,7482,27091
2023-04-10 14:38:18,47,48,7481,27093
2023-04-10 14:38:45,47,48,7481,27120
2023-04-10 14:38:51,48,49,7453,27151
2023-04-10 14:39:03,47,49,7453,27151
2023-04-10 14:39:03,48,49,7453,27151
2023-04-10 14:39:11,48,49,7451,27153
2023-04-10 14:40:10,47,48,7450,27155
2023-04-10 14:40:14,48,49,7426,27179
2023-04-10 14:40:28,47,49,7426,27181
2023-04-10 14:40:38,47,49,7426,27225
2023-04-10 14:40:39,45,49,7426,27225
2023-04-10 14:40:40,42,49,7426,27242
2023-04-10 14:40:42,42,48,7426,27242
2023-04-10 14:40:42,42,45,7426,27242
2023-04-10 14:40:45,41,45,7426,27242
2023-04-10 14:40:45,43,45,7426,27242
2023-04-10 14:40:45,43,44,7426,27242
2023-04-10 14:41:15,41,44,7426,27296
2023-04-10 14:41:19,41,43,7426,27296
2023-04-10 14:41:28,41,43,7425,27299
2023-04-10 14:41:36,41,42,7425,27299
2023-04-10 14:41:38,39,42,7425,27299
2023-04-10 14:41:46,39,40,7425,27299
2023-04-10 14:41:51,40,43,7382,27342
2023-04-10 14:41:51,40,42,7382,27342
2023-04-10 14:41:51,40,43,7382,27342
2023-04-10 14:41:53,40,41,7382,27342
2023-04-10 14:41:53,41,43,7348,27376
2023-04-10 14:42:02,40,41,7348,27378
2023-04-10 14:42:10,38,41,7348,27378
2023-04-10 14:42:10,37,41,7348,27378
2023-04-10 14:42:10,39,41,7348,27378
2023-04-10 14:42:10,39,40,7348,27378
2023-04-10 14:42:12,40,41,7331,27395
2023-04-10 14:42:18,39,41,7331,27395
2023-04-10 14:42:18,37,41,7331,27395
2023-04-10 14:42:18,39,41,7331,27395
2023-04-10 14:42:18,39,40,7331,27395
2023-04-10 14:42:27,37,40,7331,27395
2023-04-10 14:42:27,35,40,7331,27395
2023-04-10 14:42:27,35,41,7331,27395
2023-04-10 14:42:27,38,41,7331,27395
2023-04-10 14:42:27,38,39,7331,27395
2023-04-10 14:42:35,37,39,7331,27395
2023-04-10 14:42:35,38,39,7331,27395
2023-04-10 14:42:36,38,41,7331,27420
2023-04-10 14:42:36,38,42,7331,27420
2023-04-10 14:42:43,40,42,7331,27420
2023-04-10 14:42:43,40,41,7331,27420
2023-04-10 14:43:00,38,41,7331,27456
2023-04-10 14:43:01,39,41,7331,27456
2023-04-10 14:43:01,39,40,7331,27456
2023-04-10 14:43:04,37,38,7331,27600
2023-04-10 14:43:09,37,39,7331,27600
2023-04-10 14:43:15,39,40,7297,27634
2023-04-10 14:43:15,39,40,7139,27792
2023-04-10 14:43:18,39,41,7139,27792
2023-04-10 14:43:19,39,41,7131,27800
2023-04-10 14:43:27,39,40,7131,27800
2023-04-10 14:43:30,40,41,7089,27842
2023-04-10 14:43:37,39,41,7089,27842
2023-04-10 14:43:37,40,41,7089,27842
2023-04-10 14:43:52,40,41,7089,27844
2023-04-10 14:44:04,39,41,7089,27901
2023-04-10 14:44:18,38,39,7089,27917
2023-04-10 14:44:19,38,40,7089,27917
2023-04-10 14:44:19,35,40,7089,27917
2023-04-10 14:44:19,36,40,7089,27917
2023-04-10 14:44:26,37,40,7089,27917
2023-04-10 14:44:44,39,40,7089,27917
2023-04-10 14:44:48,39,40,7108,27936
2023-04-10 14:44:53,39,40,7108,27938
2023-04-10 14:45:03,39,41,7108,27938
2023-04-10 14:45:04,38,39,7108,27940
2023-04-10 14:45:05,39,40,7085,27963
2023-04-10 14:45:10,38,40,7085,27963
2023-04-10 14:45:10,38,39,7085,27963
2023-04-10 14:45:14,39,40,7052,27996
2023-04-10 14:45:27,38,40,7052,27996
2023-04-10 14:45:27,39,40,7052,27996
2023-04-10 14:45:59,40,41,7017,28113
2023-04-10 14:46:06,39,41,7017,28413
2023-04-10 14:46:07,40,41,7017,28413
2023-04-10 14:46:08,41,44,7017,28445
2023-04-10 14:46:08,41,43,7017,28445
2023-04-10 14:46:17,40,43,7017,28445
2023-04-10 14:46:17,40,45,7017,28445
2023-04-10 14:46:17,40,44,7017,28445
2023-04-10 14:46:17,41,43,7017,28445
2023-04-10 14:46:35,41,47,7017,28447
2023-04-10 14:46:43,44,47,7017,28447
2023-04-10 14:46:43,44,45,7017,28447
2023-04-10 14:46:52,42,45,7017,28447
2023-04-10 14:46:52,42,48,7017,28447
2023-04-10 14:46:52,42,47,7017,28447
2023-04-10 14:46:52,42,46,7017,28447
2023-04-10 14:47:09,44,46,7017,28447
2023-04-10 14:47:09,44,45,7017,28447
2023-04-10 14:47:18,42,45,7017,28447
2023-04-10 14:47:18,42,46,7017,28447
2023-04-10 14:47:18,43,46,7017,28447
2023-04-10 14:47:18,43,44,7017,28447
2023-04-10 14:47:27,42,44,7017,28447
2023-04-10 14:47:27,42,46,7017,28447
2023-04-10 14:47:27,44,46,7017,28447
2023-04-10 14:47:27,44,45,7017,28447
2023-04-10 14:47:35,42,45,7017,28479
2023-04-10 14:47:37,43,45,7017,28479
2023-04-10 14:47:37,43,44,7017,28479
2023-04-10 14:47:45,42,43,7017,28481
2023-04-10 14:48:06,42,44,7017,28495
2023-04-10 14:48:11,44,46,7017,28497
2023-04-10 14:48:11,44,45,7017,28497
2023-04-10 14:48:19,43,44,7017,28499
2023-04-10 14:48:27,43,45,7017,28499
2023-04-10 14:48:27,44,45,7017,28499
2023-04-10 14:48:37,43,45,7017,28499
2023-04-10 14:48:38,45,46,7017,28501
2023-04-10 14:48:45,43,46,7017,28501
2023-04-10 14:48:45,44,46,7017,28501
2023-04-10 14:48:45,44,45,7017,28501
2023-04-10 14:48:48,42,45,7017,28532
2023-04-10 14:48:53,42,46,7017,28532
2023-04-10 14:48:53,42,44,7017,28532
2023-04-10 14:49:17,42,43,7017,28532
2023-04-10 14:49:25,42,44,7017,28532
2023-04-10 14:50:05,42,46,7017,28548
2023-04-10 14:50:07,44,46,7017,28548
2023-04-10 14:50:08,44,45,7017,28548
2023-04-10 14:50:18,44,46,7017,28563
2023-04-10 14:50:24,46,49,7018,28566
2023-04-10 14:50:24,46,47,7018,28566
2023-04-10 14:50:28,46,49,6995,28589
2023-04-10 14:50:28,46,48,6995,28589
2023-04-10 14:50:33,47,48,6995,28589
2023-04-10 14:50:39,47,49,6995,28591
2023-04-10 14:50:41,47,49,6995,28614
2023-04-10 14:50:51,47,50,6818,28791
2023-04-10 14:50:57,47,51,6818,28791
2023-04-10 14:50:57,49,51,6818,28791
2023-04-10 14:50:57,49,50,6818,28791
2023-04-10 14:51:00,47,49,6818,28814
2023-04-10 14:51:05,47,50,6818,28816
2023-04-10 14:51:05,48,50,6818,28816
2023-04-10 14:51:11,48,52,6818,28846
2023-04-10 14:51:13,48,53,6818,28846
2023-04-10 14:51:14,48,54,6818,28846
2023-04-10 14:51:14,51,54,6818,28846
2023-04-10 14:51:14,51,52,6818,28846
2023-04-10 14:51:23,48,52,6818,28846
2023-04-10 14:51:23,48,55,6818,28846
2023-04-10 14:51:23,48,56,6818,28846
2023-04-10 14:51:23,53,56,6818,28846
2023-04-10 14:51:25,50,53,6818,28891
2023-04-10 14:51:33,48,56,6818,28891
2023-04-10 14:51:33,51,56,6818,28891
2023-04-10 14:51:33,51,52,6818,28891
2023-04-10 14:51:52,50,51,6818,28983
2023-04-10 14:51:54,48,51,6818,28983
2023-04-10 14:51:58,48,52,6818,28983
2023-04-10 14:51:59,49,52,6818,28983
2023-04-10 14:51:59,49,50,6818,28983
2023-04-10 14:52:06,50,52,6818,29005
2023-04-10 14:52:07,49,52,6818,29005
2023-04-10 14:52:07,49,51,6818,29005
2023-04-10 14:52:09,50,51,6818,29005
2023-04-10 14:52:14,50,52,6818,29044
2023-04-10 14:52:15,51,52,6818,29044
2023-04-10 14:52:32,50,52,6818,29044
2023-04-10 14:52:32,51,52,6818,29044
2023-04-10 14:52:35,50,52,6832,29058
2023-04-10 14:52:42,50,52,6832,29072
2023-04-10 14:52:52,50,51,6832,29072
2023-04-10 14:52:59,50,52,6832,29101
2023-04-10 14:52:59,50,51,6832,29101
2023-04-10 14:53:17,50,51,6832,29103
2023-04-10 14:53:21,50,52,6832,29132
2023-04-10 14:53:25,51,52,6832,29132
2023-04-10 14:53:26,53,54,6833,29134
2023-04-10 14:53:37,54,56,6833,29178
2023-04-10 14:53:37,54,55,6833,29178
2023-04-10 14:53:38,54,56,6833,29178
2023-04-10 14:53:40,53,56,6833,29178
2023-04-10 14:53:44,55,56,6833,29178
2023-04-10 14:53:52,55,57,6981,29402
2023-04-10 14:53:53,55,56,6981,29402
2023-04-10 14:54:14,55,56,6981,29481
2023-04-10 14:54:16,53,56,6981,29481
2023-04-10 14:54:16,55,56,6981,29481
2023-04-10 14:54:19,54,55,6979,29483
2023-04-10 14:54:21,53,54,6993,29497
2023-04-10 14:54:27,53,55,6993,29497
2023-04-10 14:54:27,53,56,6993,29497
2023-04-10 14:54:28,53,54,6993,29497
2023-04-10 14:54:43,51,53,7023,29528
2023-04-10 14:54:46,52,53,7023,29528
2023-04-10 14:55:03,52,53,7023,29530
2023-04-10 14:55:11,52,54,7023,29574
2023-04-10 14:55:38,52,55,7024,29576
2023-04-10 14:55:48,54,55,7024,29576
2023-04-10 14:55:56,54,56,7024,29576
2023-04-10 14:55:56,55,56,7024,29576
2023-04-10 14:56:12,55,56,7026,29578
2023-04-10 14:56:17,56,58,7019,29585
2023-04-10 14:56:23,55,58,7019,29585
2023-04-10 14:56:23,55,59,7019,29585
2023-04-10 14:56:23,57,59,7019,29585
2023-04-10 14:56:39,55,59,7019,29585
2023-04-10 14:56:39,56,59,7019,29585
2023-04-10 14:56:47,57,59,7019,29585
2023-04-10 14:56:47,56,57,7019,29592
2023-04-10 14:56:53,56,59,7019,29592
2023-04-10 14:56:55,55,56,7054,29627
2023-04-10 14:56:55,55,56,7068,29641
2023-04-10 14:57:02,55,57,7068,29641
2023-04-10 14:57:02,54,57,7068,29641
2023-04-10 14:57:02,55,57,7068,29641
2023-04-10 14:57:04,55,56,7068,29641
2023-04-10 14:57:13,55,57,7070,29643
2023-04-10 14:57:13,56,57,7070,29643
2023-04-10 14:57:21,56,60,7070,29643
2023-04-10 14:57:22,59,60,7070,29643
2023-04-10 14:57:30,56,60,7070,29643
2023-04-10 14:57:30,57,60,7070,29643
2023-04-10 14:57:30,57,59,7070,29643
2023-04-10 14:57:47,55,59,7070,29643
2023-04-10 14:57:47,55,60,7070,29643
2023-04-10 14:57:47,57,60,7070,29643
2023-04-10 14:57:55,57,58,7070,29643
2023-04-10 14:58:13,57,60,7070,29643
2023-04-10 14:58:13,59,60,7070,29643
2023-04-10 14:58:19,57,59,7097,29672
2023-04-10 14:58:22,57,59,7103,29678
2023-04-10 14:58:55,60,62,7108,29683
2023-04-10 14:58:55,60,61,7108,29683
2023-04-10 14:59:12,60,62,7108,29683
2023-04-10 14:59:12,60,63,7108,29683
2023-04-10 14:59:12,62,63,7108,29683
2023-04-10 14:59:17,62,64,7308,29883
2023-04-10 14:59:17,62,65,7308,29883
2023-04-10 14:59:21,63,65,7308,29883
2023-04-10 14:59:31,64,65,7308,29883
2023-04-10 14:59:31,64,66,7321,29896
2023-04-10 14:59:38,64,66,7347,29922
2023-04-10 14:59:45,63,66,7347,29989
2023-04-10 14:59:45,63,65,7347,29989
2023-04-10 14:59:47,63,65,7347,30009
2023-04-10 15:00:03,63,67,7347,30009
2023-04-10 15:00:05,63,70,7347,30009
2023-04-10 15:00:05,65,70,7347,30009
2023-04-10 15:00:05,65,66,7347,30009
2023-04-10 15:00:13,62,66,7347,30009
2023-04-10 15:00:13,62,67,7347,30009
2023-04-10 15:00:13,66,67,7347,30009
2023-04-10 15:00:22,66,68,7349,30011
2023-04-10 15:00:29,62,68,7349,30011
2023-04-10 15:00:29,62,69,7349,30011
2023-04-10 15:00:29,67,69,7349,30011
2023-04-10 15:00:29,67,69,7349,30024
2023-04-10 15:00:38,65,69,7349,30024
2023-04-10 15:00:38,62,69,7349,30024
2023-04-10 15:00:38,66,69,7349,30024
2023-04-10 15:00:38,68,69,7349,30024
2023-04-10 15:00:41,66,69,7349,30043
2023-04-10 15:00:47,68,69,7349,30043
2023-04-10 15:00:47,66,68,7349,30049
2023-04-10 15:00:48,66,69,7349,30049
2023-04-10 15:00:54,67,69,7349,30049
2023-04-10 15:00:54,67,68,7349,30049
2023-04-10 15:00:58,66,67,7388,30088
2023-04-10 15:01:03,66,68,7388,30088
2023-04-10 15:01:04,66,69,7388,30088
2023-04-10 15:01:05,66,68,7388,30088
2023-04-10 15:01:05,66,67,7388,30088
2023-04-10 15:01:07,66,69,7388,30088
2023-04-10 15:01:07,67,69,7388,30088
2023-04-10 15:01:15,66,69,7388,30088
2023-04-10 15:01:20,66,72,7388,30088
2023-04-10 15:01:23,68,72,7388,30088
2023-04-10 15:01:32,69,72,7388,30088
2023-04-10 15:01:36,68,72,7388,30088
2023-04-10 15:01:39,66,72,7388,30088
2023-04-10 15:01:39,70,72,7388,30088
2023-04-10 15:01:48,70,72,7390,30090
2023-04-10 15:01:56,71,72,7390,30090
2023-04-10 15:02:05,71,72,7390,30115
2023-04-10 15:02:18,70,72,7388,30167
2023-04-10 15:02:19,70,71,7388,30167
2023-04-10 15:02:22,69,70,7452,30231
2023-04-10 15:02:23,68,70,7452,30231
2023-04-10 15:02:23,69,70,7452,30231
2023-04-10 15:02:24,68,70,7452,30250
2023-04-10 15:02:29,67,70,7452,30250
2023-04-10 15:02:32,68,70,7452,30250
2023-04-10 15:02:32,68,69,7452,30250
2023-04-10 15:02:36,67,69,7450,30277
2023-04-10 15:02:39,66,69,7450,30277
2023-04-10 15:02:39,66,67,7450,30277
2023-04-10 15:02:54,66,67,7440,30287
2023-04-10 15:02:55,66,67,7430,30297
2023-04-10 15:02:57,66,67,7420,30307
2023-04-10 15:02:58,66,68,7419,30308
2023-04-10 15:02:58,67,68,7419,30308
2023-04-10 15:03:03,67,68,7399,30328
2023-04-10 15:03:04,67,68,7379,30348
2023-04-10 15:03:10,66,68,7379,30386
2023-04-10 15:03:13,66,68,7679,30686
2023-04-10 15:03:14,66,67,7679,30686
2023-04-10 15:03:14,65,66,7741,30750
2023-04-10 15:03:16,64,65,7741,30756
2023-04-10 15:03:17,64,66,7741,30756
2023-04-10 15:03:22,63,66,7741,30756
2023-04-10 15:03:22,62,66,7741,30756
2023-04-10 15:03:22,61,66,7741,30756
2023-04-10 15:03:22,60,66,7741,30756
2023-04-10 15:03:22,63,66,7741,30756
2023-04-10 15:03:22,63,64,7741,30756
2023-04-10 15:03:30,60,64,7741,30756
2023-04-10 15:03:30,60,65,7741,30756
2023-04-10 15:03:30,61,65,7741,30756
2023-04-10 15:03:30,61,62,7741,30756
2023-04-10 15:03:30,61,62,7759,30774
2023-04-10 15:03:35,61,64,7739,30794
2023-04-10 15:03:36,61,64,7739,31044
2023-04-10 15:03:40,62,64,7739,31044
2023-04-10 15:03:40,62,63,7739,31044
2023-04-10 15:03:40,59,63,7739,31063
2023-04-10 15:03:44,59,61,7739,31063
2023-04-10 15:03:46,59,60,7739,31063
2023-04-10 15:03:51,60,63,7721,31081
2023-04-10 15:03:55,61,63,7721,31081
2023-04-10 15:03:55,61,62,7721,31081
2023-04-10 15:03:59,62,63,7709,31093
2023-04-10 15:04:08,62,63,7689,31113
2023-04-10 15:04:08,62,64,7691,31188
2023-04-10 15:04:11,62,64,7671,31208
2023-04-10 15:04:12,62,64,7651,31228
2023-04-10 15:04:15,64,65,7651,31256
2023-04-10 15:04:17,64,65,7651,31526
2023-04-10 15:04:22,64,65,7651,31538
2023-04-10 15:04:28,64,65,7631,31558
2023-04-10 15:04:29,65,66,7631,31560
2023-04-10 15:04:32,64,66,7631,31578
2023-04-10 15:04:38,64,68,7631,31578
2023-04-10 15:04:38,67,68,7631,31578
2023-04-10 15:04:40,65,68,7631,31590
2023-04-10 15:04:45,65,68,7679,31638
2023-04-10 15:04:45,64,68,7679,31651
2023-04-10 15:04:48,66,68,7679,31651
2023-04-10 15:04:48,66,67,7679,31651
2023-04-10 15:04:52,64,67,7679,31669
2023-04-10 15:04:57,65,67,7679,31669
2023-04-10 15:04:57,65,66,7679,31669
2023-04-10 15:05:07,65,67,7661,31689
2023-04-10 15:05:08,65,66,7661,31689
2023-04-10 15:05:10,64,65,7659,31782
2023-04-10 15:05:14,64,66,7659,31782
2023-04-10 15:05:14,65,66,7659,31782
2023-04-10 15:05:31,65,66,7659,31818
2023-04-10 15:05:34,65,66,7647,31838
2023-04-10 15:05:35,66,67,7647,31848
2023-04-10 15:05:37,66,67,7649,31850
2023-04-10 15:05:39,66,68,7649,31850
2023-04-10 15:05:39,66,69,7649,31850
2023-04-10 15:05:39,67,69,7649,31850
2023-04-10 15:05:39,67,68,7649,31850
2023-04-10 15:06:13,66,68,7647,31947
2023-04-10 15:06:14,66,68,7647,31955
2023-04-10 15:06:17,65,66,7707,32015
2023-04-10 15:06:22,65,68,7707,32015
2023-04-10 15:06:22,65,67,7707,32015
2023-04-10 15:06:22,65,67,7705,32038
2023-04-10 15:06:25,64,67,7705,32076
2023-04-10 15:06:31,64,68,7705,32076
2023-04-10 15:06:31,64,68,7705,32111
2023-04-10 15:06:31,64,66,7705,32111
2023-04-10 15:06:34,64,66,7705,32387
2023-04-10 15:06:40,64,66,7705,32404
2023-04-10 15:06:40,64,65,7705,32404
2023-04-10 15:06:40,64,65,7722,32421
2023-04-10 15:06:40,64,65,7739,32438
2023-04-10 15:06:44,64,65,8039,32738
2023-04-10 15:06:46,61,64,8067,32766
2023-04-10 15:06:48,61,62,8067,32766
2023-04-10 15:06:49,62,64,8067,32777
2023-04-10 15:06:58,61,65,8067,32777
2023-04-10 15:06:58,61,64,8067,32777
2023-04-10 15:06:59,61,66,7641,33203
2023-04-10 15:06:59,61,65,7641,33203
2023-04-10 15:07:02,61,66,7641,33233
2023-04-10 15:07:03,61,65,7641,33233
2023-04-10 15:07:06,61,65,7641,33250
2023-04-10 15:07:06,61,63,7641,33250
2023-04-10 15:07:06,61,63,7641,33302
2023-04-10 15:07:06,60,61,7874,33535
2023-04-10 15:07:07,60,61,7874,33565
2023-04-10 15:07:08,60,61,7874,33567
2023-04-10 15:07:09,58,61,7874,33622
2023-04-10 15:07:12,57,63,7874,33622
2023-04-10 15:07:14,57,61,7874,33622
2023-04-10 15:07:14,61,63,7874,33639
2023-04-10 15:07:15,57,62,7874,33639
2023-04-10 15:07:16,57,63,7874,33639
2023-04-10 15:07:23,63,65,7876,33699
2023-04-10 15:07:23,63,64,7876,33699
2023-04-10 15:07:24,63,66,7876,33699
2023-04-10 15:07:24,63,64,7876,33699
2023-04-10 15:07:24,63,64,7876,33710
2023-04-10 15:07:24,63,64,7887,33721
2023-04-10 15:07:31,63,64,7887,33750
2023-04-10 15:07:31,63,64,7916,33779
2023-04-10 15:07:33,63,64,7916,34074
2023-04-10 15:07:33,63,64,8216,34374
2023-04-10 15:07:34,63,64,8270,34428
2023-04-10 15:07:34,61,63,8481,34639
2023-04-10 15:07:38,57,63,8481,34639
2023-04-10 15:07:38,60,63,8481,34639
2023-04-10 15:07:38,60,61,8481,34639
2023-04-10 15:07:39,61,63,8481,34662
2023-04-10 15:07:40,60,62,8481,34662
2023-04-10 15:07:40,61,62,8481,34662
2023-04-10 15:07:45,61,63,8502,34683
2023-04-10 15:07:48,62,63,8502,34683
2023-04-10 15:07:56,62,63,8502,34694
2023-04-10 15:08:14,61,63,8502,34694
2023-04-10 15:08:22,61,63,8500,34696
2023-04-10 15:08:26,61,64,8500,34696
2023-04-10 15:08:28,61,63,8500,34696
2023-04-10 15:08:28,61,62,8500,34696
2023-04-10 15:08:31,62,64,8500,34753
2023-04-10 15:08:31,62,63,8500,34753
2023-04-10 15:08:38,61,63,8500,34753
2023-04-10 15:08:38,61,64,8500,34753
2023-04-10 15:08:38,61,62,8500,34753
2023-04-10 15:08:42,62,64,8500,34770
2023-04-10 15:08:43,61,63,8500,34770
2023-04-10 15:08:46,61,64,8500,34770
2023-04-10 15:08:46,61,62,8500,34770
2023-04-10 15:08:48,61,64,8500,34781
2023-04-10 15:08:48,61,63,8500,34781
2023-04-10 15:08:52,61,64,8500,34781
2023-04-10 15:08:53,63,64,8500,34781
2023-04-10 15:08:57,63,65,8502,34800
2023-04-10 15:09:01,64,65,8502,34800
2023-04-10 15:09:10,63,65,8502,34800
2023-04-10 15:09:10,64,65,8502,34800
2023-04-10 15:09:18,65,66,8598,35050
2023-04-10 15:09:19,65,68,8598,35050
2023-04-10 15:09:19,65,68,8598,35072
2023-04-10 15:09:19,65,67,8598,35072
2023-04-10 15:09:28,65,67,8598,35100
2023-04-10 15:09:31,64,67,9298,35800
2023-04-10 15:09:32,65,67,9298,35800
2023-04-10 15:09:39,64,67,9296,35802
2023-04-10 15:09:45,64,65,9296,35802
2023-04-10 15:09:46,65,67,9280,35818
2023-04-10 15:09:47,64,66,9280,35818
2023-04-10 15:09:48,64,66,9284,35822
2023-04-10 15:09:52,65,66,9284,35822
2023-04-10 15:09:56,65,67,9273,35859
2023-04-10 15:09:56,65,66,9273,35859
2023-04-10 15:10:05,65,67,9268,35890
2023-04-10 15:10:05,65,66,9268,35890
2023-04-10 15:10:12,65,66,9284,35906
2023-04-10 15:10:12,65,67,9284,35906
2023-04-10 15:10:12,65,66,9284,35906
2023-04-10 15:10:12,65,67,9284,35906
2023-04-10 15:10:13,65,69,9274,35935
2023-04-10 15:10:13,65,68,9274,35935
2023-04-10 15:10:14,65,66,9274,35935
2023-04-10 15:10:19,65,69,9276,35937
2023-04-10 15:10:19,65,68,9276,35937
2023-04-10 15:10:19,66,68,9276,35937
2023-04-10 15:10:19,66,68,9298,35959
2023-04-10 15:10:19,66,69,9298,35959
2023-04-10 15:10:19,66,68,9298,35959
2023-04-10 15:10:25,66,69,9298,35964
2023-04-10 15:10:28,65,69,9298,35964
2023-04-10 15:10:28,66,69,9298,35964
2023-04-10 15:10:28,66,67,9298,35964
2023-04-10 15:10:36,66,67,9293,35969
2023-04-10 15:10:43,65,67,9315,35991
2023-04-10 15:10:53,65,66,9315,35991
2023-04-10 15:11:19,65,66,9313,36001
2023-04-10 15:11:22,64,65,9667,36355
2023-04-10 15:11:29,63,65,9667,36355
2023-04-10 15:11:30,63,64,9667,36355
2023-04-10 15:11:36,63,65,9667,36355
2023-04-10 15:11:49,61,65,9667,36355
2023-04-10 15:12:03,61,65,9667,36376
2023-04-10 15:12:03,61,64,9667,36376
2023-04-10 15:12:11,61,63,9667,36376
2023-04-10 15:12:11,60,61,9665,36378
2023-04-10 15:12:26,60,63,9667,36398
2023-04-10 15:12:26,60,62,9667,36398
2023-04-10 15:12:26,60,63,9667,36398
2023-04-10 15:12:28,60,65,9667,36398
2023-04-10 15:12:28,62,65,9667,36398
2023-04-10 15:12:28,62,64,9667,36398
2023-04-10 15:12:28,62,63,9667,36398
2023-04-10 15:12:37,60,63,9667,36398
2023-04-10 15:12:37,60,65,9667,36398
2023-04-10 15:12:37,62,65,9667,36398
2023-04-10 15:12:37,62,63,9667,36398
2023-04-10 15:12:54,60,63,9667,36398
2023-04-10 15:12:54,60,65,9667,36398
2023-04-10 15:12:54,62,65,9667,36398
2023-04-10 15:12:54,62,63,9667,36398
2023-04-10 15:13:05,60,63,9667,36398
2023-04-10 15:13:05,60,65,9667,36398
2023-04-10 15:13:05,60,64,9667,36398
2023-04-10 15:13:06,61,64,9667,36398
2023-04-10 15:13:11,61,65,9667,36398
2023-04-10 15:13:11,61,62,9667,36398
2023-04-10 15:13:12,62,65,9667,36413
2023-04-10 15:13:19,61,65,9667,36413
2023-04-10 15:13:20,62,65,9667,36413
2023-04-10 15:13:20,62,63,9667,36413
2023-04-10 15:13:37,62,63,9665,36428
2023-04-10 15:13:46,62,63,9665,36438
2023-04-10 15:13:55,61,62,9663,36440
2023-04-10 15:14:04,61,62,9663,36455
2023-04-10 15:14:06,60,62,9663,36455
2023-04-10 15:14:10,59,60,9683,36477
2023-04-10 15:14:17,59,61,9683,36477
2023-04-10 15:14:32,59,60,9683,36477
2023-04-10 15:14:32,59,60,9683,36507
2023-04-10 15:14:34,56,59,9933,36757
2023-04-10 15:14:36,55,59,9933,36757
2023-04-10 15:14:36,56,59,9933,36757
2023-04-10 15:14:46,56,58,9933,36757
2023-04-10 15:14:46,54,55,9931,36759
2023-04-10 15:14:55,52,55,9931,36759
2023-04-10 15:14:55,52,59,9931,36759
2023-04-10 15:14:55,55,59,9931,36759
2023-04-10 15:14:55,55,56,9931,36759
2023-04-10 15:15:06,55,59,9933,36810
2023-04-10 15:15:06,55,58,9933,36810
2023-04-10 15:15:11,56,58,9933,36810
2023-04-10 15:15:11,56,57,9933,36810
2023-04-10 15:15:47,56,58,9935,36864
2023-04-10 15:15:47,56,57,9935,36864
2023-04-10 15:15:47,56,58,9935,36864
2023-04-10 15:15:55,56,60,9935,36864
2023-04-10 15:15:55,56,62,9935,36864
2023-04-10 15:15:55,56,59,9935,36864
2023-04-10 15:15:55,56,61,9935,36864
2023-04-10 15:15:55,56,62,9935,36864
2023-04-10 15:15:55,57,62,9935,36864
2023-04-10 15:15:55,57,59,9935,36864
2023-04-10 15:15:57,59,60,9921,36878
2023-04-10 15:16:02,59,60,9917,36882
2023-04-10 15:16:06,59,62,9917,36882
2023-04-10 15:16:06,59,61,9917,36882
2023-04-10 15:16:10,59,60,9917,36882
2023-04-10 15:16:18,59,60,9893,36906
2023-04-10 15:16:21,59,60,9893,36917
2023-04-10 15:16:32,59,63,9783,37229
2023-04-10 15:16:32,59,63,10363,37811
2023-04-10 15:16:32,59,63,10363,37811
2023-04-10 15:16:32,59,62,10363,37811
2023-04-10 15:16:35,57,62,10363,37826
2023-04-10 15:16:40,57,61,10363,37826
2023-04-10 15:16:52,57,60,10363,37826
2023-04-10 15:16:56,52,60,10363,37826
2023-04-10 15:16:57,56,60,10363,37826
2023-04-10 15:17:15,57,60,10363,37826
2023-04-10 15:17:22,59,60,10363,37826
2023-04-10 15:17:22,60,63,10365,37828
2023-04-10 15:17:31,56,63,10365,37828
2023-04-10 15:17:31,59,63,10365,37828
2023-04-10 15:17:31,59,62,10365,37828
2023-04-10 15:17:40,56,62,10365,37828
2023-04-10 15:17:40,56,63,10365,37828
2023-04-10 15:17:40,57,63,10365,37828
2023-04-10 15:17:40,61,63,10365,37828
2023-04-10 15:17:40,61,62,10365,37828
2023-04-10 15:18:05,61,62,10367,37830
2023-04-10 15:18:11,61,63,10367,37834
2023-04-10 15:18:13,61,63,10367,37852
2023-04-10 15:18:14,61,64,10367,37852
2023-04-10 15:18:14,61,63,10367,37852
2023-04-10 15:18:29,62,63,10367,37852
2023-04-10 15:18:30,62,64,10367,37852
2023-04-10 15:18:30,61,62,10367,37875
2023-04-10 15:18:31,61,63,10367,37875
2023-04-10 15:18:39,61,63,10367,37902
2023-04-10 15:18:46,60,63,10365,37904
2023-04-10 15:18:48,62,63,10365,37904
2023-04-10 15:18:52,60,63,10365,37926
2023-04-10 15:18:55,60,63,10365,37971
2023-04-10 15:18:56,62,63,10365,37971
2023-04-10 15:18:59,60,63,10365,37993
2023-04-10 15:19:05,61,63,10365,37993
2023-04-10 15:19:05,61,65,10383,38011
2023-04-10 15:19:05,63,65,10383,38011
2023-04-10 15:19:13,61,65,10383,38056
2023-04-10 15:19:14,62,65,10383,38056
2023-04-10 15:19:18,62,66,10383,38101
2023-04-10 15:19:21,62,65,10383,38101
2023-04-10 15:19:22,62,65,10383,38114
2023-04-10 15:19:31,64,65,10383,38114
2023-04-10 15:19:31,64,65,10383,38132
2023-04-10 15:19:38,64,65,10383,38176
2023-04-10 15:19:48,64,65,10383,38193
2023-04-10 15:19:48,64,65,10383,38237
2023-04-10 15:19:54,64,65,10383,38252
2023-04-10 15:19:55,66,68,10385,38254
2023-04-10 15:19:55,66,67,10385,38254
2023-04-10 15:20:25,64,66,10383,38300
2023-04-10 15:20:29,64,67,10383,38300
2023-04-10 15:20:29,65,67,10383,38300
2023-04-10 15:20:30,64,65,10383,38326
2023-04-10 15:20:31,64,67,10383,38326
2023-04-10 15:20:31,64,66,10383,38326
2023-04-10 15:20:31,64,67,10383,38326
2023-04-10 15:20:31,64,66,10383,38326
2023-04-10 15:20:38,63,66,10383,38326
2023-04-10 15:20:39,63,64,10383,38326
2023-04-10 15:20:46,61,63,10439,38384
2023-04-10 15:20:47,61,63,10460,38405
2023-04-10 15:20:57,62,63,10460,38405
2023-04-10 15:21:01,60,63,10567,38512
2023-04-10 15:21:06,60,64,10567,38512
2023-04-10 15:21:06,61,64,10567,38512
2023-04-10 15:21:15,62,64,10567,38512
2023-04-10 15:21:15,62,63,10567,38512
2023-04-10 15:21:24,61,63,10567,38512
2023-04-10 15:21:25,61,64,10567,38512
2023-04-10 15:21:25,61,62,10567,38512
2023-04-10 15:21:31,61,64,10567,38524
2023-04-10 15:21:31,61,63,10567,38524
2023-04-10 15:21:31,61,64,10567,38524
2023-04-10 15:21:33,61,62,10567,38524
2023-04-10 15:22:06,61,62,10565,38545
2023-04-10 15:22:10,61,63,10544,38568
2023-04-10 15:22:18,62,63,10544,38568
2023-04-10 15:22:23,62,64,10544,38568
2023-04-10 15:22:31,63,64,10544,38568
2023-04-10 15:22:38,62,64,10544,38568
2023-04-10 15:22:38,63,64,10544,38568
2023-04-10 15:22:50,63,66,10546,38570
2023-04-10 15:23:12,62,63,10554,38580
2023-04-10 15:23:15,61,63,10389,38745
2023-04-10 15:23:17,61,66,10389,38745
2023-04-10 15:23:20,61,65,10389,38745
2023-04-10 15:23:22,61,66,10389,38745
2023-04-10 15:23:23,52,66,10389,38745
2023-04-10 15:23:23,58,66,10389,38745
2023-04-10 15:23:23,58,65,10389,38745
2023-04-10 15:23:24,58,62,10389,38745
2023-04-10 15:23:29,58,66,10389,38745
2023-04-10 15:23:29,58,65,10389,38745
2023-04-10 15:23:29,58,66,10389,38745
2023-04-10 15:23:49,59,66,10389,38745
2023-04-10 15:23:50,59,65,10389,38745
2023-04-10 15:23:50,59,63,10389,38745
2023-04-10 15:23:52,58,63,10389,38745
2023-04-10 15:24:15,58,62,10389,38745
2023-04-10 15:24:15,58,59,10389,38745
2023-04-10 15:24:18,55,58,10389,38749
2023-04-10 15:24:23,52,58,10389,38749
2023-04-10 15:24:42,53,58,10389,38749
2023-04-10 15:24:42,53,57,10389,38749
2023-04-10 15:24:45,53,56,10389,38749
2023-04-10 15:24:45,53,54,10389,38749
2023-04-10 15:24:54,53,54,10389,38999
2023-04-10 15:25:00,53,54,10189,39199
2023-04-10 15:25:04,53,56,10189,39225
2023-04-10 15:25:07,54,56,10189,39225
2023-04-10 15:25:09,53,56,10189,39225
2023-04-10 15:25:15,51,56,10216,39253
2023-04-10 15:25:18,51,53,10216,39253
2023-04-10 15:25:19,50,53,10216,39253
2023-04-10 15:25:23,50,56,10216,39253
2023-04-10 15:25:27,50,54,10216,39253
2023-04-10 15:25:37,52,54,10216,39253
2023-04-10 15:25:37,52,53,10216,39253
2023-04-10 15:26:02,50,52,10216,39277
2023-04-10 15:26:03,51,52,10216,39277
2023-04-10 15:26:14,52,53,10172,39321
2023-04-10 15:26:21,51,53,10172,39321
2023-04-10 15:26:21,50,53,10172,39321
2023-04-10 15:26:21,52,53,10172,39321
2023-04-10 15:26:24,52,56,10172,39321
2023-04-10 15:26:29,52,54,10172,39321
2023-04-10 15:26:37,52,53,10172,39321
2023-04-10 15:26:37,51,52,10172,39323
2023-04-10 15:26:57,52,54,10150,39345
2023-04-10 15:27:03,53,54,10150,39345
2023-04-10 15:27:04,53,55,10150,39345
2023-04-10 15:27:04,53,56,10150,39345
2023-04-10 15:27:05,53,54,10150,39345
2023-04-10 15:27:07,51,54,10150,39345
2023-04-10 15:27:13,51,56,10150,39345
2023-04-10 15:27:13,51,53,10150,39345
2023-04-10 15:27:20,49,53,10150,39345
2023-04-10 15:27:22,51,53,10150,39345
2023-04-10 15:27:23,51,52,10150,39345
2023-04-10 15:28:06,50,51,10150,39347
2023-04-10 15:28:26,51,52,10140,39357
2023-04-10 15:28:34,51,54,10140,39357
2023-04-10 15:28:39,52,54,10140,39357
2023-04-10 15:28:39,52,53,10140,39357
2023-04-10 15:28:54,52,54,10140,39370
2023-04-10 15:28:56,53,54,10140,39370
2023-04-10 15:29:01,54,55,10094,39416
2023-04-10 15:29:05,54,55,10107,39429
2023-04-10 15:29:06,53,55,10107,39429
2023-04-10 15:29:08,54,55,10107,39429
2023-04-10 15:29:13,54,55,10124,39446
2023-04-10 15:29:26,54,55,10456,39778
2023-04-10 15:29:28,55,56,11206,40529
2023-04-10 15:29:30,55,61,11206,40529
2023-04-10 15:29:30,55,60,11206,40529
2023-04-10 15:29:31,55,61,11206,40529
2023-04-10 15:29:31,55,60,11206,40529
2023-04-10 15:29:31,55,58,11206,40529
2023-04-10 15:29:45,55,56,11206,40529
2023-04-10 15:29:47,54,56,11205,40531
2023-04-10 15:29:48,54,55,11205,40531
2023-04-10 15:29:54,53,55,11273,40599
2023-04-10 15:29:59,51,55,11273,40648
2023-04-10 15:30:05,51,52,11273,40648
2023-04-10 15:30:10,52,55,11254,40667
2023-04-10 15:30:10,52,54,11254,40667
2023-04-10 15:30:10,52,55,11254,40667
2023-04-10 15:30:13,53,55,11254,40667
2023-04-10 15:30:15,52,55,11254,40667
2023-04-10 15:30:23,51,55,11254,40667
2023-04-10 15:30:31,51,54,11254,40667
2023-04-10 15:30:33,51,55,11254,40667
2023-04-10 15:30:37,50,55,11254,40667
2023-04-10 15:30:37,49,55,11254,40667
2023-04-10 15:30:37,47,55,11254,40667
2023-04-10 15:30:37,49,55,11254,40667
2023-04-10 15:30:41,51,55,11254,40667
2023-04-10 15:30:46,49,55,11254,40667
2023-04-10 15:30:47,49,54,11254,40667
2023-04-10 15:30:47,49,53,11254,40667
2023-04-10 15:30:55,51,53,11254,40667
2023-04-10 15:31:39,51,52,11254,40667
2023-04-10 15:31:41,51,52,11462,40875
2023-04-10 15:31:42,52,53,12283,41778
2023-04-10 15:31:44,53,55,12265,41797
2023-04-10 15:31:46,55,56,12265,41801
2023-04-10 15:31:47,53,55,11969,42097
2023-04-10 15:31:48,56,58,11938,42128
2023-04-10 15:31:53,56,62,11938,42128
2023-04-10 15:31:53,53,62,11938,42128
2023-04-10 15:31:53,53,61,11938,42128
2023-04-10 15:32:01,53,60,11938,42128
2023-04-10 15:32:02,55,60,11938,42128
2023-04-10 15:32:10,56,60,11938,42128
2023-04-10 15:32:15,56,60,12938,43128
2023-04-10 15:32:19,59,60,12938,43128
2023-04-10 15:32:19,59,60,12950,43140
2023-04-10 15:32:19,57,59,12950,43170
2023-04-10 15:32:20,57,60,12950,43170
2023-04-10 15:32:24,57,59,12650,43470
2023-04-10 15:32:27,57,60,12650,43470
2023-04-10 15:32:36,56,60,12648,43532
2023-04-10 15:32:37,56,59,12648,43532
2023-04-10 15:32:43,58,59,12648,43532
2023-04-10 15:32:43,56,58,12648,43781
2023-04-10 15:32:45,56,59,12648,43781
2023-04-10 15:32:45,56,58,12648,43781
2023-04-10 15:32:53,56,57,12648,43781
2023-04-10 15:32:58,57,58,12633,43796
2023-04-10 15:33:07,56,58,12633,43796
2023-04-10 15:33:19,57,58,12633,43796
2023-04-10 15:33:30,57,60,12633,43796
2023-04-10 15:33:47,58,60,12633,43796
2023-04-10 15:33:54,57,60,12633,43796
2023-04-10 15:34:03,58,60,12633,43796
2023-04-10 15:34:12,57,60,13633,44796
2023-04-10 15:34:15,57,58,13633,44796
2023-04-10 15:34:16,50,58,13631,44798
2023-04-10 15:34:29,49,58,13631,44798
2023-04-10 15:34:30,50,58,13631,44798
2023-04-10 15:34:42,50,57,13631,44798
2023-04-10 15:34:42,50,58,13631,44798
2023-04-10 15:34:43,52,58,13631,44798
2023-04-10 15:34:43,52,57,13631,44798
2023-04-10 15:34:44,50,57,13631,44798
2023-04-10 15:35:00,49,57,13631,44798
2023-04-10 15:35:07,50,57,13631,44798
2023-04-10 15:35:07,50,55,13631,44798
2023-04-10 15:35:07,50,53,13631,44798
2023-04-10 15:35:15,50,52,13631,44798
2023-04-10 15:35:15,50,51,13631,44798
2023-04-10 15:35:40,49,51,13631,44798
2023-04-10 15:35:40,51,55,13633,44800
2023-04-10 15:35:40,51,54,13633,44800
2023-04-10 15:35:56,50,54,13633,44800
2023-04-10 15:36:04,50,52,13633,44800
2023-04-10 15:36:09,52,54,13623,44810
2023-04-10 15:36:09,52,54,13623,44812
2023-04-10 15:36:15,50,54,13623,44812
2023-04-10 15:36:47,53,54,13623,44812
2023-04-10 15:36:59,51,54,13635,44824
2023-04-10 15:37:04,52,54,13635,44824
2023-04-10 15:37:07,50,51,13670,44859
2023-04-10 15:37:11,49,51,13670,44859
2023-04-10 15:37:12,50,51,13670,44859
2023-04-10 15:37:15,43,51,13562,45079
2023-04-10 15:37:20,50,51,13562,45079
2023-04-10 15:37:31,47,51,13562,45081
2023-04-10 15:37:31,47,50,13562,45081
2023-04-10 15:37:50,50,51,13562,45083
2023-04-10 15:37:55,47,54,13562,45085
2023-04-10 15:37:57,51,54,13562,45085
2023-04-10 15:37:59,51,55,13562,45085
2023-04-10 15:38:39,53,55,13562,45085
2023-04-10 15:38:44,53,56,13566,45089
2023-04-10 15:38:48,51,56,13566,45089
2023-04-10 15:38:48,51,57,13566,45089
2023-04-10 15:38:48,51,58,13566,45089
2023-04-10 15:38:49,53,58,13566,45089
2023-04-10 15:38:49,53,56,13566,45089
2023-04-10 15:38:50,53,58,13566,45100
2023-04-10 15:38:50,53,57,13566,45100
2023-04-10 15:38:50,53,58,13566,45100
2023-04-10 15:38:53,54,58,13566,45100
2023-04-10 15:38:57,58,60,13766,45324
2023-04-10 15:38:57,58,59,13766,45324
2023-04-10 15:38:59,56,58,13842,45400
2023-04-10 15:39:22,57,58,13842,45400
2023-04-10 15:39:24,56,58,13842,45400
2023-04-10 15:39:28,56,60,13844,45402
2023-04-10 15:39:35,56,61,13945,45503
2023-04-10 15:39:40,56,62,13945,45549
2023-04-10 15:39:40,56,61,13945,45549
2023-04-10 15:39:41,57,61,13945,45549
2023-04-10 15:39:41,57,62,13945,45549
2023-04-10 15:39:51,56,62,13945,45549
2023-04-10 15:39:51,56,63,13945,45549
2023-04-10 15:39:51,56,65,13945,45549
2023-04-10 15:39:51,57,65,13945,45549
2023-04-10 15:39:54,57,64,13945,45549
2023-04-10 15:39:54,57,63,13945,45549
2023-04-10 15:39:54,57,62,13945,45549
2023-04-10 15:39:57,57,63,13945,45549
2023-04-10 15:40:07,60,63,13945,45549
2023-04-10 15:40:24,62,63,13945,45549
2023-04-10 15:40:24,62,64,13947,45583
2023-04-10 15:40:31,64,65,13947,45594
2023-04-10 15:40:32,62,65,13947,45594
2023-04-10 15:40:33,62,64,13968,45615
2023-04-10 15:40:40,62,65,14668,46315
2023-04-10 15:40:40,64,65,14668,46315
2023-04-10 15:40:41,63,65,14668,46315
2023-04-10 15:40:41,63,65,14689,46336
2023-04-10 15:40:46,63,66,15090,46780
2023-04-10 15:40:46,63,66,15090,46813
2023-04-10 15:40:49,63,68,15090,46813
2023-04-10 15:40:49,63,67,15090,46813
2023-04-10 15:40:50,65,67,15090,46813
2023-04-10 15:40:54,65,68,15090,46847
2023-04-10 15:40:54,65,67,15090,46847
2023-04-10 15:40:58,65,68,15090,46847
2023-04-10 15:41:01,65,68,15090,46848
2023-04-10 15:41:03,65,69,15090,47148
2023-04-10 15:41:03,65,68,15090,47148
2023-04-10 15:41:08,68,69,15090,47172
2023-04-10 15:41:08,68,69,15090,47196
2023-04-10 15:41:08,68,69,15225,47331
2023-04-10 15:41:10,69,71,15225,47396
2023-04-10 15:41:15,65,71,15225,47396
2023-04-10 15:41:18,67,71,15225,47396
2023-04-10 15:41:20,65,71,15225,47396
2023-04-10 15:41:21,67,71,15225,47396
2023-04-10 15:41:31,69,71,15225,47396
2023-04-10 15:41:34,67,69,15225,47696
2023-04-10 15:41:37,67,70,15225,47696
2023-04-10 15:41:37,67,71,15225,47696
2023-04-10 15:41:41,62,71,15223,47698
2023-04-10 15:41:41,59,71,15223,47698
2023-04-10 15:41:41,59,70,15223,47698
2023-04-10 15:41:42,59,71,15223,47698
2023-04-10 15:41:45,57,71,15223,47698
2023-04-10 15:41:54,61,71,15223,47698
2023-04-10 15:41:54,61,67,15223,47698
2023-04-10 15:42:01,62,67,15223,47698
2023-04-10 15:42:20,62,66,15223,47698
2023-04-10 15:42:23,62,67,15223,47698
2023-04-10 15:42:33,62,66,15223,47698
2023-04-10 15:42:46,64,66,15223,47698
2023-04-10 15:42:59,64,67,15225,47700
2023-04-10 15:43:11,62,67,15225,47700
2023-04-10 15:43:13,62,67,15227,47702
2023-04-10 15:43:14,64,67,15227,47702
2023-04-10 15:43:19,64,67,15227,47712
2023-04-10 15:43:25,64,70,15227,47712
2023-04-10 15:43:25,68,70,15227,47712
2023-04-10 15:43:28,64,70,15227,47732
2023-04-10 15:43:29,64,70,15227,47752
2023-04-10 15:43:30,64,70,15227,47772
2023-04-10 15:43:31,64,70,15227,47792
2023-04-10 15:43:32,64,70,15227,47812
2023-04-10 15:43:33,64,70,15227,47832
2023-04-10 15:43:34,64,70,15227,47852
2023-04-10 15:43:36,64,71,15227,47866
2023-04-10 15:43:39,64,71,15241,47880
2023-04-10 15:43:39,67,71,15241,47880
2023-04-10 15:43:41,67,71,15255,47894
2023-04-10 15:43:52,67,70,15255,47894
2023-04-10 15:43:55,67,71,15255,47894
2023-04-10 15:43:55,67,70,15255,47894
2023-04-10 15:43:57,67,71,15257,47896
2023-04-10 15:43:57,67,70,15257,47896
2023-04-10 15:43:57,67,71,15257,47896
2023-04-10 15:43:59,67,71,15259,47898
2023-04-10 15:44:01,67,71,15281,47920
2023-04-10 15:44:02,67,71,15303,47942
2023-04-10 15:44:02,62,71,15303,47942
2023-04-10 15:44:03,67,71,15303,47942
2023-04-10 15:44:05,67,71,15325,47964
2023-04-10 15:44:05,68,71,15325,47964
2023-04-10 15:44:07,67,71,15325,47964
2023-04-10 15:44:08,67,70,15325,47964
2023-04-10 15:44:14,67,71,15349,47988
2023-04-10 15:44:14,67,70,15349,47988
2023-04-10 15:44:16,67,69,15349,47988
2023-04-10 15:44:17,67,69,15364,48003
2023-04-10 15:44:21,62,69,15362,48005
2023-04-10 15:44:34,62,69,15384,48027
2023-04-10 15:44:34,65,69,15384,48027
2023-04-10 15:44:34,65,69,15406,48049
2023-04-10 15:44:35,65,69,15428,48071
2023-04-10 15:44:37,62,69,15428,48071
2023-04-10 15:44:39,65,69,15428,48071
2023-04-10 15:44:43,65,68,15428,48071
2023-04-10 15:44:55,63,68,15426,48083
2023-04-10 15:44:55,63,68,15438,48095
2023-04-10 15:45:02,61,68,15438,48099
2023-04-10 15:45:02,58,64,15282,48303
2023-04-10 15:45:05,58,63,15282,48303
2023-04-10 15:45:07,58,62,15282,48303
2023-04-10 15:45:08,57,58,15238,48347
2023-04-10 15:45:09,57,62,15238,48347
2023-04-10 15:45:12,58,61,15238,48347
2023-04-10 15:45:18,57,61,15236,48349
2023-04-10 15:45:23,54,61,15236,48349
2023-04-10 15:45:28,56,61,15236,48349
2023-04-10 15:45:29,52,61,15236,48349
2023-04-10 15:45:41,54,61,15236,48349
2023-04-10 15:45:48,55,61,15236,48349
2023-04-10 15:45:53,58,61,15236,48349
2023-04-10 15:45:56,59,61,15236,48349
2023-04-10 15:46:01,61,62,15240,48353
2023-04-10 15:46:06,61,63,15240,48356
2023-04-10 15:46:07,61,64,15242,48358
2023-04-10 15:46:08,61,66,15242,48373
2023-04-10 15:46:08,61,65,15242,48373
2023-04-10 15:46:09,61,64,15242,48373
2023-04-10 15:46:18,61,67,15244,48375
2023-04-10 15:46:19,63,67,15244,48375
2023-04-10 15:46:20,63,69,15244,48378
2023-04-10 15:46:20,63,68,15244,48378
2023-04-10 15:46:26,63,69,15244,48378
2023-04-10 15:46:34,65,69,15244,48378
2023-04-10 15:46:37,65,69,15400,48534
2023-04-10 15:46:41,66,69,15400,48534
2023-04-10 15:46:42,66,69,15657,48791
2023-04-10 15:46:46,67,69,15657,48791
2023-04-10 15:46:48,67,69,16041,49175
2023-04-10 15:46:48,67,69,16163,49297
2023-04-10 15:46:54,67,69,16183,49317
2023-04-10 15:46:55,67,69,16203,49337
2023-04-10 15:46:59,67,69,16223,49357
2023-04-10 15:46:59,67,69,16243,49377
2023-04-10 15:47:01,67,69,16263,49397
2023-04-10 15:47:02,67,69,16283,49417
2023-04-10 15:47:03,67,71,16526,49660
2023-04-10 15:47:03,69,71,16526,49660
2023-04-10 15:47:05,67,71,16526,49660
2023-04-10 15:47:08,69,71,16526,49660
2023-04-10 15:47:15,69,71,16546,49680
2023-04-10 15:47:16,69,71,16566,49700
2023-04-10 15:47:21,68,71,16564,49716
2023-04-10 15:47:21,68,70,16564,49716
2023-04-10 15:47:25,68,71,16578,49730
2023-04-10 15:47:25,68,70,16578,49730
2023-04-10 15:47:25,68,71,16578,49730
2023-04-10 15:47:26,64,68,16578,49744
2023-04-10 15:47:28,64,70,16578,49744
2023-04-10 15:47:30,64,71,16578,49744
2023-04-10 15:47:35,64,71,16581,49747
2023-04-10 15:47:36,64,70,16581,49747
2023-04-10 15:47:37,64,70,16581,49847
2023-04-10 15:47:39,66,70,16581,49847
2023-04-10 15:47:39,69,70,16581,49847
2023-04-10 15:47:43,69,71,16581,49864
2023-04-10 15:48:06,66,71,16581,49864
2023-04-10 15:48:06,68,71,16581,49864
2023-04-10 15:48:06,70,71,16581,49864
2023-04-10 15:48:07,70,71,16712,49995
2023-04-10 15:48:12,70,71,16725,50008
2023-04-10 15:48:12,70,71,16742,50025
2023-04-10 15:48:19,70,71,16759,50042
2023-04-10 15:48:20,70,71,16776,50059
2023-04-10 15:48:21,70,71,16793,50076
2023-04-10 15:48:26,70,71,17168,50451
2023-04-10 15:48:28,70,71,17274,50557
2023-04-10 15:48:29,70,71,17291,50574
2023-04-10 15:48:29,70,71,17303,50586
2023-04-10 15:48:30,70,71,17320,50603
2023-04-10 15:48:36,70,71,17337,50620
2023-04-10 15:48:40,70,71,17377,50660
2023-04-10 15:48:41,70,71,17377,50960
2023-04-10 15:48:42,70,71,17377,51260
2023-04-10 15:48:42,70,71,17394,51277
2023-04-10 15:48:43,70,71,17411,51294
2023-04-10 15:48:44,70,71,17428,51311
2023-04-10 15:48:45,70,71,17445,51328
2023-04-10 15:48:46,70,71,17462,51345
2023-04-10 15:48:48,70,71,17479,51362
2023-04-10 15:48:48,70,71,17479,51662
2023-04-10 15:48:50,71,75,17479,51949
2023-04-10 15:49:00,71,72,17479,51949
2023-04-10 15:49:07,56,72,17477,51953
2023-04-10 15:49:16,56,72,17477,51970
2023-04-10 15:49:26,56,70,17477,51970
2023-04-10 15:49:29,56,70,17477,51987
2023-04-10 15:49:32,56,70,17477,52004
2023-04-10 15:49:35,56,70,17477,52021
2023-04-10 15:49:36,56,70,17477,52038
2023-04-10 15:49:57,70,72,17295,52220
2023-04-10 15:50:00,72,75,17295,52222
2023-04-10 15:50:09,45,75,17293,52224
2023-04-10 15:50:14,7,75,17293,52224
2023-04-10 15:50:14,8,75,17293,52224
2023-04-10 15:50:24,8,75,17314,52245
2023-04-10 15:50:24,8,75,17425,52356
2023-04-10 15:50:30,9,75,17425,52356
2023-04-10 15:50:35,70,75,17425,52356
2023-04-10 15:50:37,70,75,17523,52454
2023-04-10 15:50:59,71,75,17523,52454
2023-04-10 15:51:00,71,75,17533,52464
2023-04-10 15:51:14,15,75,17595,52528
2023-04-10 15:51:16,14,75,17595,52528
2023-04-10 15:51:16,13,75,17595,52528
2023-04-10 15:51:16,12,75,17595,52528
2023-04-10 15:51:16,13,75,17595,52528
2023-04-10 15:51:16,13,69,17595,52528
2023-04-10 15:51:20,13,75,17595,52528
2023-04-10 15:51:26,50,75,17595,52528
2023-04-10 15:51:42,50,72,17595,52528
2023-04-10 15:51:46,50,75,17595,52528
2023-04-10 15:52:12,50,74,17595,52528
2023-04-10 15:52:19,50,73,17595,52528
2023-04-10 15:53:00,68,73,17595,52528
2023-04-10 15:53:03,50,73,17595,52528
2023-04-10 15:53:26,50,72,17595,52528
2023-04-10 15:53:26,50,71,17595,52528
2023-04-10 15:53:27,71,72,17618,52551
2023-04-10 15:53:27,71,72,17770,52703
2023-04-10 15:53:27,50,71,17845,52778
2023-04-10 15:53:29,50,74,18035,52968
2023-04-10 15:53:46,50,75,17993,53012
2023-04-10 15:53:48,51,75,17993,53012
2023-04-10 15:53:53,53,75,17993,53012
2023-04-10 15:53:53,53,80,17995,53272
2023-04-10 15:53:53,70,80,17995,53272
2023-04-10 15:53:53,70,77,17995,53272
2023-04-10 15:53:59,70,76,17995,53272
2023-04-10 15:54:01,75,76,17995,53272
2023-04-10 15:54:01,70,76,18005,53282
2023-04-10 15:54:16,70,72,18005,53282
2023-04-10 15:54:28,64,72,18003,53534
2023-04-10 15:54:29,54,72,18003,53534
2023-04-10 15:54:43,58,72,18003,53534
2023-04-10 15:54:47,66,72,18003,53534
2023-04-10 15:54:51,58,72,18003,53534
2023-04-10 15:55:13,70,72,18003,53534
2023-04-10 15:55:14,70,74,18006,53544
2023-04-10 15:55:25,74,77,18006,53787
2023-04-10 15:55:26,74,76,18006,53787
2023-04-10 15:55:32,74,94,18006,53787
2023-04-10 15:55:32,74,93,18006,53787
2023-04-10 15:55:33,70,93,18006,53787
2023-04-10 15:55:43,73,93,18006,53787
2023-04-10 15:55:43,73,79,18006,53787
2023-04-10 15:55:45,70,79,18006,53787
2023-04-10 15:55:50,70,85,18006,53787
2023-04-10 15:55:50,70,84,18006,53787
2023-04-10 15:56:06,70,83,18006,53787
2023-04-10 15:56:07,70,82,18006,53787
2023-04-10 15:56:11,76,82,18006,53787
2023-04-10 15:56:15,76,82,18007,53788
2023-04-10 15:56:15,76,83,18007,53788
2023-04-10 15:56:15,76,82,18007,53788
2023-04-10 15:56:15,76,82,18007,53808
2023-04-10 15:56:19,70,82,18007,53808
2023-04-10 15:56:26,77,82,18007,53808
2023-04-10 15:56:33,77,82,18016,53817
2023-04-10 15:56:33,77,83,18016,53817
2023-04-10 15:56:39,77,81,18016,53817
2023-04-10 15:56:42,77,82,18016,53817
2023-04-10 15:56:42,77,81,18016,53817
2023-04-10 15:56:55,77,82,18021,53822
2023-04-10 15:56:55,77,81,18021,53822
2023-04-10 15:56:55,77,82,18021,53822
2023-04-10 15:57:09,77,83,18023,53824
2023-04-10 15:57:12,79,83,18023,53824
2023-04-10 15:57:17,79,84,18024,53825
2023-04-10 15:57:18,84,86,18024,53827
2023-04-10 15:57:20,84,86,18024,53904
2023-04-10 15:57:24,79,86,18024,53926
2023-04-10 15:57:25,79,86,18024,53951
2023-04-10 15:57:28,79,96,18024,54077
2023-04-10 15:57:28,79,95,18024,54077
2023-04-10 15:57:39,80,95,18024,54077
2023-04-10 15:57:39,80,88,18024,54077
2023-04-10 15:57:46,82,88,18024,54077
2023-04-10 15:57:49,88,95,18024,54327
2023-04-10 15:57:52,89,95,18024,54327
2023-04-10 15:57:55,89,94,18024,54327
2023-04-10 15:58:00,89,95,18047,54350
2023-04-10 15:58:01,89,94,18047,54350
2023-04-10 15:58:02,89,95,18070,54373
2023-04-10 15:58:02,89,94,18070,54373
2023-04-10 15:58:05,89,95,18070,54373
2023-04-10 15:58:05,94,95,18070,54373
2023-04-10 15:58:06,94,96,18070,54373
2023-04-10 15:58:06,94,95,18070,54373
2023-04-10 15:58:06,89,94,18070,54396
2023-04-10 15:58:07,89,95,18070,54396
2023-04-10 15:58:10,94,95,18070,54396
2023-04-10 15:58:11,89,94,18070,54419
2023-04-10 15:58:12,88,95,18091,54442
2023-04-10 15:58:12,95,96,18091,54692
2023-04-10 15:58:12,95,96,18107,54708
2023-04-10 15:58:12,95,96,18123,54724
2023-04-10 15:58:23,95,96,18123,54764
2023-04-10 15:58:25,95,96,18310,54951
2023-04-10 15:58:28,95,96,18310,54974
2023-04-10 15:58:29,95,96,18310,54997
2023-04-10 15:58:31,95,96,18310,55020
2023-04-10 15:58:31,95,96,18310,55045
2023-04-10 15:58:33,95,96,18310,55068
2023-04-10 15:58:38,95,98,18312,55282
2023-04-10 15:58:38,95,97,18312,55282
2023-04-10 15:58:43,95,97,18330,55300
2023-04-10 15:58:44,95,98,18330,55300
2023-04-10 15:58:44,95,97,18330,55300
2023-04-10 15:58:47,95,97,18353,55323
2023-04-10 15:58:47,95,97,18382,55352
2023-04-10 15:58:47,95,97,18405,55375
2023-04-10 15:58:47,95,96,18405,55375
2023-04-10 15:58:49,95,96,18405,55398
2023-04-10 15:58:50,95,96,18405,55498
2023-04-10 15:58:52,97,98,18405,55625
2023-04-10 15:58:58,97,98,18405,55859
2023-04-10 15:59:01,97,99,18405,55859
2023-04-10 15:59:02,97,98,18405,55859
2023-04-10 15:59:08,98,100,18407,55861
2023-04-10 15:59:41,99,100,18407,55861
