datetime,bid,ask,open_interest,volume
2023-07-18 09:30:59,24,29,882,1034
2023-07-18 09:31:00,24,28,882,1034
2023-07-18 09:31:00,25,28,882,1034
2023-07-18 09:31:01,24,28,882,1034
2023-07-18 09:31:01,25,28,882,1034
2023-07-18 09:31:02,25,29,882,1034
2023-07-18 09:31:02,26,29,882,1034
2023-07-18 09:31:07,25,29,882,1034
2023-07-18 09:31:10,26,29,882,1034
2023-07-18 09:31:12,25,29,882,1034
2023-07-18 09:31:20,25,28,882,1034
2023-07-18 09:31:20,25,27,882,1034
2023-07-18 09:31:23,25,28,882,1034
2023-07-18 09:31:25,25,29,882,1034
2023-07-18 09:31:26,25,29,882,1034
2023-07-18 09:31:26,26,29,882,1034
2023-07-18 09:31:31,25,29,882,1034
2023-07-18 09:31:31,25,28,882,1034
2023-07-18 09:31:32,25,29,882,1034
2023-07-18 09:31:32,25,28,882,1034
2023-07-18 09:31:32,26,28,882,1034
2023-07-18 09:31:33,26,29,882,1034
2023-07-18 09:31:53,26,28,882,1034
2023-07-18 09:31:55,26,29,882,1034
2023-07-18 09:31:56,26,28,882,1034
2023-07-18 09:32:03,27,28,882,1034
2023-07-18 09:32:05,26,28,882,1034
2023-07-18 09:32:40,26,27,882,1034
2023-07-18 09:32:58,25,26,882,1055
2023-07-18 09:33:09,24,25,900,1078
2023-07-18 09:33:18,23,25,924,1102
2023-07-18 09:33:36,23,26,924,1102
2023-07-18 09:33:40,23,25,924,1102
2023-07-18 09:33:54,23,24,924,1102
2023-07-18 09:33:56,22,24,949,1127
2023-07-18 09:34:05,22,25,949,1127
2023-07-18 09:34:10,23,25,949,1127
2023-07-18 09:34:12,22,25,949,1127
2023-07-18 09:34:18,23,25,949,1127
2023-07-18 09:34:22,22,25,949,1127
2023-07-18 09:35:06,22,24,949,1127
2023-07-18 09:35:20,22,23,949,1127
2023-07-18 09:35:53,22,24,949,1127
2023-07-18 09:35:54,22,23,949,1127
2023-07-18 09:36:00,22,24,949,1127
2023-07-18 09:36:23,22,23,949,1127
2023-07-18 09:37:06,21,22,950,1128
2023-07-18 09:37:12,20,21,951,1129
2023-07-18 09:37:17,20,22,951,1129
2023-07-18 09:37:21,21,22,951,1129
2023-07-18 09:37:27,20,22,1002,1180
2023-07-18 09:37:28,20,21,1002,1180
2023-07-18 09:37:59,19,20,1003,1181
2023-07-18 09:37:59,19,20,1042,1220
2023-07-18 09:38:01,19,20,1084,1262
2023-07-18 09:38:04,19,21,1084,1262
2023-07-18 09:38:09,19,22,1084,1262
2023-07-18 09:38:11,20,22,1084,1262
2023-07-18 09:38:11,20,23,1084,1262
2023-07-18 09:38:11,20,22,1084,1262
2023-07-18 09:38:16,21,22,1084,1262
2023-07-18 09:38:16,21,23,1084,1262
2023-07-18 09:38:17,20,23,1084,1262
2023-07-18 09:38:23,21,23,1084,1262
2023-07-18 09:38:34,20,23,1084,1262
2023-07-18 09:39:40,20,22,1084,1262
2023-07-18 09:39:53,19,22,1084,1262
2023-07-18 09:39:57,19,21,1084,1262
2023-07-18 09:40:07,19,20,1084,1262
2023-07-18 09:40:17,19,22,1084,1262
2023-07-18 09:40:17,19,21,1084,1262
2023-07-18 09:40:18,19,20,1084,1262
2023-07-18 09:40:25,20,22,1084,1263
2023-07-18 09:40:47,19,22,1084,1263
2023-07-18 09:40:49,20,22,1084,1263
2023-07-18 09:41:02,20,23,1084,1263
2023-07-18 09:41:06,21,23,1084,1263
2023-07-18 09:41:12,22,23,1084,1263
2023-07-18 09:41:15,21,23,1084,1263
2023-07-18 09:41:26,21,24,1084,1263
2023-07-18 09:41:43,22,24,1084,1263
2023-07-18 09:41:50,22,25,1084,1263
2023-07-18 09:41:55,23,25,1084,1263
2023-07-18 09:42:04,22,25,1084,1263
2023-07-18 09:42:05,23,25,1084,1263
2023-07-18 09:42:48,24,25,1084,1263
2023-07-18 09:42:53,23,25,1084,1263
2023-07-18 09:42:54,23,26,1084,1263
2023-07-18 09:42:54,24,26,1084,1263
2023-07-18 09:42:58,24,25,1084,1263
2023-07-18 09:43:00,23,24,1085,1264
2023-07-18 09:43:10,22,24,1085,1264
2023-07-18 09:43:10,22,25,1085,1264
2023-07-18 09:43:11,22,24,1085,1264
2023-07-18 09:43:20,21,24,1085,1264
2023-07-18 09:43:28,21,23,1085,1264
2023-07-18 09:43:29,21,22,1085,1264
2023-07-18 09:43:35,20,21,1086,1265
2023-07-18 09:43:41,19,21,1086,1265
2023-07-18 09:43:53,19,21,1188,1367
2023-07-18 09:44:23,19,20,1188,1367
2023-07-18 09:44:32,18,20,1208,1387
2023-07-18 09:44:57,18,21,1208,1387
2023-07-18 09:45:07,19,21,1208,1387
2023-07-18 09:45:08,20,21,1208,1387
2023-07-18 09:45:20,19,21,1208,1387
2023-07-18 09:45:45,19,22,1208,1387
2023-07-18 09:45:49,20,22,1208,1387
2023-07-18 09:46:06,21,22,1208,1387
2023-07-18 09:46:09,20,22,1208,1387
2023-07-18 09:46:18,20,23,1208,1387
2023-07-18 09:46:36,20,22,1208,1387
2023-07-18 09:46:49,19,22,1208,1387
2023-07-18 09:46:54,20,22,1208,1387
2023-07-18 09:47:04,20,23,1208,1387
2023-07-18 09:47:07,21,23,1208,1387
2023-07-18 09:47:17,22,23,1208,1387
2023-07-18 09:47:22,22,24,1204,1391
2023-07-18 09:47:46,21,24,1204,1391
2023-07-18 09:47:47,22,24,1204,1391
2023-07-18 09:47:58,23,24,1204,1391
2023-07-18 09:48:27,22,24,1204,1391
2023-07-18 09:48:44,21,24,1204,1391
2023-07-18 09:49:55,21,23,1204,1391
2023-07-18 09:49:56,21,24,1204,1391
2023-07-18 09:49:58,21,23,1204,1391
2023-07-18 09:50:02,20,23,1204,1391
2023-07-18 09:50:03,21,23,1204,1391
2023-07-18 09:50:06,20,23,1204,1391
2023-07-18 09:50:17,20,22,1204,1391
2023-07-18 09:50:21,20,21,1204,1391
2023-07-18 09:50:36,19,20,1205,1392
2023-07-18 09:50:39,18,20,1205,1392
2023-07-18 09:50:51,18,19,1205,1392
2023-07-18 09:50:52,18,20,1205,1392
2023-07-18 09:51:14,18,19,1205,1392
2023-07-18 09:51:21,17,19,1356,1543
2023-07-18 09:51:23,17,18,1356,1543
2023-07-18 09:51:23,16,18,1457,1644
2023-07-18 09:51:33,16,17,1457,1644
2023-07-18 09:51:35,16,17,1497,1684
2023-07-18 09:51:46,16,17,1547,1734
2023-07-18 09:51:47,15,16,1608,1795
2023-07-18 09:51:56,15,17,1608,1795
2023-07-18 09:51:59,15,18,1608,1795
2023-07-18 09:51:59,15,17,1608,1795
2023-07-18 09:52:38,15,16,1608,1795
2023-07-18 09:53:20,15,17,1608,1795
2023-07-18 09:53:33,15,18,1608,1795
2023-07-18 09:54:11,16,18,1608,1795
2023-07-18 09:54:13,15,18,1608,1795
2023-07-18 09:54:14,16,18,1608,1795
2023-07-18 09:54:28,16,19,1608,1795
2023-07-18 09:54:34,17,19,1608,1795
2023-07-18 09:54:44,16,19,1608,1795
2023-07-18 09:54:48,16,20,1608,1795
2023-07-18 09:54:58,17,20,1608,1795
2023-07-18 09:55:33,17,19,1608,1795
2023-07-18 09:55:47,16,19,1608,1795
2023-07-18 09:56:05,17,19,1608,1795
2023-07-18 09:56:06,16,19,1608,1795
2023-07-18 09:56:10,17,19,1608,1795
2023-07-18 09:56:14,16,19,1608,1795
2023-07-18 09:56:29,18,19,1608,1795
2023-07-18 09:56:31,18,20,1608,1795
2023-07-18 09:56:47,17,20,1608,1795
2023-07-18 09:57:18,18,20,1608,1795
2023-07-18 09:57:20,18,21,1608,1795
2023-07-18 09:57:36,17,21,1608,1795
2023-07-18 09:57:39,18,21,1608,1795
2023-07-18 09:58:27,19,21,1608,1795
2023-07-18 09:58:43,19,22,1608,1795
2023-07-18 09:59:32,20,22,1608,1795
2023-07-18 09:59:39,21,22,1608,1795
2023-07-18 09:59:47,21,23,1608,1795
2023-07-18 09:59:50,22,23,1608,1795
2023-07-18 09:59:54,22,24,1604,1799
2023-07-18 09:59:57,23,24,1604,1799
2023-07-18 10:00:01,23,25,1424,2003
2023-07-18 10:00:05,23,26,1424,2003
2023-07-18 10:00:06,24,26,1424,2003
2023-07-18 10:00:08,24,27,1424,2003
2023-07-18 10:00:09,24,26,1424,2003
2023-07-18 10:00:22,23,26,1424,2003
2023-07-18 10:00:22,23,27,1424,2003
2023-07-18 10:00:22,24,27,1424,2003
2023-07-18 10:00:39,23,27,1424,2003
2023-07-18 10:00:39,24,27,1424,2003
2023-07-18 10:00:40,24,26,1424,2003
2023-07-18 10:00:56,23,26,1424,2003
2023-07-18 10:01:03,24,26,1424,2003
2023-07-18 10:01:04,23,26,1424,2003
2023-07-18 10:01:12,24,26,1424,2003
2023-07-18 10:01:16,23,26,1424,2003
2023-07-18 10:02:21,23,25,1424,2003
2023-07-18 10:02:23,22,25,1424,2003
2023-07-18 10:02:43,23,25,1424,2003
2023-07-18 10:02:47,22,25,1424,2003
2023-07-18 10:02:50,23,25,1424,2003
2023-07-18 10:03:07,22,25,1424,2003
2023-07-18 10:03:14,22,24,1424,2003
2023-07-18 10:03:24,22,23,1424,2003
2023-07-18 10:03:29,20,23,1424,2003
2023-07-18 10:03:32,21,23,1424,2003
2023-07-18 10:03:38,21,24,1424,2003
2023-07-18 10:03:51,21,23,1424,2003
2023-07-18 10:03:59,20,23,1424,2003
2023-07-18 10:04:11,20,22,1424,2003
2023-07-18 10:04:15,19,22,1424,2003
2023-07-18 10:04:30,19,21,1424,2003
2023-07-18 10:04:31,18,21,1424,2003
2023-07-18 10:04:39,19,21,1424,2003
2023-07-18 10:04:41,18,21,1424,2003
2023-07-18 10:04:56,19,21,1424,2003
2023-07-18 10:04:57,18,21,1424,2003
2023-07-18 10:05:03,19,21,1424,2003
2023-07-18 10:05:04,19,22,1424,2003
2023-07-18 10:05:06,18,22,1424,2003
2023-07-18 10:05:08,19,22,1424,2003
2023-07-18 10:05:25,19,23,1424,2003
2023-07-18 10:05:25,19,22,1424,2003
2023-07-18 10:05:32,18,22,1424,2003
2023-07-18 10:05:36,18,20,1424,2003
2023-07-18 10:05:40,18,20,1474,2053
2023-07-18 10:05:42,18,22,1474,2053
2023-07-18 10:05:42,18,21,1474,2053
2023-07-18 10:05:47,19,21,1474,2053
2023-07-18 10:05:50,19,22,1474,2053
2023-07-18 10:06:01,20,22,1474,2053
2023-07-18 10:06:01,20,23,1474,2053
2023-07-18 10:06:02,21,23,1474,2053
2023-07-18 10:06:02,21,24,1474,2053
2023-07-18 10:06:03,21,23,1474,2053
2023-07-18 10:06:06,21,25,1474,2053
2023-07-18 10:06:07,21,24,1474,2053
2023-07-18 10:06:23,22,24,1474,2053
2023-07-18 10:06:38,22,25,1474,2053
2023-07-18 10:07:22,22,24,1474,2053
2023-07-18 10:07:43,22,23,1474,2053
2023-07-18 10:07:43,21,23,1474,2053
2023-07-18 10:07:59,21,24,1474,2053
2023-07-18 10:08:18,21,25,1474,2053
2023-07-18 10:08:23,22,25,1474,2053
2023-07-18 10:08:39,23,25,1474,2053
2023-07-18 10:08:59,22,25,1474,2053
2023-07-18 10:09:19,22,24,1474,2053
2023-07-18 10:09:28,22,25,1474,2053
2023-07-18 10:09:40,22,24,1474,2053
2023-07-18 10:09:52,21,24,1474,2053
2023-07-18 10:10:28,21,23,1474,2053
2023-07-18 10:10:35,20,23,1474,2053
2023-07-18 10:10:42,21,23,1474,2053
2023-07-18 10:10:48,20,23,1474,2053
2023-07-18 10:10:53,21,23,1474,2053
2023-07-18 10:11:00,21,24,1474,2053
2023-07-18 10:11:01,23,24,1474,2053
2023-07-18 10:11:18,23,25,1474,2053
2023-07-18 10:12:05,23,24,1474,2053
2023-07-18 10:12:16,22,23,1524,2103
2023-07-18 10:12:21,20,23,1524,2103
2023-07-18 10:12:24,21,23,1524,2103
2023-07-18 10:12:27,20,23,1524,2103
2023-07-18 10:12:57,21,23,1524,2103
2023-07-18 10:13:02,21,24,1524,2103
2023-07-18 10:13:21,21,23,1524,2103
2023-07-18 10:13:51,20,23,1524,2103
2023-07-18 10:14:31,20,22,1524,2103
2023-07-18 10:14:40,20,23,1524,2103
2023-07-18 10:14:42,21,23,1524,2103
2023-07-18 10:14:45,21,24,1524,2103
2023-07-18 10:15:07,22,24,1524,2103
2023-07-18 10:15:53,21,24,1524,2103
2023-07-18 10:15:58,22,24,1524,2103
2023-07-18 10:15:58,22,25,1524,2103
2023-07-18 10:16:27,22,24,1524,2103
2023-07-18 10:16:45,21,24,1524,2103
2023-07-18 10:17:00,22,24,1524,2103
2023-07-18 10:17:01,22,25,1524,2103
2023-07-18 10:17:15,23,25,1524,2103
2023-07-18 10:17:19,23,26,1524,2103
2023-07-18 10:17:29,24,26,1524,2103
2023-07-18 10:17:56,24,26,1524,2108
2023-07-18 10:18:06,25,26,1524,2108
2023-07-18 10:18:07,26,27,1524,2159
2023-07-18 10:18:09,26,27,1531,2166
2023-07-18 10:18:17,26,27,1534,2169
2023-07-18 10:18:23,24,26,1624,2259
2023-07-18 10:18:24,23,26,1624,2259
2023-07-18 10:18:25,23,25,1624,2259
2023-07-18 10:18:27,22,25,1624,2259
2023-07-18 10:18:40,22,24,1624,2259
2023-07-18 10:18:46,22,25,1624,2259
2023-07-18 10:19:18,22,24,1624,2259
2023-07-18 10:19:21,22,23,1624,2259
2023-07-18 10:19:23,21,23,1624,2259
2023-07-18 10:19:33,21,24,1624,2259
2023-07-18 10:19:34,21,23,1624,2259
2023-07-18 10:19:39,23,24,1724,2359
2023-07-18 10:19:43,21,24,1923,2558
2023-07-18 10:19:48,22,24,1923,2558
2023-07-18 10:20:10,22,25,1923,2558
2023-07-18 10:20:42,22,24,1923,2558
2023-07-18 10:20:43,22,24,2201,2836
2023-07-18 10:20:55,22,25,2323,2958
2023-07-18 10:21:07,22,24,2323,2958
2023-07-18 10:21:12,21,24,2323,2958
2023-07-18 10:21:14,22,24,2323,2958
2023-07-18 10:21:21,22,23,2323,2958
2023-07-18 10:21:26,22,25,2323,2958
2023-07-18 10:21:26,22,24,2323,2958
2023-07-18 10:21:29,21,24,2323,2958
2023-07-18 10:21:31,22,24,2323,2958
2023-07-18 10:21:45,21,24,2323,2958
2023-07-18 10:21:45,21,23,2323,2958
2023-07-18 10:21:47,22,23,2323,2958
2023-07-18 10:22:03,21,23,2323,2958
2023-07-18 10:22:20,21,24,2323,2958
2023-07-18 10:22:21,21,23,2323,2958
2023-07-18 10:22:39,20,23,2323,2958
2023-07-18 10:23:02,21,23,2323,2958
2023-07-18 10:23:03,20,23,2323,2958
2023-07-18 10:23:06,21,23,2323,2958
2023-07-18 10:23:09,21,24,2323,2958
2023-07-18 10:23:29,22,24,2323,2958
2023-07-18 10:23:35,21,24,2323,2958
2023-07-18 10:23:36,22,24,2323,2958
2023-07-18 10:23:49,22,25,2323,2958
2023-07-18 10:24:02,23,25,2323,2958
2023-07-18 10:24:03,22,25,2323,2958
2023-07-18 10:24:22,22,24,2323,2958
2023-07-18 10:24:31,21,24,2323,2958
2023-07-18 10:24:37,21,23,2323,2958
2023-07-18 10:24:49,20,23,2323,2958
2023-07-18 10:25:11,21,23,2323,2958
2023-07-18 10:25:12,20,23,2323,2958
2023-07-18 10:25:13,21,23,2323,2958
2023-07-18 10:25:15,20,23,2323,2958
2023-07-18 10:25:31,20,22,2323,2958
2023-07-18 10:25:33,19,22,2323,2958
2023-07-18 10:25:35,19,21,2323,2958
2023-07-18 10:25:49,19,21,2873,3508
2023-07-18 10:25:59,19,20,2873,3508
2023-07-18 10:25:59,18,20,2873,3508
2023-07-18 10:26:17,19,20,2873,3508
2023-07-18 10:26:25,18,20,2873,3508
2023-07-18 10:26:41,18,19,2873,3508
2023-07-18 10:26:49,18,20,2873,3508
2023-07-18 10:26:49,18,19,2873,3508
2023-07-18 10:26:50,18,20,2873,3508
2023-07-18 10:26:50,18,19,2873,3508
2023-07-18 10:26:54,17,18,2873,3509
2023-07-18 10:26:59,17,19,2873,3786
2023-07-18 10:27:09,18,19,2873,3786
2023-07-18 10:27:10,18,20,2873,3786
2023-07-18 10:27:19,18,19,2873,3786
2023-07-18 10:27:32,17,19,2873,3786
2023-07-18 10:27:33,18,19,2873,3786
2023-07-18 10:28:20,18,20,2873,3786
2023-07-18 10:28:46,19,20,2873,3786
2023-07-18 10:28:59,20,21,2872,3787
2023-07-18 10:29:00,20,23,2872,3787
2023-07-18 10:29:01,20,22,2872,3787
2023-07-18 10:29:01,19,22,2872,3787
2023-07-18 10:29:01,20,22,2872,3787
2023-07-18 10:29:01,21,22,2872,3787
2023-07-18 10:29:19,21,23,2872,3787
2023-07-18 10:29:24,22,23,2872,3787
2023-07-18 10:29:25,22,24,2872,3787
2023-07-18 10:29:26,22,23,2872,3787
2023-07-18 10:29:43,21,23,2872,3787
2023-07-18 10:29:45,21,22,2872,3787
2023-07-18 10:29:46,21,23,2872,3787
2023-07-18 10:29:48,21,22,2872,3787
2023-07-18 10:30:08,20,21,2873,3788
2023-07-18 10:30:11,20,23,2873,3788
2023-07-18 10:30:11,20,22,2873,3788
2023-07-18 10:30:11,21,22,2873,3788
2023-07-18 10:30:23,20,21,2874,3789
2023-07-18 10:30:35,19,21,2874,3789
2023-07-18 10:30:39,19,20,2874,3789
2023-07-18 10:30:49,19,20,2875,3889
2023-07-18 10:30:50,18,19,2875,4039
2023-07-18 10:30:56,17,19,2875,4039
2023-07-18 10:30:59,17,20,2875,4039
2023-07-18 10:31:00,18,20,2875,4039
2023-07-18 10:31:06,17,20,2875,4039
2023-07-18 10:31:16,17,19,2875,4039
2023-07-18 10:31:26,17,20,2875,4039
2023-07-18 10:31:26,17,19,2875,4039
2023-07-18 10:32:27,17,20,2875,4039
2023-07-18 10:33:13,18,20,2875,4039
2023-07-18 10:33:13,18,21,2875,4039
2023-07-18 10:33:51,19,21,2875,4039
2023-07-18 10:34:21,19,20,2875,4039
2023-07-18 10:34:22,18,20,2875,4039
2023-07-18 10:34:37,17,20,2875,4039
2023-07-18 10:34:40,18,20,2875,4039
2023-07-18 10:34:41,17,20,2875,4039
2023-07-18 10:34:57,18,20,2875,4039
2023-07-18 10:34:57,18,21,2875,4039
2023-07-18 10:35:15,19,21,2875,4039
2023-07-18 10:35:16,18,21,2875,4039
2023-07-18 10:35:26,19,21,2875,4039
2023-07-18 10:35:39,19,22,2875,4039
2023-07-18 10:36:08,19,21,2875,4039
2023-07-18 10:36:11,18,21,2875,4039
2023-07-18 10:36:27,19,21,2875,4039
2023-07-18 10:36:45,18,21,2875,4039
2023-07-18 10:37:00,17,21,2875,4039
2023-07-18 10:37:01,18,21,2875,4039
2023-07-18 10:37:08,19,21,2875,4039
2023-07-18 10:37:12,20,21,2875,4039
2023-07-18 10:37:21,20,23,2875,4039
2023-07-18 10:37:39,20,22,2875,4039
2023-07-18 10:37:52,19,22,2875,4039
2023-07-18 10:38:01,19,21,2875,4039
2023-07-18 10:38:07,18,21,2875,4039
2023-07-18 10:38:21,18,20,2875,4039
2023-07-18 10:38:23,18,21,2875,4039
2023-07-18 10:38:36,18,20,2875,4039
2023-07-18 10:38:53,17,20,2875,4039
2023-07-18 10:39:05,18,20,2875,4039
2023-07-18 10:39:08,18,21,2875,4039
2023-07-18 10:39:12,19,21,2875,4039
2023-07-18 10:39:27,20,21,2875,4039
2023-07-18 10:40:07,20,22,2875,4039
2023-07-18 10:40:22,20,23,2875,4039
2023-07-18 10:40:29,21,23,2875,4039
2023-07-18 10:40:35,22,23,2875,4039
2023-07-18 10:40:36,22,24,2875,4039
2023-07-18 10:40:45,23,24,2875,4039
2023-07-18 10:40:50,22,24,2875,4039
2023-07-18 10:40:52,22,25,2875,4039
2023-07-18 10:40:53,23,25,2875,4039
2023-07-18 10:41:06,24,25,2875,4039
2023-07-18 10:41:07,23,25,2875,4039
2023-07-18 10:41:12,23,26,2875,4039
2023-07-18 10:41:25,23,25,2875,4039
2023-07-18 10:41:58,22,25,2875,4039
2023-07-18 10:42:20,22,24,2875,4039
2023-07-18 10:42:28,22,25,2875,4039
2023-07-18 10:42:33,23,25,2875,4039
2023-07-18 10:42:40,22,25,2875,4039
2023-07-18 10:42:42,23,25,2875,4039
2023-07-18 10:42:46,22,25,2875,4039
2023-07-18 10:42:57,23,25,2875,4039
2023-07-18 10:43:25,22,25,2875,4039
2023-07-18 10:43:26,23,25,2875,4039
2023-07-18 10:43:27,22,25,2875,4039
2023-07-18 10:43:30,23,25,2875,4039
2023-07-18 10:43:38,22,25,2875,4039
2023-07-18 10:43:39,22,26,2875,4039
2023-07-18 10:43:39,23,26,2875,4039
2023-07-18 10:43:54,24,26,2875,4039
2023-07-18 10:44:06,25,26,2875,4039
2023-07-18 10:44:15,24,26,2875,4039
2023-07-18 10:45:15,25,26,2875,4039
2023-07-18 10:45:16,25,26,2675,4239
2023-07-18 10:45:16,25,26,2823,4439
2023-07-18 10:45:21,25,26,2823,4639
2023-07-18 10:45:22,25,26,2823,4839
2023-07-18 10:45:23,25,26,2623,5239
2023-07-18 10:45:23,25,26,2623,5589
2023-07-18 10:45:24,25,27,2623,5740
2023-07-18 10:45:24,26,27,2623,5740
2023-07-18 10:45:26,26,29,2623,5758
2023-07-18 10:45:27,27,29,2623,5758
2023-07-18 10:45:34,26,29,2623,5758
2023-07-18 10:45:34,27,29,2623,5758
2023-07-18 10:45:38,26,29,2623,5758
2023-07-18 10:46:00,26,28,2623,5758
2023-07-18 10:46:02,26,29,2623,5758
2023-07-18 10:46:39,26,28,2623,5758
2023-07-18 10:46:40,26,29,2623,5758
2023-07-18 10:46:53,26,28,2623,5758
2023-07-18 10:49:50,27,28,2623,5758
2023-07-18 10:49:59,27,29,2624,5759
2023-07-18 10:50:01,27,30,2627,5762
2023-07-18 10:50:05,27,29,2627,5762
2023-07-18 10:50:09,27,30,2627,5762
2023-07-18 10:50:09,27,29,2627,5762
2023-07-18 10:50:55,27,28,2627,5762
2023-07-18 10:50:59,26,28,2627,5762
2023-07-18 10:51:05,26,27,2627,5762
2023-07-18 10:51:07,26,28,2627,5962
2023-07-18 10:51:11,26,27,2627,5962
2023-07-18 10:51:12,26,28,2627,5962
2023-07-18 10:51:13,25,28,2627,5962
2023-07-18 10:51:14,25,27,2627,5962
2023-07-18 10:51:28,25,26,2627,5962
2023-07-18 10:51:45,24,26,2627,5962
2023-07-18 10:52:26,25,26,2627,5962
2023-07-18 10:52:37,25,27,2628,5963
2023-07-18 10:52:40,25,28,2628,5963
2023-07-18 10:52:45,26,28,2628,5963
2023-07-18 10:52:59,25,28,2628,5963
2023-07-18 10:53:19,25,27,2628,5963
2023-07-18 10:53:40,25,26,2628,5963
2023-07-18 10:53:46,24,26,2628,5963
2023-07-18 10:53:55,24,25,2628,5963
2023-07-18 10:53:57,24,26,2628,5963
2023-07-18 10:53:59,24,25,2628,5963
2023-07-18 10:54:02,23,25,2628,5963
2023-07-18 10:56:05,23,24,2628,5963
2023-07-18 10:56:09,23,25,2628,5963
2023-07-18 10:56:41,24,25,2628,5963
2023-07-18 10:56:48,23,25,2628,5963
2023-07-18 10:56:50,24,25,2628,5963
2023-07-18 10:56:54,24,26,2628,5963
2023-07-18 10:57:16,25,26,2628,5963
2023-07-18 10:57:23,25,27,2629,5964
2023-07-18 10:57:27,26,27,2629,5964
2023-07-18 10:57:29,26,28,2629,5964
2023-07-18 10:58:36,26,27,2629,5964
2023-07-18 10:58:49,25,27,2629,5964
2023-07-18 11:00:03,26,27,2629,5964
2023-07-18 11:00:13,26,28,2629,5964
2023-07-18 11:02:00,26,27,2629,5964
2023-07-18 11:02:02,25,26,2627,5966
2023-07-18 11:02:13,24,26,2627,5966
2023-07-18 11:02:51,25,26,2627,5966
2023-07-18 11:03:01,25,27,2627,5966
2023-07-18 11:03:16,25,28,2627,5966
2023-07-18 11:03:59,26,28,2627,5966
2023-07-18 11:04:30,27,28,2627,5966
2023-07-18 11:04:47,27,29,2627,5966
2023-07-18 11:04:57,29,30,2627,5967
2023-07-18 11:05:26,29,30,2427,6167
2023-07-18 11:05:28,27,30,2128,6466
2023-07-18 11:05:30,27,29,2128,6466
2023-07-18 11:07:34,27,28,2128,6466
2023-07-18 11:07:40,27,29,2128,6466
2023-07-18 11:07:42,28,29,2128,6466
2023-07-18 11:07:43,27,29,2128,6716
2023-07-18 11:07:43,26,29,2128,6716
2023-07-18 11:08:09,26,28,2128,6716
2023-07-18 11:08:13,26,29,2128,6716
2023-07-18 11:08:25,27,29,2128,6716
2023-07-18 11:08:30,26,29,2128,6716
2023-07-18 11:08:30,27,29,2128,6716
2023-07-18 11:11:11,28,29,2128,6716
2023-07-18 11:11:20,29,30,2129,6717
2023-07-18 11:11:24,29,31,2131,6719
2023-07-18 11:11:27,30,31,2131,6719
2023-07-18 11:12:04,29,31,2131,6719
2023-07-18 11:12:35,28,31,2131,6719
2023-07-18 11:12:52,28,30,2131,6719
2023-07-18 11:12:55,28,29,2131,6719
2023-07-18 11:13:03,27,28,2131,6720
2023-07-18 11:13:07,25,28,2131,6720
2023-07-18 11:13:11,26,28,2131,6720
2023-07-18 11:14:58,26,28,2481,7070
2023-07-18 11:15:00,26,28,2831,7420
2023-07-18 11:15:04,27,28,2831,7420
2023-07-18 11:15:05,27,28,3181,7770
2023-07-18 11:15:05,26,28,3181,7770
2023-07-18 11:15:09,27,28,3181,7770
2023-07-18 11:15:10,26,28,3181,7770
2023-07-18 11:15:18,27,28,3181,7770
2023-07-18 11:15:24,27,28,3531,8120
2023-07-18 11:15:27,27,28,3881,8470
2023-07-18 11:15:29,27,29,4133,8722
2023-07-18 11:15:31,28,29,4133,8722
2023-07-18 11:15:39,28,30,4133,8722
2023-07-18 11:15:51,30,31,4134,8723
2023-07-18 11:16:17,28,31,4134,8723
2023-07-18 11:16:44,28,31,4133,8724
2023-07-18 11:17:00,28,30,4133,8724
2023-07-18 11:17:28,28,29,4133,8724
2023-07-18 11:17:37,27,29,4133,8724
2023-07-18 11:18:26,28,29,4133,8724
2023-07-18 11:19:16,28,30,4133,8724
2023-07-18 11:19:16,28,31,4133,8724
2023-07-18 11:19:35,29,31,4133,8724
2023-07-18 11:19:56,28,31,4133,8724
2023-07-18 11:19:59,29,31,4133,8724
2023-07-18 11:20:04,28,31,4133,8724
2023-07-18 11:20:10,28,30,4133,8724
2023-07-18 11:21:00,28,29,4133,8724
2023-07-18 11:21:23,27,29,4133,8724
2023-07-18 11:21:58,28,29,4133,8724
2023-07-18 11:23:14,27,29,4133,8724
2023-07-18 11:23:58,28,29,4133,8724
2023-07-18 11:24:02,27,29,4133,8724
2023-07-18 11:24:29,28,29,4133,8724
2023-07-18 11:24:31,27,29,4133,8724
2023-07-18 11:24:33,28,29,4133,8724
2023-07-18 11:24:44,28,30,4133,8724
2023-07-18 11:24:58,27,30,4133,8724
2023-07-18 11:25:15,28,30,4133,8724
2023-07-18 11:25:19,29,30,4133,8724
2023-07-18 11:25:29,29,31,4133,8724
2023-07-18 11:25:33,28,31,4133,8724
2023-07-18 11:25:45,29,31,4133,8724
2023-07-18 11:25:46,28,31,4133,8724
2023-07-18 11:26:05,29,31,4133,8724
2023-07-18 11:26:09,28,31,4133,8724
2023-07-18 11:26:11,29,31,4133,8724
2023-07-18 11:26:13,28,31,4133,8724
2023-07-18 11:26:54,28,30,4133,8724
2023-07-18 11:27:13,28,29,4133,8724
2023-07-18 11:27:16,28,30,4133,8724
2023-07-18 11:27:19,27,30,4133,8724
2023-07-18 11:27:20,28,30,4133,8724
2023-07-18 11:27:28,27,30,4133,8724
2023-07-18 11:27:59,27,30,4937,9674
2023-07-18 11:28:02,27,29,4937,9674
2023-07-18 11:28:14,28,29,4937,9674
2023-07-18 11:28:44,27,29,4934,9677
2023-07-18 11:29:06,27,28,4934,9677
2023-07-18 11:29:06,26,27,4934,9678
2023-07-18 11:29:33,25,26,4934,9679
2023-07-18 11:29:42,24,25,4934,9680
2023-07-18 11:30:06,24,25,4684,9930
2023-07-18 11:30:12,23,25,4684,9930
2023-07-18 11:30:41,24,25,4684,9930
2023-07-18 11:30:43,25,26,4685,9931
2023-07-18 11:30:50,24,26,4685,9931
2023-07-18 11:30:59,25,26,4685,9931
2023-07-18 11:31:11,25,27,4685,9931
2023-07-18 11:31:12,26,27,4685,9931
2023-07-18 11:31:16,25,27,4685,9931
2023-07-18 11:31:18,26,27,4685,9931
2023-07-18 11:31:23,25,27,4685,9931
2023-07-18 11:31:24,24,27,4685,9931
2023-07-18 11:31:29,24,26,4685,9931
2023-07-18 11:31:31,24,25,4685,9931
2023-07-18 11:31:32,24,26,4685,9931
2023-07-18 11:31:34,24,25,4685,9931
2023-07-18 11:31:43,23,24,4685,9932
2023-07-18 11:31:46,22,23,4686,9933
2023-07-18 11:31:50,21,23,4686,9933
2023-07-18 11:31:52,21,24,4686,9933
2023-07-18 11:32:01,20,24,4834,10184
2023-07-18 11:32:01,20,23,4834,10184
2023-07-18 11:32:02,20,22,4834,10184
2023-07-18 11:32:17,21,22,4834,10184
2023-07-18 11:32:17,21,23,4834,10184
2023-07-18 11:32:22,22,23,4834,10184
2023-07-18 11:32:22,22,24,4834,10184
2023-07-18 11:32:26,23,24,4834,10184
2023-07-18 11:32:38,24,25,4833,10185
2023-07-18 11:32:43,24,26,4833,10185
2023-07-18 11:32:44,23,26,4833,10185
2023-07-18 11:32:44,23,25,4833,10185
2023-07-18 11:32:47,23,26,4833,10185
2023-07-18 11:32:47,23,25,4833,10185
2023-07-18 11:32:47,23,24,4833,10185
2023-07-18 11:32:55,22,23,4833,10186
2023-07-18 11:33:00,22,24,4833,10186
2023-07-18 11:33:00,22,25,4833,10186
2023-07-18 11:33:00,22,24,4833,10186
2023-07-18 11:33:03,23,24,4833,10186
2023-07-18 11:33:04,23,25,4833,10186
2023-07-18 11:33:08,24,25,4833,10186
2023-07-18 11:33:09,23,25,4833,10186
2023-07-18 11:33:13,24,25,4833,10186
2023-07-18 11:33:46,23,25,4833,10186
2023-07-18 11:33:48,23,24,4833,10186
2023-07-18 11:34:00,23,24,4779,10386
2023-07-18 11:34:00,23,25,4779,10386
2023-07-18 11:34:02,24,25,4779,10386
2023-07-18 11:34:04,25,26,4778,10387
2023-07-18 11:34:07,24,26,4778,10387
2023-07-18 11:34:09,25,26,4778,10387
2023-07-18 11:34:11,25,27,4778,10387
2023-07-18 11:34:12,26,27,4778,10387
2023-07-18 11:34:35,27,28,4778,10388
2023-07-18 11:34:36,28,29,4778,10389
2023-07-18 11:34:37,28,29,4729,10438
2023-07-18 11:34:38,26,29,4729,10438
2023-07-18 11:34:44,26,28,4729,10438
2023-07-18 11:34:45,26,29,4729,10438
2023-07-18 11:34:48,26,27,4729,10438
2023-07-18 11:34:59,26,28,4740,10449
2023-07-18 11:35:07,26,27,4740,10449
2023-07-18 11:35:15,25,26,4739,10450
2023-07-18 11:35:17,25,27,4739,10450
2023-07-18 11:35:42,26,27,4739,10450
2023-07-18 11:35:44,26,28,4739,10450
2023-07-18 11:35:47,27,28,4739,10450
2023-07-18 11:35:48,26,28,4739,10450
2023-07-18 11:35:50,27,28,4739,10450
2023-07-18 11:35:55,28,29,4739,10451
2023-07-18 11:36:00,27,29,4739,10451
2023-07-18 11:36:02,28,29,4739,10451
2023-07-18 11:36:05,28,30,4739,10451
2023-07-18 11:36:11,27,30,4739,10451
2023-07-18 11:36:13,28,30,4739,10451
2023-07-18 11:36:14,27,30,4739,10451
2023-07-18 11:36:16,28,30,4739,10451
2023-07-18 11:36:22,27,30,4739,10451
2023-07-18 11:36:33,28,30,4739,10451
2023-07-18 11:36:44,29,30,4739,10451
2023-07-18 11:36:56,29,31,4739,10451
2023-07-18 11:37:18,30,31,4739,10451
2023-07-18 11:37:34,31,32,4740,10452
2023-07-18 11:37:38,29,32,4890,10602
2023-07-18 11:37:40,28,32,4890,10602
2023-07-18 11:37:41,28,31,4890,10602
2023-07-18 11:37:42,27,31,4890,10602
2023-07-18 11:37:42,27,30,4890,10602
2023-07-18 11:37:44,27,31,4890,10602
2023-07-18 11:37:44,27,30,4890,10602
2023-07-18 11:37:56,28,30,4890,10602
2023-07-18 11:38:03,28,31,4890,10602
2023-07-18 11:38:04,29,31,4890,10602
2023-07-18 11:38:06,28,31,4890,10602
2023-07-18 11:38:07,29,31,4890,10602
2023-07-18 11:38:17,30,31,4890,10602
2023-07-18 11:38:34,29,31,4890,10602
2023-07-18 11:38:35,30,31,4890,10602
2023-07-18 11:38:41,31,32,4890,10603
2023-07-18 11:38:50,30,32,4890,10603
2023-07-18 11:38:53,31,32,4890,10603
2023-07-18 11:38:57,30,32,4890,10603
2023-07-18 11:39:02,31,32,4890,10603
2023-07-18 11:39:09,32,33,4893,10606
2023-07-18 11:39:12,32,33,4894,10806
2023-07-18 11:39:14,33,34,4894,10857
2023-07-18 11:39:17,32,34,4894,10857
2023-07-18 11:39:21,31,34,4894,10857
2023-07-18 11:39:33,32,34,4894,10857
2023-07-18 11:39:42,33,34,4894,10857
2023-07-18 11:39:58,33,35,4894,10857
2023-07-18 11:40:13,33,36,4894,10857
2023-07-18 11:40:15,34,36,4894,10857
2023-07-18 11:40:15,35,36,4894,10857
2023-07-18 11:40:18,34,36,4894,10857
2023-07-18 11:40:23,33,36,4894,10857
2023-07-18 11:40:28,34,36,4894,10857
2023-07-18 11:40:41,35,36,4894,10857
2023-07-18 11:40:45,35,37,4894,10857
2023-07-18 11:40:50,35,37,5014,10977
2023-07-18 11:41:03,35,37,5015,11007
2023-07-18 11:41:03,35,38,5015,11007
2023-07-18 11:41:03,34,38,5015,11007
2023-07-18 11:41:03,34,37,5015,11007
2023-07-18 11:41:03,34,36,5015,11007
2023-07-18 11:41:09,35,36,5015,11007
2023-07-18 11:41:09,35,38,5015,11007
2023-07-18 11:41:09,35,37,5015,11007
2023-07-18 11:41:28,36,37,5015,11007
2023-07-18 11:41:30,35,37,5015,11007
2023-07-18 11:41:32,36,37,5015,11007
2023-07-18 11:41:36,35,37,5015,11007
2023-07-18 11:41:38,36,37,5015,11007
2023-07-18 11:41:39,35,37,5015,11007
2023-07-18 11:41:43,35,36,5015,11007
2023-07-18 11:41:51,35,37,5015,11007
2023-07-18 11:41:52,35,36,5015,11007
2023-07-18 11:41:54,36,37,5016,11008
2023-07-18 11:42:01,35,37,5016,11008
2023-07-18 11:42:10,35,36,5016,11008
2023-07-18 11:42:15,36,37,5016,11099
2023-07-18 11:42:19,35,37,5016,11099
2023-07-18 11:42:28,35,38,5016,11099
2023-07-18 11:42:31,36,38,5016,11099
2023-07-18 11:42:35,37,38,5016,11099
2023-07-18 11:42:36,38,39,5017,11100
2023-07-18 11:42:41,39,40,5018,11101
2023-07-18 11:42:44,40,41,5020,11103
2023-07-18 11:42:48,41,42,5021,11104
2023-07-18 11:42:51,42,43,5022,11105
2023-07-18 11:42:54,41,43,5022,11105
2023-07-18 11:42:55,42,43,5022,11105
2023-07-18 11:42:56,41,43,5022,11105
2023-07-18 11:43:00,40,43,5022,11105
2023-07-18 11:43:00,40,42,5022,11105
2023-07-18 11:43:04,40,41,5022,11105
2023-07-18 11:43:05,40,42,5022,11105
2023-07-18 11:43:06,40,41,5022,11105
2023-07-18 11:43:18,39,41,5022,11105
2023-07-18 11:43:20,39,40,5022,11105
2023-07-18 11:43:20,37,40,5022,11109
2023-07-18 11:43:23,38,40,5022,11109
2023-07-18 11:43:23,38,41,5022,11109
2023-07-18 11:43:26,37,41,5022,11109
2023-07-18 11:43:34,37,40,5022,11109
2023-07-18 11:43:45,37,39,5022,11109
2023-07-18 11:43:50,37,40,5022,11109
2023-07-18 11:44:17,38,40,5022,11109
2023-07-18 11:44:18,39,40,5022,11109
2023-07-18 11:44:21,40,41,5023,11110
2023-07-18 11:44:30,41,42,5024,11111
2023-07-18 11:44:32,40,42,5024,11111
2023-07-18 11:44:33,41,42,5024,11111
2023-07-18 11:44:34,40,42,5024,11111
2023-07-18 11:44:35,41,42,5024,11111
2023-07-18 11:44:39,42,43,5025,11112
2023-07-18 11:44:43,43,44,5026,11113
2023-07-18 11:44:44,44,45,5027,11114
2023-07-18 11:44:44,44,45,5127,11214
2023-07-18 11:44:45,43,45,5127,11214
2023-07-18 11:44:46,42,45,5127,11214
2023-07-18 11:44:47,42,44,5127,11214
2023-07-18 11:44:48,41,44,5127,11214
2023-07-18 11:44:50,41,45,5282,11464
2023-07-18 11:44:50,41,44,5282,11464
2023-07-18 11:44:51,41,45,5532,11714
2023-07-18 11:44:51,41,44,5532,11714
2023-07-18 11:44:52,41,45,5783,11965
2023-07-18 11:44:53,41,45,6036,12365
2023-07-18 11:44:53,42,45,6036,12365
2023-07-18 11:44:54,42,45,6436,12765
2023-07-18 11:44:55,42,46,6786,13115
2023-07-18 11:44:56,42,45,6786,13115
2023-07-18 11:44:56,41,45,6786,13115
2023-07-18 11:44:58,41,46,6786,13315
2023-07-18 11:44:59,41,46,7037,13715
2023-07-18 11:45:00,41,47,7037,13715
2023-07-18 11:45:01,42,47,7330,14115
2023-07-18 11:45:02,43,47,7330,14115
2023-07-18 11:45:03,44,47,7330,14115
2023-07-18 11:45:03,44,46,7330,14115
2023-07-18 11:45:05,45,46,7330,14115
2023-07-18 11:45:05,45,47,7330,14115
2023-07-18 11:45:05,45,46,7330,14115
2023-07-18 11:45:19,46,47,7338,14216
2023-07-18 11:45:25,47,48,7339,14217
2023-07-18 11:45:40,48,49,7340,14218
2023-07-18 11:45:55,47,49,7340,14218
2023-07-18 11:45:56,48,49,7340,14218
2023-07-18 11:46:00,47,49,7340,14218
2023-07-18 11:46:03,48,49,7340,14218
2023-07-18 11:46:04,47,49,7340,14218
2023-07-18 11:46:05,48,49,7340,14218
2023-07-18 11:46:07,47,49,7340,14218
2023-07-18 11:46:09,47,48,7340,14218
2023-07-18 11:46:16,47,49,7340,14218
2023-07-18 11:46:16,47,48,7340,14218
2023-07-18 11:46:17,48,49,7341,14219
2023-07-18 11:46:20,48,49,7347,14225
2023-07-18 11:46:22,48,50,7347,14225
2023-07-18 11:46:31,48,49,7347,14225
2023-07-18 11:46:33,48,50,7347,14225
2023-07-18 11:46:40,49,50,7347,14225
2023-07-18 11:46:42,48,50,7347,14225
2023-07-18 11:46:44,49,50,7347,14225
2023-07-18 11:46:46,48,50,7347,14225
2023-07-18 11:46:47,49,50,7347,14225
2023-07-18 11:46:48,48,50,7347,14225
2023-07-18 11:46:49,49,50,7347,14225
2023-07-18 11:46:50,48,50,7347,14225
2023-07-18 11:46:51,49,50,7347,14225
2023-07-18 11:46:55,49,50,7347,14425
2023-07-18 11:47:00,50,51,7551,14659
2023-07-18 11:47:00,50,51,7602,14710
2023-07-18 11:47:02,50,51,7602,14810
2023-07-18 11:47:11,50,51,7602,14891
2023-07-18 11:47:34,51,52,7703,14992
2023-07-18 11:47:47,51,52,7704,14998
2023-07-18 11:47:49,51,52,7809,15198
2023-07-18 11:47:49,51,53,7809,15198
2023-07-18 11:47:51,52,53,7809,15198
2023-07-18 11:47:53,52,53,7809,15398
2023-07-18 11:48:00,53,54,7810,15399
2023-07-18 11:48:02,53,54,7810,15404
2023-07-18 11:48:02,52,54,7810,15407
2023-07-18 11:48:10,52,53,7810,15407
2023-07-18 11:48:10,52,53,7410,15807
2023-07-18 11:48:10,51,53,7410,15807
2023-07-18 11:48:16,51,52,7410,15807
2023-07-18 11:48:19,51,53,7410,15807
2023-07-18 11:48:19,51,53,7010,16207
2023-07-18 11:48:25,50,53,6691,16526
2023-07-18 11:48:25,51,53,6691,16526
2023-07-18 11:48:36,51,53,6890,16726
2023-07-18 11:48:36,50,53,6890,16726
2023-07-18 11:49:04,51,53,6890,16726
2023-07-18 11:49:08,51,53,7090,16926
2023-07-18 11:49:12,52,53,7090,16926
2023-07-18 11:49:23,53,54,7091,16936
2023-07-18 11:49:30,53,54,7291,17136
2023-07-18 11:49:32,54,55,7292,17237
2023-07-18 11:49:35,53,55,7292,17637
2023-07-18 11:49:37,52,55,7292,17637
2023-07-18 11:49:39,54,55,7292,18037
2023-07-18 11:49:40,52,55,7292,18237
2023-07-18 11:49:40,52,55,7293,18239
2023-07-18 11:50:36,52,54,7293,18239
2023-07-18 11:50:43,52,53,7293,18239
2023-07-18 11:50:47,52,54,7293,18239
2023-07-18 11:50:47,52,53,7293,18239
2023-07-18 11:50:59,51,53,7492,18439
2023-07-18 11:51:09,51,53,7492,18839
2023-07-18 11:51:35,51,54,7494,19021
2023-07-18 11:51:44,51,53,7494,19021
2023-07-18 11:52:45,50,53,7545,19075
2023-07-18 11:52:45,51,53,7545,19075
2023-07-18 11:53:15,50,53,7545,19075
2023-07-18 11:53:22,53,54,7423,19198
2023-07-18 11:53:23,53,54,7023,19598
2023-07-18 11:53:24,53,54,6623,19998
2023-07-18 11:53:24,50,54,6546,20075
2023-07-18 11:53:55,50,53,6546,20075
2023-07-18 11:53:56,50,54,6546,20075
2023-07-18 11:53:57,50,53,6546,20075
2023-07-18 11:54:17,49,50,6545,20326
2023-07-18 11:54:17,49,50,6545,20576
2023-07-18 11:54:38,49,51,6545,20576
2023-07-18 11:55:41,49,50,6545,20576
2023-07-18 11:55:50,48,49,6544,20577
2023-07-18 11:55:52,48,50,6544,20625
2023-07-18 11:56:25,48,49,6544,20625
2023-07-18 11:56:48,48,49,6544,21025
2023-07-18 11:56:48,47,49,6544,21025
2023-07-18 11:56:49,47,50,6545,21126
2023-07-18 11:57:02,47,51,6545,21126
2023-07-18 11:59:09,48,51,6545,21126
2023-07-18 12:00:43,48,52,6796,21377
2023-07-18 12:00:43,49,52,6796,21377
2023-07-18 12:00:43,49,51,6796,21377
2023-07-18 12:01:18,49,52,7047,21628
2023-07-18 12:01:43,50,52,7047,21628
2023-07-18 12:02:37,51,52,7047,21628
2023-07-18 12:15:26,51,53,7152,21733
2023-07-18 12:16:11,52,53,7152,21733
2023-07-18 12:18:58,52,54,7152,21733
2023-07-18 12:19:17,51,54,7152,21733
2023-07-18 12:19:17,53,54,7152,21733
2023-07-18 12:23:31,53,55,7152,21733
2023-07-18 12:23:31,54,55,7152,21733
2023-07-18 12:24:08,54,56,7152,21733
2023-07-18 12:24:09,53,56,7152,21733
2023-07-18 12:24:10,55,56,7152,21733
2023-07-18 12:27:26,55,56,7152,21933
2023-07-18 12:27:35,55,56,7152,22033
2023-07-18 12:28:10,53,56,7152,22033
2023-07-18 12:28:10,54,56,7152,22033
2023-07-18 12:28:11,54,55,7152,22033
2023-07-18 12:28:12,53,55,7152,22233
2023-07-18 12:28:14,52,55,7152,22233
2023-07-18 12:28:15,53,55,7152,22233
2023-07-18 12:28:28,53,54,7152,22233
2023-07-18 12:28:28,52,54,7152,22233
2023-07-18 12:28:38,52,55,7153,22234
2023-07-18 12:28:41,53,55,7153,22234
2023-07-18 12:28:45,52,55,7153,22234
2023-07-18 12:28:49,52,54,7153,22234
2023-07-18 12:28:54,52,53,7153,22234
2023-07-18 12:28:55,52,54,7153,22234
2023-07-18 12:28:56,52,53,7153,22234
2023-07-18 12:28:57,52,54,7153,22234
2023-07-18 12:28:58,52,53,7153,22234
2023-07-18 12:28:58,52,54,7153,22634
2023-07-18 12:29:08,52,53,7153,22634
2023-07-18 12:29:09,52,54,7153,22634
2023-07-18 12:29:10,52,53,7153,22634
2023-07-18 12:29:12,52,54,7153,22634
2023-07-18 12:29:14,51,54,7154,22637
2023-07-18 12:29:15,51,53,7154,22637
2023-07-18 12:29:52,51,52,7154,22637
2023-07-18 12:29:56,51,53,7154,22637
2023-07-18 12:30:02,51,52,7154,22637
2023-07-18 12:30:07,50,52,7153,22640
2023-07-18 12:30:09,49,52,7153,22640
2023-07-18 12:30:16,50,52,7153,22640
2023-07-18 12:30:21,51,52,7153,22640
2023-07-18 12:30:25,50,52,7153,22640
2023-07-18 12:30:34,51,52,7153,22640
2023-07-18 12:30:37,51,52,7156,22643
2023-07-18 12:30:38,50,52,7156,22643
2023-07-18 12:31:28,49,52,7156,22643
2023-07-18 12:31:34,50,52,7156,22643
2023-07-18 12:31:47,51,52,7156,22643
2023-07-18 12:31:47,52,53,7157,22647
2023-07-18 12:31:49,51,53,7157,22647
2023-07-18 12:32:01,52,53,7157,22647
2023-07-18 12:32:03,53,54,7158,22648
2023-07-18 12:32:08,53,54,7161,22651
2023-07-18 12:32:09,52,54,7161,22651
2023-07-18 12:32:13,51,54,7161,22651
2023-07-18 12:32:22,51,53,7161,22651
2023-07-18 12:32:22,50,53,7161,22651
2023-07-18 12:32:25,50,52,7161,22651
2023-07-18 12:32:26,50,53,7161,22651
2023-07-18 12:33:16,50,52,7161,22651
2023-07-18 12:33:27,50,53,7161,22651
2023-07-18 12:33:28,50,52,7161,22651
2023-07-18 12:33:30,50,51,7161,22651
2023-07-18 12:33:31,50,52,7161,22651
2023-07-18 12:33:33,50,51,7161,22651
2023-07-18 12:33:34,50,52,7161,22651
2023-07-18 12:33:35,50,51,7161,22651
2023-07-18 12:33:52,49,51,7161,22653
2023-07-18 12:34:17,48,51,7159,22880
2023-07-18 12:34:17,48,50,7159,22880
2023-07-18 12:34:24,48,51,7160,23106
2023-07-18 12:34:31,48,50,7160,23106
2023-07-18 12:34:33,48,51,7160,23106
2023-07-18 12:34:33,48,50,7160,23106
2023-07-18 12:34:48,48,49,7160,23106
2023-07-18 12:34:56,47,48,7159,23107
2023-07-18 12:34:58,47,49,7159,23107
2023-07-18 12:35:06,47,48,7159,23107
2023-07-18 12:35:07,47,49,7159,23307
2023-07-18 12:35:09,47,48,7159,23307
2023-07-18 12:35:14,47,49,7160,23508
2023-07-18 12:35:23,47,48,7160,23508
2023-07-18 12:35:25,47,49,7160,23508
2023-07-18 12:35:33,47,49,7161,23858
2023-07-18 12:35:36,47,50,7161,23909
2023-07-18 12:35:45,47,49,7161,23909
2023-07-18 12:35:46,47,50,7411,24159
2023-07-18 12:35:46,47,49,7411,24159
2023-07-18 12:35:49,47,50,7411,24159
2023-07-18 12:35:51,47,49,7411,24159
2023-07-18 12:36:01,47,50,7411,24159
2023-07-18 12:36:08,48,50,7411,24159
2023-07-18 12:36:10,49,50,7411,24159
2023-07-18 12:36:11,49,50,7413,24161
2023-07-18 12:36:12,48,50,7413,24161
2023-07-18 12:36:31,48,49,7413,24161
2023-07-18 12:36:42,47,48,7412,24162
2023-07-18 12:36:43,47,49,7412,24162
2023-07-18 12:36:44,47,49,7212,24362
2023-07-18 12:36:44,46,49,7212,24362
2023-07-18 12:36:44,46,48,7212,24362
2023-07-18 12:36:44,47,48,7212,24362
2023-07-18 12:36:49,47,49,7212,24362
2023-07-18 12:36:50,46,49,7212,24366
2023-07-18 12:36:52,45,49,7212,24366
2023-07-18 12:36:52,47,49,7212,24366
2023-07-18 12:36:59,47,48,7212,24366
2023-07-18 12:37:00,47,49,7212,24366
2023-07-18 12:37:15,47,48,7212,24366
2023-07-18 12:37:22,47,49,7212,24366
2023-07-18 12:37:25,48,49,7212,24366
2023-07-18 12:37:29,47,49,7212,24366
2023-07-18 12:37:40,48,49,7212,24366
2023-07-18 12:37:56,48,49,7212,24368
2023-07-18 12:38:03,47,48,7161,24419
2023-07-18 12:38:03,46,48,7161,24419
2023-07-18 12:38:10,46,47,7161,24419
2023-07-18 12:38:10,45,47,7161,24419
2023-07-18 12:38:10,45,47,7164,24422
2023-07-18 12:38:21,45,46,7164,24422
2023-07-18 12:38:22,45,47,7164,24422
2023-07-18 12:38:24,45,46,7164,24422
2023-07-18 12:39:08,45,47,7165,24423
2023-07-18 12:39:24,46,47,7165,24423
2023-07-18 12:39:34,47,48,7166,24424
2023-07-18 12:39:39,46,48,7166,24424
2023-07-18 12:40:00,47,48,7166,24424
2023-07-18 12:40:01,46,48,7166,24424
2023-07-18 12:40:02,46,49,7167,24428
2023-07-18 12:40:08,45,49,7167,24428
2023-07-18 12:40:14,46,49,7167,24428
2023-07-18 12:40:18,46,49,7167,24448
2023-07-18 12:40:18,46,48,7167,24448
2023-07-18 12:40:25,46,47,7167,24448
2023-07-18 12:40:47,45,47,7166,24449
2023-07-18 12:40:55,46,47,7166,24449
2023-07-18 12:41:05,47,48,7167,24450
2023-07-18 12:41:31,46,48,7167,24450
2023-07-18 12:41:37,47,48,7167,24450
2023-07-18 12:41:40,46,48,7167,24450
2023-07-18 12:41:43,47,48,7167,24450
2023-07-18 12:41:50,46,48,7167,24450
2023-07-18 12:41:55,46,47,7167,24450
2023-07-18 12:42:01,46,48,7167,24450
2023-07-18 12:42:17,46,47,7167,24450
2023-07-18 12:42:22,46,48,7167,24450
2023-07-18 12:42:22,46,47,7167,24450
2023-07-18 12:42:37,47,48,7168,24451
2023-07-18 12:42:38,48,49,7169,24452
2023-07-18 12:42:50,47,49,7169,24452
2023-07-18 12:43:04,48,49,7169,24452
2023-07-18 12:43:17,49,50,7170,24453
2023-07-18 12:43:22,48,50,7170,24453
2023-07-18 12:43:44,49,50,7170,24453
2023-07-18 12:43:46,48,50,7170,24453
2023-07-18 12:43:49,49,50,7170,24453
2023-07-18 12:43:50,48,50,7170,24453
2023-07-18 12:43:56,49,50,7170,24453
2023-07-18 12:44:04,48,50,7170,24453
2023-07-18 12:44:09,47,50,7170,24453
2023-07-18 12:44:10,48,50,7170,24453
2023-07-18 12:44:15,47,50,7170,24453
2023-07-18 12:44:16,47,49,7170,24453
2023-07-18 12:44:46,47,48,7170,24453
2023-07-18 12:44:58,46,47,7169,24454
2023-07-18 12:45:34,47,48,7170,24455
2023-07-18 12:46:00,45,46,7167,24558
2023-07-18 12:46:01,45,47,7167,24558
2023-07-18 12:46:02,46,47,7167,24558
2023-07-18 12:46:08,45,46,7166,24559
2023-07-18 12:46:24,45,47,7166,24559
2023-07-18 12:46:24,45,46,7166,24559
2023-07-18 12:46:25,46,47,7167,24560
2023-07-18 12:46:28,45,47,7167,24560
2023-07-18 12:46:32,46,47,7167,24560
2023-07-18 12:46:45,45,47,7167,24560
2023-07-18 12:46:46,46,47,7167,24560
2023-07-18 12:46:51,47,48,7168,24561
2023-07-18 12:46:52,47,48,7172,24565
2023-07-18 12:47:17,46,48,7172,24565
2023-07-18 12:47:25,47,48,7172,24565
2023-07-18 12:47:26,46,48,7172,24565
2023-07-18 12:47:27,47,48,7172,24565
2023-07-18 12:47:31,48,49,7173,24566
2023-07-18 12:48:03,49,50,7174,24567
2023-07-18 12:48:11,48,50,7174,24567
2023-07-18 12:48:15,50,51,7175,24588
2023-07-18 12:48:18,49,51,7175,24588
2023-07-18 12:48:26,50,51,7175,24588
2023-07-18 12:48:30,51,52,7176,24589
2023-07-18 12:48:32,50,52,7176,24589
2023-07-18 12:48:54,51,52,7176,24589
2023-07-18 12:48:55,50,52,7176,24589
2023-07-18 12:49:05,51,52,7176,24589
2023-07-18 12:49:07,52,53,7177,24590
2023-07-18 12:49:09,51,53,7177,24590
2023-07-18 12:49:13,50,53,7177,24590
2023-07-18 12:49:18,50,52,7177,24590
2023-07-18 12:49:28,50,51,7177,24590
2023-07-18 12:49:38,50,52,7177,24590
2023-07-18 12:49:40,49,52,7177,24590
2023-07-18 12:49:40,49,51,7177,24590
2023-07-18 12:50:05,50,51,7177,24590
2023-07-18 12:50:12,51,52,7178,24591
2023-07-18 12:50:13,50,52,7178,24591
2023-07-18 12:50:15,51,52,7178,24591
2023-07-18 12:50:22,52,53,7179,24592
2023-07-18 12:50:25,51,53,7179,24592
2023-07-18 12:50:29,50,53,7179,24592
2023-07-18 12:50:43,51,53,7179,24592
2023-07-18 12:50:44,50,53,7179,24592
2023-07-18 12:50:47,51,53,7179,24592
2023-07-18 12:50:52,50,53,7179,24592
2023-07-18 12:50:58,51,53,7179,24592
2023-07-18 12:51:13,50,53,7179,24592
2023-07-18 12:51:42,50,52,7179,24592
2023-07-18 12:51:47,50,53,7179,24592
2023-07-18 12:51:50,51,53,7179,24592
2023-07-18 12:51:57,50,53,7179,24592
2023-07-18 12:51:59,51,53,7179,24592
2023-07-18 12:52:03,50,53,7179,24592
2023-07-18 12:52:09,51,53,7179,24592
2023-07-18 12:52:42,52,53,7179,24592
2023-07-18 12:52:49,53,54,7180,24593
2023-07-18 12:52:55,54,55,7181,24594
2023-07-18 12:53:01,55,56,7182,24595
2023-07-18 12:53:01,55,56,7190,24603
2023-07-18 12:53:01,55,56,7198,24611
2023-07-18 12:53:02,56,57,7299,24712
2023-07-18 12:53:03,55,57,7299,24712
2023-07-18 12:53:11,54,57,7299,24712
2023-07-18 12:53:12,55,57,7299,24712
2023-07-18 12:53:23,57,58,7400,24813
2023-07-18 12:53:23,57,58,7410,24823
2023-07-18 12:53:23,57,58,7420,24833
2023-07-18 12:53:23,57,58,7430,24843
2023-07-18 12:53:24,55,58,7430,24843
2023-07-18 12:53:24,55,57,7430,24843
2023-07-18 12:53:24,55,58,7430,24843
2023-07-18 12:53:24,55,57,7430,24843
2023-07-18 12:53:25,57,58,7530,24943
2023-07-18 12:53:26,55,58,7530,24943
2023-07-18 12:53:26,56,58,7530,24943
2023-07-18 12:53:29,57,58,7587,25000
2023-07-18 12:53:35,56,58,7587,25000
2023-07-18 12:53:36,57,58,7587,25000
2023-07-18 12:53:37,56,58,7587,25000
2023-07-18 12:53:46,55,58,7587,25000
2023-07-18 12:53:54,56,58,7587,25000
2023-07-18 12:54:11,57,58,7587,25000
2023-07-18 12:54:21,56,58,7587,25000
2023-07-18 12:54:26,57,58,7587,25000
2023-07-18 12:54:28,56,58,7587,25000
2023-07-18 12:54:32,57,58,7587,25000
2023-07-18 12:54:34,56,58,7587,25000
2023-07-18 12:54:44,57,58,7587,25000
2023-07-18 12:54:50,58,59,7588,25001
2023-07-18 12:54:50,57,59,7588,25200
2023-07-18 12:54:53,56,59,7588,25200
2023-07-18 12:54:53,58,59,7588,25200
2023-07-18 12:54:55,57,59,7588,25200
2023-07-18 12:54:56,58,59,7588,25200
2023-07-18 12:54:58,57,59,7588,25400
2023-07-18 12:55:00,58,59,7588,25400
2023-07-18 12:55:03,57,59,7588,25400
2023-07-18 12:55:07,56,59,7588,25400
2023-07-18 12:55:12,57,59,7588,25400
2023-07-18 12:55:17,56,59,7588,25400
2023-07-18 12:55:22,57,59,7588,25400
2023-07-18 12:55:35,56,59,7588,25400
2023-07-18 12:55:37,56,58,7588,25400
2023-07-18 12:55:47,57,58,7588,25400
2023-07-18 12:55:47,57,58,7604,25416
2023-07-18 12:55:48,56,58,7604,25416
2023-07-18 12:56:00,56,57,7604,25416
2023-07-18 12:56:13,56,58,7604,25416
2023-07-18 12:56:29,57,58,7604,25416
2023-07-18 12:56:33,58,59,7605,25417
2023-07-18 12:56:36,57,59,7605,25417
2023-07-18 12:56:36,57,59,7805,25617
2023-07-18 12:56:36,57,59,7806,25618
2023-07-18 12:56:36,57,59,7807,25619
2023-07-18 12:56:36,58,60,7807,25619
2023-07-18 12:56:39,58,59,7807,25619
2023-07-18 12:56:40,58,60,7807,25619
2023-07-18 12:56:40,58,60,7808,25620
2023-07-18 12:56:46,59,60,7808,25620
2023-07-18 12:56:47,58,60,7808,25620
2023-07-18 12:56:47,59,60,7808,25620
2023-07-18 12:56:47,59,60,8008,25820
2023-07-18 12:56:51,58,60,8008,25820
2023-07-18 12:57:01,58,59,8008,25820
2023-07-18 12:57:01,58,59,8008,25822
2023-07-18 12:57:03,58,60,8008,25822
2023-07-18 12:57:04,58,59,8008,25822
2023-07-18 12:57:12,58,59,7808,26022
2023-07-18 12:58:07,58,59,7808,26122
2023-07-18 12:58:43,57,58,7708,26222
2023-07-18 12:58:56,56,57,7708,26223
2023-07-18 12:59:04,55,56,7705,26226
2023-07-18 12:59:12,54,55,7702,26229
2023-07-18 12:59:13,54,56,7702,26229
2023-07-18 12:59:16,54,56,7701,26429
2023-07-18 12:59:16,54,56,7702,26829
2023-07-18 12:59:22,53,56,7702,26829
2023-07-18 12:59:23,54,56,7702,26829
2023-07-18 12:59:27,55,56,7702,26829
2023-07-18 12:59:29,54,56,7702,26829
2023-07-18 12:59:38,55,56,7702,26829
2023-07-18 12:59:42,56,57,7703,26830
2023-07-18 12:59:46,55,57,7703,26830
2023-07-18 12:59:50,56,57,7703,26830
2023-07-18 12:59:52,55,57,7703,26830
2023-07-18 12:59:55,56,57,7703,26830
2023-07-18 12:59:56,55,57,7703,26830
2023-07-18 12:59:58,56,57,7703,26830
2023-07-18 12:59:59,55,57,7703,26830
2023-07-18 13:00:08,54,57,7703,26830
2023-07-18 13:00:08,54,56,7703,26830
2023-07-18 13:00:16,54,55,7703,26830
2023-07-18 13:00:29,53,55,7703,26830
2023-07-18 13:00:29,53,54,7703,26830
2023-07-18 13:00:34,52,53,7703,26930
2023-07-18 13:00:35,52,54,7703,26930
2023-07-18 13:00:38,52,53,7703,26930
2023-07-18 13:00:45,50,51,7701,27032
2023-07-18 13:00:45,50,52,7701,27130
2023-07-18 13:00:46,51,52,7701,27130
2023-07-18 13:00:47,50,52,7701,27130
2023-07-18 13:00:48,51,52,7701,27130
2023-07-18 13:01:44,51,53,7703,27132
2023-07-18 13:01:59,51,52,7703,27132
2023-07-18 13:03:27,52,53,7704,27133
2023-07-18 13:03:32,51,53,7704,27133
2023-07-18 13:03:34,52,53,7704,27133
2023-07-18 13:03:35,51,53,7704,27133
2023-07-18 13:04:04,52,53,7704,27133
2023-07-18 13:04:08,51,53,7704,27133
2023-07-18 13:04:08,52,53,7704,27133
2023-07-18 13:04:22,51,52,7703,27134
2023-07-18 13:04:25,50,52,7703,27134
2023-07-18 13:04:26,51,52,7703,27134
2023-07-18 13:04:29,50,51,7703,27234
2023-07-18 13:04:30,49,50,7699,27238
2023-07-18 13:04:38,49,51,7750,27483
2023-07-18 13:05:11,49,50,7750,27483
2023-07-18 13:05:12,49,51,7750,27483
2023-07-18 13:05:35,49,50,7750,27483
2023-07-18 13:05:45,48,50,7750,27483
2023-07-18 13:06:00,48,49,7750,27483
2023-07-18 13:06:28,47,49,7750,27483
2023-07-18 13:06:32,47,48,7750,27483
2023-07-18 13:06:35,45,46,7739,27494
2023-07-18 13:06:36,45,46,7739,27683
2023-07-18 13:06:37,45,48,7739,27683
2023-07-18 13:06:39,44,48,7737,27685
2023-07-18 13:06:49,45,48,7737,27685
2023-07-18 13:06:54,44,48,7737,27685
2023-07-18 13:06:58,44,47,7737,27685
2023-07-18 13:07:08,44,48,7737,27685
2023-07-18 13:07:08,44,47,7737,27685
2023-07-18 13:07:21,45,47,7737,27685
2023-07-18 13:07:22,46,47,7737,27685
2023-07-18 13:07:26,46,48,7737,27685
2023-07-18 13:07:38,45,48,7737,27685
2023-07-18 13:07:46,46,48,7737,27685
2023-07-18 13:07:48,45,48,7737,27685
2023-07-18 13:08:11,44,48,7737,27685
2023-07-18 13:08:11,44,47,7737,27685
2023-07-18 13:08:16,45,47,7737,27685
2023-07-18 13:08:17,44,47,7737,27685
2023-07-18 13:08:17,44,48,7737,27685
2023-07-18 13:08:18,44,47,7737,27685
2023-07-18 13:08:28,45,47,7737,27685
2023-07-18 13:08:36,44,47,7737,27685
2023-07-18 13:08:54,44,46,7737,27685
2023-07-18 13:08:54,43,46,7737,27685
2023-07-18 13:08:55,43,47,7737,27685
2023-07-18 13:09:00,43,46,7737,27685
2023-07-18 13:09:02,44,46,7737,27685
2023-07-18 13:09:02,44,47,7737,27685
2023-07-18 13:09:05,45,47,7737,27685
2023-07-18 13:09:08,44,47,7737,27685
2023-07-18 13:09:13,44,46,7737,27685
2023-07-18 13:09:15,44,47,7737,27685
2023-07-18 13:09:17,44,46,7737,27685
2023-07-18 13:09:21,43,46,7737,27685
2023-07-18 13:09:21,43,45,7737,27685
2023-07-18 13:09:22,42,45,7736,27936
2023-07-18 13:09:22,43,45,7736,27936
2023-07-18 13:09:23,42,45,7736,28186
2023-07-18 13:09:25,41,45,7734,28438
2023-07-18 13:09:25,42,45,7734,28438
2023-07-18 13:09:27,43,45,7734,28438
2023-07-18 13:09:28,44,45,7734,28438
2023-07-18 13:09:43,44,46,7735,28439
2023-07-18 13:09:45,44,46,7736,28789
2023-07-18 13:09:50,44,46,7736,29139
2023-07-18 13:10:13,44,47,7737,29191
2023-07-18 13:10:45,45,47,7737,29191
2023-07-18 13:10:47,44,47,7737,29191
2023-07-18 13:10:54,45,47,7737,29191
2023-07-18 13:10:59,44,47,7737,29191
2023-07-18 13:11:44,44,46,7737,29191
2023-07-18 13:11:48,44,47,7737,29191
2023-07-18 13:11:59,44,46,7737,29191
2023-07-18 13:12:04,44,47,7737,29191
2023-07-18 13:12:13,44,46,7737,29191
2023-07-18 13:12:17,44,45,7737,29191
2023-07-18 13:12:22,43,44,7735,29193
2023-07-18 13:12:24,43,45,7735,29193
2023-07-18 13:12:26,43,44,7735,29193
2023-07-18 13:12:28,43,45,7735,29193
2023-07-18 13:12:29,43,44,7735,29193
2023-07-18 13:12:30,42,43,7734,29194
2023-07-18 13:12:31,41,43,7733,29445
2023-07-18 13:12:33,40,43,7683,29745
2023-07-18 13:12:33,40,41,7683,29745
2023-07-18 13:12:34,40,41,7283,30145
2023-07-18 13:12:37,40,43,7333,30295
2023-07-18 13:12:38,41,43,7333,30295
2023-07-18 13:12:39,41,42,7333,30295
2023-07-18 13:12:39,40,42,7433,30395
2023-07-18 13:12:41,41,42,7433,30395
2023-07-18 13:12:42,41,43,7433,30395
2023-07-18 13:12:43,42,43,7433,30395
2023-07-18 13:12:45,41,42,7433,30495
2023-07-18 13:12:45,41,42,7533,30595
2023-07-18 13:12:45,40,42,7633,30695
2023-07-18 13:12:49,41,42,7633,30695
2023-07-18 13:13:03,40,42,7633,30695
2023-07-18 13:13:04,40,41,7633,30695
2023-07-18 13:13:04,40,42,7633,30795
2023-07-18 13:13:05,40,42,7233,31195
2023-07-18 13:13:05,40,41,7233,31195
2023-07-18 13:13:06,40,42,7233,31295
2023-07-18 13:13:06,40,41,7233,31295
2023-07-18 13:13:09,40,42,7233,31395
2023-07-18 13:13:10,41,42,7233,31395
2023-07-18 13:13:12,41,42,7233,31745
2023-07-18 13:13:14,41,43,7234,31896
2023-07-18 13:13:27,42,43,7234,31896
2023-07-18 13:13:31,43,44,7235,31897
2023-07-18 13:13:33,42,44,7235,31897
2023-07-18 13:13:35,43,44,7235,31897
2023-07-18 13:13:43,42,44,7235,31897
2023-07-18 13:13:45,43,44,7235,31897
2023-07-18 13:13:51,42,44,7235,31897
2023-07-18 13:13:58,43,44,7235,31897
2023-07-18 13:13:59,44,45,7236,31898
2023-07-18 13:14:06,43,45,7236,31898
2023-07-18 13:14:07,43,44,7236,31898
2023-07-18 13:14:07,42,44,7236,31898
2023-07-18 13:14:07,41,44,7236,31898
2023-07-18 13:14:10,42,44,7236,31898
2023-07-18 13:14:12,42,43,7236,31898
2023-07-18 13:14:16,41,43,7236,31898
2023-07-18 13:14:17,42,43,7236,31898
2023-07-18 13:14:19,41,43,7236,31898
2023-07-18 13:14:20,41,42,7236,31898
2023-07-18 13:14:22,41,43,7236,31898
2023-07-18 13:14:22,41,42,7236,31898
2023-07-18 13:14:22,41,43,7236,31898
2023-07-18 13:14:27,41,42,7236,31898
2023-07-18 13:14:29,40,41,7235,31899
2023-07-18 13:14:42,41,42,7237,31901
2023-07-18 13:14:44,40,42,7237,31901
2023-07-18 13:15:38,40,41,7237,31901
2023-07-18 13:15:40,40,41,7037,32101
2023-07-18 13:15:42,40,41,7037,32251
2023-07-18 13:15:44,39,41,6941,32347
2023-07-18 13:15:44,39,40,6941,32347
2023-07-18 13:15:49,39,40,6941,32349
2023-07-18 13:15:49,39,41,6941,32349
2023-07-18 13:15:56,38,41,6941,32350
2023-07-18 13:16:11,38,40,6941,32350
2023-07-18 13:16:12,38,41,6941,32350
2023-07-18 13:16:13,38,40,6941,32350
2023-07-18 13:16:21,38,41,6941,32350
2023-07-18 13:16:25,38,40,6941,32350
2023-07-18 13:16:28,38,41,6941,32350
2023-07-18 13:16:29,37,41,6940,32601
2023-07-18 13:16:29,39,41,6940,32601
2023-07-18 13:16:30,38,41,6940,32601
2023-07-18 13:16:30,38,40,6940,32601
2023-07-18 13:16:30,39,40,6940,32601
2023-07-18 13:16:31,38,40,6940,32851
2023-07-18 13:16:31,39,40,6940,32851
2023-07-18 13:16:32,38,40,6940,33101
2023-07-18 13:16:33,37,40,7155,33501
2023-07-18 13:16:34,38,40,7155,33501
2023-07-18 13:16:35,38,41,7455,33801
2023-07-18 13:16:36,38,40,7455,33801
2023-07-18 13:16:38,38,41,7555,33901
2023-07-18 13:16:39,38,41,7656,34251
2023-07-18 13:16:45,38,40,7656,34251
2023-07-18 13:16:45,38,41,7756,34351
2023-07-18 13:16:50,39,41,7756,34351
2023-07-18 13:16:50,39,40,7756,34351
2023-07-18 13:16:51,39,41,7856,34451
2023-07-18 13:16:52,40,41,7856,34451
2023-07-18 13:16:53,40,42,7857,34452
2023-07-18 13:16:55,40,42,7858,34802
2023-07-18 13:16:56,41,42,7858,34802
2023-07-18 13:16:56,41,43,7858,34802
2023-07-18 13:16:59,40,43,7858,34802
2023-07-18 13:17:00,40,42,7858,34802
2023-07-18 13:17:01,40,42,7458,35202
2023-07-18 13:17:01,40,43,7458,35204
2023-07-18 13:17:09,40,43,7458,35229
2023-07-18 13:17:11,40,42,7458,35229
2023-07-18 13:17:12,40,41,7458,35229
2023-07-18 13:17:14,40,42,7558,35329
2023-07-18 13:17:20,40,43,7558,35329
2023-07-18 13:17:27,40,42,7558,35329
2023-07-18 13:17:33,40,41,7558,35329
2023-07-18 13:17:40,39,40,7558,35330
2023-07-18 13:17:45,39,41,7558,35330
2023-07-18 13:17:47,39,40,7558,35330
2023-07-18 13:17:48,39,41,7558,35330
2023-07-18 13:17:49,39,40,7558,35330
2023-07-18 13:18:15,40,41,7558,35331
2023-07-18 13:18:20,40,42,7558,35331
2023-07-18 13:18:33,40,41,7558,35331
2023-07-18 13:18:36,40,42,7558,35331
2023-07-18 13:19:04,41,42,7558,35331
2023-07-18 13:19:08,40,42,7558,35331
2023-07-18 13:19:12,40,43,7558,35331
2023-07-18 13:19:16,40,42,7558,35331
2023-07-18 13:19:17,40,41,7558,35331
2023-07-18 13:19:18,40,42,7558,35331
2023-07-18 13:19:19,41,42,7558,35331
2023-07-18 13:19:19,41,43,7558,35331
2023-07-18 13:19:24,42,43,7558,35331
2023-07-18 13:19:33,42,43,7558,35333
2023-07-18 13:19:34,43,44,7558,35334
2023-07-18 13:19:43,44,45,7558,35335
2023-07-18 13:19:45,43,45,7558,35335
2023-07-18 13:20:33,44,45,7558,35335
2023-07-18 13:20:34,45,46,7558,35336
2023-07-18 13:20:35,46,47,7558,35337
2023-07-18 13:20:36,46,48,7558,35588
2023-07-18 13:20:37,46,48,7558,35988
2023-07-18 13:20:37,46,47,7558,35988
2023-07-18 13:20:38,46,48,7558,35988
2023-07-18 13:21:01,47,48,7558,35988
2023-07-18 13:21:11,47,49,7558,35988
2023-07-18 13:21:13,48,49,7558,35988
2023-07-18 13:21:14,49,50,7558,35989
2023-07-18 13:21:15,49,51,7725,36240
2023-07-18 13:21:16,50,51,7725,36240
2023-07-18 13:21:16,50,51,8125,36640
2023-07-18 13:21:17,50,52,8226,36741
2023-07-18 13:21:18,51,52,8226,36741
2023-07-18 13:21:18,51,53,8477,36992
2023-07-18 13:21:20,52,53,8477,36992
2023-07-18 13:21:20,50,53,8477,37192
2023-07-18 13:21:21,51,53,8477,37192
2023-07-18 13:21:21,50,53,8477,37292
2023-07-18 13:21:23,50,53,8480,37295
2023-07-18 13:21:29,50,51,8480,37295
2023-07-18 13:21:30,50,53,8580,37395
2023-07-18 13:21:41,50,52,8580,37395
2023-07-18 13:21:43,51,52,8580,37395
2023-07-18 13:21:44,51,53,8580,37395
2023-07-18 13:21:56,51,52,8580,37395
2023-07-18 13:22:00,50,52,8580,37395
2023-07-18 13:22:00,50,53,8580,37395
2023-07-18 13:22:00,50,51,8580,37395
2023-07-18 13:22:01,50,53,8630,37445
2023-07-18 13:22:01,50,52,8630,37445
2023-07-18 13:22:07,50,51,8630,37445
2023-07-18 13:22:08,50,52,8780,37595
2023-07-18 13:22:19,50,52,8780,38595
2023-07-18 13:22:23,51,52,8780,38595
2023-07-18 13:22:26,50,52,8780,38595
2023-07-18 13:22:27,51,52,8780,38595
2023-07-18 13:22:28,50,52,8780,38595
2023-07-18 13:22:31,51,52,8780,38595
2023-07-18 13:22:37,51,53,8831,38646
2023-07-18 13:22:43,51,52,8831,38646
2023-07-18 13:22:44,50,52,8831,38646
2023-07-18 13:22:47,51,52,8831,38646
2023-07-18 13:22:48,51,52,8581,38996
2023-07-18 13:22:54,50,52,8581,38996
2023-07-18 13:23:04,50,51,8581,38996
2023-07-18 13:23:16,50,51,8581,38998
2023-07-18 13:23:34,51,52,8582,38999
2023-07-18 13:23:35,52,53,8583,39000
2023-07-18 13:23:36,52,54,8884,39301
2023-07-18 13:23:37,52,55,9135,39552
2023-07-18 13:23:37,53,55,9138,39555
2023-07-18 13:23:38,54,55,9138,39555
2023-07-18 13:23:38,54,55,9488,39955
2023-07-18 13:23:38,54,56,9488,39955
2023-07-18 13:23:38,53,56,9588,40055
2023-07-18 13:23:38,53,55,9588,40055
2023-07-18 13:23:39,53,56,9838,40305
2023-07-18 13:23:40,53,56,9838,40305
2023-07-18 13:23:44,53,54,9838,40305
2023-07-18 13:23:52,53,55,9838,40305
2023-07-18 13:23:52,52,53,9838,40306
2023-07-18 13:24:27,51,53,9838,40307
2023-07-18 13:24:28,51,52,9838,40307
2023-07-18 13:24:33,51,53,9838,40307
2023-07-18 13:24:38,52,53,9838,40307
2023-07-18 13:24:38,52,53,9838,40312
2023-07-18 13:24:40,52,53,9838,40317
2023-07-18 13:24:49,51,53,9838,40317
2023-07-18 13:24:49,53,54,9838,40318
2023-07-18 13:24:58,52,54,9838,40318
2023-07-18 13:24:58,54,55,9838,40319
2023-07-18 13:25:02,52,55,9838,40319
2023-07-18 13:25:02,53,55,9838,40319
2023-07-18 13:25:08,53,54,9838,40319
2023-07-18 13:25:19,53,55,9838,40319
2023-07-18 13:25:19,53,54,9838,40319
2023-07-18 13:25:29,53,55,9838,40319
2023-07-18 13:25:29,53,54,9838,40319
2023-07-18 13:25:47,52,53,9838,40321
2023-07-18 13:25:50,52,53,9838,40371
2023-07-18 13:25:50,51,53,9838,40371
2023-07-18 13:25:50,51,52,9838,40371
2023-07-18 13:26:23,51,52,9838,40421
2023-07-18 13:26:24,50,51,9838,40423
2023-07-18 13:26:35,50,51,9838,40673
2023-07-18 13:26:44,48,51,9838,40673
2023-07-18 13:26:44,49,51,9838,40673
2023-07-18 13:26:44,51,52,9838,40674
2023-07-18 13:26:56,49,52,9838,40674
2023-07-18 13:26:56,50,52,9838,40674
2023-07-18 13:27:03,49,52,9838,40674
2023-07-18 13:27:03,51,52,9838,40674
2023-07-18 13:27:13,49,52,9838,40674
2023-07-18 13:27:13,50,52,9838,40674
2023-07-18 13:27:19,50,52,9638,40874
2023-07-18 13:27:19,49,52,9638,40874
2023-07-18 13:27:26,50,52,9638,40874
2023-07-18 13:27:38,49,52,9638,40874
2023-07-18 13:27:42,50,52,9638,40874
2023-07-18 13:27:50,49,52,9638,40874
2023-07-18 13:27:59,50,52,9638,40874
2023-07-18 13:28:03,49,52,9638,40874
2023-07-18 13:28:03,51,52,9638,40874
2023-07-18 13:28:15,49,52,9638,40874
2023-07-18 13:28:15,50,52,9638,40874
2023-07-18 13:28:49,49,52,9638,40874
2023-07-18 13:28:49,51,52,9638,40874
2023-07-18 13:29:00,49,52,9638,40874
2023-07-18 13:29:00,50,52,9638,40874
2023-07-18 13:29:25,50,51,9638,40874
2023-07-18 13:29:25,49,51,9638,40874
2023-07-18 13:29:27,49,50,9638,40874
2023-07-18 13:29:29,48,50,9638,40876
2023-07-18 13:29:32,48,51,9638,40876
2023-07-18 13:29:34,48,51,9638,40882
2023-07-18 13:29:40,48,50,9638,40882
2023-07-18 13:29:50,48,49,9638,40882
2023-07-18 13:29:50,47,49,9638,40882
2023-07-18 13:29:57,46,49,9637,40883
2023-07-18 13:29:57,46,48,9637,40883
2023-07-18 13:30:02,46,47,9637,40883
2023-07-18 13:30:12,45,46,9636,40884
2023-07-18 13:30:19,45,47,9577,41138
2023-07-18 13:30:20,45,46,9577,41138
2023-07-18 13:30:49,46,47,9577,41139
2023-07-18 13:31:01,46,48,9577,41139
2023-07-18 13:31:03,47,48,9577,41139
2023-07-18 13:31:17,47,49,9577,41139
2023-07-18 13:31:18,47,49,9577,41289
2023-07-18 13:31:24,46,49,9577,41339
2023-07-18 13:31:24,46,48,9577,41339
2023-07-18 13:31:31,44,48,9577,41339
2023-07-18 13:31:31,45,48,9577,41339
2023-07-18 13:31:31,45,48,9577,41389
2023-07-18 13:31:31,45,47,9577,41389
2023-07-18 13:31:32,44,47,9577,41389
2023-07-18 13:31:33,44,45,9577,41389
2023-07-18 13:31:38,44,46,9577,41389
2023-07-18 13:31:38,43,44,9577,41392
2023-07-18 13:31:44,43,45,9577,41392
2023-07-18 13:31:44,43,44,9577,41392
2023-07-18 13:32:39,42,43,9577,41393
2023-07-18 13:32:59,41,42,9576,41394
2023-07-18 13:33:01,42,43,9527,41443
2023-07-18 13:33:07,41,43,9527,41443
2023-07-18 13:33:15,41,43,9527,41493
2023-07-18 13:33:22,40,43,9527,41493
2023-07-18 13:33:22,42,43,9527,41493
2023-07-18 13:34:08,41,43,9527,41494
2023-07-18 13:34:08,39,43,9527,41494
2023-07-18 13:34:08,39,42,9527,41494
2023-07-18 13:34:08,39,40,9527,41494
2023-07-18 13:34:09,39,40,9527,41495
2023-07-18 13:34:29,36,37,9527,41582
2023-07-18 13:34:29,36,37,9587,41643
2023-07-18 13:34:29,36,37,9597,41653
2023-07-18 13:34:29,35,36,9777,41833
2023-07-18 13:34:31,35,36,9777,41834
2023-07-18 13:34:50,34,36,9777,41834
2023-07-18 13:34:54,33,36,9777,41834
2023-07-18 13:34:59,34,36,9777,41834
2023-07-18 13:35:02,35,36,9777,41834
2023-07-18 13:35:05,36,37,9777,41915
2023-07-18 13:35:06,35,37,9777,41915
2023-07-18 13:35:07,36,37,9777,41915
2023-07-18 13:35:17,36,38,9865,42003
2023-07-18 13:35:32,37,38,9865,42003
2023-07-18 13:35:38,38,39,9865,42004
2023-07-18 13:35:54,40,41,9865,42090
2023-07-18 13:35:55,39,41,9865,42090
2023-07-18 13:35:55,38,41,9865,42090
2023-07-18 13:35:59,39,41,9865,42090
2023-07-18 13:36:11,38,41,9865,42090
2023-07-18 13:36:14,38,40,9865,42090
2023-07-18 13:36:41,39,40,9865,42090
2023-07-18 13:36:41,39,41,9866,42091
2023-07-18 13:36:45,39,42,9867,42342
2023-07-18 13:36:58,40,42,9867,42342
2023-07-18 13:37:10,39,42,9867,42342
2023-07-18 13:37:25,39,41,9867,42342
2023-07-18 13:37:56,39,40,9867,42342
2023-07-18 13:37:58,38,40,9867,42342
2023-07-18 13:38:00,38,39,9867,42342
2023-07-18 13:38:06,38,40,9867,42342
2023-07-18 13:39:31,38,39,9867,42342
2023-07-18 13:39:48,37,39,9867,42342
2023-07-18 13:40:00,37,38,9867,42342
2023-07-18 13:40:04,36,38,9867,42342
2023-07-18 13:40:07,36,37,9867,42342
2023-07-18 13:40:16,36,38,9867,42342
2023-07-18 13:40:53,35,38,9867,42342
2023-07-18 13:40:58,35,37,9867,42342
2023-07-18 13:41:14,35,36,9867,42342
2023-07-18 13:41:20,35,37,9867,42342
2023-07-18 13:43:01,35,36,9867,42342
2023-07-18 13:43:09,35,37,9867,42342
2023-07-18 13:43:09,34,37,9867,42342
2023-07-18 13:43:09,34,36,9867,42342
2023-07-18 13:43:42,34,37,9867,42342
2023-07-18 13:44:16,35,37,9867,42342
2023-07-18 13:44:34,36,37,9867,42342
2023-07-18 13:44:41,36,38,9867,42342
2023-07-18 13:45:10,36,39,9867,42342
2023-07-18 13:45:17,37,39,9867,42342
2023-07-18 13:45:36,37,38,9867,42342
2023-07-18 13:45:46,36,38,9867,42342
2023-07-18 13:46:22,37,38,9867,42342
2023-07-18 13:46:27,37,39,9868,42343
2023-07-18 13:46:27,38,39,9868,42343
2023-07-18 13:46:31,37,39,9868,42593
2023-07-18 13:46:32,37,38,9868,42593
2023-07-18 13:46:33,37,39,9868,42593
2023-07-18 13:46:35,38,39,9868,42593
2023-07-18 13:46:36,37,39,9758,42793
2023-07-18 13:46:37,36,39,9758,43043
2023-07-18 13:46:37,37,39,9758,43043
2023-07-18 13:46:38,36,39,9758,43293
2023-07-18 13:46:39,36,38,9758,43293
2023-07-18 13:46:42,36,39,9758,43293
2023-07-18 13:46:47,36,39,9759,43643
2023-07-18 13:46:49,36,39,9759,43993
2023-07-18 13:46:50,36,40,9759,44144
2023-07-18 13:46:50,37,40,9759,44144
2023-07-18 13:46:55,37,39,9759,44144
2023-07-18 13:46:55,36,39,9759,44144
2023-07-18 13:47:01,36,38,9759,44144
2023-07-18 13:47:29,35,38,9759,44151
2023-07-18 13:47:31,35,38,9759,44151
2023-07-18 13:47:42,35,38,9958,44350
2023-07-18 13:47:42,35,38,9958,44350
2023-07-18 13:47:42,35,36,9958,44350
2023-07-18 13:47:57,35,37,9958,44549
2023-07-18 13:48:01,35,36,9958,44549
2023-07-18 13:48:02,34,35,9957,44550
2023-07-18 13:48:04,34,36,9957,44749
2023-07-18 13:48:07,34,37,9957,44849
2023-07-18 13:48:10,34,36,9957,44849
2023-07-18 13:48:10,34,37,9957,44949
2023-07-18 13:48:11,34,36,9957,44949
2023-07-18 13:48:12,34,35,9957,44949
2023-07-18 13:48:16,34,36,9957,45049
2023-07-18 13:48:17,34,35,9957,45049
2023-07-18 13:48:23,34,36,9958,45050
2023-07-18 13:48:24,34,37,9959,45151
2023-07-18 13:48:34,34,36,9959,45151
2023-07-18 13:48:35,34,37,9959,45351
2023-07-18 13:48:36,34,36,9959,45351
2023-07-18 13:48:44,34,37,9960,45552
2023-07-18 13:48:48,34,36,9960,45552
2023-07-18 13:48:54,34,37,9961,45653
2023-07-18 13:48:54,34,36,9961,45653
2023-07-18 13:48:55,34,37,9961,45753
2023-07-18 13:49:00,34,36,9961,45753
2023-07-18 13:49:10,34,35,9961,45753
2023-07-18 13:49:11,34,36,9961,45753
2023-07-18 13:49:11,34,35,9961,45753
2023-07-18 13:49:20,34,36,10163,45955
2023-07-18 13:49:50,34,35,10163,45955
2023-07-18 13:49:52,33,35,10163,45955
2023-07-18 13:49:59,33,34,10163,45955
2023-07-18 13:50:12,33,35,10163,45955
2023-07-18 13:50:12,33,34,10163,45955
2023-07-18 13:50:19,33,35,10164,45956
2023-07-18 13:50:19,34,35,10164,45956
2023-07-18 13:50:27,34,36,10164,45956
2023-07-18 13:50:39,35,36,10164,45956
2023-07-18 13:50:42,35,37,10165,45957
2023-07-18 13:50:49,36,37,10165,45957
2023-07-18 13:50:50,37,38,10166,45958
2023-07-18 13:50:55,37,39,10167,45959
2023-07-18 13:50:59,37,40,10167,45959
2023-07-18 13:51:11,37,39,10167,45959
2023-07-18 13:51:15,35,39,10167,45959
2023-07-18 13:51:16,35,38,10167,45959
2023-07-18 13:51:17,35,37,10167,45959
2023-07-18 13:51:19,35,36,10167,45959
2023-07-18 13:52:24,34,36,10167,45959
2023-07-18 13:52:25,34,37,10168,46260
2023-07-18 13:52:25,34,36,10168,46260
2023-07-18 13:52:28,34,37,10168,46360
2023-07-18 13:52:30,35,37,10168,46360
2023-07-18 13:52:35,35,36,10168,46360
2023-07-18 13:52:35,35,37,10168,46460
2023-07-18 13:53:02,35,38,10168,46460
2023-07-18 13:53:33,35,37,10168,46460
2023-07-18 13:53:50,35,38,10168,46460
2023-07-18 13:53:50,35,37,10168,46460
2023-07-18 13:53:53,35,38,10268,46560
2023-07-18 13:53:54,35,37,10268,46560
2023-07-18 13:54:14,35,36,10268,46560
2023-07-18 13:54:15,34,35,10265,46563
2023-07-18 13:54:17,34,36,10265,46563
2023-07-18 13:54:19,34,37,10265,46663
2023-07-18 13:54:21,34,36,10265,46663
2023-07-18 13:54:22,34,37,10337,46863
2023-07-18 13:54:28,34,36,10337,46863
2023-07-18 13:54:29,34,35,10337,46863
2023-07-18 13:54:30,34,36,10537,47063
2023-07-18 13:54:31,34,35,10537,47063
2023-07-18 13:54:32,34,36,10637,47163
2023-07-18 13:54:33,34,35,10637,47163
2023-07-18 13:54:38,33,35,10637,47171
2023-07-18 13:55:09,32,35,10637,47171
2023-07-18 13:55:10,33,35,10637,47171
2023-07-18 13:55:56,34,35,10637,47171
2023-07-18 13:56:06,33,35,10637,47171
2023-07-18 13:56:07,33,36,10838,47372
2023-07-18 13:56:07,33,35,10838,47372
2023-07-18 13:56:54,33,34,10838,47372
2023-07-18 13:56:59,33,35,10838,47372
2023-07-18 13:57:00,33,34,10838,47372
2023-07-18 13:57:11,33,35,10839,47373
2023-07-18 13:57:13,33,36,10839,47373
2023-07-18 13:57:43,34,36,10839,47373
2023-07-18 13:57:51,33,36,10839,47373
2023-07-18 13:58:30,33,35,10839,47373
2023-07-18 13:58:49,33,34,10839,47373
2023-07-18 13:59:15,32,34,10839,47373
2023-07-18 13:59:15,32,33,10839,47373
2023-07-18 13:59:59,31,32,10837,47375
2023-07-18 13:59:59,31,32,11036,47574
2023-07-18 13:59:59,31,32,11235,47773
2023-07-18 14:00:01,31,33,11235,47773
2023-07-18 14:00:05,31,32,11235,47773
2023-07-18 14:00:06,31,32,11327,47868
2023-07-18 14:00:06,31,32,11422,47963
2023-07-18 14:00:08,30,32,11422,47963
2023-07-18 14:00:20,31,32,11422,47963
2023-07-18 14:00:22,30,32,11422,47963
2023-07-18 14:00:53,30,31,11422,47963
2023-07-18 14:01:05,29,31,11422,47963
2023-07-18 14:01:19,29,30,11422,47963
2023-07-18 14:01:21,28,29,11422,47964
2023-07-18 14:01:24,28,30,11521,48063
2023-07-18 14:01:26,28,29,11521,48063
2023-07-18 14:01:27,28,30,11621,48163
2023-07-18 14:01:28,28,29,11621,48163
2023-07-18 14:01:34,27,29,11621,48163
2023-07-18 14:01:41,27,28,11621,48163
2023-07-18 14:01:45,26,27,11620,48164
2023-07-18 14:01:46,26,27,11769,48313
2023-07-18 14:01:46,26,28,11769,48313
2023-07-18 14:01:46,25,26,11768,48415
2023-07-18 14:01:48,25,26,11759,48424
2023-07-18 14:01:49,24,26,11760,48529
2023-07-18 14:01:49,24,25,11760,48529
2023-07-18 14:01:54,24,26,11760,48529
2023-07-18 14:01:58,23,24,11761,48530
2023-07-18 14:02:01,23,26,11860,48629
2023-07-18 14:02:01,23,25,11860,48629
2023-07-18 14:02:04,23,26,11860,48682
2023-07-18 14:02:12,23,25,11860,48682
2023-07-18 14:02:17,23,26,11860,48682
2023-07-18 14:02:17,23,25,11860,48682
2023-07-18 14:02:17,23,26,11860,48682
2023-07-18 14:02:18,24,26,11860,48682
2023-07-18 14:02:24,23,26,11860,48682
2023-07-18 14:02:57,23,25,11860,48682
2023-07-18 14:03:18,23,26,11860,48682
2023-07-18 14:03:25,23,25,11860,48682
2023-07-18 14:03:31,23,26,11960,48782
2023-07-18 14:03:32,24,26,11960,48782
2023-07-18 14:04:23,24,25,11960,48782
2023-07-18 14:04:26,24,26,11960,48782
2023-07-18 14:04:52,24,25,11960,48782
2023-07-18 14:04:53,24,26,11960,48782
2023-07-18 14:04:53,23,26,11960,48782
2023-07-18 14:05:00,23,25,11960,48782
2023-07-18 14:05:08,23,25,11960,48787
2023-07-18 14:05:09,23,24,11960,48787
2023-07-18 14:05:20,22,23,11960,48788
2023-07-18 14:05:43,21,22,11960,48789
2023-07-18 14:05:47,21,22,12160,48989
2023-07-18 14:05:57,21,22,12160,48994
2023-07-18 14:05:58,21,22,12160,48999
2023-07-18 14:05:58,21,22,12167,49006
2023-07-18 14:06:01,21,22,12209,49048
2023-07-18 14:06:04,21,22,12209,49053
2023-07-18 14:06:04,20,22,12326,49170
2023-07-18 14:06:05,20,21,12326,49170
2023-07-18 14:06:28,19,20,12326,49171
2023-07-18 14:06:29,19,21,12461,49371
2023-07-18 14:06:30,19,22,12461,49371
2023-07-18 14:06:30,19,21,12461,49371
2023-07-18 14:06:45,19,20,12461,49371
2023-07-18 14:06:46,19,21,12461,49371
2023-07-18 14:06:48,19,21,12461,49371
2023-07-18 14:06:49,18,21,12562,49472
2023-07-18 14:06:58,18,19,12562,49472
2023-07-18 14:07:09,18,20,12562,49472
2023-07-18 14:07:10,18,20,12562,49480
2023-07-18 14:07:24,18,21,12562,49480
2023-07-18 14:07:27,18,20,12562,49480
2023-07-18 14:07:33,17,18,12713,49631
2023-07-18 14:07:58,17,18,12718,49636
2023-07-18 14:07:59,17,18,12723,49641
2023-07-18 14:08:00,17,18,12728,49646
2023-07-18 14:08:37,17,19,12728,49646
2023-07-18 14:08:54,18,19,12728,49646
2023-07-18 14:09:16,18,20,12728,49646
2023-07-18 14:09:17,18,19,12728,49646
2023-07-18 14:09:18,18,20,12728,49646
2023-07-18 14:09:22,18,19,12728,49646
2023-07-18 14:09:23,18,20,12728,49646
2023-07-18 14:09:25,19,20,12728,49646
2023-07-18 14:09:37,19,21,12728,49646
2023-07-18 14:09:37,20,21,12728,49646
2023-07-18 14:09:41,19,21,12728,49646
2023-07-18 14:09:44,19,20,12728,49646
2023-07-18 14:10:01,18,19,12729,49647
2023-07-18 14:10:12,18,20,12729,49647
2023-07-18 14:10:46,18,19,12729,49647
2023-07-18 14:10:50,17,19,12730,49648
2023-07-18 14:10:51,17,18,12730,49648
2023-07-18 14:10:58,17,19,13179,50097
2023-07-18 14:11:07,17,20,13179,50097
2023-07-18 14:11:07,18,20,13179,50097
2023-07-18 14:11:17,17,20,13179,50097
2023-07-18 14:11:26,17,19,13179,50097
2023-07-18 14:11:31,17,20,13179,50097
2023-07-18 14:11:36,17,19,13179,50097
2023-07-18 14:11:46,17,19,13193,50111
2023-07-18 14:11:55,17,19,13243,50161
2023-07-18 14:11:57,17,18,13243,50161
2023-07-18 14:11:58,17,18,13247,50165
2023-07-18 14:12:04,17,18,13251,50169
2023-07-18 14:12:08,17,18,13256,50174
2023-07-18 14:12:08,16,18,13315,50233
2023-07-18 14:12:09,16,17,13315,50233
2023-07-18 14:12:15,16,18,13315,50233
2023-07-18 14:12:16,16,19,13315,50233
2023-07-18 14:12:16,16,18,13315,50233
2023-07-18 14:12:16,17,18,13315,50233
2023-07-18 14:12:22,17,18,13315,50237
2023-07-18 14:12:23,17,18,13315,50242
2023-07-18 14:12:23,16,18,13315,50242
2023-07-18 14:12:24,16,17,13315,50242
2023-07-18 14:12:42,16,18,13315,50242
2023-07-18 14:12:42,16,17,13315,50242
2023-07-18 14:12:43,18,19,13665,50592
2023-07-18 14:12:43,16,19,13716,50643
2023-07-18 14:12:44,16,18,13716,50643
2023-07-18 14:12:45,17,18,13716,50643
2023-07-18 14:13:01,16,18,13717,50892
2023-07-18 14:13:26,16,18,13766,50941
2023-07-18 14:13:31,15,18,13868,51043
2023-07-18 14:14:25,16,18,13868,51043
2023-07-18 14:14:26,15,18,13868,51043
2023-07-18 14:14:54,15,18,14268,51443
2023-07-18 14:14:57,14,18,14369,51544
2023-07-18 14:14:58,14,17,14369,51544
2023-07-18 14:15:01,13,17,14620,51805
2023-07-18 14:15:01,13,16,14620,51805
2023-07-18 14:15:03,13,15,14620,51805
2023-07-18 14:15:04,13,14,14620,51805
2023-07-18 14:15:35,13,15,14620,51805
2023-07-18 14:15:37,13,16,14620,51805
2023-07-18 14:15:47,13,16,14620,51805
2023-07-18 14:15:58,13,15,14620,51805
2023-07-18 14:16:04,13,14,14620,51805
2023-07-18 14:16:13,13,15,14620,51805
2023-07-18 14:16:13,13,16,14620,51805
2023-07-18 14:16:13,13,15,14620,51805
2023-07-18 14:16:19,13,14,14620,51805
2023-07-18 14:16:23,13,15,14620,51805
2023-07-18 14:16:23,13,16,14620,51805
2023-07-18 14:16:23,13,15,14620,51805
2023-07-18 14:16:31,13,16,14620,52055
2023-07-18 14:16:38,13,15,14620,52055
2023-07-18 14:16:43,13,16,14870,52305
2023-07-18 14:17:08,14,16,14870,52305
2023-07-18 14:17:12,13,16,14870,52555
2023-07-18 14:17:21,13,15,14870,52555
2023-07-18 14:17:31,13,16,14870,52555
2023-07-18 14:18:53,14,16,14870,52555
2023-07-18 14:19:43,14,15,14870,52555
2023-07-18 14:19:48,13,15,14870,52555
2023-07-18 14:20:26,13,14,14870,52555
2023-07-18 14:20:36,12,13,14871,52556
2023-07-18 14:20:37,11,13,15122,52807
2023-07-18 14:20:38,11,12,15122,52807
2023-07-18 14:20:56,10,11,15123,52808
2023-07-18 14:20:57,9,11,15124,52809
2023-07-18 14:20:57,9,11,15124,52820
2023-07-18 14:20:58,9,10,15124,52820
2023-07-18 14:21:01,9,11,15124,52820
2023-07-18 14:21:08,9,10,15124,52820
2023-07-18 14:21:08,9,11,15574,53270
2023-07-18 14:21:14,9,12,15574,53270
2023-07-18 14:21:14,9,11,15574,53270
2023-07-18 14:21:19,9,11,15575,53271
2023-07-18 14:21:22,9,11,15675,53371
2023-07-18 14:21:22,9,10,15675,53371
2023-07-18 14:21:22,9,11,15675,53371
2023-07-18 14:21:33,9,11,15920,53616
2023-07-18 14:21:46,8,11,16070,53874
2023-07-18 14:21:48,8,10,16070,53874
2023-07-18 14:21:53,8,11,16315,54119
2023-07-18 14:22:06,8,10,16315,54119
2023-07-18 14:22:11,8,9,16315,54119
2023-07-18 14:22:11,8,10,16315,54119
2023-07-18 14:22:13,7,8,16316,54120
2023-07-18 14:22:17,7,10,16361,54165
2023-07-18 14:22:26,7,9,16361,54165
2023-07-18 14:22:28,7,8,16361,54165
2023-07-18 14:22:28,6,8,16362,54211
2023-07-18 14:22:29,6,8,16562,54411
2023-07-18 14:22:29,6,7,16562,54411
2023-07-18 14:22:30,6,7,16608,54457
2023-07-18 14:22:31,6,8,16608,54457
2023-07-18 14:22:31,6,7,16608,54457
2023-07-18 14:22:34,5,7,16613,54462
2023-07-18 14:22:38,5,8,16813,54662
2023-07-18 14:22:44,6,8,16813,54662
2023-07-18 14:23:11,7,8,16813,54662
2023-07-18 14:23:14,8,9,16812,54663
2023-07-18 14:23:15,9,10,16810,54665
2023-07-18 14:23:15,9,10,16810,54668
2023-07-18 14:23:24,10,11,16809,54669
2023-07-18 14:23:35,10,12,16807,54869
2023-07-18 14:23:35,10,13,16807,54869
2023-07-18 14:23:35,10,12,16807,54869
2023-07-18 14:23:39,11,12,16807,54869
2023-07-18 14:23:42,11,13,16807,54869
2023-07-18 14:23:44,12,13,16807,54869
2023-07-18 14:23:48,11,13,16807,54869
2023-07-18 14:23:50,12,13,16807,54869
2023-07-18 14:23:51,11,12,16808,54870
2023-07-18 14:25:03,11,13,16808,54870
2023-07-18 14:25:34,12,13,16808,54870
2023-07-18 14:25:39,13,14,16807,54871
2023-07-18 14:25:40,13,14,16806,54872
2023-07-18 14:25:45,13,15,16804,55072
2023-07-18 14:25:45,14,16,16804,55072
2023-07-18 14:25:45,14,15,16804,55072
2023-07-18 14:25:46,13,15,16804,55117
2023-07-18 14:25:46,13,15,16804,55122
2023-07-18 14:25:51,13,14,16804,55122
2023-07-18 14:26:10,13,15,16804,55122
2023-07-18 14:26:10,13,14,16804,55122
2023-07-18 14:26:26,12,14,16804,55122
2023-07-18 14:26:28,12,13,16804,55122
2023-07-18 14:26:45,12,14,16804,55122
2023-07-18 14:26:45,12,13,16804,55122
2023-07-18 14:26:56,12,14,16804,55122
2023-07-18 14:27:34,12,13,16804,55122
2023-07-18 14:27:34,11,13,16804,55122
2023-07-18 14:27:48,10,13,16804,55122
2023-07-18 14:27:58,10,12,16804,55122
2023-07-18 14:28:13,10,11,16804,55122
2023-07-18 14:28:36,10,12,16804,55122
2023-07-18 14:28:44,10,11,16804,55122
2023-07-18 14:28:45,10,12,16804,55122
2023-07-18 14:29:35,9,12,16804,55122
2023-07-18 14:29:53,9,11,16804,55122
2023-07-18 14:30:01,9,10,16804,55122
2023-07-18 14:30:22,8,9,16805,55123
2023-07-18 14:30:53,8,10,16805,55123
2023-07-18 14:31:00,8,9,16805,55123
2023-07-18 14:31:02,8,10,16805,55123
2023-07-18 14:31:07,8,9,16805,55123
2023-07-18 14:31:14,7,9,16805,55123
2023-07-18 14:31:15,7,8,16805,55123
2023-07-18 14:31:16,7,9,16805,55123
2023-07-18 14:31:20,7,8,16805,55123
2023-07-18 14:31:23,6,7,16806,55124
2023-07-18 14:31:24,6,9,16806,55124
2023-07-18 14:31:24,6,8,16806,55124
2023-07-18 14:31:25,6,9,16806,55124
2023-07-18 14:31:25,6,7,16806,55124
2023-07-18 14:31:29,6,9,16806,55124
2023-07-18 14:31:29,6,8,16806,55124
2023-07-18 14:31:30,6,9,16806,55124
2023-07-18 14:31:30,6,7,16806,55124
2023-07-18 14:31:31,6,9,16806,55124
2023-07-18 14:31:31,6,8,16806,55124
2023-07-18 14:31:42,6,9,16806,55124
2023-07-18 14:31:43,6,8,16806,55124
2023-07-18 14:31:47,6,9,16806,55124
2023-07-18 14:32:03,6,8,16806,55124
2023-07-18 14:32:11,6,9,16806,55124
2023-07-18 14:32:53,6,8,16806,55124
2023-07-18 14:32:56,6,9,16806,55124
2023-07-18 14:33:25,7,9,16806,55124
2023-07-18 14:33:26,6,9,16806,55124
2023-07-18 14:33:40,7,9,16806,55124
2023-07-18 14:34:33,8,9,16806,55124
2023-07-18 14:34:42,9,10,16805,55125
2023-07-18 14:34:42,9,11,16805,55125
2023-07-18 14:34:56,10,11,16805,55125
2023-07-18 14:34:59,9,11,16805,55125
2023-07-18 14:35:02,10,11,16805,55125
2023-07-18 14:35:07,12,13,16803,55127
2023-07-18 14:35:07,12,14,16803,55127
2023-07-18 14:35:09,11,14,16803,55127
2023-07-18 14:35:09,11,13,16803,55127
2023-07-18 14:35:24,11,14,16803,55127
2023-07-18 14:35:31,13,14,16803,55127
2023-07-18 14:35:32,13,14,16803,55226
2023-07-18 14:35:33,11,14,16803,55226
2023-07-18 14:35:33,12,14,16803,55226
2023-07-18 14:35:40,12,15,16803,55226
2023-07-18 14:36:02,12,14,16803,55226
2023-07-18 14:36:15,12,13,16803,55226
2023-07-18 14:36:16,11,13,16803,55226
2023-07-18 14:36:17,11,14,16803,55226
2023-07-18 14:37:01,11,13,16803,55226
2023-07-18 14:37:03,11,12,16803,55226
2023-07-18 14:37:06,10,12,16803,55226
2023-07-18 14:37:25,10,11,16803,55226
2023-07-18 14:37:27,9,10,16804,55227
2023-07-18 14:37:33,8,9,16805,55228
2023-07-18 14:37:37,8,10,16805,55228
2023-07-18 14:37:40,8,11,16805,55228
2023-07-18 14:37:42,9,11,16805,55228
2023-07-18 14:37:47,8,11,16805,55228
2023-07-18 14:38:22,9,11,16805,55228
2023-07-18 14:38:55,10,11,16805,55228
2023-07-18 14:39:16,10,12,16805,55228
2023-07-18 14:39:16,9,12,16805,55228
2023-07-18 14:39:16,10,12,16805,55228
2023-07-18 14:40:26,11,12,16805,55228
2023-07-18 14:40:27,10,12,16805,55228
2023-07-18 14:40:27,12,13,16805,55230
2023-07-18 14:40:30,10,13,16805,55233
2023-07-18 14:40:40,11,13,16805,55233
2023-07-18 14:40:44,11,14,16805,55233
2023-07-18 14:40:45,12,14,16805,55233
2023-07-18 14:40:54,12,13,16805,55233
2023-07-18 14:41:06,11,13,16805,55233
2023-07-18 14:41:15,11,14,16805,55233
2023-07-18 14:41:46,11,15,16805,55233
2023-07-18 14:41:47,13,15,16805,55233
2023-07-18 14:41:51,12,15,16805,55233
2023-07-18 14:41:52,13,15,16805,55233
2023-07-18 14:42:02,13,14,16805,55233
2023-07-18 14:42:13,13,15,16805,55233
2023-07-18 14:42:20,13,14,16805,55233
2023-07-18 14:42:27,12,13,16806,55234
2023-07-18 14:42:34,11,13,16806,55234
2023-07-18 14:43:26,11,12,16806,55234
2023-07-18 14:43:28,10,11,16807,55235
2023-07-18 14:43:33,9,10,16808,55236
2023-07-18 14:43:44,8,9,16809,55237
2023-07-18 14:43:50,8,10,16809,55237
2023-07-18 14:43:52,8,9,16809,55237
2023-07-18 14:44:24,7,9,16809,55237
2023-07-18 14:44:39,7,8,16809,55237
2023-07-18 14:44:40,7,9,16809,55237
2023-07-18 14:44:51,7,8,16809,55237
2023-07-18 14:45:01,6,8,16809,55237
2023-07-18 14:45:07,6,9,16809,55237
2023-07-18 14:45:12,6,8,16809,55237
2023-07-18 14:45:21,6,9,16809,55237
2023-07-18 14:45:22,6,8,16809,55237
2023-07-18 14:45:23,6,9,16809,55237
2023-07-18 14:46:34,6,8,16809,55237
2023-07-18 14:46:56,6,7,16809,55237
2023-07-18 14:47:16,5,7,16809,55237
2023-07-18 14:47:20,5,8,16809,55237
2023-07-18 14:47:21,5,7,16809,55237
2023-07-18 14:47:33,5,8,16809,55237
2023-07-18 14:47:33,5,6,16809,55237
2023-07-18 14:48:08,4,5,16810,55238
2023-07-18 14:48:56,4,5,17010,55438
2023-07-18 14:49:37,3,5,17061,55489
2023-07-18 14:50:00,3,6,17061,55889
2023-07-18 14:50:01,3,5,17061,55889
2023-07-18 14:50:14,3,6,17061,55889
2023-07-18 14:50:17,3,5,17061,55889
2023-07-18 14:50:20,3,6,17061,55889
2023-07-18 14:50:40,3,5,17061,55889
2023-07-18 14:50:47,3,6,17061,55889
2023-07-18 14:51:50,4,6,17061,55889
2023-07-18 14:53:25,5,6,17061,55889
2023-07-18 14:53:26,4,6,17061,55894
2023-07-18 14:53:55,4,5,17061,55894
2023-07-18 14:54:55,4,6,17061,55894
2023-07-18 14:55:02,4,6,17062,55908
2023-07-18 14:55:03,3,6,17062,55908
2023-07-18 14:55:30,3,5,17062,55908
2023-07-18 14:55:31,3,6,17062,55908
2023-07-18 14:55:59,4,6,17062,55908
2023-07-18 14:56:17,4,6,17062,56207
2023-07-18 14:57:06,4,5,17062,56207
2023-07-18 14:57:09,4,6,17062,56207
2023-07-18 14:57:24,3,6,17062,56208
2023-07-18 14:57:39,3,5,17062,56208
2023-07-18 14:57:43,3,6,17062,56208
2023-07-18 14:58:33,3,5,17062,56208
2023-07-18 14:58:33,3,6,17062,56208
2023-07-18 14:58:41,3,6,17062,56213
2023-07-18 14:58:43,3,5,17062,56213
2023-07-18 14:58:56,3,6,17062,56213
2023-07-18 14:58:57,3,5,17062,56213
2023-07-18 14:59:35,3,6,17062,56213
2023-07-18 14:59:37,3,5,17062,56213
2023-07-18 14:59:39,3,6,17062,56213
2023-07-18 14:59:42,3,5,17062,56213
2023-07-18 14:59:45,3,6,17062,56213
2023-07-18 15:00:00,3,5,17062,56213
2023-07-18 15:00:02,3,6,17062,56213
2023-07-18 15:00:06,4,6,17062,56213
2023-07-18 15:00:10,5,6,17062,56213
2023-07-18 15:00:10,5,6,17062,56215
2023-07-18 15:00:10,5,6,17062,56217
2023-07-18 15:00:10,5,6,17062,56219
2023-07-18 15:00:12,4,6,17062,56219
2023-07-18 15:00:51,4,6,17062,56311
2023-07-18 15:00:55,5,6,17062,56311
2023-07-18 15:00:55,5,6,17062,56313
2023-07-18 15:00:58,5,6,17062,56463
2023-07-18 15:01:08,5,7,17062,56463
2023-07-18 15:01:26,6,7,17062,56463
2023-07-18 15:01:27,7,8,17058,56467
2023-07-18 15:01:31,7,8,17058,56602
2023-07-18 15:01:32,6,8,17058,56602
2023-07-18 15:01:33,7,8,17058,56602
2023-07-18 15:01:39,8,9,17054,56606
2023-07-18 15:01:41,7,9,17054,56606
2023-07-18 15:01:44,7,10,17054,56606
2023-07-18 15:01:51,8,10,17054,56606
2023-07-18 15:01:52,8,11,17054,56606
2023-07-18 15:01:56,9,11,17054,56606
2023-07-18 15:01:57,8,11,17054,56606
2023-07-18 15:02:00,9,11,17054,56606
2023-07-18 15:02:07,9,13,17054,56606
2023-07-18 15:02:07,9,12,17054,56606
2023-07-18 15:02:15,9,11,17054,56606
2023-07-18 15:02:29,9,10,17054,56606
2023-07-18 15:02:32,8,10,17054,56606
2023-07-18 15:02:37,8,9,17054,56606
2023-07-18 15:02:39,7,8,17055,56607
2023-07-18 15:02:44,6,7,17056,56608
2023-07-18 15:02:45,6,8,17056,56608
2023-07-18 15:03:26,6,7,17056,56608
2023-07-18 15:03:46,5,7,17056,56608
2023-07-18 15:03:58,5,6,17056,56608
2023-07-18 15:04:00,5,6,17056,56625
2023-07-18 15:04:14,4,6,17056,56625
2023-07-18 15:04:22,4,5,17056,56625
2023-07-18 15:04:25,4,6,17056,56625
2023-07-18 15:04:27,4,5,17056,56625
2023-07-18 15:04:37,4,5,17067,56646
2023-07-18 15:04:43,3,4,17068,56647
2023-07-18 15:04:59,3,5,17068,56647
2023-07-18 15:05:06,3,4,17068,56647
2023-07-18 15:05:08,3,5,17068,56647
2023-07-18 15:05:08,3,4,17068,56647
2023-07-18 15:05:24,3,4,17268,56847
2023-07-18 15:05:32,3,4,17468,57047
2023-07-18 15:06:07,2,3,17564,57143
2023-07-18 15:08:14,2,3,20897,60476
2023-07-18 15:08:14,2,3,20930,60509
2023-07-18 15:08:23,2,4,21468,61047
2023-07-18 15:08:50,2,3,21468,61047
2023-07-18 15:09:01,2,4,21468,61047
2023-07-18 15:09:27,2,3,21468,61047
2023-07-18 15:11:59,1,2,21469,61048
2023-07-18 15:12:00,1,3,21469,61048
2023-07-18 15:13:11,1,2,21469,61048
2023-07-18 15:15:12,1,2,21469,61058
2023-07-18 15:15:13,1,2,21469,61076
2023-07-18 15:15:16,1,2,21469,61086
2023-07-18 15:15:16,1,2,21469,61096
2023-07-18 15:15:16,1,2,21469,61106
2023-07-18 15:15:32,1,2,21469,61116
2023-07-18 15:15:50,1,2,21469,61208
2023-07-18 15:17:27,1,2,21469,61248
2023-07-18 15:18:06,0,2,21470,61300
2023-07-18 15:19:45,0,3,21470,61900
2023-07-18 15:19:47,0,4,21470,61900
2023-07-18 15:19:47,0,3,21470,61900
2023-07-18 15:19:49,0,4,21470,61900
2023-07-18 15:19:49,0,3,21470,61900
2023-07-18 15:19:51,0,4,21470,61900
2023-07-18 15:19:51,0,3,21470,61900
2023-07-18 15:19:52,0,4,21470,61900
2023-07-18 15:19:52,0,3,21470,61900
2023-07-18 15:20:22,0,2,21470,61900
2023-07-18 15:20:23,0,3,21470,61900
2023-07-18 15:20:23,0,2,21470,61900
2023-07-18 15:20:25,0,3,21470,61900
2023-07-18 15:20:25,0,2,21470,61900
2023-07-18 15:20:26,0,3,21470,61900
2023-07-18 15:20:30,0,2,21470,61900
2023-07-18 15:20:31,0,3,21470,61900
2023-07-18 15:20:31,0,2,21470,61900
2023-07-18 15:20:32,1,2,21470,61900
2023-07-18 15:20:32,1,3,21470,61900
2023-07-18 15:20:34,0,3,21470,61900
2023-07-18 15:20:36,1,3,21470,61900
2023-07-18 15:20:37,0,3,21470,61900
2023-07-18 15:21:00,1,3,21470,61900
2023-07-18 15:21:01,0,3,21470,61900
2023-07-18 15:21:04,0,5,21470,61900
2023-07-18 15:21:04,0,4,21470,61900
2023-07-18 15:21:10,0,5,21470,61900
2023-07-18 15:21:21,1,4,21470,61900
2023-07-18 15:21:23,0,4,21470,61900
2023-07-18 15:21:24,1,4,21470,61900
2023-07-18 15:21:25,1,4,21470,61903
2023-07-18 15:21:39,0,4,21470,61903
2023-07-18 15:21:39,1,4,21470,61903
2023-07-18 15:22:34,0,1,21471,61904
2023-07-18 15:31:21,0,3,21559,61992
2023-07-18 15:31:22,1,3,21559,61992
2023-07-18 15:31:29,0,3,21559,61992
2023-07-18 15:31:37,1,3,21559,61992
2023-07-18 15:32:34,1,3,21737,62170
2023-07-18 15:33:49,1,2,21737,62170
2023-07-18 15:33:51,1,3,21737,62170
2023-07-18 15:34:05,1,2,21737,62170
2023-07-18 15:34:06,1,3,21737,62170
2023-07-18 15:34:09,2,3,21737,62170
2023-07-18 15:34:09,1,3,21737,62370
2023-07-18 15:34:30,1,3,21815,62448
2023-07-18 15:34:42,1,2,21815,62448
2023-07-18 15:35:01,1,3,21815,62448
2023-07-18 15:35:08,1,2,21815,62448
2023-07-18 15:35:11,1,3,21815,62448
2023-07-18 15:35:14,1,2,21815,62448
2023-07-18 15:35:24,1,3,21815,62448
2023-07-18 15:40:45,1,2,21815,62448
2023-07-18 15:41:03,1,3,21815,62448
2023-07-18 15:41:20,1,2,21815,62448
2023-07-18 15:41:23,1,3,21815,62448
2023-07-18 15:42:26,1,2,21815,62448
2023-07-18 15:42:32,1,3,21815,62448
2023-07-18 15:43:00,1,2,21815,62448
2023-07-18 15:43:05,1,3,21815,62448
2023-07-18 15:43:48,1,3,22015,62648
2023-07-18 15:43:48,1,2,22015,62648
2023-07-18 15:44:00,1,3,22015,62648
2023-07-18 15:44:00,1,2,22015,62648
2023-07-18 15:44:03,1,3,22015,62648
2023-07-18 15:44:07,1,3,22214,62847
2023-07-18 15:44:18,1,3,22217,62850
2023-07-18 15:44:18,1,2,22217,62850
2023-07-18 15:44:18,1,2,22220,62853
2023-07-18 15:44:18,1,2,22321,62954
2023-07-18 15:44:18,1,3,22321,62954
2023-07-18 15:44:18,1,3,22322,62955
2023-07-18 15:44:18,1,3,22323,62956
2023-07-18 15:44:18,1,3,22472,63348
2023-07-18 15:44:18,0,1,22473,63706
2023-07-18 15:44:20,1,3,22473,63878
2023-07-18 15:44:20,0,3,22473,63906
2023-07-18 15:44:20,0,2,22473,63906
2023-07-18 15:44:20,0,1,22473,63906
2023-07-18 15:44:53,1,3,22473,63951
2023-07-18 15:44:55,0,3,22473,63951
2023-07-18 15:45:07,0,2,22473,63951
2023-07-18 15:45:17,0,3,22473,63951
2023-07-18 15:45:22,1,3,22473,63951
2023-07-18 15:45:37,0,3,22473,63951
2023-07-18 15:45:43,0,2,22473,63951
2023-07-18 15:46:33,0,1,22473,63951
2023-07-18 15:55:08,1,3,22473,63961
2023-07-18 15:55:09,0,3,22473,63961
2023-07-18 15:55:09,0,2,22473,63961
2023-07-18 15:55:15,1,2,22473,63961
2023-07-18 15:55:17,1,3,22473,63961
2023-07-18 15:55:17,1,2,22473,63961
2023-07-18 15:55:20,1,2,22473,64161
2023-07-18 15:55:28,1,3,22473,64161
2023-07-18 15:55:28,1,2,22473,64161
2023-07-18 15:55:32,1,3,22473,64161
2023-07-18 15:56:14,1,2,22473,64161
2023-07-18 15:56:15,1,3,22473,64161
2023-07-18 15:56:22,1,2,22473,64161
2023-07-18 15:58:31,2,3,22473,64171
2023-07-18 15:58:32,1,3,22473,64171
2023-07-18 15:58:50,0,3,22474,64572
2023-07-18 15:58:57,0,1,22474,64572
2023-07-18 15:58:58,1,3,22474,64622
2023-07-18 15:58:59,0,3,22474,64622
2023-07-18 15:59:15,1,3,22474,64622
2023-07-18 15:59:16,0,3,22474,64622
2023-07-18 15:59:17,1,3,22474,64622
2023-07-18 15:59:19,0,3,22474,64622
2023-07-18 15:59:20,0,2,22474,64622
2023-07-18 15:59:24,0,1,22474,64622
