datetime,bid,ask,open_interest,volume
2023-03-09 09:30:28,4,5,246,7622
2023-03-09 09:30:29,5,16,251,7627
2023-03-09 09:31:02,4,16,251,7627
2023-03-09 09:31:02,4,5,251,7627
2023-03-09 09:31:03,5,11,256,7632
2023-03-09 09:31:04,5,9,256,7632
2023-03-09 09:31:36,5,6,256,7632
2023-03-09 09:31:41,6,8,261,7637
2023-03-09 09:32:01,5,8,261,7637
2023-03-09 09:32:02,5,10,261,7637
2023-03-09 09:32:03,8,10,261,7637
2023-03-09 09:32:07,5,10,261,7637
2023-03-09 09:32:07,7,10,261,7637
2023-03-09 09:32:10,5,10,261,7637
2023-03-09 09:32:11,7,10,261,7637
2023-03-09 09:32:11,7,10,266,7642
2023-03-09 09:32:27,10,11,266,7647
2023-03-09 09:32:45,7,11,266,7647
2023-03-09 09:32:46,7,9,266,7647
2023-03-09 09:32:47,9,11,271,7652
2023-03-09 09:32:52,7,10,271,7652
2023-03-09 09:33:14,7,9,271,7652
2023-03-09 09:33:31,7,8,271,7652
2023-03-09 09:33:54,6,8,271,7652
2023-03-09 09:33:54,6,7,271,7652
2023-03-09 09:33:55,6,8,271,7652
2023-03-09 09:33:57,6,7,271,7652
2023-03-09 09:33:58,6,8,271,7652
2023-03-09 09:34:00,6,7,271,7652
2023-03-09 09:34:02,6,8,271,7652
2023-03-09 09:34:05,6,7,271,7652
2023-03-09 09:34:11,6,8,271,7652
2023-03-09 09:34:13,6,7,271,7652
2023-03-09 09:34:29,5,7,271,7652
2023-03-09 09:34:40,5,6,271,7652
2023-03-09 09:34:43,5,7,271,7652
2023-03-09 09:35:27,7,8,276,7662
2023-03-09 09:35:37,7,8,281,7667
2023-03-09 09:35:47,5,7,281,7667
2023-03-09 09:36:11,6,7,281,7667
2023-03-09 09:36:46,4,7,281,7672
2023-03-09 09:37:16,6,7,281,7672
2023-03-09 09:37:22,7,8,366,7757
2023-03-09 09:37:42,6,8,366,7757
2023-03-09 09:37:54,7,8,366,7757
2023-03-09 09:38:16,5,7,366,7762
2023-03-09 09:38:22,5,8,366,7762
2023-03-09 09:38:22,5,7,366,7762
2023-03-09 09:38:29,6,7,366,7762
2023-03-09 09:38:29,6,8,366,7762
2023-03-09 09:38:48,6,7,366,7762
2023-03-09 09:39:04,5,7,366,7762
2023-03-09 09:39:04,7,8,470,7866
2023-03-09 09:39:10,5,7,999,8395
2023-03-09 09:39:38,6,7,999,8395
2023-03-09 09:39:45,4,5,999,8429
2023-03-09 09:39:52,5,7,999,8495
2023-03-09 09:40:22,5,6,999,8495
2023-03-09 09:40:39,5,7,999,8495
2023-03-09 09:42:16,7,8,1208,8704
2023-03-09 09:42:30,7,8,1213,8709
2023-03-09 09:42:31,5,8,1213,8709
2023-03-09 09:42:31,6,8,1213,8709
2023-03-09 09:42:45,5,8,1213,8709
2023-03-09 09:42:45,6,8,1213,8709
2023-03-09 09:42:51,5,8,1213,8709
2023-03-09 09:42:51,5,7,1213,8709
2023-03-09 09:43:04,5,7,1213,8714
2023-03-09 09:43:28,5,8,1213,8714
2023-03-09 09:43:28,5,7,1213,8714
2023-03-09 09:43:36,5,8,1213,8714
2023-03-09 09:43:36,5,7,1213,8714
2023-03-09 09:43:39,6,7,1213,8714
2023-03-09 09:43:50,6,8,1213,8714
2023-03-09 09:43:50,6,7,1213,8714
2023-03-09 09:45:24,5,6,1213,8719
2023-03-09 09:45:29,4,6,1213,8719
2023-03-09 09:45:57,5,6,1213,8719
2023-03-09 09:46:08,4,6,1213,8724
2023-03-09 09:46:33,4,5,1213,8724
2023-03-09 09:46:39,4,6,1213,8724
2023-03-09 09:46:51,4,5,1213,8724
2023-03-09 09:47:02,4,6,1213,8724
2023-03-09 09:47:02,4,5,1213,8724
2023-03-09 09:47:23,3,5,1238,8749
2023-03-09 09:47:29,3,4,1238,8749
2023-03-09 09:47:41,3,5,1238,8749
2023-03-09 09:47:42,3,4,1238,8749
2023-03-09 09:47:42,3,4,1288,8799
2023-03-09 09:47:49,3,5,1288,8799
2023-03-09 09:47:49,3,4,1288,8799
2023-03-09 09:48:15,3,4,1293,8804
2023-03-09 09:48:19,3,5,1293,8804
2023-03-09 09:48:19,3,4,1293,8804
2023-03-09 09:48:19,3,5,1293,8804
2023-03-09 09:48:25,3,4,1293,8804
2023-03-09 09:48:37,3,5,1293,8804
2023-03-09 09:48:38,3,4,1293,8804
2023-03-09 09:48:49,3,5,1293,8804
2023-03-09 09:48:50,3,4,1293,8804
2023-03-09 09:49:16,3,5,1293,8804
2023-03-09 09:49:16,3,4,1293,8804
2023-03-09 09:49:25,3,4,1296,8807
2023-03-09 09:49:30,3,5,1296,8807
2023-03-09 09:50:13,3,5,1318,8829
2023-03-09 09:50:16,4,5,1318,8829
2023-03-09 09:50:22,3,5,1343,8854
2023-03-09 09:50:36,3,5,1348,8859
2023-03-09 09:58:12,3,4,1348,8859
2023-03-09 09:58:22,3,5,1348,8859
2023-03-09 09:58:28,3,4,1348,8859
2023-03-09 09:58:40,3,5,1348,8859
2023-03-09 09:58:55,3,5,1353,8864
2023-03-09 09:59:44,3,4,1353,8864
2023-03-09 09:59:46,3,5,1353,8864
2023-03-09 10:00:06,3,4,1353,8864
2023-03-09 10:00:18,3,5,1353,8864
2023-03-09 10:00:21,3,4,1353,8864
2023-03-09 10:00:25,3,5,1353,8864
2023-03-09 10:00:53,3,4,1353,8864
2023-03-09 10:01:02,3,5,1353,8864
2023-03-09 10:01:05,3,4,1353,8864
2023-03-09 10:01:07,3,5,1353,8864
2023-03-09 10:01:12,3,4,1353,8864
2023-03-09 10:02:24,3,4,1358,8869
2023-03-09 10:02:24,3,4,1363,8874
2023-03-09 10:02:59,3,4,1368,8879
2023-03-09 10:03:34,3,4,1373,8884
2023-03-09 10:03:38,2,4,1386,8902
2023-03-09 10:03:38,2,3,1386,8902
2023-03-09 10:06:40,2,3,1391,8907
2023-03-09 10:07:41,2,3,1403,8919
2023-03-09 10:11:33,2,3,1433,8949
2023-03-09 10:11:43,2,3,1468,8984
2023-03-09 10:11:43,2,3,1503,9019
2023-03-09 10:17:16,2,3,1533,9049
2023-03-09 10:17:37,3,4,1533,9165
2023-03-09 10:17:54,3,6,1533,9165
2023-03-09 10:17:55,3,5,1533,9165
2023-03-09 10:18:29,3,5,1533,9170
2023-03-09 10:18:34,3,4,1533,9170
2023-03-09 10:18:40,3,5,1533,9170
2023-03-09 10:18:54,3,4,1533,9170
2023-03-09 10:19:47,2,4,1533,9170
2023-03-09 10:20:29,2,3,1533,9170
2023-03-09 10:20:29,2,4,1533,9170
2023-03-09 10:23:47,2,5,1533,9170
2023-03-09 10:23:47,2,4,1533,9170
2023-03-09 10:24:22,2,5,1533,9170
2023-03-09 10:24:23,2,4,1533,9170
2023-03-09 10:25:11,2,3,1533,9170
2023-03-09 10:25:11,2,4,1533,9170
2023-03-09 10:25:34,2,5,1533,9170
2023-03-09 10:25:34,2,4,1533,9170
2023-03-09 10:27:54,2,5,1533,9170
2023-03-09 10:27:54,2,4,1533,9170
2023-03-09 10:28:08,2,3,1533,9170
2023-03-09 10:28:21,2,4,1533,9170
2023-03-09 10:28:30,2,5,1533,9170
2023-03-09 10:28:30,2,4,1533,9170
2023-03-09 10:29:06,2,5,1533,9170
2023-03-09 10:29:06,2,4,1533,9170
2023-03-09 10:29:16,2,3,1533,9170
2023-03-09 10:45:01,1,3,1826,9463
2023-03-09 10:46:04,2,3,1826,9463
2023-03-09 10:55:06,1,3,1861,9503
2023-03-09 10:55:06,1,2,1861,9503
2023-03-09 10:55:15,1,2,1861,9508
2023-03-09 10:56:30,1,3,1896,9543
2023-03-09 10:56:54,2,3,1896,9543
2023-03-09 10:59:54,2,3,1901,9548
2023-03-09 11:03:34,2,3,1922,9569
2023-03-09 11:14:50,2,3,1927,9574
2023-03-09 11:16:34,2,3,1932,9579
2023-03-09 11:18:18,2,3,1937,9584
2023-03-09 11:23:29,2,3,1942,9589
2023-03-09 11:28:20,2,3,1948,9595
2023-03-09 11:28:20,2,3,2105,9752
2023-03-09 11:28:20,2,3,2111,9758
2023-03-09 11:28:29,2,3,2166,9813
2023-03-09 11:43:28,2,3,2294,9941
2023-03-09 11:43:28,1,2,2411,10058
2023-03-09 11:47:59,2,3,2422,10069
2023-03-09 11:54:06,2,3,2427,10074
2023-03-09 11:54:41,1,3,2461,10108
2023-03-09 11:57:36,1,2,2461,10108
2023-03-09 11:57:36,1,2,2461,10134
2023-03-09 11:57:36,1,3,2461,10134
2023-03-09 12:02:47,1,3,2461,10159
2023-03-09 12:02:49,1,2,2461,10159
2023-03-09 12:02:50,1,3,2461,10159
2023-03-09 12:02:59,1,4,2491,10189
2023-03-09 12:03:00,3,4,2491,10189
2023-03-09 12:03:06,3,4,2496,10194
2023-03-09 12:03:10,3,5,2546,10244
2023-03-09 12:03:25,1,5,2546,10244
2023-03-09 12:03:40,3,5,2546,10244
2023-03-09 12:03:51,3,4,2546,10244
2023-03-09 12:04:09,3,5,2772,10470
2023-03-09 12:06:42,3,4,2772,10470
2023-03-09 12:06:50,3,5,2772,10470
2023-03-09 12:07:34,3,4,2772,10470
2023-03-09 12:07:39,3,5,2772,10470
2023-03-09 12:07:43,2,5,2772,10475
2023-03-09 12:07:47,2,4,2772,10475
2023-03-09 12:08:21,2,3,2772,10475
2023-03-09 12:09:05,2,4,2772,10475
2023-03-09 12:09:08,2,3,2772,10475
2023-03-09 12:09:08,2,4,2772,10475
2023-03-09 12:09:28,2,3,2772,10475
2023-03-09 12:09:46,2,4,2772,10475
2023-03-09 12:09:59,2,3,2772,10475
2023-03-09 12:10:01,2,3,2777,10480
2023-03-09 12:10:02,2,4,2777,10480
2023-03-09 12:10:03,2,3,2777,10480
2023-03-09 12:11:09,2,3,2782,10485
2023-03-09 12:13:55,2,3,2803,10506
2023-03-09 12:17:59,2,4,2803,10506
2023-03-09 12:18:02,2,4,2803,10506
2023-03-09 12:18:30,2,3,2803,10506
2023-03-09 12:18:49,2,3,2808,10511
2023-03-09 12:18:49,2,3,2904,10607
2023-03-09 12:18:50,2,3,2909,10612
2023-03-09 12:19:07,2,3,2998,10701
2023-03-09 12:21:25,1,3,3022,10725
2023-03-09 12:27:29,1,4,3022,10725
2023-03-09 12:27:29,1,3,3022,10725
2023-03-09 12:28:04,1,4,3022,10725
2023-03-09 12:28:04,1,3,3022,10725
2023-03-09 12:29:14,1,4,3022,10725
2023-03-09 12:29:15,1,3,3022,10725
2023-03-09 12:41:36,1,4,3022,10725
2023-03-09 12:41:36,1,3,3022,10725
2023-03-09 12:44:27,2,4,3022,10725
2023-03-09 12:45:08,2,3,3022,10725
2023-03-09 12:45:08,2,4,3022,10725
2023-03-09 12:45:57,3,4,3022,10725
2023-03-09 12:46:15,2,4,3022,10725
2023-03-09 12:46:15,3,4,3022,10725
2023-03-09 12:46:35,2,4,3022,10725
2023-03-09 12:47:07,3,4,3022,10725
2023-03-09 12:47:28,2,4,3022,10725
2023-03-09 12:47:28,3,4,3022,10725
2023-03-09 12:47:47,2,4,3022,10725
2023-03-09 12:47:47,3,4,3022,10725
2023-03-09 12:47:55,2,4,3022,10725
2023-03-09 12:48:28,3,4,3022,10725
2023-03-09 12:48:42,2,4,3022,10725
2023-03-09 12:48:43,3,4,3022,10725
2023-03-09 12:48:59,2,4,3022,10725
2023-03-09 12:48:59,3,4,3022,10725
2023-03-09 12:49:00,4,5,3018,10734
2023-03-09 12:49:00,4,5,3018,10739
2023-03-09 12:49:15,4,5,3346,11072
2023-03-09 12:49:18,4,5,3679,11405
2023-03-09 12:49:22,4,6,3966,11692
2023-03-09 12:49:34,4,5,3966,11692
2023-03-09 12:49:41,5,6,3966,11697
2023-03-09 12:49:41,5,6,3966,11725
2023-03-09 12:49:56,4,6,3966,11725
2023-03-09 12:49:57,5,6,3966,11725
2023-03-09 12:50:06,4,6,3966,11725
2023-03-09 12:50:06,5,6,3966,11725
2023-03-09 12:50:41,5,6,3961,11730
2023-03-09 12:50:55,4,6,3961,11730
2023-03-09 12:52:09,4,6,3961,11826
2023-03-09 12:52:09,4,6,3961,11922
2023-03-09 12:52:09,4,5,3961,11922
2023-03-09 12:52:09,4,6,3961,11922
2023-03-09 12:52:29,4,5,3961,11922
2023-03-09 12:53:18,3,5,3961,11922
2023-03-09 12:53:18,4,5,3961,11922
2023-03-09 12:53:42,3,5,3961,11922
2023-03-09 12:53:42,4,5,3961,11922
2023-03-09 12:53:57,3,5,3961,11922
2023-03-09 12:53:57,4,5,3961,11922
2023-03-09 12:54:22,3,5,3961,11922
2023-03-09 12:55:39,4,5,3961,11922
2023-03-09 12:56:25,3,5,3961,11922
2023-03-09 12:56:38,4,5,3961,11922
2023-03-09 12:57:04,3,5,3961,11922
2023-03-09 13:03:42,3,4,3961,11922
2023-03-09 13:04:00,3,5,3961,11922
2023-03-09 13:04:01,3,4,3961,11922
2023-03-09 13:04:13,2,4,3961,11922
2023-03-09 13:04:46,3,4,3961,11922
2023-03-09 13:04:57,3,5,3961,11922
2023-03-09 13:04:57,3,4,3961,11922
2023-03-09 13:05:08,3,5,3961,11922
2023-03-09 13:05:08,3,4,3961,11922
2023-03-09 13:05:17,3,5,3961,11922
2023-03-09 13:05:42,3,4,3961,11922
2023-03-09 13:06:00,3,5,3961,11922
2023-03-09 13:06:00,3,4,3961,11922
2023-03-09 13:06:07,3,5,3961,11922
2023-03-09 13:06:07,3,4,3961,11922
2023-03-09 13:06:26,3,5,3961,11922
2023-03-09 13:06:31,2,5,3961,11922
2023-03-09 13:06:31,2,4,3961,11922
2023-03-09 13:06:40,3,4,3961,11922
2023-03-09 13:06:58,2,4,3961,11926
2023-03-09 13:06:59,2,5,3961,11926
2023-03-09 13:06:59,2,4,3961,11926
2023-03-09 13:07:17,2,5,3961,11926
2023-03-09 13:07:18,2,4,3961,11926
2023-03-09 13:07:43,3,4,3961,11926
2023-03-09 13:07:59,2,4,3961,11926
2023-03-09 13:09:24,3,4,3961,11926
2023-03-09 13:09:32,2,4,3961,11926
2023-03-09 13:09:57,3,4,3961,11926
2023-03-09 13:10:23,2,4,3961,11926
2023-03-09 13:10:42,2,5,3961,11926
2023-03-09 13:10:42,3,5,3961,11926
2023-03-09 13:10:44,3,4,3961,11926
2023-03-09 13:11:17,5,6,3951,11941
2023-03-09 13:11:18,5,6,3951,11946
2023-03-09 13:11:29,4,6,3951,11946
2023-03-09 13:11:29,5,6,3951,11946
2023-03-09 13:12:28,4,6,3951,11946
2023-03-09 13:12:58,5,6,3951,11946
2023-03-09 13:15:53,5,7,4113,12115
2023-03-09 13:16:13,5,7,4439,12448
2023-03-09 13:16:21,6,8,4439,12448
2023-03-09 13:16:28,5,8,4439,12548
2023-03-09 13:16:34,4,8,4439,12548
2023-03-09 13:16:34,5,8,4439,12548
2023-03-09 13:16:35,6,8,4439,12548
2023-03-09 13:16:48,5,8,4439,12548
2023-03-09 13:16:48,4,8,4439,12548
2023-03-09 13:16:49,6,8,4439,12548
2023-03-09 13:16:55,6,7,4439,12548
2023-03-09 13:17:21,5,7,4439,12548
2023-03-09 13:17:21,6,7,4439,12548
2023-03-09 13:17:29,6,7,4439,12553
2023-03-09 13:17:29,5,7,4439,12553
2023-03-09 13:17:29,6,7,4439,12553
2023-03-09 13:17:37,5,8,4439,12553
2023-03-09 13:17:37,4,8,4439,12553
2023-03-09 13:17:37,6,8,4439,12553
2023-03-09 13:17:54,5,8,4439,12553
2023-03-09 13:17:54,6,8,4439,12553
2023-03-09 13:18:02,6,7,4439,12553
2023-03-09 13:18:03,5,7,4439,12553
2023-03-09 13:18:03,6,7,4439,12553
2023-03-09 13:18:21,5,7,4439,12553
2023-03-09 13:18:21,6,7,4439,12553
2023-03-09 13:18:25,6,8,4444,12558
2023-03-09 13:18:44,7,8,4444,12558
2023-03-09 13:18:56,6,8,4444,12558
2023-03-09 13:18:56,7,8,4444,12558
2023-03-09 13:20:47,5,7,4444,12563
2023-03-09 13:20:51,6,7,4444,12563
2023-03-09 13:21:39,6,8,4444,12563
2023-03-09 13:22:35,7,8,4444,12563
2023-03-09 13:22:56,6,8,4444,12563
2023-03-09 13:22:57,7,8,4444,12563
2023-03-09 13:23:19,8,9,4436,12571
2023-03-09 13:23:27,7,9,4436,12571
2023-03-09 13:23:27,8,9,4436,12571
2023-03-09 13:23:45,7,9,4436,12571
2023-03-09 13:23:45,8,9,4436,12571
2023-03-09 13:24:00,9,11,4427,12585
2023-03-09 13:24:11,9,12,4427,12585
2023-03-09 13:24:11,9,11,4427,12585
2023-03-09 13:24:11,9,12,4745,12903
2023-03-09 13:24:12,9,11,4745,12903
2023-03-09 13:24:14,9,12,4745,12903
2023-03-09 13:24:14,9,11,4745,12903
2023-03-09 13:24:22,10,11,4745,12903
2023-03-09 13:24:30,11,14,4745,12908
2023-03-09 13:24:30,12,14,4745,12908
2023-03-09 13:24:46,11,14,4745,12908
2023-03-09 13:24:46,12,14,4745,12908
2023-03-09 13:24:49,12,14,4745,12913
2023-03-09 13:24:59,13,14,4745,12913
2023-03-09 13:25:23,13,14,4745,12917
2023-03-09 13:25:28,13,15,4745,12917
2023-03-09 13:25:28,14,15,4745,12917
2023-03-09 13:25:30,14,17,4745,12917
2023-03-09 13:25:31,15,17,4745,12917
2023-03-09 13:25:39,16,17,4745,12917
2023-03-09 13:25:53,15,17,4745,12917
2023-03-09 13:25:54,17,18,4745,12921
2023-03-09 13:26:27,16,18,4745,12921
2023-03-09 13:26:27,17,18,4745,12921
2023-03-09 13:26:27,17,19,4745,13074
2023-03-09 13:26:31,17,18,4745,13074
2023-03-09 13:26:40,16,18,4745,13074
2023-03-09 13:26:41,17,18,4745,13074
2023-03-09 13:26:48,18,20,4745,13078
2023-03-09 13:26:54,18,21,4745,13078
2023-03-09 13:26:54,20,21,4745,13078
2023-03-09 13:27:04,20,21,4745,13137
2023-03-09 13:27:05,20,21,4736,13146
2023-03-09 13:27:07,19,21,4736,13146
2023-03-09 13:27:07,20,21,4736,13146
2023-03-09 13:27:13,19,21,4736,13146
2023-03-09 13:27:35,21,22,4736,13155
2023-03-09 13:27:40,21,22,4736,13159
2023-03-09 13:27:52,19,21,4618,13277
2023-03-09 13:28:14,20,21,4618,13277
2023-03-09 13:28:25,20,22,4820,13479
2023-03-09 13:28:27,18,20,4820,13483
2023-03-09 13:28:35,18,22,5054,13717
2023-03-09 13:28:35,20,22,5054,13717
2023-03-09 13:29:19,20,21,5054,13717
2023-03-09 13:29:21,20,21,5054,13721
2023-03-09 13:29:23,20,22,5054,13851
2023-03-09 13:29:23,20,21,5054,13851
2023-03-09 13:29:23,20,22,5054,13851
2023-03-09 13:29:24,18,22,5022,13883
2023-03-09 13:29:28,21,22,5022,13883
2023-03-09 13:29:32,19,21,4942,13963
2023-03-09 13:29:44,18,21,4942,13963
2023-03-09 13:29:45,18,20,4942,13963
2023-03-09 13:29:52,16,20,4712,14193
2023-03-09 13:29:55,19,20,4712,14193
2023-03-09 13:29:58,19,21,4712,14193
2023-03-09 13:29:58,19,20,4712,14193
2023-03-09 13:30:11,19,21,4938,14419
2023-03-09 13:30:29,20,21,4938,14419
2023-03-09 13:30:36,20,22,4938,14419
2023-03-09 13:30:36,20,21,4938,14419
2023-03-09 13:30:47,20,22,4938,14419
2023-03-09 13:31:03,17,22,4938,14419
2023-03-09 13:31:03,20,22,4938,14419
2023-03-09 13:31:03,20,21,4938,14419
2023-03-09 13:31:36,19,21,4938,14419
2023-03-09 13:31:59,20,21,4938,14419
2023-03-09 13:32:11,20,21,4938,14423
2023-03-09 13:32:20,20,22,4938,14423
2023-03-09 13:32:22,21,24,5132,14617
2023-03-09 13:32:26,22,24,5132,14617
2023-03-09 13:32:27,22,25,5523,15008
2023-03-09 13:32:32,24,25,5523,15008
2023-03-09 13:32:43,22,25,5523,15008
2023-03-09 13:32:43,26,28,5523,15012
2023-03-09 13:32:45,26,28,5523,15016
2023-03-09 13:32:47,24,28,5286,15253
2023-03-09 13:32:56,26,28,5286,15253
2023-03-09 13:32:58,26,29,5286,15253
2023-03-09 13:33:05,24,29,5286,15253
2023-03-09 13:33:05,26,29,5286,15253
2023-03-09 13:33:18,27,29,5286,15253
2023-03-09 13:33:26,27,28,5286,15253
2023-03-09 13:33:28,25,28,5172,15367
2023-03-09 13:33:40,25,29,5172,15367
2023-03-09 13:33:41,24,29,5172,15367
2023-03-09 13:33:42,26,29,5172,15367
2023-03-09 13:33:42,26,28,5172,15367
2023-03-09 13:34:26,26,27,5172,15367
2023-03-09 13:34:34,25,27,5172,15367
2023-03-09 13:34:48,27,28,5172,15371
2023-03-09 13:35:06,25,27,5172,15375
2023-03-09 13:35:16,23,27,4400,16147
2023-03-09 13:35:19,23,28,4400,16147
2023-03-09 13:35:20,26,28,4400,16147
2023-03-09 13:35:32,24,28,4400,16147
2023-03-09 13:35:32,26,28,4400,16147
2023-03-09 13:35:34,27,28,4400,16147
2023-03-09 13:36:02,25,28,4359,16188
2023-03-09 13:36:06,23,28,4359,16188
2023-03-09 13:36:06,24,28,4359,16188
2023-03-09 13:36:06,26,28,4359,16188
2023-03-09 13:36:08,27,28,4359,16188
2023-03-09 13:36:13,26,27,4359,16192
2023-03-09 13:36:16,24,27,4359,16192
2023-03-09 13:36:16,26,27,4359,16192
2023-03-09 13:36:29,24,27,4359,16192
2023-03-09 13:36:29,25,27,4359,16192
2023-03-09 13:36:35,24,27,4359,16192
2023-03-09 13:36:35,25,27,4359,16192
2023-03-09 13:36:42,25,26,4359,16192
2023-03-09 13:36:46,24,26,4359,16192
2023-03-09 13:36:46,25,26,4359,16192
2023-03-09 13:36:48,24,26,4209,16342
2023-03-09 13:37:17,24,27,4209,16342
2023-03-09 13:37:17,25,27,4209,16342
2023-03-09 13:37:25,25,28,4209,16342
2023-03-09 13:37:25,25,27,4209,16342
2023-03-09 13:37:34,25,28,4209,16342
2023-03-09 13:37:34,25,27,4209,16342
2023-03-09 13:37:40,25,28,4209,16342
2023-03-09 13:37:40,26,28,4209,16342
2023-03-09 13:38:23,26,28,4209,16346
2023-03-09 13:38:29,25,28,4209,16346
2023-03-09 13:38:30,25,27,4209,16346
2023-03-09 13:38:38,25,28,4209,16346
2023-03-09 13:38:56,26,28,4209,16346
2023-03-09 13:39:07,27,28,4209,16346
2023-03-09 13:39:11,27,28,4206,16350
2023-03-09 13:39:19,28,29,4392,16536
2023-03-09 13:39:29,28,31,4390,16540
2023-03-09 13:39:31,28,32,4390,16540
2023-03-09 13:39:31,30,32,4390,16540
2023-03-09 13:39:41,29,32,4390,16540
2023-03-09 13:39:41,31,32,4390,16540
2023-03-09 13:39:42,31,33,4390,16540
2023-03-09 13:39:59,30,33,4390,16540
2023-03-09 13:40:00,33,34,4387,16543
2023-03-09 13:40:03,31,33,4354,16576
2023-03-09 13:40:03,31,33,4350,16580
2023-03-09 13:40:17,29,33,4350,16580
2023-03-09 13:40:17,32,33,4350,16580
2023-03-09 13:40:25,32,33,4201,16729
2023-03-09 13:40:29,32,33,4171,16759
2023-03-09 13:40:31,30,33,4171,16797
2023-03-09 13:40:31,30,32,4171,16797
2023-03-09 13:40:35,30,33,4171,16797
2023-03-09 13:40:35,32,33,4171,16797
2023-03-09 13:40:37,32,33,4171,16801
2023-03-09 13:40:43,32,33,4171,16809
2023-03-09 13:40:43,31,33,4171,16809
2023-03-09 13:40:52,28,33,3982,16998
2023-03-09 13:40:52,28,32,3982,16998
2023-03-09 13:40:58,28,31,3982,16998
2023-03-09 13:41:00,28,32,3982,16998
2023-03-09 13:41:00,28,31,3982,16998
2023-03-09 13:41:03,28,32,3982,16998
2023-03-09 13:41:04,28,31,3982,16998
2023-03-09 13:41:04,28,31,3982,17146
2023-03-09 13:41:09,28,30,3982,17146
2023-03-09 13:41:09,28,30,3976,17152
2023-03-09 13:41:09,28,30,3976,17374
2023-03-09 13:41:11,28,29,3976,17374
2023-03-09 13:41:14,28,29,3976,17466
2023-03-09 13:41:17,27,28,3976,17730
2023-03-09 13:41:24,27,29,3976,17730
2023-03-09 13:41:25,27,28,3976,17730
2023-03-09 13:41:25,27,29,3976,17730
2023-03-09 13:41:38,26,29,3976,17954
2023-03-09 13:41:38,26,28,3976,17954
2023-03-09 13:41:39,26,27,3976,17954
2023-03-09 13:41:39,27,28,3976,18018
2023-03-09 13:41:40,27,28,3976,18082
2023-03-09 13:41:44,26,28,3976,18086
2023-03-09 13:41:48,25,28,3976,18086
2023-03-09 13:41:48,27,28,3976,18086
2023-03-09 13:41:49,25,28,3976,18086
2023-03-09 13:41:49,25,28,3976,18108
2023-03-09 13:41:51,26,31,3976,18108
2023-03-09 13:41:51,26,27,3976,18108
2023-03-09 13:41:56,26,29,3976,18108
2023-03-09 13:41:56,26,27,3976,18108
2023-03-09 13:42:11,26,31,3976,18108
2023-03-09 13:42:11,26,30,3976,18108
2023-03-09 13:42:11,26,28,3976,18108
2023-03-09 13:42:29,27,28,3976,18108
2023-03-09 13:42:44,26,28,3976,18108
2023-03-09 13:42:51,26,27,3976,18108
2023-03-09 13:43:15,25,27,3976,18317
2023-03-09 13:43:25,25,27,3976,18321
2023-03-09 13:43:28,24,28,3976,18321
2023-03-09 13:43:28,25,28,3976,18321
2023-03-09 13:43:28,25,27,3976,18321
2023-03-09 13:43:35,23,27,3976,18459
2023-03-09 13:43:40,25,27,3976,18459
2023-03-09 13:43:43,23,27,3976,18528
2023-03-09 13:43:45,23,26,3976,18528
2023-03-09 13:43:46,23,27,3976,18528
2023-03-09 13:43:48,23,26,3976,18528
2023-03-09 13:43:49,23,25,3976,18528
2023-03-09 13:43:59,23,25,3976,18532
2023-03-09 13:44:00,22,25,3976,18532
2023-03-09 13:44:00,21,25,3976,18532
2023-03-09 13:44:00,23,25,3976,18532
2023-03-09 13:44:14,23,24,3976,18532
2023-03-09 13:44:23,21,24,3976,18532
2023-03-09 13:44:32,22,24,3976,18532
2023-03-09 13:44:36,22,23,3976,18532
2023-03-09 13:44:47,22,24,3976,18567
2023-03-09 13:44:56,22,23,3976,18567
2023-03-09 13:44:56,22,24,3976,18567
2023-03-09 13:45:05,22,26,3976,18792
2023-03-09 13:45:05,22,25,3976,18792
2023-03-09 13:45:06,22,24,3976,18792
2023-03-09 13:45:27,22,23,3976,18792
2023-03-09 13:45:28,22,24,3976,18792
2023-03-09 13:45:55,24,26,3986,18906
2023-03-09 13:46:00,22,26,3986,18906
2023-03-09 13:46:00,22,24,3986,18906
2023-03-09 13:46:05,22,26,3986,19122
2023-03-09 13:46:09,22,28,3986,19122
2023-03-09 13:46:09,23,28,3986,19122
2023-03-09 13:46:09,23,25,3986,19122
2023-03-09 13:46:14,23,25,3986,19126
2023-03-09 13:46:28,23,27,3986,19126
2023-03-09 13:46:28,24,27,3986,19126
2023-03-09 13:46:34,24,27,3976,19267
2023-03-09 13:46:42,22,27,3976,19267
2023-03-09 13:46:42,24,27,3976,19267
2023-03-09 13:46:46,24,26,3976,19267
2023-03-09 13:46:47,24,27,3976,19267
2023-03-09 13:46:48,24,25,3976,19267
2023-03-09 13:47:13,24,26,3976,19271
2023-03-09 13:47:19,24,26,3976,19475
2023-03-09 13:47:20,26,28,3976,19478
2023-03-09 13:47:20,25,27,3976,19478
2023-03-09 13:47:21,26,27,3976,19478
2023-03-09 13:47:24,26,28,3976,19478
2023-03-09 13:47:24,26,27,3976,19478
2023-03-09 13:47:36,26,27,3976,19600
2023-03-09 13:47:37,27,28,3985,19609
2023-03-09 13:47:37,27,28,4017,19641
2023-03-09 13:47:46,26,28,4017,19641
2023-03-09 13:47:54,26,28,4017,19645
2023-03-09 13:48:00,29,30,4078,19706
2023-03-09 13:48:03,29,30,4112,19740
2023-03-09 13:48:15,32,33,4461,20089
2023-03-09 13:48:15,32,33,4530,20158
2023-03-09 13:48:15,32,33,4633,20261
2023-03-09 13:48:19,32,33,4811,20440
2023-03-09 13:48:21,33,36,4978,20607
2023-03-09 13:48:21,33,35,4978,20607
2023-03-09 13:48:22,33,39,4978,20607
2023-03-09 13:48:22,33,37,4978,20607
2023-03-09 13:48:23,33,37,5150,20779
2023-03-09 13:48:23,33,34,5150,20779
2023-03-09 13:48:23,32,34,5495,21124
2023-03-09 13:48:27,32,34,5495,21128
2023-03-09 13:48:28,32,34,5820,21455
2023-03-09 13:48:28,29,34,5820,21455
2023-03-09 13:48:30,34,38,5834,21469
2023-03-09 13:48:30,34,37,5834,21469
2023-03-09 13:48:41,35,37,5834,21469
2023-03-09 13:48:41,35,37,5612,21691
2023-03-09 13:48:41,35,37,5568,21735
2023-03-09 13:48:50,34,37,5568,21735
2023-03-09 13:48:50,34,37,5346,21957
2023-03-09 13:48:50,34,37,5324,21979
2023-03-09 13:48:50,39,41,5136,22167
2023-03-09 13:48:50,34,39,5102,22201
2023-03-09 13:48:51,34,41,5102,22201
2023-03-09 13:48:52,37,41,5102,22201
2023-03-09 13:48:56,37,40,5102,22201
2023-03-09 13:48:57,37,40,5102,22309
2023-03-09 13:48:57,37,41,5102,22309
2023-03-09 13:49:00,37,41,5098,22313
2023-03-09 13:49:06,37,41,4876,22535
2023-03-09 13:49:06,37,41,4654,22757
2023-03-09 13:49:06,37,41,4566,22845
2023-03-09 13:49:06,39,41,4566,22845
2023-03-09 13:49:06,39,43,4566,22845
2023-03-09 13:49:07,39,45,4566,22845
2023-03-09 13:49:07,39,42,4566,22845
2023-03-09 13:49:11,39,40,4566,22845
2023-03-09 13:49:15,39,42,4344,23067
2023-03-09 13:49:15,39,45,4274,23289
2023-03-09 13:49:15,39,45,4274,23311
2023-03-09 13:49:16,39,44,4274,23311
2023-03-09 13:49:16,39,45,4274,23311
2023-03-09 13:49:16,41,45,4274,23311
2023-03-09 13:49:21,43,45,4274,23311
2023-03-09 13:49:21,41,43,4219,23485
2023-03-09 13:49:23,41,46,4219,23485
2023-03-09 13:49:32,41,46,4215,23489
2023-03-09 13:49:33,41,46,4184,23520
2023-03-09 13:49:33,41,46,3867,23837
2023-03-09 13:49:33,41,47,3819,24154
2023-03-09 13:49:33,42,47,3819,24154
2023-03-09 13:49:36,43,47,3819,24154
2023-03-09 13:49:49,43,47,3819,24281
2023-03-09 13:49:50,43,44,3819,24281
2023-03-09 13:49:56,41,43,3681,24419
2023-03-09 13:50:05,41,44,3681,24423
2023-03-09 13:50:10,42,44,3681,24423
2023-03-09 13:50:11,42,46,3681,24423
2023-03-09 13:50:11,42,47,3681,24423
2023-03-09 13:50:11,42,46,3681,24423
2023-03-09 13:50:12,42,47,3681,24423
2023-03-09 13:50:31,43,47,3681,24423
2023-03-09 13:50:31,43,49,3681,24423
2023-03-09 13:50:31,43,48,3681,24423
2023-03-09 13:50:32,43,46,3681,24423
2023-03-09 13:50:33,44,46,3681,24423
2023-03-09 13:50:34,43,46,3681,24423
2023-03-09 13:50:35,44,46,3681,24423
2023-03-09 13:50:37,44,46,3681,24427
2023-03-09 13:50:40,43,46,3681,24427
2023-03-09 13:50:43,44,46,3681,24427
2023-03-09 13:50:48,44,45,3681,24427
2023-03-09 13:50:48,45,46,3681,24430
2023-03-09 13:50:49,45,49,3681,24430
2023-03-09 13:50:51,45,48,3681,24430
2023-03-09 13:50:58,45,47,3681,24430
2023-03-09 13:51:00,44,47,3681,24430
2023-03-09 13:51:00,43,46,3681,24430
2023-03-09 13:51:01,43,45,3681,24430
2023-03-09 13:51:01,42,45,3681,24430
2023-03-09 13:51:02,42,44,3681,24430
2023-03-09 13:51:03,41,44,3681,24430
2023-03-09 13:51:05,41,45,3681,24430
2023-03-09 13:51:09,41,44,3681,24430
2023-03-09 13:51:10,41,43,3681,24430
2023-03-09 13:51:10,40,43,3681,24430
2023-03-09 13:51:10,40,44,3678,24434
2023-03-09 13:51:11,41,44,3678,24434
2023-03-09 13:51:12,39,44,3678,24434
2023-03-09 13:51:12,39,43,3678,24434
2023-03-09 13:51:13,39,42,3678,24434
2023-03-09 13:51:14,39,43,3678,24434
2023-03-09 13:51:15,39,44,3678,24434
2023-03-09 13:51:15,40,44,3678,24434
2023-03-09 13:51:19,40,43,3678,24434
2023-03-09 13:51:20,39,42,3678,24434
2023-03-09 13:51:20,39,43,3678,24434
2023-03-09 13:51:24,39,41,3678,24434
2023-03-09 13:51:31,40,41,3678,24434
2023-03-09 13:51:41,39,41,3678,24434
2023-03-09 13:51:43,39,41,3678,24438
2023-03-09 13:51:46,39,40,3678,24438
2023-03-09 13:51:48,37,39,3678,24439
2023-03-09 13:51:49,37,41,3678,24439
2023-03-09 13:51:49,37,40,3678,24439
2023-03-09 13:51:53,37,39,3678,24439
2023-03-09 13:51:59,37,40,3678,24439
2023-03-09 13:52:00,37,39,3678,24439
2023-03-09 13:52:02,37,40,3678,24439
2023-03-09 13:52:02,37,39,3678,24439
2023-03-09 13:52:15,38,39,3678,24439
2023-03-09 13:52:21,38,40,3678,24439
2023-03-09 13:52:30,37,38,3678,24443
2023-03-09 13:52:30,37,38,3679,24447
2023-03-09 13:52:45,37,40,3679,24447
2023-03-09 13:52:45,37,39,3679,24447
2023-03-09 13:52:45,37,40,3679,24447
2023-03-09 13:52:48,37,40,3679,24451
2023-03-09 13:52:49,38,40,3679,24451
2023-03-09 13:52:49,40,41,3679,24617
2023-03-09 13:52:53,37,41,3679,24617
2023-03-09 13:53:00,37,40,3679,24617
2023-03-09 13:53:06,37,40,3679,24778
2023-03-09 13:53:07,38,40,3679,24778
2023-03-09 13:53:10,38,42,3679,24778
2023-03-09 13:53:10,38,41,3679,24778
2023-03-09 13:53:11,38,40,3679,24778
2023-03-09 13:53:19,37,40,3679,24778
2023-03-09 13:53:20,38,40,3679,24778
2023-03-09 13:53:20,39,41,3679,24778
2023-03-09 13:53:53,39,41,3679,24782
2023-03-09 13:53:57,38,41,3679,24782
2023-03-09 13:53:57,38,42,3679,24782
2023-03-09 13:53:57,39,42,3679,24782
2023-03-09 13:54:17,39,41,3679,24782
2023-03-09 13:54:25,39,41,3679,24786
2023-03-09 13:54:30,39,42,3679,24786
2023-03-09 13:54:30,39,41,3679,24786
2023-03-09 13:54:31,39,42,3679,24786
2023-03-09 13:54:31,40,42,3679,24786
2023-03-09 13:54:45,39,42,3679,24786
2023-03-09 13:54:45,41,42,3679,24786
2023-03-09 13:54:57,39,41,3648,24817
2023-03-09 13:54:58,40,41,3648,24817
2023-03-09 13:54:59,40,42,3648,24817
2023-03-09 13:55:10,40,41,3648,24817
2023-03-09 13:55:33,39,41,3648,24817
2023-03-09 13:55:36,39,40,3648,24817
2023-03-09 13:55:37,40,41,3648,24886
2023-03-09 13:55:38,39,40,3587,24947
2023-03-09 13:55:43,39,41,3587,24947
2023-03-09 13:55:47,40,41,3587,24947
2023-03-09 13:55:47,38,39,3770,25327
2023-03-09 13:55:53,38,41,3770,25327
2023-03-09 13:55:53,39,41,3770,25327
2023-03-09 13:55:55,38,41,3770,25327
2023-03-09 13:55:58,40,41,3770,25327
2023-03-09 13:56:03,40,41,3770,25331
2023-03-09 13:56:04,40,41,3769,25335
2023-03-09 13:56:07,41,42,3769,25367
2023-03-09 13:56:08,40,42,3769,25367
2023-03-09 13:56:14,40,41,3769,25367
2023-03-09 13:56:15,38,40,3617,25519
2023-03-09 13:56:22,40,41,3587,25549
2023-03-09 13:56:25,38,40,3585,25551
2023-03-09 13:56:29,37,41,3585,25551
2023-03-09 13:56:29,37,39,3585,25551
2023-03-09 13:56:36,37,38,3585,25551
2023-03-09 13:56:43,36,38,3585,25551
2023-03-09 13:56:43,37,38,3585,25551
2023-03-09 13:56:49,36,38,3585,25551
2023-03-09 13:56:52,38,40,3585,25586
2023-03-09 13:56:52,38,39,3585,25586
2023-03-09 13:56:55,37,39,3585,25586
2023-03-09 13:56:56,37,38,3585,25586
2023-03-09 13:57:02,37,39,3585,25648
2023-03-09 13:57:02,37,38,3585,25648
2023-03-09 13:57:02,37,39,3585,25648
2023-03-09 13:57:08,37,39,3585,25652
2023-03-09 13:57:15,38,39,3585,25652
2023-03-09 13:57:18,38,39,3585,25821
2023-03-09 13:57:26,38,42,3585,25821
2023-03-09 13:57:26,38,41,3585,25821
2023-03-09 13:57:26,38,42,3585,25821
2023-03-09 13:57:26,38,40,3585,25821
2023-03-09 13:57:27,38,39,3585,25821
2023-03-09 13:57:32,38,40,3585,25821
2023-03-09 13:57:32,38,42,3585,25821
2023-03-09 13:57:32,38,41,3585,25821
2023-03-09 13:57:40,38,42,3585,25821
2023-03-09 13:57:40,39,42,3585,25821
2023-03-09 13:57:40,39,41,3585,25821
2023-03-09 13:58:13,39,41,3583,25823
2023-03-09 13:58:22,39,43,3583,25823
2023-03-09 13:58:23,41,43,3583,25823
2023-03-09 13:58:26,39,41,3552,25854
2023-03-09 13:58:32,39,43,3552,25854
2023-03-09 13:58:32,40,43,3552,25854
2023-03-09 13:58:44,39,43,3552,25854
2023-03-09 13:58:44,41,43,3552,25854
2023-03-09 13:58:46,42,43,3552,25854
2023-03-09 13:58:49,41,42,3551,25858
2023-03-09 13:58:59,41,43,3551,25858
2023-03-09 13:58:59,41,42,3551,25858
2023-03-09 13:59:06,41,43,3551,25858
2023-03-09 13:59:19,41,42,3551,25858
2023-03-09 13:59:28,40,41,3520,25889
2023-03-09 13:59:31,40,42,3520,25889
2023-03-09 13:59:38,41,42,3520,25889
2023-03-09 13:59:54,40,41,3488,25921
2023-03-09 13:59:59,40,42,3488,25921
2023-03-09 14:00:18,40,41,3488,25921
2023-03-09 14:00:24,41,42,3488,25923
2023-03-09 14:00:57,41,42,3492,25927
2023-03-09 14:01:05,42,43,3492,25929
2023-03-09 14:01:10,43,44,3492,25932
2023-03-09 14:01:18,44,45,3587,26027
2023-03-09 14:01:19,44,45,3766,26206
2023-03-09 14:01:24,44,45,3766,26209
2023-03-09 14:01:30,44,45,3770,26213
2023-03-09 14:01:32,44,46,3770,26213
2023-03-09 14:01:33,44,47,3770,26213
2023-03-09 14:01:33,44,46,3770,26213
2023-03-09 14:01:45,44,47,3770,26213
2023-03-09 14:01:46,44,47,3770,26264
2023-03-09 14:01:46,46,47,3770,26264
2023-03-09 14:02:00,44,47,3770,26264
2023-03-09 14:02:01,46,47,3770,26264
2023-03-09 14:02:01,46,48,3728,26379
2023-03-09 14:02:01,46,49,3728,26379
2023-03-09 14:02:03,46,49,3728,26383
2023-03-09 14:02:06,46,48,3728,26383
2023-03-09 14:02:08,46,49,3728,26383
2023-03-09 14:02:13,46,48,3728,26383
2023-03-09 14:02:13,45,48,3728,26383
2023-03-09 14:02:13,47,48,3728,26383
2023-03-09 14:02:14,45,47,3728,26526
2023-03-09 14:02:17,45,48,3728,26526
2023-03-09 14:02:17,45,47,3728,26526
2023-03-09 14:02:22,45,46,3728,26526
2023-03-09 14:02:25,45,46,3489,26765
2023-03-09 14:02:27,45,48,3489,26765
2023-03-09 14:02:28,45,47,3489,26765
2023-03-09 14:02:31,43,47,3441,26813
2023-03-09 14:02:31,42,47,3441,26813
2023-03-09 14:02:32,45,47,3441,26813
2023-03-09 14:02:34,45,46,3441,26813
2023-03-09 14:02:35,43,45,3334,26920
2023-03-09 14:02:36,43,44,3334,26920
2023-03-09 14:02:43,43,44,3134,27120
2023-03-09 14:02:45,42,44,3134,27120
2023-03-09 14:02:45,44,47,3130,27124
2023-03-09 14:02:45,44,46,3130,27124
2023-03-09 14:02:57,44,47,3130,27124
2023-03-09 14:02:57,44,46,3130,27124
2023-03-09 14:02:57,44,47,3130,27124
2023-03-09 14:03:00,44,49,3130,27124
2023-03-09 14:03:00,44,49,3156,27150
2023-03-09 14:03:00,44,47,3156,27150
2023-03-09 14:03:00,44,45,3156,27150
2023-03-09 14:03:06,46,47,3423,27417
2023-03-09 14:03:06,46,48,3423,27417
2023-03-09 14:03:06,46,48,3556,27550
2023-03-09 14:03:06,46,48,3823,27817
2023-03-09 14:03:07,46,47,3823,27817
2023-03-09 14:03:09,46,47,3827,27821
2023-03-09 14:03:10,46,48,3827,27821
2023-03-09 14:03:10,46,47,3827,27821
2023-03-09 14:03:10,43,47,3827,27821
2023-03-09 14:03:10,44,47,3827,27821
2023-03-09 14:03:15,44,48,3827,27821
2023-03-09 14:03:15,45,48,3827,27821
2023-03-09 14:03:15,45,47,3827,27821
2023-03-09 14:03:21,46,47,3827,27821
2023-03-09 14:03:32,46,48,3827,27821
2023-03-09 14:03:32,46,47,3827,27821
2023-03-09 14:03:42,46,47,3831,27825
2023-03-09 14:03:42,46,47,3838,27832
2023-03-09 14:03:43,45,47,3838,27832
2023-03-09 14:03:46,45,48,3838,27832
2023-03-09 14:03:46,46,48,3838,27832
2023-03-09 14:03:46,46,50,3836,27922
2023-03-09 14:03:46,48,50,3836,27922
2023-03-09 14:04:01,46,50,3836,27922
2023-03-09 14:04:01,45,50,3836,27922
2023-03-09 14:04:01,47,50,3836,27922
2023-03-09 14:04:01,47,51,3731,28067
2023-03-09 14:04:01,49,51,3731,28067
2023-03-09 14:04:04,49,50,3731,28067
2023-03-09 14:04:13,49,51,3731,28067
2023-03-09 14:04:15,49,51,3731,28071
2023-03-09 14:04:18,46,51,3731,28071
2023-03-09 14:04:18,48,51,3731,28071
2023-03-09 14:04:18,50,51,3731,28071
2023-03-09 14:04:18,50,51,3728,28158
2023-03-09 14:04:26,50,51,3728,28274
2023-03-09 14:04:26,48,50,3554,28448
2023-03-09 14:04:33,44,50,3554,28448
2023-03-09 14:04:33,47,50,3554,28448
2023-03-09 14:04:33,47,50,3410,28592
2023-03-09 14:04:33,49,50,3410,28592
2023-03-09 14:04:41,47,50,3410,28592
2023-03-09 14:04:41,48,50,3410,28592
2023-03-09 14:04:48,48,50,3410,28596
2023-03-09 14:04:58,49,50,3410,28596
2023-03-09 14:04:59,47,48,3381,28773
2023-03-09 14:04:59,48,50,3377,28796
2023-03-09 14:05:00,47,50,3377,28796
2023-03-09 14:05:03,47,52,3377,28796
2023-03-09 14:05:03,47,51,3377,28796
2023-03-09 14:05:03,47,52,3377,28796
2023-03-09 14:05:03,48,52,3377,28796
2023-03-09 14:05:03,48,50,3377,28796
2023-03-09 14:05:10,47,50,3377,28796
2023-03-09 14:05:10,47,52,3377,28796
2023-03-09 14:05:10,48,52,3377,28796
2023-03-09 14:05:10,48,50,3377,28796
2023-03-09 14:05:21,48,50,3381,28800
2023-03-09 14:05:27,48,51,3381,28800
2023-03-09 14:05:27,49,51,3381,28800
2023-03-09 14:05:28,49,50,3381,28800
2023-03-09 14:05:33,49,51,3381,28800
2023-03-09 14:05:33,49,52,3381,28800
2023-03-09 14:05:35,47,52,3381,28800
2023-03-09 14:05:45,46,52,3381,28800
2023-03-09 14:05:54,46,52,3385,28804
2023-03-09 14:05:54,49,52,3385,28804
2023-03-09 14:05:59,49,51,3385,28804
2023-03-09 14:06:00,46,51,3385,28804
2023-03-09 14:06:15,45,51,3385,28804
2023-03-09 14:06:36,45,51,3385,28808
2023-03-09 14:06:36,48,51,3385,28808
2023-03-09 14:07:15,48,51,3385,28812
2023-03-09 14:07:29,48,50,3385,28812
2023-03-09 14:07:29,46,50,3385,28812
2023-03-09 14:07:49,46,50,3385,28816
2023-03-09 14:07:51,46,48,3385,28816
2023-03-09 14:08:09,47,48,3385,28816
2023-03-09 14:08:15,47,48,3395,28826
2023-03-09 14:08:16,46,48,3395,28826
2023-03-09 14:08:19,46,50,3395,28826
2023-03-09 14:08:19,46,51,3395,28826
2023-03-09 14:08:19,47,51,3395,28826
2023-03-09 14:08:19,47,49,3395,28826
2023-03-09 14:08:20,47,48,3395,28826
2023-03-09 14:08:22,47,48,3399,28830
2023-03-09 14:08:32,44,48,3399,28830
2023-03-09 14:08:33,44,50,3399,28830
2023-03-09 14:08:33,46,50,3399,28830
2023-03-09 14:08:33,46,48,3399,28830
2023-03-09 14:08:39,45,48,3399,28830
2023-03-09 14:08:39,45,50,3399,28830
2023-03-09 14:08:39,46,50,3399,28830
2023-03-09 14:08:39,46,48,3399,28830
2023-03-09 14:08:54,45,48,3399,28830
2023-03-09 14:08:54,45,50,3399,28830
2023-03-09 14:08:54,45,51,3399,28830
2023-03-09 14:08:54,46,51,3399,28830
2023-03-09 14:08:54,46,49,3399,28830
2023-03-09 14:08:55,46,49,3403,28834
2023-03-09 14:09:15,46,48,3403,28834
2023-03-09 14:09:17,46,49,3403,28834
2023-03-09 14:09:17,46,50,3403,28834
2023-03-09 14:09:17,46,48,3403,28834
2023-03-09 14:09:28,46,48,3399,28838
2023-03-09 14:09:30,44,48,3399,28838
2023-03-09 14:09:30,44,49,3399,28838
2023-03-09 14:09:30,44,47,3399,28838
2023-03-09 14:09:40,44,46,3399,28838
2023-03-09 14:09:42,45,46,3399,28838
2023-03-09 14:09:48,44,46,3399,28838
2023-03-09 14:09:48,44,47,3399,28890
2023-03-09 14:09:52,44,46,3399,28890
2023-03-09 14:09:53,46,47,3399,28941
2023-03-09 14:09:55,44,47,3399,28941
2023-03-09 14:10:00,44,48,3400,28945
2023-03-09 14:10:01,44,47,3400,28945
2023-03-09 14:10:08,45,47,3400,28945
2023-03-09 14:10:12,44,47,3400,28945
2023-03-09 14:10:18,44,49,3400,28945
2023-03-09 14:10:18,44,50,3400,28945
2023-03-09 14:10:19,45,50,3400,28945
2023-03-09 14:10:19,45,48,3400,28945
2023-03-09 14:10:33,45,48,3404,28949
2023-03-09 14:10:37,45,50,3404,28949
2023-03-09 14:10:37,45,49,3404,28949
2023-03-09 14:10:37,45,50,3404,28949
2023-03-09 14:10:37,46,50,3404,28949
2023-03-09 14:10:37,46,49,3404,28949
2023-03-09 14:10:40,47,49,3404,28949
2023-03-09 14:10:42,46,49,3404,28949
2023-03-09 14:10:44,46,48,3404,28949
2023-03-09 14:10:56,46,50,3404,28949
2023-03-09 14:10:56,46,49,3404,28949
2023-03-09 14:10:56,46,50,3404,28949
2023-03-09 14:10:56,46,49,3404,28949
2023-03-09 14:11:05,46,48,3404,28949
2023-03-09 14:11:05,44,48,3295,29058
2023-03-09 14:11:06,45,48,3295,29058
2023-03-09 14:11:06,45,47,3295,29058
2023-03-09 14:11:31,46,47,3295,29058
2023-03-09 14:11:31,46,48,3291,29138
2023-03-09 14:11:32,46,49,3291,29138
2023-03-09 14:11:32,46,48,3291,29138
2023-03-09 14:11:39,46,49,3295,29142
2023-03-09 14:11:39,46,48,3295,29142
2023-03-09 14:11:44,46,49,3295,29142
2023-03-09 14:11:44,46,48,3295,29142
2023-03-09 14:11:59,46,49,3295,29142
2023-03-09 14:11:59,46,48,3295,29142
2023-03-09 14:12:04,46,49,3295,29142
2023-03-09 14:12:04,46,48,3295,29142
2023-03-09 14:12:11,46,48,3299,29146
2023-03-09 14:12:12,48,49,3299,29170
2023-03-09 14:12:14,46,49,3299,29170
2023-03-09 14:12:31,47,49,3299,29170
2023-03-09 14:12:44,47,50,3301,29174
2023-03-09 14:13:17,47,50,3305,29178
2023-03-09 14:13:20,45,50,3305,29178
2023-03-09 14:13:20,45,51,3305,29178
2023-03-09 14:13:20,47,51,3305,29178
2023-03-09 14:13:21,47,49,3305,29178
2023-03-09 14:13:32,46,49,3305,29178
2023-03-09 14:13:32,46,51,3305,29178
2023-03-09 14:13:32,47,51,3305,29178
2023-03-09 14:13:32,47,50,3305,29178
2023-03-09 14:13:50,47,51,3305,29178
2023-03-09 14:13:50,47,51,3309,29182
2023-03-09 14:13:50,48,51,3309,29182
2023-03-09 14:14:07,47,51,3309,29182
2023-03-09 14:14:07,48,51,3309,29182
2023-03-09 14:14:07,48,50,3309,29182
2023-03-09 14:14:08,48,49,3309,29182
2023-03-09 14:14:11,48,50,3309,29182
2023-03-09 14:14:17,46,50,3309,29182
2023-03-09 14:14:17,46,51,3309,29182
2023-03-09 14:14:17,48,51,3309,29182
2023-03-09 14:14:17,48,50,3309,29182
2023-03-09 14:14:30,48,49,3309,29182
2023-03-09 14:14:36,46,49,3313,29241
2023-03-09 14:14:36,46,48,3313,29241
2023-03-09 14:14:36,46,47,3313,29241
2023-03-09 14:14:36,42,47,3313,29241
2023-03-09 14:14:37,45,47,3313,29241
2023-03-09 14:14:48,43,47,3313,29241
2023-03-09 14:14:48,43,48,3313,29241
2023-03-09 14:14:49,45,48,3313,29241
2023-03-09 14:14:56,45,48,3309,29245
2023-03-09 14:15:20,43,48,3309,29245
2023-03-09 14:15:20,45,48,3309,29245
2023-03-09 14:15:29,45,48,3305,29249
2023-03-09 14:15:37,42,48,3305,29249
2023-03-09 14:15:37,43,48,3305,29249
2023-03-09 14:15:37,45,48,3305,29249
2023-03-09 14:15:37,45,47,3305,29249
2023-03-09 14:15:47,45,48,3305,29249
2023-03-09 14:15:48,46,48,3305,29249
2023-03-09 14:16:02,46,48,3301,29253
2023-03-09 14:16:04,46,48,3274,29280
2023-03-09 14:16:10,44,48,3274,29357
2023-03-09 14:16:17,44,48,3285,29628
2023-03-09 14:16:24,44,47,3285,29628
2023-03-09 14:16:25,45,47,3285,29628
2023-03-09 14:16:27,45,47,3413,29756
2023-03-09 14:16:32,45,46,3413,29756
2023-03-09 14:16:33,45,47,3413,29756
2023-03-09 14:16:34,45,46,3413,29756
2023-03-09 14:16:37,45,47,3413,29756
2023-03-09 14:16:37,43,47,3413,29760
2023-03-09 14:16:40,43,46,3413,29760
2023-03-09 14:16:41,43,47,3413,29760
2023-03-09 14:16:43,43,46,3413,29760
2023-03-09 14:16:44,41,46,3413,29760
2023-03-09 14:16:44,40,46,3413,29760
2023-03-09 14:16:44,41,46,3413,29760
2023-03-09 14:16:44,41,44,3413,29760
2023-03-09 14:16:44,41,43,3413,29760
2023-03-09 14:16:52,42,43,3413,29760
2023-03-09 14:17:11,42,43,3413,29764
2023-03-09 14:17:12,42,44,3361,29816
2023-03-09 14:17:15,43,44,3361,29816
2023-03-09 14:17:16,42,44,3361,29816
2023-03-09 14:17:20,41,44,3351,29842
2023-03-09 14:17:20,41,43,3351,29842
2023-03-09 14:17:26,41,44,3351,29842
2023-03-09 14:17:26,41,43,3351,29842
2023-03-09 14:17:32,43,44,3286,29972
2023-03-09 14:17:32,43,44,3286,29983
2023-03-09 14:17:40,41,43,3286,29983
2023-03-09 14:17:40,41,44,3286,29983
2023-03-09 14:17:41,41,46,3286,29983
2023-03-09 14:17:41,41,47,3286,29983
2023-03-09 14:17:41,41,44,3286,29983
2023-03-09 14:17:42,41,43,3286,29983
2023-03-09 14:17:44,42,43,3286,29983
2023-03-09 14:18:11,42,47,3282,29987
2023-03-09 14:18:16,43,47,3282,29987
2023-03-09 14:18:16,43,45,3282,29987
2023-03-09 14:18:34,45,47,3278,29991
2023-03-09 14:18:44,43,47,3278,29991
2023-03-09 14:18:45,44,47,3278,29991
2023-03-09 14:18:49,45,47,3278,29991
2023-03-09 14:19:21,45,47,3278,29994
2023-03-09 14:19:31,45,48,3278,29994
2023-03-09 14:19:49,46,48,3278,29994
2023-03-09 14:19:54,46,48,3278,29998
2023-03-09 14:20:17,46,47,3278,29998
2023-03-09 14:20:26,43,45,3284,30004
2023-03-09 14:20:28,43,44,3284,30004
2023-03-09 14:20:41,45,47,3280,30008
2023-03-09 14:20:50,43,47,3280,30008
2023-03-09 14:20:50,43,48,3280,30008
2023-03-09 14:20:50,45,48,3280,30008
2023-03-09 14:20:51,45,47,3280,30008
2023-03-09 14:20:51,45,48,3280,30008
2023-03-09 14:20:56,45,48,3280,30008
2023-03-09 14:21:00,45,48,3284,30012
2023-03-09 14:21:02,45,47,3284,30012
2023-03-09 14:21:07,45,48,3284,30012
2023-03-09 14:21:12,45,47,3284,30012
2023-03-09 14:21:28,44,47,3284,30012
2023-03-09 14:21:28,46,47,3284,30012
2023-03-09 14:21:29,44,45,3320,30115
2023-03-09 14:21:33,44,45,3320,30119
2023-03-09 14:21:38,44,47,3320,30119
2023-03-09 14:21:45,44,45,3320,30119
2023-03-09 14:21:49,43,45,3594,30393
2023-03-09 14:21:52,44,45,3594,30393
2023-03-09 14:21:59,43,45,3594,30393
2023-03-09 14:22:06,43,45,3594,30397
2023-03-09 14:22:07,43,46,3594,30397
2023-03-09 14:22:07,43,45,3594,30397
2023-03-09 14:22:22,43,47,3594,30397
2023-03-09 14:22:22,43,46,3594,30397
2023-03-09 14:22:22,43,44,3594,30397
2023-03-09 14:22:28,44,46,3570,30421
2023-03-09 14:22:29,43,45,3570,30421
2023-03-09 14:22:30,43,47,3570,30421
2023-03-09 14:22:30,43,44,3570,30421
2023-03-09 14:22:39,43,44,3570,30425
2023-03-09 14:22:41,43,47,3570,30425
2023-03-09 14:22:41,44,47,3570,30425
2023-03-09 14:22:41,44,46,3570,30425
2023-03-09 14:22:42,44,45,3570,30425
2023-03-09 14:22:43,44,46,3570,30425
2023-03-09 14:22:53,44,47,3570,30425
2023-03-09 14:22:53,44,46,3570,30425
2023-03-09 14:23:12,44,46,3570,30429
2023-03-09 14:23:12,44,46,3566,30433
2023-03-09 14:23:20,43,46,3566,30433
2023-03-09 14:23:20,43,44,3566,30433
2023-03-09 14:23:31,43,46,3566,30433
2023-03-09 14:23:31,43,44,3566,30433
2023-03-09 14:23:40,43,46,3566,30433
2023-03-09 14:23:40,43,44,3566,30433
2023-03-09 14:23:45,43,44,3566,30437
2023-03-09 14:23:46,43,44,3566,30438
2023-03-09 14:23:54,43,45,3566,30438
2023-03-09 14:23:54,43,44,3566,30438
2023-03-09 14:24:04,43,45,3566,30438
2023-03-09 14:24:04,43,44,3566,30438
2023-03-09 14:24:18,42,44,3566,30442
2023-03-09 14:24:24,42,45,3566,30442
2023-03-09 14:24:24,42,44,3566,30442
2023-03-09 14:24:24,41,42,3574,30450
2023-03-09 14:24:27,41,43,3574,30450
2023-03-09 14:24:36,39,42,3574,30450
2023-03-09 14:24:37,38,42,3574,30450
2023-03-09 14:24:39,38,43,3574,30450
2023-03-09 14:24:46,38,42,3574,30450
2023-03-09 14:24:47,37,42,3574,30450
2023-03-09 14:24:52,37,42,3570,30454
2023-03-09 14:24:53,37,40,3570,30454
2023-03-09 14:25:01,36,40,3570,30454
2023-03-09 14:25:25,36,40,3566,30458
2023-03-09 14:25:31,36,39,3566,30458
2023-03-09 14:25:39,36,40,3566,30458
2023-03-09 14:25:50,36,41,3566,30458
2023-03-09 14:25:50,36,40,3566,30458
2023-03-09 14:25:53,40,41,3566,30462
2023-03-09 14:25:57,36,41,3566,30462
2023-03-09 14:25:58,36,41,3562,30466
2023-03-09 14:25:59,36,40,3562,30466
2023-03-09 14:26:09,38,40,3562,30466
2023-03-09 14:26:11,40,41,3562,30470
2023-03-09 14:26:11,40,41,3562,30474
2023-03-09 14:26:13,38,44,3562,30474
2023-03-09 14:26:15,39,44,3562,30474
2023-03-09 14:26:15,39,41,3562,30474
2023-03-09 14:26:31,40,41,3562,30474
2023-03-09 14:26:31,40,44,3562,30474
2023-03-09 14:26:31,40,42,3562,30474
2023-03-09 14:26:34,41,42,3562,30474
2023-03-09 14:26:38,41,43,3558,30478
2023-03-09 14:26:44,41,43,3483,30553
2023-03-09 14:26:54,41,45,3483,30553
2023-03-09 14:26:54,41,44,3483,30553
2023-03-09 14:27:00,43,44,3483,30553
2023-03-09 14:27:04,43,44,3483,30557
2023-03-09 14:27:19,43,47,3483,30557
2023-03-09 14:27:20,45,47,3483,30557
2023-03-09 14:27:33,44,47,3483,30557
2023-03-09 14:27:33,46,47,3483,30557
2023-03-09 14:27:37,46,47,3483,30561
2023-03-09 14:27:42,44,47,3483,30561
2023-03-09 14:27:42,46,47,3483,30561
2023-03-09 14:28:10,46,47,3483,30565
2023-03-09 14:28:26,44,47,3483,30565
2023-03-09 14:28:26,45,47,3483,30565
2023-03-09 14:28:26,47,48,3483,30567
2023-03-09 14:28:33,44,48,3483,30567
2023-03-09 14:28:33,46,48,3483,30567
2023-03-09 14:28:40,44,48,3483,30567
2023-03-09 14:28:40,45,48,3483,30567
2023-03-09 14:28:40,47,48,3483,30567
2023-03-09 14:28:42,47,48,3487,30571
2023-03-09 14:29:15,47,48,3491,30575
2023-03-09 14:29:18,45,48,3491,30575
2023-03-09 14:29:18,47,48,3491,30575
2023-03-09 14:29:32,44,48,3491,30575
2023-03-09 14:29:32,44,48,3515,30599
2023-03-09 14:29:32,46,48,3515,30599
2023-03-09 14:29:38,46,48,3563,30647
2023-03-09 14:29:46,45,48,3563,30647
2023-03-09 14:29:46,47,48,3563,30647
2023-03-09 14:29:48,47,48,3567,30651
2023-03-09 14:29:52,45,48,3567,30651
2023-03-09 14:29:52,48,49,3638,30722
2023-03-09 14:29:55,48,50,3638,30722
2023-03-09 14:29:59,46,50,3638,30722
2023-03-09 14:29:59,45,50,3638,30722
2023-03-09 14:29:59,47,50,3638,30722
2023-03-09 14:30:03,48,50,3638,30722
2023-03-09 14:30:08,47,50,3638,30722
2023-03-09 14:30:13,48,50,3638,30722
2023-03-09 14:30:21,48,50,3638,30726
2023-03-09 14:30:21,48,51,3638,30726
2023-03-09 14:30:21,50,51,3638,30726
2023-03-09 14:30:29,50,52,3638,30726
2023-03-09 14:30:31,48,52,3638,30726
2023-03-09 14:30:31,50,52,3638,30726
2023-03-09 14:30:31,50,52,3658,30746
2023-03-09 14:30:41,48,52,3658,30746
2023-03-09 14:30:41,51,52,3658,30746
2023-03-09 14:30:43,51,53,3658,30746
2023-03-09 14:30:45,52,53,3658,30746
2023-03-09 14:30:47,52,53,3748,30836
2023-03-09 14:30:53,52,53,3752,30840
2023-03-09 14:30:55,52,54,3752,30840
2023-03-09 14:30:58,53,54,3752,30840
2023-03-09 14:31:16,53,54,3749,30885
2023-03-09 14:31:18,53,55,3749,30885
2023-03-09 14:31:20,53,56,3749,30885
2023-03-09 14:31:20,54,56,3749,30885
2023-03-09 14:31:23,54,55,3749,30885
2023-03-09 14:31:24,54,56,3749,30885
2023-03-09 14:31:26,54,56,3753,30889
2023-03-09 14:31:28,55,56,3753,30889
2023-03-09 14:31:46,54,56,3773,30909
2023-03-09 14:31:46,54,55,3773,30909
2023-03-09 14:31:49,54,56,3773,30909
2023-03-09 14:31:49,54,55,3773,30909
2023-03-09 14:31:51,53,55,3773,30909
2023-03-09 14:31:53,53,56,3773,30909
2023-03-09 14:31:57,51,56,3773,30909
2023-03-09 14:31:59,51,56,3777,30913
2023-03-09 14:32:12,52,56,3777,30913
2023-03-09 14:32:22,52,55,3777,30913
2023-03-09 14:32:32,52,55,3781,30917
2023-03-09 14:32:35,52,56,3781,30917
2023-03-09 14:32:50,52,55,3781,30917
2023-03-09 14:32:52,52,55,3785,30921
2023-03-09 14:32:52,52,56,3785,30921
2023-03-09 14:32:57,52,56,3785,30921
2023-03-09 14:33:01,53,56,3785,30921
2023-03-09 14:33:05,53,56,3789,30925
2023-03-09 14:33:32,53,56,3839,30975
2023-03-09 14:33:33,53,57,3839,30975
2023-03-09 14:33:33,53,56,3839,30975
2023-03-09 14:33:34,53,57,3839,30975
2023-03-09 14:33:38,53,57,3841,30979
2023-03-09 14:33:44,53,56,3841,30979
2023-03-09 14:33:53,53,55,3841,30979
2023-03-09 14:33:58,54,55,3841,30979
2023-03-09 14:34:04,54,56,3841,30979
2023-03-09 14:34:04,54,55,3841,30979
2023-03-09 14:34:07,53,55,3856,30994
2023-03-09 14:34:07,53,56,3856,30994
2023-03-09 14:34:12,53,55,3860,30998
2023-03-09 14:34:12,53,56,3860,30998
2023-03-09 14:34:12,53,55,3860,30998
2023-03-09 14:34:14,53,55,3998,31136
2023-03-09 14:34:15,53,55,4048,31186
2023-03-09 14:34:15,53,55,4110,31248
2023-03-09 14:34:15,53,55,4203,31341
2023-03-09 14:34:15,53,55,4246,31384
2023-03-09 14:34:15,53,56,4246,31384
2023-03-09 14:34:16,53,56,4296,31434
2023-03-09 14:34:16,53,55,4296,31434
2023-03-09 14:34:35,53,55,4296,31434
2023-03-09 14:34:45,53,55,4296,31438
2023-03-09 14:34:57,53,55,4296,31463
2023-03-09 14:35:00,53,56,4296,31463
2023-03-09 14:35:01,53,55,4296,31463
2023-03-09 14:35:04,52,55,4306,31473
2023-03-09 14:35:04,52,54,4306,31473
2023-03-09 14:35:08,51,54,4326,31493
2023-03-09 14:35:19,51,54,4326,31497
2023-03-09 14:35:27,51,53,4326,31497
2023-03-09 14:35:28,50,53,4326,31497
2023-03-09 14:35:30,50,54,4326,31497
2023-03-09 14:35:31,50,53,4326,31497
2023-03-09 14:35:35,50,52,4326,31497
2023-03-09 14:35:38,49,52,4326,31522
2023-03-09 14:35:51,49,50,4326,31522
2023-03-09 14:35:59,48,50,4326,31522
2023-03-09 14:36:02,49,50,4326,31522
2023-03-09 14:36:24,49,50,4330,31526
2023-03-09 14:36:24,49,50,4330,31530
2023-03-09 14:36:38,48,49,4330,31532
2023-03-09 14:36:57,48,49,4334,31536
2023-03-09 14:36:57,48,49,4334,31540
2023-03-09 14:37:30,46,47,4334,31542
2023-03-09 14:37:31,47,49,4332,31544
2023-03-09 14:37:38,46,49,4332,31544
2023-03-09 14:37:50,48,49,4332,31544
2023-03-09 14:37:53,48,49,4332,31548
2023-03-09 14:37:55,46,49,4332,31548
2023-03-09 14:37:56,48,49,4332,31548
2023-03-09 14:37:58,46,48,4332,31592
2023-03-09 14:37:59,46,48,4348,31608
2023-03-09 14:38:02,45,48,4348,31608
2023-03-09 14:38:02,46,48,4348,31608
2023-03-09 14:38:02,46,48,4348,31630
2023-03-09 14:38:03,46,48,4348,31634
2023-03-09 14:38:08,45,48,4348,31634
2023-03-09 14:38:08,47,48,4348,31634
2023-03-09 14:38:13,45,48,4348,31634
2023-03-09 14:38:14,47,48,4348,31634
2023-03-09 14:38:19,45,47,4348,31678
2023-03-09 14:38:19,45,47,4392,31722
2023-03-09 14:38:21,46,47,4392,31722
2023-03-09 14:38:22,46,47,4392,31743
2023-03-09 14:38:36,46,47,4392,31747
2023-03-09 14:38:38,46,47,4378,31767
2023-03-09 14:38:49,46,47,4256,31889
2023-03-09 14:38:53,44,47,4256,31889
2023-03-09 14:38:56,44,48,4256,31889
2023-03-09 14:38:56,44,47,4256,31889
2023-03-09 14:39:07,45,47,4256,31889
2023-03-09 14:39:09,45,46,4256,31889
2023-03-09 14:39:15,46,47,4252,31893
2023-03-09 14:39:21,46,48,4252,31893
2023-03-09 14:39:21,46,47,4252,31893
2023-03-09 14:39:31,46,48,4252,31893
2023-03-09 14:39:41,46,48,4252,31897
2023-03-09 14:39:45,47,48,4252,31897
2023-03-09 14:39:57,46,48,4252,31897
2023-03-09 14:40:03,46,47,4252,31897
2023-03-09 14:40:04,45,47,4161,32066
2023-03-09 14:40:06,45,48,4161,32066
2023-03-09 14:40:06,44,48,4161,32066
2023-03-09 14:40:06,44,47,4161,32066
2023-03-09 14:40:14,44,47,4161,32070
2023-03-09 14:40:15,44,48,4161,32070
2023-03-09 14:40:18,44,46,4161,32070
2023-03-09 14:40:19,45,46,4161,32070
2023-03-09 14:40:23,45,46,4165,32074
2023-03-09 14:40:27,45,46,4231,32140
2023-03-09 14:40:27,44,46,4231,32140
2023-03-09 14:40:28,44,45,4231,32140
2023-03-09 14:40:34,43,44,4231,32161
2023-03-09 14:40:42,42,43,4248,32178
2023-03-09 14:40:44,39,43,4248,32178
2023-03-09 14:40:47,39,43,4248,32182
2023-03-09 14:40:54,39,44,4248,32182
2023-03-09 14:40:54,39,43,4248,32182
2023-03-09 14:40:54,39,40,4248,32182
2023-03-09 14:41:04,40,43,4133,32297
2023-03-09 14:41:04,40,42,4133,32297
2023-03-09 14:41:05,39,43,4133,32297
2023-03-09 14:41:05,40,43,4133,32297
2023-03-09 14:41:07,40,44,4133,32297
2023-03-09 14:41:07,40,41,4133,32297
2023-03-09 14:41:16,39,41,4133,32297
2023-03-09 14:41:17,41,44,4037,32393
2023-03-09 14:41:17,41,43,4037,32393
2023-03-09 14:41:18,41,43,3993,32450
2023-03-09 14:41:18,41,44,3993,32450
2023-03-09 14:41:18,41,43,3993,32450
2023-03-09 14:41:19,41,44,3993,32450
2023-03-09 14:41:20,41,43,3993,32450
2023-03-09 14:41:20,41,43,3993,32454
2023-03-09 14:41:21,41,44,3993,32454
2023-03-09 14:41:27,42,44,3993,32454
2023-03-09 14:41:30,42,43,3993,32454
2023-03-09 14:41:37,42,44,3955,32492
2023-03-09 14:41:41,42,46,3955,32492
2023-03-09 14:41:41,43,46,3955,32492
2023-03-09 14:41:41,43,45,3955,32492
2023-03-09 14:41:53,43,45,3955,32496
2023-03-09 14:41:54,43,44,3955,32496
2023-03-09 14:41:57,41,44,3955,32496
2023-03-09 14:41:57,42,44,3955,32496
2023-03-09 14:42:03,42,45,3955,32496
2023-03-09 14:42:03,43,45,3955,32496
2023-03-09 14:42:26,43,45,3955,32500
2023-03-09 14:42:31,43,46,3955,32500
2023-03-09 14:42:32,43,45,3955,32500
2023-03-09 14:42:41,43,46,3955,32500
2023-03-09 14:42:53,43,47,3955,32500
2023-03-09 14:42:53,43,46,3955,32500
2023-03-09 14:42:54,44,46,3955,32500
2023-03-09 14:42:58,44,46,3955,32504
2023-03-09 14:43:18,44,45,3955,32504
2023-03-09 14:43:31,44,45,3955,32508
2023-03-09 14:43:36,44,49,3955,32508
2023-03-09 14:43:36,44,46,3955,32508
2023-03-09 14:43:50,44,50,3955,32508
2023-03-09 14:43:50,45,50,3955,32508
2023-03-09 14:43:50,45,47,3955,32508
2023-03-09 14:44:04,45,46,3955,32508
2023-03-09 14:44:24,44,46,3955,32508
2023-03-09 14:44:25,45,46,3955,32508
2023-03-09 14:44:34,44,46,3955,32508
2023-03-09 14:45:09,45,46,3955,32508
2023-03-09 14:45:10,45,46,3955,32510
2023-03-09 14:45:19,45,47,3955,32510
2023-03-09 14:45:19,45,46,3955,32510
2023-03-09 14:45:25,44,45,3955,32512
2023-03-09 14:45:33,44,46,3955,32512
2023-03-09 14:45:41,43,44,3955,32538
2023-03-09 14:45:42,43,44,3959,32542
2023-03-09 14:45:42,43,44,3959,32546
2023-03-09 14:45:51,43,46,3959,32546
2023-03-09 14:45:51,43,45,3959,32546
2023-03-09 14:46:15,43,45,3959,32550
2023-03-09 14:46:20,43,46,3959,32550
2023-03-09 14:46:20,43,44,3959,32550
2023-03-09 14:46:26,42,44,3959,32550
2023-03-09 14:46:33,41,44,3959,32550
2023-03-09 14:46:33,42,44,3959,32550
2023-03-09 14:46:43,41,44,3959,32550
2023-03-09 14:46:43,41,46,3959,32550
2023-03-09 14:46:43,43,46,3959,32550
2023-03-09 14:46:43,43,45,3959,32550
2023-03-09 14:46:47,43,45,3959,32554
2023-03-09 14:46:56,42,45,3959,32554
2023-03-09 14:46:56,42,46,3959,32554
2023-03-09 14:46:56,43,46,3959,32554
2023-03-09 14:46:56,43,45,3959,32554
2023-03-09 14:47:20,43,45,3959,32558
2023-03-09 14:47:32,43,44,3959,32558
2023-03-09 14:47:39,43,45,3959,32558
2023-03-09 14:47:39,43,44,3959,32558
2023-03-09 14:47:47,43,45,3959,32558
2023-03-09 14:47:47,43,44,3959,32558
2023-03-09 14:47:52,43,44,3959,32562
2023-03-09 14:47:54,43,45,3959,32562
2023-03-09 14:47:54,43,44,3959,32562
2023-03-09 14:48:03,44,45,3959,32598
2023-03-09 14:48:06,44,45,3959,32692
2023-03-09 14:48:10,43,45,3801,32850
2023-03-09 14:48:10,46,47,3950,33070
2023-03-09 14:48:20,46,48,3950,33070
2023-03-09 14:48:20,46,50,3950,33070
2023-03-09 14:48:20,46,49,3950,33070
2023-03-09 14:48:24,46,49,3954,33074
2023-03-09 14:48:30,46,50,3954,33074
2023-03-09 14:48:30,48,50,3954,33074
2023-03-09 14:48:30,48,49,3954,33074
2023-03-09 14:48:30,48,50,3954,33074
2023-03-09 14:48:40,49,50,3954,33074
2023-03-09 14:48:40,49,51,3954,33209
2023-03-09 14:48:40,49,51,3990,33263
2023-03-09 14:48:48,48,51,3990,33263
2023-03-09 14:48:48,50,51,3990,33263
2023-03-09 14:48:55,50,52,3990,33263
2023-03-09 14:48:55,50,53,3990,33263
2023-03-09 14:48:56,50,53,3994,33267
2023-03-09 14:48:57,52,53,3994,33267
2023-03-09 14:48:57,52,53,4046,33319
2023-03-09 14:48:58,52,55,4046,33319
2023-03-09 14:49:02,53,55,4046,33319
2023-03-09 14:49:05,53,54,4046,33319
2023-03-09 14:49:09,53,55,4046,33319
2023-03-09 14:49:15,54,55,4046,33319
2023-03-09 14:49:19,54,55,4089,33362
2023-03-09 14:49:21,54,57,4089,33362
2023-03-09 14:49:27,55,57,4089,33362
2023-03-09 14:49:29,56,57,4089,33362
2023-03-09 14:49:29,56,57,4093,33366
2023-03-09 14:49:29,55,56,4136,33409
2023-03-09 14:49:37,55,57,4136,33409
2023-03-09 14:49:37,56,57,4136,33409
2023-03-09 14:49:38,55,56,4207,33480
2023-03-09 14:49:44,55,57,4207,33480
2023-03-09 14:49:44,56,57,4207,33480
2023-03-09 14:49:46,55,56,4207,33537
2023-03-09 14:49:47,55,56,4207,33547
2023-03-09 14:49:51,55,57,4207,33547
2023-03-09 14:49:57,55,56,4207,33547
2023-03-09 14:50:01,55,56,4211,33551
2023-03-09 14:50:03,52,55,4211,33581
2023-03-09 14:50:08,52,56,4211,33581
2023-03-09 14:50:13,54,56,4211,33581
2023-03-09 14:50:27,54,57,4211,33581
2023-03-09 14:50:33,54,57,4215,33585
2023-03-09 14:50:40,54,58,4215,33585
2023-03-09 14:50:48,55,58,4215,33585
2023-03-09 14:51:06,55,58,4219,33589
2023-03-09 14:51:11,55,57,4219,33589
2023-03-09 14:51:15,55,58,4219,33589
2023-03-09 14:51:26,55,58,4239,33609
2023-03-09 14:51:39,55,58,4243,33613
2023-03-09 14:51:40,56,58,4243,33613
2023-03-09 14:51:44,55,58,4243,33613
2023-03-09 14:51:53,55,57,4243,33613
2023-03-09 14:51:54,55,58,4243,33613
2023-03-09 14:52:11,55,58,4247,33617
2023-03-09 14:52:13,56,58,4247,33617
2023-03-09 14:52:13,56,59,4247,33617
2023-03-09 14:52:37,56,59,4247,33627
2023-03-09 14:52:42,56,59,4247,33637
2023-03-09 14:52:45,56,59,4247,33640
2023-03-09 14:52:45,56,59,4247,33650
2023-03-09 14:52:51,56,59,4250,33654
2023-03-09 14:53:12,57,59,4250,33654
2023-03-09 14:53:18,57,59,4253,33657
2023-03-09 14:53:34,57,59,4263,33667
2023-03-09 14:53:46,56,59,4283,33687
2023-03-09 14:53:49,56,57,4283,33687
2023-03-09 14:53:49,52,57,4307,33711
2023-03-09 14:53:49,52,56,4307,33711
2023-03-09 14:53:51,52,56,4307,33714
2023-03-09 14:53:53,53,56,4307,33714
2023-03-09 14:54:23,53,56,4307,33717
2023-03-09 14:54:25,53,57,4307,33717
2023-03-09 14:54:25,54,57,4307,33717
2023-03-09 14:54:25,54,58,4307,33717
2023-03-09 14:54:26,54,59,4307,33717
2023-03-09 14:54:30,55,58,4307,33717
2023-03-09 14:54:33,55,59,4307,33717
2023-03-09 14:54:38,56,59,4307,33717
2023-03-09 14:54:55,56,59,4310,33720
2023-03-09 14:55:00,57,59,4310,33720
2023-03-09 14:55:01,57,60,4310,33720
2023-03-09 14:55:05,57,59,4310,33720
2023-03-09 14:55:06,57,60,4310,33720
2023-03-09 14:55:12,57,59,4310,33720
2023-03-09 14:55:20,57,60,4310,33720
2023-03-09 14:55:28,57,60,4310,33723
2023-03-09 14:55:28,57,59,4310,33723
2023-03-09 14:55:57,57,60,4310,33723
2023-03-09 14:55:57,57,59,4310,33723
2023-03-09 14:55:59,57,60,4310,33723
2023-03-09 14:56:00,57,60,4310,33726
2023-03-09 14:56:22,59,60,4310,33726
2023-03-09 14:56:24,57,59,4310,33774
2023-03-09 14:56:27,57,59,4342,33806
2023-03-09 14:56:30,57,60,4342,33806
2023-03-09 14:56:33,57,60,4342,33809
2023-03-09 14:56:43,59,60,4342,33809
2023-03-09 14:56:50,57,60,4342,33809
2023-03-09 14:56:50,59,60,4342,33809
2023-03-09 14:56:51,59,60,4342,33819
2023-03-09 14:56:52,59,60,4342,33829
2023-03-09 14:56:54,59,60,4342,33839
2023-03-09 14:57:02,59,60,4342,33849
2023-03-09 14:57:06,59,60,4342,33852
2023-03-09 14:57:23,59,61,4342,33852
2023-03-09 14:57:31,58,61,4342,33852
2023-03-09 14:57:31,59,61,4342,33852
2023-03-09 14:57:32,59,60,4342,33852
2023-03-09 14:57:37,59,61,4342,33852
2023-03-09 14:57:38,58,61,4342,33852
2023-03-09 14:57:38,60,61,4342,33852
2023-03-09 14:57:38,60,61,4342,33855
2023-03-09 14:57:42,60,61,4342,33865
2023-03-09 14:57:49,60,62,4342,33874
2023-03-09 14:57:50,58,62,4342,33874
2023-03-09 14:57:50,60,62,4342,33874
2023-03-09 14:57:52,61,62,4342,33874
2023-03-09 14:57:54,60,61,4351,33883
2023-03-09 14:58:05,61,62,4351,33883
2023-03-09 14:58:10,61,62,4356,33888
2023-03-09 14:58:11,61,62,4359,33891
2023-03-09 14:58:30,61,62,4365,33897
2023-03-09 14:58:45,61,62,4368,33900
2023-03-09 14:59:17,61,62,4371,33903
2023-03-09 14:59:28,60,62,4400,33932
2023-03-09 14:59:31,59,62,4400,33932
2023-03-09 14:59:31,60,62,4400,33932
2023-03-09 14:59:38,59,62,4400,33932
2023-03-09 14:59:38,60,62,4400,33932
2023-03-09 14:59:50,60,62,4400,33934
2023-03-09 14:59:52,60,63,4400,33934
2023-03-09 15:00:02,60,62,4400,33934
2023-03-09 15:00:06,59,62,4400,33934
2023-03-09 15:00:06,60,62,4400,33934
2023-03-09 15:00:22,60,61,4400,33934
2023-03-09 15:00:23,59,61,4400,33934
2023-03-09 15:00:23,60,61,4400,33934
2023-03-09 15:00:23,60,62,4400,33934
2023-03-09 15:00:23,60,61,4400,33934
2023-03-09 15:00:24,60,61,4402,33936
2023-03-09 15:00:24,60,62,4402,33936
2023-03-09 15:00:24,60,61,4402,33936
2023-03-09 15:00:24,60,62,4402,33936
2023-03-09 15:00:30,59,62,4402,33936
2023-03-09 15:00:30,59,63,4402,33936
2023-03-09 15:00:31,59,61,4402,33936
2023-03-09 15:00:34,60,61,4402,33936
2023-03-09 15:00:35,59,61,4402,33936
2023-03-09 15:00:44,59,63,4402,33936
2023-03-09 15:00:44,60,63,4402,33936
2023-03-09 15:00:44,60,62,4402,33936
2023-03-09 15:00:51,59,62,4402,33936
2023-03-09 15:00:51,60,62,4402,33936
2023-03-09 15:00:56,60,62,4402,33938
2023-03-09 15:01:21,60,63,4402,33938
2023-03-09 15:01:27,61,63,4402,33938
2023-03-09 15:01:29,61,63,4404,33940
2023-03-09 15:01:29,60,61,4456,33992
2023-03-09 15:01:29,60,61,4471,34007
2023-03-09 15:01:35,60,63,4471,34007
2023-03-09 15:01:35,60,63,4671,34207
2023-03-09 15:01:38,60,63,4871,34407
2023-03-09 15:01:41,60,62,4871,34407
2023-03-09 15:01:42,59,60,4983,34519
2023-03-09 15:01:44,58,60,4983,34519
2023-03-09 15:01:44,58,60,5043,34579
2023-03-09 15:01:47,58,63,5043,34579
2023-03-09 15:01:51,60,63,5043,34579
2023-03-09 15:01:51,60,62,5043,34579
2023-03-09 15:02:01,60,62,5043,34581
2023-03-09 15:02:19,58,62,5043,34581
2023-03-09 15:02:19,58,63,5043,34581
2023-03-09 15:02:19,59,63,5043,34581
2023-03-09 15:02:19,59,61,5043,34581
2023-03-09 15:02:30,59,63,5043,34581
2023-03-09 15:02:30,59,62,5043,34581
2023-03-09 15:02:34,59,62,5043,34583
2023-03-09 15:02:36,59,63,5043,34583
2023-03-09 15:02:36,61,63,5043,34583
2023-03-09 15:02:49,59,63,5043,34583
2023-03-09 15:02:50,61,63,5043,34583
2023-03-09 15:03:07,61,63,5045,34585
2023-03-09 15:03:21,62,63,5045,34585
2023-03-09 15:03:40,62,63,5047,34587
2023-03-09 15:03:44,61,63,5047,34587
2023-03-09 15:03:44,62,63,5047,34587
2023-03-09 15:03:51,61,63,5047,34587
2023-03-09 15:03:51,62,63,5047,34587
2023-03-09 15:04:04,62,64,5047,34587
2023-03-09 15:04:04,62,65,5047,34587
2023-03-09 15:04:07,63,65,5047,34587
2023-03-09 15:04:13,63,65,5047,34589
2023-03-09 15:04:18,62,65,5047,34589
2023-03-09 15:04:19,63,65,5047,34589
2023-03-09 15:04:39,62,65,5047,34589
2023-03-09 15:04:39,63,65,5047,34589
2023-03-09 15:04:39,63,64,5047,34589
2023-03-09 15:04:40,63,65,5047,34589
2023-03-09 15:04:46,63,65,5047,34591
2023-03-09 15:04:46,62,65,5047,34591
2023-03-09 15:04:46,63,65,5047,34591
2023-03-09 15:04:52,62,65,5047,34591
2023-03-09 15:04:53,63,65,5047,34591
2023-03-09 15:04:53,64,65,5047,34591
2023-03-09 15:04:55,63,64,5067,34611
2023-03-09 15:05:05,63,65,5067,34611
2023-03-09 15:05:13,63,66,5067,34611
2023-03-09 15:05:14,63,65,5067,34611
2023-03-09 15:05:19,63,66,5067,34611
2023-03-09 15:05:19,63,66,5067,34613
2023-03-09 15:05:19,63,65,5067,34613
2023-03-09 15:05:20,63,65,5062,34618
2023-03-09 15:05:27,63,66,5062,34618
2023-03-09 15:05:27,63,65,5062,34618
2023-03-09 15:05:33,63,66,5062,34618
2023-03-09 15:05:33,63,65,5062,34618
2023-03-09 15:05:41,63,66,5062,34618
2023-03-09 15:05:41,63,65,5062,34618
2023-03-09 15:05:52,63,65,5062,34620
2023-03-09 15:05:53,62,65,5062,34620
2023-03-09 15:05:53,63,65,5062,34620
2023-03-09 15:06:01,63,64,5062,34620
2023-03-09 15:06:06,62,64,5062,34620
2023-03-09 15:06:07,63,64,5062,34620
2023-03-09 15:06:07,63,65,5062,34620
2023-03-09 15:06:07,63,64,5062,34620
2023-03-09 15:06:14,63,65,5062,34620
2023-03-09 15:06:19,62,65,5062,34620
2023-03-09 15:06:19,63,65,5062,34620
2023-03-09 15:06:25,62,65,5062,34620
2023-03-09 15:06:25,63,65,5062,34620
2023-03-09 15:06:29,63,65,5062,34622
2023-03-09 15:06:30,64,65,5062,34622
2023-03-09 15:06:33,63,64,5062,34642
2023-03-09 15:06:41,62,64,5062,34642
2023-03-09 15:06:42,63,64,5062,34642
2023-03-09 15:06:49,62,64,5062,34642
2023-03-09 15:06:49,63,64,5062,34642
2023-03-09 15:06:55,62,64,5062,34642
2023-03-09 15:06:55,63,64,5062,34642
2023-03-09 15:07:02,63,64,5062,34644
2023-03-09 15:07:17,62,64,5062,34644
2023-03-09 15:07:19,63,64,5062,34644
2023-03-09 15:07:35,63,64,5062,34646
2023-03-09 15:07:55,63,64,5079,34663
2023-03-09 15:08:07,63,65,5079,34663
2023-03-09 15:08:08,63,65,5079,34665
2023-03-09 15:08:19,63,64,5079,34665
2023-03-09 15:08:23,63,65,5079,34665
2023-03-09 15:08:28,63,64,5079,34665
2023-03-09 15:08:33,62,64,5092,34678
2023-03-09 15:08:33,62,63,5092,34678
2023-03-09 15:08:34,61,62,5092,34688
2023-03-09 15:08:34,59,62,5092,34688
2023-03-09 15:08:36,59,63,5092,34688
2023-03-09 15:08:37,59,62,5092,34688
2023-03-09 15:08:41,61,62,5092,34688
2023-03-09 15:09:05,61,63,5092,34688
2023-03-09 15:09:14,61,62,5092,34688
2023-03-09 15:09:14,61,63,5094,34690
2023-03-09 15:09:14,61,62,5094,34690
2023-03-09 15:09:14,61,63,5094,34690
2023-03-09 15:09:23,62,63,5094,34690
2023-03-09 15:09:25,61,63,5104,34700
2023-03-09 15:09:25,61,62,5104,34700
2023-03-09 15:09:26,62,63,5104,34710
2023-03-09 15:09:29,61,63,5104,34710
2023-03-09 15:09:32,62,63,5104,34710
2023-03-09 15:09:46,62,63,5106,34712
2023-03-09 15:10:20,62,63,5108,34714
2023-03-09 15:10:20,60,63,5142,34748
2023-03-09 15:10:25,60,63,5144,34750
2023-03-09 15:10:35,61,63,5144,34750
2023-03-09 15:10:37,60,63,5180,34786
2023-03-09 15:10:40,62,63,5180,34786
2023-03-09 15:10:52,62,64,5180,34795
2023-03-09 15:10:52,62,65,5180,34795
2023-03-09 15:10:52,62,65,5180,34797
2023-03-09 15:10:54,62,64,5180,34797
2023-03-09 15:10:54,62,65,5180,34797
2023-03-09 15:10:54,62,64,5180,34797
2023-03-09 15:10:54,62,65,5180,34797
2023-03-09 15:10:57,63,65,5180,34797
2023-03-09 15:11:00,65,66,5132,34845
2023-03-09 15:11:03,63,65,5132,34845
2023-03-09 15:11:06,63,66,5132,34845
2023-03-09 15:11:19,64,66,5132,34845
2023-03-09 15:11:19,64,65,5132,34845
2023-03-09 15:11:25,64,66,5132,34845
2023-03-09 15:11:26,63,66,5132,34845
2023-03-09 15:11:27,63,66,5132,34847
2023-03-09 15:11:32,64,66,5132,34847
2023-03-09 15:11:35,64,65,5132,34847
2023-03-09 15:11:35,64,66,5132,34847
2023-03-09 15:11:50,63,66,5132,34847
2023-03-09 15:11:50,64,66,5132,34847
2023-03-09 15:11:51,64,65,5132,34847
2023-03-09 15:11:56,63,64,5157,34872
2023-03-09 15:12:00,63,64,5159,34874
2023-03-09 15:12:01,63,65,5159,34874
2023-03-09 15:12:06,63,64,5159,34874
2023-03-09 15:12:09,63,65,5159,34874
2023-03-09 15:12:17,63,66,5159,34874
2023-03-09 15:12:17,63,65,5159,34874
2023-03-09 15:12:25,63,66,5159,34874
2023-03-09 15:12:34,63,65,5159,34874
2023-03-09 15:12:45,63,64,5159,34874
2023-03-09 15:12:51,62,63,5181,34896
2023-03-09 15:12:51,61,63,5181,34896
2023-03-09 15:12:51,62,63,5181,34896
2023-03-09 15:13:04,62,63,5196,34911
2023-03-09 15:13:06,62,64,5196,34911
2023-03-09 15:13:07,62,64,5196,34913
2023-03-09 15:13:09,62,63,5196,34913
2023-03-09 15:13:09,60,63,5227,34944
2023-03-09 15:13:10,60,62,5227,34944
2023-03-09 15:13:10,60,61,5227,34944
2023-03-09 15:13:15,60,61,5227,35004
2023-03-09 15:13:15,60,62,5227,35004
2023-03-09 15:13:15,61,62,5282,35059
2023-03-09 15:13:30,61,62,5282,35070
2023-03-09 15:13:38,61,62,5282,35092
2023-03-09 15:13:39,61,62,5282,35094
2023-03-09 15:13:42,61,64,5208,35168
2023-03-09 15:13:45,61,65,5208,35168
2023-03-09 15:13:45,61,64,5208,35168
2023-03-09 15:13:50,62,64,5208,35168
2023-03-09 15:13:55,63,64,5208,35168
2023-03-09 15:14:08,62,64,5208,35168
2023-03-09 15:14:12,62,63,5208,35168
2023-03-09 15:14:17,61,63,5208,35168
2023-03-09 15:14:28,62,63,5208,35168
2023-03-09 15:14:37,61,63,5208,35168
2023-03-09 15:14:37,62,63,5208,35168
2023-03-09 15:14:48,62,64,5208,35168
2023-03-09 15:14:49,61,64,5208,35168
2023-03-09 15:14:49,61,65,5208,35168
2023-03-09 15:14:49,62,65,5208,35168
2023-03-09 15:15:09,62,64,5208,35168
2023-03-09 15:15:14,62,63,5208,35168
2023-03-09 15:15:18,62,63,5208,35170
2023-03-09 15:15:19,62,63,5210,35172
2023-03-09 15:15:32,62,63,5210,35182
2023-03-09 15:15:38,62,64,5210,35182
2023-03-09 15:15:39,62,63,5210,35182
2023-03-09 15:15:40,62,64,5210,35182
2023-03-09 15:15:43,62,63,5210,35182
2023-03-09 15:15:46,62,64,5210,35182
2023-03-09 15:15:48,62,63,5210,35182
2023-03-09 15:15:50,62,63,5210,35184
2023-03-09 15:15:51,62,64,5210,35184
2023-03-09 15:15:51,62,63,5210,35184
2023-03-09 15:16:08,61,63,5224,35198
2023-03-09 15:16:14,61,62,5224,35198
2023-03-09 15:16:18,61,63,5224,35198
2023-03-09 15:16:19,60,61,5224,35218
2023-03-09 15:16:19,60,61,5243,35237
2023-03-09 15:16:22,59,61,5243,35239
2023-03-09 15:16:31,59,60,5243,35239
2023-03-09 15:16:34,59,61,5243,35239
2023-03-09 15:16:34,59,60,5243,35239
2023-03-09 15:16:41,59,61,5243,35239
2023-03-09 15:16:41,58,61,5243,35239
2023-03-09 15:16:41,58,62,5243,35239
2023-03-09 15:16:41,58,60,5243,35239
2023-03-09 15:16:50,58,62,5243,35239
2023-03-09 15:16:50,58,61,5243,35239
2023-03-09 15:16:54,58,61,5243,35241
2023-03-09 15:16:56,57,58,5251,35249
2023-03-09 15:17:02,57,60,5251,35249
2023-03-09 15:17:05,57,59,5251,35249
2023-03-09 15:17:08,57,61,5251,35249
2023-03-09 15:17:08,57,60,5251,35249
2023-03-09 15:17:08,57,62,5251,35249
2023-03-09 15:17:08,57,60,5251,35249
2023-03-09 15:17:11,57,58,5251,35249
2023-03-09 15:17:20,55,57,5251,35269
2023-03-09 15:17:26,55,58,5251,35269
2023-03-09 15:17:26,55,58,5249,35271
2023-03-09 15:17:26,55,57,5249,35271
2023-03-09 15:17:33,55,56,5249,35271
2023-03-09 15:17:34,53,56,5249,35271
2023-03-09 15:17:44,53,58,5202,35318
2023-03-09 15:17:44,53,57,5202,35318
2023-03-09 15:17:45,54,57,5202,35318
2023-03-09 15:17:46,54,58,5202,35318
2023-03-09 15:17:50,54,55,5202,35318
2023-03-09 15:17:51,55,57,5180,35340
2023-03-09 15:17:56,54,57,5180,35340
2023-03-09 15:17:57,54,58,5180,35340
2023-03-09 15:17:57,54,56,5180,35340
2023-03-09 15:17:58,54,56,5180,35342
2023-03-09 15:18:15,54,55,5180,35342
2023-03-09 15:18:17,54,56,5180,35342
2023-03-09 15:18:19,54,57,5180,35342
2023-03-09 15:18:24,54,56,5180,35342
2023-03-09 15:18:28,54,55,5180,35342
2023-03-09 15:18:28,53,55,5180,35342
2023-03-09 15:18:30,53,55,5178,35344
2023-03-09 15:18:31,53,56,5178,35344
2023-03-09 15:18:34,53,55,5178,35344
2023-03-09 15:18:36,52,53,5052,35470
2023-03-09 15:18:38,49,53,5052,35470
2023-03-09 15:18:39,49,54,5052,35470
2023-03-09 15:18:42,49,53,5052,35470
2023-03-09 15:18:48,49,52,5052,35470
2023-03-09 15:18:51,49,53,5052,35470
2023-03-09 15:18:52,49,52,5052,35470
2023-03-09 15:18:55,48,52,5052,35470
2023-03-09 15:19:00,48,51,5052,35470
2023-03-09 15:19:01,48,50,5052,35470
2023-03-09 15:19:02,48,50,5050,35472
2023-03-09 15:19:05,48,49,5050,35472
2023-03-09 15:19:06,46,49,5050,35472
2023-03-09 15:19:07,46,48,5050,35472
2023-03-09 15:19:08,44,48,5050,35472
2023-03-09 15:19:08,44,49,5050,35472
2023-03-09 15:19:09,44,48,5050,35472
2023-03-09 15:19:15,44,47,5050,35472
2023-03-09 15:19:17,44,46,5050,35472
2023-03-09 15:19:17,42,46,5050,35472
2023-03-09 15:19:18,42,47,5050,35472
2023-03-09 15:19:18,45,47,5050,35472
2023-03-09 15:19:22,45,46,5050,35472
2023-03-09 15:19:22,42,46,5050,35472
2023-03-09 15:19:28,42,45,5050,35472
2023-03-09 15:19:30,41,45,5050,35472
2023-03-09 15:19:30,41,44,5050,35472
2023-03-09 15:19:32,41,43,5050,35472
2023-03-09 15:19:33,41,42,5050,35472
2023-03-09 15:19:34,41,42,5048,35474
2023-03-09 15:19:35,38,42,5048,35474
2023-03-09 15:19:39,38,42,4948,35574
2023-03-09 15:19:42,38,41,4948,35574
2023-03-09 15:19:42,41,42,4946,35576
2023-03-09 15:19:43,38,42,4946,35576
2023-03-09 15:19:44,39,42,4946,35576
2023-03-09 15:19:46,39,40,4946,35576
2023-03-09 15:19:47,40,42,4846,35676
2023-03-09 15:19:49,42,43,4380,36142
2023-03-09 15:19:50,42,44,4380,36142
2023-03-09 15:19:53,42,43,4380,36142
2023-03-09 15:19:55,42,44,4380,36142
2023-03-09 15:19:55,42,43,4380,36142
2023-03-09 15:19:56,42,44,4380,36142
2023-03-09 15:20:05,39,42,4377,36145
2023-03-09 15:20:06,39,42,4377,36147
2023-03-09 15:20:15,38,42,4377,36147
2023-03-09 15:20:18,38,41,4377,36147
2023-03-09 15:20:25,36,41,4377,36147
2023-03-09 15:20:26,36,41,4377,36147
2023-03-09 15:20:26,36,39,4377,36147
2023-03-09 15:20:31,36,37,4377,36147
2023-03-09 15:20:33,36,37,4377,36277
2023-03-09 15:20:34,33,37,4377,36277
2023-03-09 15:20:34,33,39,4377,36277
2023-03-09 15:20:37,31,36,4376,36279
2023-03-09 15:20:38,31,35,4376,36279
2023-03-09 15:20:43,31,36,4376,36279
2023-03-09 15:20:47,31,35,4376,36279
2023-03-09 15:20:50,31,36,4376,36279
2023-03-09 15:20:54,31,36,4376,36279
2023-03-09 15:20:56,31,32,4376,36279
2023-03-09 15:20:56,26,32,4376,36279
2023-03-09 15:20:58,26,33,4376,36279
2023-03-09 15:20:59,26,32,4376,36279
2023-03-09 15:21:04,26,33,4376,36279
2023-03-09 15:21:06,29,31,4376,36279
2023-03-09 15:21:07,29,33,4376,36279
2023-03-09 15:21:09,29,33,4374,36281
2023-03-09 15:21:15,29,36,4374,36281
2023-03-09 15:21:18,29,35,4262,36393
2023-03-09 15:21:20,29,36,4262,36393
2023-03-09 15:21:20,30,36,4262,36393
2023-03-09 15:21:27,33,34,4262,36393
2023-03-09 15:21:28,34,36,4158,36497
2023-03-09 15:21:29,34,35,4158,36497
2023-03-09 15:21:31,31,35,4158,36593
2023-03-09 15:21:38,31,36,4158,36593
2023-03-09 15:21:40,31,36,4158,36595
2023-03-09 15:21:41,31,35,4158,36595
2023-03-09 15:21:41,31,34,4158,36595
2023-03-09 15:21:48,31,34,4166,36603
2023-03-09 15:21:51,31,33,4166,36603
2023-03-09 15:21:53,29,34,4166,36603
2023-03-09 15:21:57,31,34,4166,36603
2023-03-09 15:21:59,29,34,4166,36603
2023-03-09 15:22:00,31,34,4166,36603
2023-03-09 15:22:04,29,34,4166,36603
2023-03-09 15:22:07,31,34,4166,36603
2023-03-09 15:22:13,31,34,4166,36605
2023-03-09 15:22:18,29,31,4274,36713
2023-03-09 15:22:23,29,33,4274,36713
2023-03-09 15:22:27,29,34,4274,36713
2023-03-09 15:22:33,27,34,4274,36713
2023-03-09 15:22:33,27,32,4274,36713
2023-03-09 15:22:35,29,32,4274,36713
2023-03-09 15:22:44,29,32,4272,36715
2023-03-09 15:22:51,29,34,4272,36715
2023-03-09 15:22:53,29,33,4272,36715
2023-03-09 15:22:55,29,34,4272,36715
2023-03-09 15:22:58,29,35,4272,36715
2023-03-09 15:22:58,30,36,4272,36715
2023-03-09 15:23:00,30,37,4272,36715
2023-03-09 15:23:00,32,37,4272,36715
2023-03-09 15:23:00,32,36,4272,36715
2023-03-09 15:23:00,34,36,4272,36715
2023-03-09 15:23:01,36,38,4272,36715
2023-03-09 15:23:02,35,38,4272,36715
2023-03-09 15:23:02,36,38,4272,36715
2023-03-09 15:23:06,36,43,4272,36815
2023-03-09 15:23:09,36,44,4272,36815
2023-03-09 15:23:12,36,43,4272,36815
2023-03-09 15:23:13,36,44,4272,36815
2023-03-09 15:23:14,35,44,4272,36815
2023-03-09 15:23:14,39,44,4272,36815
2023-03-09 15:23:16,39,46,4272,36817
2023-03-09 15:23:17,39,43,4272,36817
2023-03-09 15:23:18,43,46,4270,36819
2023-03-09 15:23:19,39,46,4274,36823
2023-03-09 15:23:19,39,43,4274,36823
2023-03-09 15:23:21,39,46,4034,37063
2023-03-09 15:23:23,40,46,4034,37063
2023-03-09 15:23:24,43,48,4034,37063
2023-03-09 15:23:28,46,48,4034,37063
2023-03-09 15:23:30,46,48,4034,37293
2023-03-09 15:23:31,46,50,4034,37293
2023-03-09 15:23:36,47,50,4034,37293
2023-03-09 15:23:38,45,50,4034,37293
2023-03-09 15:23:40,47,50,4034,37293
2023-03-09 15:23:45,47,53,4034,37293
2023-03-09 15:23:45,47,52,4034,37293
2023-03-09 15:23:47,47,51,4034,37293
2023-03-09 15:23:48,47,50,4034,37293
2023-03-09 15:23:49,45,50,4034,37295
2023-03-09 15:23:50,47,50,4034,37295
2023-03-09 15:23:52,47,52,4034,37295
2023-03-09 15:23:54,47,51,4034,37295
2023-03-09 15:23:57,47,52,4034,37295
2023-03-09 15:24:00,49,52,4034,37295
2023-03-09 15:24:01,47,52,4034,37295
2023-03-09 15:24:02,49,52,4034,37295
2023-03-09 15:24:03,49,53,4034,37295
2023-03-09 15:24:09,49,52,4034,37295
2023-03-09 15:24:10,49,52,4034,37295
2023-03-09 15:24:12,47,52,4034,37295
2023-03-09 15:24:13,47,51,4034,37295
2023-03-09 15:24:14,47,52,4034,37295
2023-03-09 15:24:15,47,51,4034,37295
2023-03-09 15:24:19,47,52,4034,37295
2023-03-09 15:24:20,47,48,4034,37295
2023-03-09 15:24:21,47,48,4034,37297
2023-03-09 15:24:21,44,48,4034,37297
2023-03-09 15:24:21,45,48,4034,37297
2023-03-09 15:24:22,43,48,4034,37297
2023-03-09 15:24:29,43,48,4266,37529
2023-03-09 15:24:30,43,45,4266,37529
2023-03-09 15:24:30,35,45,4266,37529
2023-03-09 15:24:32,38,44,4266,37529
2023-03-09 15:24:35,38,45,4266,37529
2023-03-09 15:24:45,36,45,4266,37529
2023-03-09 15:24:45,36,42,4266,37529
2023-03-09 15:24:52,37,42,4266,37529
2023-03-09 15:24:54,37,42,4264,37531
2023-03-09 15:24:56,37,41,4264,37531
2023-03-09 15:24:59,37,40,4264,37531
2023-03-09 15:24:59,35,40,4264,37531
2023-03-09 15:25:00,35,42,4264,37531
2023-03-09 15:25:02,35,38,4264,37531
2023-03-09 15:25:03,35,37,4264,37531
2023-03-09 15:25:04,30,35,4260,37535
2023-03-09 15:25:05,31,35,4260,37535
2023-03-09 15:25:11,31,37,4260,37535
2023-03-09 15:25:11,31,34,4260,37535
2023-03-09 15:25:13,31,36,4260,37535
2023-03-09 15:25:19,31,38,4260,37535
2023-03-09 15:25:19,34,38,4260,37535
2023-03-09 15:25:21,34,39,4260,37535
2023-03-09 15:25:22,34,37,4260,37535
2023-03-09 15:25:27,34,37,4260,37537
2023-03-09 15:25:40,36,37,4260,37537
2023-03-09 15:25:41,36,38,4260,37537
2023-03-09 15:25:41,37,38,4260,37537
2023-03-09 15:25:47,36,40,4260,37537
2023-03-09 15:25:47,39,40,4260,37537
2023-03-09 15:25:48,39,43,4260,37537
2023-03-09 15:25:49,40,43,4260,37537
2023-03-09 15:25:53,39,45,4260,38235
2023-03-09 15:25:53,40,45,4260,38235
2023-03-09 15:25:55,40,48,4260,38235
2023-03-09 15:25:59,40,48,4260,38237
2023-03-09 15:26:00,40,45,4260,38237
2023-03-09 15:26:01,42,45,4260,38237
2023-03-09 15:26:02,40,45,4260,38237
2023-03-09 15:26:04,42,45,4260,38237
2023-03-09 15:26:06,44,45,4260,38237
2023-03-09 15:26:07,48,50,4388,38367
2023-03-09 15:26:07,48,49,4388,38367
2023-03-09 15:26:09,48,49,4488,38467
2023-03-09 15:26:09,48,49,4538,38517
2023-03-09 15:26:09,48,49,4638,38617
2023-03-09 15:26:09,48,50,4638,38617
2023-03-09 15:26:10,48,50,4838,38817
2023-03-09 15:26:13,44,50,4838,38817
2023-03-09 15:26:21,44,49,4838,38817
2023-03-09 15:26:22,44,50,4838,38817
2023-03-09 15:26:24,44,48,4838,38817
2023-03-09 15:26:25,42,48,4838,38817
2023-03-09 15:26:25,43,48,4838,38817
2023-03-09 15:26:31,42,50,4838,38819
2023-03-09 15:26:33,41,50,4838,38819
2023-03-09 15:26:33,41,48,4838,38819
2023-03-09 15:26:34,48,50,4836,38821
2023-03-09 15:26:34,48,53,4836,38821
2023-03-09 15:26:34,48,52,4836,38821
2023-03-09 15:26:40,48,53,4836,38821
2023-03-09 15:26:41,51,53,4836,38821
2023-03-09 15:26:57,51,55,4836,38821
2023-03-09 15:27:03,48,55,4836,38821
2023-03-09 15:27:04,48,55,4836,38823
2023-03-09 15:27:04,48,53,4836,38823
2023-03-09 15:27:06,51,53,4836,38823
2023-03-09 15:27:07,51,55,4836,38823
2023-03-09 15:27:07,53,55,4836,38823
2023-03-09 15:27:09,52,55,4836,38823
2023-03-09 15:27:20,52,55,4834,38825
2023-03-09 15:27:22,53,55,4834,38825
2023-03-09 15:27:24,54,55,4834,38825
2023-03-09 15:27:24,54,60,4834,38825
2023-03-09 15:27:25,55,60,4834,38825
2023-03-09 15:27:25,55,59,4834,38825
2023-03-09 15:27:35,57,59,4834,38825
2023-03-09 15:27:36,58,59,4834,38825
2023-03-09 15:27:38,57,59,4834,38825
2023-03-09 15:27:44,55,57,4836,38827
2023-03-09 15:27:44,55,56,4836,38827
2023-03-09 15:27:46,56,57,4836,38830
2023-03-09 15:27:51,55,58,4836,38830
2023-03-09 15:28:00,56,58,4836,38830
2023-03-09 15:28:01,55,58,4836,38830
2023-03-09 15:28:02,56,58,4836,38830
2023-03-09 15:28:07,56,58,4834,38832
2023-03-09 15:28:10,53,58,4834,38832
2023-03-09 15:28:16,52,58,4834,38832
2023-03-09 15:28:17,52,56,4834,38832
2023-03-09 15:28:24,52,55,4834,38832
2023-03-09 15:28:24,52,55,4834,38857
2023-03-09 15:28:24,52,55,4834,38882
2023-03-09 15:28:24,52,55,4834,38907
2023-03-09 15:28:24,52,54,4834,38907
2023-03-09 15:28:25,52,54,4834,38932
2023-03-09 15:28:27,48,52,4836,38934
2023-03-09 15:28:28,48,54,4836,38934
2023-03-09 15:28:30,48,53,4836,38934
2023-03-09 15:28:34,48,53,5041,39139
2023-03-09 15:28:36,48,51,5041,39139
2023-03-09 15:28:36,44,51,5041,39139
2023-03-09 15:28:36,44,53,5041,39139
2023-03-09 15:28:36,44,47,5041,39139
2023-03-09 15:28:39,43,47,5041,39141
2023-03-09 15:28:46,43,47,4883,39299
2023-03-09 15:28:47,44,47,4883,39299
2023-03-09 15:28:48,44,53,4883,39299
2023-03-09 15:28:48,45,51,4883,39299
2023-03-09 15:28:53,45,48,4883,39299
2023-03-09 15:28:59,45,47,4883,39299
2023-03-09 15:29:03,44,47,4883,39299
2023-03-09 15:29:03,44,46,4883,39299
2023-03-09 15:29:04,43,46,4883,39299
2023-03-09 15:29:05,43,45,4883,39299
2023-03-09 15:29:05,42,45,4883,39299
2023-03-09 15:29:08,42,46,4883,39299
2023-03-09 15:29:11,42,46,4883,39301
2023-03-09 15:29:14,42,45,4883,39301
2023-03-09 15:29:15,42,46,4883,39301
2023-03-09 15:29:16,43,46,4883,39301
2023-03-09 15:29:44,43,46,4883,39303
2023-03-09 15:29:54,43,45,4883,39303
2023-03-09 15:29:55,40,45,4883,39303
2023-03-09 15:29:55,40,43,4883,39303
2023-03-09 15:29:58,39,43,4883,39303
2023-03-09 15:29:58,39,42,4883,39303
2023-03-09 15:30:00,39,41,4883,39303
2023-03-09 15:30:00,38,41,4883,39303
2023-03-09 15:30:02,34,41,4883,39303
2023-03-09 15:30:02,34,39,4883,39303
2023-03-09 15:30:03,35,38,4883,39303
2023-03-09 15:30:06,34,38,4883,39303
2023-03-09 15:30:06,34,37,4883,39303
2023-03-09 15:30:07,34,38,4883,39303
2023-03-09 15:30:10,34,35,4883,39303
2023-03-09 15:30:11,34,35,4830,39356
2023-03-09 15:30:12,34,36,4830,39356
2023-03-09 15:30:13,31,36,4830,39356
2023-03-09 15:30:16,31,36,4830,39359
2023-03-09 15:30:17,31,34,4830,39359
2023-03-09 15:30:20,34,36,4827,39362
2023-03-09 15:30:22,34,37,4827,39362
2023-03-09 15:30:22,34,37,4827,39362
2023-03-09 15:30:27,31,37,4827,39362
2023-03-09 15:30:27,31,35,4827,39362
2023-03-09 15:30:27,29,35,4827,39362
2023-03-09 15:30:31,30,35,4827,39362
2023-03-09 15:30:31,30,34,4827,39362
2023-03-09 15:30:32,30,35,4827,39362
2023-03-09 15:30:34,29,35,4827,39362
2023-03-09 15:30:35,29,34,4827,39362
2023-03-09 15:30:40,34,35,4827,39490
2023-03-09 15:30:43,34,38,4827,39490
2023-03-09 15:30:43,34,37,4827,39490
2023-03-09 15:30:44,34,38,4827,39490
2023-03-09 15:30:46,33,38,4827,39490
2023-03-09 15:30:46,35,38,4827,39490
2023-03-09 15:30:48,35,38,4827,39493
2023-03-09 15:30:49,33,38,4827,39493
2023-03-09 15:30:51,35,38,4827,39493
2023-03-09 15:30:52,35,42,4827,39493
2023-03-09 15:30:52,35,41,4827,39493
2023-03-09 15:30:53,35,42,4827,39493
2023-03-09 15:30:57,35,42,4827,39493
2023-03-09 15:30:57,33,42,4827,39493
2023-03-09 15:30:57,37,42,4827,39493
2023-03-09 15:30:58,37,42,4830,39496
2023-03-09 15:30:58,37,41,4830,39496
2023-03-09 15:31:09,39,41,4830,39496
2023-03-09 15:31:09,39,46,4830,39496
2023-03-09 15:31:21,39,43,4830,39498
2023-03-09 15:31:22,39,44,4830,39498
2023-03-09 15:31:23,41,45,4830,39498
2023-03-09 15:31:27,41,46,4830,39498
2023-03-09 15:31:30,46,47,4830,39500
2023-03-09 15:31:33,46,49,4958,39631
2023-03-09 15:31:35,43,49,4958,39631
2023-03-09 15:31:36,43,48,4958,39631
2023-03-09 15:31:37,43,49,4958,39631
2023-03-09 15:31:38,45,49,4958,39631
2023-03-09 15:31:39,45,50,4958,39631
2023-03-09 15:31:40,45,53,4958,39631
2023-03-09 15:31:45,47,53,4958,39631
2023-03-09 15:31:53,47,53,4958,39634
2023-03-09 15:31:54,47,51,4958,39634
2023-03-09 15:31:57,47,53,4958,39634
2023-03-09 15:32:03,48,50,4958,39634
2023-03-09 15:32:05,48,51,4958,39634
2023-03-09 15:32:05,48,53,4958,39634
2023-03-09 15:32:05,47,50,4958,39634
2023-03-09 15:32:11,48,50,4958,39634
2023-03-09 15:32:12,48,53,4958,39634
2023-03-09 15:32:15,50,54,4958,39634
2023-03-09 15:32:15,53,54,4958,39634
2023-03-09 15:32:17,50,54,4958,39634
2023-03-09 15:32:17,49,56,4958,39634
2023-03-09 15:32:25,52,56,4958,39637
2023-03-09 15:32:37,52,58,4952,39643
2023-03-09 15:32:37,54,58,4952,39643
2023-03-09 15:32:40,56,58,4952,39643
2023-03-09 15:32:44,56,61,4952,39643
2023-03-09 15:32:49,53,61,4952,39643
2023-03-09 15:32:49,53,63,4952,39643
2023-03-09 15:32:50,64,65,5381,40072
2023-03-09 15:32:50,64,65,5509,40200
2023-03-09 15:32:50,64,66,5509,40200
2023-03-09 15:32:50,64,68,5509,40200
2023-03-09 15:32:52,66,68,5509,40200
2023-03-09 15:32:52,66,68,5652,40343
2023-03-09 15:32:55,67,68,5652,40343
2023-03-09 15:32:57,67,68,5655,40346
2023-03-09 15:32:58,68,69,5655,40600
2023-03-09 15:33:06,66,69,5655,40600
2023-03-09 15:33:27,66,69,5783,40728
2023-03-09 15:33:29,66,69,5983,40928
2023-03-09 15:33:29,66,68,5983,40928
2023-03-09 15:33:29,61,68,5983,40928
2023-03-09 15:33:29,61,66,5983,40928
2023-03-09 15:33:30,61,65,5983,40928
2023-03-09 15:33:30,61,66,5983,40928
2023-03-09 15:33:30,61,65,5986,40931
2023-03-09 15:33:32,45,65,5986,40931
2023-03-09 15:33:33,45,63,5986,40931
2023-03-09 15:33:33,57,63,5986,40931
2023-03-09 15:33:39,57,60,5986,40931
2023-03-09 15:33:41,57,59,5986,40931
2023-03-09 15:33:41,55,59,5986,40931
2023-03-09 15:33:43,55,58,5986,40931
2023-03-09 15:33:46,55,59,5986,40931
2023-03-09 15:33:50,55,59,5797,41120
2023-03-09 15:33:52,55,61,5797,41120
2023-03-09 15:33:52,57,61,5797,41120
2023-03-09 15:33:57,60,61,5797,41120
2023-03-09 15:33:57,60,64,5797,41120
2023-03-09 15:34:02,60,64,5797,41123
2023-03-09 15:34:11,55,64,5797,41123
2023-03-09 15:34:16,64,66,5797,41123
2023-03-09 15:34:17,65,66,5797,41123
2023-03-09 15:34:18,65,66,5797,41346
2023-03-09 15:34:19,66,68,5805,41354
2023-03-09 15:34:19,66,69,5805,41354
2023-03-09 15:34:20,65,69,5805,41354
2023-03-09 15:34:20,68,69,5805,41354
2023-03-09 15:34:27,66,69,5805,41354
2023-03-09 15:34:32,66,68,5805,41354
2023-03-09 15:34:34,66,68,5805,41357
2023-03-09 15:34:35,64,68,5805,41357
2023-03-09 15:34:40,55,68,5805,41357
2023-03-09 15:34:40,67,68,5805,41357
2023-03-09 15:34:55,55,68,5805,41357
2023-03-09 15:34:56,55,68,5805,41357
2023-03-09 15:35:00,63,65,5805,41357
2023-03-09 15:35:00,55,65,5805,41357
2023-03-09 15:35:00,61,65,5805,41357
2023-03-09 15:35:01,61,67,5805,41357
2023-03-09 15:35:02,61,65,5805,41357
2023-03-09 15:35:06,61,65,5805,41360
2023-03-09 15:35:06,61,67,5805,41360
2023-03-09 15:35:10,55,67,5805,41360
2023-03-09 15:35:12,55,64,5805,41360
2023-03-09 15:35:12,55,67,5805,41360
2023-03-09 15:35:13,64,67,5805,41360
2023-03-09 15:35:21,60,67,5805,41360
2023-03-09 15:35:21,62,67,5805,41360
2023-03-09 15:35:26,55,67,5805,41360
2023-03-09 15:35:26,64,67,5805,41360
2023-03-09 15:35:31,64,67,5810,41365
2023-03-09 15:35:37,55,67,5810,41365
2023-03-09 15:35:37,55,68,5810,41365
2023-03-09 15:35:38,67,68,5810,41365
2023-03-09 15:35:42,66,68,5813,41368
2023-03-09 15:35:57,62,68,5813,41368
2023-03-09 15:36:04,55,68,5813,41368
2023-03-09 15:36:04,55,66,5813,41368
2023-03-09 15:36:04,62,66,5813,41368
2023-03-09 15:36:07,62,68,5813,41368
2023-03-09 15:36:08,62,66,5813,41368
2023-03-09 15:36:10,64,66,5813,41368
2023-03-09 15:36:32,64,66,5813,41449
2023-03-09 15:36:32,60,65,5813,41449
2023-03-09 15:36:32,60,64,5813,41449
2023-03-09 15:36:33,60,61,5813,41449
2023-03-09 15:36:33,60,61,5813,41485
2023-03-09 15:36:37,60,61,5813,41514
2023-03-09 15:36:37,55,61,5844,41574
2023-03-09 15:36:38,55,60,5844,41574
2023-03-09 15:36:38,54,60,5844,41574
2023-03-09 15:36:39,54,60,5849,41579
2023-03-09 15:36:39,57,60,5849,41579
2023-03-09 15:36:40,56,60,5905,41635
2023-03-09 15:36:40,56,58,5905,41635
2023-03-09 15:36:40,56,57,5905,41635
2023-03-09 15:36:42,56,57,5905,41638
2023-03-09 15:36:42,51,57,5958,41691
2023-03-09 15:36:43,51,56,5958,41691
2023-03-09 15:36:43,49,56,5958,41691
2023-03-09 15:36:44,49,55,5958,41691
2023-03-09 15:36:44,49,56,5958,41691
2023-03-09 15:36:45,49,55,5958,41691
2023-03-09 15:36:46,53,55,5958,41691
2023-03-09 15:36:46,53,55,5986,41719
2023-03-09 15:36:47,50,55,6042,41775
2023-03-09 15:36:51,49,55,6042,41775
2023-03-09 15:36:51,49,53,6042,41775
2023-03-09 15:36:54,49,52,6042,41775
2023-03-09 15:36:58,47,52,6042,41775
2023-03-09 15:36:58,48,52,6042,41775
2023-03-09 15:36:58,48,51,6042,41775
2023-03-09 15:37:02,49,51,6042,41775
2023-03-09 15:37:03,48,51,6042,41775
2023-03-09 15:37:04,47,51,6042,41775
2023-03-09 15:37:05,47,53,6042,41775
2023-03-09 15:37:05,47,52,6042,41775
2023-03-09 15:37:05,48,52,6042,41775
2023-03-09 15:37:05,48,51,6042,41775
2023-03-09 15:37:14,48,51,6042,41778
2023-03-09 15:37:16,47,51,6042,41778
2023-03-09 15:37:16,47,53,6042,41778
2023-03-09 15:37:16,47,54,6042,41778
2023-03-09 15:37:17,47,51,6042,41778
2023-03-09 15:37:17,47,49,6042,41778
2023-03-09 15:37:17,46,49,6042,41778
2023-03-09 15:37:21,46,48,6042,41778
2023-03-09 15:37:22,46,47,6042,41778
2023-03-09 15:37:28,42,47,6042,41778
2023-03-09 15:37:28,42,45,6042,41778
2023-03-09 15:37:28,42,44,6042,41778
2023-03-09 15:37:28,41,44,6058,41794
2023-03-09 15:37:28,42,44,6058,41794
2023-03-09 15:37:29,44,45,6040,41812
2023-03-09 15:37:32,44,47,6040,41871
2023-03-09 15:37:33,45,47,6040,41871
2023-03-09 15:37:39,41,47,6040,41871
2023-03-09 15:37:39,41,44,6040,41871
2023-03-09 15:37:40,44,45,6019,41892
2023-03-09 15:37:45,41,45,6019,41892
2023-03-09 15:37:45,41,47,6019,41892
2023-03-09 15:37:45,41,47,6019,41895
2023-03-09 15:37:46,41,44,6019,41895
2023-03-09 15:37:46,42,44,6019,41895
2023-03-09 15:37:47,43,44,6019,41895
2023-03-09 15:37:48,43,46,5993,41921
2023-03-09 15:37:48,44,46,5993,41921
2023-03-09 15:37:51,46,48,5941,41973
2023-03-09 15:37:59,46,52,5941,41976
2023-03-09 15:38:02,46,51,5941,41976
2023-03-09 15:38:02,46,52,5941,41976
2023-03-09 15:38:10,46,51,5941,41976
2023-03-09 15:38:10,45,51,5941,41976
2023-03-09 15:38:13,45,52,5941,41976
2023-03-09 15:38:14,45,51,5941,41976
2023-03-09 15:38:15,45,52,5941,41976
2023-03-09 15:38:18,45,52,5941,41979
2023-03-09 15:38:19,45,51,5941,41979
2023-03-09 15:38:19,45,48,5941,41979
2023-03-09 15:38:24,46,48,5941,41979
2023-03-09 15:38:24,46,52,5941,41979
2023-03-09 15:38:24,46,50,5941,41979
2023-03-09 15:38:32,46,52,5938,41982
2023-03-09 15:38:36,46,52,5738,42182
2023-03-09 15:38:37,46,56,5508,42682
2023-03-09 15:38:37,46,55,5508,42682
2023-03-09 15:38:38,46,56,5508,42682
2023-03-09 15:38:40,46,56,5508,42882
2023-03-09 15:38:44,46,56,5508,43082
2023-03-09 15:38:46,46,54,5508,43082
2023-03-09 15:38:46,47,54,5508,43082
2023-03-09 15:38:47,47,54,5641,43215
2023-03-09 15:38:47,46,54,5641,43215
2023-03-09 15:38:47,46,58,5641,43415
2023-03-09 15:38:48,60,68,5641,43415
2023-03-09 15:38:49,65,68,5728,43524
2023-03-09 15:38:50,65,68,5728,43724
2023-03-09 15:38:50,65,66,5728,43724
2023-03-09 15:38:51,65,66,5725,43727
2023-03-09 15:38:53,63,66,5595,43857
2023-03-09 15:39:00,63,66,5672,44207
2023-03-09 15:39:16,63,65,5672,44207
2023-03-09 15:39:19,63,66,5672,44207
2023-03-09 15:39:23,63,64,5672,44207
2023-03-09 15:39:34,65,66,5672,44210
2023-03-09 15:39:35,65,68,5672,44210
2023-03-09 15:39:35,65,67,5672,44210
2023-03-09 15:39:36,67,68,5699,44237
2023-03-09 15:39:37,67,68,5842,44380
2023-03-09 15:39:37,67,68,5899,44437
2023-03-09 15:39:44,67,68,6019,44557
2023-03-09 15:39:45,67,69,6019,44557
2023-03-09 15:39:50,67,69,6019,44558
2023-03-09 15:39:50,62,69,6019,44558
2023-03-09 15:39:51,70,72,6019,44559
2023-03-09 15:39:54,70,73,6019,44562
2023-03-09 15:39:57,62,73,6019,44562
2023-03-09 15:39:57,68,72,6019,44562
2023-03-09 15:40:03,62,72,6019,44562
2023-03-09 15:40:03,62,69,6019,44562
2023-03-09 15:40:03,65,69,6019,44562
2023-03-09 15:40:11,65,68,6019,44562
2023-03-09 15:40:13,65,69,6019,44562
2023-03-09 15:40:16,65,70,6019,44562
2023-03-09 15:40:24,62,70,6019,44562
2023-03-09 15:40:24,69,70,6019,44562
2023-03-09 15:40:27,69,73,6019,44565
2023-03-09 15:40:31,69,72,6019,44565
2023-03-09 15:40:40,67,72,6019,44565
2023-03-09 15:40:44,62,72,6019,44565
2023-03-09 15:40:45,65,71,6019,44565
2023-03-09 15:40:46,65,72,6019,44565
2023-03-09 15:40:51,65,71,6019,44565
2023-03-09 15:40:56,65,70,6019,44565
2023-03-09 15:40:58,65,71,6019,44565
2023-03-09 15:40:59,66,71,6019,44565
2023-03-09 15:40:59,66,68,6019,44565
2023-03-09 15:41:00,66,68,6019,44566
2023-03-09 15:41:11,61,66,6022,44569
2023-03-09 15:41:14,61,68,6022,44569
2023-03-09 15:41:22,63,68,6022,44569
2023-03-09 15:41:26,63,67,6022,44569
2023-03-09 15:41:28,63,68,6022,44569
2023-03-09 15:41:29,56,68,6022,44569
2023-03-09 15:41:38,65,67,6022,44569
2023-03-09 15:41:51,67,70,6022,44571
2023-03-09 15:41:57,67,75,6550,45262
2023-03-09 15:41:57,67,73,6550,45262
2023-03-09 15:41:58,70,73,6550,45262
2023-03-09 15:41:59,70,72,6550,45262
2023-03-09 15:41:59,68,70,6550,45262
2023-03-09 15:42:00,68,69,6550,45262
2023-03-09 15:42:03,68,69,6692,45404
2023-03-09 15:42:03,68,69,6692,45407
2023-03-09 15:42:04,67,69,6692,45407
2023-03-09 15:42:04,65,69,6692,45407
2023-03-09 15:42:06,67,69,6692,45407
2023-03-09 15:42:08,67,70,6692,45407
2023-03-09 15:42:10,67,70,6703,45418
2023-03-09 15:42:14,70,72,6834,45549
2023-03-09 15:42:15,70,75,6834,45549
2023-03-09 15:42:16,67,75,6834,45549
2023-03-09 15:42:16,67,77,6834,45549
2023-03-09 15:42:28,71,77,6834,45549
2023-03-09 15:42:28,71,75,6834,45549
2023-03-09 15:42:36,73,75,6834,45549
2023-03-09 15:42:57,71,72,6834,45552
2023-03-09 15:42:57,68,72,6834,45552
2023-03-09 15:43:00,56,72,6834,45552
2023-03-09 15:43:00,66,72,6834,45552
2023-03-09 15:43:00,66,70,6834,45552
2023-03-09 15:43:04,64,70,6834,45552
2023-03-09 15:43:04,64,68,6834,45552
2023-03-09 15:43:06,64,69,6834,45552
2023-03-09 15:43:08,64,66,6834,45552
2023-03-09 15:43:14,64,70,6831,45555
2023-03-09 15:43:14,64,69,6831,45555
2023-03-09 15:43:14,66,69,6831,45555
2023-03-09 15:43:14,64,69,6831,45555
2023-03-09 15:43:14,68,69,6831,45555
2023-03-09 15:43:14,68,72,6831,45555
2023-03-09 15:43:16,68,70,6831,45555
2023-03-09 15:43:16,66,70,6831,45555
2023-03-09 15:43:21,67,70,6831,45555
2023-03-09 15:43:23,65,67,6831,45570
2023-03-09 15:43:29,65,72,6831,45570
2023-03-09 15:43:32,65,68,6831,45570
2023-03-09 15:43:32,66,68,6831,45570
2023-03-09 15:43:32,66,69,6831,45570
2023-03-09 15:43:34,67,69,6831,45570
2023-03-09 15:43:35,68,69,6831,45570
2023-03-09 15:43:37,68,71,6831,45570
2023-03-09 15:43:37,68,70,6831,45570
2023-03-09 15:43:37,67,70,6831,45585
2023-03-09 15:43:38,64,70,6831,45585
2023-03-09 15:43:40,69,70,6831,45588
2023-03-09 15:43:43,69,72,6831,45588
2023-03-09 15:43:43,69,72,6831,45606
2023-03-09 15:43:44,70,72,6831,45606
2023-03-09 15:43:48,69,72,6831,45606
2023-03-09 15:43:48,69,73,6831,45606
2023-03-09 15:43:49,70,73,6831,45606
2023-03-09 15:44:05,68,73,6831,46183
2023-03-09 15:44:08,71,73,6831,46183
2023-03-09 15:44:09,71,73,6831,46222
2023-03-09 15:44:09,71,73,6992,46383
2023-03-09 15:44:11,68,73,6992,46383
2023-03-09 15:44:11,62,63,6992,46461
2023-03-09 15:44:12,63,66,6870,46583
2023-03-09 15:44:12,65,66,6870,46583
2023-03-09 15:44:20,65,66,6870,46690
2023-03-09 15:44:25,65,66,6893,46713
2023-03-09 15:44:26,65,67,6893,46725
2023-03-09 15:44:30,67,69,6893,46728
2023-03-09 15:44:39,69,72,6882,46739
2023-03-09 15:44:40,67,72,6882,46739
2023-03-09 15:44:42,65,72,6882,46739
2023-03-09 15:44:42,67,72,6882,46739
2023-03-09 15:44:45,71,72,6882,46739
2023-03-09 15:44:51,71,73,6882,46739
2023-03-09 15:44:53,71,72,6882,46739
2023-03-09 15:44:54,69,71,6882,46742
2023-03-09 15:44:55,67,71,6922,46782
2023-03-09 15:44:55,67,70,6922,46782
2023-03-09 15:44:55,67,69,6922,46782
2023-03-09 15:44:55,67,68,6922,46782
2023-03-09 15:44:58,69,70,6956,46816
2023-03-09 15:44:58,67,69,6962,46822
2023-03-09 15:45:01,67,70,6962,46822
2023-03-09 15:45:04,67,69,6962,46822
2023-03-09 15:45:05,65,69,6962,46822
2023-03-09 15:45:05,66,69,6962,46822
2023-03-09 15:45:08,66,69,6962,46832
2023-03-09 15:45:09,66,67,6962,46832
2023-03-09 15:45:10,64,67,6982,46852
2023-03-09 15:45:10,64,66,6982,46852
2023-03-09 15:45:13,64,67,6982,46852
2023-03-09 15:45:13,64,65,6982,46852
2023-03-09 15:45:14,64,67,6982,46852
2023-03-09 15:45:15,64,65,6982,46852
2023-03-09 15:45:16,62,65,6982,46852
2023-03-09 15:45:16,61,65,6982,46852
2023-03-09 15:45:16,63,65,6982,46852
2023-03-09 15:45:16,63,64,6982,46852
2023-03-09 15:45:17,63,65,6982,46852
2023-03-09 15:45:17,63,65,6982,46855
2023-03-09 15:45:19,61,63,6982,46892
2023-03-09 15:45:22,59,63,6982,46892
2023-03-09 15:45:22,60,63,6982,46892
2023-03-09 15:45:27,60,61,6982,46892
2023-03-09 15:45:29,58,59,6982,46907
2023-03-09 15:45:32,58,61,6982,46907
2023-03-09 15:45:33,58,59,6982,46907
2023-03-09 15:45:37,55,56,6982,46916
2023-03-09 15:45:39,53,54,6982,46946
2023-03-09 15:45:40,50,52,6982,46976
2023-03-09 15:45:42,48,52,6982,46976
2023-03-09 15:45:42,47,52,6982,46976
2023-03-09 15:45:43,45,51,6982,47006
2023-03-09 15:45:44,45,50,6982,47006
2023-03-09 15:45:44,45,47,6982,47006
2023-03-09 15:45:45,41,45,6682,47306
2023-03-09 15:45:45,41,45,6482,47506
2023-03-09 15:45:48,44,45,6482,47506
2023-03-09 15:45:49,45,47,6421,47567
2023-03-09 15:45:49,45,47,6418,47570
2023-03-09 15:45:49,44,45,6282,47706
2023-03-09 15:45:50,42,45,6294,47718
2023-03-09 15:45:51,42,44,6294,47718
2023-03-09 15:45:53,41,44,6294,47718
2023-03-09 15:45:55,43,44,6294,47718
2023-03-09 15:45:57,41,44,6294,47718
2023-03-09 15:46:05,41,43,6294,47718
2023-03-09 15:46:06,40,43,6294,47718
2023-03-09 15:46:06,42,43,6294,47718
2023-03-09 15:46:07,37,40,5894,48170
2023-03-09 15:46:08,37,38,5894,48170
2023-03-09 15:46:08,35,38,5894,48170
2023-03-09 15:46:11,35,37,5894,48170
2023-03-09 15:46:12,35,38,5894,48170
2023-03-09 15:46:12,36,38,5894,48170
2023-03-09 15:46:12,36,38,5894,48183
2023-03-09 15:46:14,38,39,5795,48282
2023-03-09 15:46:16,38,40,5795,48282
2023-03-09 15:46:17,38,41,5795,48282
2023-03-09 15:46:18,38,42,5795,48282
2023-03-09 15:46:18,38,42,5770,48307
2023-03-09 15:46:18,38,42,5745,48332
2023-03-09 15:46:18,38,43,5745,48332
2023-03-09 15:46:19,37,43,5745,48332
2023-03-09 15:46:22,37,43,5745,48335
2023-03-09 15:46:22,37,42,5745,48335
2023-03-09 15:46:23,37,38,5745,48335
2023-03-09 15:46:24,38,40,5720,48360
2023-03-09 15:46:24,39,40,5720,48360
2023-03-09 15:46:25,43,44,5720,48385
2023-03-09 15:46:26,43,46,5720,48385
2023-03-09 15:46:26,43,46,5720,48388
2023-03-09 15:46:26,43,45,5720,48388
2023-03-09 15:46:28,39,45,5720,48388
2023-03-09 15:46:30,42,45,5720,48388
2023-03-09 15:46:30,45,46,5730,48398
2023-03-09 15:46:30,45,48,5780,48448
2023-03-09 15:46:31,45,47,5780,48448
2023-03-09 15:46:31,45,51,5780,48448
2023-03-09 15:46:31,45,50,5780,48448
2023-03-09 15:46:31,45,49,5780,48448
2023-03-09 15:46:32,46,49,5780,48448
2023-03-09 15:46:33,46,51,5780,48448
2023-03-09 15:46:37,45,48,5780,48448
2023-03-09 15:46:37,42,48,5780,48448
2023-03-09 15:46:37,34,48,5780,48448
2023-03-09 15:46:38,43,46,5780,48448
2023-03-09 15:46:41,43,47,5780,48448
2023-03-09 15:46:42,43,45,5780,48448
2023-03-09 15:46:42,41,45,5780,48448
2023-03-09 15:46:43,41,44,5780,48448
2023-03-09 15:46:45,38,44,5780,48448
2023-03-09 15:46:45,36,43,5780,48448
2023-03-09 15:46:46,39,42,5780,48448
2023-03-09 15:46:49,39,43,5780,48448
2023-03-09 15:46:51,39,42,5780,48448
2023-03-09 15:46:53,39,47,6480,49208
2023-03-09 15:46:53,39,46,6480,49208
2023-03-09 15:46:54,39,46,6477,49211
2023-03-09 15:46:54,39,47,6477,49211
2023-03-09 15:46:54,40,48,6477,49211
2023-03-09 15:47:02,43,46,6477,49211
2023-03-09 15:47:03,43,49,7120,49854
2023-03-09 15:47:03,43,48,7120,49854
2023-03-09 15:47:03,43,49,7120,49854
2023-03-09 15:47:03,46,49,7120,49854
2023-03-09 15:47:04,46,52,7120,49854
2023-03-09 15:47:04,46,51,7120,49854
2023-03-09 15:47:04,46,51,7120,50054
2023-03-09 15:47:05,49,51,7120,50054
2023-03-09 15:47:05,49,51,7120,50084
2023-03-09 15:47:05,49,52,7120,50084
2023-03-09 15:47:06,49,52,7120,50160
2023-03-09 15:47:09,46,52,7120,50160
2023-03-09 15:47:09,47,52,7120,50160
2023-03-09 15:47:09,47,51,7120,50160
2023-03-09 15:47:13,49,51,7120,50160
2023-03-09 15:47:13,49,52,7120,50160
2023-03-09 15:47:14,49,52,7120,50217
2023-03-09 15:47:18,47,52,7120,50217
2023-03-09 15:47:18,48,52,7120,50217
2023-03-09 15:47:19,48,51,7120,50217
