datetime,bid,ask,open_interest,volume
2023-12-26 09:30:05,19,28,3909,3911
2023-12-26 09:30:06,19,20,3909,3911
2023-12-26 09:30:08,19,24,4108,4110
2023-12-26 09:30:13,19,25,4108,4110
2023-12-26 09:30:14,19,26,4108,4110
2023-12-26 09:30:17,19,25,4108,4110
2023-12-26 09:30:21,19,26,4208,4210
2023-12-26 09:30:21,22,26,4208,4210
2023-12-26 09:30:22,22,24,4208,4210
2023-12-26 09:30:25,22,26,4308,4310
2023-12-26 09:30:35,22,25,4308,4310
2023-12-26 09:30:44,22,23,4308,4310
2023-12-26 09:30:49,22,24,4308,4310
2023-12-26 09:30:49,22,23,4308,4310
2023-12-26 09:30:50,20,23,4308,4310
2023-12-26 09:30:51,20,24,4308,4310
2023-12-26 09:30:52,21,24,4308,4310
2023-12-26 09:30:58,21,23,4308,4310
2023-12-26 09:30:59,20,23,4308,4310
2023-12-26 09:31:00,22,23,4308,4310
2023-12-26 09:31:01,22,24,4308,4310
2023-12-26 09:31:02,22,23,4308,4310
2023-12-26 09:31:04,23,24,4408,4410
2023-12-26 09:31:05,22,24,4508,4510
2023-12-26 09:31:09,22,23,4508,4510
2023-12-26 09:31:16,22,23,4608,4610
2023-12-26 09:31:18,22,23,4608,4611
2023-12-26 09:31:19,22,23,4708,4711
2023-12-26 09:31:20,22,23,4808,4811
2023-12-26 09:31:21,21,22,4907,4910
2023-12-26 09:31:23,20,22,4907,4910
2023-12-26 09:31:24,20,21,4907,4910
2023-12-26 09:31:27,20,21,5007,5010
2023-12-26 09:31:37,20,22,5007,5010
2023-12-26 09:31:40,20,21,5007,5010
2023-12-26 09:31:41,20,22,5007,5010
2023-12-26 09:31:42,21,22,5007,5010
2023-12-26 09:31:50,21,23,5007,5010
2023-12-26 09:32:01,21,24,5007,5010
2023-12-26 09:32:02,21,23,5007,5010
2023-12-26 09:32:07,21,22,5007,5010
2023-12-26 09:32:08,21,23,5007,5010
2023-12-26 09:32:18,22,23,5007,5010
2023-12-26 09:32:18,22,23,5107,5110
2023-12-26 09:32:20,21,23,5107,5110
2023-12-26 09:32:25,22,23,5107,5110
2023-12-26 09:32:26,21,23,5107,5110
2023-12-26 09:32:26,22,23,5107,5110
2023-12-26 09:32:30,22,24,5107,5110
2023-12-26 09:32:38,22,23,5107,5110
2023-12-26 09:32:40,22,24,5107,5110
2023-12-26 09:32:43,22,23,5107,5110
2023-12-26 09:32:45,22,24,5107,5110
2023-12-26 09:32:46,22,24,5207,5210
2023-12-26 09:32:47,22,25,5207,5210
2023-12-26 09:32:50,21,25,5207,5210
2023-12-26 09:32:50,21,24,5207,5210
2023-12-26 09:32:52,22,24,5207,5210
2023-12-26 09:32:54,22,23,5207,5210
2023-12-26 09:32:55,22,23,5307,5310
2023-12-26 09:32:56,21,23,5307,5310
2023-12-26 09:32:57,21,24,5307,5310
2023-12-26 09:32:58,21,23,5307,5310
2023-12-26 09:33:00,20,23,5307,5310
2023-12-26 09:33:01,20,22,5307,5310
2023-12-26 09:33:03,21,22,5307,5310
2023-12-26 09:33:09,20,22,5307,5310
2023-12-26 09:33:25,20,21,5307,5310
2023-12-26 09:33:27,20,22,5307,5310
2023-12-26 09:33:30,19,22,5307,5310
2023-12-26 09:33:30,19,21,5307,5310
2023-12-26 09:33:32,19,20,5307,5310
2023-12-26 09:33:33,19,21,5307,5310
2023-12-26 09:33:44,19,20,5307,5310
2023-12-26 09:33:53,19,20,5407,5410
2023-12-26 09:34:01,19,20,5507,5510
2023-12-26 09:34:06,18,19,5507,5610
2023-12-26 09:34:08,18,20,5507,5610
2023-12-26 09:34:10,18,19,5507,5610
2023-12-26 09:34:14,18,20,5507,5610
2023-12-26 09:34:14,18,19,5507,5610
2023-12-26 09:34:18,17,19,5507,5610
2023-12-26 09:34:29,17,20,5507,5610
2023-12-26 09:34:31,17,19,5507,5610
2023-12-26 09:35:11,17,20,5507,5610
2023-12-26 09:35:13,18,20,5507,5610
2023-12-26 09:35:15,18,19,5507,5610
2023-12-26 09:35:25,17,19,5507,5610
2023-12-26 09:35:25,18,19,5507,5610
2023-12-26 09:35:30,17,18,5507,5727
2023-12-26 09:35:37,17,19,5507,5727
2023-12-26 09:35:37,18,19,5507,5727
2023-12-26 09:35:41,18,19,5607,5827
2023-12-26 09:35:47,17,19,5607,5827
2023-12-26 09:35:47,18,19,5607,5827
2023-12-26 09:35:51,17,19,5607,5827
2023-12-26 09:35:51,17,18,5607,5827
2023-12-26 09:36:10,17,19,5607,5827
2023-12-26 09:36:11,17,18,5607,5827
2023-12-26 09:36:21,16,18,5607,5827
2023-12-26 09:36:21,17,18,5607,5827
2023-12-26 09:36:32,17,19,5607,5827
2023-12-26 09:36:37,17,18,5607,5827
2023-12-26 09:37:34,16,18,5607,5827
2023-12-26 09:37:34,17,18,5607,5827
2023-12-26 09:37:43,16,18,5607,5827
2023-12-26 09:37:43,17,18,5607,5827
2023-12-26 09:38:07,16,17,5607,5970
2023-12-26 09:38:08,16,18,5607,5970
2023-12-26 09:38:08,17,18,5607,5970
2023-12-26 09:38:15,16,18,5607,5970
2023-12-26 09:38:15,17,18,5607,5970
2023-12-26 09:38:19,16,17,5607,6084
2023-12-26 09:38:20,16,18,5607,6084
2023-12-26 09:38:21,16,17,5607,6084
2023-12-26 09:38:22,16,18,5607,6084
2023-12-26 09:38:23,16,17,5607,6084
2023-12-26 09:39:02,16,18,5607,6084
2023-12-26 09:39:04,16,17,5607,6084
2023-12-26 09:39:45,16,17,5607,6184
2023-12-26 09:39:58,16,18,5607,6184
2023-12-26 09:39:58,17,18,5607,6184
2023-12-26 09:40:01,16,18,5607,6184
2023-12-26 09:40:01,17,18,5607,6184
2023-12-26 09:40:05,16,18,5607,6184
2023-12-26 09:40:07,16,17,5607,6184
2023-12-26 09:40:08,16,18,5607,6184
2023-12-26 09:40:09,16,17,5607,6184
2023-12-26 09:40:21,15,17,5607,6184
2023-12-26 09:40:23,16,17,5607,6184
2023-12-26 09:40:24,15,17,5607,6184
2023-12-26 09:40:26,15,16,5607,6184
2023-12-26 09:40:29,15,17,5607,6184
2023-12-26 09:40:29,16,17,5607,6184
2023-12-26 09:40:36,16,18,5607,6184
2023-12-26 09:40:38,17,18,5607,6184
2023-12-26 09:40:40,15,17,5607,6329
2023-12-26 09:40:40,16,17,5607,6329
2023-12-26 09:40:41,16,18,5607,6329
2023-12-26 09:40:48,16,17,5607,6329
2023-12-26 09:40:53,16,18,5607,6329
2023-12-26 09:40:56,16,17,5607,6329
2023-12-26 09:41:06,15,17,5607,6329
2023-12-26 09:41:06,16,17,5607,6329
2023-12-26 09:41:07,15,17,5607,6329
2023-12-26 09:41:07,16,17,5607,6329
2023-12-26 09:41:34,15,17,5607,6329
2023-12-26 09:41:40,16,17,5607,6329
2023-12-26 09:41:42,15,17,5607,6329
2023-12-26 09:41:45,16,17,5607,6329
2023-12-26 09:42:05,15,17,5607,6329
2023-12-26 09:42:19,16,17,5607,6329
2023-12-26 09:42:21,15,17,5607,6329
2023-12-26 09:42:22,16,17,5607,6329
2023-12-26 09:42:27,15,17,5607,6329
2023-12-26 09:42:28,16,17,5607,6329
2023-12-26 09:42:30,15,17,5607,6329
2023-12-26 09:42:36,15,16,5607,6329
2023-12-26 09:43:13,15,16,5607,6529
2023-12-26 09:43:31,14,15,5607,6579
2023-12-26 09:43:31,13,15,5607,6579
2023-12-26 09:43:31,14,15,5607,6579
2023-12-26 09:43:47,14,16,6176,7179
2023-12-26 09:43:48,15,16,6176,7179
2023-12-26 09:44:39,15,17,6176,7179
2023-12-26 09:45:01,15,16,6176,7179
2023-12-26 09:45:27,15,16,6376,7379
2023-12-26 09:46:10,15,17,6376,7379
2023-12-26 09:46:12,15,16,6376,7379
2023-12-26 09:46:46,13,15,6426,7429
2023-12-26 09:46:54,13,16,6426,7429
2023-12-26 09:46:54,13,15,6426,7429
2023-12-26 09:47:25,13,14,6426,7429
2023-12-26 09:47:47,12,14,6426,7429
2023-12-26 09:48:02,13,14,6426,7429
2023-12-26 09:48:05,13,15,6426,7429
2023-12-26 09:48:15,12,15,6426,7429
2023-12-26 09:48:31,12,14,6426,7429
2023-12-26 09:48:44,12,15,6426,7429
2023-12-26 09:48:48,13,15,6426,7429
2023-12-26 09:49:05,13,16,6426,7429
2023-12-26 09:49:18,14,16,6426,7429
2023-12-26 09:49:19,13,16,6426,7429
2023-12-26 09:49:24,14,16,6426,7429
2023-12-26 09:49:30,14,17,6426,7429
2023-12-26 09:49:30,14,16,6426,7429
2023-12-26 09:50:11,14,17,6426,7429
2023-12-26 09:50:11,14,16,6426,7429
2023-12-26 09:50:17,14,17,6426,7429
2023-12-26 09:50:17,14,16,6426,7429
2023-12-26 09:50:19,14,17,6426,7429
2023-12-26 09:50:21,14,16,6426,7429
2023-12-26 09:50:29,14,17,6426,7429
2023-12-26 09:50:29,14,16,6426,7429
2023-12-26 09:50:34,14,17,6426,7429
2023-12-26 09:50:35,15,17,6426,7429
2023-12-26 09:50:37,16,17,6426,7429
2023-12-26 09:50:37,16,18,6426,7429
2023-12-26 09:50:49,17,18,6426,7429
2023-12-26 09:51:53,17,18,6263,7629
2023-12-26 09:52:06,16,18,6263,7629
2023-12-26 09:52:06,16,17,6263,7629
2023-12-26 09:52:15,16,18,6263,7629
2023-12-26 09:52:16,16,17,6263,7629
2023-12-26 09:52:24,15,17,6263,7629
2023-12-26 09:52:35,15,18,6263,7629
2023-12-26 09:52:36,15,17,6263,7629
2023-12-26 09:52:37,15,18,6263,7629
2023-12-26 09:52:38,15,17,6263,7629
2023-12-26 09:52:39,15,18,6263,7629
2023-12-26 09:52:46,15,17,6263,7629
2023-12-26 09:52:50,15,18,6263,7629
2023-12-26 09:52:52,15,17,6263,7629
2023-12-26 09:52:55,16,17,6263,7629
2023-12-26 09:52:55,16,18,6263,7629
2023-12-26 09:52:55,16,17,6263,7629
2023-12-26 09:52:56,16,18,6263,7629
2023-12-26 09:52:58,16,17,6263,7629
2023-12-26 09:53:01,15,17,6263,7629
2023-12-26 09:53:41,15,18,6263,7629
2023-12-26 09:53:41,15,17,6263,7629
2023-12-26 09:53:43,16,17,6263,7629
2023-12-26 09:53:51,15,17,6263,7629
2023-12-26 09:54:05,16,17,6263,7629
2023-12-26 09:54:12,16,18,6263,7629
2023-12-26 09:54:22,16,19,6263,7629
2023-12-26 09:54:25,16,18,6263,7629
2023-12-26 09:54:38,17,18,6263,7629
2023-12-26 09:54:39,16,18,6263,7629
2023-12-26 09:54:41,17,18,6263,7629
2023-12-26 09:54:44,16,18,6263,7629
2023-12-26 09:54:45,17,18,6263,7629
2023-12-26 09:54:48,16,18,6263,7629
2023-12-26 09:54:49,17,18,6263,7629
2023-12-26 09:54:51,16,18,6263,7629
2023-12-26 09:55:01,16,19,6263,7629
2023-12-26 09:55:01,16,18,6263,7629
2023-12-26 09:55:05,17,18,6263,7629
2023-12-26 09:55:29,16,18,6263,7629
2023-12-26 09:55:35,17,18,6263,7629
2023-12-26 09:55:42,17,20,6263,7629
2023-12-26 09:55:42,17,19,6263,7629
2023-12-26 09:55:43,18,19,6263,7629
2023-12-26 09:56:18,17,19,6263,7629
2023-12-26 09:56:18,17,18,6263,7629
2023-12-26 09:56:21,16,18,6263,7629
2023-12-26 09:56:23,17,18,6263,7629
2023-12-26 09:56:24,16,18,6263,7629
2023-12-26 09:56:51,16,17,6263,7629
2023-12-26 09:56:52,15,17,6263,7629
2023-12-26 09:56:59,15,18,6263,7629
2023-12-26 09:57:01,15,17,6263,7629
2023-12-26 09:57:03,15,18,6263,7629
2023-12-26 09:57:03,15,17,6263,7629
2023-12-26 09:57:39,14,17,6263,7629
2023-12-26 09:57:39,14,16,6263,7629
2023-12-26 09:57:40,14,17,6263,7629
2023-12-26 09:57:42,14,16,6263,7629
2023-12-26 09:57:43,14,17,6263,7629
2023-12-26 09:57:44,14,16,6263,7629
2023-12-26 09:57:46,14,17,6263,7629
2023-12-26 09:57:47,14,16,6263,7629
2023-12-26 09:57:49,14,17,6263,7629
2023-12-26 09:58:00,14,16,6263,7629
2023-12-26 09:58:01,14,17,6263,7629
2023-12-26 09:58:01,14,16,6263,7629
2023-12-26 09:58:05,14,17,6263,7629
2023-12-26 09:58:05,14,16,6263,7629
2023-12-26 09:58:14,14,17,6263,7629
2023-12-26 09:58:14,14,16,6263,7629
2023-12-26 09:59:03,13,16,6263,7629
2023-12-26 09:59:17,14,16,6263,7629
2023-12-26 09:59:20,13,16,6263,7629
2023-12-26 09:59:27,13,15,6263,7629
2023-12-26 09:59:28,13,16,6263,7629
2023-12-26 09:59:30,13,15,6263,7629
2023-12-26 09:59:35,13,16,6263,7629
2023-12-26 09:59:36,13,15,6263,7629
2023-12-26 09:59:48,12,15,6263,7629
2023-12-26 10:00:38,13,15,6263,7629
2023-12-26 10:00:39,13,16,6263,7629
2023-12-26 10:00:43,13,15,6263,7629
2023-12-26 10:00:46,13,16,6263,7629
2023-12-26 10:00:55,13,15,6263,7629
2023-12-26 10:00:56,13,16,6263,7629
2023-12-26 10:01:05,13,15,6263,7629
2023-12-26 10:01:07,13,16,6263,7629
2023-12-26 10:01:08,13,15,6263,7629
2023-12-26 10:01:10,12,15,6263,7629
2023-12-26 10:01:17,13,15,6263,7629
2023-12-26 10:01:28,12,15,6263,7629
2023-12-26 10:02:04,13,15,6263,7629
2023-12-26 10:02:11,12,15,6263,7629
2023-12-26 10:03:20,12,14,6263,7629
2023-12-26 10:04:09,12,15,6263,7629
2023-12-26 10:04:20,12,14,6263,7629
2023-12-26 10:04:29,12,15,6263,7629
2023-12-26 10:06:24,12,13,6263,7629
2023-12-26 10:06:24,12,15,6463,7829
2023-12-26 10:06:36,13,15,6463,7829
2023-12-26 10:06:44,12,15,6463,7829
2023-12-26 10:06:56,12,14,6463,7829
2023-12-26 10:07:05,13,14,6463,7829
2023-12-26 10:07:12,12,14,6463,7829
2023-12-26 10:07:14,12,13,6463,7829
2023-12-26 10:07:47,12,13,6657,8029
2023-12-26 10:08:48,12,13,6713,8229
2023-12-26 10:09:10,10,13,6713,8229
2023-12-26 10:09:14,10,12,6713,8229
2023-12-26 10:09:17,10,13,6713,8229
2023-12-26 10:09:27,11,13,6713,8229
2023-12-26 10:09:45,11,14,6713,8229
2023-12-26 10:09:48,11,13,6713,8229
2023-12-26 10:10:22,10,13,6713,8229
2023-12-26 10:10:55,10,12,6713,8229
2023-12-26 10:10:57,10,11,6713,8229
2023-12-26 10:10:57,10,12,6813,8329
2023-12-26 10:11:06,10,11,6813,8329
2023-12-26 10:12:09,9,11,6813,8329
2023-12-26 10:14:02,9,10,6813,8329
2023-12-26 10:14:02,9,11,7013,8529
2023-12-26 10:14:05,9,10,7013,8529
2023-12-26 10:14:41,9,11,7013,8529
2023-12-26 10:15:10,9,10,7013,8529
2023-12-26 10:15:20,9,11,7013,8529
2023-12-26 10:15:39,9,10,7013,8529
2023-12-26 10:16:21,9,11,7013,8529
2023-12-26 10:16:27,9,10,7013,8529
2023-12-26 10:16:29,9,11,7013,8529
2023-12-26 10:17:59,9,10,7013,8529
2023-12-26 10:18:05,9,11,7013,8529
2023-12-26 10:18:40,9,10,7013,8529
2023-12-26 10:18:41,9,11,7013,8529
2023-12-26 10:18:50,9,10,7013,8529
2023-12-26 10:18:53,9,11,7013,8529
2023-12-26 10:18:53,9,10,7013,8529
2023-12-26 10:18:55,9,11,7013,8529
2023-12-26 10:18:56,9,10,7013,8529
2023-12-26 10:19:29,9,11,7013,8529
2023-12-26 10:21:01,9,10,7013,8529
2023-12-26 10:21:12,9,11,7013,8529
2023-12-26 10:21:12,9,10,7013,8529
2023-12-26 10:21:22,9,11,7013,8529
2023-12-26 10:21:24,9,10,7013,8529
2023-12-26 10:21:25,9,11,7013,8529
2023-12-26 10:21:26,9,10,7013,8529
2023-12-26 10:21:31,9,11,7013,8529
2023-12-26 10:23:04,10,11,7013,8529
2023-12-26 10:23:04,10,12,7013,8529
2023-12-26 10:23:04,10,11,7013,8529
2023-12-26 10:23:07,9,11,7013,8529
2023-12-26 10:23:11,10,11,7013,8529
2023-12-26 10:23:13,9,11,7013,8529
2023-12-26 10:23:23,9,12,7013,8529
2023-12-26 10:23:25,9,11,7013,8529
2023-12-26 10:23:53,9,12,7013,8529
2023-12-26 10:24:04,10,12,7013,8529
2023-12-26 10:24:06,9,12,7013,8529
2023-12-26 10:24:14,10,12,7013,8529
2023-12-26 10:24:41,10,11,7013,8529
2023-12-26 10:24:44,9,11,7013,8529
2023-12-26 10:24:45,10,11,7013,8529
2023-12-26 10:24:49,9,11,7013,8529
2023-12-26 10:25:28,9,10,7013,8529
2023-12-26 10:25:37,8,10,7013,8779
2023-12-26 10:25:44,8,9,7013,8779
2023-12-26 10:25:46,7,9,7013,8779
2023-12-26 10:26:09,7,8,7013,8779
2023-12-26 10:26:24,7,8,7013,8781
2023-12-26 10:26:25,6,8,7013,8781
2023-12-26 10:26:51,6,8,7113,8881
2023-12-26 10:27:51,6,9,7313,9081
2023-12-26 10:28:20,7,9,7313,9081
2023-12-26 10:28:27,7,10,7313,9081
2023-12-26 10:28:27,8,10,7313,9081
2023-12-26 10:28:33,8,11,7313,9081
2023-12-26 10:28:35,9,11,7313,9081
2023-12-26 10:30:02,8,11,7313,9081
2023-12-26 10:30:32,8,10,7313,9081
2023-12-26 10:30:34,8,11,7313,9081
2023-12-26 10:30:52,8,10,7313,9081
2023-12-26 10:30:57,8,11,7313,9081
2023-12-26 10:30:57,8,10,7313,9081
2023-12-26 10:31:24,7,10,7313,9081
2023-12-26 10:31:50,6,10,7313,9081
2023-12-26 10:31:50,6,9,7313,9081
2023-12-26 10:31:55,7,9,7313,9081
2023-12-26 10:32:22,6,9,7313,9081
2023-12-26 10:32:23,7,9,7313,9081
2023-12-26 10:32:24,6,9,7313,9081
2023-12-26 10:36:04,6,8,7313,9081
2023-12-26 10:38:13,6,7,7313,9081
2023-12-26 10:38:40,6,8,7513,9281
2023-12-26 10:40:59,6,7,7513,9281
2023-12-26 10:41:51,6,8,7713,9481
2023-12-26 10:43:03,7,8,7713,9481
2023-12-26 10:43:06,7,10,7713,9481
2023-12-26 10:43:06,7,9,7713,9481
2023-12-26 10:43:09,7,10,7713,9481
2023-12-26 10:43:43,7,9,7713,9481
2023-12-26 10:43:45,7,10,7713,9481
2023-12-26 10:43:47,7,9,7713,9481
2023-12-26 10:43:49,7,10,7713,9481
2023-12-26 10:43:49,7,9,7713,9481
2023-12-26 10:44:01,7,10,7713,9481
2023-12-26 10:44:03,7,9,7713,9481
2023-12-26 10:44:06,7,10,7713,9481
2023-12-26 10:44:06,7,9,7713,9481
2023-12-26 10:44:10,7,10,7713,9481
2023-12-26 10:44:11,7,9,7713,9481
2023-12-26 10:44:12,7,10,7713,9481
2023-12-26 10:44:12,7,9,7713,9481
2023-12-26 10:44:14,7,10,7713,9481
2023-12-26 10:44:17,8,10,7713,9481
2023-12-26 10:44:19,7,10,7713,9481
2023-12-26 10:44:20,7,9,7713,9481
2023-12-26 10:44:21,7,10,7713,9481
2023-12-26 10:44:25,7,9,7713,9481
2023-12-26 10:44:44,8,9,7713,9481
2023-12-26 10:44:55,8,10,7713,9481
2023-12-26 10:45:07,8,9,7713,9481
2023-12-26 10:45:08,8,10,7713,9481
2023-12-26 10:45:55,9,10,7713,9481
2023-12-26 10:46:06,8,10,7713,9481
2023-12-26 10:46:11,8,11,7713,9481
2023-12-26 10:46:11,8,9,7713,9481
2023-12-26 10:46:15,8,11,7713,9481
2023-12-26 10:46:15,8,10,7713,9481
2023-12-26 10:46:21,8,9,7713,9481
2023-12-26 10:46:28,8,10,7713,9481
2023-12-26 10:46:29,8,9,7713,9481
2023-12-26 10:47:11,8,10,7713,9481
2023-12-26 10:47:11,8,9,7713,9481
2023-12-26 10:47:14,8,10,7713,9481
2023-12-26 10:47:15,8,9,7713,9481
2023-12-26 10:47:20,8,10,7713,9481
2023-12-26 10:47:21,8,9,7713,9481
2023-12-26 10:47:24,8,10,7713,9481
2023-12-26 10:47:26,8,9,7713,9481
2023-12-26 10:47:27,8,10,7713,9481
2023-12-26 10:47:33,8,9,7713,9481
2023-12-26 10:47:36,8,10,7713,9481
2023-12-26 10:47:36,8,9,7713,9481
2023-12-26 10:47:37,8,10,7713,9481
2023-12-26 10:47:40,8,9,7713,9481
2023-12-26 10:47:41,8,10,7713,9481
2023-12-26 10:47:46,8,9,7713,9481
2023-12-26 10:47:54,8,10,7713,9481
2023-12-26 10:47:57,8,9,7713,9481
2023-12-26 10:47:58,8,10,7713,9481
2023-12-26 10:48:09,8,9,7713,9481
2023-12-26 10:48:13,8,10,7713,9481
2023-12-26 10:48:44,8,9,7713,9481
2023-12-26 10:48:46,8,10,7713,9481
2023-12-26 10:48:48,8,9,7713,9481
2023-12-26 10:50:02,8,9,7713,9681
2023-12-26 10:50:04,8,9,7713,9881
2023-12-26 10:50:30,8,9,7713,10081
2023-12-26 10:50:33,8,9,7713,10281
2023-12-26 10:50:33,8,11,7913,10481
2023-12-26 10:50:34,9,11,7913,10481
2023-12-26 10:50:38,9,12,7913,10481
2023-12-26 10:50:44,8,12,7913,10481
2023-12-26 10:50:44,8,11,7913,10481
2023-12-26 10:50:51,9,11,7913,10481
2023-12-26 10:50:52,9,12,7913,10481
2023-12-26 10:50:54,9,11,7913,10481
2023-12-26 10:50:56,9,12,7913,10481
2023-12-26 10:51:00,9,11,7913,10481
2023-12-26 10:51:02,9,12,7913,10481
2023-12-26 10:51:02,9,11,7913,10481
2023-12-26 10:51:04,9,12,7913,10481
2023-12-26 10:51:06,10,12,7913,10481
2023-12-26 10:51:19,11,12,7913,10481
2023-12-26 10:51:19,11,13,7913,10481
2023-12-26 10:51:45,12,13,7913,10481
2023-12-26 10:51:45,12,14,7913,10481
2023-12-26 10:51:54,13,14,7913,10481
2023-12-26 10:51:59,12,14,7913,10481
2023-12-26 10:52:05,12,15,7913,10481
2023-12-26 10:52:05,12,14,7913,10481
2023-12-26 10:52:22,12,13,7913,10481
2023-12-26 10:52:24,11,13,7913,10481
2023-12-26 10:52:26,12,13,7913,10481
2023-12-26 10:52:28,11,13,7913,10481
2023-12-26 10:52:28,11,12,7913,10481
2023-12-26 10:52:31,11,14,7713,10681
2023-12-26 10:52:31,11,13,7713,10681
2023-12-26 10:52:39,11,14,7713,10681
2023-12-26 10:52:39,11,13,7713,10681
2023-12-26 10:53:04,11,14,7713,10681
2023-12-26 10:53:04,11,13,7713,10681
2023-12-26 10:53:13,12,13,7713,10681
2023-12-26 10:53:17,11,13,7713,10681
2023-12-26 10:53:21,11,14,7713,10681
2023-12-26 10:53:21,11,13,7713,10681
2023-12-26 10:53:24,11,13,7713,10692
2023-12-26 10:53:30,10,13,7713,10692
2023-12-26 10:53:30,10,12,7713,10692
2023-12-26 10:54:26,10,13,7713,10692
2023-12-26 10:54:26,10,12,7713,10692
2023-12-26 10:54:32,10,13,7713,10692
2023-12-26 10:54:32,10,12,7713,10692
2023-12-26 10:54:55,10,13,7713,10692
2023-12-26 10:54:55,10,11,7713,10692
2023-12-26 10:54:55,10,13,7713,10692
2023-12-26 10:54:55,10,11,7713,10692
2023-12-26 10:55:01,10,13,7713,10692
2023-12-26 10:55:01,10,11,7713,10692
2023-12-26 10:55:12,10,13,7713,10692
2023-12-26 10:55:12,10,11,7713,10692
2023-12-26 10:55:12,10,13,7713,10692
2023-12-26 10:55:12,10,11,7713,10692
2023-12-26 10:55:18,9,11,7713,10692
2023-12-26 10:55:22,8,11,7713,10692
2023-12-26 10:55:22,8,10,7713,10692
2023-12-26 10:55:23,8,11,7713,10692
2023-12-26 10:55:28,9,11,7713,10692
2023-12-26 10:55:58,8,11,7713,10692
2023-12-26 10:55:58,8,10,7713,10692
2023-12-26 10:56:02,8,11,7713,10692
2023-12-26 10:56:02,8,10,7713,10692
2023-12-26 10:56:44,7,10,7713,10692
2023-12-26 10:57:01,7,9,7713,10692
2023-12-26 10:57:04,7,10,7713,10692
2023-12-26 10:57:07,7,9,7713,10692
2023-12-26 10:57:10,7,10,7713,10692
2023-12-26 10:57:18,7,9,7713,10692
2023-12-26 10:58:13,7,10,7713,10692
2023-12-26 10:58:29,7,9,7713,10692
2023-12-26 10:58:59,6,9,7713,10692
2023-12-26 11:00:16,6,8,7713,10692
2023-12-26 11:01:04,6,9,7713,10692
2023-12-26 11:01:27,7,9,7713,10692
2023-12-26 11:01:37,7,10,7713,10692
2023-12-26 11:01:57,8,10,7713,10692
2023-12-26 11:02:03,8,11,8113,11092
2023-12-26 11:02:04,9,11,8113,11092
2023-12-26 11:02:09,9,12,8113,11092
2023-12-26 11:02:11,10,12,8113,11092
2023-12-26 11:02:14,9,12,8113,11092
2023-12-26 11:02:15,10,12,8113,11092
2023-12-26 11:02:19,9,12,8113,11092
2023-12-26 11:02:27,9,11,8113,11092
2023-12-26 11:02:34,8,11,8113,11092
2023-12-26 11:02:34,9,11,8113,11092
2023-12-26 11:02:51,9,12,8113,11092
2023-12-26 11:02:51,9,11,8113,11092
2023-12-26 11:02:57,9,12,8113,11092
2023-12-26 11:02:57,9,11,8113,11092
2023-12-26 11:03:01,9,12,8113,11092
2023-12-26 11:03:01,9,11,8113,11092
2023-12-26 11:03:06,10,11,8113,11092
2023-12-26 11:03:07,9,11,8113,11092
2023-12-26 11:03:09,9,12,8113,11092
2023-12-26 11:03:09,9,11,8113,11092
2023-12-26 11:03:18,9,12,8113,11092
2023-12-26 11:03:18,9,11,8113,11092
2023-12-26 11:03:20,10,11,8113,11092
2023-12-26 11:03:24,10,12,8113,11092
2023-12-26 11:03:25,10,11,8113,11092
2023-12-26 11:03:28,10,12,8113,11092
2023-12-26 11:03:29,10,11,8113,11092
2023-12-26 11:03:41,10,12,8113,11092
2023-12-26 11:03:53,9,12,8113,11092
2023-12-26 11:03:53,9,11,8113,11092
2023-12-26 11:03:57,9,12,8113,11092
2023-12-26 11:03:58,10,12,8113,11092
2023-12-26 11:04:31,10,11,8113,11092
2023-12-26 11:04:33,9,11,8113,11092
2023-12-26 11:04:59,8,11,8113,11092
2023-12-26 11:05:18,8,10,8113,11092
2023-12-26 11:05:21,7,10,8113,11092
2023-12-26 11:05:58,7,9,8113,11092
2023-12-26 11:06:12,6,9,8113,11092
2023-12-26 11:06:14,6,8,8113,11092
2023-12-26 11:06:48,6,9,8113,11092
2023-12-26 11:08:11,7,9,8113,11092
2023-12-26 11:08:26,7,10,8113,11092
2023-12-26 11:08:35,8,10,8113,11092
2023-12-26 11:08:43,7,10,8113,11092
2023-12-26 11:08:55,8,10,8113,11092
2023-12-26 11:08:57,7,10,8113,11092
2023-12-26 11:08:58,8,10,8113,11092
2023-12-26 11:08:59,7,10,8113,11092
2023-12-26 11:09:04,8,10,8113,11092
2023-12-26 11:09:11,7,10,8113,11092
2023-12-26 11:09:22,7,9,8113,11092
2023-12-26 11:09:25,7,10,8113,11092
2023-12-26 11:09:27,7,9,8113,11092
2023-12-26 11:09:36,6,9,8113,11092
2023-12-26 11:10:50,7,9,8113,11092
2023-12-26 11:11:00,6,9,8113,11092
2023-12-26 11:11:47,6,8,8113,11092
2023-12-26 11:11:53,6,7,8113,11092
2023-12-26 11:12:01,6,7,8313,11292
2023-12-26 11:13:45,4,6,8363,11342
2023-12-26 11:16:25,4,7,8563,11542
2023-12-26 11:16:36,5,7,8563,11542
2023-12-26 11:17:39,6,7,8563,11542
2023-12-26 11:17:42,6,9,8563,11542
2023-12-26 11:17:44,6,8,8563,11542
2023-12-26 11:17:45,6,9,8563,11542
2023-12-26 11:17:47,6,8,8563,11542
2023-12-26 11:17:52,6,9,8563,11542
2023-12-26 11:18:02,7,9,8563,11542
2023-12-26 11:18:14,8,9,8563,11542
2023-12-26 11:18:15,8,11,8563,11542
2023-12-26 11:18:20,9,11,8563,11542
2023-12-26 11:18:21,8,11,8563,11542
2023-12-26 11:18:23,9,11,8563,11542
2023-12-26 11:18:25,8,11,8563,11542
2023-12-26 11:18:33,8,10,8563,11542
2023-12-26 11:18:35,8,11,8563,11542
2023-12-26 11:18:39,8,10,8563,11542
2023-12-26 11:18:42,8,11,8563,11542
2023-12-26 11:18:43,8,10,8563,11542
2023-12-26 11:18:55,8,11,8563,11542
2023-12-26 11:18:55,8,10,8563,11542
2023-12-26 11:19:05,8,11,8563,11542
2023-12-26 11:19:05,8,10,8563,11542
2023-12-26 11:19:26,8,11,8563,11542
2023-12-26 11:19:26,8,10,8563,11542
2023-12-26 11:19:41,8,11,8563,11542
2023-12-26 11:19:43,8,10,8563,11542
2023-12-26 11:19:46,8,9,8563,11542
2023-12-26 11:19:49,8,11,8563,11542
2023-12-26 11:19:49,8,10,8563,11542
2023-12-26 11:20:00,8,11,8563,11542
2023-12-26 11:20:01,8,10,8563,11542
2023-12-26 11:20:03,9,10,8563,11542
2023-12-26 11:20:13,8,10,8563,11542
2023-12-26 11:20:16,8,11,8563,11542
2023-12-26 11:20:16,8,10,8563,11542
2023-12-26 11:20:27,8,11,8563,11542
2023-12-26 11:20:27,8,10,8563,11542
2023-12-26 11:20:32,8,11,8563,11542
2023-12-26 11:20:34,8,10,8563,11542
2023-12-26 11:20:38,9,10,8563,11542
2023-12-26 11:20:56,9,11,8563,11542
2023-12-26 11:20:57,9,10,8563,11542
2023-12-26 11:21:00,9,11,8563,11733
2023-12-26 11:21:00,9,10,8563,11733
2023-12-26 11:21:11,9,11,8563,11733
2023-12-26 11:21:11,9,10,8563,11733
2023-12-26 11:21:20,9,11,8563,11733
2023-12-26 11:21:20,9,10,8563,11733
2023-12-26 11:21:24,8,10,8563,11733
2023-12-26 11:21:39,8,11,8563,11733
2023-12-26 11:21:39,8,10,8563,11733
2023-12-26 11:22:13,9,10,8563,11733
2023-12-26 11:22:13,9,11,8563,11901
2023-12-26 11:22:13,9,10,8563,11901
2023-12-26 11:22:15,9,11,8563,12008
2023-12-26 11:22:16,9,10,8563,12008
2023-12-26 11:22:19,9,11,8563,12008
2023-12-26 11:22:19,9,10,8563,12008
2023-12-26 11:22:21,8,10,8563,12008
2023-12-26 11:22:23,9,10,8563,12008
2023-12-26 11:22:25,9,11,8563,12008
2023-12-26 11:22:27,9,10,8563,12008
2023-12-26 11:22:29,8,10,8563,12008
2023-12-26 11:22:36,8,11,8563,12008
2023-12-26 11:22:36,8,10,8563,12008
2023-12-26 11:23:00,7,10,8563,12008
2023-12-26 11:23:11,7,11,8563,12008
2023-12-26 11:23:11,7,10,8563,12008
2023-12-26 11:23:20,8,10,8563,12008
2023-12-26 11:23:24,8,11,8563,12008
2023-12-26 11:23:25,8,10,8563,12008
2023-12-26 11:23:28,7,10,8563,12008
2023-12-26 11:23:30,7,11,8563,12008
2023-12-26 11:23:30,7,10,8563,12008
2023-12-26 11:23:31,8,10,8563,12008
2023-12-26 11:23:36,7,10,8563,12008
2023-12-26 11:23:39,7,11,8563,12008
2023-12-26 11:23:40,8,11,8563,12008
2023-12-26 11:23:40,8,10,8563,12008
2023-12-26 11:23:42,7,10,8563,12008
2023-12-26 11:23:48,8,10,8563,12008
2023-12-26 11:23:49,7,10,8563,12008
2023-12-26 11:24:00,8,10,8563,12008
2023-12-26 11:24:09,8,11,8563,12008
2023-12-26 11:24:09,8,10,8563,12008
2023-12-26 11:24:10,8,9,8563,12008
2023-12-26 11:24:12,8,11,8568,12013
2023-12-26 11:24:12,8,10,8568,12013
2023-12-26 11:24:21,9,10,8568,12013
2023-12-26 11:24:29,9,11,8568,12013
2023-12-26 11:24:33,9,10,8568,12013
2023-12-26 11:24:35,9,11,8568,12113
2023-12-26 11:24:35,9,10,8568,12113
2023-12-26 11:24:36,9,11,8568,12255
2023-12-26 11:24:36,9,10,8568,12255
2023-12-26 11:24:38,9,11,8568,12255
2023-12-26 11:24:39,9,10,8568,12255
2023-12-26 11:24:40,9,11,8568,12387
2023-12-26 11:24:57,10,11,8568,12387
2023-12-26 11:24:58,10,12,8568,12387
2023-12-26 11:24:58,10,11,8568,12387
2023-12-26 11:24:58,10,12,8568,12514
2023-12-26 11:24:58,10,11,8568,12514
2023-12-26 11:24:59,10,12,8568,12514
2023-12-26 11:25:03,11,12,8568,12514
2023-12-26 11:25:07,11,13,8568,12670
2023-12-26 11:25:07,11,12,8568,12670
2023-12-26 11:25:08,11,13,8568,12780
2023-12-26 11:25:08,11,12,8568,12780
2023-12-26 11:25:09,11,13,8568,12780
2023-12-26 11:25:11,11,12,8568,12780
2023-12-26 11:25:12,11,13,8568,12780
2023-12-26 11:25:17,11,12,8568,12780
2023-12-26 11:25:47,11,12,8568,12880
2023-12-26 11:25:48,10,12,8568,12880
2023-12-26 11:25:51,9,12,8568,12880
2023-12-26 11:25:51,9,11,8568,12880
2023-12-26 11:25:55,9,12,8568,12880
2023-12-26 11:25:55,9,11,8568,12880
2023-12-26 11:26:13,9,12,8568,12880
2023-12-26 11:26:13,9,11,8568,12880
2023-12-26 11:26:29,8,11,8568,13080
2023-12-26 11:26:37,9,11,8568,13080
2023-12-26 11:26:39,8,11,8568,13080
2023-12-26 11:26:40,9,11,8568,13080
2023-12-26 11:26:56,9,12,8568,13080
2023-12-26 11:26:56,9,11,8568,13080
2023-12-26 11:27:16,9,12,8568,13080
2023-12-26 11:27:16,9,11,8568,13080
2023-12-26 11:27:27,9,12,8568,13080
2023-12-26 11:27:28,9,11,8568,13080
2023-12-26 11:28:00,9,12,8568,13080
2023-12-26 11:28:00,9,11,8568,13080
2023-12-26 11:28:01,8,11,8568,13080
2023-12-26 11:28:01,8,10,8568,13080
2023-12-26 11:28:05,8,11,8568,13080
2023-12-26 11:28:07,9,11,8568,13080
2023-12-26 11:28:19,8,11,8568,13080
2023-12-26 11:28:29,8,10,8568,13080
2023-12-26 11:28:30,8,11,8568,13080
2023-12-26 11:28:31,8,10,8568,13080
2023-12-26 11:29:03,8,11,8568,13080
2023-12-26 11:29:08,9,11,8568,13080
2023-12-26 11:29:11,9,10,8568,13080
2023-12-26 11:29:12,9,11,8568,13080
2023-12-26 11:29:34,9,12,8568,13080
2023-12-26 11:29:34,9,11,8568,13080
2023-12-26 11:29:36,9,12,8568,13080
2023-12-26 11:29:37,9,11,8568,13080
2023-12-26 11:29:45,9,10,8568,13080
2023-12-26 11:29:47,8,10,8568,13080
2023-12-26 11:29:51,8,11,8568,13080
2023-12-26 11:29:51,8,10,8568,13080
2023-12-26 11:30:05,8,11,8568,13080
2023-12-26 11:30:05,8,10,8568,13080
2023-12-26 11:30:08,8,11,8568,13080
2023-12-26 11:30:08,8,10,8568,13080
2023-12-26 11:30:15,7,10,8568,13080
2023-12-26 11:30:15,7,11,8568,13080
2023-12-26 11:30:15,7,10,8568,13080
2023-12-26 11:30:22,7,11,8568,13080
2023-12-26 11:30:22,7,10,8568,13080
2023-12-26 11:30:31,7,9,8568,13080
2023-12-26 11:30:36,7,10,8568,13080
2023-12-26 11:30:36,7,9,8568,13080
2023-12-26 11:30:48,6,9,8568,13080
2023-12-26 11:31:54,6,8,8568,13080
2023-12-26 11:31:55,7,8,8568,13080
2023-12-26 11:32:40,7,8,8568,13280
2023-12-26 11:32:45,5,8,8568,13280
2023-12-26 11:32:56,6,8,8568,13280
2023-12-26 11:34:18,6,7,8568,13280
2023-12-26 11:34:18,6,7,8868,13580
2023-12-26 11:35:19,6,8,9068,13780
2023-12-26 11:36:20,6,7,9068,13780
2023-12-26 11:38:40,6,7,9068,13980
2023-12-26 11:41:54,4,7,9068,13980
2023-12-26 11:42:03,5,7,9068,13980
2023-12-26 11:42:17,6,7,9068,13980
2023-12-26 11:42:59,5,7,9068,13980
2023-12-26 11:43:27,4,7,9068,13980
2023-12-26 11:44:02,5,7,9068,13980
2023-12-26 11:44:29,6,7,9068,13980
2023-12-26 11:44:40,6,7,9068,14080
2023-12-26 11:44:41,6,8,9068,14180
2023-12-26 11:44:42,7,8,9068,14180
2023-12-26 11:44:49,7,9,9068,14180
2023-12-26 11:44:49,7,8,9068,14180
2023-12-26 11:44:52,6,8,9068,14180
2023-12-26 11:45:08,6,9,9068,14180
2023-12-26 11:45:10,6,8,9068,14180
2023-12-26 11:45:25,6,9,9068,14180
2023-12-26 11:45:25,6,8,9068,14180
2023-12-26 11:45:35,6,9,9068,14180
2023-12-26 11:45:35,6,8,9068,14180
2023-12-26 11:45:42,5,8,9068,14180
2023-12-26 11:45:49,6,8,9068,14180
2023-12-26 11:46:00,6,7,9068,14180
2023-12-26 11:46:10,6,8,9068,14180
2023-12-26 11:46:10,6,7,9068,14180
2023-12-26 11:46:31,5,7,8968,14280
2023-12-26 11:46:35,5,7,8968,14480
2023-12-26 11:46:56,5,8,8968,14480
2023-12-26 11:46:56,5,6,8968,14480
2023-12-26 11:46:57,5,6,8868,14580
2023-12-26 11:46:57,5,8,8868,14580
2023-12-26 11:46:57,5,7,8868,14580
2023-12-26 11:46:58,6,7,8868,14580
2023-12-26 11:46:59,6,8,8868,14580
2023-12-26 11:46:59,6,7,8868,14580
2023-12-26 11:47:03,6,8,8868,14580
2023-12-26 11:47:03,6,7,8868,14580
2023-12-26 11:47:17,5,7,8868,14580
2023-12-26 11:47:17,5,8,8868,14580
2023-12-26 11:47:18,5,7,8868,14580
2023-12-26 11:47:22,5,8,8868,14580
2023-12-26 11:47:22,5,7,8868,14580
2023-12-26 11:47:27,5,8,8868,14580
2023-12-26 11:47:28,5,7,8868,14580
2023-12-26 11:47:31,5,8,8868,14580
2023-12-26 11:47:31,5,7,8868,14580
2023-12-26 11:47:38,5,8,8868,14580
2023-12-26 11:47:38,5,7,8868,14580
2023-12-26 11:47:44,5,8,8868,14580
2023-12-26 11:47:44,5,7,8868,14580
2023-12-26 11:47:48,6,7,8868,14580
2023-12-26 11:47:54,6,8,8868,14580
2023-12-26 11:47:54,6,7,8868,14580
2023-12-26 11:47:58,6,8,8868,14580
2023-12-26 11:47:59,6,7,8868,14580
2023-12-26 11:48:04,6,8,8868,14580
2023-12-26 11:48:05,6,7,8868,14580
2023-12-26 11:48:08,5,7,8868,14580
2023-12-26 11:48:22,6,7,8868,14580
2023-12-26 11:48:42,5,7,8868,14580
2023-12-26 11:48:47,6,7,8868,14580
2023-12-26 11:48:56,6,8,8868,14580
2023-12-26 11:48:57,6,7,8868,14580
2023-12-26 11:49:14,6,8,8868,14580
2023-12-26 11:49:15,6,7,8868,14580
2023-12-26 11:49:19,6,8,8868,14580
2023-12-26 11:49:20,6,7,8868,14580
2023-12-26 11:49:21,6,8,8868,14580
2023-12-26 11:49:21,6,7,8868,14580
2023-12-26 11:49:31,5,7,8868,14580
2023-12-26 11:49:31,5,8,8868,14580
2023-12-26 11:49:31,5,7,8868,14580
2023-12-26 11:50:08,6,7,8868,14580
2023-12-26 11:50:28,5,7,8868,14580
2023-12-26 11:50:46,4,7,8868,14580
2023-12-26 11:50:55,4,8,8868,14580
2023-12-26 11:50:55,4,7,8868,14580
2023-12-26 11:51:11,4,8,8868,14580
2023-12-26 11:51:11,4,7,8868,14580
2023-12-26 11:51:31,4,8,8868,14580
2023-12-26 11:51:31,4,7,8868,14580
2023-12-26 11:52:05,4,8,8868,14580
2023-12-26 11:52:05,4,7,8868,14580
2023-12-26 11:52:45,4,8,8868,14580
2023-12-26 11:52:45,4,7,8868,14580
2023-12-26 11:52:54,4,8,8868,14580
2023-12-26 11:52:54,4,7,8868,14580
2023-12-26 11:53:34,4,8,8868,14580
2023-12-26 11:53:35,4,7,8868,14580
2023-12-26 11:53:36,4,8,8868,14580
2023-12-26 11:53:36,4,7,8868,14580
2023-12-26 11:53:44,4,8,8868,14580
2023-12-26 11:53:45,4,7,8868,14580
2023-12-26 11:53:57,4,8,8868,14580
2023-12-26 11:53:57,4,7,8868,14580
2023-12-26 11:54:07,4,8,8868,14580
2023-12-26 11:54:08,4,7,8868,14580
2023-12-26 11:54:23,5,7,8868,14580
2023-12-26 11:54:41,5,8,8868,14580
2023-12-26 11:54:41,5,7,8868,14580
2023-12-26 11:54:49,5,8,8868,14580
2023-12-26 11:54:49,5,7,8868,14580
2023-12-26 11:55:10,5,8,8868,14580
2023-12-26 11:55:11,5,7,8868,14580
2023-12-26 11:55:14,6,7,8868,14580
2023-12-26 11:55:41,6,8,8868,14580
2023-12-26 11:55:41,6,7,8868,14580
2023-12-26 11:56:00,5,7,8868,14580
2023-12-26 11:56:00,6,7,8868,14580
2023-12-26 11:56:03,6,8,8868,14580
2023-12-26 11:56:04,6,7,8868,14580
2023-12-26 11:56:34,6,8,8868,14580
2023-12-26 11:56:34,6,7,8868,14580
2023-12-26 11:56:55,6,8,8868,14580
2023-12-26 11:56:55,6,7,8868,14580
2023-12-26 11:57:14,6,9,8868,14580
2023-12-26 11:57:14,6,8,8868,14580
2023-12-26 11:57:16,6,9,8868,14580
2023-12-26 11:57:16,6,8,8868,14580
2023-12-26 11:57:29,6,9,8868,14580
2023-12-26 11:57:29,6,8,8868,14580
2023-12-26 11:57:39,6,9,8868,14580
2023-12-26 11:57:39,6,8,8868,14580
2023-12-26 11:57:41,6,9,8868,14580
2023-12-26 11:57:42,6,8,8868,14580
2023-12-26 11:58:01,6,7,8868,14580
2023-12-26 11:58:03,6,8,8868,14580
2023-12-26 11:58:05,6,9,8868,14580
2023-12-26 11:58:06,6,8,8868,14580
2023-12-26 11:58:21,6,9,8868,14580
2023-12-26 11:58:21,6,7,8868,14580
2023-12-26 11:58:21,6,9,8868,14580
2023-12-26 11:58:21,6,7,8868,14580
2023-12-26 11:58:21,6,9,8868,14580
2023-12-26 11:58:21,6,7,8868,14580
2023-12-26 11:58:24,6,9,8868,14580
2023-12-26 11:58:24,6,7,8868,14580
2023-12-26 11:58:28,6,8,8868,14580
2023-12-26 11:58:29,6,7,8868,14580
2023-12-26 11:58:49,5,7,8868,14580
2023-12-26 11:58:55,5,6,8868,14580
2023-12-26 11:59:40,5,7,8868,14580
2023-12-26 11:59:41,5,6,8868,14580
2023-12-26 11:59:55,5,6,8768,14680
2023-12-26 11:59:56,5,7,8768,14680
2023-12-26 11:59:57,4,7,8768,14680
2023-12-26 12:00:02,5,7,8768,14680
2023-12-26 12:00:07,5,7,8768,14682
2023-12-26 12:00:14,5,7,8768,14684
2023-12-26 12:00:21,5,7,8768,14686
2023-12-26 12:00:22,5,8,8768,14686
2023-12-26 12:00:22,5,7,8768,14686
2023-12-26 12:00:28,5,8,8768,14686
2023-12-26 12:00:28,5,7,8768,14686
2023-12-26 12:00:30,5,8,8768,14686
2023-12-26 12:00:31,5,7,8768,14686
2023-12-26 12:00:38,6,7,8768,14686
2023-12-26 12:01:07,6,8,8768,14686
2023-12-26 12:01:07,6,7,8768,14686
2023-12-26 12:01:18,5,7,8768,14686
2023-12-26 12:01:25,5,8,8768,14686
2023-12-26 12:01:25,5,7,8768,14686
2023-12-26 12:01:30,5,8,8768,14686
2023-12-26 12:01:30,5,7,8768,14686
2023-12-26 12:01:34,6,7,8768,14686
2023-12-26 12:01:54,5,7,8768,14686
2023-12-26 12:01:54,5,8,8768,14686
2023-12-26 12:01:54,5,7,8768,14686
2023-12-26 12:02:08,6,7,8768,14686
2023-12-26 12:02:17,6,8,8768,14686
2023-12-26 12:02:42,6,9,8768,14686
2023-12-26 12:02:42,6,8,8768,14686
2023-12-26 12:02:53,6,7,8768,14686
2023-12-26 12:03:00,6,8,8768,14686
2023-12-26 12:03:00,6,7,8768,14686
2023-12-26 12:03:07,5,7,8768,14686
2023-12-26 12:03:33,5,8,8768,14686
2023-12-26 12:03:34,5,7,8768,14686
2023-12-26 12:03:34,6,7,8768,14686
2023-12-26 12:03:44,6,8,8768,14686
2023-12-26 12:03:44,5,8,8768,14686
2023-12-26 12:03:45,5,7,8768,14686
2023-12-26 12:03:49,6,7,8668,14786
2023-12-26 12:04:06,6,8,8668,14786
2023-12-26 12:04:06,6,7,8668,14786
2023-12-26 12:04:24,6,9,8668,14786
2023-12-26 12:04:24,6,8,8668,14786
2023-12-26 12:04:29,6,9,8668,14786
2023-12-26 12:04:29,6,7,8668,14786
2023-12-26 12:04:29,6,9,8668,14786
2023-12-26 12:04:29,6,7,8668,14786
2023-12-26 12:04:33,6,9,8668,14786
2023-12-26 12:04:33,6,8,8668,14786
2023-12-26 12:04:59,6,7,8668,14786
2023-12-26 12:05:01,6,8,8668,14786
2023-12-26 12:05:01,6,7,8668,14786
2023-12-26 12:05:09,6,8,8668,14786
2023-12-26 12:05:10,6,7,8668,14786
2023-12-26 12:05:41,6,9,8668,14786
2023-12-26 12:05:42,6,8,8668,14786
2023-12-26 12:05:51,6,9,8668,14786
2023-12-26 12:05:51,6,7,8668,14786
2023-12-26 12:05:51,6,9,8668,14786
2023-12-26 12:05:51,6,7,8668,14786
2023-12-26 12:06:15,6,8,8668,14786
2023-12-26 12:06:15,6,7,8668,14786
2023-12-26 12:06:20,6,8,8668,14786
2023-12-26 12:06:21,6,7,8668,14786
2023-12-26 12:06:31,6,8,8668,14786
2023-12-26 12:06:32,6,7,8668,14786
2023-12-26 12:06:59,6,9,8668,14786
2023-12-26 12:06:59,6,8,8668,14786
2023-12-26 12:07:03,6,9,8668,14786
2023-12-26 12:07:03,6,7,8668,14786
2023-12-26 12:07:05,6,9,8668,14786
2023-12-26 12:07:05,6,8,8668,14786
2023-12-26 12:07:08,6,7,8668,14786
2023-12-26 12:07:36,6,9,8668,14786
2023-12-26 12:07:36,6,7,8668,14786
2023-12-26 12:07:52,6,8,8668,14786
2023-12-26 12:07:52,6,7,8668,14786
2023-12-26 12:07:56,6,8,8668,14786
2023-12-26 12:07:56,6,7,8668,14786
2023-12-26 12:08:05,6,9,8668,14786
2023-12-26 12:08:05,6,8,8668,14786
2023-12-26 12:08:16,6,9,8668,14786
2023-12-26 12:08:17,6,8,8668,14786
2023-12-26 12:08:44,6,7,8668,14786
2023-12-26 12:08:51,6,8,8668,14786
2023-12-26 12:08:51,6,7,8668,14786
2023-12-26 12:08:57,5,7,8668,14786
2023-12-26 12:09:07,6,7,8668,14786
2023-12-26 12:09:08,6,7,8568,14886
2023-12-26 12:09:40,6,8,8568,14886
2023-12-26 12:09:40,6,7,8568,14886
2023-12-26 12:09:41,5,7,8568,14886
2023-12-26 12:09:47,5,8,8568,14886
2023-12-26 12:09:47,5,7,8568,14886
2023-12-26 12:09:49,5,8,8568,14886
2023-12-26 12:09:49,5,7,8568,14886
2023-12-26 12:09:58,6,7,8568,14886
2023-12-26 12:10:09,6,9,8568,14886
2023-12-26 12:10:09,6,8,8568,14886
2023-12-26 12:10:10,6,7,8568,14886
2023-12-26 12:10:18,5,7,8568,14886
2023-12-26 12:10:21,5,8,8568,14886
2023-12-26 12:10:21,5,7,8568,14886
2023-12-26 12:10:30,5,8,8568,14886
2023-12-26 12:10:32,5,7,8568,14886
2023-12-26 12:10:41,5,8,8568,14886
2023-12-26 12:10:41,5,7,8568,14886
2023-12-26 12:11:04,5,8,8568,14886
2023-12-26 12:11:05,5,7,8568,14886
2023-12-26 12:11:11,5,6,8568,14886
2023-12-26 12:11:24,5,7,8568,14886
2023-12-26 12:11:24,5,6,8568,14886
2023-12-26 12:11:43,4,6,8568,14886
2023-12-26 12:11:44,4,7,8568,14886
2023-12-26 12:11:44,4,6,8568,14886
2023-12-26 12:12:01,5,6,8568,14886
2023-12-26 12:12:03,4,6,8468,14986
2023-12-26 12:12:10,5,6,8468,14986
2023-12-26 12:12:27,5,7,8468,14986
2023-12-26 12:12:28,5,6,8468,14986
2023-12-26 12:12:31,4,6,8468,14986
2023-12-26 12:12:51,4,7,8468,14986
2023-12-26 12:12:52,4,6,8468,14986
2023-12-26 12:12:54,5,6,8468,14986
2023-12-26 12:12:57,5,7,8468,14986
2023-12-26 12:12:57,5,6,8468,14986
2023-12-26 12:13:09,5,7,8468,14986
2023-12-26 12:13:09,5,6,8468,14986
2023-12-26 12:13:12,5,7,8468,14986
2023-12-26 12:13:12,5,6,8468,14986
2023-12-26 12:13:14,4,6,8468,14986
2023-12-26 12:13:15,4,7,8468,14986
2023-12-26 12:13:15,4,6,8468,14986
2023-12-26 12:13:18,4,7,8468,14986
2023-12-26 12:13:18,4,6,8468,14986
2023-12-26 12:13:21,4,7,8468,14986
2023-12-26 12:13:21,4,6,8468,14986
2023-12-26 12:13:35,4,7,8468,14986
2023-12-26 12:13:35,4,6,8468,14986
2023-12-26 12:13:39,5,6,8468,14986
2023-12-26 12:13:48,5,7,8468,14986
2023-12-26 12:13:48,5,6,8468,14986
2023-12-26 12:13:57,4,6,8268,15186
2023-12-26 12:14:02,4,6,8168,15286
2023-12-26 12:14:18,4,7,8168,15286
2023-12-26 12:14:19,4,6,8168,15286
2023-12-26 12:14:35,4,7,8168,15286
2023-12-26 12:14:36,4,6,8168,15286
2023-12-26 12:14:42,4,7,8168,15286
2023-12-26 12:14:44,4,6,8168,15286
2023-12-26 12:14:57,4,7,8168,15286
2023-12-26 12:14:57,4,6,8168,15286
2023-12-26 12:15:05,4,7,8168,15286
2023-12-26 12:15:05,4,6,8168,15286
2023-12-26 12:15:09,4,7,8168,15286
2023-12-26 12:15:09,4,6,8168,15286
2023-12-26 12:15:21,4,7,8168,15286
2023-12-26 12:15:21,4,6,8168,15286
2023-12-26 12:15:26,4,7,8168,15286
2023-12-26 12:15:26,4,6,8168,15286
2023-12-26 12:15:42,4,7,8168,15286
2023-12-26 12:15:43,4,6,8168,15286
2023-12-26 12:16:47,4,6,8368,15486
2023-12-26 12:16:49,4,5,8368,15486
2023-12-26 12:16:52,4,6,8368,15486
2023-12-26 12:16:55,4,5,8368,15486
2023-12-26 12:16:57,4,6,8368,15486
2023-12-26 12:17:06,3,6,8468,15686
2023-12-26 12:17:15,4,6,8468,15686
2023-12-26 12:17:46,3,6,8468,15686
2023-12-26 12:18:02,4,6,8468,15686
2023-12-26 12:18:04,4,5,8468,15686
2023-12-26 12:18:06,4,6,8468,15686
2023-12-26 12:18:11,4,5,8468,15686
2023-12-26 12:18:16,4,6,8468,15686
2023-12-26 12:18:31,4,5,8468,15686
2023-12-26 12:18:36,4,6,8468,15686
2023-12-26 12:19:11,5,6,8468,15686
2023-12-26 12:19:24,4,6,8468,15686
2023-12-26 12:20:30,4,7,8468,15686
2023-12-26 12:20:30,4,6,8468,15686
2023-12-26 12:20:35,5,6,8468,15686
2023-12-26 12:20:55,4,6,8468,15686
2023-12-26 12:20:56,4,7,8468,15686
2023-12-26 12:20:56,4,6,8468,15686
2023-12-26 12:20:57,5,6,8468,15686
2023-12-26 12:21:01,5,7,8468,15686
2023-12-26 12:21:01,5,6,8468,15686
2023-12-26 12:21:17,5,7,8468,15686
2023-12-26 12:21:17,5,6,8468,15686
2023-12-26 12:21:18,4,6,8468,15686
2023-12-26 12:21:36,4,7,8468,15686
2023-12-26 12:21:36,4,6,8468,15686
2023-12-26 12:21:44,4,7,8468,15686
2023-12-26 12:21:46,4,6,8468,15686
2023-12-26 12:21:50,4,7,8468,15686
2023-12-26 12:21:50,4,6,8468,15686
2023-12-26 12:21:57,4,7,8468,15686
2023-12-26 12:22:00,5,7,8468,15686
2023-12-26 12:22:01,5,6,8468,15686
2023-12-26 12:22:07,5,7,8468,15686
2023-12-26 12:22:08,5,6,8468,15686
2023-12-26 12:22:11,5,7,8468,15686
2023-12-26 12:22:11,5,6,8468,15686
2023-12-26 12:22:19,4,6,7968,16186
2023-12-26 12:22:30,4,7,7968,16186
2023-12-26 12:22:30,4,6,7968,16186
2023-12-26 12:22:45,4,7,7968,16186
2023-12-26 12:22:45,4,6,7968,16186
2023-12-26 12:23:14,5,6,7968,16186
2023-12-26 12:23:15,4,6,7868,16286
2023-12-26 12:23:31,4,7,7868,16286
2023-12-26 12:23:31,4,6,7868,16286
2023-12-26 12:23:40,5,6,7868,16286
2023-12-26 12:23:46,5,7,7868,16286
2023-12-26 12:23:46,5,6,7868,16286
2023-12-26 12:23:50,5,7,7868,16286
2023-12-26 12:23:50,5,6,7868,16286
2023-12-26 12:23:55,5,7,7868,16286
2023-12-26 12:23:55,5,6,7868,16286
2023-12-26 12:23:59,4,6,7868,16286
2023-12-26 12:24:03,4,6,7768,16386
2023-12-26 12:24:27,4,7,7768,16386
2023-12-26 12:24:27,4,6,7768,16386
2023-12-26 12:24:47,4,7,7768,16386
2023-12-26 12:24:47,4,6,7768,16386
2023-12-26 12:25:01,4,7,7768,16386
2023-12-26 12:25:01,4,6,7768,16386
2023-12-26 12:25:29,4,7,7768,16386
2023-12-26 12:25:29,4,6,7768,16386
2023-12-26 12:25:36,4,7,7768,16386
2023-12-26 12:25:36,4,6,7768,16386
2023-12-26 12:25:50,4,7,7768,16386
2023-12-26 12:25:50,4,6,7768,16386
2023-12-26 12:25:59,4,7,7768,16386
2023-12-26 12:25:59,4,6,7768,16386
2023-12-26 12:26:16,4,5,7768,16386
2023-12-26 12:26:18,4,6,7768,16386
2023-12-26 12:26:21,4,5,7768,16386
2023-12-26 12:26:22,4,6,7768,16386
2023-12-26 12:26:26,4,5,7768,16386
2023-12-26 12:26:31,4,6,7768,16386
2023-12-26 12:26:37,4,5,7768,16386
2023-12-26 12:26:38,4,6,7768,16386
2023-12-26 12:26:39,4,5,7768,16386
2023-12-26 12:26:41,4,6,7768,16386
2023-12-26 12:26:42,4,5,7768,16386
2023-12-26 12:26:45,4,6,7768,16386
2023-12-26 12:27:09,5,6,7768,16386
2023-12-26 12:27:24,5,7,7768,16386
2023-12-26 12:27:24,5,6,7768,16386
2023-12-26 12:27:31,5,7,7768,16386
2023-12-26 12:27:31,5,6,7768,16386
2023-12-26 12:27:35,5,7,7768,16386
2023-12-26 12:27:35,5,6,7768,16386
2023-12-26 12:27:36,4,6,7768,16386
2023-12-26 12:27:50,4,7,7768,16386
2023-12-26 12:27:51,4,6,7768,16386
2023-12-26 12:28:18,4,7,7768,16386
2023-12-26 12:28:19,4,6,7768,16386
2023-12-26 12:28:24,4,7,7768,16386
2023-12-26 12:28:25,4,6,7768,16386
2023-12-26 12:28:27,4,7,7768,16386
2023-12-26 12:28:27,4,6,7768,16386
2023-12-26 12:28:42,4,7,7768,16386
2023-12-26 12:28:43,4,6,7768,16386
2023-12-26 12:28:45,4,7,7768,16386
2023-12-26 12:28:45,4,6,7768,16386
2023-12-26 12:28:46,4,6,7668,16486
2023-12-26 12:29:05,3,6,7668,16486
2023-12-26 12:29:07,4,6,7668,16486
2023-12-26 12:29:29,4,7,7668,16486
2023-12-26 12:29:29,4,6,7668,16486
2023-12-26 12:29:48,4,7,7668,16486
2023-12-26 12:29:49,4,6,7668,16486
2023-12-26 12:30:04,5,6,7668,16486
2023-12-26 12:30:05,5,7,7668,16486
2023-12-26 12:30:05,5,6,7668,16486
2023-12-26 12:30:14,5,7,7668,16486
2023-12-26 12:30:14,5,6,7668,16486
2023-12-26 12:30:24,5,7,7668,16486
2023-12-26 12:30:24,5,6,7668,16486
2023-12-26 12:30:30,4,6,7468,16686
2023-12-26 12:30:46,4,7,7468,16686
2023-12-26 12:30:46,4,6,7468,16686
2023-12-26 12:30:50,4,7,7468,16686
2023-12-26 12:30:50,4,6,7468,16686
2023-12-26 12:31:00,4,7,7468,16686
2023-12-26 12:31:00,4,6,7468,16686
2023-12-26 12:31:16,5,6,7468,16686
2023-12-26 12:31:20,5,6,7468,16786
2023-12-26 12:31:25,4,6,7468,16786
2023-12-26 12:31:37,4,7,7468,16786
2023-12-26 12:31:38,5,7,7468,16786
2023-12-26 12:31:38,5,6,7468,16786
2023-12-26 12:32:03,4,6,7468,16786
2023-12-26 12:32:06,4,7,7468,16786
2023-12-26 12:32:06,4,6,7468,16786
2023-12-26 12:32:14,4,7,7468,16786
2023-12-26 12:32:15,4,6,7468,16786
2023-12-26 12:32:48,4,7,7468,16786
2023-12-26 12:32:49,4,6,7468,16786
2023-12-26 12:32:57,4,7,7468,16786
2023-12-26 12:32:57,4,6,7468,16786
2023-12-26 12:33:01,4,7,7468,16786
2023-12-26 12:33:01,4,6,7468,16786
2023-12-26 12:33:21,4,7,7468,16786
2023-12-26 12:33:21,4,6,7468,16786
2023-12-26 12:33:39,4,7,7468,16786
2023-12-26 12:33:39,4,6,7468,16786
2023-12-26 12:33:45,5,6,7468,16786
2023-12-26 12:33:52,5,7,7468,16786
2023-12-26 12:33:52,5,6,7468,16786
2023-12-26 12:33:55,5,7,7468,16786
2023-12-26 12:33:56,5,6,7468,16786
2023-12-26 12:34:11,5,7,7468,16786
2023-12-26 12:34:12,5,6,7468,16786
2023-12-26 12:34:21,4,6,7468,16786
2023-12-26 12:34:46,4,7,7468,16786
2023-12-26 12:34:46,4,6,7468,16786
2023-12-26 12:35:16,5,6,7468,16786
2023-12-26 12:35:21,5,8,7468,16786
2023-12-26 12:35:22,5,7,7468,16786
2023-12-26 12:35:30,5,8,7468,16786
2023-12-26 12:35:30,5,6,7468,16786
2023-12-26 12:35:41,5,8,7468,16786
2023-12-26 12:35:41,5,7,7468,16786
2023-12-26 12:35:41,5,7,7368,16886
2023-12-26 12:35:42,6,7,7368,16886
2023-12-26 12:36:02,5,7,7368,16886
2023-12-26 12:36:05,5,8,7368,16886
2023-12-26 12:36:05,5,6,7368,16886
2023-12-26 12:36:05,5,8,7368,16886
2023-12-26 12:36:05,5,6,7368,16886
2023-12-26 12:36:06,4,6,7368,16886
2023-12-26 12:36:07,4,8,7368,16886
2023-12-26 12:36:07,4,6,7368,16886
2023-12-26 12:36:07,5,6,7368,16886
2023-12-26 12:36:46,4,6,7368,16886
2023-12-26 12:36:59,4,8,7368,16886
2023-12-26 12:36:59,4,6,7368,16886
2023-12-26 12:36:59,4,8,7368,16886
2023-12-26 12:36:59,4,6,7368,16886
2023-12-26 12:37:01,4,8,7368,16886
2023-12-26 12:37:01,4,6,7368,16886
2023-12-26 12:37:01,4,8,7368,16886
2023-12-26 12:37:01,4,6,7368,16886
2023-12-26 12:37:01,4,8,7368,16886
2023-12-26 12:37:01,4,6,7368,16886
2023-12-26 12:37:05,4,8,7368,16886
2023-12-26 12:37:05,4,6,7368,16886
2023-12-26 12:37:05,4,8,7368,16886
2023-12-26 12:37:05,4,6,7368,16886
2023-12-26 12:37:10,4,8,7368,16886
2023-12-26 12:37:10,4,6,7368,16886
2023-12-26 12:37:10,4,8,7368,16886
2023-12-26 12:37:10,4,6,7368,16886
2023-12-26 12:37:17,4,8,7368,16886
2023-12-26 12:37:17,4,6,7368,16886
2023-12-26 12:37:48,4,8,7368,16886
2023-12-26 12:37:48,4,6,7368,16886
2023-12-26 12:37:48,4,8,7368,16886
2023-12-26 12:37:48,4,6,7368,16886
2023-12-26 12:37:51,4,8,7368,16886
2023-12-26 12:37:51,4,6,7368,16886
2023-12-26 12:37:51,4,8,7368,16886
2023-12-26 12:37:51,4,6,7368,16886
2023-12-26 12:38:06,4,8,7368,16886
2023-12-26 12:38:06,4,7,7368,16886
2023-12-26 12:38:10,4,8,7368,16886
2023-12-26 12:38:10,4,6,7368,16886
2023-12-26 12:38:10,4,8,7368,16886
2023-12-26 12:38:10,4,6,7368,16886
2023-12-26 12:38:21,4,8,7368,16886
2023-12-26 12:38:21,4,7,7368,16886
2023-12-26 12:38:37,4,9,7368,16886
2023-12-26 12:38:38,4,8,7368,16886
2023-12-26 12:38:40,5,8,7368,16886
2023-12-26 12:38:46,5,9,7368,16886
2023-12-26 12:38:46,5,7,7368,16886
2023-12-26 12:38:54,4,7,7368,16886
2023-12-26 12:39:05,4,9,7368,16886
2023-12-26 12:39:06,4,8,7368,16886
2023-12-26 12:39:07,4,7,7368,16886
2023-12-26 12:39:27,5,7,7368,16886
2023-12-26 12:39:35,6,7,7368,16886
2023-12-26 12:39:57,5,7,7368,16886
2023-12-26 12:40:45,5,6,7368,16886
2023-12-26 12:40:46,5,7,7368,16886
2023-12-26 12:40:47,5,6,7368,16886
2023-12-26 12:41:38,4,6,7368,16886
2023-12-26 12:44:39,4,5,7368,16886
2023-12-26 12:44:48,4,6,7368,16886
2023-12-26 12:44:50,4,5,7368,16886
2023-12-26 12:45:22,4,6,7368,16886
2023-12-26 12:45:22,4,5,7368,16886
2023-12-26 12:46:04,3,5,7368,17886
2023-12-26 12:47:37,3,4,7368,17886
2023-12-26 12:47:38,3,5,7368,17886
2023-12-26 12:49:24,3,4,7368,17886
2023-12-26 12:49:30,3,4,7468,17986
2023-12-26 12:49:31,3,4,7568,18086
2023-12-26 12:50:54,3,4,7768,18286
2023-12-26 12:51:01,3,5,7768,18286
2023-12-26 12:51:45,3,4,7768,18286
2023-12-26 12:54:42,3,4,7818,18386
2023-12-26 12:54:49,3,5,7818,18386
2023-12-26 12:54:49,3,4,7818,18386
2023-12-26 12:55:00,3,5,7818,18386
2023-12-26 12:55:02,3,4,7818,18386
2023-12-26 12:55:10,3,5,7818,18386
2023-12-26 12:55:11,3,4,7818,18386
2023-12-26 12:55:14,3,5,7818,18386
2023-12-26 12:55:14,3,4,7818,18386
2023-12-26 12:55:17,3,5,7818,18386
2023-12-26 12:55:18,3,4,7818,18386
2023-12-26 12:55:30,3,4,7818,18661
2023-12-26 12:55:48,3,5,7818,18661
2023-12-26 12:55:49,3,4,7818,18661
2023-12-26 12:55:56,3,5,7818,18661
2023-12-26 12:55:56,3,4,7818,18661
2023-12-26 12:56:05,3,5,7818,18661
2023-12-26 12:56:07,3,4,7818,18661
2023-12-26 12:56:10,3,5,7818,18661
2023-12-26 12:56:10,3,4,7818,18661
2023-12-26 12:56:16,3,5,7818,18661
2023-12-26 12:56:17,3,4,7818,18661
2023-12-26 12:56:19,3,5,7818,18661
2023-12-26 12:57:35,4,5,7818,18661
2023-12-26 12:57:55,3,5,7818,18661
2023-12-26 12:58:11,4,5,7818,18661
2023-12-26 12:58:32,4,6,7818,18661
2023-12-26 12:58:38,4,5,7818,18661
2023-12-26 12:58:40,4,6,7818,18661
2023-12-26 12:58:40,4,5,7818,18661
2023-12-26 12:58:41,4,6,7818,18661
2023-12-26 12:58:42,4,5,7818,18661
2023-12-26 12:58:59,4,6,7818,18661
2023-12-26 12:58:59,4,5,7818,18661
2023-12-26 12:59:56,4,6,7818,18661
2023-12-26 12:59:58,4,5,7818,18661
2023-12-26 13:00:57,3,5,7818,18661
2023-12-26 13:01:35,3,4,7818,18661
2023-12-26 13:01:37,3,5,7818,18661
2023-12-26 13:01:39,3,4,7818,18661
2023-12-26 13:01:51,3,5,7818,18661
2023-12-26 13:01:53,3,4,7818,18661
2023-12-26 13:03:02,2,4,7818,18661
2023-12-26 13:03:08,3,4,7818,18661
2023-12-26 13:03:46,3,5,7818,18661
2023-12-26 13:03:46,3,4,7818,18661
2023-12-26 13:04:12,3,5,7818,18661
2023-12-26 13:04:12,3,4,7818,18661
2023-12-26 13:04:19,3,5,7818,18661
2023-12-26 13:04:20,3,4,7818,18661
2023-12-26 13:04:21,3,5,7818,18661
2023-12-26 13:04:22,3,4,7818,18661
2023-12-26 13:04:27,3,5,7818,18661
2023-12-26 13:04:27,3,4,7818,18661
2023-12-26 13:05:02,2,4,7818,18661
2023-12-26 13:05:04,3,4,7818,18661
2023-12-26 13:05:12,3,5,7818,18661
2023-12-26 13:05:17,3,4,7818,18661
2023-12-26 13:05:18,3,5,7818,18661
2023-12-26 13:05:19,3,4,7818,18661
2023-12-26 13:05:20,3,5,7818,18661
2023-12-26 13:05:21,3,4,7818,18661
2023-12-26 13:05:23,3,5,7818,18661
2023-12-26 13:05:23,3,4,7818,18661
2023-12-26 13:05:30,3,5,7818,18661
2023-12-26 13:05:33,3,4,7818,18661
2023-12-26 13:05:35,3,5,7818,18661
2023-12-26 13:05:38,3,4,7818,18661
2023-12-26 13:05:39,3,5,7818,18661
2023-12-26 13:05:40,3,4,7818,18661
2023-12-26 13:05:41,3,5,7818,18661
2023-12-26 13:05:43,3,4,7818,18661
2023-12-26 13:05:50,3,5,7818,18661
2023-12-26 13:06:04,3,4,7818,18661
2023-12-26 13:06:25,3,5,7818,18661
2023-12-26 13:06:33,3,4,7818,18661
2023-12-26 13:06:36,3,5,7818,18661
2023-12-26 13:06:36,3,4,7818,18661
2023-12-26 13:06:46,3,5,7818,18661
2023-12-26 13:06:46,3,4,7818,18661
2023-12-26 13:07:02,3,5,7818,18661
2023-12-26 13:07:31,3,4,7818,18661
2023-12-26 13:07:32,3,5,7818,18661
2023-12-26 13:07:34,3,4,7818,18661
2023-12-26 13:07:45,3,5,7818,18661
2023-12-26 13:07:45,3,4,7818,18661
2023-12-26 13:07:47,3,5,7818,18661
2023-12-26 13:07:54,3,4,7818,18661
2023-12-26 13:07:55,3,5,7818,18661
2023-12-26 13:07:59,3,4,7818,18661
2023-12-26 13:08:01,3,5,7818,18661
2023-12-26 13:08:03,3,4,7818,18661
2023-12-26 13:08:11,3,5,7818,18661
2023-12-26 13:08:15,3,4,7818,18661
2023-12-26 13:08:21,3,5,7818,18661
2023-12-26 13:08:22,3,4,7818,18661
2023-12-26 13:08:23,3,5,7818,18661
2023-12-26 13:08:26,3,4,7818,18661
2023-12-26 13:08:31,3,5,7818,18661
2023-12-26 13:08:32,3,4,7818,18661
2023-12-26 13:09:27,3,5,7818,18661
2023-12-26 13:09:29,3,4,7818,18661
2023-12-26 13:09:33,3,5,7818,18661
2023-12-26 13:09:35,3,4,7818,18661
2023-12-26 13:09:38,3,5,7818,18661
2023-12-26 13:09:49,3,4,7818,18661
2023-12-26 13:09:50,3,5,7818,18661
2023-12-26 13:09:51,3,4,7818,18661
2023-12-26 13:09:55,3,5,7818,18661
2023-12-26 13:09:55,3,4,7818,18661
2023-12-26 13:09:58,3,5,7818,18661
2023-12-26 13:10:00,3,4,7818,18661
2023-12-26 13:10:07,3,5,7818,18661
2023-12-26 13:10:07,3,4,7818,18661
2023-12-26 13:11:01,2,4,7818,18661
2023-12-26 13:11:20,3,4,7818,18661
2023-12-26 13:11:40,2,4,7818,18661
2023-12-26 13:11:54,2,3,7818,18661
2023-12-26 13:11:57,2,4,7818,18661
2023-12-26 13:11:57,2,3,7818,18661
2023-12-26 13:12:00,2,4,7818,18661
2023-12-26 13:12:11,2,3,7818,18661
2023-12-26 13:12:14,2,4,7818,18661
2023-12-26 13:12:14,2,3,7818,18661
2023-12-26 13:12:15,2,4,7818,18661
2023-12-26 13:12:17,2,3,7818,18661
2023-12-26 13:13:03,1,3,7818,18661
2023-12-26 13:13:39,2,3,7818,18661
2023-12-26 13:13:58,2,4,7818,18661
2023-12-26 13:14:00,2,3,7818,18661
2023-12-26 13:14:03,2,4,7818,18661
2023-12-26 13:14:12,2,3,7818,18661
2023-12-26 13:14:16,2,4,7818,18661
2023-12-26 13:14:16,2,3,7818,18661
2023-12-26 13:15:49,2,4,7818,18661
2023-12-26 13:16:07,2,3,7818,18661
2023-12-26 13:16:42,1,3,7818,18661
2023-12-26 13:16:47,2,3,7818,18661
2023-12-26 13:17:36,2,4,7818,18661
2023-12-26 13:17:36,2,3,7818,18661
2023-12-26 13:17:39,2,4,7818,18661
2023-12-26 13:17:39,2,3,7818,18661
2023-12-26 13:17:44,2,4,7818,18661
2023-12-26 13:17:45,2,3,7818,18661
2023-12-26 13:18:41,2,4,7818,18661
2023-12-26 13:18:59,2,3,7818,18661
2023-12-26 13:19:24,2,4,7818,18661
2023-12-26 13:19:44,2,3,7818,18661
2023-12-26 13:19:54,2,4,7818,18661
2023-12-26 13:19:55,2,3,7818,18661
2023-12-26 13:20:01,2,4,7818,18661
2023-12-26 13:20:03,2,3,7818,18661
2023-12-26 13:20:08,2,4,7818,18661
2023-12-26 13:20:10,2,3,7818,18661
2023-12-26 13:20:30,1,3,7818,18661
2023-12-26 13:20:43,2,3,7818,18661
2023-12-26 13:21:07,2,3,7813,18666
2023-12-26 13:21:09,2,4,7813,18666
2023-12-26 13:21:10,2,3,7813,18666
2023-12-26 13:21:25,2,4,7813,18666
2023-12-26 13:21:25,2,3,7813,18666
2023-12-26 13:21:31,2,4,7813,18666
2023-12-26 13:21:31,2,3,7813,18666
2023-12-26 13:21:39,2,4,7813,18666
2023-12-26 13:21:41,2,3,7813,18666
2023-12-26 13:21:46,2,4,7813,18666
2023-12-26 13:21:46,2,3,7813,18666
2023-12-26 13:21:58,2,4,7813,18666
2023-12-26 13:21:59,2,3,7813,18666
2023-12-26 13:22:22,1,3,7813,18666
2023-12-26 13:23:57,1,4,7813,18666
2023-12-26 13:23:59,1,3,7813,18666
2023-12-26 13:24:44,1,4,7813,18666
2023-12-26 13:24:44,1,3,7813,18666
2023-12-26 13:25:29,1,4,7813,18666
2023-12-26 13:25:30,1,3,7813,18666
2023-12-26 13:25:46,1,4,7813,18666
2023-12-26 13:25:46,1,3,7813,18666
2023-12-26 13:26:06,1,4,7813,18666
2023-12-26 13:26:06,1,3,7813,18666
2023-12-26 13:26:11,1,4,7813,18666
2023-12-26 13:26:11,1,3,7813,18666
2023-12-26 13:26:16,1,4,7813,18666
2023-12-26 13:26:16,1,3,7813,18666
2023-12-26 13:26:19,1,4,7813,18666
2023-12-26 13:26:20,1,3,7813,18666
2023-12-26 13:27:16,1,4,7813,18666
2023-12-26 13:27:16,1,3,7813,18666
2023-12-26 13:28:12,1,4,7813,18666
2023-12-26 13:28:13,1,3,7813,18666
2023-12-26 13:28:18,1,4,7813,18666
2023-12-26 13:28:18,1,3,7813,18666
2023-12-26 13:28:20,1,4,7813,18666
2023-12-26 13:28:22,1,3,7813,18666
2023-12-26 13:28:26,1,4,7813,18666
2023-12-26 13:28:26,1,3,7813,18666
2023-12-26 13:28:31,1,4,7813,18666
2023-12-26 13:28:31,1,3,7813,18666
2023-12-26 13:28:37,1,4,7813,18666
2023-12-26 13:28:38,1,3,7813,18666
2023-12-26 13:28:40,1,4,7813,18666
2023-12-26 13:28:40,1,3,7813,18666
2023-12-26 13:28:53,1,4,7813,18666
2023-12-26 13:28:54,1,3,7813,18666
2023-12-26 13:28:56,1,4,7813,18666
2023-12-26 13:28:56,1,3,7813,18666
2023-12-26 13:29:20,1,4,7813,18666
2023-12-26 13:29:20,1,3,7813,18666
2023-12-26 13:30:16,1,4,7813,18666
2023-12-26 13:30:16,1,3,7813,18666
2023-12-26 13:30:27,1,4,7813,18666
2023-12-26 13:30:29,1,3,7813,18666
2023-12-26 13:30:30,1,4,7813,18666
2023-12-26 13:30:30,1,3,7813,18666
2023-12-26 13:30:31,0,3,7838,19091
2023-12-26 13:30:32,0,2,7838,19091
2023-12-26 13:31:45,1,2,7838,19091
2023-12-26 14:08:44,1,2,7838,19266
2023-12-26 14:09:34,0,2,7838,19291
2023-12-26 14:32:31,0,1,7838,19291
2023-12-26 14:59:36,1,2,7838,19296
2023-12-26 15:00:15,0,2,7838,19296
2023-12-26 15:00:16,1,2,7838,19296
2023-12-26 15:00:18,0,2,7838,19296
2023-12-26 15:00:19,1,2,7838,19296
2023-12-26 15:00:37,1,2,7838,19376
2023-12-26 15:00:38,0,2,7838,19376
2023-12-26 15:05:56,0,1,7838,19376
