datetime,bid,ask,open_interest,volume
2023-07-06 09:31:00,17,23,2050,2495
2023-07-06 09:31:00,19,23,2050,2495
2023-07-06 09:31:00,19,22,2050,2495
2023-07-06 09:31:02,19,21,2050,2495
2023-07-06 09:31:03,19,22,2050,2495
2023-07-06 09:31:05,19,21,2050,2495
2023-07-06 09:31:06,19,22,2050,2495
2023-07-06 09:31:08,19,21,2050,2495
2023-07-06 09:31:17,19,22,2050,2495
2023-07-06 09:31:21,19,21,2050,2495
2023-07-06 09:31:23,19,22,2050,2495
2023-07-06 09:31:24,19,21,2050,2495
2023-07-06 09:31:34,19,22,2050,2495
2023-07-06 09:31:36,19,21,2050,2495
2023-07-06 09:31:37,19,22,2050,2495
2023-07-06 09:31:43,19,21,2050,2495
2023-07-06 09:31:45,19,22,2050,2495
2023-07-06 09:31:46,19,21,2050,2495
2023-07-06 09:31:47,19,22,2050,2495
2023-07-06 09:31:52,19,21,2050,2495
2023-07-06 09:32:29,19,21,2052,2497
2023-07-06 09:32:35,21,22,2052,2897
2023-07-06 09:32:38,21,22,2052,3297
2023-07-06 09:32:39,19,22,2052,3497
2023-07-06 09:32:41,19,21,2052,3497
2023-07-06 09:32:43,19,22,2052,3497
2023-07-06 09:32:44,19,21,2052,3497
2023-07-06 09:32:49,19,20,2052,3497
2023-07-06 09:32:49,19,20,2052,3522
2023-07-06 09:32:50,17,20,2052,3552
2023-07-06 09:33:08,17,21,2052,3552
2023-07-06 09:33:09,17,20,2052,3552
2023-07-06 09:33:12,17,19,2052,3552
2023-07-06 09:33:37,17,18,2052,3552
2023-07-06 09:33:38,15,17,2052,3607
2023-07-06 09:34:21,15,17,2055,3610
2023-07-06 09:34:22,15,16,2055,3610
2023-07-06 09:34:28,15,17,2055,3610
2023-07-06 09:34:28,15,16,2055,3610
2023-07-06 09:34:30,15,17,2055,3610
2023-07-06 09:34:45,15,17,2055,3898
2023-07-06 09:34:47,15,18,2055,3898
2023-07-06 09:35:06,16,18,2055,3898
2023-07-06 09:35:45,15,18,2055,3898
2023-07-06 09:35:53,15,17,2055,3898
2023-07-06 09:35:57,15,18,2055,3898
2023-07-06 09:36:08,15,17,2055,3898
2023-07-06 09:36:09,15,18,2055,3898
2023-07-06 09:36:27,16,18,2055,3898
2023-07-06 09:36:34,15,18,2055,3898
2023-07-06 09:37:20,15,17,2055,3898
2023-07-06 09:37:22,15,18,2055,3898
2023-07-06 09:37:23,15,17,2055,3898
2023-07-06 09:37:25,15,18,2055,3898
2023-07-06 09:37:26,15,17,2055,3898
2023-07-06 09:37:27,15,18,2055,3898
2023-07-06 09:37:30,15,17,2055,3898
2023-07-06 09:37:35,15,18,2055,3898
2023-07-06 09:37:40,15,17,2055,3898
2023-07-06 09:37:42,15,18,2055,3898
2023-07-06 09:37:44,15,17,2055,3898
2023-07-06 09:37:45,15,18,2055,3898
2023-07-06 09:38:28,15,17,2055,3898
2023-07-06 09:38:33,15,18,2055,3898
2023-07-06 09:39:10,16,18,2055,3898
2023-07-06 09:39:17,16,19,2055,3898
2023-07-06 09:39:18,17,19,2055,3898
2023-07-06 09:39:41,17,20,2055,3898
2023-07-06 09:39:45,18,20,2055,3898
2023-07-06 09:39:54,17,20,2055,3898
2023-07-06 09:39:56,18,20,2055,3898
2023-07-06 09:39:57,17,20,2055,3898
2023-07-06 09:40:06,17,19,2055,3898
2023-07-06 09:40:36,17,20,2055,3898
2023-07-06 09:40:41,18,20,2055,3898
2023-07-06 09:40:42,17,20,2055,3898
2023-07-06 09:40:43,18,20,2055,3898
2023-07-06 09:41:22,18,19,2055,3898
2023-07-06 09:41:43,18,20,2055,3898
2023-07-06 09:41:49,18,19,2055,3898
2023-07-06 09:41:58,17,19,2055,3898
2023-07-06 09:41:59,17,18,2055,3898
2023-07-06 09:42:08,16,17,2055,4028
2023-07-06 09:42:30,16,18,2055,4028
2023-07-06 09:42:30,16,17,2055,4028
2023-07-06 09:42:54,16,18,2355,4328
2023-07-06 09:43:00,16,17,2355,4328
2023-07-06 09:43:08,16,18,2355,4328
2023-07-06 09:43:08,16,17,2355,4328
2023-07-06 09:43:21,15,17,2355,4458
2023-07-06 09:43:22,14,17,2602,4835
2023-07-06 09:43:33,15,17,2602,4835
2023-07-06 09:43:59,14,17,2602,4887
2023-07-06 09:44:10,15,17,2602,4887
2023-07-06 09:44:11,14,17,2602,4887
2023-07-06 09:44:13,15,17,2602,4887
2023-07-06 09:44:19,14,17,2602,4887
2023-07-06 09:44:20,15,17,2602,4887
2023-07-06 09:44:27,14,17,2602,4887
2023-07-06 09:44:28,15,17,2602,4887
2023-07-06 09:44:33,14,17,2602,4887
2023-07-06 09:44:34,15,17,2602,4887
2023-07-06 09:44:46,14,17,2602,4887
2023-07-06 09:44:52,15,17,2602,4887
2023-07-06 09:44:55,14,17,2602,4887
2023-07-06 09:45:06,14,16,2602,4887
2023-07-06 09:45:11,14,15,2602,4887
2023-07-06 09:45:25,14,16,2602,4887
2023-07-06 09:45:35,15,16,2602,4887
2023-07-06 09:45:50,16,17,2602,4917
2023-07-06 09:46:06,17,18,2602,4947
2023-07-06 09:46:18,16,18,2602,4947
2023-07-06 09:46:35,17,18,2602,4947
2023-07-06 09:46:39,16,18,2602,4947
2023-07-06 09:47:07,15,18,2602,4947
2023-07-06 09:47:22,16,18,2602,4947
2023-07-06 09:47:24,15,18,2602,4947
2023-07-06 09:47:26,16,18,2602,4947
2023-07-06 09:47:32,17,18,2602,4947
2023-07-06 09:47:33,16,18,2602,4947
2023-07-06 09:47:36,17,18,2602,4947
2023-07-06 09:47:44,16,18,2602,4947
2023-07-06 09:48:11,17,18,2602,4947
2023-07-06 09:48:15,16,18,2602,4947
2023-07-06 09:48:16,17,18,2602,4947
2023-07-06 09:48:17,16,18,2602,4947
2023-07-06 09:48:18,17,18,2602,4947
2023-07-06 09:48:19,16,18,2602,4947
2023-07-06 09:48:21,17,18,2602,4947
2023-07-06 09:48:35,16,18,2602,4947
2023-07-06 09:48:48,15,18,2602,4947
2023-07-06 09:48:59,15,17,2602,4947
2023-07-06 09:49:01,15,18,2602,4947
2023-07-06 09:49:08,16,18,2602,4947
2023-07-06 09:49:58,15,18,2602,4947
2023-07-06 09:50:25,16,18,2602,4947
2023-07-06 09:50:28,15,18,2602,4947
2023-07-06 09:50:43,15,17,2602,4947
2023-07-06 09:51:13,15,16,2602,4947
2023-07-06 09:54:22,15,16,2772,5147
2023-07-06 09:54:24,14,16,2852,5227
2023-07-06 09:54:26,14,15,2852,5227
2023-07-06 09:54:46,13,15,2882,5287
2023-07-06 09:54:49,12,15,2882,5687
2023-07-06 09:54:50,12,14,2882,5687
2023-07-06 09:55:04,12,13,2882,5687
2023-07-06 09:55:11,11,13,3132,5937
2023-07-06 09:55:33,11,12,3132,5937
2023-07-06 09:56:41,11,13,3212,6047
2023-07-06 09:56:54,12,13,3212,6047
2023-07-06 09:59:14,11,13,3382,6247
2023-07-06 10:00:00,12,13,3382,6247
2023-07-06 10:00:01,11,13,3382,6247
2023-07-06 10:00:06,13,14,3582,6477
2023-07-06 10:00:09,11,14,3602,6497
2023-07-06 10:00:10,11,13,3602,6497
2023-07-06 10:00:11,11,14,3602,6497
2023-07-06 10:00:26,11,13,3602,6497
2023-07-06 10:00:31,11,14,3602,6497
2023-07-06 10:00:32,11,13,3602,6497
2023-07-06 10:01:31,10,13,3662,6757
2023-07-06 10:01:32,10,12,3662,6757
2023-07-06 10:01:40,9,12,3862,7157
2023-07-06 10:01:41,9,11,3862,7157
2023-07-06 10:04:01,9,10,3862,7157
2023-07-06 10:04:10,9,11,3862,7157
2023-07-06 10:04:16,9,10,3862,7157
2023-07-06 10:04:21,9,11,3862,7157
2023-07-06 10:04:22,9,10,3862,7157
2023-07-06 10:04:57,9,10,3912,7207
2023-07-06 10:04:57,9,10,3962,7257
2023-07-06 10:05:05,8,9,4142,7437
2023-07-06 10:05:06,8,9,4142,7467
2023-07-06 10:06:52,7,9,4142,7467
2023-07-06 10:07:19,7,8,4142,7467
2023-07-06 10:07:56,7,9,4142,7467
2023-07-06 10:07:56,7,8,4142,7467
2023-07-06 10:08:45,7,8,4142,7617
2023-07-06 10:08:52,6,7,4172,7647
2023-07-06 10:08:57,6,8,4172,7647
2023-07-06 10:10:09,6,7,4172,7647
2023-07-06 10:10:37,6,8,4172,7647
2023-07-06 10:10:37,6,7,4172,7647
2023-07-06 10:10:50,6,8,4172,7647
2023-07-06 10:10:50,6,7,4172,7647
2023-07-06 10:11:07,6,8,4172,7647
2023-07-06 10:11:07,6,7,4172,7647
2023-07-06 10:11:18,6,8,4172,7647
2023-07-06 10:11:18,6,7,4172,7647
2023-07-06 10:11:35,6,7,4202,7677
2023-07-06 10:11:42,6,7,4252,7727
2023-07-06 10:11:46,6,8,4252,7727
2023-07-06 10:11:48,7,8,4252,7727
2023-07-06 10:12:05,6,8,4252,7727
2023-07-06 10:12:06,7,8,4252,7727
2023-07-06 10:12:15,6,8,4252,7727
2023-07-06 10:12:19,7,8,4252,7727
2023-07-06 10:12:21,6,8,4252,7727
2023-07-06 10:12:27,7,8,4252,7727
2023-07-06 10:12:29,6,8,4252,7727
2023-07-06 10:12:30,7,8,4252,7727
2023-07-06 10:12:32,6,8,4252,7727
2023-07-06 10:13:27,6,7,4252,7727
2023-07-06 10:13:36,6,8,4252,7727
2023-07-06 10:15:00,7,8,4252,7727
2023-07-06 10:15:10,7,8,4042,7977
2023-07-06 10:15:18,7,8,4042,8227
2023-07-06 10:15:20,7,8,4042,8477
2023-07-06 10:15:21,7,8,4042,8727
2023-07-06 10:15:23,7,8,4042,8977
2023-07-06 10:15:25,7,8,4042,9227
2023-07-06 10:15:26,7,8,4142,9477
2023-07-06 10:15:27,7,8,4392,9727
2023-07-06 10:15:30,7,8,4392,9927
2023-07-06 10:15:32,7,8,4642,10177
2023-07-06 10:15:33,7,8,4892,10427
2023-07-06 10:15:35,7,8,5142,10677
2023-07-06 10:15:37,7,8,5392,10927
2023-07-06 10:15:39,7,8,5642,11177
2023-07-06 10:15:40,7,8,5892,11427
2023-07-06 10:15:43,7,8,6142,11677
2023-07-06 10:15:45,7,10,6202,11857
2023-07-06 10:15:46,7,9,6202,11857
2023-07-06 10:16:53,6,9,6202,11857
2023-07-06 10:16:53,7,9,6202,11857
2023-07-06 10:17:09,6,9,6202,11857
2023-07-06 10:17:09,7,9,6202,11857
2023-07-06 10:17:12,7,8,6202,11857
2023-07-06 10:17:15,6,8,6202,11857
2023-07-06 10:18:15,7,8,6202,11857
2023-07-06 10:18:23,6,8,6202,11857
2023-07-06 10:18:23,7,8,6202,11857
2023-07-06 10:18:48,8,9,6202,11887
2023-07-06 10:19:01,7,9,6202,11887
2023-07-06 10:19:01,8,9,6202,11887
2023-07-06 10:19:06,7,9,6202,11887
2023-07-06 10:19:06,8,9,6202,11887
2023-07-06 10:19:16,7,9,6202,11887
2023-07-06 10:19:16,7,8,6202,11887
2023-07-06 10:19:23,7,8,6252,11937
2023-07-06 10:19:42,7,8,6312,11997
2023-07-06 10:19:42,7,8,6812,12497
2023-07-06 10:19:42,7,8,6872,12557
2023-07-06 10:19:45,6,8,7202,12887
2023-07-06 10:19:49,6,7,7202,12887
2023-07-06 10:19:54,6,7,7252,12937
2023-07-06 10:20:08,6,7,7252,12987
2023-07-06 10:20:38,7,8,7252,13217
2023-07-06 10:20:38,7,8,7252,13257
2023-07-06 10:20:46,6,8,7252,13257
2023-07-06 10:20:47,6,7,7252,13257
2023-07-06 10:21:39,6,7,7372,13457
2023-07-06 10:22:11,6,7,7372,13497
2023-07-06 10:22:13,6,7,7402,13557
2023-07-06 10:22:13,6,7,7402,13737
2023-07-06 10:22:15,6,7,7402,13757
2023-07-06 10:22:32,5,7,7402,13757
2023-07-06 10:22:33,6,7,7402,13757
2023-07-06 10:22:33,5,7,7402,13957
2023-07-06 10:22:34,6,7,7402,13957
2023-07-06 10:22:34,6,7,7402,14107
2023-07-06 10:22:40,5,7,7402,14107
2023-07-06 10:22:41,6,7,7402,14107
2023-07-06 10:22:47,5,7,7402,14107
2023-07-06 10:22:47,6,7,7402,14107
2023-07-06 10:23:08,6,7,7402,14147
2023-07-06 10:23:10,5,7,7402,14147
2023-07-06 10:23:10,6,7,7402,14147
2023-07-06 10:23:21,5,7,7402,14147
2023-07-06 10:23:21,6,7,7402,14147
2023-07-06 10:23:35,5,7,7402,14147
2023-07-06 10:23:35,6,7,7402,14147
2023-07-06 10:23:43,5,7,7402,14147
2023-07-06 10:23:43,5,6,7402,14147
2023-07-06 10:23:57,5,7,7402,14147
2023-07-06 10:23:57,6,7,7402,14147
2023-07-06 10:24:15,5,7,7402,14147
2023-07-06 10:24:16,6,7,7402,14147
2023-07-06 10:24:33,6,7,7402,14183
2023-07-06 10:24:33,5,7,7402,14183
2023-07-06 10:24:34,6,7,7402,14183
2023-07-06 10:24:54,5,7,7402,14183
2023-07-06 10:24:54,6,7,7402,14183
2023-07-06 10:26:22,5,6,7432,14213
2023-07-06 10:27:22,5,7,7432,14213
2023-07-06 10:27:22,5,6,7432,14213
2023-07-06 10:27:34,5,7,7432,14213
2023-07-06 10:27:34,6,7,7432,14213
2023-07-06 10:27:34,6,7,7432,14263
2023-07-06 10:28:18,5,7,7432,14263
2023-07-06 10:28:19,5,6,7432,14263
2023-07-06 10:28:23,5,7,7432,14263
2023-07-06 10:28:23,6,7,7432,14263
2023-07-06 10:29:14,5,7,7182,14513
2023-07-06 10:29:14,5,6,7182,14513
2023-07-06 10:29:21,5,7,7182,14513
2023-07-06 10:29:21,6,7,7182,14513
2023-07-06 10:29:41,5,7,7182,14513
2023-07-06 10:29:41,6,7,7182,14513
2023-07-06 10:29:51,5,7,7182,14513
2023-07-06 10:29:51,6,7,7182,14513
2023-07-06 10:30:32,7,8,7122,14603
2023-07-06 10:30:32,7,8,7122,14653
2023-07-06 10:30:32,6,8,7122,14663
2023-07-06 10:30:44,7,8,7122,14663
2023-07-06 10:31:05,6,8,7122,14663
2023-07-06 10:31:05,6,7,7122,14663
2023-07-06 10:31:18,6,7,7122,14665
2023-07-06 10:31:36,6,7,7142,14715
2023-07-06 10:32:43,5,7,7142,14715
2023-07-06 10:32:45,6,7,7142,14715
2023-07-06 10:32:49,6,7,7142,14751
2023-07-06 10:33:04,6,7,7142,14831
2023-07-06 10:33:05,6,7,7166,14861
2023-07-06 10:33:49,5,7,7166,14861
2023-07-06 10:33:49,5,6,7166,14861
2023-07-06 10:34:03,5,6,7142,14961
2023-07-06 10:34:12,5,6,7142,15011
2023-07-06 10:34:57,5,6,7142,15061
2023-07-06 10:35:11,5,6,7286,15251
2023-07-06 10:35:11,5,6,7336,15351
2023-07-06 10:35:24,5,7,7336,15351
2023-07-06 10:35:24,6,7,7336,15351
2023-07-06 10:35:25,6,7,7356,15371
2023-07-06 10:35:50,5,7,7356,15371
2023-07-06 10:35:50,6,7,7356,15371
2023-07-06 10:36:23,5,7,7356,15371
2023-07-06 10:36:24,6,7,7356,15371
2023-07-06 10:36:34,5,7,7356,15371
2023-07-06 10:36:34,5,6,7356,15371
2023-07-06 10:36:51,5,6,7366,15381
2023-07-06 10:37:03,5,6,7392,15611
2023-07-06 10:37:12,4,6,7392,15611
2023-07-06 10:37:12,4,5,7392,15611
2023-07-06 10:37:14,4,5,7472,15691
2023-07-06 10:37:16,4,5,7512,15731
2023-07-06 10:37:21,4,5,7612,15831
2023-07-06 10:38:10,4,6,7612,15831
2023-07-06 10:38:11,4,6,7642,15931
2023-07-06 10:38:12,4,5,7642,15931
2023-07-06 10:38:13,4,5,7642,15941
2023-07-06 10:38:26,4,5,7642,15991
2023-07-06 10:38:41,4,5,7642,16021
2023-07-06 10:38:51,4,5,7662,16121
2023-07-06 10:39:09,3,5,7662,16121
2023-07-06 10:39:17,4,5,7662,16121
2023-07-06 10:39:34,4,5,7806,16271
2023-07-06 10:39:34,4,5,7826,16291
2023-07-06 10:39:41,3,5,7826,16291
2023-07-06 10:39:41,5,6,7826,16311
2023-07-06 10:39:42,5,6,7868,16353
2023-07-06 10:39:48,5,6,7876,16361
2023-07-06 10:40:15,4,6,7876,16361
2023-07-06 10:40:15,4,5,7876,16361
2023-07-06 10:40:38,4,6,7876,16361
2023-07-06 10:40:38,4,5,7876,16361
2023-07-06 10:41:04,4,5,8006,16491
2023-07-06 10:41:04,4,5,8136,16621
2023-07-06 10:41:17,3,5,8136,16621
2023-07-06 10:41:17,4,5,8136,16621
2023-07-06 10:41:28,3,4,8636,17121
2023-07-06 10:42:03,3,4,9136,17621
2023-07-06 10:42:54,3,4,9636,18121
2023-07-06 10:43:24,3,4,10086,18571
2023-07-06 10:43:51,3,4,10586,19071
2023-07-06 10:44:11,3,4,11086,19571
2023-07-06 10:44:31,3,4,11086,19771
2023-07-06 10:44:33,3,4,11586,20271
2023-07-06 10:44:41,3,4,11586,20671
2023-07-06 10:44:42,3,4,11586,21071
2023-07-06 10:44:42,3,4,11586,21471
2023-07-06 10:44:49,3,5,11586,21471
2023-07-06 10:44:49,4,5,11586,21471
2023-07-06 10:45:08,3,5,11586,21471
2023-07-06 10:45:08,4,5,11586,21471
2023-07-06 10:45:14,3,4,11636,21521
2023-07-06 10:45:25,3,4,12636,22521
2023-07-06 10:45:38,3,4,12836,22721
2023-07-06 10:45:54,3,4,12836,23121
2023-07-06 10:45:54,3,4,12436,23521
2023-07-06 10:45:55,4,5,12336,23621
2023-07-06 10:45:55,4,5,12236,23721
2023-07-06 10:46:03,3,5,12236,23721
2023-07-06 10:46:03,4,5,12236,23721
2023-07-06 10:46:23,3,5,12236,23721
2023-07-06 10:46:23,4,5,12236,23721
2023-07-06 10:46:38,3,4,12436,23921
2023-07-06 10:46:51,3,4,12466,23951
2023-07-06 10:47:57,3,4,12666,24151
2023-07-06 10:48:24,3,4,12966,24451
2023-07-06 10:50:48,3,4,12966,24701
2023-07-06 10:50:58,3,4,12961,25201
2023-07-06 10:50:58,3,4,12991,25231
2023-07-06 10:51:00,3,4,13181,25421
2023-07-06 10:51:09,3,4,13181,25531
2023-07-06 10:51:16,2,4,13181,25531
2023-07-06 10:51:25,3,4,13181,25531
2023-07-06 10:52:22,2,4,13181,25531
2023-07-06 10:52:30,3,4,13181,25531
2023-07-06 10:52:45,2,4,13181,25531
2023-07-06 10:52:56,2,3,13181,25531
2023-07-06 10:53:01,2,3,13681,26031
2023-07-06 10:53:04,2,3,14181,26531
2023-07-06 10:53:06,2,3,14681,27031
2023-07-06 10:53:22,2,4,14681,27031
2023-07-06 10:53:27,3,4,14681,27031
2023-07-06 10:53:44,2,4,14681,27031
2023-07-06 10:53:44,3,4,14681,27031
2023-07-06 10:54:04,2,4,14681,27031
2023-07-06 10:58:04,2,3,14681,27031
2023-07-06 11:00:47,2,3,14286,27431
2023-07-06 11:00:47,2,3,14286,27831
2023-07-06 11:03:31,2,3,14497,28231
2023-07-06 11:03:35,2,3,14897,28631
2023-07-06 11:05:43,2,3,15397,29131
2023-07-06 11:06:09,2,3,15797,29531
2023-07-06 11:07:03,3,4,15797,29631
2023-07-06 11:07:03,3,4,15797,29831
2023-07-06 11:07:11,3,4,15797,29931
2023-07-06 11:07:14,2,4,15797,29931
2023-07-06 11:09:56,2,3,15797,29931
2023-07-06 11:22:20,1,3,15817,29951
2023-07-06 11:31:26,2,3,15817,29951
2023-07-06 11:31:34,2,3,15817,29961
2023-07-06 11:32:10,1,3,15817,29961
2023-07-06 11:32:13,2,3,15817,29961
2023-07-06 11:32:20,1,3,15817,29961
2023-07-06 11:32:21,2,3,15817,29961
2023-07-06 11:32:22,1,3,15817,29961
2023-07-06 11:32:28,2,3,15817,29961
2023-07-06 11:32:51,1,3,15817,29961
2023-07-06 11:34:11,2,3,15817,29961
2023-07-06 11:34:41,1,3,15817,29961
2023-07-06 11:34:42,2,3,15817,29961
2023-07-06 11:34:52,1,3,15817,29961
2023-07-06 11:35:12,2,3,15817,29961
2023-07-06 11:35:18,1,3,15817,29961
2023-07-06 11:35:24,2,3,15817,29961
2023-07-06 11:36:30,1,3,15817,29961
2023-07-06 11:36:31,2,3,15817,29961
2023-07-06 11:36:59,2,3,16217,30361
2023-07-06 11:37:04,2,4,25817,40261
2023-07-06 11:39:09,2,3,25817,40261
2023-07-06 11:45:41,2,3,25837,40301
2023-07-06 11:45:41,2,3,25837,40341
2023-07-06 11:45:42,1,3,25837,40341
2023-07-06 11:46:21,2,3,25837,40341
2023-07-06 11:46:24,2,3,26087,40591
2023-07-06 11:46:39,2,3,26337,40841
2023-07-06 11:47:16,2,4,26337,40861
2023-07-06 11:49:17,3,4,26337,40861
2023-07-06 11:50:04,3,4,26357,40881
2023-07-06 11:50:04,3,4,26377,40901
2023-07-06 11:50:06,3,4,26397,40921
2023-07-06 11:50:19,3,4,26517,41041
2023-07-06 11:50:20,3,4,26557,41081
2023-07-06 11:50:32,2,4,26557,41081
2023-07-06 11:50:33,3,4,26557,41081
2023-07-06 11:50:53,3,4,26577,41101
2023-07-06 11:50:55,3,4,26657,41181
2023-07-06 11:50:59,2,4,26657,41181
2023-07-06 11:51:19,2,3,26657,41181
2023-07-06 11:51:19,2,4,26657,41181
2023-07-06 11:51:34,2,3,26657,41181
2023-07-06 11:52:44,3,4,26907,41431
2023-07-06 11:53:43,2,4,26907,41431
2023-07-06 11:53:43,3,4,26907,41431
2023-07-06 11:54:00,3,4,26947,41471
2023-07-06 11:54:02,3,4,27057,41581
2023-07-06 11:54:04,2,4,27057,41581
2023-07-06 11:54:04,3,4,27057,41581
2023-07-06 11:54:04,3,4,27117,41641
2023-07-06 11:54:10,3,4,27217,41741
2023-07-06 11:54:15,2,4,27217,41741
2023-07-06 11:57:04,3,4,27217,41741
2023-07-06 11:57:23,3,4,27276,41800
2023-07-06 11:57:25,3,4,27307,41831
2023-07-06 11:57:35,2,4,27307,41831
2023-07-06 11:57:36,3,4,27307,41831
2023-07-06 11:57:36,3,4,27337,41861
2023-07-06 11:57:47,2,4,27337,41861
2023-07-06 11:57:47,3,4,27337,41861
2023-07-06 11:57:52,2,4,27337,41861
2023-07-06 11:57:53,3,4,27337,41861
2023-07-06 11:58:28,3,4,27367,41891
2023-07-06 11:58:40,2,4,27367,41891
2023-07-06 11:58:40,3,4,27367,41891
2023-07-06 11:59:40,2,4,27367,41891
2023-07-06 11:59:43,3,4,27367,41891
2023-07-06 11:59:43,3,4,27397,41921
2023-07-06 12:00:09,2,4,27397,41921
2023-07-06 12:00:09,3,4,27397,41921
2023-07-06 12:00:31,3,4,27427,41951
2023-07-06 12:00:34,2,4,27427,41951
2023-07-06 12:00:34,3,4,27427,41951
2023-07-06 12:00:49,3,4,27467,41991
2023-07-06 12:00:49,3,4,27507,42031
2023-07-06 12:01:07,2,4,27507,42031
2023-07-06 12:01:07,3,4,27507,42031
2023-07-06 12:01:13,3,4,27567,42091
2023-07-06 12:01:34,3,4,27747,42271
2023-07-06 12:01:34,3,4,27777,42301
2023-07-06 12:01:34,3,4,27807,42331
2023-07-06 12:02:05,2,4,27957,42481
2023-07-06 12:02:05,3,4,27957,42481
2023-07-06 12:02:05,3,4,27987,42511
2023-07-06 12:02:14,2,4,27987,42511
2023-07-06 12:02:14,3,4,27987,42511
2023-07-06 12:02:14,3,4,28017,42541
2023-07-06 12:02:16,3,4,28077,42601
2023-07-06 12:02:29,2,4,28077,42601
2023-07-06 12:02:29,3,4,28077,42601
2023-07-06 12:02:29,3,4,28167,42691
2023-07-06 12:02:34,3,4,28237,42761
2023-07-06 12:02:38,2,4,28237,42761
2023-07-06 12:02:38,3,4,28237,42761
2023-07-06 12:02:38,3,4,28267,42791
2023-07-06 12:02:40,3,4,28297,42821
2023-07-06 12:02:43,2,4,28297,42821
2023-07-06 12:02:43,2,4,28327,42851
2023-07-06 12:02:43,3,4,28327,42851
2023-07-06 12:03:04,3,4,28477,43001
2023-07-06 12:03:17,3,4,28537,43061
2023-07-06 12:03:26,3,4,28567,43091
2023-07-06 12:03:26,3,4,28577,43101
2023-07-06 12:03:29,3,4,28607,43131
2023-07-06 12:03:29,3,4,28637,43161
2023-07-06 12:03:43,3,4,28667,43191
2023-07-06 12:03:43,3,4,28697,43221
2023-07-06 12:03:48,2,4,28697,43221
2023-07-06 12:03:48,3,4,28697,43221
2023-07-06 12:03:48,3,4,28727,43251
2023-07-06 12:04:04,2,4,28727,43251
2023-07-06 12:04:04,3,4,28727,43251
2023-07-06 12:04:34,3,4,28827,43351
2023-07-06 12:04:46,2,4,28827,43351
2023-07-06 12:04:46,3,4,28827,43351
2023-07-06 12:04:46,3,4,28857,43381
2023-07-06 12:04:59,3,4,28887,43411
2023-07-06 12:05:00,2,4,28887,43411
2023-07-06 12:05:00,3,4,28887,43411
2023-07-06 12:05:00,3,4,29007,43531
2023-07-06 12:05:05,2,4,29007,43531
2023-07-06 12:05:05,3,4,29007,43531
2023-07-06 12:05:06,3,4,29037,43561
2023-07-06 12:05:19,2,4,29037,43561
2023-07-06 12:05:19,3,4,29037,43561
2023-07-06 12:05:19,3,4,29064,43588
2023-07-06 12:05:23,2,4,29064,43588
2023-07-06 12:05:23,3,4,29064,43588
2023-07-06 12:05:23,3,4,29094,43618
2023-07-06 12:05:29,2,4,29094,43618
2023-07-06 12:05:29,3,4,29094,43618
2023-07-06 12:05:29,3,4,29134,43658
2023-07-06 12:05:57,2,4,29134,43658
2023-07-06 12:05:57,2,4,29194,43718
2023-07-06 12:05:57,3,4,29194,43718
2023-07-06 12:06:59,2,4,29194,43718
2023-07-06 12:06:59,3,4,29194,43718
2023-07-06 12:07:10,3,4,29254,43778
2023-07-06 12:08:06,2,4,29254,43778
2023-07-06 12:08:06,2,4,29374,43898
2023-07-06 12:08:06,3,4,29374,43898
2023-07-06 12:09:52,3,4,29474,43998
2023-07-06 12:10:38,3,4,29534,44058
2023-07-06 12:11:46,3,4,29444,44148
2023-07-06 12:12:16,2,4,29444,44148
2023-07-06 12:12:19,3,4,29444,44148
2023-07-06 12:12:32,2,4,29444,44148
2023-07-06 12:12:33,3,4,29444,44148
2023-07-06 12:12:41,3,4,29464,44168
2023-07-06 12:13:17,2,4,29464,44168
2023-07-06 12:13:18,3,4,29464,44168
2023-07-06 12:13:18,3,4,29490,44194
2023-07-06 12:13:37,2,4,29490,44194
2023-07-06 12:13:49,3,4,29490,44194
2023-07-06 12:14:49,2,4,29490,44194
2023-07-06 12:15:05,3,4,29490,44194
2023-07-06 12:17:07,3,4,29640,44344
2023-07-06 12:17:23,3,4,29940,44644
2023-07-06 12:17:42,3,4,30030,44734
2023-07-06 12:18:14,3,4,30150,44854
2023-07-06 12:18:40,3,4,30511,45215
2023-07-06 12:18:46,3,4,30601,45305
2023-07-06 12:19:50,3,4,30901,45605
2023-07-06 12:20:00,3,5,32397,47121
2023-07-06 12:20:00,3,6,32397,47121
2023-07-06 12:20:06,4,6,32397,47121
2023-07-06 12:20:23,4,5,32397,47121
2023-07-06 12:20:23,3,4,32257,47341
2023-07-06 12:20:33,3,5,32257,47341
2023-07-06 12:20:33,4,5,32257,47341
2023-07-06 12:20:33,4,5,32297,47381
2023-07-06 12:20:33,4,5,32337,47421
2023-07-06 12:20:37,3,5,32337,47421
2023-07-06 12:20:37,4,5,32337,47421
2023-07-06 12:20:38,4,5,32397,47481
2023-07-06 12:20:51,3,5,32397,47481
2023-07-06 12:20:51,3,4,32397,47481
2023-07-06 12:21:42,3,4,32417,47501
2023-07-06 12:21:49,3,5,32417,47501
2023-07-06 12:21:52,3,4,32417,47501
2023-07-06 12:22:22,3,4,32417,47521
2023-07-06 12:22:29,3,4,32417,47621
2023-07-06 12:22:36,3,6,32417,47621
2023-07-06 12:22:36,3,5,32417,47621
2023-07-06 12:22:36,3,4,32417,47621
2023-07-06 12:23:06,3,4,32417,47651
2023-07-06 12:23:11,3,4,32417,47656
2023-07-06 12:23:11,3,4,32357,47716
2023-07-06 12:23:11,3,4,32357,47751
2023-07-06 12:23:27,3,4,32357,47811
2023-07-06 12:23:34,3,5,32357,47811
2023-07-06 12:23:51,3,4,32357,47811
2023-07-06 12:25:00,3,5,32357,47811
2023-07-06 12:25:21,3,4,32357,47811
2023-07-06 12:25:45,3,5,32357,47811
2023-07-06 12:25:46,4,5,32357,47811
2023-07-06 12:25:46,4,5,32434,47888
2023-07-06 12:26:09,4,5,32447,47901
2023-07-06 12:26:09,4,5,32460,47914
2023-07-06 12:26:36,4,5,32460,47944
2023-07-06 12:26:36,4,5,32460,47974
2023-07-06 12:26:41,5,6,32460,48014
2023-07-06 12:26:41,5,6,32580,48134
2023-07-06 12:27:06,4,5,32443,48291
2023-07-06 12:27:13,4,6,32443,48291
2023-07-06 12:27:13,4,5,32443,48291
2023-07-06 12:27:14,4,5,32443,48351
2023-07-06 12:28:13,4,6,32443,48351
2023-07-06 12:28:21,4,5,32443,48351
2023-07-06 12:29:06,4,6,32443,48351
2023-07-06 12:29:06,5,6,32443,48351
2023-07-06 12:29:06,5,6,32445,48353
2023-07-06 12:29:15,4,6,32445,48353
2023-07-06 12:29:15,4,5,32445,48353
2023-07-06 12:29:52,4,7,32445,48353
2023-07-06 12:29:52,5,7,32445,48353
2023-07-06 12:29:52,5,6,32445,48353
2023-07-06 12:30:25,5,6,32445,48373
2023-07-06 12:30:25,5,6,32455,48383
2023-07-06 12:30:40,5,6,32525,48453
2023-07-06 12:30:45,4,6,32525,48453
2023-07-06 12:30:45,5,6,32525,48453
2023-07-06 12:30:57,4,6,32525,48453
2023-07-06 12:30:57,5,6,32525,48453
2023-07-06 12:31:05,5,6,32565,48493
2023-07-06 12:31:10,4,6,32565,48493
2023-07-06 12:31:10,5,6,32565,48493
2023-07-06 12:31:21,4,6,32565,48493
2023-07-06 12:31:21,5,6,32565,48493
2023-07-06 12:31:39,4,6,32565,48493
2023-07-06 12:31:39,5,6,32565,48493
2023-07-06 12:32:45,4,6,32565,48493
2023-07-06 12:33:27,5,6,32565,48493
2023-07-06 12:33:33,4,6,32565,48493
2023-07-06 12:33:33,5,6,32565,48493
2023-07-06 12:33:33,5,6,32572,48500
2023-07-06 12:34:33,4,6,32572,48500
2023-07-06 12:34:33,5,6,32572,48500
2023-07-06 12:35:02,5,6,32512,48560
2023-07-06 12:35:11,5,6,32332,48740
2023-07-06 12:35:23,4,6,32332,48740
2023-07-06 12:35:23,5,6,32332,48740
2023-07-06 12:35:47,5,6,32332,48770
2023-07-06 12:36:24,6,7,32332,48800
2023-07-06 12:36:49,6,7,32332,48820
2023-07-06 12:36:56,5,6,32332,48840
2023-07-06 12:37:04,5,7,32332,48840
2023-07-06 12:37:04,6,7,32332,48840
2023-07-06 12:37:13,5,7,32332,48840
2023-07-06 12:37:13,6,7,32332,48840
2023-07-06 12:37:35,5,7,32332,48840
2023-07-06 12:37:36,5,6,32332,48840
2023-07-06 12:38:03,5,6,32332,48860
2023-07-06 12:38:11,4,6,32332,48860
2023-07-06 12:38:11,5,6,32332,48860
2023-07-06 12:38:11,5,6,32362,48890
2023-07-06 12:38:13,5,6,32382,48910
2023-07-06 12:38:13,4,5,32392,48920
2023-07-06 12:38:20,4,5,32392,48940
2023-07-06 12:38:37,3,5,32392,48940
2023-07-06 12:38:52,4,5,32392,48940
2023-07-06 12:39:11,3,5,32392,48940
2023-07-06 12:39:11,4,5,32392,48940
2023-07-06 12:39:31,3,5,32392,48940
2023-07-06 12:39:31,4,5,32392,48940
2023-07-06 12:39:34,3,5,32392,48940
2023-07-06 12:39:34,4,5,32392,48940
2023-07-06 12:40:44,3,5,32392,48940
2023-07-06 12:40:45,4,5,32392,48940
2023-07-06 12:40:47,5,6,32402,48970
2023-07-06 12:41:15,4,6,32402,48970
2023-07-06 12:41:15,5,6,32402,48970
2023-07-06 12:41:30,4,6,32402,48970
2023-07-06 12:41:30,5,6,32402,48970
2023-07-06 12:41:51,4,6,32402,48970
2023-07-06 12:41:52,5,6,32402,48970
2023-07-06 12:41:59,4,6,32402,48970
2023-07-06 12:41:59,5,6,32402,48970
2023-07-06 12:42:04,4,6,32402,48970
2023-07-06 12:42:04,5,6,32402,48970
2023-07-06 12:43:05,4,6,32402,48970
2023-07-06 12:43:05,5,6,32402,48970
2023-07-06 12:43:22,4,6,32402,48970
2023-07-06 12:43:22,5,6,32402,48970
2023-07-06 12:43:43,4,6,32402,48970
2023-07-06 12:43:43,5,6,32402,48970
2023-07-06 12:43:49,4,6,32402,48970
2023-07-06 12:43:49,5,6,32402,48970
2023-07-06 12:43:49,5,6,32452,49020
2023-07-06 12:44:00,4,6,32452,49020
2023-07-06 12:44:00,5,6,32452,49020
2023-07-06 12:44:27,5,6,32493,49061
2023-07-06 12:44:29,5,6,32605,49173
2023-07-06 12:44:31,4,6,32605,49173
2023-07-06 12:44:31,4,5,32605,49173
2023-07-06 12:45:28,4,6,32605,49173
2023-07-06 12:45:43,4,5,32605,49173
2023-07-06 12:45:55,4,5,32505,49273
2023-07-06 12:46:21,4,5,32505,49293
2023-07-06 12:46:42,3,5,32505,49293
2023-07-06 12:46:42,4,5,32505,49293
2023-07-06 12:46:43,4,5,32530,49318
2023-07-06 12:46:54,3,5,32530,49318
2023-07-06 12:46:54,4,5,32530,49318
2023-07-06 12:47:10,5,6,32530,49338
2023-07-06 12:47:12,4,6,32530,49338
2023-07-06 12:47:12,5,6,32530,49338
2023-07-06 12:48:13,4,5,32530,49358
2023-07-06 12:48:30,4,6,32530,49358
2023-07-06 12:48:30,4,5,32530,49358
2023-07-06 12:48:57,4,6,32530,49358
2023-07-06 12:48:57,5,6,32530,49358
2023-07-06 12:49:08,4,6,32530,49358
2023-07-06 12:49:08,5,6,32530,49358
2023-07-06 12:49:19,5,6,32580,49408
2023-07-06 12:49:20,4,6,32580,49408
2023-07-06 12:49:20,5,6,32580,49408
2023-07-06 12:49:35,4,6,32580,49408
2023-07-06 12:49:35,5,6,32580,49408
2023-07-06 12:49:41,5,6,32605,49433
2023-07-06 12:50:05,4,6,32605,49433
2023-07-06 12:50:05,5,6,32605,49433
2023-07-06 12:50:18,5,6,32610,49438
2023-07-06 12:50:18,5,6,32615,49443
2023-07-06 12:50:26,4,6,32615,49443
2023-07-06 12:50:26,5,6,32615,49443
2023-07-06 12:50:47,5,6,32640,49468
2023-07-06 12:51:13,4,6,32640,49468
2023-07-06 12:51:13,5,6,32640,49468
2023-07-06 12:51:13,5,6,32660,49488
2023-07-06 12:51:40,4,6,32660,49488
2023-07-06 12:51:41,5,6,32660,49488
2023-07-06 12:51:41,5,6,32740,49568
2023-07-06 12:51:48,4,6,32740,49568
2023-07-06 12:51:48,5,6,32740,49568
2023-07-06 12:51:48,5,6,32760,49588
2023-07-06 12:51:56,4,6,32760,49588
2023-07-06 12:51:56,5,6,32760,49588
2023-07-06 12:51:56,5,6,32835,49663
2023-07-06 12:52:47,4,6,32835,49663
2023-07-06 12:52:47,5,6,32835,49663
2023-07-06 12:53:54,4,6,32835,49663
2023-07-06 12:54:05,5,6,32835,49663
2023-07-06 12:54:15,4,6,32835,49663
2023-07-06 12:54:15,5,6,32835,49663
2023-07-06 12:54:22,4,6,32835,49663
2023-07-06 12:54:22,5,6,32835,49663
2023-07-06 12:54:56,4,6,32835,49663
2023-07-06 12:54:56,5,6,32835,49663
2023-07-06 12:56:02,4,6,32835,49663
2023-07-06 12:56:02,5,6,32835,49663
2023-07-06 12:56:05,5,6,32835,49913
2023-07-06 12:56:07,5,7,32835,49953
2023-07-06 12:56:36,6,7,32835,49953
2023-07-06 12:56:36,5,7,32860,49978
2023-07-06 12:57:09,5,6,32860,49978
2023-07-06 12:57:43,5,7,32860,49978
2023-07-06 12:57:43,6,7,32860,49978
2023-07-06 12:58:05,5,7,32860,49978
2023-07-06 12:58:05,6,7,32860,49978
2023-07-06 12:58:10,6,7,32860,50003
2023-07-06 12:58:18,7,8,32860,50018
2023-07-06 12:58:30,6,7,32860,50038
2023-07-06 12:58:50,6,8,32860,50038
2023-07-06 12:58:50,7,8,32860,50038
2023-07-06 12:58:59,6,8,32860,50038
2023-07-06 12:58:59,7,8,32860,50038
2023-07-06 12:59:38,6,7,32860,50058
2023-07-06 13:00:06,6,8,32860,50058
2023-07-06 13:00:06,7,8,32860,50058
2023-07-06 13:00:08,6,8,32860,50058
2023-07-06 13:00:08,6,7,32860,50058
2023-07-06 13:00:18,6,7,32926,50124
2023-07-06 13:00:25,5,7,32926,50124
2023-07-06 13:00:26,6,7,32926,50124
2023-07-06 13:00:33,5,7,32926,50124
2023-07-06 13:00:34,6,7,32926,50124
2023-07-06 13:01:01,5,7,32926,50124
2023-07-06 13:01:01,6,7,32926,50124
2023-07-06 13:01:09,5,7,32926,50124
2023-07-06 13:01:09,6,7,32926,50124
2023-07-06 13:01:25,5,7,32926,50124
2023-07-06 13:01:25,6,7,32926,50124
2023-07-06 13:02:05,7,8,32926,50144
2023-07-06 13:02:05,7,8,32951,50169
2023-07-06 13:02:06,7,8,32956,50174
2023-07-06 13:02:17,6,8,32956,50174
2023-07-06 13:02:17,7,8,32956,50174
2023-07-06 13:02:33,5,8,32956,50174
2023-07-06 13:02:33,7,8,32956,50174
2023-07-06 13:02:33,6,8,32981,50199
2023-07-06 13:02:33,6,7,32981,50199
2023-07-06 13:02:56,7,8,33006,50224
2023-07-06 13:02:56,7,8,33026,50244
2023-07-06 13:03:10,6,8,33026,50244
2023-07-06 13:03:10,6,8,33056,50274
2023-07-06 13:03:25,6,8,33056,50274
2023-07-06 13:03:25,7,8,33056,50274
2023-07-06 13:03:37,6,8,33056,50274
2023-07-06 13:03:38,7,8,33056,50274
2023-07-06 13:03:38,6,8,33081,50299
2023-07-06 13:04:13,6,7,33081,50299
2023-07-06 13:05:14,6,8,33081,50299
2023-07-06 13:05:19,7,8,33081,50299
2023-07-06 13:05:19,7,8,33103,50321
2023-07-06 13:05:30,6,8,33103,50321
2023-07-06 13:05:30,7,8,33103,50321
2023-07-06 13:05:57,6,8,33103,50321
2023-07-06 13:05:57,7,8,33103,50321
2023-07-06 13:05:57,7,8,33108,50326
2023-07-06 13:06:58,6,8,33108,50326
2023-07-06 13:06:58,7,8,33108,50326
2023-07-06 13:07:10,7,8,33133,50351
2023-07-06 13:07:36,6,8,33133,50351
2023-07-06 13:07:37,7,8,33133,50351
2023-07-06 13:07:49,7,8,33133,50376
2023-07-06 13:07:51,7,8,33133,50391
2023-07-06 13:07:58,7,9,33133,50391
2023-07-06 13:07:58,8,9,33133,50391
2023-07-06 13:07:58,8,9,33163,50421
2023-07-06 13:08:03,8,9,33183,50441
2023-07-06 13:08:03,8,9,33203,50461
2023-07-06 13:08:05,7,9,33203,50461
2023-07-06 13:08:06,8,9,33203,50461
2023-07-06 13:08:16,8,9,33306,50564
2023-07-06 13:08:16,8,9,33333,50591
2023-07-06 13:08:17,7,9,33333,50591
2023-07-06 13:08:17,8,9,33333,50591
2023-07-06 13:08:30,7,8,33333,50611
2023-07-06 13:08:49,7,8,33333,50631
2023-07-06 13:09:00,6,7,33333,50651
2023-07-06 13:09:10,6,8,33333,50651
2023-07-06 13:10:10,6,7,33333,50651
2023-07-06 13:10:10,6,7,33333,50671
2023-07-06 13:10:35,5,7,33333,50671
2023-07-06 13:10:36,6,7,33333,50671
2023-07-06 13:10:42,5,7,33333,50671
2023-07-06 13:10:42,6,7,33333,50671
2023-07-06 13:11:06,5,7,33333,50671
2023-07-06 13:11:06,6,7,33333,50671
2023-07-06 13:11:06,6,7,33350,50688
2023-07-06 13:11:06,6,7,33352,50690
2023-07-06 13:11:34,5,7,33352,50690
2023-07-06 13:11:34,6,7,33352,50690
2023-07-06 13:11:41,5,7,33352,50690
2023-07-06 13:11:41,6,7,33352,50690
2023-07-06 13:12:08,7,8,33352,50710
2023-07-06 13:12:14,6,8,33352,50710
2023-07-06 13:12:14,7,8,33352,50710
2023-07-06 13:12:14,7,8,33364,50722
2023-07-06 13:12:14,7,8,33376,50734
2023-07-06 13:12:25,7,8,33496,50854
2023-07-06 13:12:25,6,8,33496,50854
2023-07-06 13:12:25,7,8,33496,50854
2023-07-06 13:12:40,7,8,33521,50879
2023-07-06 13:13:12,6,8,33521,50879
2023-07-06 13:13:12,7,8,33521,50879
2023-07-06 13:13:26,6,8,33521,50879
2023-07-06 13:13:26,7,8,33521,50879
2023-07-06 13:13:26,7,8,33602,50960
2023-07-06 13:13:34,6,8,33602,50960
2023-07-06 13:13:34,7,8,33602,50960
2023-07-06 13:13:48,6,8,33602,50960
2023-07-06 13:13:48,7,8,33602,50960
2023-07-06 13:13:48,7,8,33624,50982
2023-07-06 13:14:04,6,8,33624,50982
2023-07-06 13:14:05,7,8,33624,50982
2023-07-06 13:14:23,7,8,33649,51007
2023-07-06 13:14:41,6,8,33649,51007
2023-07-06 13:14:41,7,8,33649,51007
2023-07-06 13:14:45,6,8,33649,51007
2023-07-06 13:14:46,7,8,33649,51007
2023-07-06 13:15:37,6,8,33649,51007
2023-07-06 13:15:37,7,8,33649,51007
2023-07-06 13:15:46,6,8,33649,51007
2023-07-06 13:15:46,7,8,33649,51007
2023-07-06 13:16:30,8,9,33689,51087
2023-07-06 13:16:39,7,8,33689,51107
2023-07-06 13:16:45,6,8,33689,51107
2023-07-06 13:16:57,6,9,33689,51107
2023-07-06 13:16:57,7,9,33689,51107
2023-07-06 13:16:57,7,8,33689,51107
2023-07-06 13:17:03,6,8,33689,51107
2023-07-06 13:17:03,7,8,33689,51107
2023-07-06 13:17:07,6,7,33689,51127
2023-07-06 13:17:13,7,8,33697,51135
2023-07-06 13:17:55,6,8,33697,51135
2023-07-06 13:17:56,7,8,33697,51135
2023-07-06 13:18:08,6,8,33697,51135
2023-07-06 13:18:08,7,8,33697,51135
2023-07-06 13:18:27,6,7,33697,51155
2023-07-06 13:18:54,6,8,33697,51385
2023-07-06 13:18:55,7,8,33697,51385
2023-07-06 13:18:57,7,8,33797,51485
2023-07-06 13:19:10,6,8,33797,51485
2023-07-06 13:19:10,7,8,33797,51485
2023-07-06 13:19:44,8,9,33797,51525
2023-07-06 13:19:46,7,9,33877,51605
2023-07-06 13:19:48,7,8,33877,51605
2023-07-06 13:20:05,7,9,33877,51605
2023-07-06 13:20:05,7,8,33877,51605
2023-07-06 13:20:17,7,10,33877,51605
2023-07-06 13:20:18,8,10,33877,51605
2023-07-06 13:20:18,8,9,33877,51605
2023-07-06 13:20:24,7,9,33877,51605
2023-07-06 13:20:24,8,9,33877,51605
2023-07-06 13:20:53,7,9,33877,51605
2023-07-06 13:20:53,8,9,33877,51605
2023-07-06 13:21:02,7,9,33917,51645
2023-07-06 13:21:02,7,9,33954,51682
2023-07-06 13:21:03,8,9,33954,51682
2023-07-06 13:21:03,7,9,34154,51882
2023-07-06 13:21:05,8,9,34154,51882
2023-07-06 13:21:06,8,9,34194,51922
2023-07-06 13:21:25,8,9,34254,51982
2023-07-06 13:21:38,7,9,34254,51982
2023-07-06 13:21:38,8,9,34254,51982
2023-07-06 13:22:16,8,9,34254,52022
2023-07-06 13:24:33,8,9,34254,52102
2023-07-06 13:24:36,9,10,34254,52122
2023-07-06 13:24:57,9,11,34254,52122
2023-07-06 13:24:59,9,10,34254,52122
2023-07-06 13:25:16,9,11,34254,52122
2023-07-06 13:25:16,9,10,34254,52122
2023-07-06 13:25:17,9,10,34414,52282
2023-07-06 13:25:23,8,10,34414,52282
2023-07-06 13:25:23,9,10,34414,52282
2023-07-06 13:25:51,9,10,34414,52302
2023-07-06 13:25:51,9,10,34494,52382
2023-07-06 13:26:07,8,9,34514,52402
2023-07-06 13:26:12,7,8,34514,52422
2023-07-06 13:26:21,6,8,34514,53022
2023-07-06 13:26:33,7,8,34514,53022
2023-07-06 13:26:46,6,8,34514,53022
2023-07-06 13:26:46,7,8,34514,53022
2023-07-06 13:26:51,6,8,34514,53022
2023-07-06 13:26:51,7,8,34514,53022
2023-07-06 13:27:06,6,8,34514,53022
2023-07-06 13:27:06,7,8,34514,53022
2023-07-06 13:27:40,6,8,34514,53022
2023-07-06 13:27:40,7,8,34514,53022
2023-07-06 13:27:54,6,8,34514,53022
2023-07-06 13:27:54,6,7,34514,53022
2023-07-06 13:28:01,5,7,34514,53022
2023-07-06 13:28:01,5,6,34514,53022
2023-07-06 13:28:03,5,7,34514,53022
2023-07-06 13:28:03,6,7,34514,53022
2023-07-06 13:28:32,5,7,34514,53022
2023-07-06 13:28:32,6,7,34514,53022
2023-07-06 13:28:37,5,7,34514,53022
2023-07-06 13:28:37,6,7,34514,53022
2023-07-06 13:28:49,5,7,34514,53022
2023-07-06 13:28:49,6,7,34514,53022
2023-07-06 13:28:56,5,7,34514,53102
2023-07-06 13:29:12,5,6,34514,53102
2023-07-06 13:29:22,5,7,34514,53102
2023-07-06 13:29:22,6,7,34514,53102
2023-07-06 13:29:51,5,7,34514,53102
2023-07-06 13:29:51,6,7,34514,53102
2023-07-06 13:30:30,5,7,34514,53102
2023-07-06 13:30:31,5,6,34514,53102
2023-07-06 13:30:56,5,6,34514,53122
2023-07-06 13:31:35,5,6,34554,53162
2023-07-06 13:31:35,5,6,34594,53202
2023-07-06 13:31:37,5,6,34634,53242
2023-07-06 13:31:37,5,6,34679,53287
2023-07-06 13:31:38,3,6,34679,53287
2023-07-06 13:31:38,4,6,34679,53287
2023-07-06 13:31:38,5,6,34679,53287
2023-07-06 13:31:38,4,5,34679,53307
2023-07-06 13:31:52,4,5,34679,53327
2023-07-06 13:32:03,3,5,34679,53327
2023-07-06 13:32:03,4,5,34679,53327
2023-07-06 13:32:37,3,5,34679,53327
2023-07-06 13:32:37,4,5,34679,53327
2023-07-06 13:32:43,3,5,34679,53327
2023-07-06 13:32:43,4,5,34679,53327
2023-07-06 13:33:01,3,5,34679,53327
2023-07-06 13:33:01,3,5,34679,53347
2023-07-06 13:33:01,4,5,34679,53347
2023-07-06 13:33:06,4,5,34679,53367
2023-07-06 13:33:59,3,5,34679,53367
2023-07-06 13:34:06,4,5,34679,53367
2023-07-06 13:34:16,5,6,34679,53387
2023-07-06 13:34:18,4,6,34679,53387
2023-07-06 13:34:19,5,6,34679,53387
2023-07-06 13:34:22,5,6,34699,53407
2023-07-06 13:34:22,5,6,34719,53427
2023-07-06 13:34:26,4,6,34719,53427
2023-07-06 13:34:26,5,6,34719,53427
2023-07-06 13:34:34,4,6,34719,53427
2023-07-06 13:34:34,5,6,34719,53427
2023-07-06 13:34:34,4,6,34759,53467
2023-07-06 13:34:34,4,5,34759,53467
2023-07-06 13:35:16,4,5,34799,53547
2023-07-06 13:35:27,4,5,34799,53647
2023-07-06 13:35:31,4,5,34799,53707
2023-07-06 13:35:51,5,6,34799,53807
2023-07-06 13:35:51,5,6,34803,53811
2023-07-06 13:36:02,4,6,34803,53811
2023-07-06 13:36:02,5,6,34803,53811
2023-07-06 13:37:00,4,6,34803,53811
2023-07-06 13:37:17,5,6,34803,53811
2023-07-06 13:37:32,4,6,34803,53811
2023-07-06 13:37:32,5,6,34803,53811
2023-07-06 13:37:35,4,6,34803,53811
2023-07-06 13:37:35,5,6,34803,53811
2023-07-06 13:37:40,5,6,34807,53815
2023-07-06 13:38:03,6,7,34807,53835
2023-07-06 13:38:04,5,7,34847,53875
2023-07-06 13:38:06,6,7,34847,53875
2023-07-06 13:38:06,6,7,34887,53915
2023-07-06 13:38:07,6,7,34907,53935
2023-07-06 13:38:45,5,7,34907,53935
2023-07-06 13:38:45,6,7,34907,53935
2023-07-06 13:38:46,6,7,34927,53955
2023-07-06 13:38:46,5,7,34947,53975
2023-07-06 13:38:47,5,6,34947,53975
2023-07-06 13:38:53,5,7,34947,53975
2023-07-06 13:38:53,6,7,34947,53975
2023-07-06 13:38:53,6,7,34967,53995
2023-07-06 13:39:00,5,7,34967,53995
2023-07-06 13:39:00,6,7,34967,53995
2023-07-06 13:39:05,6,7,35047,54075
2023-07-06 13:39:18,5,7,35047,54075
2023-07-06 13:39:18,6,7,35047,54075
2023-07-06 13:39:20,6,8,35047,54295
2023-07-06 13:39:26,6,7,35047,54295
2023-07-06 13:39:26,6,7,35097,54345
2023-07-06 13:39:29,6,8,35097,54345
2023-07-06 13:39:29,6,7,35097,54345
2023-07-06 13:39:34,6,8,35097,54345
2023-07-06 13:39:34,6,7,35097,54345
2023-07-06 13:40:09,6,8,35097,54345
2023-07-06 13:40:09,7,8,35097,54345
2023-07-06 13:40:09,7,8,35110,54358
2023-07-06 13:40:09,7,8,35117,54365
2023-07-06 13:40:10,6,8,35217,54465
2023-07-06 13:40:14,7,8,35217,54465
2023-07-06 13:40:14,7,8,35304,54552
2023-07-06 13:40:15,7,9,35331,54579
2023-07-06 13:40:16,7,9,35358,54606
2023-07-06 13:40:16,7,8,35358,54606
2023-07-06 13:40:17,7,8,35385,54633
2023-07-06 13:40:18,7,8,35412,54660
2023-07-06 13:40:36,6,8,35412,54660
2023-07-06 13:40:36,7,8,35412,54660
2023-07-06 13:40:44,7,8,35552,54800
2023-07-06 13:40:45,6,8,35612,54860
2023-07-06 13:40:53,6,9,35612,55040
2023-07-06 13:41:14,7,9,35612,55040
2023-07-06 13:41:14,8,9,35612,55040
2023-07-06 13:41:14,7,9,35732,55160
2023-07-06 13:41:17,7,8,35732,55160
2023-07-06 13:41:22,6,8,35732,55160
2023-07-06 13:41:22,6,9,35732,55160
2023-07-06 13:41:22,7,9,35732,55160
2023-07-06 13:41:22,7,8,35732,55160
2023-07-06 13:41:33,6,8,35732,55160
2023-07-06 13:41:33,6,7,35732,55160
2023-07-06 13:41:35,6,7,35732,55180
2023-07-06 13:41:35,6,8,35732,55180
2023-07-06 13:41:35,6,8,35707,55225
2023-07-06 13:41:35,6,7,35707,55225
2023-07-06 13:41:35,6,7,35707,55240
2023-07-06 13:41:35,6,7,35707,55255
2023-07-06 13:42:01,6,7,35767,55315
2023-07-06 13:42:01,5,7,35767,55315
2023-07-06 13:42:01,6,7,35767,55315
2023-07-06 13:42:01,7,9,35767,55335
2023-07-06 13:42:01,7,8,35767,55335
2023-07-06 13:42:01,7,8,35827,55395
2023-07-06 13:42:06,6,8,35827,55395
2023-07-06 13:42:06,6,9,35827,55395
2023-07-06 13:42:06,7,9,35827,55395
2023-07-06 13:42:06,8,9,35827,55395
2023-07-06 13:42:06,7,9,35842,55410
2023-07-06 13:42:07,7,8,35842,55410
2023-07-06 13:42:09,7,8,35947,55515
2023-07-06 13:42:12,8,9,35947,55565
2023-07-06 13:42:12,8,9,35967,55585
2023-07-06 13:42:14,7,9,35987,55605
2023-07-06 13:42:15,7,10,35987,55605
2023-07-06 13:42:15,7,9,35987,55605
2023-07-06 13:42:15,8,9,35987,55605
2023-07-06 13:42:15,8,9,36127,55745
2023-07-06 13:42:36,7,9,36127,55745
2023-07-06 13:42:36,6,9,36127,55745
2023-07-06 13:42:36,6,10,36127,55745
2023-07-06 13:42:36,8,10,36127,55745
2023-07-06 13:42:36,8,9,36127,55745
2023-07-06 13:42:36,7,9,36157,55775
2023-07-06 13:42:54,7,8,36157,55775
2023-07-06 13:43:06,7,8,36172,55790
2023-07-06 13:43:13,7,9,36172,55790
2023-07-06 13:43:13,8,9,36172,55790
2023-07-06 13:43:13,7,9,36232,55850
2023-07-06 13:43:13,7,8,36232,55850
2023-07-06 13:43:15,7,8,36252,55870
2023-07-06 13:44:03,7,8,36262,55915
2023-07-06 13:45:03,7,8,36262,55930
2023-07-06 13:45:07,7,8,36262,55945
2023-07-06 13:45:19,6,8,36262,56235
2023-07-06 13:45:26,6,7,36262,56235
2023-07-06 13:45:34,6,7,36262,56245
2023-07-06 13:45:35,6,7,36202,56305
2023-07-06 13:45:47,6,7,36202,56320
2023-07-06 13:45:49,6,7,36242,56360
2023-07-06 13:45:49,6,7,36282,56400
2023-07-06 13:46:18,5,7,36282,56400
2023-07-06 13:46:18,5,6,36282,56400
2023-07-06 13:46:36,5,7,36282,56400
2023-07-06 13:46:36,6,7,36282,56400
2023-07-06 13:46:37,6,7,36309,56427
2023-07-06 13:47:21,5,7,36309,56427
2023-07-06 13:47:21,6,7,36309,56427
2023-07-06 13:47:31,5,7,36309,56427
2023-07-06 13:47:31,6,7,36309,56427
2023-07-06 13:47:32,6,7,36339,56457
2023-07-06 13:47:32,6,7,36359,56477
2023-07-06 13:47:50,5,7,36359,56477
2023-07-06 13:47:51,7,9,36359,56497
2023-07-06 13:47:51,7,8,36359,56497
2023-07-06 13:47:51,6,8,36384,56522
2023-07-06 13:48:18,6,7,36384,56522
2023-07-06 13:48:36,6,7,36414,56552
2023-07-06 13:49:07,6,8,36414,56552
2023-07-06 13:49:07,7,8,36414,56552
2023-07-06 13:49:07,7,8,36444,56582
2023-07-06 13:49:11,6,8,36444,56582
2023-07-06 13:49:11,7,8,36444,56582
2023-07-06 13:49:11,7,8,36454,56592
2023-07-06 13:49:12,7,8,36534,56672
2023-07-06 13:49:13,7,8,36564,56702
2023-07-06 13:49:21,7,8,36624,56762
2023-07-06 13:49:30,6,8,36624,56762
2023-07-06 13:49:31,7,8,36624,56762
2023-07-06 13:49:50,7,8,36704,56842
2023-07-06 13:50:31,7,8,36704,56862
2023-07-06 13:50:37,6,8,36704,56862
2023-07-06 13:50:37,6,7,36704,56862
2023-07-06 13:50:43,6,8,36704,56862
2023-07-06 13:50:43,6,7,36704,56862
2023-07-06 13:50:57,6,8,36704,56862
2023-07-06 13:50:57,6,7,36704,56862
2023-07-06 13:51:23,6,8,36704,57012
2023-07-06 13:51:23,7,8,36704,57012
2023-07-06 13:51:23,7,8,36719,57027
2023-07-06 13:51:30,7,9,36719,57027
2023-07-06 13:51:53,6,9,36719,57027
2023-07-06 13:51:53,7,9,36719,57027
2023-07-06 13:51:53,7,8,36719,57027
2023-07-06 13:51:58,6,8,36719,57027
2023-07-06 13:51:58,6,9,36719,57027
2023-07-06 13:51:58,7,9,36719,57027
2023-07-06 13:51:59,7,8,36719,57027
2023-07-06 13:51:59,7,8,36734,57042
2023-07-06 13:52:12,7,8,36734,57062
2023-07-06 13:52:13,6,8,36764,57092
2023-07-06 13:52:20,6,7,36764,57092
2023-07-06 13:52:43,6,8,36764,57092
2023-07-06 13:52:43,7,8,36764,57092
2023-07-06 13:52:43,6,8,36824,57152
2023-07-06 13:52:55,6,9,36824,57152
2023-07-06 13:53:13,6,8,36824,57152
2023-07-06 13:53:14,6,9,36824,57152
2023-07-06 13:53:16,6,8,36824,57152
2023-07-06 13:53:17,6,7,36824,57152
2023-07-06 13:53:46,5,7,36844,57172
2023-07-06 13:53:46,5,6,36844,57172
2023-07-06 13:54:43,5,7,36844,57172
2023-07-06 13:54:52,5,7,36844,57192
2023-07-06 13:54:52,5,6,36844,57192
2023-07-06 13:55:15,4,6,36844,57192
2023-07-06 13:55:15,5,6,36844,57192
2023-07-06 13:55:34,4,6,36844,57192
2023-07-06 13:55:34,5,6,36844,57192
2023-07-06 13:55:39,4,6,36844,57192
2023-07-06 13:55:39,5,6,36844,57192
2023-07-06 13:55:39,5,6,36889,57237
2023-07-06 13:55:53,4,6,36889,57237
2023-07-06 13:55:53,5,6,36889,57237
2023-07-06 13:55:54,5,6,36904,57252
2023-07-06 13:55:54,5,6,36919,57267
2023-07-06 13:56:04,4,6,36919,57267
2023-07-06 13:56:04,5,6,36919,57267
2023-07-06 13:56:27,5,6,36919,57417
2023-07-06 13:56:29,5,7,36919,57417
2023-07-06 13:56:29,6,7,36919,57417
2023-07-06 13:56:29,5,7,36949,57447
2023-07-06 13:56:45,5,7,36999,57497
2023-07-06 13:56:45,5,6,36999,57497
2023-07-06 13:56:45,5,7,36999,57497
2023-07-06 13:56:46,6,7,36999,57497
2023-07-06 13:56:47,6,7,37064,57562
2023-07-06 13:57:03,5,7,37064,57562
2023-07-06 13:57:04,6,7,37064,57562
2023-07-06 13:57:04,6,7,37079,57577
2023-07-06 13:57:05,5,7,37079,57577
2023-07-06 13:57:05,6,7,37079,57577
2023-07-06 13:57:05,6,7,37094,57592
2023-07-06 13:57:09,6,7,37199,57697
2023-07-06 13:57:09,5,7,37199,57697
2023-07-06 13:57:10,6,7,37199,57697
2023-07-06 13:57:10,6,7,37234,57732
2023-07-06 13:57:12,6,7,37279,57777
2023-07-06 13:57:12,6,7,37319,57817
2023-07-06 13:57:38,6,7,37364,57862
2023-07-06 13:57:40,7,8,37364,57882
2023-07-06 13:57:40,7,8,37424,57942
2023-07-06 13:57:40,7,8,37484,58002
2023-07-06 13:57:41,7,8,37639,58157
2023-07-06 13:57:52,6,8,37639,58157
2023-07-06 13:57:53,6,8,37639,58202
2023-07-06 13:57:53,7,8,37639,58202
2023-07-06 13:58:21,6,8,37639,58352
2023-07-06 13:59:00,6,8,37639,58602
2023-07-06 13:59:02,6,9,37639,58647
2023-07-06 13:59:13,6,8,37639,58647
2023-07-06 13:59:13,6,8,37639,58707
2023-07-06 13:59:13,7,8,37639,58707
2023-07-06 13:59:14,7,8,37639,58957
2023-07-06 13:59:18,7,9,37639,59207
2023-07-06 14:00:08,8,9,37639,59207
2023-07-06 14:00:08,8,9,37654,59222
2023-07-06 14:00:09,7,9,37759,59327
2023-07-06 14:00:14,7,8,37759,59327
2023-07-06 14:00:14,7,8,37774,59342
2023-07-06 14:00:20,7,8,37789,59357
2023-07-06 14:00:21,7,8,37834,59402
2023-07-06 14:00:49,8,9,37834,59417
2023-07-06 14:00:49,7,9,37879,59462
2023-07-06 14:01:01,7,9,37879,59472
2023-07-06 14:01:01,7,8,37879,59472
2023-07-06 14:01:01,7,8,37909,59502
2023-07-06 14:01:22,6,7,37909,59517
2023-07-06 14:01:39,5,7,37979,59587
2023-07-06 14:01:39,6,7,37979,59587
2023-07-06 14:01:39,6,7,38009,59617
2023-07-06 14:02:12,5,7,38009,59617
2023-07-06 14:02:12,5,6,38009,59617
2023-07-06 14:02:41,5,7,38009,59617
2023-07-06 14:02:41,6,7,38009,59617
2023-07-06 14:02:42,5,7,38069,59677
2023-07-06 14:03:08,5,6,38069,59677
2023-07-06 14:03:11,5,6,38069,59692
2023-07-06 14:03:58,5,6,38069,59707
2023-07-06 14:03:58,5,6,38114,59752
2023-07-06 14:04:00,5,6,38159,59797
2023-07-06 14:04:15,5,6,38159,59812
2023-07-06 14:04:33,4,6,38159,59812
2023-07-06 14:04:33,5,6,38159,59812
2023-07-06 14:05:48,5,6,38174,59827
2023-07-06 14:05:52,6,7,38174,59867
2023-07-06 14:05:52,6,7,38201,59894
2023-07-06 14:06:16,5,7,38201,59894
2023-07-06 14:06:16,6,7,38201,59894
2023-07-06 14:06:16,6,7,38261,59954
2023-07-06 14:06:29,5,7,38261,59954
2023-07-06 14:06:29,6,7,38261,59954
2023-07-06 14:06:40,6,7,38381,60074
2023-07-06 14:07:06,7,8,38396,60129
2023-07-06 14:07:20,6,8,38401,60134
2023-07-06 14:07:21,7,8,38401,60134
2023-07-06 14:07:21,7,8,38416,60149
2023-07-06 14:07:21,7,8,38431,60164
2023-07-06 14:07:21,6,8,38446,60179
2023-07-06 14:07:21,6,8,38461,60194
2023-07-06 14:07:28,6,9,38461,60194
2023-07-06 14:07:31,7,9,38461,60194
2023-07-06 14:07:32,7,8,38461,60194
2023-07-06 14:07:32,7,8,38506,60239
2023-07-06 14:07:32,6,8,38536,60269
2023-07-06 14:07:32,6,7,38536,60269
2023-07-06 14:07:45,6,7,38561,60294
2023-07-06 14:07:56,5,7,38561,60294
2023-07-06 14:08:28,6,7,38561,60294
2023-07-06 14:08:29,6,7,38621,60354
2023-07-06 14:08:56,5,7,38651,60384
2023-07-06 14:08:59,5,6,38651,60384
2023-07-06 14:08:59,5,6,38696,60429
2023-07-06 14:09:52,5,6,38711,60444
2023-07-06 14:09:53,5,6,38723,60456
2023-07-06 14:09:53,5,6,38735,60468
2023-07-06 14:10:01,6,7,38735,60483
2023-07-06 14:10:01,6,7,38756,60504
2023-07-06 14:10:01,6,7,38777,60525
2023-07-06 14:10:01,5,6,38795,60543
2023-07-06 14:10:36,5,6,38834,60582
2023-07-06 14:10:39,4,6,38834,60582
2023-07-06 14:10:40,5,6,38834,60582
2023-07-06 14:10:40,5,6,38849,60597
2023-07-06 14:11:18,5,6,38849,60612
2023-07-06 14:11:18,4,6,38924,60687
2023-07-06 14:11:43,4,5,38924,60687
2023-07-06 14:12:34,4,6,38924,60687
2023-07-06 14:12:34,4,5,38924,60687
2023-07-06 14:13:37,4,6,38924,60687
2023-07-06 14:14:03,4,5,38924,60687
2023-07-06 14:14:19,4,5,38924,60707
2023-07-06 14:14:48,4,5,38924,60722
2023-07-06 14:14:57,3,5,38924,60722
2023-07-06 14:16:33,4,5,38924,60722
2023-07-06 14:16:44,3,5,38924,60722
2023-07-06 14:16:44,4,5,38924,60722
2023-07-06 14:16:52,3,5,38924,60722
2023-07-06 14:16:52,4,5,38924,60722
2023-07-06 14:16:52,4,5,38974,60772
2023-07-06 14:17:05,3,5,38974,60772
2023-07-06 14:17:06,4,5,38974,60772
2023-07-06 14:17:06,4,5,39024,60822
2023-07-06 14:17:38,3,5,39024,60822
2023-07-06 14:17:38,4,5,39024,60822
2023-07-06 14:17:38,4,5,39034,60832
2023-07-06 14:17:40,4,5,39049,60847
2023-07-06 14:17:44,3,5,39049,60847
2023-07-06 14:17:44,3,5,39049,60867
2023-07-06 14:17:44,4,5,39049,60867
2023-07-06 14:17:47,4,5,39124,60942
2023-07-06 14:17:50,4,5,39139,60957
2023-07-06 14:17:50,5,6,39139,60972
2023-07-06 14:17:51,5,6,39219,61052
2023-07-06 14:17:51,4,5,39224,61057
2023-07-06 14:17:51,4,6,39224,61057
2023-07-06 14:17:51,4,5,39224,61057
2023-07-06 14:17:51,4,6,39224,61057
2023-07-06 14:17:53,5,6,39224,61057
2023-07-06 14:18:06,4,6,39224,61057
2023-07-06 14:18:06,5,6,39224,61057
2023-07-06 14:18:12,4,6,39224,61057
2023-07-06 14:18:12,5,6,39224,61057
2023-07-06 14:18:12,4,6,39264,61097
2023-07-06 14:18:43,4,5,39264,61097
2023-07-06 14:19:40,4,6,39264,61097
2023-07-06 14:19:40,4,6,39264,61112
2023-07-06 14:19:48,4,5,39264,61112
2023-07-06 14:19:48,4,5,39294,61142
2023-07-06 14:19:50,4,5,39324,61172
2023-07-06 14:20:04,4,5,39344,61192
2023-07-06 14:20:15,4,5,39344,61207
2023-07-06 14:20:17,4,5,39374,61237
2023-07-06 14:20:26,3,5,39374,61237
2023-07-06 14:20:26,4,5,39374,61237
2023-07-06 14:20:26,4,5,39414,61277
2023-07-06 14:20:33,3,4,39474,61337
2023-07-06 14:20:42,3,4,39474,61352
2023-07-06 14:21:05,2,4,39474,61352
2023-07-06 14:21:13,3,4,39474,61352
2023-07-06 14:21:14,3,4,39494,61372
2023-07-06 14:21:15,2,4,39494,61372
2023-07-06 14:21:15,3,4,39494,61372
2023-07-06 14:21:15,3,4,39514,61392
2023-07-06 14:21:17,2,4,39514,61392
2023-07-06 14:22:22,3,4,39514,61392
2023-07-06 14:22:22,3,4,39544,61422
2023-07-06 14:22:36,2,4,39544,61422
2023-07-06 14:22:36,3,4,39544,61422
2023-07-06 14:22:50,3,4,39604,61482
2023-07-06 14:23:05,2,4,39604,61482
2023-07-06 14:23:06,3,4,39604,61482
2023-07-06 14:23:14,2,4,39604,61482
2023-07-06 14:23:14,3,4,39604,61482
2023-07-06 14:23:14,3,4,39614,61492
2023-07-06 14:23:33,2,4,39614,61492
2023-07-06 14:23:34,3,4,39614,61492
2023-07-06 14:23:34,3,4,39624,61502
2023-07-06 14:24:07,2,4,39624,61502
2023-07-06 14:24:07,3,4,39624,61502
2023-07-06 14:24:08,3,4,39654,61532
2023-07-06 14:24:27,2,4,39654,61532
2023-07-06 14:24:27,3,4,39654,61532
2023-07-06 14:24:43,3,4,39739,61617
2023-07-06 14:24:48,2,4,39739,61617
2023-07-06 14:24:48,3,4,39739,61617
2023-07-06 14:24:48,4,5,39739,61632
2023-07-06 14:24:48,4,5,39769,61662
2023-07-06 14:24:49,4,5,39819,61712
2023-07-06 14:25:06,3,5,39819,61712
2023-07-06 14:25:06,4,5,39819,61712
2023-07-06 14:25:06,4,5,39849,61742
2023-07-06 14:25:25,3,5,39849,61742
2023-07-06 14:25:25,4,5,39849,61742
2023-07-06 14:25:26,3,5,39869,61762
2023-07-06 14:25:45,3,4,39869,61762
2023-07-06 14:26:15,3,4,39869,61777
2023-07-06 14:26:41,3,5,39869,61777
2023-07-06 14:26:53,3,4,39869,61777
2023-07-06 14:26:53,3,4,39879,61787
2023-07-06 14:27:02,2,4,39879,61787
2023-07-06 14:27:02,3,4,39879,61787
2023-07-06 14:27:02,3,4,39884,61792
2023-07-06 14:27:47,3,4,39894,61802
2023-07-06 14:28:02,2,4,39894,61802
2023-07-06 14:28:20,2,3,39894,61802
2023-07-06 14:28:47,2,5,39894,61802
2023-07-06 14:28:47,2,4,39894,61802
2023-07-06 14:28:48,2,5,39894,61802
2023-07-06 14:28:48,2,4,39894,61802
2023-07-06 14:28:54,2,5,39894,61802
2023-07-06 14:30:07,2,3,39894,61802
2023-07-06 14:30:08,2,3,39909,61872
2023-07-06 14:30:24,2,3,39909,61872
2023-07-06 14:30:38,2,3,39909,61882
2023-07-06 14:30:50,3,5,39909,61887
2023-07-06 14:30:50,3,4,39909,61887
2023-07-06 14:30:50,3,4,39929,61907
2023-07-06 14:30:55,2,4,40004,61982
2023-07-06 14:30:56,3,4,40004,61982
2023-07-06 14:31:06,3,4,40004,62022
2023-07-06 14:31:23,2,4,40004,62022
2023-07-06 14:32:17,2,3,40004,62022
2023-07-06 14:32:34,2,4,40004,62022
2023-07-06 14:34:38,3,4,40004,62022
2023-07-06 14:34:38,3,4,40044,62062
2023-07-06 14:34:39,2,4,40104,62122
2023-07-06 14:34:45,3,4,40104,62122
2023-07-06 14:34:45,3,4,40124,62142
2023-07-06 14:34:46,3,4,40126,62144
2023-07-06 14:35:05,2,4,40126,62144
2023-07-06 14:35:05,3,4,40126,62144
2023-07-06 14:35:18,3,4,40166,62184
2023-07-06 14:35:49,2,4,40166,62184
2023-07-06 14:37:43,2,3,40166,62184
2023-07-06 14:37:45,2,4,40166,62184
2023-07-06 14:38:32,2,3,40166,62184
2023-07-06 14:38:32,2,4,40166,62184
2023-07-06 14:38:33,2,3,40166,62184
2023-07-06 14:38:33,2,4,40181,62199
2023-07-06 14:38:34,2,3,40181,62199
2023-07-06 14:38:34,2,4,40181,62199
2023-07-06 14:38:35,2,3,40181,62199
2023-07-06 14:38:35,2,4,40181,62199
2023-07-06 14:38:35,3,4,40181,62199
2023-07-06 14:38:35,2,4,40181,62199
2023-07-06 14:38:35,2,3,40181,62199
2023-07-06 14:38:36,2,4,40196,62214
2023-07-06 14:39:02,3,4,40196,62214
2023-07-06 14:44:47,3,5,40196,62229
2023-07-06 14:44:56,4,5,40196,62229
2023-07-06 14:45:04,4,6,40196,62269
2023-07-06 14:47:36,4,6,40217,62319
2023-07-06 14:48:22,5,6,40217,62319
2023-07-06 14:49:00,5,7,40217,62330
2023-07-06 14:49:35,5,8,40247,62646
2023-07-06 14:50:18,5,8,40580,62979
2023-07-06 14:50:18,6,8,40580,62979
2023-07-06 14:52:20,7,8,40580,62979
2023-07-06 14:52:41,7,8,40580,63179
2023-07-06 14:52:43,6,8,40580,63194
2023-07-06 14:52:45,6,7,40580,63194
2023-07-06 14:52:45,6,8,40580,63194
2023-07-06 14:53:00,5,8,40580,63209
2023-07-06 14:53:04,5,7,40580,63209
2023-07-06 14:53:28,6,7,40580,63209
2023-07-06 14:53:28,5,7,40447,63342
2023-07-06 14:54:50,6,7,40447,63342
2023-07-06 14:55:07,5,7,40447,63342
2023-07-06 14:55:08,6,7,40447,63342
2023-07-06 14:55:55,6,8,40447,63357
2023-07-06 14:57:21,7,8,40447,63357
2023-07-06 14:57:35,6,8,40447,63357
2023-07-06 14:57:38,7,8,40447,63357
2023-07-06 14:57:45,6,8,40447,63372
2023-07-06 14:58:11,7,8,40447,63372
2023-07-06 15:00:51,6,8,40447,63387
2023-07-06 15:01:08,5,8,40447,63402
2023-07-06 15:01:10,5,7,40447,63402
2023-07-06 15:01:34,6,7,40447,63402
2023-07-06 15:02:22,6,9,40447,63417
2023-07-06 15:02:46,6,8,40447,63417
2023-07-06 15:02:56,5,8,40447,63432
2023-07-06 15:05:06,5,7,40447,63432
2023-07-06 15:06:04,5,6,40447,63432
2023-07-06 15:06:08,4,6,40447,63447
2023-07-06 15:07:33,4,5,40447,63447
2023-07-06 15:07:44,3,5,40462,63462
2023-07-06 15:07:44,3,4,40462,63462
2023-07-06 15:07:44,3,4,40462,63477
2023-07-06 15:07:44,3,4,40462,63602
2023-07-06 15:09:41,2,4,40462,63602
2023-07-06 15:10:17,2,3,40462,63602
2023-07-06 15:10:17,2,4,40462,63602
2023-07-06 15:13:23,2,3,40462,63602
2023-07-06 15:15:48,1,3,40477,63617
2023-07-06 15:23:24,2,3,40477,63617
2023-07-06 15:23:48,1,3,40477,63617
2023-07-06 15:31:18,1,2,40477,63617
2023-07-06 15:31:28,1,2,40477,64267
2023-07-06 15:32:12,1,3,40477,64267
2023-07-06 15:32:45,1,2,40477,64267
2023-07-06 15:32:52,1,3,40477,64267
2023-07-06 15:35:30,1,2,40477,64267
2023-07-06 15:35:33,1,3,40477,64267
2023-07-06 15:35:34,1,2,40477,64267
2023-07-06 15:35:36,1,3,40477,64267
2023-07-06 15:35:40,1,2,40477,64267
2023-07-06 15:35:48,1,3,40477,64267
2023-07-06 15:36:39,1,2,40477,64267
2023-07-06 15:40:53,0,1,40492,64282
2023-07-06 15:47:25,0,2,40646,64436
2023-07-06 15:49:26,0,1,40646,64436
2023-07-06 15:50:12,0,1,43979,67769
2023-07-06 15:50:34,0,3,43979,67769
2023-07-06 15:50:38,0,4,43979,67769
2023-07-06 15:50:38,0,3,43979,67769
2023-07-06 15:53:00,0,2,43979,67769
2023-07-06 15:53:25,0,1,43979,67769
