datetime,bid,ask,open_interest,volume
2023-07-06 09:31:00,26,29,3570,3783
2023-07-06 09:31:02,27,29,3570,3783
2023-07-06 09:31:05,28,29,3570,3783
2023-07-06 09:31:06,27,29,3570,3783
2023-07-06 09:31:17,26,29,3570,3783
2023-07-06 09:31:18,27,29,3570,3783
2023-07-06 09:31:18,27,30,3620,3833
2023-07-06 09:31:26,27,30,3670,3883
2023-07-06 09:31:30,27,31,3670,3883
2023-07-06 09:31:30,28,31,3670,3883
2023-07-06 09:31:31,27,31,3670,3883
2023-07-06 09:31:39,26,30,3670,3883
2023-07-06 09:31:39,26,29,3670,3883
2023-07-06 09:31:40,27,29,3670,3883
2023-07-06 09:31:45,27,31,3870,4083
2023-07-06 09:31:45,27,30,3870,4083
2023-07-06 09:31:46,27,31,3870,4083
2023-07-06 09:31:46,28,31,3870,4083
2023-07-06 09:31:47,27,31,3870,4083
2023-07-06 09:31:48,28,30,3870,4083
2023-07-06 09:31:52,28,31,3870,4083
2023-07-06 09:32:39,29,31,3870,4083
2023-07-06 09:32:46,30,31,3870,4083
2023-07-06 09:32:49,31,33,3870,4108
2023-07-06 09:32:49,31,33,3870,4133
2023-07-06 09:33:21,32,33,3870,4133
2023-07-06 09:33:27,32,34,3895,4158
2023-07-06 09:33:38,33,34,3895,4158
2023-07-06 09:33:47,33,35,3920,4183
2023-07-06 09:34:04,33,36,4320,4583
2023-07-06 09:34:05,34,36,4320,4583
2023-07-06 09:34:05,34,36,4720,4983
2023-07-06 09:34:06,35,36,4720,4983
2023-07-06 09:34:06,35,37,4720,5033
2023-07-06 09:34:08,34,37,4470,5283
2023-07-06 09:34:16,34,37,4220,5533
2023-07-06 09:34:17,34,36,4220,5533
2023-07-06 09:34:19,34,37,4220,5533
2023-07-06 09:34:24,34,37,3820,5933
2023-07-06 09:34:25,34,36,3820,5933
2023-07-06 09:34:25,33,36,3770,6133
2023-07-06 09:34:31,33,35,3770,6133
2023-07-06 09:34:42,32,35,3770,6133
2023-07-06 09:34:42,32,35,4020,6533
2023-07-06 09:34:54,32,36,4220,6733
2023-07-06 09:34:55,33,36,4220,6733
2023-07-06 09:34:57,32,36,4220,6733
2023-07-06 09:34:58,33,36,4220,6733
2023-07-06 09:34:59,32,36,4220,6733
2023-07-06 09:35:01,33,36,4220,6733
2023-07-06 09:35:02,32,36,4220,6733
2023-07-06 09:35:06,32,35,4220,6733
2023-07-06 09:35:06,32,36,4420,6933
2023-07-06 09:35:07,33,36,4420,6933
2023-07-06 09:35:09,32,36,4420,6933
2023-07-06 09:35:10,33,36,4420,6933
2023-07-06 09:35:15,32,36,4420,6933
2023-07-06 09:35:16,33,36,4420,6933
2023-07-06 09:35:21,32,36,4420,6933
2023-07-06 09:35:22,33,36,4420,6933
2023-07-06 09:35:27,32,36,4420,6933
2023-07-06 09:35:28,33,36,4420,6933
2023-07-06 09:35:52,34,36,4420,6933
2023-07-06 09:35:53,33,36,4220,7133
2023-07-06 09:36:10,33,35,4220,7133
2023-07-06 09:36:27,32,35,4220,7133
2023-07-06 09:36:34,33,35,4220,7133
2023-07-06 09:37:03,32,35,4220,7133
2023-07-06 09:37:04,33,35,4220,7133
2023-07-06 09:37:59,32,35,4220,7133
2023-07-06 09:38:01,33,35,4220,7133
2023-07-06 09:38:09,32,35,4220,7133
2023-07-06 09:38:11,33,35,4220,7133
2023-07-06 09:38:13,32,35,4220,7133
2023-07-06 09:38:15,33,35,4220,7133
2023-07-06 09:38:24,32,35,4220,7133
2023-07-06 09:38:26,33,35,4220,7133
2023-07-06 09:38:36,32,35,4220,7133
2023-07-06 09:38:51,33,35,4220,7133
2023-07-06 09:38:52,32,35,4220,7133
2023-07-06 09:39:00,32,35,4220,7383
2023-07-06 09:39:15,32,34,4220,7383
2023-07-06 09:39:43,31,34,4220,7383
2023-07-06 09:39:45,31,33,4220,7383
2023-07-06 09:40:00,31,34,4220,7383
2023-07-06 09:40:05,32,34,4220,7383
2023-07-06 09:40:31,31,34,4220,7383
2023-07-06 09:40:32,32,34,4220,7383
2023-07-06 09:40:33,31,34,4220,7383
2023-07-06 09:41:04,32,34,4220,7383
2023-07-06 09:41:42,31,34,4020,7583
2023-07-06 09:41:46,32,34,4020,7583
2023-07-06 09:41:46,31,34,3820,7783
2023-07-06 09:41:49,32,34,3820,7783
2023-07-06 09:42:02,33,34,3820,7783
2023-07-06 09:42:07,32,34,3820,7783
2023-07-06 09:42:09,33,34,3820,7783
2023-07-06 09:42:19,32,34,3820,7783
2023-07-06 09:42:20,33,34,3820,7783
2023-07-06 09:42:58,32,34,3820,7783
2023-07-06 09:42:59,33,34,3820,7783
2023-07-06 09:43:37,32,34,3820,7783
2023-07-06 09:43:38,33,34,3820,7783
2023-07-06 09:44:14,32,34,3490,8113
2023-07-06 09:44:49,33,34,3490,8113
2023-07-06 09:44:51,32,34,3490,8113
2023-07-06 09:44:55,33,34,3490,8113
2023-07-06 09:45:11,34,35,3490,8143
2023-07-06 09:45:22,33,35,3490,8143
2023-07-06 09:45:23,33,35,3420,8213
2023-07-06 09:45:35,32,35,3420,8213
2023-07-06 09:45:49,32,34,3420,8213
2023-07-06 09:46:04,32,33,3420,8213
2023-07-06 09:46:06,32,33,3320,8313
2023-07-06 09:46:22,32,34,3400,8393
2023-07-06 09:46:37,32,33,3400,8393
2023-07-06 09:46:40,32,34,3400,8393
2023-07-06 09:48:11,32,33,3400,8393
2023-07-06 09:48:15,32,34,3400,8393
2023-07-06 09:48:23,32,33,3400,8393
2023-07-06 09:48:25,32,34,3400,8393
2023-07-06 09:48:27,32,33,3400,8393
2023-07-06 09:48:29,31,33,3270,8523
2023-07-06 09:48:32,31,34,3270,8523
2023-07-06 09:48:41,32,34,3270,8523
2023-07-06 09:48:57,33,34,3270,8523
2023-07-06 09:49:01,32,34,3270,8523
2023-07-06 09:50:38,33,34,3270,8523
2023-07-06 09:50:39,32,34,3250,8723
2023-07-06 09:50:44,33,34,3250,8723
2023-07-06 09:50:46,32,34,3250,8723
2023-07-06 09:51:05,33,34,3250,8723
2023-07-06 09:51:44,33,35,3280,8753
2023-07-06 09:51:45,32,35,3280,8753
2023-07-06 09:51:50,33,35,3280,8753
2023-07-06 09:52:10,32,35,3280,8753
2023-07-06 09:52:30,33,35,3280,8753
2023-07-06 09:54:20,34,35,3280,8753
2023-07-06 09:54:24,35,36,3310,8783
2023-07-06 09:54:25,34,36,3310,8783
2023-07-06 09:54:29,35,36,3310,8783
2023-07-06 09:54:53,35,36,3313,8786
2023-07-06 09:55:08,36,37,3340,8813
2023-07-06 09:55:37,36,38,3340,8813
2023-07-06 09:56:36,35,38,3340,8813
2023-07-06 09:56:51,35,37,3340,8813
2023-07-06 09:56:53,35,38,3340,8813
2023-07-06 09:57:09,35,37,3340,8813
2023-07-06 09:57:18,35,38,3340,8813
2023-07-06 09:57:21,35,37,3340,8813
2023-07-06 09:57:22,35,38,3340,8813
2023-07-06 09:57:24,35,37,3340,8813
2023-07-06 09:57:25,35,38,3340,8813
2023-07-06 09:57:31,35,37,3340,8813
2023-07-06 09:57:37,35,38,3340,8813
2023-07-06 09:57:54,35,37,3340,8813
2023-07-06 09:57:59,34,37,3340,8813
2023-07-06 09:58:12,35,37,3340,8813
2023-07-06 09:58:18,34,37,3340,8813
2023-07-06 09:58:24,35,37,3340,8813
2023-07-06 09:58:29,34,37,3340,8813
2023-07-06 09:58:37,35,37,3340,8813
2023-07-06 09:58:39,34,37,3340,8813
2023-07-06 09:58:41,35,37,3340,8813
2023-07-06 09:58:42,34,37,3340,8813
2023-07-06 09:58:44,35,37,3340,8813
2023-07-06 09:59:16,36,37,3340,8813
2023-07-06 09:59:23,35,37,3340,8813
2023-07-06 10:00:00,34,37,3340,8813
2023-07-06 10:00:01,35,37,3340,8813
2023-07-06 10:00:02,36,37,3340,8813
2023-07-06 10:00:03,35,37,3340,9013
2023-07-06 10:00:32,35,36,3340,9013
2023-07-06 10:01:29,35,37,3355,9028
2023-07-06 10:01:33,36,37,3355,9028
2023-07-06 10:01:38,37,38,3385,9058
2023-07-06 10:04:01,38,39,3415,9088
2023-07-06 10:05:05,39,40,3445,9118
2023-07-06 10:05:06,39,40,3475,9148
2023-07-06 10:05:17,38,40,3475,9148
2023-07-06 10:05:29,39,40,3475,9148
2023-07-06 10:05:46,38,40,3475,9148
2023-07-06 10:06:31,39,40,3475,9148
2023-07-06 10:08:43,39,40,3499,9172
2023-07-06 10:08:45,40,41,3499,9178
2023-07-06 10:10:08,40,41,3449,9228
2023-07-06 10:10:37,41,42,3449,9258
2023-07-06 10:10:50,40,42,3449,9258
2023-07-06 10:10:50,41,42,3449,9258
2023-07-06 10:11:18,40,42,3449,9258
2023-07-06 10:11:18,41,42,3449,9258
2023-07-06 10:11:35,41,42,3449,9288
2023-07-06 10:11:42,41,42,3498,9338
2023-07-06 10:11:42,40,42,3498,9408
2023-07-06 10:11:53,40,41,3498,9408
2023-07-06 10:11:57,40,42,3498,9408
2023-07-06 10:12:39,41,42,3498,9408
2023-07-06 10:13:10,40,42,3498,9608
2023-07-06 10:13:27,41,42,3498,9608
2023-07-06 10:13:27,40,42,3498,9758
2023-07-06 10:13:28,41,42,3498,9758
2023-07-06 10:13:29,40,42,3588,9908
2023-07-06 10:13:36,41,42,3588,9908
2023-07-06 10:13:36,40,42,3638,9958
2023-07-06 10:13:41,40,42,3908,10358
2023-07-06 10:13:41,40,42,4308,10758
2023-07-06 10:14:10,40,42,4308,10763
2023-07-06 10:14:39,39,42,4538,11123
2023-07-06 10:15:00,39,41,4538,11123
2023-07-06 10:15:08,39,40,4538,11123
2023-07-06 10:15:41,39,41,4538,11123
2023-07-06 10:18:23,39,40,4538,11123
2023-07-06 10:18:48,39,41,4538,11123
2023-07-06 10:18:48,39,40,4538,11123
2023-07-06 10:19:01,39,41,4538,11123
2023-07-06 10:19:01,39,40,4538,11123
2023-07-06 10:19:06,39,41,4538,11123
2023-07-06 10:19:06,39,40,4538,11123
2023-07-06 10:19:15,39,41,4538,11123
2023-07-06 10:19:16,40,41,4538,11123
2023-07-06 10:19:23,39,41,4538,11123
2023-07-06 10:19:23,40,41,4538,11123
2023-07-06 10:19:33,39,41,4538,11123
2023-07-06 10:19:33,40,41,4538,11123
2023-07-06 10:19:42,41,42,4568,11153
2023-07-06 10:19:42,41,42,4628,11213
2023-07-06 10:19:42,40,41,4638,11223
2023-07-06 10:19:54,41,42,4688,11273
2023-07-06 10:19:56,40,42,4688,11273
2023-07-06 10:19:56,41,42,4688,11273
2023-07-06 10:20:07,40,42,4688,11273
2023-07-06 10:20:08,40,41,4688,11273
2023-07-06 10:20:38,40,42,4688,11273
2023-07-06 10:20:38,40,41,4688,11273
2023-07-06 10:20:46,40,42,4688,11273
2023-07-06 10:20:47,40,41,4688,11273
2023-07-06 10:21:05,40,42,4688,11273
2023-07-06 10:21:06,40,41,4688,11273
2023-07-06 10:21:39,40,42,4688,11273
2023-07-06 10:21:39,41,42,4688,11273
2023-07-06 10:21:57,41,42,4588,11373
2023-07-06 10:22:13,40,42,4738,11553
2023-07-06 10:22:15,41,42,4738,11553
2023-07-06 10:22:15,41,42,4758,11573
2023-07-06 10:22:32,40,42,4758,11573
2023-07-06 10:22:32,41,42,4758,11573
2023-07-06 10:22:33,40,42,4958,11773
2023-07-06 10:22:34,41,42,4958,11773
2023-07-06 10:22:34,40,42,5108,11923
2023-07-06 10:22:40,41,42,5108,11923
2023-07-06 10:27:22,42,43,5138,11953
2023-07-06 10:27:34,41,43,5138,11953
2023-07-06 10:27:34,42,43,5138,11953
2023-07-06 10:27:34,41,43,5188,12003
2023-07-06 10:30:32,41,43,5188,12053
2023-07-06 10:30:32,41,43,5188,12063
2023-07-06 10:30:34,41,42,5188,12063
2023-07-06 10:30:38,41,43,5188,12063
2023-07-06 10:30:41,41,42,5188,12063
2023-07-06 10:30:48,41,43,5188,12063
2023-07-06 10:31:07,42,43,5188,12063
2023-07-06 10:31:36,41,43,5188,12113
2023-07-06 10:31:41,42,43,5188,12113
2023-07-06 10:31:51,41,43,5188,12113
2023-07-06 10:32:05,42,43,5188,12113
2023-07-06 10:32:49,42,43,5188,12149
2023-07-06 10:33:04,42,43,5254,12229
2023-07-06 10:34:03,42,43,5254,12329
2023-07-06 10:34:12,41,43,5254,12379
2023-07-06 10:34:42,41,43,5254,12479
2023-07-06 10:34:43,42,43,5254,12479
2023-07-06 10:34:44,42,43,5254,12579
2023-07-06 10:34:57,42,43,5254,12629
2023-07-06 10:35:11,42,43,5354,12729
2023-07-06 10:35:24,42,43,5374,12749
2023-07-06 10:36:24,42,43,5374,12799
2023-07-06 10:36:34,43,44,5404,12829
2023-07-06 10:36:50,42,44,5404,12829
2023-07-06 10:36:50,43,44,5404,12829
2023-07-06 10:36:51,43,44,5414,12839
2023-07-06 10:37:14,43,44,5444,12919
2023-07-06 10:37:16,43,44,5484,12959
2023-07-06 10:37:21,42,44,5484,12959
2023-07-06 10:37:21,43,44,5484,12959
2023-07-06 10:37:21,43,44,5584,13059
2023-07-06 10:38:11,42,44,5634,13159
2023-07-06 10:38:13,43,44,5634,13159
2023-07-06 10:38:13,43,44,5644,13169
2023-07-06 10:38:26,43,44,5644,13219
2023-07-06 10:38:41,42,44,5644,13219
2023-07-06 10:38:41,43,44,5644,13219
2023-07-06 10:38:41,43,44,5674,13249
2023-07-06 10:38:51,42,44,5674,13249
2023-07-06 10:38:51,43,44,5674,13249
2023-07-06 10:38:51,42,44,5774,13349
2023-07-06 10:39:08,43,44,5774,13349
2023-07-06 10:39:34,43,44,5794,13369
2023-07-06 10:39:48,43,44,5802,13377
2023-07-06 10:41:04,43,44,5922,13507
2023-07-06 10:41:04,43,44,6012,13637
2023-07-06 10:42:54,44,45,6032,13657
2023-07-06 10:44:01,44,45,6032,13658
2023-07-06 10:45:08,44,45,6035,13808
2023-07-06 10:45:38,44,45,6035,13958
2023-07-06 10:45:55,44,45,6035,14058
2023-07-06 10:45:57,44,45,6035,14158
2023-07-06 10:46:40,45,46,6055,14178
2023-07-06 10:46:51,44,46,6085,14208
2023-07-06 10:46:53,45,46,6085,14208
2023-07-06 10:48:09,44,46,6085,14208
2023-07-06 10:48:17,45,46,6085,14208
2023-07-06 10:48:21,44,46,6085,14208
2023-07-06 10:48:24,45,46,6085,14208
2023-07-06 10:49:31,45,46,6085,14258
2023-07-06 10:49:33,45,46,6085,14358
2023-07-06 10:49:47,45,46,6085,14408
2023-07-06 10:50:06,45,46,6085,14429
2023-07-06 10:50:07,45,46,6085,14479
2023-07-06 10:50:17,45,46,6085,14529
2023-07-06 10:50:39,46,47,6105,14549
2023-07-06 10:50:58,46,47,6135,14579
2023-07-06 10:53:06,46,47,6135,14629
2023-07-06 10:53:23,46,47,6135,14679
2023-07-06 10:53:27,46,47,6135,14729
2023-07-06 10:53:44,45,47,6135,14729
2023-07-06 10:53:44,46,47,6135,14729
2023-07-06 10:54:03,45,47,6135,14729
2023-07-06 10:54:04,46,47,6135,14729
2023-07-06 10:54:11,45,47,6135,14729
2023-07-06 10:54:11,46,47,6135,14729
2023-07-06 10:54:37,45,47,6135,14729
2023-07-06 10:54:37,45,47,6135,14829
2023-07-06 10:54:38,46,47,6135,14829
2023-07-06 10:55:02,46,47,6135,14929
2023-07-06 10:55:11,46,47,6135,14979
2023-07-06 10:55:26,46,47,6135,15079
2023-07-06 10:56:36,46,47,6135,15129
2023-07-06 10:57:04,47,48,6155,15149
2023-07-06 10:57:39,47,48,6155,15169
2023-07-06 10:58:04,46,48,6155,15169
2023-07-06 10:58:06,47,48,6155,15169
2023-07-06 10:59:27,47,48,6155,15269
2023-07-06 11:00:20,47,48,6175,15289
2023-07-06 11:00:29,47,49,6175,15289
2023-07-06 11:00:30,48,49,6175,15289
2023-07-06 11:00:59,47,49,6175,15339
2023-07-06 11:01:06,47,48,6175,15339
2023-07-06 11:02:26,47,49,6125,15392
2023-07-06 11:02:55,48,49,6125,15392
2023-07-06 11:07:03,48,49,6325,15592
2023-07-06 11:07:11,48,49,6425,15692
2023-07-06 11:07:36,49,50,6445,15712
2023-07-06 11:07:41,48,50,6445,15712
2023-07-06 11:07:41,49,50,6445,15712
2023-07-06 11:08:51,49,50,6445,15762
2023-07-06 11:08:58,49,50,6445,15812
2023-07-06 11:11:06,49,50,6445,15892
2023-07-06 11:11:13,49,50,6445,15932
2023-07-06 11:11:25,49,50,6445,15972
2023-07-06 11:11:28,50,51,6465,16003
2023-07-06 11:11:34,49,51,6465,16003
2023-07-06 11:11:35,49,50,6465,16003
2023-07-06 11:11:41,49,51,6465,16003
2023-07-06 11:11:41,49,50,6465,16003
2023-07-06 11:13:20,49,50,6465,16083
2023-07-06 11:14:05,49,50,6465,16123
2023-07-06 11:14:09,49,50,6865,16523
2023-07-06 11:14:11,49,50,6865,16563
2023-07-06 11:22:20,49,50,6885,16583
2023-07-06 11:26:09,49,50,6888,16587
2023-07-06 11:26:13,49,51,6888,16587
2023-07-06 11:26:13,49,50,6888,16587
2023-07-06 11:26:23,49,51,6888,16587
2023-07-06 11:26:23,49,50,6888,16587
2023-07-06 11:26:28,49,51,6888,16587
2023-07-06 11:26:28,50,51,6888,16587
2023-07-06 11:26:39,49,51,6888,16587
2023-07-06 11:26:53,50,51,6888,16587
2023-07-06 11:27:05,49,51,6888,16587
2023-07-06 11:27:05,50,51,6888,16587
2023-07-06 11:27:31,50,51,6888,16627
2023-07-06 11:30:05,50,51,6888,16667
2023-07-06 11:30:10,50,51,6888,16707
2023-07-06 11:30:23,50,51,6888,16747
2023-07-06 11:30:31,50,51,6888,16787
2023-07-06 11:31:33,49,51,6888,16787
2023-07-06 11:31:34,49,50,6888,16787
2023-07-06 11:31:34,49,50,6898,16797
2023-07-06 11:31:40,49,51,6898,16797
2023-07-06 11:31:40,49,50,6898,16797
2023-07-06 11:31:57,49,51,6898,16797
2023-07-06 11:31:57,49,50,6898,16797
2023-07-06 11:32:06,49,51,6898,16797
2023-07-06 11:32:06,50,51,6898,16797
2023-07-06 11:32:12,49,51,6898,16797
2023-07-06 11:32:12,50,51,6898,16797
2023-07-06 11:32:15,49,51,6898,16797
2023-07-06 11:32:15,50,51,6898,16797
2023-07-06 11:32:33,50,51,6928,16827
2023-07-06 11:32:39,49,51,6928,16827
2023-07-06 11:32:39,50,51,6928,16827
2023-07-06 11:32:47,49,51,6928,16827
2023-07-06 11:32:47,50,51,6928,16827
2023-07-06 11:33:28,50,51,7008,16907
2023-07-06 11:33:34,50,51,7048,16947
2023-07-06 11:33:46,50,51,7088,16987
2023-07-06 11:34:10,49,51,7088,16987
2023-07-06 11:34:10,50,51,7088,16987
2023-07-06 11:35:13,49,51,7088,16987
2023-07-06 11:35:13,50,51,7088,16987
2023-07-06 11:35:39,49,51,7088,16987
2023-07-06 11:35:39,50,51,7088,16987
2023-07-06 11:35:53,49,51,7088,16987
2023-07-06 11:35:53,49,50,7088,16987
2023-07-06 11:36:16,49,51,7088,16987
2023-07-06 11:36:16,50,51,7088,16987
2023-07-06 11:36:59,49,51,7088,16987
2023-07-06 11:36:59,49,50,7088,16987
2023-07-06 11:37:07,49,51,7088,16987
2023-07-06 11:37:07,50,51,7088,16987
2023-07-06 11:37:15,49,51,7088,16987
2023-07-06 11:37:15,50,51,7088,16987
2023-07-06 11:37:31,50,51,7168,17067
2023-07-06 11:37:36,50,51,7288,17187
2023-07-06 11:37:47,51,52,7291,17190
2023-07-06 11:38:13,50,52,7291,17190
2023-07-06 11:38:13,51,52,7291,17190
2023-07-06 11:38:23,50,52,7291,17190
2023-07-06 11:38:23,50,51,7291,17190
2023-07-06 11:38:36,51,52,7294,17193
2023-07-06 11:38:43,50,52,7294,17193
2023-07-06 11:38:43,51,52,7294,17193
2023-07-06 11:39:22,50,52,7294,17193
2023-07-06 11:39:22,51,52,7294,17193
2023-07-06 11:39:38,50,52,7294,17193
2023-07-06 11:39:38,51,52,7294,17193
2023-07-06 11:40:39,50,52,7294,17193
2023-07-06 11:40:54,50,51,7294,17193
2023-07-06 11:41:07,51,52,7297,17196
2023-07-06 11:41:12,50,52,7297,17196
2023-07-06 11:41:12,51,52,7297,17196
2023-07-06 11:41:28,50,52,7297,17196
2023-07-06 11:41:28,51,52,7297,17196
2023-07-06 11:41:55,50,52,7297,17196
2023-07-06 11:41:55,51,52,7297,17196
2023-07-06 11:42:04,50,52,7297,17196
2023-07-06 11:42:04,51,52,7297,17196
2023-07-06 11:42:13,50,52,7297,17196
2023-07-06 11:42:13,51,52,7297,17196
2023-07-06 11:42:22,50,52,7297,17196
2023-07-06 11:42:22,51,52,7297,17196
2023-07-06 11:42:40,50,52,7297,17196
2023-07-06 11:42:41,51,52,7297,17196
2023-07-06 11:42:50,50,52,7297,17196
2023-07-06 11:42:51,51,52,7297,17196
2023-07-06 11:43:13,50,52,7297,17196
2023-07-06 11:43:13,51,52,7297,17196
2023-07-06 11:43:27,50,52,7297,17196
2023-07-06 11:43:27,50,52,7337,17236
2023-07-06 11:44:27,51,52,7337,17236
2023-07-06 11:45:06,50,52,7337,17436
2023-07-06 11:45:24,50,51,7337,17436
2023-07-06 11:45:41,51,52,7337,17516
2023-07-06 11:45:41,51,52,7377,17556
2023-07-06 11:45:41,51,52,7417,17596
2023-07-06 11:45:42,50,52,7417,17596
2023-07-06 11:45:46,51,52,7417,17596
2023-07-06 11:45:53,51,52,7617,17796
2023-07-06 11:45:54,51,52,7817,17996
2023-07-06 11:45:55,51,52,8017,18196
2023-07-06 11:45:59,51,52,8057,18236
2023-07-06 11:46:04,51,52,8217,18396
2023-07-06 11:46:16,51,52,8377,18556
2023-07-06 11:46:20,50,52,8377,18556
2023-07-06 11:46:20,50,52,8457,18636
2023-07-06 11:46:21,50,51,8457,18636
2023-07-06 11:46:22,49,50,8437,18656
2023-07-06 11:46:22,49,50,8417,18856
2023-07-06 11:46:23,49,50,8387,19056
2023-07-06 11:46:27,47,50,8387,19056
2023-07-06 11:46:37,47,49,8387,19056
2023-07-06 11:46:43,48,49,8387,19056
2023-07-06 11:46:43,48,51,8387,19056
2023-07-06 11:46:43,48,50,8387,19056
2023-07-06 11:46:44,47,50,8387,19056
2023-07-06 11:46:52,47,49,8387,19056
2023-07-06 11:46:56,48,49,8387,19056
2023-07-06 11:46:56,48,51,8387,19056
2023-07-06 11:46:56,48,50,8387,19056
2023-07-06 11:47:05,48,49,8387,19056
2023-07-06 11:47:16,46,49,8387,19056
2023-07-06 11:47:16,46,48,8387,19056
2023-07-06 11:47:36,47,48,8387,19056
2023-07-06 11:47:38,47,50,8387,19056
2023-07-06 11:47:38,47,49,8387,19056
2023-07-06 11:47:51,48,49,8387,19056
2023-07-06 11:47:52,47,49,8387,19056
2023-07-06 11:48:03,47,50,8387,19056
2023-07-06 11:48:03,47,48,8387,19056
2023-07-06 11:48:06,47,50,8387,19236
2023-07-06 11:48:32,47,49,8387,19236
2023-07-06 11:49:09,47,50,8387,19236
2023-07-06 11:49:12,48,50,8387,19236
2023-07-06 11:49:17,47,50,8387,19236
2023-07-06 11:49:17,49,50,8387,19236
2023-07-06 11:49:33,49,51,8387,19236
2023-07-06 11:49:33,49,50,8387,19236
2023-07-06 11:49:43,48,49,8382,19241
2023-07-06 11:49:56,48,50,8382,19241
2023-07-06 11:49:56,48,49,8382,19241
2023-07-06 11:50:04,48,50,8382,19241
2023-07-06 11:50:04,49,50,8382,19241
2023-07-06 11:50:04,49,50,8402,19261
2023-07-06 11:50:04,48,50,8422,19281
2023-07-06 11:50:06,48,50,8422,19301
2023-07-06 11:50:19,49,50,8422,19301
2023-07-06 11:50:19,48,50,8542,19421
2023-07-06 11:50:20,48,49,8542,19421
2023-07-06 11:50:21,48,50,8582,19461
2023-07-06 11:50:33,49,50,8582,19461
2023-07-06 11:50:53,48,50,8582,19461
2023-07-06 11:50:53,50,51,8602,19481
2023-07-06 11:50:53,48,49,8622,19501
2023-07-06 11:50:53,48,51,8622,19501
2023-07-06 11:50:53,48,50,8622,19501
2023-07-06 11:50:55,48,51,8622,19581
2023-07-06 11:50:55,48,50,8622,19581
2023-07-06 11:50:55,48,51,8622,19581
2023-07-06 11:50:59,50,51,8622,19581
2023-07-06 11:51:07,49,51,8622,19581
2023-07-06 11:51:07,49,52,8622,19581
2023-07-06 11:51:07,50,52,8622,19581
2023-07-06 11:51:07,50,51,8622,19581
2023-07-06 11:51:11,50,52,8582,19621
2023-07-06 11:51:18,51,52,8582,19621
2023-07-06 11:52:06,50,52,8582,19621
2023-07-06 11:52:06,51,52,8582,19621
2023-07-06 11:52:21,51,52,8602,19641
2023-07-06 11:52:27,50,52,8602,19641
2023-07-06 11:52:29,51,52,8602,19641
2023-07-06 11:52:38,50,52,8602,19641
2023-07-06 11:52:39,50,51,8602,19641
2023-07-06 11:52:39,49,51,8602,19641
2023-07-06 11:52:41,49,50,8602,19641
2023-07-06 11:52:41,48,50,8602,19641
2023-07-06 11:52:42,49,50,8602,19641
2023-07-06 11:52:44,49,51,8602,19641
2023-07-06 11:52:44,49,50,8602,19641
2023-07-06 11:53:42,49,51,8602,19641
2023-07-06 11:53:42,49,50,8602,19641
2023-07-06 11:53:43,49,50,8602,19701
2023-07-06 11:53:44,49,51,8602,19701
2023-07-06 11:53:51,49,50,8602,19701
2023-07-06 11:54:00,49,50,8622,19741
2023-07-06 11:54:02,49,50,8732,19851
2023-07-06 11:54:04,48,50,8732,19851
2023-07-06 11:54:04,48,51,8732,19851
2023-07-06 11:54:04,50,51,8732,19851
2023-07-06 11:54:04,48,51,8792,19911
2023-07-06 11:54:09,49,51,8792,19911
2023-07-06 11:54:15,50,51,8792,19911
2023-07-06 11:54:56,50,52,8792,19911
2023-07-06 11:54:56,50,51,8792,19911
2023-07-06 11:55:42,50,52,8792,19911
2023-07-06 11:55:42,51,52,8792,19911
2023-07-06 11:55:48,50,52,8792,19911
2023-07-06 11:55:48,51,52,8792,19911
2023-07-06 11:56:40,50,51,8792,20091
2023-07-06 11:56:44,51,52,8792,20111
2023-07-06 11:56:45,51,52,8792,20131
2023-07-06 11:56:46,51,52,8792,20151
2023-07-06 11:56:46,50,52,8792,20151
2023-07-06 11:56:47,50,51,8792,20151
2023-07-06 11:56:52,49,51,8792,20151
2023-07-06 11:57:04,49,50,8792,20151
2023-07-06 11:57:18,49,51,8792,20151
2023-07-06 11:57:18,49,51,8772,20171
2023-07-06 11:57:23,48,51,8772,20171
2023-07-06 11:57:23,49,51,8772,20171
2023-07-06 11:57:23,49,50,8772,20171
2023-07-06 11:57:23,49,50,8831,20230
2023-07-06 11:57:25,48,50,8862,20261
2023-07-06 11:57:35,48,51,8862,20261
2023-07-06 11:57:35,50,51,8862,20261
2023-07-06 11:57:36,48,51,8892,20291
2023-07-06 11:57:38,49,51,8892,20291
2023-07-06 11:57:42,48,51,8892,20291
2023-07-06 11:57:42,48,50,8892,20291
2023-07-06 11:57:47,48,49,8892,20291
2023-07-06 11:57:53,48,51,8892,20291
2023-07-06 11:57:53,49,51,8892,20291
2023-07-06 11:57:53,49,50,8892,20291
2023-07-06 11:58:28,48,50,8892,20291
2023-07-06 11:58:28,50,51,8912,20311
2023-07-06 11:58:28,50,51,8942,20341
2023-07-06 11:58:40,49,51,8942,20341
2023-07-06 11:58:40,50,51,8942,20341
2023-07-06 11:59:01,50,51,8945,20344
2023-07-06 11:59:06,48,51,8945,20344
2023-07-06 11:59:06,50,51,8945,20344
2023-07-06 11:59:18,48,51,8945,20344
2023-07-06 11:59:18,50,51,8945,20344
2023-07-06 11:59:43,48,51,8945,20344
2023-07-06 11:59:43,50,51,8945,20344
2023-07-06 11:59:43,48,51,8975,20374
2023-07-06 12:00:09,49,51,8975,20374
2023-07-06 12:00:09,49,50,8975,20374
2023-07-06 12:00:31,49,51,8975,20374
2023-07-06 12:00:31,50,51,8975,20374
2023-07-06 12:00:31,49,51,9005,20404
2023-07-06 12:00:34,49,50,9005,20404
2023-07-06 12:00:49,49,50,9042,20444
2023-07-06 12:00:49,49,50,9082,20484
2023-07-06 12:00:53,48,49,9082,20497
2023-07-06 12:00:56,48,50,9082,20497
2023-07-06 12:01:02,48,49,9082,20497
2023-07-06 12:01:07,48,49,9082,20557
2023-07-06 12:01:34,48,49,9082,20587
2023-07-06 12:01:34,48,49,9082,20617
2023-07-06 12:02:03,48,49,9057,20642
2023-07-06 12:02:04,48,49,9037,20667
2023-07-06 12:02:05,47,49,9037,20667
2023-07-06 12:02:05,48,49,9037,20667
2023-07-06 12:02:05,48,49,9067,20697
2023-07-06 12:02:14,47,49,9067,20697
2023-07-06 12:02:14,47,50,9067,20697
2023-07-06 12:02:14,48,50,9067,20697
2023-07-06 12:02:14,48,49,9067,20697
2023-07-06 12:02:14,48,49,9097,20727
2023-07-06 12:02:16,48,49,9157,20787
2023-07-06 12:02:29,47,49,9157,20787
2023-07-06 12:02:29,48,49,9157,20787
2023-07-06 12:02:34,47,49,9157,20787
2023-07-06 12:02:34,49,50,9177,20807
2023-07-06 12:02:34,47,50,9247,20877
2023-07-06 12:02:38,48,50,9247,20877
2023-07-06 12:02:38,48,49,9247,20877
2023-07-06 12:02:38,48,49,9277,20907
2023-07-06 12:02:40,48,49,9307,20937
2023-07-06 12:02:42,47,48,9307,21027
2023-07-06 12:02:42,46,48,9307,21027
2023-07-06 12:02:43,46,49,9307,21027
2023-07-06 12:02:43,48,49,9307,21027
2023-07-06 12:03:04,46,49,9307,21027
2023-07-06 12:03:04,46,50,9307,21027
2023-07-06 12:03:04,47,50,9307,21027
2023-07-06 12:03:04,47,48,9307,21027
2023-07-06 12:03:11,47,50,9307,21027
2023-07-06 12:03:11,48,50,9307,21027
2023-07-06 12:03:11,48,49,9307,21027
2023-07-06 12:03:17,47,48,9307,21117
2023-07-06 12:03:17,47,48,9307,21147
2023-07-06 12:03:26,47,48,9307,21177
2023-07-06 12:03:26,47,48,9307,21187
2023-07-06 12:03:28,47,48,9307,21217
2023-07-06 12:03:29,47,48,9307,21247
2023-07-06 12:03:43,47,50,9307,21247
2023-07-06 12:03:43,48,50,9307,21247
2023-07-06 12:03:43,48,49,9307,21247
2023-07-06 12:03:43,47,49,9337,21277
2023-07-06 12:03:43,47,48,9337,21277
2023-07-06 12:03:48,47,48,9357,21307
2023-07-06 12:04:04,46,48,9357,21307
2023-07-06 12:04:04,48,50,9387,21337
2023-07-06 12:04:04,48,49,9387,21337
2023-07-06 12:04:26,47,49,9387,21337
2023-07-06 12:04:26,48,49,9387,21337
2023-07-06 12:04:33,49,51,9407,21357
2023-07-06 12:04:33,49,50,9407,21357
2023-07-06 12:04:34,48,50,9507,21457
2023-07-06 12:04:36,47,50,9507,21457
2023-07-06 12:04:38,48,50,9507,21457
2023-07-06 12:04:39,47,50,9507,21457
2023-07-06 12:04:40,48,50,9507,21457
2023-07-06 12:04:46,48,51,9507,21457
2023-07-06 12:04:46,50,51,9507,21457
2023-07-06 12:04:46,50,51,9537,21487
2023-07-06 12:04:59,47,51,9567,21517
2023-07-06 12:05:00,49,51,9567,21517
2023-07-06 12:05:00,49,50,9567,21517
2023-07-06 12:05:00,47,50,9687,21637
2023-07-06 12:05:06,49,50,9687,21637
2023-07-06 12:05:06,47,50,9717,21667
2023-07-06 12:05:06,47,49,9717,21667
2023-07-06 12:05:15,46,49,9717,21667
2023-07-06 12:05:19,48,49,9717,21667
2023-07-06 12:05:19,48,50,9717,21667
2023-07-06 12:05:19,48,49,9717,21667
2023-07-06 12:05:19,48,49,9744,21694
2023-07-06 12:05:23,46,49,9744,21694
2023-07-06 12:05:23,48,49,9744,21694
2023-07-06 12:05:23,46,49,9774,21724
2023-07-06 12:05:29,47,49,9774,21724
2023-07-06 12:05:29,47,48,9774,21724
2023-07-06 12:05:29,47,48,9814,21764
2023-07-06 12:05:57,47,49,9814,21764
2023-07-06 12:05:57,47,48,9814,21764
2023-07-06 12:05:58,47,48,9809,21769
2023-07-06 12:06:54,47,49,9809,21769
2023-07-06 12:06:58,47,48,9809,21769
2023-07-06 12:07:10,47,49,9809,21769
2023-07-06 12:07:10,46,47,9759,21819
2023-07-06 12:07:16,46,49,9759,21819
2023-07-06 12:07:17,47,49,9759,21819
2023-07-06 12:07:17,47,48,9759,21819
2023-07-06 12:07:33,46,48,9759,21819
2023-07-06 12:07:33,46,49,9759,21819
2023-07-06 12:07:33,47,49,9759,21819
2023-07-06 12:07:33,47,48,9759,21819
2023-07-06 12:07:40,46,48,9759,21819
2023-07-06 12:07:40,46,49,9759,21819
2023-07-06 12:07:40,47,49,9759,21819
2023-07-06 12:07:40,47,48,9759,21819
2023-07-06 12:07:47,46,48,9819,21879
2023-07-06 12:07:55,47,48,9819,21879
2023-07-06 12:07:57,46,48,9849,21909
2023-07-06 12:08:06,46,47,9849,21909
2023-07-06 12:08:23,46,48,9849,21909
2023-07-06 12:08:23,46,47,9849,21909
2023-07-06 12:08:31,46,48,9849,21909
2023-07-06 12:08:31,47,48,9849,21909
2023-07-06 12:08:31,47,48,9869,21929
2023-07-06 12:09:03,46,47,9819,21979
2023-07-06 12:09:14,46,48,9819,21979
2023-07-06 12:09:14,47,48,9819,21979
2023-07-06 12:09:48,46,48,9939,22099
2023-07-06 12:09:49,46,48,9889,22299
2023-07-06 12:09:49,45,48,9889,22299
2023-07-06 12:09:50,45,47,9889,22299
2023-07-06 12:09:50,45,46,9889,22299
2023-07-06 12:09:52,44,46,9858,22364
2023-07-06 12:09:52,44,45,9858,22364
2023-07-06 12:09:52,43,45,9858,22364
2023-07-06 12:09:56,43,47,9858,22364
2023-07-06 12:09:56,43,46,9858,22364
2023-07-06 12:10:06,44,46,9858,22364
2023-07-06 12:10:18,43,46,9858,22364
2023-07-06 12:10:32,44,46,9858,22364
2023-07-06 12:10:38,45,46,9858,22364
2023-07-06 12:11:14,44,46,9858,22364
2023-07-06 12:11:14,46,47,9878,22403
2023-07-06 12:11:15,44,47,9899,22424
2023-07-06 12:11:16,44,46,9899,22424
2023-07-06 12:11:22,44,47,9899,22424
2023-07-06 12:11:27,44,46,9899,22424
2023-07-06 12:11:36,44,47,9899,22424
2023-07-06 12:11:38,45,47,9899,22424
2023-07-06 12:11:39,46,47,9899,22424
2023-07-06 12:11:42,47,48,9899,22514
2023-07-06 12:11:43,46,48,9899,22514
2023-07-06 12:11:43,47,48,9899,22514
2023-07-06 12:11:46,46,48,9899,22514
2023-07-06 12:11:46,46,48,9919,22544
2023-07-06 12:11:53,47,48,9919,22544
2023-07-06 12:12:04,46,48,9919,22544
2023-07-06 12:12:04,46,48,9919,22574
2023-07-06 12:12:09,46,49,9919,22574
2023-07-06 12:12:09,46,48,9919,22574
2023-07-06 12:12:11,45,47,9919,22574
2023-07-06 12:12:12,45,46,9919,22574
2023-07-06 12:12:19,46,47,9939,22594
2023-07-06 12:12:22,46,47,9939,22654
2023-07-06 12:12:25,46,48,9939,22764
2023-07-06 12:12:32,46,49,9939,22764
2023-07-06 12:12:33,47,49,9939,22764
2023-07-06 12:12:33,47,48,9939,22764
2023-07-06 12:12:38,47,49,9939,22794
2023-07-06 12:12:40,46,49,9939,22794
2023-07-06 12:12:41,48,49,9939,22794
2023-07-06 12:12:41,48,49,9959,22814
2023-07-06 12:13:18,48,49,9985,22840
2023-07-06 12:13:37,49,52,10005,22860
2023-07-06 12:13:37,49,50,10005,22860
2023-07-06 12:13:49,48,50,10005,22860
2023-07-06 12:13:49,48,51,10005,22860
2023-07-06 12:13:49,48,49,10005,22860
2023-07-06 12:14:40,48,49,10020,22935
2023-07-06 12:14:45,48,51,10025,22940
2023-07-06 12:14:45,49,51,10025,22940
2023-07-06 12:14:45,49,50,10025,22940
2023-07-06 12:15:04,48,50,10025,22940
2023-07-06 12:15:05,48,49,10025,22940
2023-07-06 12:15:39,46,49,10025,22940
2023-07-06 12:15:40,48,49,10025,22940
2023-07-06 12:15:45,46,49,10025,22940
2023-07-06 12:15:45,47,49,10025,22940
2023-07-06 12:15:45,47,48,10025,22940
2023-07-06 12:16:20,47,49,10025,22940
2023-07-06 12:16:20,47,49,9995,22970
2023-07-06 12:16:57,47,48,9995,22970
2023-07-06 12:16:57,46,48,9995,22980
2023-07-06 12:16:58,46,47,9995,22980
2023-07-06 12:17:07,46,48,9995,22980
2023-07-06 12:17:07,45,48,9965,23010
2023-07-06 12:17:07,45,47,9965,23010
2023-07-06 12:17:23,44,47,9965,23010
2023-07-06 12:17:23,45,47,9965,23010
2023-07-06 12:17:23,45,46,9965,23010
2023-07-06 12:17:42,44,46,9965,23010
2023-07-06 12:17:42,44,47,9965,23010
2023-07-06 12:17:42,45,47,9965,23010
2023-07-06 12:17:42,45,46,9965,23010
2023-07-06 12:18:14,44,46,9965,23010
2023-07-06 12:18:14,45,46,9965,23010
2023-07-06 12:18:45,44,46,9965,23010
2023-07-06 12:18:45,45,46,9965,23010
2023-07-06 12:19:00,44,46,9965,23010
2023-07-06 12:19:00,45,46,9965,23010
2023-07-06 12:19:12,44,46,9965,23010
2023-07-06 12:19:12,46,48,9985,23030
2023-07-06 12:19:12,46,47,9985,23030
2023-07-06 12:19:14,44,47,9985,23030
2023-07-06 12:19:14,45,47,9985,23030
2023-07-06 12:19:14,45,46,9985,23030
2023-07-06 12:19:52,45,46,9985,23080
2023-07-06 12:20:11,44,46,9985,23080
2023-07-06 12:20:12,43,46,9985,23080
2023-07-06 12:20:20,44,46,9985,23080
2023-07-06 12:20:23,45,46,9985,23080
2023-07-06 12:20:23,44,46,10045,23140
2023-07-06 12:20:29,43,46,10045,23140
2023-07-06 12:20:33,44,46,10045,23140
2023-07-06 12:20:33,44,45,10045,23140
2023-07-06 12:20:33,44,45,10085,23180
2023-07-06 12:20:33,44,45,10125,23220
2023-07-06 12:20:37,44,46,10125,23220
2023-07-06 12:20:37,45,46,10125,23220
2023-07-06 12:20:38,44,46,10185,23280
2023-07-06 12:20:38,44,45,10185,23280
2023-07-06 12:20:51,45,46,10205,23300
2023-07-06 12:21:00,46,48,10225,23320
2023-07-06 12:21:01,46,47,10225,23320
2023-07-06 12:21:18,44,47,10225,23320
2023-07-06 12:21:19,45,47,10225,23320
2023-07-06 12:21:19,45,46,10225,23320
2023-07-06 12:21:32,46,47,10228,23323
2023-07-06 12:21:41,47,48,10248,23343
2023-07-06 12:21:42,47,48,10268,23363
2023-07-06 12:21:52,45,48,10268,23363
2023-07-06 12:21:52,46,48,10268,23363
2023-07-06 12:21:52,46,47,10268,23363
2023-07-06 12:22:10,44,47,10268,23363
2023-07-06 12:22:10,45,47,10268,23363
2023-07-06 12:22:10,45,46,10268,23363
2023-07-06 12:22:22,44,46,10268,23363
2023-07-06 12:22:22,44,47,10268,23363
2023-07-06 12:22:22,45,47,10268,23363
2023-07-06 12:22:22,45,46,10268,23363
2023-07-06 12:22:36,45,47,10268,23363
2023-07-06 12:22:36,45,46,10268,23363
2023-07-06 12:22:41,45,47,10268,23363
2023-07-06 12:22:41,46,47,10268,23363
2023-07-06 12:22:55,45,47,10268,23363
2023-07-06 12:22:55,46,47,10268,23363
2023-07-06 12:23:05,47,49,10271,23366
2023-07-06 12:23:05,47,48,10271,23366
2023-07-06 12:23:06,47,48,10301,23396
2023-07-06 12:23:10,46,48,10301,23396
2023-07-06 12:23:10,46,50,10301,23396
2023-07-06 12:23:11,48,50,10301,23396
2023-07-06 12:23:11,48,49,10301,23396
2023-07-06 12:23:11,48,49,10306,23401
2023-07-06 12:23:11,48,49,10341,23436
2023-07-06 12:23:17,48,49,10341,23440
2023-07-06 12:23:18,46,49,10341,23440
2023-07-06 12:23:18,47,49,10341,23440
2023-07-06 12:23:18,47,48,10341,23440
2023-07-06 12:23:27,45,48,10341,23440
2023-07-06 12:23:27,47,48,10341,23440
2023-07-06 12:23:27,45,48,10401,23500
2023-07-06 12:23:51,46,48,10401,23500
2023-07-06 12:23:51,46,47,10401,23500
2023-07-06 12:24:38,45,47,10401,23500
2023-07-06 12:24:38,46,47,10401,23500
2023-07-06 12:25:20,45,47,10401,23500
2023-07-06 12:25:21,45,46,10401,23500
2023-07-06 12:25:45,44,45,10378,23523
2023-07-06 12:25:46,44,45,10405,23600
2023-07-06 12:25:49,43,45,10405,23675
2023-07-06 12:25:50,42,45,10405,23675
2023-07-06 12:25:50,44,45,10405,23675
2023-07-06 12:26:09,44,45,10405,23688
2023-07-06 12:26:09,44,45,10405,23701
2023-07-06 12:26:09,42,44,10388,23718
2023-07-06 12:26:10,41,44,10388,23718
2023-07-06 12:26:10,41,43,10388,23718
2023-07-06 12:26:13,42,43,10388,23718
2023-07-06 12:26:20,40,42,10388,23838
2023-07-06 12:26:21,41,42,10388,23838
2023-07-06 12:26:36,40,42,10388,23838
2023-07-06 12:26:36,41,42,10388,23838
2023-07-06 12:26:36,40,42,10418,23868
2023-07-06 12:26:36,40,41,10418,23868
2023-07-06 12:26:41,40,41,10538,23988
2023-07-06 12:26:49,39,41,10658,24108
2023-07-06 12:27:06,39,41,10688,24138
2023-07-06 12:27:10,40,41,10688,24138
2023-07-06 12:27:13,40,43,10688,24138
2023-07-06 12:27:13,42,43,10688,24138
2023-07-06 12:27:14,40,43,10748,24198
2023-07-06 12:27:14,41,43,10748,24198
2023-07-06 12:27:21,42,43,10748,24198
2023-07-06 12:27:29,42,44,10748,24198
2023-07-06 12:27:29,42,43,10748,24198
2023-07-06 12:28:15,40,43,10748,24198
2023-07-06 12:28:15,42,43,10748,24198
2023-07-06 12:28:16,42,43,10748,24223
2023-07-06 12:28:20,40,43,10753,24228
2023-07-06 12:28:21,41,43,10753,24228
2023-07-06 12:28:39,41,42,10753,24228
2023-07-06 12:28:41,39,42,10843,24318
2023-07-06 12:28:43,40,42,10843,24318
2023-07-06 12:28:43,40,41,10843,24318
2023-07-06 12:29:06,39,41,10843,24318
2023-07-06 12:29:06,40,41,10843,24318
2023-07-06 12:29:06,40,41,10845,24320
2023-07-06 12:29:52,39,40,10845,24340
2023-07-06 12:30:25,38,40,10845,24340
2023-07-06 12:30:25,38,41,10845,24340
2023-07-06 12:30:25,39,41,10845,24340
2023-07-06 12:30:25,39,40,10845,24340
2023-07-06 12:30:45,39,41,10845,24340
2023-07-06 12:30:45,38,39,10845,24360
2023-07-06 12:30:57,37,39,10845,24360
2023-07-06 12:30:57,37,40,10845,24360
2023-07-06 12:30:57,37,38,10845,24360
2023-07-06 12:30:57,37,40,10845,24360
2023-07-06 12:30:57,38,40,10845,24360
2023-07-06 12:30:57,38,39,10845,24360
2023-07-06 12:30:58,37,39,10875,24390
2023-07-06 12:31:03,38,39,10875,24390
2023-07-06 12:31:10,38,41,10875,24390
2023-07-06 12:31:10,39,41,10875,24390
2023-07-06 12:31:10,39,40,10875,24390
2023-07-06 12:31:21,38,40,10875,24390
2023-07-06 12:31:21,39,40,10875,24390
2023-07-06 12:31:38,37,40,10905,24420
2023-07-06 12:31:39,38,40,10905,24420
2023-07-06 12:31:39,38,39,10905,24420
2023-07-06 12:31:52,37,39,11095,24610
2023-07-06 12:32:04,37,40,11095,24610
2023-07-06 12:32:05,37,38,11095,24610
2023-07-06 12:32:08,37,40,11095,24610
2023-07-06 12:32:08,38,40,11095,24610
2023-07-06 12:32:08,38,39,11095,24610
2023-07-06 12:32:11,37,39,11125,24640
2023-07-06 12:32:28,37,40,11125,24640
2023-07-06 12:32:28,37,38,11125,24640
2023-07-06 12:32:45,37,39,11125,24640
2023-07-06 12:33:21,36,39,11145,24660
2023-07-06 12:33:27,37,39,11145,24660
2023-07-06 12:33:27,37,38,11145,24660
2023-07-06 12:33:33,36,38,11145,24660
2023-07-06 12:33:33,36,39,11145,24660
2023-07-06 12:33:33,36,37,11145,24660
2023-07-06 12:33:56,35,37,11315,24830
2023-07-06 12:34:02,35,38,11315,24830
2023-07-06 12:34:02,36,38,11315,24830
2023-07-06 12:34:02,36,37,11315,24830
2023-07-06 12:34:23,36,37,11314,24831
2023-07-06 12:34:28,35,37,11374,24891
2023-07-06 12:34:33,35,38,11374,24891
2023-07-06 12:34:33,36,38,11374,24891
2023-07-06 12:34:34,36,37,11374,24891
2023-07-06 12:34:34,35,37,11404,24921
2023-07-06 12:34:40,35,36,11404,24921
2023-07-06 12:34:40,34,36,11424,24941
2023-07-06 12:34:41,34,36,11674,25191
2023-07-06 12:34:42,34,37,11674,25191
2023-07-06 12:34:43,35,37,11674,25191
2023-07-06 12:34:44,34,37,11704,25221
2023-07-06 12:34:45,35,37,11704,25221
2023-07-06 12:34:45,34,37,11704,25471
2023-07-06 12:34:49,35,37,11704,25471
2023-07-06 12:34:49,35,36,11704,25471
2023-07-06 12:35:00,35,37,11704,25531
2023-07-06 12:35:02,36,37,11704,25531
2023-07-06 12:35:02,35,37,11794,25621
2023-07-06 12:35:11,36,37,11794,25621
2023-07-06 12:35:23,34,37,11794,25621
2023-07-06 12:35:23,36,37,11794,25621
2023-07-06 12:35:40,34,37,11794,25621
2023-07-06 12:35:40,35,37,11794,25621
2023-07-06 12:35:40,35,36,11794,25621
2023-07-06 12:35:47,34,36,11794,25621
2023-07-06 12:35:47,35,36,11794,25621
2023-07-06 12:35:48,34,36,11854,25681
2023-07-06 12:36:24,34,35,11854,25681
2023-07-06 12:36:49,34,35,11854,25711
2023-07-06 12:36:50,34,36,11854,25711
2023-07-06 12:36:50,34,35,11854,25711
2023-07-06 12:37:13,33,34,11854,25721
2023-07-06 12:37:35,33,35,11854,25771
2023-07-06 12:37:36,34,35,11854,25771
2023-07-06 12:37:45,34,36,11854,25871
2023-07-06 12:37:47,35,36,11854,25871
2023-07-06 12:37:51,34,36,11854,25871
2023-07-06 12:37:51,36,37,11854,25891
2023-07-06 12:38:03,35,37,11854,25891
2023-07-06 12:38:03,37,39,11854,25931
2023-07-06 12:38:03,37,38,11854,25931
2023-07-06 12:38:11,37,38,11884,25961
2023-07-06 12:38:11,37,40,11884,25961
2023-07-06 12:38:11,37,38,11884,25961
2023-07-06 12:38:17,37,39,11884,25991
2023-07-06 12:38:17,38,39,11884,25991
2023-07-06 12:38:17,38,41,11884,25991
2023-07-06 12:38:17,39,41,11884,25991
2023-07-06 12:38:17,39,40,11884,25991
2023-07-06 12:38:20,38,40,11884,25991
2023-07-06 12:38:20,38,41,11884,25991
2023-07-06 12:38:20,40,41,11884,25991
2023-07-06 12:38:29,40,41,11884,26021
2023-07-06 12:39:11,41,43,11904,26071
2023-07-06 12:39:11,41,42,11904,26071
2023-07-06 12:39:13,41,43,11904,26071
2023-07-06 12:39:15,41,42,11904,26071
2023-07-06 12:39:31,39,42,11904,26071
2023-07-06 12:39:31,41,42,11904,26071
2023-07-06 12:39:34,39,42,11904,26071
2023-07-06 12:39:34,40,42,11904,26071
2023-07-06 12:39:34,40,41,11904,26071
2023-07-06 12:39:38,38,41,11904,26071
2023-07-06 12:39:38,39,41,11904,26071
2023-07-06 12:39:38,39,40,11904,26071
2023-07-06 12:39:45,38,40,11904,26071
2023-07-06 12:39:45,38,41,11904,26071
2023-07-06 12:39:45,38,39,11904,26071
2023-07-06 12:39:51,38,40,11904,26131
2023-07-06 12:40:47,38,39,11904,26131
2023-07-06 12:41:15,38,40,11904,26131
2023-07-06 12:41:15,38,40,11884,26161
2023-07-06 12:41:15,38,39,11884,26161
2023-07-06 12:41:52,37,38,11884,26171
2023-07-06 12:41:59,37,39,11884,26171
2023-07-06 12:41:59,38,39,11884,26171
2023-07-06 12:42:03,37,39,11884,26261
2023-07-06 12:42:04,37,38,11884,26261
2023-07-06 12:42:14,36,37,11884,26281
2023-07-06 12:42:34,35,37,11884,26281
2023-07-06 12:42:34,35,38,11884,26281
2023-07-06 12:42:34,35,36,11884,26281
2023-07-06 12:42:54,35,38,11884,26281
2023-07-06 12:42:54,35,36,11884,26281
2023-07-06 12:43:05,35,38,11884,26281
2023-07-06 12:43:05,36,38,11884,26281
2023-07-06 12:43:05,36,37,11884,26281
2023-07-06 12:43:22,36,38,11884,26281
2023-07-06 12:43:22,36,37,11884,26281
2023-07-06 12:43:43,36,39,11884,26281
2023-07-06 12:43:43,37,39,11884,26281
2023-07-06 12:43:43,37,38,11884,26281
2023-07-06 12:43:49,36,38,11884,26281
2023-07-06 12:43:49,35,38,11934,26331
2023-07-06 12:43:49,36,38,11934,26331
2023-07-06 12:43:49,36,37,11934,26331
2023-07-06 12:44:00,36,38,11934,26331
2023-07-06 12:44:00,37,38,11934,26331
2023-07-06 12:44:27,37,39,11934,26556
2023-07-06 12:44:27,37,38,11934,26556
2023-07-06 12:44:29,37,39,12046,26668
2023-07-06 12:44:31,37,39,12046,26693
2023-07-06 12:44:35,39,40,12046,26708
2023-07-06 12:45:18,37,40,12046,26708
2023-07-06 12:45:20,39,40,12046,26708
2023-07-06 12:45:43,38,40,12046,26708
2023-07-06 12:45:43,39,40,12046,26708
2023-07-06 12:45:55,40,42,12066,26728
2023-07-06 12:45:56,40,41,12066,26728
2023-07-06 12:46:16,39,41,12066,26728
2023-07-06 12:46:16,39,42,12066,26728
2023-07-06 12:46:16,39,40,12066,26728
2023-07-06 12:46:21,39,42,12066,26728
2023-07-06 12:46:21,40,42,12066,26728
2023-07-06 12:46:21,40,41,12066,26728
2023-07-06 12:46:37,39,41,12066,26728
2023-07-06 12:46:37,39,42,12066,26728
2023-07-06 12:46:37,40,42,12066,26728
2023-07-06 12:46:37,40,41,12066,26728
2023-07-06 12:46:42,39,41,12066,26728
2023-07-06 12:46:42,39,41,12091,26753
2023-07-06 12:46:54,40,41,12091,26753
2023-07-06 12:47:03,37,41,12091,26753
2023-07-06 12:47:03,39,41,12091,26753
2023-07-06 12:47:03,39,40,12091,26753
2023-07-06 12:47:07,37,40,12091,26753
2023-07-06 12:47:07,36,40,12091,26753
2023-07-06 12:47:07,38,40,12091,26753
2023-07-06 12:47:07,38,39,12091,26753
2023-07-06 12:47:10,36,39,12091,26753
2023-07-06 12:47:10,37,39,12091,26753
2023-07-06 12:47:10,37,38,12091,26753
2023-07-06 12:48:30,38,39,12111,26773
2023-07-06 12:48:33,37,39,12116,26778
2023-07-06 12:48:33,38,39,12116,26778
2023-07-06 12:48:37,37,38,12076,26828
2023-07-06 12:48:57,36,37,12076,26868
2023-07-06 12:49:08,36,38,12076,26868
2023-07-06 12:49:08,37,38,12076,26868
2023-07-06 12:49:19,36,38,12126,26918
2023-07-06 12:49:20,36,37,12126,26918
2023-07-06 12:49:35,36,38,12126,26918
2023-07-06 12:49:35,36,37,12126,26918
2023-07-06 12:49:40,36,37,12126,26958
2023-07-06 12:49:41,35,37,12151,26983
2023-07-06 12:50:03,35,36,12151,26983
2023-07-06 12:50:05,33,36,12151,26983
2023-07-06 12:50:05,34,36,12151,26983
2023-07-06 12:50:05,34,35,12151,26983
2023-07-06 12:50:17,34,36,12151,26983
2023-07-06 12:50:17,34,36,12151,27003
2023-07-06 12:50:18,34,36,12156,27008
2023-07-06 12:50:18,34,36,12161,27013
2023-07-06 12:50:26,33,36,12161,27013
2023-07-06 12:50:26,34,36,12161,27013
2023-07-06 12:50:26,34,35,12161,27013
2023-07-06 12:50:43,34,37,12161,27013
2023-07-06 12:50:43,35,37,12161,27013
2023-07-06 12:50:43,35,36,12161,27013
2023-07-06 12:50:43,35,37,12161,27013
2023-07-06 12:50:43,35,36,12161,27013
2023-07-06 12:50:47,34,36,12186,27038
2023-07-06 12:50:51,34,37,12186,27038
2023-07-06 12:51:05,33,36,12186,27038
2023-07-06 12:51:13,34,36,12186,27038
2023-07-06 12:51:13,34,35,12186,27038
2023-07-06 12:51:13,34,35,12206,27058
2023-07-06 12:51:40,32,35,12206,27058
2023-07-06 12:51:40,33,35,12206,27058
2023-07-06 12:51:40,33,34,12206,27058
2023-07-06 12:51:41,33,34,12286,27138
2023-07-06 12:51:48,33,35,12286,27138
2023-07-06 12:51:48,34,35,12286,27138
2023-07-06 12:51:48,34,35,12306,27158
2023-07-06 12:51:56,33,35,12306,27158
2023-07-06 12:51:56,34,35,12306,27158
2023-07-06 12:51:56,33,35,12381,27233
2023-07-06 12:52:04,32,35,12381,27233
2023-07-06 12:52:12,32,34,12381,27233
2023-07-06 12:52:19,32,35,12381,27233
2023-07-06 12:52:21,33,35,12381,27233
2023-07-06 12:52:41,33,34,12381,27233
2023-07-06 12:52:47,33,35,12381,27283
2023-07-06 12:52:47,33,34,12381,27283
2023-07-06 12:53:03,33,35,12381,27283
2023-07-06 12:53:03,34,35,12381,27283
2023-07-06 12:53:27,33,35,12381,27283
2023-07-06 12:53:27,34,35,12381,27283
2023-07-06 12:54:04,33,35,12381,27283
2023-07-06 12:54:05,33,36,12381,27333
2023-07-06 12:54:15,34,36,12381,27333
2023-07-06 12:54:16,34,35,12381,27333
2023-07-06 12:54:22,33,35,12381,27333
2023-07-06 12:54:22,33,36,12381,27333
2023-07-06 12:54:22,35,36,12381,27333
2023-07-06 12:54:56,34,35,12381,27353
2023-07-06 12:55:17,33,35,12381,27353
2023-07-06 12:55:17,33,36,12381,27353
2023-07-06 12:55:17,34,36,12381,27353
2023-07-06 12:55:17,34,35,12381,27353
2023-07-06 12:56:02,32,33,12381,27418
2023-07-06 12:56:07,30,33,12381,27418
2023-07-06 12:56:07,30,32,12381,27418
2023-07-06 12:56:20,30,33,12381,27418
2023-07-06 12:56:28,31,33,12381,27418
2023-07-06 12:56:28,31,34,12381,27418
2023-07-06 12:56:36,32,34,12381,27418
2023-07-06 12:56:36,32,33,12381,27418
2023-07-06 12:56:36,31,33,12406,27443
2023-07-06 12:56:37,31,34,12406,27443
2023-07-06 12:56:44,31,33,12406,27443
2023-07-06 12:57:09,32,33,12406,27443
2023-07-06 12:57:17,31,33,12406,27443
2023-07-06 12:57:17,32,33,12406,27443
2023-07-06 12:57:23,31,33,12406,27443
2023-07-06 12:57:23,32,33,12406,27443
2023-07-06 12:57:40,31,32,12576,27613
2023-07-06 12:57:43,31,32,12626,27663
2023-07-06 12:58:10,29,30,12626,27704
2023-07-06 12:58:10,28,30,12626,27704
2023-07-06 12:58:30,28,31,12626,27704
2023-07-06 12:58:30,28,30,12626,27704
2023-07-06 12:58:33,28,29,12626,27704
2023-07-06 12:58:34,28,29,12876,27954
2023-07-06 12:58:35,28,29,13126,28204
2023-07-06 13:00:20,28,29,13376,28454
2023-07-06 13:00:21,28,31,13376,28454
2023-07-06 13:00:25,30,31,13376,28454
2023-07-06 13:00:33,28,31,13376,28454
2023-07-06 13:00:34,28,30,13376,28454
2023-07-06 13:01:01,28,31,13376,28454
2023-07-06 13:01:01,30,31,13376,28454
2023-07-06 13:01:09,28,31,13376,28454
2023-07-06 13:01:09,30,31,13376,28454
2023-07-06 13:01:25,28,31,13376,28454
2023-07-06 13:01:25,28,30,13376,28454
2023-07-06 13:01:25,28,29,13376,28454
2023-07-06 13:01:36,28,30,13376,28454
2023-07-06 13:01:36,28,29,13376,28454
2023-07-06 13:01:52,27,28,13376,28474
2023-07-06 13:02:05,25,28,13376,28474
2023-07-06 13:02:05,25,29,13376,28474
2023-07-06 13:02:05,27,29,13376,28474
2023-07-06 13:02:05,27,28,13376,28474
2023-07-06 13:02:05,25,28,13401,28499
2023-07-06 13:02:06,25,29,13401,28499
2023-07-06 13:02:06,25,29,13406,28504
2023-07-06 13:02:06,25,28,13406,28504
2023-07-06 13:02:06,25,29,13406,28504
2023-07-06 13:02:06,25,28,13406,28504
2023-07-06 13:02:06,25,27,13406,28504
2023-07-06 13:02:17,26,27,13406,28504
2023-07-06 13:02:33,26,28,13406,28504
2023-07-06 13:02:33,27,28,13406,28504
2023-07-06 13:02:33,27,28,13431,28529
2023-07-06 13:02:33,27,28,13456,28554
2023-07-06 13:02:54,27,28,13456,28559
2023-07-06 13:02:56,26,27,13456,28579
2023-07-06 13:03:10,26,27,13506,28629
2023-07-06 13:03:25,26,28,13506,28629
2023-07-06 13:03:25,26,27,13506,28629
2023-07-06 13:03:30,25,27,13651,28774
2023-07-06 13:03:37,25,29,13651,28774
2023-07-06 13:03:38,27,29,13651,28774
2023-07-06 13:03:38,27,28,13676,28799
2023-07-06 13:03:42,25,28,13701,28824
2023-07-06 13:03:48,26,28,13701,28824
2023-07-06 13:03:53,25,28,13701,28824
2023-07-06 13:04:07,26,28,13701,28824
2023-07-06 13:04:13,26,28,13701,28849
2023-07-06 13:04:16,28,29,13701,28864
2023-07-06 13:04:18,26,29,13701,28864
2023-07-06 13:04:18,28,29,13701,28864
2023-07-06 13:05:14,26,29,13701,28864
2023-07-06 13:05:19,27,29,13701,28864
2023-07-06 13:05:19,27,28,13701,28864
2023-07-06 13:05:19,27,28,13723,28886
2023-07-06 13:05:30,26,28,13723,28886
2023-07-06 13:05:30,26,27,13723,28886
2023-07-06 13:05:57,26,28,13723,28886
2023-07-06 13:05:57,26,28,13723,28906
2023-07-06 13:05:57,26,28,13728,28911
2023-07-06 13:05:57,26,27,13728,28911
2023-07-06 13:05:58,26,28,13728,28911
2023-07-06 13:06:01,26,27,13728,28911
2023-07-06 13:06:54,25,27,13728,28911
2023-07-06 13:06:58,26,27,13728,28911
2023-07-06 13:07:10,25,27,13728,28911
2023-07-06 13:07:10,25,26,13728,28911
2023-07-06 13:07:10,25,26,13753,28936
2023-07-06 13:07:37,23,26,13753,28936
2023-07-06 13:07:37,24,26,13753,28936
2023-07-06 13:07:37,24,25,13753,28936
2023-07-06 13:07:49,22,25,13753,28936
2023-07-06 13:07:49,22,26,13753,28936
2023-07-06 13:07:49,22,25,13753,28936
2023-07-06 13:07:49,24,25,13753,28936
2023-07-06 13:07:51,24,25,13753,28956
2023-07-06 13:07:58,23,25,13753,28956
2023-07-06 13:07:58,22,25,13753,28956
2023-07-06 13:07:58,23,25,13753,28956
2023-07-06 13:07:58,23,25,13783,28986
2023-07-06 13:08:03,22,25,13803,29006
2023-07-06 13:08:03,22,23,13803,29006
2023-07-06 13:08:16,21,23,13906,29109
2023-07-06 13:08:16,21,23,13933,29136
2023-07-06 13:08:16,21,22,13933,29136
2023-07-06 13:08:16,21,23,13933,29136
2023-07-06 13:08:17,21,22,13933,29136
2023-07-06 13:08:23,21,23,13933,29286
2023-07-06 13:08:23,21,22,13933,29286
2023-07-06 13:08:30,21,23,13933,29286
2023-07-06 13:08:30,22,23,13933,29286
2023-07-06 13:08:30,22,23,13953,29306
2023-07-06 13:08:30,22,23,13973,29326
2023-07-06 13:08:49,22,24,13993,29471
2023-07-06 13:08:49,23,24,13993,29471
2023-07-06 13:08:58,23,25,13993,29546
2023-07-06 13:09:00,24,25,13993,29546
2023-07-06 13:09:05,24,25,13993,29593
2023-07-06 13:09:10,23,25,13993,29593
2023-07-06 13:09:10,23,26,13993,29593
2023-07-06 13:09:44,24,26,13993,29593
2023-07-06 13:09:47,25,26,13993,29593
2023-07-06 13:10:08,24,26,13993,29593
2023-07-06 13:10:10,26,28,13993,29613
2023-07-06 13:10:10,26,27,13993,29613
2023-07-06 13:10:35,24,27,13993,29613
2023-07-06 13:10:36,25,27,13993,29613
2023-07-06 13:10:36,25,26,13993,29613
2023-07-06 13:10:42,25,26,13993,29633
2023-07-06 13:10:44,25,27,13993,29633
2023-07-06 13:10:50,25,26,13993,29633
2023-07-06 13:11:03,25,27,13993,29633
2023-07-06 13:11:06,23,27,13993,29633
2023-07-06 13:11:06,25,27,13993,29633
2023-07-06 13:11:06,25,27,14010,29650
2023-07-06 13:11:06,25,26,14010,29650
2023-07-06 13:11:06,25,26,14012,29652
2023-07-06 13:11:34,23,26,14012,29652
2023-07-06 13:11:34,25,26,14012,29652
2023-07-06 13:11:41,23,26,14012,29652
2023-07-06 13:11:41,24,26,14012,29652
2023-07-06 13:11:41,24,25,14012,29652
2023-07-06 13:11:55,23,25,14012,29652
2023-07-06 13:11:55,23,24,14012,29652
2023-07-06 13:11:55,23,24,14012,29672
2023-07-06 13:12:08,23,25,14012,29672
2023-07-06 13:12:09,23,25,14012,29692
2023-07-06 13:12:09,23,24,14012,29692
2023-07-06 13:12:13,22,24,14012,29692
2023-07-06 13:12:14,22,23,14012,29692
2023-07-06 13:12:25,21,23,14132,29812
2023-07-06 13:12:25,21,22,14132,29812
2023-07-06 13:12:38,21,23,14132,29812
2023-07-06 13:12:38,21,22,14132,29812
2023-07-06 13:12:40,21,22,14157,29837
2023-07-06 13:13:12,21,23,14157,29837
2023-07-06 13:13:12,21,23,14146,29937
2023-07-06 13:13:12,21,22,14146,29937
2023-07-06 13:13:23,21,23,14146,29937
2023-07-06 13:13:26,21,22,14146,29937
2023-07-06 13:13:26,20,22,14227,30018
2023-07-06 13:13:34,20,23,14227,30018
2023-07-06 13:13:34,22,23,14227,30018
2023-07-06 13:13:48,20,23,14227,30018
2023-07-06 13:13:48,21,23,14227,30018
2023-07-06 13:13:48,21,22,14227,30018
2023-07-06 13:13:48,21,22,14249,30040
2023-07-06 13:14:04,20,22,14249,30040
2023-07-06 13:14:04,20,21,14249,30040
2023-07-06 13:14:22,20,22,14249,30040
2023-07-06 13:14:22,21,22,14249,30040
2023-07-06 13:14:23,21,22,14274,30065
2023-07-06 13:14:41,20,22,14274,30065
2023-07-06 13:14:41,22,23,14274,30085
2023-07-06 13:14:45,20,23,14274,30085
2023-07-06 13:14:45,22,23,14274,30085
2023-07-06 13:14:54,20,23,14274,30085
2023-07-06 13:14:54,20,23,14280,30110
2023-07-06 13:14:54,21,23,14280,30110
2023-07-06 13:15:15,22,23,14280,30110
2023-07-06 13:15:23,21,23,14280,30110
2023-07-06 13:15:23,21,23,14305,30135
2023-07-06 13:15:37,21,23,14455,30285
2023-07-06 13:15:46,21,23,14505,30335
2023-07-06 13:16:06,22,23,14505,30335
2023-07-06 13:16:26,21,23,14505,30335
2023-07-06 13:16:30,21,22,14505,30335
2023-07-06 13:16:39,21,23,14505,30335
2023-07-06 13:16:39,21,22,14505,30335
2023-07-06 13:16:57,21,23,14505,30335
2023-07-06 13:16:57,22,23,14505,30335
2023-07-06 13:17:03,22,23,14580,30410
2023-07-06 13:17:04,22,23,14580,30411
2023-07-06 13:17:07,24,25,14580,30432
2023-07-06 13:17:08,22,25,14584,30436
2023-07-06 13:17:08,22,24,14584,30436
2023-07-06 13:17:12,21,24,14584,30436
2023-07-06 13:17:12,23,24,14584,30436
2023-07-06 13:17:55,21,24,14584,30436
2023-07-06 13:17:56,22,24,14584,30436
2023-07-06 13:17:56,22,23,14584,30436
2023-07-06 13:18:08,22,24,14584,30436
2023-07-06 13:18:08,23,24,14584,30436
2023-07-06 13:18:27,22,24,14584,30436
2023-07-06 13:18:27,23,24,14584,30436
2023-07-06 13:18:55,22,24,14584,30436
2023-07-06 13:18:55,23,24,14584,30436
2023-07-06 13:18:57,23,24,14684,30536
2023-07-06 13:19:09,22,24,14684,30536
2023-07-06 13:19:10,22,23,14684,30536
2023-07-06 13:19:15,22,24,14684,30536
2023-07-06 13:19:15,22,24,14684,30556
2023-07-06 13:19:21,22,23,14684,30556
2023-07-06 13:19:44,21,23,14684,30556
2023-07-06 13:19:44,21,22,14684,30556
2023-07-06 13:19:46,21,22,14764,30636
2023-07-06 13:20:05,21,23,14764,30636
2023-07-06 13:20:05,21,22,14764,30636
2023-07-06 13:20:11,20,22,14764,30636
2023-07-06 13:20:12,20,21,14764,30636
2023-07-06 13:20:17,20,22,14764,30636
2023-07-06 13:20:18,20,21,14764,30636
2023-07-06 13:20:24,20,22,14764,30636
2023-07-06 13:20:24,20,21,14764,30636
2023-07-06 13:20:53,20,22,14764,30636
2023-07-06 13:20:53,21,22,14764,30636
2023-07-06 13:21:02,21,22,14804,30676
2023-07-06 13:21:02,21,22,14841,30713
2023-07-06 13:21:02,20,22,14841,30713
2023-07-06 13:21:03,20,21,14841,30713
2023-07-06 13:21:03,20,21,15041,30913
2023-07-06 13:21:05,20,21,15041,30973
2023-07-06 13:21:06,20,21,15081,31013
2023-07-06 13:21:25,19,21,15081,31013
2023-07-06 13:21:25,19,22,15081,31013
2023-07-06 13:21:25,20,22,15081,31013
2023-07-06 13:21:25,20,21,15081,31013
2023-07-06 13:21:25,19,21,15141,31073
2023-07-06 13:21:38,19,22,15141,31073
2023-07-06 13:21:38,19,20,15141,31073
2023-07-06 13:21:56,19,20,15141,31076
2023-07-06 13:22:16,19,20,15141,31136
2023-07-06 13:23:25,18,20,15141,31196
2023-07-06 13:23:57,19,20,15141,31196
2023-07-06 13:24:33,18,20,15221,31276
2023-07-06 13:24:36,18,19,15221,31276
2023-07-06 13:24:59,18,19,15301,31356
2023-07-06 13:25:00,18,20,15301,31356
2023-07-06 13:25:16,19,20,15301,31356
2023-07-06 13:25:17,18,20,15461,31516
2023-07-06 13:25:23,18,20,15461,31536
2023-07-06 13:25:32,18,21,15461,31536
2023-07-06 13:25:32,20,21,15461,31536
2023-07-06 13:25:51,19,21,15541,31616
2023-07-06 13:25:52,20,21,15541,31616
2023-07-06 13:26:12,22,23,15541,31656
2023-07-06 13:26:33,20,23,15541,31656
2023-07-06 13:26:33,20,24,15541,31656
2023-07-06 13:26:33,21,24,15541,31656
2023-07-06 13:26:33,23,24,15541,31656
2023-07-06 13:26:46,21,24,15541,31656
2023-07-06 13:26:46,23,24,15541,31656
2023-07-06 13:26:51,22,24,15541,31656
2023-07-06 13:26:51,22,24,15561,31676
2023-07-06 13:27:06,22,24,15661,31776
2023-07-06 13:27:12,22,24,15681,31796
2023-07-06 13:27:25,21,24,15681,31796
2023-07-06 13:27:25,23,24,15681,31796
2023-07-06 13:27:40,22,24,15681,31796
2023-07-06 13:27:40,23,24,15681,31796
2023-07-06 13:27:43,23,24,15821,31936
2023-07-06 13:27:54,23,24,15941,32056
2023-07-06 13:28:00,23,24,16191,32306
2023-07-06 13:28:01,23,24,16211,32326
2023-07-06 13:28:01,23,24,16411,32526
2023-07-06 13:28:03,23,27,16545,32700
2023-07-06 13:28:03,24,27,16545,32700
2023-07-06 13:28:03,26,27,16545,32700
2023-07-06 13:28:23,25,27,16545,32700
2023-07-06 13:28:23,25,28,16545,32700
2023-07-06 13:28:23,27,28,16545,32700
2023-07-06 13:28:32,25,28,16545,32700
2023-07-06 13:28:32,27,28,16545,32700
2023-07-06 13:28:37,25,28,16545,32700
2023-07-06 13:28:37,26,28,16545,32700
2023-07-06 13:28:37,26,27,16545,32700
2023-07-06 13:28:49,26,28,16545,32700
2023-07-06 13:28:49,27,28,16545,32700
2023-07-06 13:29:13,26,28,16545,32700
2023-07-06 13:29:13,26,28,16545,32720
2023-07-06 13:29:17,27,28,16545,32720
2023-07-06 13:29:22,25,28,16545,32720
2023-07-06 13:29:22,26,28,16545,32720
2023-07-06 13:29:22,26,27,16545,32720
2023-07-06 13:29:34,25,27,16545,32840
2023-07-06 13:29:49,24,27,16545,32840
2023-07-06 13:29:51,24,28,16545,32840
2023-07-06 13:29:51,24,27,16545,32840
2023-07-06 13:29:51,25,27,16545,32840
2023-07-06 13:29:51,25,26,16545,32840
2023-07-06 13:30:31,25,26,16545,32880
2023-07-06 13:30:38,24,26,16545,32880
2023-07-06 13:30:44,25,26,16545,32880
2023-07-06 13:30:51,27,28,16545,32890
2023-07-06 13:31:38,28,31,16545,32940
2023-07-06 13:31:38,28,30,16545,32940
2023-07-06 13:31:48,29,30,16545,32940
2023-07-06 13:31:51,29,31,16545,32940
2023-07-06 13:31:51,29,32,16545,32940
2023-07-06 13:31:51,29,31,16545,32940
2023-07-06 13:31:51,29,32,16545,32940
2023-07-06 13:31:51,31,32,16545,32940
2023-07-06 13:32:07,28,32,16545,32940
2023-07-06 13:32:07,30,32,16545,32940
2023-07-06 13:32:07,30,31,16545,32940
2023-07-06 13:32:11,29,31,16545,32940
2023-07-06 13:32:11,29,32,16545,32940
2023-07-06 13:32:11,31,32,16545,32940
2023-07-06 13:32:28,29,32,16545,32940
2023-07-06 13:32:28,31,32,16545,32940
2023-07-06 13:32:37,30,32,16545,32940
2023-07-06 13:32:37,32,33,16545,32990
2023-07-06 13:32:43,30,33,16545,32990
2023-07-06 13:32:43,29,33,16545,32990
2023-07-06 13:32:43,31,33,16545,32990
2023-07-06 13:32:43,31,32,16545,32990
2023-07-06 13:33:01,28,32,16545,32990
2023-07-06 13:33:01,28,31,16545,32990
2023-07-06 13:33:01,28,30,16545,32990
2023-07-06 13:33:31,27,30,16545,32990
2023-07-06 13:33:31,28,30,16545,32990
2023-07-06 13:33:31,28,29,16545,32990
2023-07-06 13:34:05,27,29,16545,32990
2023-07-06 13:34:05,28,29,16545,32990
2023-07-06 13:34:16,26,29,16545,32990
2023-07-06 13:34:16,27,29,16545,32990
2023-07-06 13:34:16,27,28,16545,32990
2023-07-06 13:34:18,26,28,16545,32990
2023-07-06 13:34:19,26,27,16545,32990
2023-07-06 13:34:21,26,29,16545,32990
2023-07-06 13:34:21,27,29,16545,32990
2023-07-06 13:34:22,27,28,16545,32990
2023-07-06 13:34:22,27,28,16565,33010
2023-07-06 13:34:22,26,28,16585,33030
2023-07-06 13:34:26,26,29,16585,33030
2023-07-06 13:34:26,27,29,16585,33030
2023-07-06 13:34:26,27,28,16585,33030
2023-07-06 13:34:34,27,29,16585,33030
2023-07-06 13:34:34,28,29,16585,33030
2023-07-06 13:34:34,27,28,16625,33070
2023-07-06 13:34:34,27,29,16625,33070
2023-07-06 13:34:34,27,29,16665,33110
2023-07-06 13:34:41,28,29,16665,33110
2023-07-06 13:34:52,27,29,16665,33110
2023-07-06 13:34:52,28,29,16665,33110
2023-07-06 13:35:15,26,29,16665,33110
2023-07-06 13:35:15,27,29,16665,33110
2023-07-06 13:35:15,27,28,16665,33110
2023-07-06 13:35:27,26,28,16665,33110
2023-07-06 13:35:27,27,28,16665,33110
2023-07-06 13:35:31,26,28,16665,33110
2023-07-06 13:35:31,27,28,16665,33110
2023-07-06 13:35:51,25,28,16665,33110
2023-07-06 13:35:51,27,28,16665,33110
2023-07-06 13:35:51,25,27,16665,33130
2023-07-06 13:36:02,26,27,16665,33130
2023-07-06 13:36:29,24,27,16665,33130
2023-07-06 13:36:29,25,27,16665,33130
2023-07-06 13:36:29,25,26,16665,33130
2023-07-06 13:36:36,26,27,16665,33150
2023-07-06 13:37:35,25,26,16665,33170
2023-07-06 13:37:40,25,26,16665,33190
2023-07-06 13:37:46,23,26,16665,33190
2023-07-06 13:37:46,24,26,16665,33190
2023-07-06 13:37:46,24,25,16665,33190
2023-07-06 13:38:02,22,25,16665,33190
2023-07-06 13:38:03,23,25,16665,33190
2023-07-06 13:38:03,23,24,16665,33190
2023-07-06 13:38:04,23,24,16705,33230
2023-07-06 13:38:06,21,24,16705,33230
2023-07-06 13:38:06,23,24,16705,33230
2023-07-06 13:38:06,21,24,16745,33270
2023-07-06 13:38:07,23,24,16745,33270
2023-07-06 13:38:07,21,24,16765,33290
2023-07-06 13:38:08,21,25,16765,33290
2023-07-06 13:38:25,22,25,16765,33290
2023-07-06 13:38:45,23,25,16765,33290
2023-07-06 13:38:46,22,25,16785,33310
2023-07-06 13:38:46,22,24,16785,33310
2023-07-06 13:38:46,22,23,16785,33310
2023-07-06 13:38:53,22,23,16785,33330
2023-07-06 13:38:53,21,23,16805,33350
2023-07-06 13:39:00,21,22,16805,33350
2023-07-06 13:39:04,21,22,16805,33370
2023-07-06 13:39:05,20,22,16885,33450
2023-07-06 13:39:18,20,22,16885,33470
2023-07-06 13:39:26,19,22,16935,33520
2023-07-06 13:39:26,19,20,16935,33520
2023-07-06 13:39:29,19,22,16935,33520
2023-07-06 13:39:29,19,20,16935,33520
2023-07-06 13:39:34,19,22,16935,33520
2023-07-06 13:39:34,19,20,16935,33520
2023-07-06 13:39:52,19,21,16935,33520
2023-07-06 13:39:52,19,20,16935,33520
2023-07-06 13:40:09,19,20,16935,33620
2023-07-06 13:40:09,19,20,16948,33633
2023-07-06 13:40:09,18,20,16955,33640
2023-07-06 13:40:10,18,20,17055,33740
2023-07-06 13:40:14,18,20,17055,33760
2023-07-06 13:40:14,18,20,17142,33847
2023-07-06 13:40:14,18,19,17142,33847
2023-07-06 13:40:14,18,20,17142,33847
2023-07-06 13:40:15,18,20,17169,33874
2023-07-06 13:40:15,18,20,17169,33874
2023-07-06 13:40:16,18,20,17196,33901
2023-07-06 13:40:16,18,19,17196,33901
2023-07-06 13:40:16,18,20,17196,33901
2023-07-06 13:40:17,18,20,17223,33928
2023-07-06 13:40:17,18,19,17223,33928
2023-07-06 13:40:17,18,20,17223,33928
2023-07-06 13:40:18,18,20,17250,33955
2023-07-06 13:40:18,18,20,17250,33955
2023-07-06 13:40:36,17,20,17250,33955
2023-07-06 13:40:36,17,18,17250,33955
2023-07-06 13:40:44,17,18,17390,34095
2023-07-06 13:40:45,17,18,17450,34155
2023-07-06 13:40:46,16,18,17450,34155
2023-07-06 13:40:46,16,19,17450,34155
2023-07-06 13:40:47,16,17,17450,34155
2023-07-06 13:41:14,16,18,17450,34155
2023-07-06 13:41:14,16,18,17450,34215
2023-07-06 13:41:14,16,18,17570,34335
2023-07-06 13:41:14,16,17,17570,34335
2023-07-06 13:41:15,16,18,17570,34335
2023-07-06 13:41:17,15,18,17570,34335
2023-07-06 13:41:17,16,18,17570,34335
2023-07-06 13:41:17,16,19,17570,34335
2023-07-06 13:41:17,16,17,17570,34335
2023-07-06 13:41:22,16,19,17570,34335
2023-07-06 13:41:22,16,18,17570,34335
2023-07-06 13:41:22,17,18,17570,34335
2023-07-06 13:41:33,17,20,17570,34335
2023-07-06 13:41:33,17,21,17570,34335
2023-07-06 13:41:33,18,21,17570,34335
2023-07-06 13:41:33,18,19,17570,34335
2023-07-06 13:41:35,18,21,17570,34335
2023-07-06 13:41:35,19,21,17570,34335
2023-07-06 13:41:35,19,20,17570,34335
2023-07-06 13:41:35,19,20,17585,34350
2023-07-06 13:41:36,19,20,17600,34365
2023-07-06 13:42:01,17,20,17660,34425
2023-07-06 13:42:01,17,19,17660,34425
2023-07-06 13:42:01,16,19,17660,34425
2023-07-06 13:42:01,18,19,17660,34425
2023-07-06 13:42:01,16,19,17720,34485
2023-07-06 13:42:06,17,19,17720,34485
2023-07-06 13:42:06,17,18,17720,34485
2023-07-06 13:42:06,17,18,17735,34500
2023-07-06 13:42:09,16,18,17840,34605
2023-07-06 13:42:12,16,17,17840,34605
2023-07-06 13:42:12,16,17,17885,34650
2023-07-06 13:42:12,15,17,17905,34670
2023-07-06 13:42:14,16,17,17905,34670
2023-07-06 13:42:14,16,17,17925,34690
2023-07-06 13:42:15,15,17,18065,34830
2023-07-06 13:42:30,16,17,18065,34830
2023-07-06 13:42:36,16,18,18065,34830
2023-07-06 13:42:36,16,18,18050,34845
2023-07-06 13:42:36,16,18,18050,34875
2023-07-06 13:42:36,16,17,18050,34875
2023-07-06 13:42:37,16,18,18050,34875
2023-07-06 13:42:54,15,18,18050,34875
2023-07-06 13:42:54,15,19,18050,34875
2023-07-06 13:42:54,16,19,18050,34875
2023-07-06 13:42:54,16,17,18050,34875
2023-07-06 13:43:06,15,17,18050,34875
2023-07-06 13:43:06,17,18,18050,34915
2023-07-06 13:43:06,17,18,18065,34930
2023-07-06 13:43:13,15,18,18065,34930
2023-07-06 13:43:13,16,18,18065,34930
2023-07-06 13:43:13,16,17,18065,34930
2023-07-06 13:43:13,16,17,18125,34990
2023-07-06 13:43:13,15,17,18155,35020
2023-07-06 13:43:27,15,18,18155,35020
2023-07-06 13:43:27,17,18,18155,35020
2023-07-06 13:43:30,17,19,18155,35020
2023-07-06 13:43:34,17,18,18155,35020
2023-07-06 13:44:03,16,17,18155,35040
2023-07-06 13:44:59,16,18,18155,35040
2023-07-06 13:45:03,16,19,18155,35040
2023-07-06 13:45:03,16,18,18155,35040
2023-07-06 13:45:03,16,18,18155,35070
2023-07-06 13:45:07,17,18,18155,35070
2023-07-06 13:45:26,17,19,18155,35070
2023-07-06 13:45:26,17,19,18155,35085
2023-07-06 13:45:29,18,19,18155,35085
2023-07-06 13:45:34,19,20,18155,35090
2023-07-06 13:45:34,19,20,18165,35100
2023-07-06 13:45:47,18,20,18165,35100
2023-07-06 13:45:47,18,20,18165,35145
2023-07-06 13:45:49,20,21,18165,35150
2023-07-06 13:45:49,18,21,18205,35190
2023-07-06 13:45:49,18,20,18205,35190
2023-07-06 13:46:13,19,20,18205,35190
2023-07-06 13:46:18,21,22,18245,35230
2023-07-06 13:46:25,19,22,18245,35230
2023-07-06 13:46:25,19,23,18245,35230
2023-07-06 13:46:25,21,23,18245,35230
2023-07-06 13:46:25,21,22,18245,35230
2023-07-06 13:46:30,19,22,18245,35230
2023-07-06 13:46:30,21,22,18245,35230
2023-07-06 13:46:36,19,22,18245,35230
2023-07-06 13:46:36,20,22,18245,35230
2023-07-06 13:46:36,20,21,18245,35230
2023-07-06 13:46:37,20,21,18272,35257
2023-07-06 13:47:21,19,21,18272,35257
2023-07-06 13:47:21,19,20,18272,35257
2023-07-06 13:47:31,19,21,18272,35257
2023-07-06 13:47:31,19,21,18272,35272
2023-07-06 13:47:31,19,21,18302,35302
2023-07-06 13:47:32,19,20,18302,35302
2023-07-06 13:47:32,18,20,18322,35322
2023-07-06 13:47:32,18,21,18322,35322
2023-07-06 13:47:33,18,20,18322,35322
2023-07-06 13:47:36,17,20,18322,35322
2023-07-06 13:47:36,18,20,18322,35322
2023-07-06 13:47:36,18,19,18322,35322
2023-07-06 13:47:50,16,19,18322,35322
2023-07-06 13:47:50,16,20,18322,35322
2023-07-06 13:47:51,18,20,18322,35322
2023-07-06 13:47:51,18,20,18347,35347
2023-07-06 13:47:51,18,19,18347,35347
2023-07-06 13:47:51,18,20,18347,35347
2023-07-06 13:48:18,18,19,18347,35347
2023-07-06 13:48:36,18,20,18347,35347
2023-07-06 13:48:36,19,20,18347,35347
2023-07-06 13:48:36,19,20,18377,35377
2023-07-06 13:49:05,18,20,18377,35377
2023-07-06 13:49:05,18,19,18377,35377
2023-07-06 13:49:07,18,19,18377,35397
2023-07-06 13:49:07,16,19,18407,35427
2023-07-06 13:49:11,17,19,18407,35427
2023-07-06 13:49:11,17,18,18407,35427
2023-07-06 13:49:12,17,18,18417,35437
2023-07-06 13:49:12,16,18,18497,35517
2023-07-06 13:49:13,17,18,18497,35517
2023-07-06 13:49:13,17,18,18527,35547
2023-07-06 13:49:21,16,18,18587,35607
2023-07-06 13:49:30,16,19,18587,35607
2023-07-06 13:49:31,16,18,18587,35607
2023-07-06 13:49:31,16,17,18587,35607
2023-07-06 13:49:37,16,18,18587,35607
2023-07-06 13:49:38,16,17,18587,35607
2023-07-06 13:49:50,15,17,18667,35687
2023-07-06 13:49:52,15,18,18667,35687
2023-07-06 13:49:52,15,16,18667,35687
2023-07-06 13:50:31,15,18,18667,35687
2023-07-06 13:50:31,15,17,18667,35687
2023-07-06 13:50:31,15,16,18667,35687
2023-07-06 13:50:37,15,18,18667,35687
2023-07-06 13:50:37,16,18,18667,35687
2023-07-06 13:50:37,16,17,18667,35687
2023-07-06 13:50:43,15,17,18667,35687
2023-07-06 13:50:43,15,18,18667,35687
2023-07-06 13:50:43,16,18,18667,35687
2023-07-06 13:50:57,15,18,18667,35687
2023-07-06 13:50:57,16,18,18667,35687
2023-07-06 13:50:57,16,17,18667,35687
2023-07-06 13:51:23,15,17,18667,35687
2023-07-06 13:51:23,16,17,18667,35687
2023-07-06 13:51:23,15,17,18682,35702
2023-07-06 13:51:53,15,16,18682,35702
2023-07-06 13:51:58,15,17,18682,35702
2023-07-06 13:51:59,16,17,18682,35702
2023-07-06 13:51:59,15,17,18697,35717
2023-07-06 13:51:59,15,16,18697,35717
2023-07-06 13:51:59,15,17,18697,35717
2023-07-06 13:52:12,16,17,18697,35717
2023-07-06 13:52:13,16,17,18727,35747
2023-07-06 13:52:20,15,17,18727,35747
2023-07-06 13:52:20,15,17,18727,35762
2023-07-06 13:52:43,16,17,18727,35762
2023-07-06 13:52:43,16,17,18787,35822
2023-07-06 13:53:17,15,17,18787,35822
2023-07-06 13:53:17,17,18,18787,35827
2023-07-06 13:53:46,18,19,18787,35847
2023-07-06 13:53:46,18,19,18807,35867
2023-07-06 13:54:04,18,19,18807,35882
2023-07-06 13:54:06,18,19,18807,35887
2023-07-06 13:54:12,18,21,18807,35887
2023-07-06 13:54:12,19,21,18807,35887
2023-07-06 13:54:12,19,20,18807,35887
2023-07-06 13:54:42,19,21,18807,35887
2023-07-06 13:54:42,20,21,18807,35887
2023-07-06 13:54:52,19,21,18807,35887
2023-07-06 13:54:52,19,22,18807,35887
2023-07-06 13:54:52,21,22,18807,35887
2023-07-06 13:55:15,20,22,18807,35887
2023-07-06 13:55:15,20,22,18807,35902
2023-07-06 13:55:19,21,22,18807,35902
2023-07-06 13:55:34,19,22,18807,35902
2023-07-06 13:55:34,20,22,18807,35902
2023-07-06 13:55:34,20,21,18807,35902
2023-07-06 13:55:39,20,22,18807,35902
2023-07-06 13:55:39,21,22,18807,35902
2023-07-06 13:55:39,21,22,18852,35947
2023-07-06 13:55:53,20,22,18852,35947
2023-07-06 13:55:53,21,22,18852,35947
2023-07-06 13:55:54,20,22,18867,35962
2023-07-06 13:55:54,19,22,18867,35962
2023-07-06 13:55:54,19,21,18867,35962
2023-07-06 13:56:04,19,20,18867,35962
2023-07-06 13:56:29,19,21,18867,35962
2023-07-06 13:56:29,19,20,18867,35962
2023-07-06 13:56:29,19,20,18897,35992
2023-07-06 13:56:45,18,20,18947,36042
2023-07-06 13:56:46,18,19,18947,36042
2023-07-06 13:56:47,17,19,19012,36107
2023-07-06 13:57:03,17,20,19012,36107
2023-07-06 13:57:03,17,18,19012,36107
2023-07-06 13:57:04,17,18,19027,36122
2023-07-06 13:57:05,17,18,19042,36137
2023-07-06 13:57:09,16,18,19147,36242
2023-07-06 13:57:09,17,18,19147,36242
2023-07-06 13:57:10,17,18,19182,36277
2023-07-06 13:57:12,17,18,19227,36322
2023-07-06 13:57:12,15,18,19267,36362
2023-07-06 13:57:12,15,17,19267,36362
2023-07-06 13:57:18,16,17,19267,36362
2023-07-06 13:57:38,15,16,19312,36407
2023-07-06 13:57:40,15,16,19512,36607
2023-07-06 13:57:40,15,16,19512,36652
2023-07-06 13:57:40,15,16,19572,36712
2023-07-06 13:57:40,15,16,19632,36772
2023-07-06 13:57:41,14,16,19787,36927
2023-07-06 13:57:41,14,15,19787,36927
2023-07-06 13:57:41,14,15,19787,36942
2023-07-06 13:57:53,13,15,19787,36962
2023-07-06 13:58:13,12,15,19787,36962
2023-07-06 13:58:13,12,13,19787,36962
2023-07-06 13:59:12,12,14,19787,36962
2023-07-06 13:59:13,12,14,19787,36977
2023-07-06 14:00:08,12,14,19787,37112
2023-07-06 14:00:08,12,14,19802,37127
2023-07-06 14:00:08,12,13,19802,37127
2023-07-06 14:00:09,11,13,19907,37232
2023-07-06 14:00:09,11,14,19907,37232
2023-07-06 14:00:10,11,15,19907,37232
2023-07-06 14:00:10,11,14,19907,37232
2023-07-06 14:00:14,12,14,19907,37232
2023-07-06 14:00:14,12,13,19907,37232
2023-07-06 14:00:14,12,13,19922,37247
2023-07-06 14:00:20,11,13,19922,37247
2023-07-06 14:00:20,11,14,19922,37247
2023-07-06 14:00:20,12,14,19922,37247
2023-07-06 14:00:20,11,14,19937,37262
2023-07-06 14:00:21,12,13,19937,37262
2023-07-06 14:00:21,12,13,19982,37307
2023-07-06 14:00:21,12,14,19982,37307
2023-07-06 14:00:23,11,14,19982,37307
2023-07-06 14:00:23,11,13,19982,37307
2023-07-06 14:00:29,11,14,19982,37307
2023-07-06 14:00:31,11,13,19982,37307
2023-07-06 14:00:45,11,12,19982,37307
2023-07-06 14:00:49,11,12,20027,37352
2023-07-06 14:01:01,11,13,20027,37352
2023-07-06 14:01:01,12,13,20027,37352
2023-07-06 14:01:01,11,13,20057,37382
2023-07-06 14:01:22,12,13,20057,37382
2023-07-06 14:01:22,12,13,20072,37397
2023-07-06 14:01:39,13,14,20072,37432
2023-07-06 14:01:39,13,14,20142,37502
2023-07-06 14:01:39,12,14,20172,37532
2023-07-06 14:02:12,12,15,20172,37577
2023-07-06 14:02:12,12,14,20172,37577
2023-07-06 14:02:21,13,14,20172,37577
2023-07-06 14:02:24,12,14,20172,37577
2023-07-06 14:02:41,12,15,20172,37577
2023-07-06 14:02:41,13,15,20172,37577
2023-07-06 14:02:41,13,14,20172,37577
2023-07-06 14:02:42,13,14,20232,37637
2023-07-06 14:03:08,13,15,20232,37637
2023-07-06 14:03:08,13,14,20232,37637
2023-07-06 14:03:58,13,16,20232,37637
2023-07-06 14:03:58,15,16,20232,37637
2023-07-06 14:03:58,13,16,20277,37682
2023-07-06 14:04:00,15,16,20277,37682
2023-07-06 14:04:00,13,16,20322,37727
2023-07-06 14:04:15,15,16,20322,37727
2023-07-06 14:04:33,15,16,20367,37802
2023-07-06 14:05:28,14,16,20367,37802
2023-07-06 14:05:28,13,16,20367,37802
2023-07-06 14:05:28,15,16,20367,37802
2023-07-06 14:05:43,13,16,20367,37802
2023-07-06 14:05:43,15,16,20367,37802
2023-07-06 14:05:48,13,16,20382,37817
2023-07-06 14:05:50,13,15,20382,37817
2023-07-06 14:05:52,13,14,20382,37817
2023-07-06 14:05:52,13,14,20409,37844
2023-07-06 14:06:16,12,14,20409,37844
2023-07-06 14:06:16,12,15,20409,37844
2023-07-06 14:06:16,13,15,20409,37844
2023-07-06 14:06:16,12,15,20469,37904
2023-07-06 14:06:16,12,14,20469,37904
2023-07-06 14:06:29,12,13,20469,37904
2023-07-06 14:06:40,12,13,20589,38024
2023-07-06 14:06:55,11,13,20589,38024
2023-07-06 14:06:55,11,14,20589,38024
2023-07-06 14:06:56,11,12,20589,38024
2023-07-06 14:07:06,10,12,20589,38024
2023-07-06 14:07:06,10,13,20589,38024
2023-07-06 14:07:06,11,13,20589,38024
2023-07-06 14:07:20,11,13,20594,38029
2023-07-06 14:07:20,11,12,20594,38029
2023-07-06 14:07:20,11,13,20594,38029
2023-07-06 14:07:21,10,13,20609,38044
2023-07-06 14:07:21,10,11,20609,38044
2023-07-06 14:07:21,10,11,20624,38059
2023-07-06 14:07:31,9,11,20624,38059
2023-07-06 14:07:31,10,11,20624,38059
2023-07-06 14:07:32,9,11,20624,38259
2023-07-06 14:07:44,10,11,20669,38304
2023-07-06 14:08:29,11,13,20699,38334
2023-07-06 14:08:29,11,12,20699,38334
2023-07-06 14:08:29,10,12,20759,38394
2023-07-06 14:08:59,12,13,20759,38409
2023-07-06 14:08:59,10,13,20804,38454
2023-07-06 14:09:02,10,14,20804,38454
2023-07-06 14:09:03,11,14,20804,38454
2023-07-06 14:09:06,12,14,20804,38454
2023-07-06 14:09:06,12,13,20804,38454
2023-07-06 14:09:52,10,13,20804,38454
2023-07-06 14:09:52,12,13,20804,38454
2023-07-06 14:09:52,12,13,20819,38469
2023-07-06 14:09:53,12,13,20831,38481
2023-07-06 14:09:53,12,13,20843,38493
2023-07-06 14:10:01,11,13,20864,38514
2023-07-06 14:10:01,11,12,20864,38514
2023-07-06 14:10:01,11,12,20903,38553
2023-07-06 14:10:35,12,14,20924,38574
2023-07-06 14:10:35,12,13,20924,38574
2023-07-06 14:10:36,12,13,20963,38613
2023-07-06 14:10:39,11,13,20963,38613
2023-07-06 14:10:39,11,14,20963,38613
2023-07-06 14:10:39,12,14,20963,38613
2023-07-06 14:10:39,12,13,20963,38613
2023-07-06 14:10:40,12,13,20978,38628
2023-07-06 14:11:18,13,15,20978,38643
2023-07-06 14:11:18,13,14,20978,38643
2023-07-06 14:11:18,13,14,21053,38718
2023-07-06 14:11:43,12,14,21053,38718
2023-07-06 14:11:43,14,15,21053,38733
2023-07-06 14:12:09,14,16,21053,38733
2023-07-06 14:12:13,13,16,21053,38733
2023-07-06 14:12:13,14,16,21053,38733
2023-07-06 14:12:13,14,15,21053,38733
2023-07-06 14:12:34,14,16,21053,38733
2023-07-06 14:12:34,15,16,21053,38733
2023-07-06 14:12:53,14,16,21053,38733
2023-07-06 14:12:53,15,16,21053,38733
2023-07-06 14:13:08,14,16,21053,38733
2023-07-06 14:13:08,15,16,21053,38733
2023-07-06 14:13:26,14,16,21053,38733
2023-07-06 14:13:26,15,16,21053,38733
2023-07-06 14:14:03,14,16,21053,38733
2023-07-06 14:14:03,16,17,21053,38743
2023-07-06 14:14:19,16,18,21053,38743
2023-07-06 14:14:19,17,18,21053,38743
2023-07-06 14:14:21,16,18,21053,38743
2023-07-06 14:14:21,17,18,21053,38743
2023-07-06 14:14:46,17,19,21053,38743
2023-07-06 14:14:48,18,19,21053,38743
2023-07-06 14:14:55,18,19,21053,38794
2023-07-06 14:14:57,17,19,21053,38794
2023-07-06 14:15:34,18,19,21053,38794
2023-07-06 14:16:33,18,20,21053,38854
2023-07-06 14:16:44,19,20,21053,38854
2023-07-06 14:16:44,19,21,21063,38884
2023-07-06 14:16:52,18,21,21063,38884
2023-07-06 14:16:52,20,21,21063,38884
2023-07-06 14:16:52,18,21,21113,38934
2023-07-06 14:17:03,18,20,21113,38934
2023-07-06 14:17:06,19,20,21113,38934
2023-07-06 14:17:06,18,20,21163,38984
2023-07-06 14:17:38,19,20,21163,38984
2023-07-06 14:17:38,18,20,21173,38994
2023-07-06 14:17:40,18,19,21173,38994
2023-07-06 14:17:40,17,19,21188,39009
2023-07-06 14:17:44,17,18,21188,39009
2023-07-06 14:17:47,16,18,21263,39084
2023-07-06 14:17:50,15,18,21278,39099
2023-07-06 14:17:50,15,17,21278,39099
2023-07-06 14:17:50,14,17,21278,39099
2023-07-06 14:17:50,16,17,21278,39099
2023-07-06 14:17:51,14,17,21358,39179
2023-07-06 14:17:51,14,17,21363,39184
2023-07-06 14:17:51,14,16,21363,39184
2023-07-06 14:17:53,14,16,21368,39194
2023-07-06 14:18:06,14,16,21398,39224
2023-07-06 14:18:12,15,16,21398,39224
2023-07-06 14:18:12,15,16,21438,39264
2023-07-06 14:18:43,15,16,21478,39304
2023-07-06 14:18:43,15,17,21478,39304
2023-07-06 14:19:32,15,17,21443,39354
2023-07-06 14:19:33,14,17,21443,39354
2023-07-06 14:19:38,15,17,21443,39354
2023-07-06 14:19:40,16,17,21443,39354
2023-07-06 14:19:48,14,17,21443,39354
2023-07-06 14:19:48,16,17,21443,39354
2023-07-06 14:19:48,16,17,21473,39384
2023-07-06 14:19:50,16,17,21503,39414
2023-07-06 14:20:04,14,17,21523,39434
2023-07-06 14:20:15,15,17,21523,39434
2023-07-06 14:20:15,15,16,21523,39434
2023-07-06 14:20:15,15,16,21543,39454
2023-07-06 14:20:17,14,16,21543,39454
2023-07-06 14:20:17,14,17,21543,39454
2023-07-06 14:20:17,15,17,21543,39454
2023-07-06 14:20:17,15,16,21543,39454
2023-07-06 14:20:17,15,16,21553,39464
2023-07-06 14:20:26,14,16,21553,39464
2023-07-06 14:20:26,14,17,21553,39464
2023-07-06 14:20:26,16,17,21553,39464
2023-07-06 14:20:26,14,17,21593,39504
2023-07-06 14:20:30,15,17,21593,39504
2023-07-06 14:20:33,16,17,21593,39504
2023-07-06 14:20:35,16,17,21593,39524
2023-07-06 14:20:37,17,18,21583,39534
2023-07-06 14:20:53,17,18,21613,39564
2023-07-06 14:21:05,19,20,21503,39674
2023-07-06 14:21:08,18,20,21503,39674
2023-07-06 14:21:08,20,21,21503,39704
2023-07-06 14:21:13,18,21,21503,39704
2023-07-06 14:21:13,17,21,21503,39704
2023-07-06 14:21:13,19,21,21503,39704
2023-07-06 14:21:13,19,20,21503,39704
2023-07-06 14:21:14,19,20,21523,39724
2023-07-06 14:21:15,18,20,21523,39724
2023-07-06 14:21:15,19,20,21523,39724
2023-07-06 14:21:15,19,20,21543,39744
2023-07-06 14:21:17,18,20,21543,39744
2023-07-06 14:21:17,18,21,21543,39744
2023-07-06 14:21:17,20,21,21543,39744
2023-07-06 14:21:40,18,21,21543,39744
2023-07-06 14:21:40,20,21,21543,39744
2023-07-06 14:22:06,19,21,21543,39744
2023-07-06 14:22:06,21,22,21548,39789
2023-07-06 14:22:22,18,22,21548,39789
2023-07-06 14:22:22,20,22,21548,39789
2023-07-06 14:22:22,20,21,21548,39789
2023-07-06 14:22:22,18,21,21578,39819
2023-07-06 14:22:36,19,21,21578,39819
2023-07-06 14:22:36,19,20,21578,39819
2023-07-06 14:22:50,18,20,21638,39879
2023-07-06 14:22:52,18,19,21638,39879
2023-07-06 14:23:06,17,18,21638,39894
2023-07-06 14:23:14,16,18,21638,39894
2023-07-06 14:23:14,16,19,21638,39894
2023-07-06 14:23:14,17,19,21638,39894
2023-07-06 14:23:14,17,18,21638,39894
2023-07-06 14:23:14,17,18,21648,39904
2023-07-06 14:23:33,16,18,21648,39904
2023-07-06 14:23:33,16,19,21648,39904
2023-07-06 14:23:34,17,19,21648,39904
2023-07-06 14:23:34,17,18,21648,39904
2023-07-06 14:23:34,17,18,21658,39914
2023-07-06 14:24:07,17,19,21658,39914
2023-07-06 14:24:07,17,18,21658,39914
2023-07-06 14:24:08,17,18,21688,39944
2023-07-06 14:24:17,16,18,21688,39959
2023-07-06 14:24:25,15,18,21688,39959
2023-07-06 14:24:27,16,18,21688,39959
2023-07-06 14:24:27,16,17,21688,39959
2023-07-06 14:24:43,14,17,21773,40044
2023-07-06 14:24:48,15,17,21773,40044
2023-07-06 14:24:48,15,16,21773,40044
2023-07-06 14:24:48,15,16,21803,40074
2023-07-06 14:24:49,14,16,21853,40124
2023-07-06 14:25:06,14,17,21853,40124
2023-07-06 14:25:06,15,17,21853,40124
2023-07-06 14:25:06,14,17,21883,40154
2023-07-06 14:25:25,14,17,21883,40154
2023-07-06 14:25:25,14,15,21883,40154
2023-07-06 14:25:26,14,15,21903,40174
2023-07-06 14:25:45,14,17,21903,40174
2023-07-06 14:25:45,15,17,21903,40174
2023-07-06 14:26:15,15,17,21903,40174
2023-07-06 14:26:15,15,17,21903,40184
2023-07-06 14:26:53,16,17,21903,40184
2023-07-06 14:26:53,16,17,21913,40194
2023-07-06 14:27:02,15,17,21913,40194
2023-07-06 14:27:02,17,18,21913,40219
2023-07-06 14:27:02,15,18,21918,40224
2023-07-06 14:27:47,16,18,21918,40224
2023-07-06 14:27:47,16,17,21918,40224
2023-07-06 14:27:47,16,17,21928,40234
2023-07-06 14:28:05,16,18,21928,40234
2023-07-06 14:28:05,17,18,21928,40234
2023-07-06 14:28:12,18,20,21928,40249
2023-07-06 14:28:12,18,19,21928,40249
2023-07-06 14:28:20,16,19,21928,40249
2023-07-06 14:28:20,18,19,21928,40249
2023-07-06 14:28:47,16,19,21928,40249
2023-07-06 14:28:47,17,19,21928,40249
2023-07-06 14:28:47,17,18,21928,40249
2023-07-06 14:29:08,17,20,21928,40249
2023-07-06 14:29:08,18,20,21928,40249
2023-07-06 14:29:08,18,19,21928,40249
2023-07-06 14:29:16,17,19,21928,40249
2023-07-06 14:29:17,18,19,21928,40249
2023-07-06 14:29:23,19,21,21928,40264
2023-07-06 14:29:23,19,20,21928,40264
2023-07-06 14:30:08,17,20,21998,40334
2023-07-06 14:30:08,17,19,21998,40334
2023-07-06 14:30:09,17,18,21998,40334
2023-07-06 14:30:24,17,19,21998,40334
2023-07-06 14:30:24,17,19,21998,40349
2023-07-06 14:30:26,17,18,21998,40349
2023-07-06 14:30:29,16,18,21998,40349
2023-07-06 14:30:29,16,17,21998,40349
2023-07-06 14:30:40,16,18,21998,40349
2023-07-06 14:30:40,16,18,21998,40364
2023-07-06 14:30:45,16,17,21998,40364
2023-07-06 14:30:46,14,17,21998,40364
2023-07-06 14:30:46,15,17,21998,40364
2023-07-06 14:30:46,15,16,21998,40364
2023-07-06 14:30:49,13,16,21998,40364
2023-07-06 14:30:50,14,16,21998,40364
2023-07-06 14:30:50,13,16,22018,40384
2023-07-06 14:30:50,13,15,22018,40384
2023-07-06 14:30:55,12,15,22018,40384
2023-07-06 14:30:55,12,13,22018,40384
2023-07-06 14:30:56,12,13,22078,40444
2023-07-06 14:31:23,13,16,22093,40459
2023-07-06 14:31:23,13,14,22093,40459
2023-07-06 14:31:43,13,15,22093,40459
2023-07-06 14:31:43,12,13,22093,40474
2023-07-06 14:31:48,12,14,22093,40474
2023-07-06 14:31:48,12,14,22093,40489
2023-07-06 14:32:16,12,15,22093,40489
2023-07-06 14:32:16,13,15,22093,40489
2023-07-06 14:32:17,13,14,22093,40489
2023-07-06 14:32:34,11,14,22093,40489
2023-07-06 14:32:34,12,14,22093,40489
2023-07-06 14:33:00,12,13,22093,40489
2023-07-06 14:33:01,10,13,22093,40489
2023-07-06 14:33:01,11,13,22093,40489
2023-07-06 14:33:01,11,12,22093,40489
2023-07-06 14:33:05,11,13,22093,40489
2023-07-06 14:33:05,10,11,22093,40504
2023-07-06 14:34:02,10,13,22093,40504
2023-07-06 14:34:03,10,11,22093,40504
2023-07-06 14:34:32,10,12,22093,40504
2023-07-06 14:34:32,10,11,22093,40504
2023-07-06 14:34:38,9,10,22093,40519
2023-07-06 14:34:38,9,10,22133,40559
2023-07-06 14:34:39,9,10,22193,40619
2023-07-06 14:34:45,9,10,22193,40634
2023-07-06 14:34:45,8,10,22213,40654
2023-07-06 14:35:05,7,10,22213,40654
2023-07-06 14:35:06,8,10,22213,40654
2023-07-06 14:35:06,8,9,22213,40654
2023-07-06 14:35:18,8,10,22213,40654
2023-07-06 14:35:18,9,10,22213,40654
2023-07-06 14:35:18,8,10,22253,40694
2023-07-06 14:35:49,9,10,22253,40694
2023-07-06 14:35:57,10,11,22253,40709
2023-07-06 14:36:21,9,11,22253,40709
2023-07-06 14:36:21,10,11,22253,40709
2023-07-06 14:36:42,10,11,22253,40713
2023-07-06 14:37:02,8,11,22253,40713
2023-07-06 14:37:02,9,11,22253,40713
2023-07-06 14:37:02,9,10,22253,40713
2023-07-06 14:37:43,9,11,22253,40713
2023-07-06 14:37:43,10,11,22253,40713
2023-07-06 14:37:58,9,11,22253,40713
2023-07-06 14:37:58,10,11,22253,40713
2023-07-06 14:38:14,9,11,22253,40713
2023-07-06 14:38:32,9,10,22253,40713
2023-07-06 14:38:33,8,10,22268,40728
2023-07-06 14:38:34,8,9,22268,40728
2023-07-06 14:38:34,8,10,22268,40728
2023-07-06 14:38:35,8,9,22268,40728
2023-07-06 14:38:35,8,10,22268,40728
2023-07-06 14:38:35,8,9,22268,40728
2023-07-06 14:38:35,6,9,22283,40743
2023-07-06 14:38:36,6,10,22283,40743
2023-07-06 14:38:51,6,9,22283,40743
2023-07-06 14:40:36,6,8,22283,40743
2023-07-06 14:40:38,6,9,22283,40743
2023-07-06 14:40:39,6,8,22283,40743
2023-07-06 14:40:54,6,9,22283,40743
2023-07-06 14:41:00,6,8,22283,40743
2023-07-06 14:41:25,6,9,22283,40743
2023-07-06 14:41:26,6,8,22283,40743
2023-07-06 14:41:27,6,9,22283,40743
2023-07-06 14:41:27,6,8,22283,40743
2023-07-06 14:41:29,6,9,22283,40743
2023-07-06 14:41:29,6,8,22283,40743
2023-07-06 14:41:53,6,9,22283,40743
2023-07-06 14:41:53,6,8,22283,40743
2023-07-06 14:41:54,6,9,22283,40743
2023-07-06 14:41:55,6,8,22283,40743
2023-07-06 14:42:25,6,9,22283,40743
2023-07-06 14:42:25,6,8,22283,40743
2023-07-06 14:42:56,6,9,22283,40743
2023-07-06 14:43:03,7,9,22283,40743
2023-07-06 14:43:13,8,9,22283,40743
2023-07-06 14:43:24,7,9,22283,40743
2023-07-06 14:43:27,8,9,22283,40743
2023-07-06 14:44:17,7,9,22283,40743
2023-07-06 14:44:18,7,8,22283,40743
2023-07-06 14:44:33,7,10,22283,40743
2023-07-06 14:44:33,7,8,22283,40743
2023-07-06 14:44:34,7,10,22283,40743
2023-07-06 14:44:34,7,8,22283,40743
2023-07-06 14:44:36,7,9,22283,40743
2023-07-06 14:44:37,7,9,22294,40754
2023-07-06 14:44:39,6,7,22298,40758
2023-07-06 14:44:43,6,8,22298,40758
2023-07-06 14:44:43,6,8,22309,40769
2023-07-06 14:44:45,6,8,22320,40780
2023-07-06 14:44:46,6,8,22331,40791
2023-07-06 14:44:48,6,8,22342,40802
2023-07-06 14:44:49,6,8,22353,40813
2023-07-06 14:44:51,6,7,22353,40813
2023-07-06 14:44:51,6,7,22364,40824
2023-07-06 14:44:52,6,7,22375,40835
2023-07-06 14:44:54,6,7,22386,40846
2023-07-06 14:44:55,6,7,22397,40857
2023-07-06 14:44:56,5,6,22563,41023
2023-07-06 14:44:57,5,7,22563,41023
2023-07-06 14:44:57,5,7,22574,41034
2023-07-06 14:44:58,5,7,22585,41045
2023-07-06 14:45:00,5,7,22596,41056
2023-07-06 14:45:01,5,7,22607,41067
2023-07-06 14:45:03,5,7,22618,41078
2023-07-06 14:45:04,5,7,22629,41089
2023-07-06 14:45:06,5,6,22629,41089
2023-07-06 14:45:06,5,7,22629,41089
2023-07-06 14:45:07,5,6,22629,41089
2023-07-06 14:45:11,5,6,22640,41100
2023-07-06 14:45:12,5,6,22651,41111
2023-07-06 14:45:18,5,7,22651,41111
2023-07-06 14:45:18,5,6,22651,41111
2023-07-06 14:45:45,5,6,22762,41222
2023-07-06 14:45:47,4,5,22828,41288
2023-07-06 14:45:59,4,6,22828,41288
2023-07-06 14:46:00,4,5,22828,41288
2023-07-06 14:46:23,4,6,22828,41288
2023-07-06 14:46:24,4,5,22828,41288
2023-07-06 14:46:26,4,6,22828,41288
2023-07-06 14:46:27,4,5,22828,41288
2023-07-06 14:46:37,4,6,22828,41288
2023-07-06 14:46:38,4,5,22828,41288
2023-07-06 14:46:40,4,6,22828,41288
2023-07-06 14:46:41,4,5,22828,41288
2023-07-06 14:46:54,4,6,22828,41288
2023-07-06 14:46:55,4,5,22828,41288
2023-07-06 14:46:58,4,6,22828,41288
2023-07-06 14:46:59,4,5,22828,41288
2023-07-06 14:47:00,4,6,22828,41288
2023-07-06 14:47:01,4,5,22828,41288
2023-07-06 14:47:02,4,6,22828,41288
2023-07-06 14:47:02,4,5,22828,41288
2023-07-06 14:47:11,4,6,22828,41288
2023-07-06 14:47:11,4,5,22828,41288
2023-07-06 14:47:22,4,6,22828,41288
2023-07-06 14:47:22,4,6,22939,41399
2023-07-06 14:47:24,4,6,23050,41510
2023-07-06 14:47:25,3,4,23093,41553
2023-07-06 14:47:35,3,5,23093,41553
2023-07-06 14:47:36,3,4,23093,41553
2023-07-06 14:47:36,3,5,23093,41553
2023-07-06 14:47:37,3,4,23093,41553
2023-07-06 14:47:46,3,5,23093,41553
2023-07-06 14:47:48,3,4,23093,41553
2023-07-06 14:47:50,3,5,23093,41553
2023-07-06 14:47:51,3,5,23204,41664
2023-07-06 14:47:52,3,5,23315,41775
2023-07-06 14:47:54,3,4,23315,41775
2023-07-06 14:48:04,3,5,23315,41775
2023-07-06 14:48:04,3,4,23315,41775
2023-07-06 14:48:11,3,5,23315,41775
2023-07-06 14:48:12,3,4,23315,41775
2023-07-06 14:48:20,3,5,23315,41775
2023-07-06 14:48:21,3,5,23426,41886
2023-07-06 14:48:22,3,4,23426,41886
2023-07-06 14:48:22,3,4,23537,41997
2023-07-06 14:48:23,3,5,23537,41997
2023-07-06 14:48:24,1,3,23608,42068
2023-07-06 14:48:39,1,5,23608,42068
2023-07-06 14:48:42,1,4,23608,42068
2023-07-06 14:48:47,1,5,23608,42068
2023-07-06 14:48:51,1,4,23608,42068
2023-07-06 14:48:57,1,3,23608,42068
2023-07-06 14:52:45,1,2,23608,42068
2023-07-06 14:52:45,1,3,23608,42068
2023-07-06 14:53:11,1,3,23608,42468
2023-07-06 15:06:04,1,2,23608,42468
2023-07-06 15:06:08,1,3,23608,42468
2023-07-06 15:07:33,1,2,23608,42468
2023-07-06 15:07:44,1,2,23608,42483
2023-07-06 15:07:44,1,2,23608,42498
2023-07-06 15:07:44,1,3,23608,42498
2023-07-06 15:07:44,1,3,23608,42528
2023-07-06 15:07:44,1,2,23608,42528
2023-07-06 15:07:44,1,2,23608,42653
2023-07-06 15:07:44,1,3,23608,42653
2023-07-06 15:07:44,1,3,23608,42653
2023-07-06 15:09:28,1,2,23608,42653
2023-07-06 15:09:28,1,3,23608,42653
2023-07-06 15:13:40,1,3,23608,43053
2023-07-06 15:14:05,1,4,24208,43653
2023-07-06 15:14:20,1,4,24233,43678
2023-07-06 15:14:20,2,4,24233,43678
2023-07-06 15:14:29,2,4,24483,43928
2023-07-06 15:14:53,3,4,24483,43928
2023-07-06 15:15:29,2,4,24483,43928
2023-07-06 15:15:35,3,4,24483,43928
2023-07-06 15:17:10,2,4,24483,43928
2023-07-06 15:17:23,3,4,24483,43928
2023-07-06 15:19:11,2,4,24483,43928
2023-07-06 15:20:16,2,3,24483,43928
2023-07-06 15:26:08,2,3,24532,43977
2023-07-06 15:37:09,2,3,24532,44252
2023-07-06 15:37:10,2,3,24532,44652
2023-07-06 15:37:12,2,3,24532,45052
2023-07-06 15:37:13,2,3,24532,45452
2023-07-06 15:37:16,2,3,24532,45852
2023-07-06 15:37:18,2,4,24532,45928
2023-07-06 15:37:31,2,4,24532,46328
2023-07-06 15:37:35,2,4,24810,46728
2023-07-06 15:37:36,2,4,25210,47128
2023-07-06 15:37:38,2,4,25610,47528
2023-07-06 15:37:40,2,4,26010,47928
2023-07-06 15:39:18,2,3,26010,47928
2023-07-06 15:39:19,2,4,26010,47928
2023-07-06 15:40:22,2,5,26010,47943
2023-07-06 15:41:53,2,4,26010,47943
2023-07-06 15:41:54,2,5,26010,47943
2023-07-06 15:42:12,2,6,26055,48003
2023-07-06 15:42:12,2,5,26055,48003
2023-07-06 15:42:39,3,5,26055,48003
2023-07-06 15:42:56,2,5,26055,48003
2023-07-06 15:44:02,1,5,26161,48172
2023-07-06 15:44:24,1,5,26164,48175
2023-07-06 15:46:21,1,4,26164,48175
2023-07-06 15:46:23,1,3,26164,48175
2023-07-06 15:46:23,1,4,26164,48175
2023-07-06 15:46:36,1,3,26164,48175
2023-07-06 15:46:36,1,4,26164,48175
2023-07-06 15:49:32,1,3,26164,48175
2023-07-06 15:50:01,1,2,26164,48175
2023-07-06 15:50:19,1,3,26164,48175
2023-07-06 15:54:41,1,2,26164,48175
2023-07-06 15:56:21,1,2,26165,48176
2023-07-06 15:56:31,1,2,26415,48426
2023-07-06 15:56:59,0,2,27585,49596
2023-07-06 15:58:13,0,1,27585,49596
