datetime,bid,ask,open_interest,volume
2023-09-11 09:30:01,11,20,412,506
2023-09-11 09:30:11,7,20,412,506
2023-09-11 09:30:11,3,20,412,506
2023-09-11 09:30:13,9,20,412,506
2023-09-11 09:30:15,5,20,412,506
2023-09-11 09:30:15,3,20,412,506
2023-09-11 09:30:17,4,20,412,506
2023-09-11 09:30:28,4,19,412,506
2023-09-11 09:30:52,3,19,412,506
2023-09-11 09:31:00,3,13,412,506
2023-09-11 09:31:00,7,13,412,506
2023-09-11 09:31:00,10,12,412,506
2023-09-11 09:31:01,9,12,412,506
2023-09-11 09:31:07,10,12,412,506
2023-09-11 09:31:10,9,12,412,506
2023-09-11 09:31:19,10,12,412,506
2023-09-11 09:31:23,10,13,412,506
2023-09-11 09:31:23,10,13,413,507
2023-09-11 09:31:24,10,12,413,507
2023-09-11 09:31:25,10,13,413,507
2023-09-11 09:31:31,10,12,413,507
2023-09-11 09:31:36,9,12,413,507
2023-09-11 09:31:37,10,12,413,507
2023-09-11 09:31:38,9,12,413,507
2023-09-11 09:31:40,9,12,414,508
2023-09-11 09:31:44,10,12,414,508
2023-09-11 09:31:47,10,13,414,508
2023-09-11 09:31:47,10,12,414,508
2023-09-11 09:31:49,10,13,414,508
2023-09-11 09:31:50,11,13,414,508
2023-09-11 09:32:05,11,14,414,508
2023-09-11 09:32:06,12,14,414,508
2023-09-11 09:32:12,12,13,414,508
2023-09-11 09:32:13,11,13,414,508
2023-09-11 09:32:15,11,14,414,508
2023-09-11 09:32:21,11,13,414,508
2023-09-11 09:32:22,11,14,414,508
2023-09-11 09:32:24,11,13,414,508
2023-09-11 09:32:28,11,14,414,508
2023-09-11 09:32:30,11,14,414,508
2023-09-11 09:32:31,11,13,414,508
2023-09-11 09:32:32,11,14,414,508
2023-09-11 09:32:33,11,13,414,508
2023-09-11 09:32:36,10,13,414,508
2023-09-11 09:32:36,10,12,414,508
2023-09-11 09:32:53,10,12,415,509
2023-09-11 09:33:11,10,12,416,510
2023-09-11 09:33:26,10,11,416,510
2023-09-11 09:33:30,9,11,416,510
2023-09-11 09:33:35,9,10,416,510
2023-09-11 09:33:37,9,11,416,510
2023-09-11 09:33:43,9,10,416,510
2023-09-11 09:33:49,8,10,416,510
2023-09-11 09:34:04,8,11,416,510
2023-09-11 09:34:10,8,10,416,510
2023-09-11 09:34:22,8,9,416,510
2023-09-11 09:34:29,8,10,416,510
2023-09-11 09:34:51,8,11,416,510
2023-09-11 09:34:55,9,11,416,510
2023-09-11 09:35:01,8,11,416,510
2023-09-11 09:35:03,9,11,416,510
2023-09-11 09:35:04,8,11,416,510
2023-09-11 09:35:06,8,10,416,510
2023-09-11 09:35:08,8,11,416,510
2023-09-11 09:35:13,9,11,416,510
2023-09-11 09:35:20,8,11,416,510
2023-09-11 09:35:22,8,10,416,510
2023-09-11 09:35:48,8,10,416,660
2023-09-11 09:36:16,8,11,416,660
2023-09-11 09:36:17,9,11,416,660
2023-09-11 09:36:32,10,11,416,660
2023-09-11 09:36:46,10,12,416,660
2023-09-11 09:36:57,11,12,416,660
2023-09-11 09:37:01,10,12,416,660
2023-09-11 09:37:01,11,12,416,660
2023-09-11 09:37:02,10,12,416,660
2023-09-11 09:37:25,11,12,416,660
2023-09-11 09:37:28,11,13,416,660
2023-09-11 09:37:29,12,13,416,660
2023-09-11 09:37:32,12,14,416,660
2023-09-11 09:37:44,13,14,416,660
2023-09-11 09:37:47,13,15,416,660
2023-09-11 09:37:53,14,15,416,660
2023-09-11 09:37:54,13,15,416,660
2023-09-11 09:37:55,14,15,416,660
2023-09-11 09:37:57,13,15,416,660
2023-09-11 09:38:13,14,15,416,660
2023-09-11 09:38:22,14,16,416,660
2023-09-11 09:38:54,15,16,416,660
2023-09-11 09:38:57,15,17,416,660
2023-09-11 09:39:04,16,17,416,660
2023-09-11 09:39:11,15,17,416,660
2023-09-11 09:39:25,16,17,416,660
2023-09-11 09:39:38,16,18,416,660
2023-09-11 09:39:52,17,18,416,660
2023-09-11 09:39:54,17,19,416,660
2023-09-11 09:40:11,16,19,416,660
2023-09-11 09:40:14,17,19,416,660
2023-09-11 09:40:15,16,19,416,660
2023-09-11 09:40:17,16,18,416,660
2023-09-11 09:40:40,16,19,416,660
2023-09-11 09:40:43,17,19,416,660
2023-09-11 09:40:58,18,19,416,660
2023-09-11 09:40:58,18,19,476,720
2023-09-11 09:41:09,18,20,476,720
2023-09-11 09:41:11,19,20,476,720
2023-09-11 09:41:23,18,20,476,720
2023-09-11 09:41:42,19,20,476,720
2023-09-11 09:41:59,18,20,476,720
2023-09-11 09:42:10,18,19,476,720
2023-09-11 09:42:12,18,20,476,720
2023-09-11 09:42:20,17,20,476,720
2023-09-11 09:42:20,17,19,476,720
2023-09-11 09:42:22,17,20,476,720
2023-09-11 09:42:27,18,20,476,720
2023-09-11 09:42:27,18,20,536,780
2023-09-11 09:42:58,17,20,536,780
2023-09-11 09:43:00,18,20,536,780
2023-09-11 09:43:05,17,20,536,780
2023-09-11 09:43:08,18,20,536,780
2023-09-11 09:43:20,19,20,536,780
2023-09-11 09:43:35,20,21,537,781
2023-09-11 09:43:49,19,21,537,781
2023-09-11 09:44:01,18,21,537,781
2023-09-11 09:44:02,18,20,537,781
2023-09-11 09:44:06,17,20,537,781
2023-09-11 09:44:07,18,20,537,781
2023-09-11 09:44:12,18,21,537,781
2023-09-11 09:44:14,19,21,537,781
2023-09-11 09:45:01,18,21,537,781
2023-09-11 09:45:21,18,20,537,781
2023-09-11 09:45:29,18,21,537,781
2023-09-11 09:45:30,19,21,537,781
2023-09-11 09:45:53,20,21,537,781
2023-09-11 09:46:01,20,22,537,781
2023-09-11 09:46:01,20,23,537,781
2023-09-11 09:46:02,21,23,537,781
2023-09-11 09:46:03,22,23,537,781
2023-09-11 09:46:04,22,24,537,781
2023-09-11 09:46:09,22,25,537,781
2023-09-11 09:46:21,23,25,537,781
2023-09-11 09:46:22,24,25,537,781
2023-09-11 09:46:23,24,26,537,781
2023-09-11 09:46:24,24,26,597,841
2023-09-11 09:46:33,24,26,657,901
2023-09-11 09:46:35,23,26,657,901
2023-09-11 09:46:35,23,25,657,901
2023-09-11 09:46:45,22,25,657,901
2023-09-11 09:46:56,23,25,657,901
2023-09-11 09:46:59,22,25,657,901
2023-09-11 09:47:03,23,25,657,901
2023-09-11 09:47:05,22,25,657,901
2023-09-11 09:47:07,22,24,657,901
2023-09-11 09:47:22,21,24,657,901
2023-09-11 09:47:37,22,24,657,901
2023-09-11 09:47:42,22,25,657,901
2023-09-11 09:47:45,22,24,657,901
2023-09-11 09:47:53,22,25,657,901
2023-09-11 09:47:56,22,24,657,901
2023-09-11 09:48:10,22,25,657,901
2023-09-11 09:48:11,22,24,657,901
2023-09-11 09:48:15,22,25,657,901
2023-09-11 09:48:23,23,25,657,901
2023-09-11 09:48:23,23,26,657,901
2023-09-11 09:48:28,23,25,657,901
2023-09-11 09:48:50,22,25,657,901
2023-09-11 09:48:58,22,24,657,901
2023-09-11 09:48:59,22,25,657,901
2023-09-11 09:49:02,23,25,657,901
2023-09-11 09:49:04,23,26,657,901
2023-09-11 09:49:08,23,25,657,901
2023-09-11 09:49:11,23,24,657,901
2023-09-11 09:49:11,22,24,657,901
2023-09-11 09:49:47,21,24,657,901
2023-09-11 09:49:52,21,23,657,901
2023-09-11 09:49:55,20,23,657,901
2023-09-11 09:49:55,20,22,657,901
2023-09-11 09:50:04,20,23,657,901
2023-09-11 09:50:05,20,22,657,901
2023-09-11 09:50:06,20,23,657,901
2023-09-11 09:50:06,20,22,657,901
2023-09-11 09:50:07,20,23,657,901
2023-09-11 09:50:12,21,23,657,901
2023-09-11 09:50:23,20,23,657,901
2023-09-11 09:50:25,20,22,657,901
2023-09-11 09:50:26,21,22,657,901
2023-09-11 09:50:26,21,22,791,1035
2023-09-11 09:50:26,21,22,951,1195
2023-09-11 09:50:30,20,22,951,1195
2023-09-11 09:50:34,20,21,951,1195
2023-09-11 09:50:45,20,23,951,1195
2023-09-11 09:50:45,20,22,951,1195
2023-09-11 09:50:59,21,22,951,1195
2023-09-11 09:51:03,21,24,951,1195
2023-09-11 09:51:03,21,23,951,1195
2023-09-11 09:51:09,21,22,951,1195
2023-09-11 09:51:15,21,24,951,1195
2023-09-11 09:51:15,21,23,951,1195
2023-09-11 09:51:19,21,22,951,1195
2023-09-11 09:51:20,20,22,951,1195
2023-09-11 09:51:21,20,21,951,1195
2023-09-11 09:51:41,20,21,951,1395
2023-09-11 09:51:41,20,23,951,1395
2023-09-11 09:51:41,20,22,951,1395
2023-09-11 09:51:42,21,22,951,1395
2023-09-11 09:51:44,21,24,951,1395
2023-09-11 09:51:44,21,23,951,1395
2023-09-11 09:51:58,21,22,951,1395
2023-09-11 09:52:03,21,24,951,1395
2023-09-11 09:52:03,21,23,951,1395
2023-09-11 09:52:04,22,23,951,1395
2023-09-11 09:52:08,21,23,951,1395
2023-09-11 09:52:09,21,22,951,1395
2023-09-11 09:52:09,20,22,1151,1595
2023-09-11 09:52:10,20,21,1151,1595
2023-09-11 09:52:11,20,22,1151,1595
2023-09-11 09:52:11,20,21,1151,1595
2023-09-11 09:52:23,20,21,1271,1715
2023-09-11 09:52:24,19,21,1271,1715
2023-09-11 09:52:40,19,20,1271,1715
2023-09-11 09:52:53,19,21,1271,1715
2023-09-11 09:52:57,19,20,1271,1715
2023-09-11 09:53:08,18,20,1271,1715
2023-09-11 09:53:11,18,19,1271,1715
2023-09-11 09:53:21,17,19,1271,1715
2023-09-11 09:53:25,17,18,1271,1715
2023-09-11 09:53:38,16,18,1671,2115
2023-09-11 09:53:42,17,18,1671,2115
2023-09-11 09:53:43,16,18,1671,2115
2023-09-11 09:53:44,17,18,1671,2115
2023-09-11 09:53:45,17,19,1671,2115
2023-09-11 09:53:45,18,19,1671,2115
2023-09-11 09:53:48,17,19,1671,2115
2023-09-11 09:53:56,17,18,1671,2115
2023-09-11 09:54:05,16,18,1671,2115
2023-09-11 09:54:33,17,18,1671,2115
2023-09-11 09:54:35,16,18,1671,2115
2023-09-11 09:54:45,16,17,1671,2115
2023-09-11 09:55:03,15,17,1671,2115
2023-09-11 09:55:14,16,17,1671,2115
2023-09-11 09:55:15,15,17,1671,2115
2023-09-11 09:56:05,15,16,1671,2115
2023-09-11 09:56:19,14,16,1671,2115
2023-09-11 09:56:39,14,17,1671,2115
2023-09-11 09:56:41,15,17,1671,2115
2023-09-11 09:56:48,14,17,1671,2115
2023-09-11 09:56:49,14,16,1671,2115
2023-09-11 09:57:27,14,17,1671,2115
2023-09-11 09:57:29,15,17,1671,2115
2023-09-11 09:57:46,15,18,1671,2115
2023-09-11 09:57:49,16,18,1671,2115
2023-09-11 09:57:51,16,19,1671,2115
2023-09-11 09:58:09,17,19,1671,2115
2023-09-11 09:58:11,17,20,1671,2115
2023-09-11 09:58:13,19,20,1671,2115
2023-09-11 09:58:13,19,20,1671,2175
2023-09-11 09:58:15,19,21,1671,2175
2023-09-11 09:59:09,19,22,1671,2175
2023-09-11 09:59:09,20,22,1671,2175
2023-09-11 10:00:16,19,22,1671,2175
2023-09-11 10:00:16,19,21,1671,2175
2023-09-11 10:00:34,19,22,1671,2175
2023-09-11 10:00:37,19,21,1671,2175
2023-09-11 10:00:42,19,20,1671,2175
2023-09-11 10:00:50,18,20,1671,2175
2023-09-11 10:01:23,18,19,1671,2175
2023-09-11 10:01:27,17,19,1671,2175
2023-09-11 10:01:32,17,18,1671,2175
2023-09-11 10:01:45,16,18,1671,2175
2023-09-11 10:01:48,17,18,1671,2175
2023-09-11 10:01:52,17,19,1671,2175
2023-09-11 10:01:57,17,20,1671,2175
2023-09-11 10:02:00,17,19,1671,2175
2023-09-11 10:02:14,17,20,1671,2175
2023-09-11 10:02:24,18,20,1671,2175
2023-09-11 10:02:38,18,19,1671,2175
2023-09-11 10:02:39,17,19,1671,2175
2023-09-11 10:02:43,17,18,1671,2175
2023-09-11 10:02:44,16,18,1671,2175
2023-09-11 10:03:24,16,17,1671,2175
2023-09-11 10:03:32,16,18,1671,2175
2023-09-11 10:04:00,16,19,1671,2175
2023-09-11 10:04:02,17,19,1671,2175
2023-09-11 10:04:18,16,19,1671,2175
2023-09-11 10:04:18,16,18,1671,2175
2023-09-11 10:04:22,16,19,1671,2175
2023-09-11 10:04:23,17,19,1671,2175
2023-09-11 10:05:13,17,20,1671,2175
2023-09-11 10:05:26,17,19,1671,2175
2023-09-11 10:05:39,17,20,1671,2175
2023-09-11 10:05:45,17,19,1671,2175
2023-09-11 10:05:47,17,20,1671,2175
2023-09-11 10:05:48,18,20,1671,2175
2023-09-11 10:06:01,19,20,1671,2175
2023-09-11 10:06:01,19,21,1671,2175
2023-09-11 10:06:06,19,20,1671,2175
2023-09-11 10:06:07,18,20,1671,2175
2023-09-11 10:06:17,19,20,1671,2175
2023-09-11 10:06:17,19,21,1671,2175
2023-09-11 10:06:19,20,21,1671,2175
2023-09-11 10:06:19,20,22,1671,2175
2023-09-11 10:06:37,21,22,1671,2175
2023-09-11 10:06:54,20,22,1671,2175
2023-09-11 10:07:17,20,21,1671,2175
2023-09-11 10:07:22,20,22,1671,2175
2023-09-11 10:07:52,21,22,1671,2175
2023-09-11 10:07:52,21,23,1671,2175
2023-09-11 10:08:09,22,23,1671,2175
2023-09-11 10:08:16,21,23,1671,2175
2023-09-11 10:08:17,21,22,1671,2175
2023-09-11 10:08:19,20,22,1671,2175
2023-09-11 10:08:22,21,22,1671,2175
2023-09-11 10:08:23,20,22,1671,2175
2023-09-11 10:08:52,20,21,1671,2175
2023-09-11 10:09:05,20,22,1671,2175
2023-09-11 10:09:12,20,21,1671,2175
2023-09-11 10:09:18,20,22,1671,2175
2023-09-11 10:10:00,20,21,1671,2175
2023-09-11 10:10:11,20,22,1671,2175
2023-09-11 10:10:18,20,21,1671,2175
2023-09-11 10:10:32,20,22,1671,2175
2023-09-11 10:10:41,20,21,1671,2175
2023-09-11 10:10:43,19,21,1671,2175
2023-09-11 10:10:43,19,20,1671,2175
2023-09-11 10:11:07,18,20,1671,2175
2023-09-11 10:11:08,18,19,1671,2175
2023-09-11 10:11:20,18,20,1671,2175
2023-09-11 10:11:35,18,21,1671,2175
2023-09-11 10:11:38,19,21,1671,2175
2023-09-11 10:11:47,19,22,1671,2175
2023-09-11 10:11:47,20,22,1671,2175
2023-09-11 10:11:50,21,22,1671,2175
2023-09-11 10:11:50,21,23,1671,2175
2023-09-11 10:11:51,22,23,1671,2175
2023-09-11 10:11:52,22,24,1671,2175
2023-09-11 10:12:07,22,25,1671,2175
2023-09-11 10:12:07,23,25,1671,2175
2023-09-11 10:12:10,24,25,1671,2175
2023-09-11 10:12:10,24,26,1671,2175
2023-09-11 10:12:16,25,26,1671,2175
2023-09-11 10:12:18,25,27,1671,2175
2023-09-11 10:12:31,25,28,1671,2175
2023-09-11 10:12:35,26,28,1671,2175
2023-09-11 10:12:43,26,28,1671,2176
2023-09-11 10:13:33,26,27,1671,2176
2023-09-11 10:13:35,25,27,1671,2176
2023-09-11 10:13:36,25,26,1671,2176
2023-09-11 10:13:49,25,28,1671,2176
2023-09-11 10:13:49,25,27,1671,2176
2023-09-11 10:14:06,25,26,1671,2176
2023-09-11 10:14:15,25,27,1671,2176
2023-09-11 10:14:17,25,26,1671,2176
2023-09-11 10:14:22,25,28,1671,2176
2023-09-11 10:14:22,25,27,1671,2176
2023-09-11 10:14:23,25,26,1671,2176
2023-09-11 10:14:41,25,28,1671,2176
2023-09-11 10:14:41,25,27,1671,2176
2023-09-11 10:14:49,26,27,1671,2176
2023-09-11 10:14:57,25,27,1671,2176
2023-09-11 10:14:59,26,27,1671,2176
2023-09-11 10:15:00,25,27,1671,2176
2023-09-11 10:15:01,26,27,1671,2176
2023-09-11 10:15:05,26,29,1671,2176
2023-09-11 10:15:05,26,28,1671,2176
2023-09-11 10:15:07,26,27,1671,2176
2023-09-11 10:15:11,25,27,1671,2176
2023-09-11 10:15:12,26,27,1671,2176
2023-09-11 10:15:18,25,27,1671,2176
2023-09-11 10:15:20,25,26,1671,2176
2023-09-11 10:15:26,25,28,1671,2176
2023-09-11 10:15:26,25,27,1671,2176
2023-09-11 10:15:32,26,27,1671,2176
2023-09-11 10:15:34,25,27,1671,2176
2023-09-11 10:15:46,26,27,1671,2176
2023-09-11 10:15:53,25,27,1671,2176
2023-09-11 10:16:00,25,26,1671,2176
2023-09-11 10:16:09,25,28,1671,2176
2023-09-11 10:16:09,25,27,1671,2176
2023-09-11 10:16:13,26,27,1671,2176
2023-09-11 10:16:14,26,29,1671,2176
2023-09-11 10:16:14,26,28,1671,2176
2023-09-11 10:16:16,26,27,1671,2176
2023-09-11 10:16:33,26,29,1671,2176
2023-09-11 10:16:33,26,28,1671,2176
2023-09-11 10:16:39,26,29,1578,2269
2023-09-11 10:16:40,26,29,1531,2669
2023-09-11 10:16:41,27,29,1531,2669
2023-09-11 10:16:42,27,30,1531,3069
2023-09-11 10:16:43,28,30,1531,3069
2023-09-11 10:16:43,28,30,1591,3129
2023-09-11 10:17:07,27,30,1591,3129
2023-09-11 10:17:08,27,29,1591,3129
2023-09-11 10:17:39,27,30,1591,3129
2023-09-11 10:17:40,27,29,1591,3129
2023-09-11 10:17:59,27,30,1591,3129
2023-09-11 10:18:08,27,29,1591,3129
2023-09-11 10:18:14,27,30,1591,3129
2023-09-11 10:18:21,27,29,1591,3129
2023-09-11 10:18:44,26,29,1591,3129
2023-09-11 10:18:44,26,28,1591,3129
2023-09-11 10:18:48,26,27,1591,3129
2023-09-11 10:18:53,26,28,1591,3129
2023-09-11 10:18:57,26,29,1591,3129
2023-09-11 10:19:02,26,28,1591,3129
2023-09-11 10:19:23,26,27,1591,3129
2023-09-11 10:19:25,26,28,1591,3129
2023-09-11 10:19:40,26,29,1591,3129
2023-09-11 10:19:41,26,28,1591,3129
2023-09-11 10:19:55,26,27,1591,3129
2023-09-11 10:19:57,25,27,1591,3129
2023-09-11 10:20:01,25,28,1591,3129
2023-09-11 10:20:04,25,27,1591,3129
2023-09-11 10:20:05,25,28,1591,3129
2023-09-11 10:20:09,26,28,1591,3129
2023-09-11 10:20:11,26,28,1771,3309
2023-09-11 10:20:17,26,27,1771,3309
2023-09-11 10:20:17,25,27,1771,3309
2023-09-11 10:20:23,25,28,1771,3309
2023-09-11 10:20:26,26,28,1771,3309
2023-09-11 10:20:30,25,28,1771,3309
2023-09-11 10:20:35,26,28,1771,3309
2023-09-11 10:20:40,25,28,1771,3309
2023-09-11 10:20:42,25,27,1771,3309
2023-09-11 10:20:47,25,28,1771,3309
2023-09-11 10:20:50,26,28,1771,3309
2023-09-11 10:20:51,26,29,1771,3309
2023-09-11 10:20:55,27,29,1771,3309
2023-09-11 10:21:02,26,29,1771,3309
2023-09-11 10:21:03,26,28,1771,3309
2023-09-11 10:21:15,26,27,1771,3309
2023-09-11 10:21:15,25,27,1771,3309
2023-09-11 10:21:23,25,26,1771,3309
2023-09-11 10:21:25,24,26,1771,3309
2023-09-11 10:21:26,24,25,1771,3309
2023-09-11 10:21:44,24,25,1891,3429
2023-09-11 10:21:47,23,25,1891,3429
2023-09-11 10:21:48,23,25,1891,3430
2023-09-11 10:21:50,23,25,1892,3431
2023-09-11 10:21:57,24,25,1892,3431
2023-09-11 10:22:06,23,25,1892,3431
2023-09-11 10:22:11,24,25,1892,3431
2023-09-11 10:22:14,23,25,1892,3431
2023-09-11 10:22:23,23,24,1892,3431
2023-09-11 10:22:51,22,23,2092,3631
2023-09-11 10:22:53,22,24,2092,3631
2023-09-11 10:22:55,22,23,2092,3631
2023-09-11 10:23:04,21,23,2092,3631
2023-09-11 10:23:11,22,23,2092,3631
2023-09-11 10:23:13,22,24,2092,3631
2023-09-11 10:23:41,23,24,2092,3631
2023-09-11 10:23:41,23,25,2092,3631
2023-09-11 10:23:50,24,25,2092,3631
2023-09-11 10:24:18,23,25,2092,3631
2023-09-11 10:24:40,24,25,2092,3631
2023-09-11 10:24:59,23,25,2092,3631
2023-09-11 10:25:03,22,25,2092,3631
2023-09-11 10:25:03,22,24,2092,3631
2023-09-11 10:25:04,22,23,2092,3631
2023-09-11 10:25:19,21,23,2092,3631
2023-09-11 10:25:28,21,22,2092,3631
2023-09-11 10:25:37,20,22,2092,3631
2023-09-11 10:25:56,20,21,2092,3631
2023-09-11 10:26:02,19,21,2092,3631
2023-09-11 10:26:04,19,20,2092,3631
2023-09-11 10:27:04,18,20,2092,3631
2023-09-11 10:27:06,18,19,2092,3631
2023-09-11 10:27:30,18,20,2092,3631
2023-09-11 10:28:20,18,19,2092,3631
2023-09-11 10:28:24,17,19,2092,3631
2023-09-11 10:28:34,17,18,2092,3631
2023-09-11 10:29:16,17,19,2092,3631
2023-09-11 10:29:49,17,18,2092,3631
2023-09-11 10:30:01,17,19,2092,3631
2023-09-11 10:30:06,17,20,2092,3631
2023-09-11 10:30:07,18,20,2092,3631
2023-09-11 10:30:09,19,20,2092,3631
2023-09-11 10:30:09,19,21,2092,3631
2023-09-11 10:30:11,20,21,2092,3631
2023-09-11 10:30:12,20,22,2092,3631
2023-09-11 10:30:46,20,23,2092,3631
2023-09-11 10:30:47,21,23,2092,3631
2023-09-11 10:30:49,22,23,2092,3631
2023-09-11 10:30:57,21,23,2092,3631
2023-09-11 10:31:25,22,23,2092,3631
2023-09-11 10:31:25,22,24,2092,3631
2023-09-11 10:31:29,23,24,2092,3631
2023-09-11 10:31:31,23,25,2092,3631
2023-09-11 10:31:31,24,25,2092,3631
2023-09-11 10:31:44,25,26,2212,3751
2023-09-11 10:31:46,25,27,2212,3751
2023-09-11 10:31:48,26,27,2212,3751
2023-09-11 10:31:48,26,28,2212,3751
2023-09-11 10:31:49,27,28,2212,3751
2023-09-11 10:32:01,26,28,2212,3751
2023-09-11 10:32:04,26,27,2212,3751
2023-09-11 10:32:09,25,27,2212,3751
2023-09-11 10:32:10,25,26,2212,3751
2023-09-11 10:32:10,25,27,2212,3753
2023-09-11 10:32:11,24,27,2212,3753
2023-09-11 10:32:28,25,27,2212,3753
2023-09-11 10:32:29,24,27,2212,3753
2023-09-11 10:32:34,25,27,2212,3753
2023-09-11 10:32:45,25,28,2212,3753
2023-09-11 10:32:50,25,27,2212,3753
2023-09-11 10:33:00,24,27,2212,3753
2023-09-11 10:33:11,25,27,2212,3753
2023-09-11 10:33:26,25,28,2212,3753
2023-09-11 10:33:29,25,27,2212,3753
2023-09-11 10:33:31,24,27,2212,3753
2023-09-11 10:33:33,24,26,2212,3753
2023-09-11 10:33:33,24,25,2212,3753
2023-09-11 10:33:33,24,25,2232,3773
2023-09-11 10:33:35,23,25,2232,3773
2023-09-11 10:34:26,23,26,2232,3773
2023-09-11 10:34:37,23,25,2232,3773
2023-09-11 10:34:42,23,26,2232,3773
2023-09-11 10:34:55,23,25,2232,3773
2023-09-11 10:35:00,23,26,2232,3773
2023-09-11 10:35:02,23,25,2232,3773
2023-09-11 10:35:03,23,26,2232,3773
2023-09-11 10:35:12,23,25,2232,3773
2023-09-11 10:35:27,23,26,2232,3773
2023-09-11 10:35:28,23,27,2232,3773
2023-09-11 10:35:28,23,26,2232,3773
2023-09-11 10:35:29,24,26,2232,3773
2023-09-11 10:35:30,24,27,2232,3773
2023-09-11 10:35:30,24,26,2232,3773
2023-09-11 10:35:31,25,26,2232,3773
2023-09-11 10:35:32,24,26,2232,3773
2023-09-11 10:35:39,24,27,2232,3773
2023-09-11 10:35:41,24,26,2232,3773
2023-09-11 10:35:42,24,27,2232,3773
2023-09-11 10:35:49,25,27,2232,3773
2023-09-11 10:35:50,24,27,2232,3773
2023-09-11 10:36:01,24,26,2232,3773
2023-09-11 10:36:08,24,27,2232,3773
2023-09-11 10:36:17,25,27,2232,3773
2023-09-11 10:36:19,24,27,2232,3773
2023-09-11 10:36:26,25,27,2232,3773
2023-09-11 10:36:27,24,27,2232,3773
2023-09-11 10:36:30,25,27,2232,3773
2023-09-11 10:36:33,25,28,2232,3773
2023-09-11 10:36:45,25,27,2232,3773
2023-09-11 10:37:04,25,28,2232,3773
2023-09-11 10:37:08,25,27,2232,3773
2023-09-11 10:37:16,25,28,2232,3773
2023-09-11 10:37:17,25,27,2232,3773
2023-09-11 10:37:25,25,28,2232,3773
2023-09-11 10:37:26,25,27,2232,3773
2023-09-11 10:37:29,25,28,2232,3773
2023-09-11 10:37:43,25,27,2232,3773
2023-09-11 10:37:58,25,26,2232,3773
2023-09-11 10:37:59,24,26,2232,3773
2023-09-11 10:38:12,24,27,2232,3773
2023-09-11 10:38:12,25,27,2232,3773
2023-09-11 10:38:22,24,27,2232,3773
2023-09-11 10:38:23,24,26,2232,3773
2023-09-11 10:38:26,24,27,2232,3773
2023-09-11 10:38:27,24,26,2232,3773
2023-09-11 10:38:28,24,27,2232,3773
2023-09-11 10:38:30,24,26,2232,3773
2023-09-11 10:38:36,24,27,2232,3773
2023-09-11 10:38:51,24,26,2232,3773
2023-09-11 10:38:54,24,25,2232,3773
2023-09-11 10:38:56,23,25,2232,3773
2023-09-11 10:39:34,23,26,2232,3773
2023-09-11 10:39:35,24,26,2232,3773
2023-09-11 10:39:36,23,26,2232,3773
2023-09-11 10:39:38,24,26,2232,3773
2023-09-11 10:39:49,23,26,2232,3773
2023-09-11 10:39:56,23,25,2232,3773
2023-09-11 10:39:58,23,26,2232,3773
2023-09-11 10:40:04,24,26,2232,3773
2023-09-11 10:40:09,24,27,2232,3773
2023-09-11 10:40:10,24,26,2232,3773
2023-09-11 10:40:15,23,26,2232,3773
2023-09-11 10:40:17,23,25,2232,3773
2023-09-11 10:40:25,24,25,2232,3773
2023-09-11 10:40:26,23,25,2232,3773
2023-09-11 10:40:29,23,24,2232,3773
2023-09-11 10:40:29,22,24,2232,3773
2023-09-11 10:40:29,23,24,2232,3773
2023-09-11 10:40:30,22,24,2232,3773
2023-09-11 10:40:33,22,23,2232,3773
2023-09-11 10:40:34,21,23,2232,3773
2023-09-11 10:41:01,21,24,2232,3773
2023-09-11 10:41:04,21,23,2232,3773
2023-09-11 10:41:12,21,24,2232,3773
2023-09-11 10:41:13,21,23,2232,3773
2023-09-11 10:41:21,21,24,2232,3773
2023-09-11 10:41:22,21,23,2232,3773
2023-09-11 10:41:27,21,24,2232,3773
2023-09-11 10:41:33,22,24,2232,3773
2023-09-11 10:41:34,22,23,2232,3773
2023-09-11 10:41:34,21,23,2232,3773
2023-09-11 10:41:40,21,22,2232,3773
2023-09-11 10:41:41,20,22,2232,3773
2023-09-11 10:41:54,20,21,2232,3773
2023-09-11 10:41:55,19,21,2232,3773
2023-09-11 10:42:18,19,20,2232,3773
2023-09-11 10:42:32,18,20,2232,3773
2023-09-11 10:42:43,19,20,2232,3773
2023-09-11 10:42:45,19,21,2232,3773
2023-09-11 10:43:02,19,22,2232,3773
2023-09-11 10:43:04,19,21,2232,3773
2023-09-11 10:43:45,18,21,2232,3773
2023-09-11 10:43:49,18,20,2232,3773
2023-09-11 10:43:58,18,21,2232,3773
2023-09-11 10:44:01,18,20,2232,3773
2023-09-11 10:44:16,18,21,2232,3773
2023-09-11 10:44:17,18,20,2232,3773
2023-09-11 10:44:18,18,21,2232,3773
2023-09-11 10:44:19,18,20,2232,3773
2023-09-11 10:44:20,18,21,2232,3773
2023-09-11 10:44:23,19,21,2232,3773
2023-09-11 10:44:42,19,22,2232,3773
2023-09-11 10:44:55,19,21,2232,3773
2023-09-11 10:45:08,18,21,2232,3773
2023-09-11 10:45:25,18,20,2232,3773
2023-09-11 10:45:58,17,20,2232,3773
2023-09-11 10:45:58,17,19,2232,3773
2023-09-11 10:46:39,17,18,2232,3773
2023-09-11 10:46:57,17,19,2232,3773
2023-09-11 10:47:05,17,18,2232,3773
2023-09-11 10:47:07,16,18,2232,3773
2023-09-11 10:47:19,16,17,2232,3773
2023-09-11 10:48:07,15,17,2232,3773
2023-09-11 10:50:02,15,16,2232,3773
2023-09-11 10:50:13,15,16,2032,3973
2023-09-11 10:50:17,15,16,1832,4173
2023-09-11 10:50:43,15,17,1832,4173
2023-09-11 10:51:18,15,16,1832,4173
2023-09-11 10:52:39,14,16,1632,4373
2023-09-11 10:53:05,14,15,1632,4373
2023-09-11 10:53:07,13,15,1632,4373
2023-09-11 10:53:27,13,16,1632,4373
2023-09-11 10:53:28,14,16,1632,4373
2023-09-11 10:53:31,14,17,1632,4373
2023-09-11 10:53:33,15,17,1632,4373
2023-09-11 10:53:42,14,17,1632,4373
2023-09-11 10:53:44,14,16,1632,4373
2023-09-11 10:53:45,14,17,1632,4373
2023-09-11 10:53:45,14,16,1632,4373
2023-09-11 10:53:46,14,17,1632,4373
2023-09-11 10:53:49,14,16,1632,4373
2023-09-11 10:54:02,14,17,1632,4373
2023-09-11 10:54:04,15,17,1632,4373
2023-09-11 10:54:09,15,18,1632,4373
2023-09-11 10:54:10,16,18,1632,4373
2023-09-11 10:54:12,16,19,1632,4373
2023-09-11 10:54:15,16,18,1632,4373
2023-09-11 10:54:29,16,19,1632,4373
2023-09-11 10:54:31,16,18,1632,4373
2023-09-11 10:54:32,17,18,1632,4373
2023-09-11 10:54:32,17,19,1632,4373
2023-09-11 10:54:41,17,18,1632,4373
2023-09-11 10:54:53,16,18,1632,4373
2023-09-11 10:54:56,16,19,1632,4373
2023-09-11 10:54:57,17,19,1632,4373
2023-09-11 10:55:19,16,19,1632,4373
2023-09-11 10:55:25,16,18,1632,4373
2023-09-11 10:55:26,16,17,1632,4373
2023-09-11 10:55:28,16,18,1632,4373
2023-09-11 10:55:34,17,18,1632,4373
2023-09-11 10:55:34,17,19,1632,4373
2023-09-11 10:55:54,16,19,1632,4373
2023-09-11 10:55:54,16,18,1632,4373
2023-09-11 10:55:55,16,17,1632,4373
2023-09-11 10:55:55,15,17,1632,4373
2023-09-11 10:56:07,15,18,1632,4373
2023-09-11 10:56:11,15,17,1632,4373
2023-09-11 10:56:32,14,17,1632,4373
2023-09-11 10:56:38,15,17,1632,4373
2023-09-11 10:56:43,15,18,1632,4373
2023-09-11 10:56:45,16,18,1632,4373
2023-09-11 10:56:50,16,19,1632,4373
2023-09-11 10:56:51,17,19,1632,4373
2023-09-11 10:57:12,18,19,1632,4373
2023-09-11 10:57:14,18,20,1632,4373
2023-09-11 10:57:15,19,20,1632,4373
2023-09-11 10:57:15,19,21,1632,4373
2023-09-11 10:57:16,20,21,1632,4373
2023-09-11 10:57:21,20,22,1632,4373
2023-09-11 10:57:36,21,22,1632,4373
2023-09-11 10:57:40,21,23,1632,4373
2023-09-11 10:57:43,22,23,1632,4373
2023-09-11 10:57:44,22,24,1632,4373
2023-09-11 10:57:52,22,23,1632,4373
2023-09-11 10:57:54,22,24,1632,4373
2023-09-11 10:57:55,22,23,1632,4373
2023-09-11 10:57:57,22,24,1632,4373
2023-09-11 10:58:17,22,25,1632,4373
2023-09-11 10:58:17,23,25,1632,4373
2023-09-11 10:58:20,23,26,1632,4373
2023-09-11 10:58:32,24,25,1632,4373
2023-09-11 10:58:36,23,25,1632,4373
2023-09-11 10:58:44,23,26,1632,4373
2023-09-11 10:58:47,23,25,1632,4373
2023-09-11 10:58:55,22,25,1632,4373
2023-09-11 10:59:02,22,24,1632,4373
2023-09-11 10:59:03,21,24,1632,4373
2023-09-11 10:59:09,21,23,1632,4373
2023-09-11 10:59:26,21,24,1632,4373
2023-09-11 10:59:34,21,25,1632,4373
2023-09-11 10:59:34,21,24,1632,4373
2023-09-11 10:59:36,22,24,1632,4373
2023-09-11 10:59:37,21,24,1632,4373
2023-09-11 10:59:44,22,24,1632,4373
2023-09-11 10:59:45,22,25,1632,4373
2023-09-11 10:59:45,22,24,1632,4373
2023-09-11 10:59:48,21,24,1632,4373
2023-09-11 10:59:52,22,24,1632,4373
2023-09-11 11:00:17,21,24,1632,4373
2023-09-11 11:00:18,21,23,1632,4373
2023-09-11 11:00:21,21,24,1632,4373
2023-09-11 11:00:21,21,23,1632,4373
2023-09-11 11:00:22,22,23,1632,4373
2023-09-11 11:00:23,22,24,1632,4373
2023-09-11 11:00:25,21,24,1632,4373
2023-09-11 11:00:27,22,24,1632,4373
2023-09-11 11:00:31,22,23,1632,4373
2023-09-11 11:00:31,21,23,1632,4373
2023-09-11 11:00:36,22,23,1632,4373
2023-09-11 11:00:41,22,24,1632,4373
2023-09-11 11:00:43,22,25,1632,4373
2023-09-11 11:00:46,23,25,1632,4373
2023-09-11 11:00:47,22,25,1632,4373
2023-09-11 11:00:51,23,25,1632,4373
2023-09-11 11:01:00,22,25,1632,4373
2023-09-11 11:01:04,23,25,1632,4373
2023-09-11 11:01:12,23,26,1632,4373
2023-09-11 11:01:16,24,26,1632,4373
2023-09-11 11:01:20,23,26,1632,4373
2023-09-11 11:01:28,23,25,1632,4373
2023-09-11 11:01:29,23,26,1632,4373
2023-09-11 11:01:43,24,26,1632,4373
2023-09-11 11:01:59,23,26,1632,4373
2023-09-11 11:02:07,23,25,1632,4373
2023-09-11 11:02:08,22,25,1632,4373
2023-09-11 11:02:10,22,24,1632,4373
2023-09-11 11:02:14,22,25,1632,4373
2023-09-11 11:02:31,22,24,1632,4373
2023-09-11 11:02:36,22,25,1632,4373
2023-09-11 11:02:40,22,24,1632,4373
2023-09-11 11:02:57,22,25,1632,4373
2023-09-11 11:03:06,23,25,1632,4373
2023-09-11 11:03:07,22,25,1632,4373
2023-09-11 11:03:09,23,25,1632,4373
2023-09-11 11:03:11,23,26,1632,4373
2023-09-11 11:03:13,24,26,1632,4373
2023-09-11 11:04:19,25,26,1632,4373
2023-09-11 11:04:45,24,26,1632,4373
2023-09-11 11:04:53,24,25,1632,4373
2023-09-11 11:04:55,23,25,1632,4373
2023-09-11 11:04:56,22,25,1632,4373
2023-09-11 11:05:02,23,25,1632,4373
2023-09-11 11:05:06,22,25,1632,4373
2023-09-11 11:05:07,23,25,1632,4373
2023-09-11 11:05:17,23,26,1632,4373
2023-09-11 11:05:25,23,25,1632,4373
2023-09-11 11:05:30,23,26,1632,4373
2023-09-11 11:05:36,23,25,1632,4373
2023-09-11 11:05:43,22,25,1632,4373
2023-09-11 11:05:45,22,24,1632,4373
2023-09-11 11:05:56,22,25,1632,4373
2023-09-11 11:05:57,23,25,1632,4373
2023-09-11 11:06:07,23,24,1632,4373
2023-09-11 11:06:07,22,24,1632,4373
2023-09-11 11:06:36,21,24,1632,4373
2023-09-11 11:06:38,21,23,1632,4373
2023-09-11 11:06:39,21,22,1632,4373
2023-09-11 11:07:01,21,23,1632,4373
2023-09-11 11:07:04,21,24,1632,4373
2023-09-11 11:07:05,22,24,1632,4373
2023-09-11 11:07:07,23,24,1632,4373
2023-09-11 11:07:11,22,24,1632,4373
2023-09-11 11:08:16,21,24,1632,4373
2023-09-11 11:08:20,21,23,1632,4373
2023-09-11 11:08:44,21,24,1632,4373
2023-09-11 11:08:45,22,24,1632,4373
2023-09-11 11:08:49,21,24,1632,4373
2023-09-11 11:08:51,21,23,1632,4373
2023-09-11 11:08:52,22,23,1632,4373
2023-09-11 11:08:52,22,24,1632,4373
2023-09-11 11:08:54,22,23,1632,4373
2023-09-11 11:08:55,22,24,1632,4373
2023-09-11 11:08:56,21,24,1632,4373
2023-09-11 11:08:56,21,23,1632,4373
2023-09-11 11:08:58,22,23,1632,4373
2023-09-11 11:08:58,22,24,1632,4373
2023-09-11 11:09:32,23,24,1632,4373
2023-09-11 11:09:33,22,24,1632,4373
2023-09-11 11:09:34,23,24,1632,4373
2023-09-11 11:09:41,22,24,1632,4373
2023-09-11 11:10:14,22,23,1632,4373
2023-09-11 11:10:17,22,24,1632,4373
2023-09-11 11:10:22,23,24,1632,4373
2023-09-11 11:10:24,22,24,1632,4373
2023-09-11 11:10:33,21,24,1632,4373
2023-09-11 11:10:34,21,23,1632,4373
2023-09-11 11:10:40,21,24,1632,4373
2023-09-11 11:10:47,21,23,1632,4373
2023-09-11 11:10:52,22,23,1632,4373
2023-09-11 11:10:53,22,24,1632,4373
2023-09-11 11:10:54,21,24,1632,4373
2023-09-11 11:10:54,21,23,1632,4373
2023-09-11 11:10:55,21,24,1632,4373
2023-09-11 11:10:58,21,23,1632,4373
2023-09-11 11:11:20,21,24,1632,4373
2023-09-11 11:11:21,22,24,1632,4373
2023-09-11 11:11:21,22,23,1632,4373
2023-09-11 11:11:22,22,24,1632,4373
2023-09-11 11:11:23,22,23,1632,4373
2023-09-11 11:11:27,22,24,1632,4373
2023-09-11 11:11:33,22,25,1632,4373
2023-09-11 11:11:39,22,24,1632,4373
2023-09-11 11:11:51,21,24,1632,4373
2023-09-11 11:11:56,22,24,1632,4373
2023-09-11 11:12:14,22,25,1632,4373
2023-09-11 11:12:17,22,24,1632,4373
2023-09-11 11:12:24,22,25,1632,4373
2023-09-11 11:12:30,23,25,1632,4373
2023-09-11 11:12:32,23,26,1632,4373
2023-09-11 11:12:33,23,25,1632,4373
2023-09-11 11:12:34,23,26,1632,4373
2023-09-11 11:12:40,23,25,1632,4373
2023-09-11 11:12:48,24,25,1632,4373
2023-09-11 11:12:51,23,25,1632,4373
2023-09-11 11:13:02,22,25,1632,4373
2023-09-11 11:13:09,23,25,1632,4373
2023-09-11 11:13:14,23,26,1632,4373
2023-09-11 11:13:21,24,26,1632,4373
2023-09-11 11:13:29,23,26,1632,4373
2023-09-11 11:13:30,23,25,1632,4373
2023-09-11 11:13:41,22,25,1632,4373
2023-09-11 11:13:47,22,24,1632,4373
2023-09-11 11:13:48,21,24,1632,4373
2023-09-11 11:13:53,22,24,1632,4373
2023-09-11 11:13:54,21,24,1632,4373
2023-09-11 11:14:04,22,24,1632,4373
2023-09-11 11:14:05,21,24,1632,4373
2023-09-11 11:14:22,21,23,1632,4373
2023-09-11 11:14:24,21,22,1632,4373
2023-09-11 11:14:47,20,22,1632,4373
2023-09-11 11:15:15,20,21,1632,4373
2023-09-11 11:15:30,20,22,1632,4373
2023-09-11 11:15:39,20,21,1632,4373
2023-09-11 11:15:42,20,22,1632,4373
2023-09-11 11:15:43,20,21,1632,4373
2023-09-11 11:15:55,20,22,1632,4373
2023-09-11 11:16:03,20,21,1632,4373
2023-09-11 11:16:10,20,22,1632,4373
2023-09-11 11:16:16,20,21,1632,4373
2023-09-11 11:16:38,19,21,1632,4373
2023-09-11 11:16:42,19,20,1632,4373
2023-09-11 11:16:44,18,20,1632,4373
2023-09-11 11:17:07,18,19,1632,4373
2023-09-11 11:17:39,17,19,1632,4373
2023-09-11 11:18:04,17,18,1632,4373
2023-09-11 11:18:06,17,19,1632,4373
2023-09-11 11:18:06,17,18,1632,4373
2023-09-11 11:18:10,16,18,1632,4373
2023-09-11 11:18:15,16,17,1632,4373
2023-09-11 11:18:48,16,19,1632,4373
2023-09-11 11:18:49,16,18,1632,4373
2023-09-11 11:20:01,16,17,1632,4373
2023-09-11 11:20:05,16,18,1632,4373
2023-09-11 11:22:31,15,18,1632,4373
2023-09-11 11:22:34,15,17,1632,4373
2023-09-11 11:22:59,15,18,1632,4373
2023-09-11 11:23:13,16,18,1632,4373
2023-09-11 11:23:24,17,18,1632,4373
2023-09-11 11:23:25,17,19,1632,4373
2023-09-11 11:23:28,17,18,1632,4373
2023-09-11 11:23:30,17,19,1632,4373
2023-09-11 11:23:32,17,18,1632,4373
2023-09-11 11:23:34,16,18,1632,4373
2023-09-11 11:23:46,15,18,1632,4373
2023-09-11 11:23:47,15,17,1632,4373
2023-09-11 11:24:07,15,17,1633,4374
2023-09-11 11:24:22,15,16,1633,4374
2023-09-11 11:24:46,14,16,1633,4374
2023-09-11 11:24:46,14,15,1633,4374
2023-09-11 11:24:51,13,15,1633,4374
2023-09-11 11:24:51,13,14,1633,4374
2023-09-11 11:25:02,12,14,1633,4374
2023-09-11 11:25:02,11,14,1633,4374
2023-09-11 11:25:03,11,13,1633,4374
2023-09-11 11:25:04,12,13,1633,4374
2023-09-11 11:25:04,12,13,1633,4375
2023-09-11 11:25:05,11,13,1633,4375
2023-09-11 11:25:08,11,12,1633,4375
2023-09-11 11:27:03,10,12,1633,4375
2023-09-11 11:27:18,10,12,1634,4376
2023-09-11 11:27:36,10,11,1634,4376
2023-09-11 11:29:01,9,11,1634,4376
2023-09-11 11:29:04,9,10,1634,4376
2023-09-11 11:29:11,8,10,1634,4376
2023-09-11 11:29:26,8,11,1634,4376
2023-09-11 11:29:26,9,11,1634,4376
2023-09-11 11:29:54,9,10,1634,4376
2023-09-11 11:29:58,9,11,1634,4376
2023-09-11 11:30:06,10,11,1634,4376
2023-09-11 11:30:10,10,12,1634,4376
2023-09-11 11:30:18,11,12,1634,4376
2023-09-11 11:30:35,10,12,1634,4376
2023-09-11 11:31:16,9,12,1634,4376
2023-09-11 11:31:19,9,11,1634,4376
2023-09-11 11:31:26,9,12,1634,4376
2023-09-11 11:31:32,9,11,1634,4376
2023-09-11 11:31:38,9,12,1634,4376
2023-09-11 11:31:46,9,11,1634,4376
2023-09-11 11:31:58,9,12,1634,4376
2023-09-11 11:32:07,9,11,1634,4376
2023-09-11 11:32:08,9,12,1634,4376
2023-09-11 11:32:10,9,11,1634,4376
2023-09-11 11:32:12,9,12,1634,4376
2023-09-11 11:32:14,9,11,1634,4376
2023-09-11 11:32:17,9,12,1634,4376
2023-09-11 11:32:19,9,11,1634,4376
2023-09-11 11:32:43,9,12,1634,4376
2023-09-11 11:32:44,9,11,1634,4376
2023-09-11 11:33:02,8,11,1634,4376
2023-09-11 11:33:07,9,11,1634,4376
2023-09-11 11:33:09,8,11,1634,4376
2023-09-11 11:33:15,9,11,1634,4376
2023-09-11 11:33:16,8,11,1634,4376
2023-09-11 11:33:18,9,11,1634,4376
2023-09-11 11:33:22,8,11,1634,4376
2023-09-11 11:33:24,8,10,1634,4376
2023-09-11 11:33:29,8,11,1634,4376
2023-09-11 11:33:29,9,11,1634,4376
2023-09-11 11:33:36,8,11,1634,4376
2023-09-11 11:33:41,9,11,1634,4376
2023-09-11 11:33:42,8,11,1634,4376
2023-09-11 11:33:44,9,11,1634,4376
2023-09-11 11:33:52,8,11,1634,4376
2023-09-11 11:33:56,9,11,1634,4376
2023-09-11 11:33:57,8,11,1634,4376
2023-09-11 11:33:58,9,11,1634,4376
2023-09-11 11:33:59,8,11,1634,4376
2023-09-11 11:34:01,9,11,1634,4376
2023-09-11 11:34:15,9,12,1634,4376
2023-09-11 11:34:26,9,11,1634,4376
2023-09-11 11:34:30,9,12,1634,4376
2023-09-11 11:34:38,9,11,1634,4376
2023-09-11 11:34:39,9,12,1634,4376
2023-09-11 11:34:41,9,11,1634,4376
2023-09-11 11:34:44,9,12,1634,4376
2023-09-11 11:34:47,9,11,1634,4376
2023-09-11 11:34:48,9,12,1634,4376
2023-09-11 11:35:02,10,12,1634,4376
2023-09-11 11:35:11,9,12,1634,4376
2023-09-11 11:35:19,9,11,1634,4376
2023-09-11 11:35:21,9,12,1634,4376
2023-09-11 11:35:29,10,12,1634,4376
2023-09-11 11:35:46,9,12,1634,4376
2023-09-11 11:35:56,9,11,1634,4376
2023-09-11 11:36:02,9,12,1634,4376
2023-09-11 11:36:29,9,11,1634,4376
2023-09-11 11:37:24,8,11,1634,4376
2023-09-11 11:37:30,9,11,1634,4376
2023-09-11 11:37:31,8,11,1634,4376
2023-09-11 11:37:47,8,9,1634,4376
2023-09-11 11:38:28,8,11,1634,4376
2023-09-11 11:38:28,9,11,1634,4376
2023-09-11 11:38:34,8,11,1634,4376
2023-09-11 11:38:36,8,10,1634,4376
2023-09-11 11:39:20,9,10,1634,4376
2023-09-11 11:39:21,8,10,1634,4376
2023-09-11 11:39:27,9,10,1634,4376
2023-09-11 11:39:28,8,10,1634,4376
2023-09-11 11:39:40,9,10,1634,4376
2023-09-11 11:39:46,9,11,1634,4376
2023-09-11 11:39:51,8,11,1634,4376
2023-09-11 11:39:55,9,11,1634,4376
2023-09-11 11:40:11,9,10,1634,4376
2023-09-11 11:40:13,8,10,1634,4376
2023-09-11 11:41:29,9,10,1634,4376
2023-09-11 11:41:31,9,11,1634,4376
2023-09-11 11:42:19,9,12,1634,4376
2023-09-11 11:42:24,10,12,1634,4376
2023-09-11 11:42:34,11,12,1634,4376
2023-09-11 11:42:43,12,13,1635,4377
2023-09-11 11:42:51,11,13,1635,4377
2023-09-11 11:43:16,12,13,1635,4377
2023-09-11 11:43:19,12,14,1635,4377
2023-09-11 11:43:30,13,14,1635,4377
2023-09-11 11:43:31,14,15,1635,4377
2023-09-11 11:43:35,13,15,1635,4377
2023-09-11 11:43:41,14,15,1635,4377
2023-09-11 11:43:46,13,15,1635,4377
2023-09-11 11:43:49,14,15,1635,4377
2023-09-11 11:44:04,13,15,1635,4377
2023-09-11 11:44:05,12,15,1635,4377
2023-09-11 11:44:05,13,15,1635,4377
2023-09-11 11:44:07,12,15,1635,4377
2023-09-11 11:44:08,13,15,1635,4377
2023-09-11 11:45:20,14,15,1635,4377
2023-09-11 11:45:31,14,16,1635,4377
2023-09-11 11:46:32,15,16,1635,4377
2023-09-11 11:46:34,15,17,1635,4377
2023-09-11 11:46:40,14,17,1635,4377
2023-09-11 11:46:44,15,17,1635,4377
2023-09-11 11:46:45,16,17,1635,4377
2023-09-11 11:46:56,16,18,1635,4377
2023-09-11 11:47:20,17,18,1635,4377
2023-09-11 11:47:37,16,18,1635,4377
2023-09-11 11:48:03,17,18,1635,4377
2023-09-11 11:48:36,16,18,1635,4377
2023-09-11 11:48:41,17,18,1635,4377
2023-09-11 11:48:42,16,18,1635,4377
2023-09-11 11:48:45,17,18,1635,4377
2023-09-11 11:48:46,16,18,1635,4377
2023-09-11 11:49:03,17,18,1635,4377
2023-09-11 11:49:09,16,18,1635,4377
2023-09-11 11:49:22,15,18,1635,4377
2023-09-11 11:49:27,15,17,1635,4377
2023-09-11 11:49:38,14,17,1635,4377
2023-09-11 11:49:56,15,17,1635,4377
2023-09-11 11:50:20,14,17,1635,4377
2023-09-11 11:50:27,14,16,1635,4377
2023-09-11 11:50:28,14,15,1635,4377
2023-09-11 11:51:00,14,16,1635,4377
2023-09-11 11:51:03,14,17,1635,4377
2023-09-11 11:51:05,15,17,1635,4377
2023-09-11 11:51:22,14,17,1635,4377
2023-09-11 11:51:24,15,17,1635,4377
2023-09-11 11:51:29,14,17,1635,4377
2023-09-11 11:51:30,15,17,1635,4377
2023-09-11 11:51:44,14,17,1635,4377
2023-09-11 11:51:45,14,16,1635,4377
2023-09-11 11:51:58,15,16,1635,4377
2023-09-11 11:52:00,15,17,1635,4377
2023-09-11 11:52:02,15,16,1635,4377
2023-09-11 11:52:03,14,16,1635,4377
2023-09-11 11:52:14,15,16,1635,4377
2023-09-11 11:52:16,15,17,1635,4377
2023-09-11 11:52:17,15,16,1635,4377
2023-09-11 11:52:18,14,16,1635,4377
2023-09-11 11:52:26,14,17,1635,4377
2023-09-11 11:52:28,14,16,1635,4377
2023-09-11 11:52:30,14,17,1635,4377
2023-09-11 11:52:32,14,16,1635,4377
2023-09-11 11:52:34,14,17,1635,4377
2023-09-11 11:52:38,14,16,1635,4377
2023-09-11 11:52:55,14,17,1635,4377
2023-09-11 11:52:58,15,17,1635,4377
2023-09-11 11:53:11,15,18,1635,4377
2023-09-11 11:53:14,15,17,1635,4377
2023-09-11 11:53:21,14,17,1635,4377
2023-09-11 11:53:25,14,16,1635,4377
2023-09-11 11:53:38,14,17,1635,4377
2023-09-11 11:54:55,14,16,1635,4377
2023-09-11 11:54:56,14,17,1635,4377
2023-09-11 11:55:01,14,16,1635,4377
2023-09-11 11:55:46,13,16,1635,4377
2023-09-11 11:56:05,14,16,1635,4377
2023-09-11 11:56:08,14,17,1635,4377
2023-09-11 11:56:16,15,17,1635,4377
2023-09-11 11:56:27,15,18,1635,4377
2023-09-11 11:56:27,16,18,1635,4377
2023-09-11 11:57:25,15,18,1635,4377
2023-09-11 11:57:32,15,17,1635,4377
2023-09-11 11:57:53,14,17,1635,4377
2023-09-11 11:58:06,14,16,1635,4377
2023-09-11 11:58:08,14,17,1635,4377
2023-09-11 11:58:18,14,16,1635,4377
2023-09-11 11:58:39,14,17,1635,4377
2023-09-11 11:58:46,14,16,1635,4377
2023-09-11 11:58:52,14,17,1635,4377
2023-09-11 11:59:02,15,17,1635,4377
2023-09-11 11:59:05,15,18,1635,4377
2023-09-11 11:59:07,15,17,1635,4377
2023-09-11 11:59:12,15,18,1635,4377
2023-09-11 11:59:24,15,17,1635,4377
2023-09-11 11:59:26,15,18,1635,4377
2023-09-11 12:00:06,15,17,1635,4377
2023-09-11 12:00:17,14,17,1635,4377
2023-09-11 12:00:34,14,16,1635,4377
2023-09-11 12:00:36,13,16,1635,4377
2023-09-11 12:00:37,13,15,1635,4377
2023-09-11 12:00:38,13,16,1635,4377
2023-09-11 12:00:38,13,15,1635,4377
2023-09-11 12:02:26,13,14,1635,4377
2023-09-11 12:02:58,12,14,1635,4377
2023-09-11 12:03:58,12,15,1635,4377
2023-09-11 12:03:59,13,15,1635,4377
2023-09-11 12:04:04,13,16,1635,4377
2023-09-11 12:04:07,13,15,1635,4377
2023-09-11 12:04:16,13,16,1635,4377
2023-09-11 12:04:18,13,15,1635,4377
2023-09-11 12:04:29,13,16,1635,4377
2023-09-11 12:04:34,13,15,1635,4377
2023-09-11 12:04:36,13,16,1635,4377
2023-09-11 12:04:38,13,15,1635,4377
2023-09-11 12:04:45,13,16,1635,4377
2023-09-11 12:04:52,13,17,1635,4377
2023-09-11 12:04:52,13,16,1635,4377
2023-09-11 12:04:58,14,17,1635,4377
2023-09-11 12:05:15,15,17,1635,4377
2023-09-11 12:05:15,15,18,1635,4377
2023-09-11 12:05:16,15,17,1635,4377
2023-09-11 12:05:17,15,18,1635,4377
2023-09-11 12:05:22,16,18,1635,4377
2023-09-11 12:05:56,16,17,1635,4377
2023-09-11 12:06:14,15,17,1635,4377
2023-09-11 12:06:41,14,17,1635,4377
2023-09-11 12:06:44,14,16,1635,4377
2023-09-11 12:07:04,13,16,1635,4377
2023-09-11 12:08:07,13,15,1635,4377
2023-09-11 12:08:56,12,15,1635,4377
2023-09-11 12:09:07,13,15,1635,4377
2023-09-11 12:09:13,12,15,1635,4377
2023-09-11 12:09:28,13,15,1635,4377
2023-09-11 12:09:38,12,15,1635,4977
2023-09-11 12:09:38,12,13,1635,4977
2023-09-11 12:09:38,10,13,1635,4977
2023-09-11 12:09:39,11,13,1635,4977
2023-09-11 12:09:39,11,12,1635,4977
2023-09-11 12:09:39,12,13,1715,5057
2023-09-11 12:09:40,10,12,1715,5174
2023-09-11 12:09:42,10,11,1715,5174
2023-09-11 12:10:18,10,11,1715,5374
2023-09-11 12:13:44,9,11,1715,5374
2023-09-11 12:13:44,8,11,1715,5374
2023-09-11 12:13:44,8,10,1715,5374
2023-09-11 12:13:45,9,10,1715,5374
2023-09-11 12:13:46,8,10,1715,5374
2023-09-11 12:14:04,8,9,1715,5374
2023-09-11 12:14:26,8,9,1715,5574
2023-09-11 12:14:26,8,11,1715,5574
2023-09-11 12:14:26,8,10,1715,5574
2023-09-11 12:15:01,8,11,1715,5574
2023-09-11 12:15:01,8,9,1715,5574
2023-09-11 12:15:18,8,11,1715,5574
2023-09-11 12:15:18,8,10,1715,5574
2023-09-11 12:15:19,9,10,1715,5574
2023-09-11 12:15:25,8,10,1715,5574
2023-09-11 12:15:32,8,11,1715,5574
2023-09-11 12:15:32,8,9,1715,5574
2023-09-11 12:16:53,9,11,1715,5657
2023-09-11 12:16:59,8,11,1715,5657
2023-09-11 12:17:38,8,10,1715,5657
2023-09-11 12:17:42,8,11,1715,5657
2023-09-11 12:18:34,9,11,1715,5657
2023-09-11 12:18:37,8,11,1715,5657
2023-09-11 12:18:40,9,11,1715,5657
2023-09-11 12:18:47,9,12,1715,5657
2023-09-11 12:19:12,10,12,1715,5657
2023-09-11 12:19:32,10,13,1715,5657
2023-09-11 12:19:45,11,13,1715,5657
2023-09-11 12:19:57,10,13,1715,5657
2023-09-11 12:20:02,10,12,1715,5657
2023-09-11 12:20:03,10,13,1715,5657
2023-09-11 12:20:19,11,13,1715,5657
2023-09-11 12:20:57,10,13,1715,5657
2023-09-11 12:21:01,11,13,1715,5657
2023-09-11 12:21:32,10,13,1715,5657
2023-09-11 12:21:38,11,13,1715,5657
2023-09-11 12:21:46,11,14,1715,5657
2023-09-11 12:21:59,12,14,1715,5657
2023-09-11 12:22:10,11,14,1715,5657
2023-09-11 12:22:11,11,13,1715,5657
2023-09-11 12:22:13,11,14,1715,5657
2023-09-11 12:22:14,11,13,1715,5657
2023-09-11 12:23:04,10,13,1715,5657
2023-09-11 12:23:10,11,13,1715,5657
2023-09-11 12:23:19,11,14,1715,5657
2023-09-11 12:23:36,11,13,1715,5657
2023-09-11 12:23:53,12,13,1715,5657
2023-09-11 12:24:00,11,13,1715,5657
2023-09-11 12:24:07,10,13,1715,5657
2023-09-11 12:24:22,11,13,1715,5657
2023-09-11 12:24:34,11,14,1715,5657
2023-09-11 12:25:01,11,13,1715,5657
2023-09-11 12:25:31,10,13,1715,5657
2023-09-11 12:25:32,10,12,1715,5657
2023-09-11 12:25:51,9,12,1715,5657
2023-09-11 12:26:08,9,11,1715,5657
2023-09-11 12:26:50,9,10,1715,5657
2023-09-11 12:27:17,8,10,1715,5657
2023-09-11 12:28:02,8,9,1715,5657
2023-09-11 12:28:10,7,9,1715,5657
2023-09-11 12:28:27,7,8,1715,5657
2023-09-11 12:28:37,6,8,1715,5657
2023-09-11 12:28:38,6,7,1715,5657
2023-09-11 12:29:08,5,7,1715,5657
2023-09-11 12:29:08,5,6,1715,5657
2023-09-11 12:29:08,4,6,1715,5657
2023-09-11 12:29:09,4,7,1715,5657
2023-09-11 12:29:09,5,7,1715,5657
2023-09-11 12:29:10,4,7,1715,5657
2023-09-11 12:29:12,4,6,1715,5657
2023-09-11 12:29:17,4,7,1715,5657
2023-09-11 12:29:18,4,6,1715,5657
2023-09-11 12:29:52,4,7,1715,5657
2023-09-11 12:30:05,4,6,1715,5657
2023-09-11 12:30:12,4,7,1715,5657
2023-09-11 12:30:26,4,6,1715,5657
2023-09-11 12:30:27,4,7,1715,5657
2023-09-11 12:30:46,5,7,1715,5657
2023-09-11 12:31:10,6,7,1715,5657
2023-09-11 12:31:14,6,8,1715,5657
2023-09-11 12:31:21,5,8,1715,5657
2023-09-11 12:31:22,6,8,1715,5657
2023-09-11 12:31:23,6,7,1715,5657
2023-09-11 12:31:23,5,7,1715,5657
2023-09-11 12:31:25,5,8,1715,5657
2023-09-11 12:31:25,6,8,1715,5657
2023-09-11 12:31:39,5,8,1715,5657
2023-09-11 12:31:42,5,7,1715,5657
2023-09-11 12:31:43,6,7,1715,5657
2023-09-11 12:32:02,6,8,1715,5657
2023-09-11 12:32:13,6,9,1715,5657
2023-09-11 12:32:25,6,8,1715,5657
2023-09-11 12:32:47,6,9,1715,5657
2023-09-11 12:33:16,6,8,1715,5657
2023-09-11 12:33:52,6,7,1715,5657
2023-09-11 12:33:57,6,8,1715,5657
2023-09-11 12:34:28,6,9,1715,5657
2023-09-11 12:34:31,6,8,1715,5657
2023-09-11 12:34:37,6,9,1715,5657
2023-09-11 12:34:38,6,8,1715,5657
2023-09-11 12:34:39,6,9,1715,5657
2023-09-11 12:34:40,6,8,1715,5657
2023-09-11 12:34:42,6,9,1715,5657
2023-09-11 12:34:43,6,8,1715,5657
2023-09-11 12:34:57,6,9,1715,5657
2023-09-11 12:34:58,6,8,1715,5657
2023-09-11 12:35:19,6,9,1715,5657
2023-09-11 12:35:20,6,8,1715,5657
2023-09-11 12:35:26,6,9,1715,5657
2023-09-11 12:35:28,7,9,1715,5657
2023-09-11 12:36:44,8,9,1715,5657
2023-09-11 12:36:44,8,10,1715,5657
2023-09-11 12:36:47,7,10,1715,5657
2023-09-11 12:37:01,8,10,1715,5657
2023-09-11 12:37:54,7,10,1715,5657
2023-09-11 12:38:03,8,10,1715,5657
2023-09-11 12:39:19,7,10,1715,5657
2023-09-11 12:39:47,7,9,1715,5657
2023-09-11 12:39:54,7,10,1715,5657
2023-09-11 12:40:11,8,10,1715,5657
2023-09-11 12:41:22,7,10,1715,5657
2023-09-11 12:41:50,8,10,1715,5657
2023-09-11 12:41:51,7,10,1715,5657
2023-09-11 12:42:01,7,9,1715,5657
2023-09-11 12:42:21,7,10,1715,5657
2023-09-11 12:42:51,8,10,1715,5657
2023-09-11 12:43:16,7,10,1715,5657
2023-09-11 12:43:30,8,10,1715,5657
2023-09-11 12:43:31,7,10,1715,5657
2023-09-11 12:43:33,8,10,1715,5657
2023-09-11 12:43:56,7,10,1715,5657
2023-09-11 12:43:59,8,10,1715,5657
2023-09-11 12:44:00,7,10,1715,5657
2023-09-11 12:44:10,8,10,1715,5657
2023-09-11 12:44:12,7,10,1715,5657
2023-09-11 12:44:51,7,9,1715,5657
2023-09-11 12:44:56,7,10,1715,5657
2023-09-11 12:46:01,7,9,1715,5657
2023-09-11 12:46:20,7,10,1715,5657
2023-09-11 12:47:04,7,9,1715,5657
2023-09-11 12:47:44,7,8,1715,5657
2023-09-11 12:47:45,6,8,1715,5657
2023-09-11 12:49:29,5,8,1715,5657
2023-09-11 12:49:30,5,7,1715,5657
2023-09-11 12:49:40,6,7,1715,5657
2023-09-11 12:49:41,5,7,1715,5657
2023-09-11 12:49:54,6,7,1715,5657
2023-09-11 12:49:58,5,7,1715,5657
2023-09-11 12:50:21,6,7,1715,5657
2023-09-11 12:50:27,5,7,1715,5657
2023-09-11 12:50:36,6,7,1715,5657
2023-09-11 12:50:38,5,7,1715,5657
2023-09-11 12:50:40,6,7,1715,5657
2023-09-11 12:51:15,5,7,1715,5657
2023-09-11 12:51:20,6,7,1715,5657
2023-09-11 12:51:22,5,7,1715,5657
2023-09-11 12:52:41,5,6,1715,5657
2023-09-11 12:53:03,5,7,1715,5657
2023-09-11 12:53:33,5,8,1715,5657
2023-09-11 12:53:33,6,8,1715,5657
2023-09-11 12:53:37,6,8,2065,6007
2023-09-11 12:53:39,7,8,2065,6007
2023-09-11 12:53:40,7,8,2415,6357
2023-09-11 12:53:43,7,8,2765,6707
2023-09-11 12:54:16,6,8,2765,6707
2023-09-11 12:55:00,6,7,2765,6707
2023-09-11 12:55:00,5,7,2765,6707
2023-09-11 12:55:02,6,7,2765,6707
2023-09-11 12:55:03,5,7,2765,6707
2023-09-11 12:55:04,6,7,2765,6707
2023-09-11 12:55:09,6,8,2765,6707
2023-09-11 12:55:09,6,7,2765,6707
2023-09-11 12:55:14,6,8,2765,6707
2023-09-11 12:55:18,6,7,2765,6707
2023-09-11 12:55:19,5,7,2765,6707
2023-09-11 12:55:20,6,7,2765,6707
2023-09-11 12:55:23,5,7,2765,6707
2023-09-11 12:55:40,6,7,2765,6707
2023-09-11 12:55:41,5,7,2765,6707
2023-09-11 12:55:41,5,6,2765,6707
2023-09-11 12:58:24,4,6,2765,6707
2023-09-11 12:58:27,4,5,2765,6707
2023-09-11 12:58:51,4,5,2705,6767
2023-09-11 12:58:52,4,6,2705,6767
2023-09-11 12:58:52,5,6,2705,6767
2023-09-11 13:01:28,4,6,2705,6767
2023-09-11 13:01:29,4,5,2705,6767
2023-09-11 13:01:33,4,5,2705,7167
2023-09-11 13:01:34,3,5,2705,7567
2023-09-11 13:01:34,4,5,2705,7567
2023-09-11 13:01:35,3,5,2953,7967
2023-09-11 13:01:36,3,4,2953,7967
2023-09-11 13:01:37,3,5,3202,8216
2023-09-11 13:01:38,3,4,3202,8216
2023-09-11 13:01:39,3,5,3408,8422
2023-09-11 13:01:40,3,4,3408,8422
2023-09-11 13:01:41,3,5,3676,8690
2023-09-11 13:01:41,3,4,3676,8690
2023-09-11 13:01:42,3,5,3904,8918
2023-09-11 13:01:42,3,4,3904,8918
2023-09-11 13:01:43,3,5,4103,9117
2023-09-11 13:01:43,3,4,4103,9117
2023-09-11 13:01:44,3,5,4360,9374
2023-09-11 13:01:45,3,4,4360,9374
2023-09-11 13:01:46,3,5,4542,9556
2023-09-11 13:01:46,3,4,4542,9556
2023-09-11 13:02:00,3,4,4742,9756
2023-09-11 13:02:02,3,5,4742,9816
2023-09-11 13:02:02,3,4,4742,9816
2023-09-11 13:02:04,3,5,4742,9816
2023-09-11 13:02:06,4,6,4742,9816
2023-09-11 13:02:12,5,6,4742,9816
2023-09-11 13:02:54,5,6,4542,10016
2023-09-11 13:03:06,5,6,4342,10216
2023-09-11 13:03:23,5,6,4142,10416
2023-09-11 13:03:27,5,6,3942,10616
2023-09-11 13:04:42,5,6,3742,10816
2023-09-11 13:04:43,5,6,3703,11016
2023-09-11 13:04:48,4,5,3703,11055
2023-09-11 13:06:36,4,5,3903,11255
2023-09-11 13:07:06,3,5,3903,11255
2023-09-11 13:07:16,4,5,3903,11255
2023-09-11 13:07:57,4,6,3903,11255
2023-09-11 13:08:02,4,5,3903,11255
2023-09-11 13:09:02,4,6,5103,13255
2023-09-11 13:09:11,4,5,5103,13255
2023-09-11 13:09:21,4,6,5103,13255
2023-09-11 13:09:21,4,6,5183,13335
2023-09-11 13:09:24,3,6,5183,13335
2023-09-11 13:09:25,5,6,5183,13335
2023-09-11 13:09:31,5,6,5243,13395
2023-09-11 13:09:38,3,5,5243,13635
2023-09-11 13:09:48,3,5,5243,13685
2023-09-11 13:09:51,3,4,5243,13685
2023-09-11 13:10:50,3,4,5243,13735
2023-09-11 13:12:11,3,4,5373,13865
2023-09-11 13:12:21,3,4,5386,13878
2023-09-11 13:17:37,3,4,5686,14178
2023-09-11 13:18:38,3,4,5886,14378
2023-09-11 13:19:11,3,4,6086,14578
2023-09-11 13:19:25,3,4,6287,14779
2023-09-11 13:19:28,3,4,6288,14780
2023-09-11 13:20:29,3,4,6289,14781
2023-09-11 13:21:40,3,4,6290,14782
2023-09-11 13:21:51,3,4,6490,14982
2023-09-11 13:21:51,3,4,6688,15180
2023-09-11 13:22:00,0,4,6688,15180
2023-09-11 13:23:20,0,3,6688,15180
2023-09-11 13:26:07,0,2,6688,15180
2023-09-11 14:19:39,0,1,6688,15180
2023-09-11 14:36:52,0,1,6688,15181
2023-09-11 15:57:05,0,1,6688,15182
