datetime,bid,ask,open_interest,volume
2023-09-11 09:30:01,27,30,327,328
2023-09-11 09:30:09,23,30,327,328
2023-09-11 09:30:09,19,30,327,328
2023-09-11 09:30:09,16,30,327,328
2023-09-11 09:31:00,29,30,327,328
2023-09-11 09:31:00,30,35,328,329
2023-09-11 09:31:00,30,33,328,329
2023-09-11 09:31:01,29,33,328,329
2023-09-11 09:31:01,30,33,328,329
2023-09-11 09:31:01,30,32,328,329
2023-09-11 09:31:02,29,32,328,329
2023-09-11 09:31:02,30,32,328,329
2023-09-11 09:31:05,30,33,328,329
2023-09-11 09:31:05,30,32,328,329
2023-09-11 09:31:07,30,33,328,329
2023-09-11 09:31:11,30,32,328,329
2023-09-11 09:31:14,30,33,328,329
2023-09-11 09:31:15,30,32,328,329
2023-09-11 09:31:19,30,33,328,329
2023-09-11 09:31:27,31,33,328,329
2023-09-11 09:31:33,30,33,328,329
2023-09-11 09:31:36,30,32,328,329
2023-09-11 09:31:37,30,33,328,329
2023-09-11 09:31:39,30,32,328,329
2023-09-11 09:31:43,30,33,328,329
2023-09-11 09:31:43,30,32,328,329
2023-09-11 09:31:44,30,33,328,329
2023-09-11 09:31:47,31,33,328,329
2023-09-11 09:31:51,31,34,328,329
2023-09-11 09:32:04,32,34,328,329
2023-09-11 09:32:07,33,34,328,329
2023-09-11 09:32:11,32,34,328,329
2023-09-11 09:32:35,32,33,328,329
2023-09-11 09:32:36,31,33,328,329
2023-09-11 09:32:37,30,33,328,329
2023-09-11 09:32:48,30,32,328,329
2023-09-11 09:32:52,30,33,328,329
2023-09-11 09:32:54,30,32,328,329
2023-09-11 09:32:58,30,33,328,329
2023-09-11 09:32:59,30,32,328,329
2023-09-11 09:33:05,30,33,328,329
2023-09-11 09:33:08,30,32,328,329
2023-09-11 09:33:10,30,33,328,329
2023-09-11 09:33:10,31,33,328,329
2023-09-11 09:33:12,30,33,328,329
2023-09-11 09:33:16,30,32,328,329
2023-09-11 09:33:17,30,33,328,329
2023-09-11 09:33:19,30,32,328,329
2023-09-11 09:33:30,30,31,328,329
2023-09-11 09:33:34,29,31,328,329
2023-09-11 09:33:49,29,30,328,329
2023-09-11 09:34:04,29,31,328,329
2023-09-11 09:34:20,28,31,328,329
2023-09-11 09:34:20,28,30,328,329
2023-09-11 09:34:27,28,29,328,329
2023-09-11 09:34:29,28,30,328,329
2023-09-11 09:34:30,28,31,328,329
2023-09-11 09:34:30,29,31,328,329
2023-09-11 09:34:40,28,31,328,329
2023-09-11 09:34:43,28,31,328,329
2023-09-11 09:34:47,29,31,328,329
2023-09-11 09:34:52,29,32,328,329
2023-09-11 09:34:55,30,32,328,329
2023-09-11 09:35:05,29,32,328,329
2023-09-11 09:35:07,29,31,328,329
2023-09-11 09:35:12,29,32,328,329
2023-09-11 09:35:12,30,32,328,329
2023-09-11 09:35:20,29,32,328,329
2023-09-11 09:35:22,29,31,328,329
2023-09-11 09:35:40,28,31,328,329
2023-09-11 09:35:43,29,31,328,329
2023-09-11 09:35:44,28,31,328,329
2023-09-11 09:35:51,29,31,328,329
2023-09-11 09:36:02,28,31,328,329
2023-09-11 09:36:05,28,30,328,329
2023-09-11 09:36:12,29,30,328,329
2023-09-11 09:36:13,28,30,328,329
2023-09-11 09:36:15,29,30,328,329
2023-09-11 09:36:16,29,31,328,329
2023-09-11 09:36:16,29,32,328,329
2023-09-11 09:36:17,30,32,328,329
2023-09-11 09:36:32,30,33,328,329
2023-09-11 09:36:44,31,33,328,329
2023-09-11 09:36:52,32,33,328,329
2023-09-11 09:37:02,31,33,328,329
2023-09-11 09:37:25,32,33,328,329
2023-09-11 09:37:28,32,34,328,329
2023-09-11 09:37:28,32,33,328,329
2023-09-11 09:37:29,33,34,408,409
2023-09-11 09:37:39,33,35,408,409
2023-09-11 09:37:39,33,34,408,409
2023-09-11 09:37:45,33,35,408,409
2023-09-11 09:37:48,34,35,408,409
2023-09-11 09:38:02,34,36,408,409
2023-09-11 09:38:02,34,35,408,409
2023-09-11 09:38:05,34,36,408,409
2023-09-11 09:38:09,34,35,408,409
2023-09-11 09:38:15,34,36,408,409
2023-09-11 09:38:22,35,36,408,409
2023-09-11 09:39:04,35,37,408,409
2023-09-11 09:39:50,36,37,408,409
2023-09-11 09:40:18,35,37,408,409
2023-09-11 09:40:40,36,37,408,409
2023-09-11 09:41:09,36,38,408,409
2023-09-11 09:41:10,36,37,408,409
2023-09-11 09:41:11,36,38,408,409
2023-09-11 09:41:11,36,37,408,409
2023-09-11 09:41:23,36,38,408,409
2023-09-11 09:43:20,37,38,408,409
2023-09-11 09:46:02,37,39,408,409
2023-09-11 09:46:21,37,38,408,409
2023-09-11 09:46:22,37,38,468,469
2023-09-11 09:46:23,37,39,468,469
2023-09-11 09:46:23,37,38,468,469
2023-09-11 09:46:31,37,38,528,529
2023-09-11 09:46:31,37,39,528,529
2023-09-11 09:46:38,37,39,529,530
2023-09-11 09:46:38,38,39,529,530
2023-09-11 09:47:04,37,38,529,531
2023-09-11 09:47:19,37,38,530,532
2023-09-11 09:47:22,37,38,863,865
2023-09-11 09:48:06,37,38,1418,1420
2023-09-11 09:50:23,37,39,1528,1530
2023-09-11 09:50:25,38,39,1528,1530
2023-09-11 09:50:26,37,39,1688,1690
2023-09-11 09:50:26,38,39,1688,1690
2023-09-11 09:50:27,37,39,1688,1690
2023-09-11 09:50:38,37,38,1688,1690
2023-09-11 09:50:45,37,39,1688,1690
2023-09-11 09:50:46,37,38,1688,1690
2023-09-11 09:50:47,37,39,1688,1690
2023-09-11 09:50:55,37,39,1689,1691
2023-09-11 09:51:08,38,39,1689,1691
2023-09-11 09:51:34,37,38,1688,1692
2023-09-11 09:51:36,37,39,1688,1692
2023-09-11 09:51:37,38,39,1688,1692
2023-09-11 09:51:39,37,38,1688,1693
2023-09-11 09:51:43,37,39,1688,1693
2023-09-11 09:51:44,37,38,1688,1693
2023-09-11 09:51:45,37,39,1688,1693
2023-09-11 09:51:49,38,39,1688,1693
2023-09-11 09:51:51,38,39,1689,1694
2023-09-11 09:51:53,37,38,1688,1696
2023-09-11 09:51:57,37,39,1688,1696
2023-09-11 09:52:06,37,38,1688,1696
2023-09-11 09:52:09,37,39,1688,1696
2023-09-11 09:52:33,37,39,1688,1697
2023-09-11 09:52:40,37,38,1688,1697
2023-09-11 09:52:41,37,39,1688,1697
2023-09-11 09:52:48,37,38,1688,1697
2023-09-11 09:52:54,37,39,1688,1697
2023-09-11 09:52:59,37,38,1688,1697
2023-09-11 09:53:05,37,39,1688,1697
2023-09-11 09:53:10,37,38,1688,1697
2023-09-11 09:53:16,37,39,1688,1697
2023-09-11 09:53:17,37,38,1688,1697
2023-09-11 09:53:32,37,39,1688,1697
2023-09-11 09:53:34,37,38,1688,1697
2023-09-11 09:53:44,37,39,1688,1697
2023-09-11 09:53:48,37,38,1688,1697
2023-09-11 09:53:49,37,39,1688,1697
2023-09-11 09:54:26,37,38,1688,1697
2023-09-11 09:54:35,37,39,1688,1697
2023-09-11 09:56:19,37,38,1688,1697
2023-09-11 09:56:31,37,39,1688,1697
2023-09-11 09:56:37,37,39,1688,1698
2023-09-11 09:56:57,37,39,1688,1699
2023-09-11 09:57:43,38,39,1688,1699
2023-09-11 09:58:00,38,40,1688,1699
2023-09-11 09:58:11,39,40,1688,1699
2023-09-11 09:58:13,39,40,1748,1759
2023-09-11 09:59:19,39,40,1749,1760
2023-09-11 10:00:10,39,40,1749,1761
2023-09-11 10:00:16,39,40,1749,1762
2023-09-11 10:00:50,38,40,1749,1762
2023-09-11 10:01:01,39,40,1749,1762
2023-09-11 10:01:14,38,40,1949,1962
2023-09-11 10:01:52,39,40,1949,1962
2023-09-11 10:02:04,38,40,1949,1962
2023-09-11 10:02:11,39,40,1949,1962
2023-09-11 10:02:42,38,40,1949,1962
2023-09-11 10:03:52,39,40,1949,1962
2023-09-11 10:04:39,39,41,1949,1962
2023-09-11 10:04:58,39,41,1950,1963
2023-09-11 10:05:04,40,41,1950,1963
2023-09-11 10:05:15,40,41,1951,1964
2023-09-11 10:05:46,40,41,1951,1965
2023-09-11 10:07:51,40,42,1951,1965
2023-09-11 10:08:18,40,42,1952,1966
2023-09-11 10:08:38,41,42,1952,1966
2023-09-11 10:09:25,41,42,1952,1967
2023-09-11 10:12:42,40,41,1952,1970
2023-09-11 10:13:10,40,42,1952,1970
2023-09-11 10:14:54,40,42,1952,1971
2023-09-11 10:15:20,41,42,1952,1971
2023-09-11 10:15:23,40,42,1952,1971
2023-09-11 10:16:43,40,42,2012,2031
2023-09-11 10:18:48,41,42,2012,2031
2023-09-11 10:19:07,40,42,2212,2231
2023-09-11 10:19:14,41,42,2212,2231
2023-09-11 10:21:15,41,43,2212,2231
2023-09-11 10:21:33,42,43,2212,2231
2023-09-11 10:21:44,42,43,2332,2351
2023-09-11 10:21:46,42,43,2333,2352
2023-09-11 10:21:55,42,43,2732,2752
2023-09-11 10:22:08,42,43,2732,2753
2023-09-11 10:22:23,42,43,2732,2754
2023-09-11 10:22:35,42,44,2732,2754
2023-09-11 10:23:14,43,44,2732,2754
2023-09-11 10:23:19,43,44,2732,2755
2023-09-11 10:23:44,43,44,2732,2756
2023-09-11 10:23:50,43,44,2732,2757
2023-09-11 10:27:35,43,45,2732,2757
2023-09-11 10:27:46,44,45,2732,2757
2023-09-11 10:28:23,44,45,2732,2817
2023-09-11 10:28:24,44,45,2733,2818
2023-09-11 10:28:32,44,45,2734,2819
2023-09-11 10:28:36,44,45,2735,2820
2023-09-11 10:29:37,44,45,2736,2821
2023-09-11 10:29:41,44,45,2736,2822
2023-09-11 10:30:10,44,46,2736,2822
2023-09-11 10:30:10,45,46,2736,2822
2023-09-11 10:30:10,45,46,2736,2982
2023-09-11 10:30:12,45,46,2736,3142
2023-09-11 10:30:13,44,46,2736,3162
2023-09-11 10:30:14,44,45,2736,3162
2023-09-11 10:30:23,44,45,2737,3163
2023-09-11 10:30:30,44,45,2738,3164
2023-09-11 10:30:32,44,46,2738,3164
2023-09-11 10:30:49,44,46,2738,3165
2023-09-11 10:31:29,44,46,2738,3166
2023-09-11 10:31:43,44,46,2738,3167
2023-09-11 10:31:44,44,46,2798,3227
2023-09-11 10:31:48,44,45,2798,3227
2023-09-11 10:32:08,44,46,2798,3227
2023-09-11 10:32:08,44,45,2798,3227
2023-09-11 10:32:11,44,46,2798,3227
2023-09-11 10:33:09,44,45,2798,3227
2023-09-11 10:33:30,44,45,2998,3427
2023-09-11 10:33:31,44,46,2998,3427
2023-09-11 10:33:33,44,46,3018,3447
2023-09-11 10:34:23,45,46,3018,3447
2023-09-11 10:34:24,44,46,3018,3447
2023-09-11 10:35:30,44,45,3018,3447
2023-09-11 10:36:29,44,46,3018,3447
2023-09-11 10:36:29,44,45,3018,3447
2023-09-11 10:38:27,44,46,3018,3447
2023-09-11 10:38:59,44,46,3018,3448
2023-09-11 10:39:03,44,46,3018,3449
2023-09-11 10:39:36,44,46,3018,3450
2023-09-11 10:40:09,44,46,3018,3451
2023-09-11 10:40:55,44,45,3018,3451
2023-09-11 10:40:56,44,46,3018,3451
2023-09-11 10:44:17,45,46,3018,3451
2023-09-11 10:47:56,44,45,3550,3983
2023-09-11 10:47:57,44,45,3610,4043
2023-09-11 10:47:58,45,46,3618,4051
2023-09-11 10:53:27,45,47,3618,4051
2023-09-11 10:54:05,45,47,3618,4052
2023-09-11 10:54:05,46,47,3618,4052
2023-09-11 10:54:09,46,48,3618,4052
2023-09-11 10:54:21,46,48,3618,4053
2023-09-11 10:54:24,47,48,3618,4053
2023-09-11 10:54:30,47,48,3618,4054
2023-09-11 10:54:43,47,48,3618,4055
2023-09-11 10:54:47,47,48,3618,4056
2023-09-11 10:55:01,47,48,3618,4057
2023-09-11 10:55:25,47,49,3618,4452
2023-09-11 10:55:26,48,49,3618,4452
2023-09-11 10:55:33,48,49,3619,4453
2023-09-11 10:55:55,48,49,3620,4454
2023-09-11 10:55:55,47,49,3620,4454
2023-09-11 10:55:55,47,48,3620,4454
2023-09-11 10:55:57,47,49,3620,4454
2023-09-11 10:56:36,48,49,3620,4454
2023-09-11 11:00:07,48,50,3620,4654
2023-09-11 11:00:23,48,50,3621,4655
2023-09-11 11:00:33,48,50,3622,4656
2023-09-11 11:00:43,48,50,3623,4657
2023-09-11 11:00:47,48,50,3624,4658
2023-09-11 11:01:06,49,50,3624,4658
2023-09-11 11:01:15,48,49,3622,4660
2023-09-11 11:01:17,48,50,3622,4660
2023-09-11 11:01:44,48,49,3622,4660
2023-09-11 11:01:45,48,50,3622,4660
2023-09-11 11:01:46,48,49,3622,4660
2023-09-11 11:01:59,48,50,3622,4660
2023-09-11 11:02:13,49,50,3622,4660
2023-09-11 11:02:16,48,50,3622,4660
2023-09-11 11:02:17,49,50,3622,4660
2023-09-11 11:02:26,48,50,3622,4660
2023-09-11 11:02:27,49,50,3622,4660
2023-09-11 11:03:04,48,50,3622,4660
2023-09-11 11:03:05,49,50,3622,4660
2023-09-11 11:03:06,48,50,3622,4660
2023-09-11 11:03:07,49,50,3622,4660
2023-09-11 11:03:08,48,50,3622,4660
2023-09-11 11:03:09,49,50,3622,4660
2023-09-11 11:03:12,48,50,3622,4660
2023-09-11 11:05:01,49,50,3622,4660
2023-09-11 11:05:03,48,50,3622,4660
2023-09-11 11:05:22,49,50,3622,4660
2023-09-11 11:05:23,48,50,3622,4660
2023-09-11 11:05:24,49,50,3622,4660
2023-09-11 11:05:30,48,50,3622,4660
2023-09-11 11:05:36,49,50,3622,4660
2023-09-11 11:06:00,48,50,3622,4660
2023-09-11 11:06:01,49,50,3622,4660
2023-09-11 11:06:03,48,50,3622,4660
2023-09-11 11:06:07,49,50,3622,4660
2023-09-11 11:08:23,48,50,3622,4660
2023-09-11 11:08:41,49,50,3622,4660
2023-09-11 11:09:03,48,50,3622,4660
2023-09-11 11:09:06,49,50,3622,4660
2023-09-11 11:09:17,48,50,3622,4660
2023-09-11 11:09:19,49,50,3622,4660
2023-09-11 11:09:20,48,50,3622,4660
2023-09-11 11:09:22,49,50,3622,4660
2023-09-11 11:09:31,48,50,3622,4660
2023-09-11 11:09:33,49,50,3622,4660
2023-09-11 11:09:37,48,50,3622,4660
2023-09-11 11:09:41,49,50,3622,4660
2023-09-11 11:09:56,48,50,3622,4660
2023-09-11 11:09:59,49,50,3622,4660
2023-09-11 11:10:11,48,50,3622,4660
2023-09-11 11:10:14,49,50,3622,4660
2023-09-11 11:10:17,48,50,3622,4660
2023-09-11 11:10:18,49,50,3622,4660
2023-09-11 11:10:20,48,50,3622,4660
2023-09-11 11:10:27,49,50,3622,4660
2023-09-11 11:10:30,48,50,3622,4660
2023-09-11 11:10:31,49,50,3622,4660
2023-09-11 11:10:33,48,50,3622,4660
2023-09-11 11:10:34,49,50,3622,4660
2023-09-11 11:23:13,50,51,3632,4670
2023-09-11 11:23:34,50,51,3632,4671
2023-09-11 11:24:47,49,51,3632,4671
2023-09-11 11:24:47,50,51,3632,4671
2023-09-11 11:24:48,49,51,3632,4671
2023-09-11 11:24:51,49,50,3632,4671
2023-09-11 11:24:52,49,51,3632,4671
2023-09-11 11:24:57,49,51,3632,4672
2023-09-11 11:25:01,50,51,3632,4672
2023-09-11 11:25:02,49,51,3632,4672
2023-09-11 11:25:02,49,51,3632,4920
2023-09-11 11:25:02,48,50,3632,4920
2023-09-11 11:25:03,48,49,3632,4920
2023-09-11 11:25:11,48,50,3632,4920
2023-09-11 11:25:27,48,49,3632,4920
2023-09-11 11:25:54,48,50,3632,4920
2023-09-11 11:25:54,48,49,3632,4920
2023-09-11 11:26:02,47,49,3632,4920
2023-09-11 11:26:55,47,48,3632,4920
2023-09-11 11:27:36,47,49,3632,4920
2023-09-11 11:27:36,47,48,3632,4920
2023-09-11 11:28:24,47,49,3632,4920
2023-09-11 11:29:01,47,48,3632,4920
2023-09-11 11:29:04,46,48,3632,5320
2023-09-11 11:29:05,45,48,3632,5320
2023-09-11 11:29:05,45,47,3632,5320
2023-09-11 11:29:14,46,47,3632,5320
2023-09-11 11:29:14,46,48,3632,5320
2023-09-11 11:30:03,46,49,3632,5320
2023-09-11 11:30:04,47,49,3632,5320
2023-09-11 11:30:05,48,49,3632,5320
2023-09-11 11:30:07,48,50,3632,5320
2023-09-11 11:30:16,49,50,3632,5320
2023-09-11 11:30:20,49,51,3632,5320
2023-09-11 11:30:21,49,50,3632,5320
2023-09-11 11:30:24,49,51,3632,5320
2023-09-11 11:30:28,49,50,3632,5320
2023-09-11 11:30:30,49,51,3632,5320
2023-09-11 11:30:36,49,50,3632,5320
2023-09-11 11:30:37,49,51,3632,5320
2023-09-11 11:30:39,49,51,3632,5321
2023-09-11 11:30:50,49,50,3632,5321
2023-09-11 11:30:52,49,51,3632,5321
2023-09-11 11:31:05,49,51,3632,5322
2023-09-11 11:31:07,49,50,3632,5322
2023-09-11 11:31:17,48,50,3632,5322
2023-09-11 11:31:20,48,49,3632,5322
2023-09-11 11:31:21,48,50,3632,5322
2023-09-11 11:31:31,48,49,3632,5322
2023-09-11 11:31:32,48,50,3632,5322
2023-09-11 11:31:32,49,50,3632,5322
2023-09-11 11:31:42,49,50,3632,5323
2023-09-11 11:31:46,49,50,3632,5324
2023-09-11 11:32:31,48,49,3632,5325
2023-09-11 11:32:33,48,49,3632,5326
2023-09-11 11:32:35,48,50,3632,5326
2023-09-11 11:33:07,48,49,3632,5326
2023-09-11 11:33:08,48,50,3632,5326
2023-09-11 11:33:09,48,49,3632,5326
2023-09-11 11:33:11,48,50,3632,5326
2023-09-11 11:33:15,48,49,3632,5326
2023-09-11 11:33:30,48,50,3632,5326
2023-09-11 11:33:34,48,49,3632,5326
2023-09-11 11:33:36,48,50,3632,5326
2023-09-11 11:33:46,48,49,3632,5326
2023-09-11 11:33:59,48,50,3632,5326
2023-09-11 11:34:15,49,50,3632,5326
2023-09-11 11:35:02,49,51,3632,5326
2023-09-11 11:35:03,50,51,3632,5326
2023-09-11 11:35:17,50,51,3712,5406
2023-09-11 11:35:18,49,51,3712,5406
2023-09-11 11:35:18,49,50,3712,5406
2023-09-11 11:35:23,49,51,3712,5406
2023-09-11 11:35:51,49,50,3712,5406
2023-09-11 11:35:53,49,51,3712,5406
2023-09-11 11:35:56,49,50,3712,5406
2023-09-11 11:35:57,49,50,3712,5407
2023-09-11 11:35:59,49,51,3712,5407
2023-09-11 11:36:14,49,51,3712,5408
2023-09-11 11:36:17,49,50,3712,5408
2023-09-11 11:36:19,49,50,3712,5409
2023-09-11 11:36:27,49,51,3712,5409
2023-09-11 11:36:28,49,50,3712,5409
2023-09-11 11:36:29,49,51,3712,5409
2023-09-11 11:36:30,49,50,3712,5409
2023-09-11 11:36:31,49,50,3712,5410
2023-09-11 11:36:33,49,50,3712,5411
2023-09-11 11:36:53,49,51,3712,5411
2023-09-11 11:36:54,49,50,3712,5411
2023-09-11 11:36:55,49,51,3712,5411
2023-09-11 11:37:04,49,50,3712,5411
2023-09-11 11:37:05,49,51,3712,5411
2023-09-11 11:37:06,49,50,3712,5411
2023-09-11 11:37:21,48,50,3712,5411
2023-09-11 11:37:46,48,49,3712,5411
2023-09-11 11:37:51,48,50,3712,5411
2023-09-11 11:37:51,48,49,3712,5411
2023-09-11 11:37:58,48,50,3712,5411
2023-09-11 11:38:27,49,50,3712,5411
2023-09-11 11:38:39,49,50,3713,5412
2023-09-11 11:38:40,48,50,3713,5412
2023-09-11 11:39:47,48,51,3713,5412
2023-09-11 11:39:47,48,50,3713,5412
2023-09-11 11:40:01,49,50,3713,5412
2023-09-11 11:40:15,48,50,3713,5412
2023-09-11 11:40:20,48,50,3713,5413
2023-09-11 11:41:19,48,51,3713,5413
2023-09-11 11:41:19,48,50,3713,5413
2023-09-11 11:41:28,49,50,3713,5413
2023-09-11 11:41:31,49,51,3713,5413
2023-09-11 11:41:34,49,51,3713,5414
2023-09-11 11:41:55,49,51,3714,5415
2023-09-11 11:41:55,49,52,3714,5415
2023-09-11 11:42:17,50,52,3714,5415
2023-09-11 11:42:20,51,52,3714,5415
2023-09-11 11:42:28,51,53,3714,5415
2023-09-11 11:42:34,52,53,3714,5415
2023-09-11 11:42:35,52,54,3714,5415
2023-09-11 11:42:35,52,53,3714,5415
2023-09-11 11:42:49,52,54,3714,5415
2023-09-11 11:42:49,52,53,3714,5415
2023-09-11 11:43:10,52,54,3714,5415
2023-09-11 11:43:10,52,53,3714,5415
2023-09-11 11:43:13,52,54,3714,5415
2023-09-11 11:43:13,52,53,3714,5415
2023-09-11 11:43:17,52,53,3715,5416
2023-09-11 11:43:18,53,54,3794,5495
2023-09-11 11:43:30,53,55,3794,5495
2023-09-11 11:43:30,53,54,3794,5495
2023-09-11 11:44:05,53,55,3794,5495
2023-09-11 11:44:05,53,54,3794,5495
2023-09-11 11:44:27,53,54,3795,5496
2023-09-11 11:44:40,53,55,3795,5496
2023-09-11 11:44:44,53,55,3795,5497
2023-09-11 11:45:20,54,55,3795,5497
2023-09-11 11:45:36,53,55,3795,5497
2023-09-11 11:45:43,54,55,3795,5497
2023-09-11 11:46:44,53,55,3795,5497
2023-09-11 11:47:11,54,55,3795,5497
2023-09-11 11:47:12,53,55,3795,5497
2023-09-11 11:47:13,54,55,3795,5497
2023-09-11 11:47:15,53,55,3795,5497
2023-09-11 11:47:35,54,55,3795,5497
2023-09-11 11:47:36,53,55,3795,5497
2023-09-11 11:47:47,54,55,3795,5497
2023-09-11 11:52:14,53,55,3795,5497
2023-09-11 11:52:17,54,55,3795,5497
2023-09-11 11:52:26,53,55,3795,5497
2023-09-11 11:52:30,54,55,3795,5497
2023-09-11 11:52:56,54,56,3795,6097
2023-09-11 11:55:35,54,55,3795,6097
2023-09-11 11:55:42,54,56,3795,6097
2023-09-11 11:56:09,54,57,3795,6097
2023-09-11 11:56:12,55,57,3795,6097
2023-09-11 11:56:32,56,57,3795,6097
2023-09-11 11:58:10,56,58,3795,6097
2023-09-11 11:59:01,57,58,3795,6097
2023-09-11 12:00:29,57,59,3795,6097
2023-09-11 12:00:31,57,59,3795,6098
2023-09-11 12:00:34,57,58,3795,6098
2023-09-11 12:00:35,57,58,3796,6099
2023-09-11 12:01:05,57,59,3796,6099
2023-09-11 12:01:07,57,59,3796,6100
2023-09-11 12:01:38,57,58,3796,6100
2023-09-11 12:01:47,57,58,3797,6101
2023-09-11 12:01:54,57,59,3797,6101
2023-09-11 12:01:55,58,59,3797,6101
2023-09-11 12:02:57,57,58,3799,6103
2023-09-11 12:03:50,57,59,3799,6103
2023-09-11 12:04:44,58,59,3799,6103
2023-09-11 12:05:10,58,59,3799,6104
2023-09-11 12:05:15,58,60,3799,6104
2023-09-11 12:05:15,58,59,3799,6104
2023-09-11 12:05:18,58,59,3800,6105
2023-09-11 12:05:21,58,60,3800,6105
2023-09-11 12:05:21,58,59,3800,6105
2023-09-11 12:05:22,58,60,3800,6105
2023-09-11 12:05:22,58,59,3800,6105
2023-09-11 12:05:27,58,60,3800,6105
2023-09-11 12:05:27,58,59,3800,6105
2023-09-11 12:05:33,58,60,3800,6105
2023-09-11 12:05:33,58,59,3800,6105
2023-09-11 12:05:33,59,60,3960,6265
2023-09-11 12:05:35,58,60,3960,6265
2023-09-11 12:05:50,58,59,3960,6265
2023-09-11 12:06:15,58,60,3960,6265
2023-09-11 12:06:42,58,59,3960,6265
2023-09-11 12:07:03,58,60,3960,6265
2023-09-11 12:07:20,58,59,3960,6265
2023-09-11 12:08:08,58,60,3960,6265
2023-09-11 12:08:08,58,59,3960,6265
2023-09-11 12:08:28,58,60,3960,6265
2023-09-11 12:08:28,58,59,3960,6265
2023-09-11 12:08:39,58,60,3960,6265
2023-09-11 12:08:39,58,59,3960,6265
2023-09-11 12:09:34,58,59,4060,6365
2023-09-11 12:09:38,58,59,4060,6565
2023-09-11 12:09:38,57,59,4060,6565
2023-09-11 12:09:38,57,58,4060,6565
2023-09-11 12:09:39,56,58,4060,6565
2023-09-11 12:09:40,56,57,4060,6565
2023-09-11 12:09:49,56,58,4060,6565
2023-09-11 12:09:49,56,57,4060,6565
2023-09-11 12:09:50,56,58,4060,6565
2023-09-11 12:09:53,57,58,4060,6565
2023-09-11 12:09:58,56,58,4060,6565
2023-09-11 12:10:00,57,58,4060,6565
2023-09-11 12:10:03,57,58,4220,6725
2023-09-11 12:10:03,56,58,4220,6725
2023-09-11 12:10:04,56,57,4220,6725
2023-09-11 12:10:13,56,58,4220,6725
2023-09-11 12:10:13,56,57,4220,6725
2023-09-11 12:10:13,57,58,4300,6805
2023-09-11 12:10:14,56,58,4300,6805
2023-09-11 12:10:15,57,58,4300,6805
2023-09-11 12:10:16,56,58,4300,6805
2023-09-11 12:10:18,57,58,4300,6805
2023-09-11 12:10:19,56,58,4300,6805
2023-09-11 12:10:34,57,58,4300,6805
2023-09-11 12:10:35,56,58,4300,6805
2023-09-11 12:10:41,56,57,4300,6805
2023-09-11 12:10:47,56,58,4300,6805
2023-09-11 12:10:48,56,57,4300,6805
2023-09-11 12:11:18,56,58,4300,6805
2023-09-11 12:11:18,56,57,4300,6805
2023-09-11 12:11:21,56,58,4300,6805
2023-09-11 12:11:21,57,58,4300,6805
2023-09-11 12:11:22,56,58,4300,6805
2023-09-11 12:11:23,57,58,4300,6805
2023-09-11 12:11:24,56,58,4300,6805
2023-09-11 12:11:25,57,58,4300,6805
2023-09-11 12:11:26,56,58,4300,6805
2023-09-11 12:11:28,57,58,4300,6805
2023-09-11 12:11:32,56,58,4300,6805
2023-09-11 12:11:41,57,58,4300,6805
2023-09-11 12:11:44,56,58,4300,6805
2023-09-11 12:13:32,57,58,4300,6805
2023-09-11 12:13:42,56,58,4300,6805
2023-09-11 12:13:44,56,57,4300,6805
2023-09-11 12:14:02,56,58,4300,6805
2023-09-11 12:14:02,56,57,4300,6805
2023-09-11 12:14:06,56,57,4380,6885
2023-09-11 12:14:26,56,58,4380,6885
2023-09-11 12:14:26,56,57,4380,6885
2023-09-11 12:15:20,56,58,4380,6885
2023-09-11 12:15:32,56,57,4380,6885
2023-09-11 12:15:45,56,58,4380,6885
2023-09-11 12:15:45,56,57,4380,6885
2023-09-11 12:16:01,56,58,4380,6885
2023-09-11 12:16:01,56,57,4380,6885
2023-09-11 12:16:15,56,58,4380,6885
2023-09-11 12:16:33,56,57,4380,6885
2023-09-11 12:16:50,56,58,4380,6885
2023-09-11 12:18:11,57,58,4380,6885
2023-09-11 12:19:08,57,58,4580,7085
2023-09-11 12:19:12,58,59,4680,7185
2023-09-11 12:19:12,58,60,4680,7185
2023-09-11 12:19:12,58,59,4680,7185
2023-09-11 12:19:24,57,59,4680,7185
2023-09-11 12:19:31,58,59,4680,7185
2023-09-11 12:19:34,58,60,4680,7185
2023-09-11 12:19:34,58,59,4680,7185
2023-09-11 12:19:37,58,60,4680,7185
2023-09-11 12:19:44,58,60,4680,7186
2023-09-11 12:20:15,58,60,4680,7187
2023-09-11 12:20:31,59,60,4680,7187
2023-09-11 12:20:33,59,60,4680,7188
2023-09-11 12:21:12,59,60,4680,7189
2023-09-11 12:21:16,59,60,4680,7190
2023-09-11 12:21:46,59,60,4680,7191
2023-09-11 12:21:56,59,60,4680,7192
2023-09-11 12:22:00,59,61,4680,7192
2023-09-11 12:22:04,59,61,4680,7193
2023-09-11 12:22:20,59,61,4680,7194
2023-09-11 12:24:22,60,61,4680,7194
2023-09-11 12:24:38,60,61,4680,7195
2023-09-11 12:25:32,59,61,4680,7195
2023-09-11 12:26:19,59,60,4680,7195
2023-09-11 12:26:50,58,60,4680,7195
2023-09-11 12:27:07,58,61,4680,7195
2023-09-11 12:27:09,58,60,4680,7195
2023-09-11 12:27:10,58,61,4680,7195
2023-09-11 12:27:12,58,60,4680,7195
2023-09-11 12:28:12,58,59,4680,7195
2023-09-11 12:28:27,57,59,4680,7195
2023-09-11 12:28:37,56,59,4680,7195
2023-09-11 12:28:38,55,58,4680,7195
2023-09-11 12:29:08,54,58,4680,7595
2023-09-11 12:29:08,54,57,4680,7595
2023-09-11 12:29:08,54,56,4680,7595
2023-09-11 12:29:08,53,56,4680,7995
2023-09-11 12:29:09,54,56,4680,7995
2023-09-11 12:29:09,55,57,4680,7995
2023-09-11 12:29:09,55,57,4840,8155
2023-09-11 12:29:10,54,55,4840,8195
2023-09-11 12:29:11,53,54,4840,8595
2023-09-11 12:29:12,52,54,4840,8595
2023-09-11 12:29:13,53,54,4840,8595
2023-09-11 12:29:17,53,55,4840,8595
2023-09-11 12:29:24,52,55,4840,8595
2023-09-11 12:29:24,52,54,4840,8595
2023-09-11 12:29:27,53,54,4840,8595
2023-09-11 12:29:29,53,55,4840,8595
2023-09-11 12:29:32,53,54,4840,8595
2023-09-11 12:29:33,52,54,4840,8595
2023-09-11 12:29:41,53,54,4840,8595
2023-09-11 12:29:44,52,54,4840,8595
2023-09-11 12:29:47,53,54,4840,8595
2023-09-11 12:29:57,52,54,4840,8595
2023-09-11 12:30:01,52,53,4840,8595
2023-09-11 12:30:03,51,53,4840,8595
2023-09-11 12:30:05,51,52,4840,8595
2023-09-11 12:30:08,51,53,4840,8595
2023-09-11 12:30:09,52,53,4840,8595
2023-09-11 12:30:12,52,53,4840,8795
2023-09-11 12:30:12,52,55,4840,8795
2023-09-11 12:30:12,52,54,4840,8795
2023-09-11 12:30:15,52,54,4840,8796
2023-09-11 12:30:22,53,54,4840,8796
2023-09-11 12:30:22,53,55,4840,8796
2023-09-11 12:30:26,53,54,4840,8796
2023-09-11 12:30:37,53,55,4840,8796
2023-09-11 12:31:01,54,55,4840,8796
2023-09-11 12:31:15,55,56,4880,8836
2023-09-11 12:31:19,55,56,4880,8837
2023-09-11 12:31:20,54,56,4880,8837
2023-09-11 12:31:25,54,56,4880,8838
2023-09-11 12:31:27,54,56,4880,8839
2023-09-11 12:31:44,54,56,4880,8840
2023-09-11 12:31:53,55,56,4880,8840
2023-09-11 12:32:01,55,57,4880,8840
2023-09-11 12:32:01,55,58,4880,8840
2023-09-11 12:32:01,55,57,4880,8840
2023-09-11 12:32:04,56,57,4880,8840
2023-09-11 12:32:12,56,58,4880,8840
2023-09-11 12:32:22,56,57,4880,8840
2023-09-11 12:32:26,55,57,4880,8840
2023-09-11 12:32:27,55,57,4880,8841
2023-09-11 12:32:42,56,57,4880,8841
2023-09-11 12:32:43,55,57,4880,8841
2023-09-11 12:32:46,56,57,4880,8841
2023-09-11 12:33:20,55,57,4880,8841
2023-09-11 12:33:26,55,56,4880,8841
2023-09-11 12:33:38,54,56,4880,8841
2023-09-11 12:33:41,55,56,4880,8841
2023-09-11 12:33:58,55,56,4880,8842
2023-09-11 12:34:01,55,57,4880,8842
2023-09-11 12:34:01,55,58,4880,8842
2023-09-11 12:34:01,55,57,4880,8842
2023-09-11 12:34:16,56,57,4880,8842
2023-09-11 12:34:28,56,59,4880,8842
2023-09-11 12:34:28,56,58,4880,8842
2023-09-11 12:34:36,56,57,4880,8842
2023-09-11 12:35:03,55,57,4880,8842
2023-09-11 12:35:04,56,57,4880,8842
2023-09-11 12:35:07,55,57,4880,8842
2023-09-11 12:35:08,56,57,4880,8842
2023-09-11 12:35:22,56,57,4880,8843
2023-09-11 12:35:26,56,59,4880,8843
2023-09-11 12:35:26,56,58,4880,8843
2023-09-11 12:35:27,57,58,4880,8843
2023-09-11 12:35:31,57,58,4820,8903
2023-09-11 12:36:15,57,60,4820,8903
2023-09-11 12:36:15,57,59,4820,8903
2023-09-11 12:36:20,58,59,4820,8903
2023-09-11 12:37:05,58,59,4760,8963
2023-09-11 12:37:26,59,61,4760,8995
2023-09-11 12:37:28,60,61,4760,8995
2023-09-11 12:37:52,59,61,4760,8995
2023-09-11 12:37:57,59,61,4760,8996
2023-09-11 12:38:50,59,61,4760,8997
2023-09-11 12:38:56,59,61,4760,8998
2023-09-11 12:39:47,58,61,4760,8998
2023-09-11 12:39:52,59,61,4760,8998
2023-09-11 12:39:58,59,61,4760,8999
2023-09-11 12:40:15,60,61,4760,8999
2023-09-11 12:40:19,60,62,4760,8999
2023-09-11 12:40:20,60,62,4760,9000
2023-09-11 12:40:30,60,62,4760,9001
2023-09-11 12:40:47,60,62,4760,9002
2023-09-11 12:41:55,60,62,4760,9003
2023-09-11 12:41:58,60,62,4760,9004
2023-09-11 12:41:59,60,61,4760,9004
2023-09-11 12:42:00,59,61,4760,9004
2023-09-11 12:42:04,59,61,4760,9005
2023-09-11 12:42:23,59,61,4761,9006
2023-09-11 12:42:46,59,62,4761,9006
2023-09-11 12:43:00,60,62,4761,9006
2023-09-11 12:43:24,59,62,4761,9006
2023-09-11 12:43:42,60,62,4761,9006
2023-09-11 12:44:24,59,62,4761,9006
2023-09-11 12:44:37,59,61,4761,9006
2023-09-11 12:44:39,59,62,4761,9006
2023-09-11 12:44:41,59,61,4761,9006
2023-09-11 12:45:07,59,62,4761,9006
2023-09-11 12:45:07,59,61,4761,9006
2023-09-11 12:45:20,59,61,4762,9007
2023-09-11 12:45:34,59,61,4763,9008
2023-09-11 12:45:39,59,62,4763,9008
2023-09-11 12:45:51,59,61,4763,9008
2023-09-11 12:45:58,59,62,4763,9008
2023-09-11 12:46:01,59,61,4763,9008
2023-09-11 12:46:02,59,61,4763,9009
2023-09-11 12:46:17,59,62,4763,9009
2023-09-11 12:47:14,59,61,4763,9009
2023-09-11 12:47:45,58,61,4763,9009
2023-09-11 12:47:45,58,60,4763,9009
2023-09-11 12:47:46,58,61,4763,9009
2023-09-11 12:47:46,58,60,4763,9009
2023-09-11 12:48:00,58,61,4763,9009
2023-09-11 12:48:36,58,60,4763,9009
2023-09-11 12:49:07,58,61,4763,9009
2023-09-11 12:49:23,58,60,4763,9009
2023-09-11 12:49:28,58,60,4763,9010
2023-09-11 12:49:41,58,59,4763,9010
2023-09-11 12:49:53,57,59,4763,9010
2023-09-11 12:50:41,57,60,4763,9010
2023-09-11 12:50:43,58,60,4763,9010
2023-09-11 12:50:45,58,61,4763,9010
2023-09-11 12:50:45,58,60,4763,9010
2023-09-11 12:51:10,57,60,4763,9010
2023-09-11 12:51:22,57,59,4763,9010
2023-09-11 12:52:41,57,58,4763,9010
2023-09-11 12:52:46,56,58,4763,9010
2023-09-11 12:53:09,56,59,4763,9010
2023-09-11 12:53:15,57,59,4763,9010
2023-09-11 12:53:25,57,60,4763,9010
2023-09-11 12:53:25,57,59,4763,9010
2023-09-11 12:53:30,58,59,4763,9010
2023-09-11 12:53:31,58,61,4763,9010
2023-09-11 12:53:31,58,60,4763,9010
2023-09-11 12:53:32,58,61,4763,9010
2023-09-11 12:53:32,58,60,4763,9010
2023-09-11 12:53:33,59,60,4763,9010
2023-09-11 12:53:33,59,62,4763,9010
2023-09-11 12:53:33,59,61,4763,9010
2023-09-11 12:53:35,59,62,4763,9010
2023-09-11 12:53:35,60,62,4763,9010
2023-09-11 12:53:40,61,62,4763,9010
2023-09-11 12:53:58,60,62,4763,9010
2023-09-11 12:54:15,60,61,4763,9010
2023-09-11 12:54:17,59,61,4763,9010
2023-09-11 12:54:36,58,61,4763,9010
2023-09-11 12:54:38,58,60,4763,9010
2023-09-11 12:54:42,58,61,4763,9010
2023-09-11 12:54:53,59,61,4763,9010
2023-09-11 12:54:54,58,61,4763,9010
2023-09-11 12:54:55,59,61,4763,9010
2023-09-11 12:54:57,58,61,4763,9010
2023-09-11 12:54:59,58,60,4763,9010
2023-09-11 12:55:00,58,59,4763,9010
2023-09-11 12:55:07,58,60,4763,9010
2023-09-11 12:55:35,57,60,4763,9010
2023-09-11 12:55:35,57,59,4763,9010
2023-09-11 12:55:38,57,58,4763,9010
2023-09-11 12:56:25,57,59,4763,9010
2023-09-11 12:56:39,57,58,4763,9010
2023-09-11 12:56:43,57,59,4763,9010
2023-09-11 12:56:44,57,59,4763,9011
2023-09-11 12:56:51,57,58,4763,9011
2023-09-11 12:56:53,57,59,4763,9011
2023-09-11 12:56:55,57,58,4763,9011
2023-09-11 12:56:56,57,59,4763,9011
2023-09-11 12:56:59,57,58,4763,9011
2023-09-11 12:57:18,56,58,4763,9011
2023-09-11 12:58:11,56,57,4763,9011
2023-09-11 12:58:21,55,57,4763,9011
2023-09-11 12:58:23,55,56,4763,9011
2023-09-11 12:58:26,54,56,4763,9011
2023-09-11 12:58:26,54,55,4763,9011
2023-09-11 12:58:33,54,55,4763,9012
2023-09-11 12:58:50,54,56,4763,9012
2023-09-11 12:58:54,54,56,4763,9013
2023-09-11 12:59:00,54,57,4763,9013
2023-09-11 12:59:02,54,57,4764,9014
2023-09-11 12:59:04,54,56,4764,9014
2023-09-11 13:00:30,54,55,4764,9014
2023-09-11 13:00:40,54,56,4764,9014
2023-09-11 13:00:54,55,56,4764,9014
2023-09-11 13:00:54,55,57,4764,9014
2023-09-11 13:01:04,55,56,4764,9014
2023-09-11 13:01:07,54,56,4764,9014
2023-09-11 13:01:26,54,57,4764,9014
2023-09-11 13:01:28,55,57,4764,9014
2023-09-11 13:01:30,54,57,4764,9014
2023-09-11 13:01:30,56,57,4764,9014
2023-09-11 13:01:32,54,57,4764,9014
2023-09-11 13:01:32,54,57,4964,9414
2023-09-11 13:01:33,55,57,4964,9414
2023-09-11 13:01:33,56,57,4964,9414
2023-09-11 13:01:33,56,58,5004,9454
2023-09-11 13:01:34,56,57,5004,9454
2023-09-11 13:01:34,55,57,5004,9454
2023-09-11 13:01:34,55,58,5004,9654
2023-09-11 13:01:35,56,58,5004,9654
2023-09-11 13:01:36,56,57,5004,9654
2023-09-11 13:01:36,56,57,5282,9932
2023-09-11 13:01:39,54,57,5282,9932
2023-09-11 13:01:40,55,57,5282,9932
2023-09-11 13:01:41,54,57,5282,9932
2023-09-11 13:01:45,54,56,5282,9932
2023-09-11 13:01:47,54,56,5283,9933
2023-09-11 13:01:48,54,57,5283,9933
2023-09-11 13:01:48,54,55,5283,9933
2023-09-11 13:01:50,55,57,5443,10093
2023-09-11 13:01:50,55,56,5443,10093
2023-09-11 13:01:50,55,57,5443,10093
2023-09-11 13:01:50,55,58,5443,10093
2023-09-11 13:01:50,55,57,5443,10093
2023-09-11 13:01:51,55,58,5443,10093
2023-09-11 13:01:51,55,57,5443,10093
2023-09-11 13:01:53,55,57,5444,10094
2023-09-11 13:02:00,56,57,5444,10094
2023-09-11 13:02:00,56,59,5444,10094
2023-09-11 13:02:00,56,58,5444,10094
2023-09-11 13:02:00,56,59,5444,10094
2023-09-11 13:02:01,57,59,5444,10094
2023-09-11 13:02:05,57,58,5444,10094
2023-09-11 13:02:06,56,58,5444,10094
2023-09-11 13:02:07,56,58,5444,10095
2023-09-11 13:02:11,56,57,5444,10095
2023-09-11 13:02:13,56,58,5444,10095
2023-09-11 13:02:32,56,57,5444,10095
2023-09-11 13:02:33,56,58,5444,10095
2023-09-11 13:02:39,56,57,5444,10095
2023-09-11 13:02:50,55,57,5444,10095
2023-09-11 13:03:00,54,57,5444,10095
2023-09-11 13:03:10,54,56,5444,10095
2023-09-11 13:03:20,54,55,5444,10095
2023-09-11 13:03:22,53,55,5444,10095
2023-09-11 13:03:54,53,54,5444,10095
2023-09-11 13:04:43,52,54,5444,10095
2023-09-11 13:04:49,52,53,5444,10095
2023-09-11 13:04:59,51,53,5444,10095
2023-09-11 13:05:25,51,52,5444,10095
2023-09-11 13:05:30,51,52,5504,10155
2023-09-11 13:05:41,50,52,5504,10155
2023-09-11 13:05:44,50,51,5504,10155
2023-09-11 13:06:35,49,51,5504,10155
2023-09-11 13:06:41,49,50,5504,10155
2023-09-11 13:06:47,49,51,5504,10155
2023-09-11 13:07:13,50,51,5504,10155
2023-09-11 13:07:14,50,52,5504,10155
2023-09-11 13:07:15,51,52,5504,10155
2023-09-11 13:07:30,51,54,5504,10155
2023-09-11 13:07:31,51,53,5504,10155
2023-09-11 13:07:38,51,52,5504,10155
2023-09-11 13:07:39,51,53,5504,10155
2023-09-11 13:07:52,52,53,5504,10155
2023-09-11 13:07:52,52,54,5504,10155
2023-09-11 13:07:53,52,55,5504,10155
2023-09-11 13:07:53,53,55,5504,10155
2023-09-11 13:07:53,53,54,5504,10155
2023-09-11 13:07:55,53,56,5504,10155
2023-09-11 13:07:56,53,55,5504,10155
2023-09-11 13:08:00,53,54,5504,10155
2023-09-11 13:08:05,53,54,5504,10156
2023-09-11 13:08:22,52,54,5504,10156
2023-09-11 13:08:25,51,54,5504,10156
2023-09-11 13:08:30,52,54,5504,10156
2023-09-11 13:08:34,51,54,5504,10156
2023-09-11 13:08:34,52,54,5504,10156
2023-09-11 13:08:34,52,54,5504,10157
2023-09-11 13:08:35,52,53,5504,10157
2023-09-11 13:08:37,51,53,5504,10157
2023-09-11 13:08:43,52,53,5504,10157
2023-09-11 13:08:54,51,53,5504,10157
2023-09-11 13:09:06,52,53,5504,10157
2023-09-11 13:09:07,52,53,5504,10158
2023-09-11 13:09:08,51,53,5504,10158
2023-09-11 13:09:13,51,52,5504,10158
2023-09-11 13:09:21,50,52,5504,10158
2023-09-11 13:09:32,50,52,5504,10159
2023-09-11 13:09:33,50,52,5564,10219
2023-09-11 13:09:38,49,52,5764,10419
2023-09-11 13:09:46,49,51,5764,10419
2023-09-11 13:09:47,49,50,5764,10419
2023-09-11 13:09:48,49,50,5824,10479
2023-09-11 13:09:51,48,50,5824,10479
2023-09-11 13:10:03,47,50,5824,10479
2023-09-11 13:10:03,47,49,5824,10479
2023-09-11 13:10:25,46,49,5824,10479
2023-09-11 13:10:45,46,48,5824,10479
2023-09-11 13:10:46,46,47,5824,10479
2023-09-11 13:10:47,46,48,5824,10479
2023-09-11 13:11:41,46,49,5824,10479
2023-09-11 13:11:42,47,49,5824,10479
2023-09-11 13:11:51,47,51,5824,10479
2023-09-11 13:11:52,47,50,5824,10479
2023-09-11 13:11:53,47,49,5824,10479
2023-09-11 13:11:55,47,50,5824,10479
2023-09-11 13:11:57,47,49,5824,10479
2023-09-11 13:12:23,46,49,5824,10479
2023-09-11 13:12:23,46,49,5824,10480
2023-09-11 13:12:30,46,48,5824,10480
2023-09-11 13:12:31,46,48,5824,10481
2023-09-11 13:12:43,46,47,5824,10481
2023-09-11 13:12:45,45,47,5824,10481
2023-09-11 13:13:03,45,48,5824,10481
2023-09-11 13:13:04,45,47,5824,10481
2023-09-11 13:13:05,45,48,5824,10481
2023-09-11 13:13:11,45,47,5824,10481
2023-09-11 13:13:12,45,48,5824,10481
2023-09-11 13:13:14,45,47,5824,10481
2023-09-11 13:13:15,45,48,5824,10481
2023-09-11 13:13:26,46,48,5824,10481
2023-09-11 13:13:28,45,48,5824,10481
2023-09-11 13:13:30,46,48,5824,10481
2023-09-11 13:13:39,46,49,5824,10481
2023-09-11 13:13:45,46,49,5824,10482
2023-09-11 13:13:52,47,49,5824,10482
2023-09-11 13:13:52,47,50,5824,10482
2023-09-11 13:13:53,47,51,5824,10482
2023-09-11 13:13:53,47,50,5824,10482
2023-09-11 13:13:57,47,50,5824,10483
2023-09-11 13:13:58,48,50,5824,10483
2023-09-11 13:13:58,48,51,5824,10483
2023-09-11 13:14:03,48,50,5824,10483
2023-09-11 13:14:07,47,50,5824,10483
2023-09-11 13:14:09,47,50,5824,10484
2023-09-11 13:14:16,47,50,5824,10485
2023-09-11 13:14:28,47,50,5824,10486
2023-09-11 13:14:36,47,50,5824,10487
2023-09-11 13:14:38,47,50,5824,10488
2023-09-11 13:14:50,46,50,5824,10488
2023-09-11 13:14:56,47,50,5824,10488
2023-09-11 13:15:12,46,50,5824,10488
2023-09-11 13:15:15,46,49,5824,10488
2023-09-11 13:15:29,46,50,5824,10488
2023-09-11 13:15:29,47,50,5824,10488
2023-09-11 13:15:35,46,50,5824,10488
2023-09-11 13:15:35,46,49,5824,10488
2023-09-11 13:15:49,46,50,5824,10488
2023-09-11 13:15:51,47,50,5824,10488
2023-09-11 13:16:06,47,49,5824,10488
2023-09-11 13:16:06,46,49,5824,10488
2023-09-11 13:16:14,46,50,5824,10488
2023-09-11 13:16:15,47,50,5824,10488
2023-09-11 13:16:23,47,50,5824,10489
2023-09-11 13:16:25,47,50,5824,10490
2023-09-11 13:16:31,48,50,5824,10490
2023-09-11 13:16:32,48,51,5824,10490
2023-09-11 13:16:33,48,50,5824,10490
2023-09-11 13:16:44,47,50,5824,10490
2023-09-11 13:17:13,47,49,5824,10490
2023-09-11 13:17:17,46,49,5824,10490
2023-09-11 13:17:37,46,48,5824,10490
2023-09-11 13:17:37,45,48,5824,10490
2023-09-11 13:17:48,45,49,5824,10490
2023-09-11 13:17:54,45,48,5824,10490
2023-09-11 13:18:03,45,49,5824,10490
2023-09-11 13:18:04,45,48,5824,10490
2023-09-11 13:18:13,45,48,5824,10491
2023-09-11 13:18:17,45,48,5824,10492
2023-09-11 13:18:28,45,47,5824,10492
2023-09-11 13:18:41,44,47,5824,10492
2023-09-11 13:18:42,44,46,5824,10492
2023-09-11 13:18:42,43,46,5824,10492
2023-09-11 13:18:43,43,45,5824,10492
2023-09-11 13:18:44,43,46,5824,10492
2023-09-11 13:18:46,44,46,5824,10492
2023-09-11 13:18:46,44,47,5824,10492
2023-09-11 13:18:51,44,48,5824,10492
2023-09-11 13:18:52,44,47,5824,10492
2023-09-11 13:19:04,44,46,5824,10492
2023-09-11 13:19:05,43,46,5824,10492
2023-09-11 13:19:09,43,45,5824,10492
2023-09-11 13:19:09,42,45,5824,10492
2023-09-11 13:19:11,42,43,5824,10492
2023-09-11 13:19:11,41,43,5824,10492
2023-09-11 13:19:11,41,42,5824,10492
2023-09-11 13:19:12,41,45,6024,10692
2023-09-11 13:19:13,41,44,6024,10692
2023-09-11 13:19:14,41,43,6024,10692
2023-09-11 13:19:15,41,44,6024,10692
2023-09-11 13:19:16,42,44,6024,10692
2023-09-11 13:19:17,42,45,6024,10692
2023-09-11 13:19:17,42,46,6024,10692
2023-09-11 13:19:17,42,45,6024,10692
2023-09-11 13:19:21,42,44,6024,10692
2023-09-11 13:19:24,42,45,6024,10692
2023-09-11 13:19:25,42,45,6225,10893
2023-09-11 13:19:27,43,45,6225,10893
2023-09-11 13:19:28,43,45,6226,10894
2023-09-11 13:19:29,42,45,6226,10894
2023-09-11 13:19:34,42,44,6226,10894
2023-09-11 13:19:35,42,44,6226,11244
2023-09-11 13:19:45,41,44,6226,11244
2023-09-11 13:19:49,42,44,6226,11244
2023-09-11 13:20:00,41,44,6226,11244
2023-09-11 13:20:13,41,43,6226,11244
2023-09-11 13:20:24,42,43,6226,11244
2023-09-11 13:20:24,42,44,6226,11244
2023-09-11 13:20:25,42,45,6226,11244
2023-09-11 13:20:25,42,44,6226,11244
2023-09-11 13:20:29,42,44,6227,11245
2023-09-11 13:20:29,41,44,6227,11245
2023-09-11 13:20:37,41,43,6227,11245
2023-09-11 13:20:40,41,42,6227,11245
2023-09-11 13:20:41,41,43,6227,11493
2023-09-11 13:20:42,41,42,6227,11493
2023-09-11 13:21:03,40,42,6227,11493
2023-09-11 13:21:12,40,41,6227,11493
2023-09-11 13:21:13,40,42,6227,11768
2023-09-11 13:21:13,40,41,6227,11768
2023-09-11 13:21:14,39,41,6227,11768
2023-09-11 13:21:26,39,40,6227,11768
2023-09-11 13:21:27,38,40,6227,11768
2023-09-11 13:21:33,37,40,6227,11768
2023-09-11 13:21:34,37,39,6227,11768
2023-09-11 13:21:34,37,38,6227,11768
2023-09-11 13:21:34,37,39,6227,12118
2023-09-11 13:21:35,37,38,6227,12118
2023-09-11 13:21:36,37,39,6227,12356
2023-09-11 13:21:36,37,38,6227,12356
2023-09-11 13:21:37,37,39,6227,12544
2023-09-11 13:21:37,37,38,6227,12544
2023-09-11 13:21:38,37,39,6227,12785
2023-09-11 13:21:38,37,38,6227,12785
2023-09-11 13:21:40,37,38,6228,12786
2023-09-11 13:21:51,36,38,6228,12786
2023-09-11 13:21:51,35,38,6228,12786
2023-09-11 13:21:51,35,36,6228,12786
2023-09-11 13:21:53,35,36,6426,13136
2023-09-11 13:21:55,35,38,6426,13215
2023-09-11 13:21:55,35,37,6426,13215
2023-09-11 13:21:56,35,38,6426,13215
2023-09-11 13:21:56,35,36,6426,13215
2023-09-11 13:22:03,35,36,6426,13216
2023-09-11 13:22:25,35,36,6426,13416
2023-09-11 13:22:31,35,38,6426,13416
2023-09-11 13:22:32,35,37,6426,13416
2023-09-11 13:22:34,35,36,6426,13416
2023-09-11 13:22:42,35,37,6426,13416
2023-09-11 13:22:54,35,36,6426,13416
2023-09-11 13:23:13,35,37,6426,13416
2023-09-11 13:23:16,35,36,6426,13416
2023-09-11 13:24:11,35,37,6426,13416
2023-09-11 13:24:15,35,36,6426,13416
2023-09-11 13:24:16,35,37,6426,13416
2023-09-11 13:24:20,35,36,6426,13416
2023-09-11 13:24:26,35,37,6426,13416
2023-09-11 13:24:28,35,36,6426,13416
2023-09-11 13:24:33,35,37,6426,13416
2023-09-11 13:24:42,35,36,6426,13416
2023-09-11 13:25:21,35,37,6426,13416
2023-09-11 13:25:24,35,36,6426,13416
2023-09-11 13:25:39,35,37,6426,13416
2023-09-11 13:25:51,35,38,6426,13416
2023-09-11 13:25:52,35,37,6426,13416
2023-09-11 13:26:00,35,36,6426,13416
2023-09-11 13:26:04,34,36,6426,13416
2023-09-11 13:26:06,33,36,6426,13416
2023-09-11 13:26:06,33,35,6426,13416
2023-09-11 13:26:07,32,35,6426,13416
2023-09-11 13:26:08,32,34,6426,13416
2023-09-11 13:26:25,32,33,6426,13416
2023-09-11 13:26:41,31,33,6426,13416
2023-09-11 13:26:43,31,32,6426,13416
2023-09-11 13:26:45,31,33,6426,13695
2023-09-11 13:26:46,31,32,6426,13695
2023-09-11 13:26:47,31,33,6481,13972
2023-09-11 13:26:48,31,32,6481,13972
2023-09-11 13:26:49,31,33,6481,13972
2023-09-11 13:26:52,32,33,6481,13972
2023-09-11 13:27:00,32,35,6741,14232
2023-09-11 13:27:01,32,34,6741,14232
2023-09-11 13:27:05,33,34,6741,14232
2023-09-11 13:27:06,32,34,6741,14232
2023-09-11 13:27:14,32,35,6741,14232
2023-09-11 13:27:14,32,37,6741,14232
2023-09-11 13:27:14,32,36,6741,14232
2023-09-11 13:27:15,32,35,6741,14232
2023-09-11 13:27:16,32,34,6741,14232
2023-09-11 13:27:18,32,35,6741,14232
2023-09-11 13:27:20,32,34,6741,14232
2023-09-11 13:27:22,32,35,6741,14232
2023-09-11 13:27:30,32,34,6741,14232
2023-09-11 13:27:32,32,35,6741,14232
2023-09-11 13:27:35,32,34,6741,14232
2023-09-11 13:27:39,32,35,6741,14232
2023-09-11 13:27:44,32,34,6741,14232
2023-09-11 13:27:52,34,35,6741,14516
2023-09-11 13:28:19,34,37,6741,14516
2023-09-11 13:28:20,34,36,6741,14516
2023-09-11 13:28:22,34,35,6741,14516
2023-09-11 13:29:02,32,35,6741,14532
2023-09-11 13:29:03,32,34,6741,14532
2023-09-11 13:29:04,32,33,6741,14532
2023-09-11 13:29:04,31,33,6741,14532
2023-09-11 13:29:06,31,33,6742,14533
2023-09-11 13:29:10,31,32,6742,14533
2023-09-11 13:29:16,31,32,6743,14534
2023-09-11 13:29:18,30,32,6743,14534
2023-09-11 13:29:19,30,31,6743,14534
2023-09-11 13:29:32,30,31,6743,14934
2023-09-11 13:29:33,30,31,6743,15334
2023-09-11 13:29:33,30,31,6743,15335
2023-09-11 13:29:34,28,31,6543,15535
2023-09-11 13:29:34,28,30,6543,15535
2023-09-11 13:29:34,28,29,6543,15535
2023-09-11 13:29:36,28,29,6544,15536
2023-09-11 13:29:43,27,29,6544,15536
2023-09-11 13:29:43,27,28,6544,15536
2023-09-11 13:29:51,27,29,6752,15744
2023-09-11 13:29:51,27,28,6752,15744
2023-09-11 13:29:52,27,29,7008,16000
2023-09-11 13:29:52,27,28,7008,16000
2023-09-11 13:29:54,27,29,7255,16247
2023-09-11 13:29:55,27,28,7255,16247
2023-09-11 13:30:03,27,28,7255,16647
2023-09-11 13:30:04,26,28,7255,16747
2023-09-11 13:30:05,25,28,7255,16747
2023-09-11 13:30:05,25,27,7255,16747
2023-09-11 13:30:05,25,26,7255,16747
2023-09-11 13:30:07,25,27,7448,16940
2023-09-11 13:30:09,25,28,7448,16940
2023-09-11 13:30:09,25,26,7448,16940
2023-09-11 13:30:14,23,26,7448,16940
2023-09-11 13:30:16,23,26,7448,17081
2023-09-11 13:30:18,23,26,7589,17222
2023-09-11 13:30:20,25,26,7589,17222
2023-09-11 13:30:22,25,28,7589,17222
2023-09-11 13:30:22,25,27,7589,17222
2023-09-11 13:30:27,25,26,7589,17222
2023-09-11 13:30:33,22,26,7389,17422
2023-09-11 13:30:33,22,25,7389,17422
2023-09-11 13:30:34,22,24,7389,17422
2023-09-11 13:30:38,21,24,7389,17422
2023-09-11 13:30:38,21,23,7389,17422
2023-09-11 13:30:40,21,24,7389,17422
2023-09-11 13:30:40,21,22,7389,17422
2023-09-11 13:30:42,21,24,7389,17422
2023-09-11 13:30:42,21,23,7389,17422
2023-09-11 13:30:57,21,22,7389,17422
2023-09-11 13:31:02,20,22,7389,17422
2023-09-11 13:31:03,19,22,7389,17422
2023-09-11 13:31:04,19,21,7389,17422
2023-09-11 13:31:04,19,20,7389,17422
2023-09-11 13:31:06,19,21,7389,17554
2023-09-11 13:31:07,19,22,7389,17554
2023-09-11 13:31:11,19,23,7389,17554
2023-09-11 13:31:13,20,23,7389,17554
2023-09-11 13:31:18,20,24,7389,17554
2023-09-11 13:31:18,20,23,7389,17554
2023-09-11 13:31:18,20,24,7389,17554
2023-09-11 13:31:23,20,25,7389,17554
2023-09-11 13:31:23,21,25,7389,17554
2023-09-11 13:31:30,22,25,7389,17554
2023-09-11 13:31:45,22,26,7389,17554
2023-09-11 13:31:53,22,27,7389,17554
2023-09-11 13:31:54,22,26,7389,17554
2023-09-11 13:31:57,22,27,7389,17554
2023-09-11 13:31:58,23,27,7389,17554
2023-09-11 13:32:05,22,27,7389,17554
2023-09-11 13:32:05,22,26,7389,17554
2023-09-11 13:32:06,22,25,7389,17554
2023-09-11 13:32:21,21,25,7389,17554
2023-09-11 13:32:23,21,25,7189,17754
2023-09-11 13:32:24,22,25,7189,17754
2023-09-11 13:32:31,21,25,7189,17754
2023-09-11 13:32:39,21,24,7189,17754
2023-09-11 13:32:45,20,24,7189,17754
2023-09-11 13:32:49,20,23,7189,17754
2023-09-11 13:32:50,20,24,7189,17754
2023-09-11 13:32:52,21,24,7189,17754
2023-09-11 13:32:57,21,25,7189,17754
2023-09-11 13:33:03,21,24,7189,17754
2023-09-11 13:33:06,22,24,7189,17754
2023-09-11 13:33:07,22,25,7189,17754
2023-09-11 13:33:09,22,24,7189,17754
2023-09-11 13:33:19,22,23,7189,17754
2023-09-11 13:33:22,20,23,7189,17929
2023-09-11 13:33:42,20,23,7214,17954
2023-09-11 13:33:47,20,24,7214,17954
2023-09-11 13:33:49,21,24,7214,17954
2023-09-11 13:33:53,21,25,7214,17954
2023-09-11 13:33:58,21,24,7214,17954
2023-09-11 13:34:02,20,24,7214,17954
2023-09-11 13:34:08,20,23,7214,17954
2023-09-11 13:34:31,20,24,7214,17954
2023-09-11 13:34:32,20,23,7214,17954
2023-09-11 13:34:33,20,24,7214,17954
2023-09-11 13:34:37,20,23,7214,17954
2023-09-11 13:34:38,20,24,7214,17954
2023-09-11 13:34:39,20,23,7214,17954
2023-09-11 13:34:43,21,23,7214,17954
2023-09-11 13:34:45,21,24,7214,17954
2023-09-11 13:34:48,21,23,7214,17954
2023-09-11 13:35:01,21,22,7214,17954
2023-09-11 13:35:12,21,23,7214,17954
2023-09-11 13:35:17,21,24,7214,17954
2023-09-11 13:35:22,21,25,7214,17954
2023-09-11 13:35:36,21,24,7214,17954
2023-09-11 13:35:40,21,25,7214,17954
2023-09-11 13:35:41,21,24,7214,17954
2023-09-11 13:36:07,21,23,7214,17954
2023-09-11 13:36:16,21,24,7214,17954
2023-09-11 13:36:20,21,23,7214,17954
2023-09-11 13:36:55,21,22,7214,17954
2023-09-11 13:37:03,19,21,7190,17978
2023-09-11 13:37:30,17,21,7190,18578
2023-09-11 13:37:30,17,20,7190,18578
2023-09-11 13:37:30,17,19,7190,18578
2023-09-11 13:37:39,18,19,7190,18578
2023-09-11 13:37:44,18,20,7190,18578
2023-09-11 13:37:52,18,19,7190,18578
2023-09-11 13:37:52,17,19,7190,18578
2023-09-11 13:38:26,16,19,7190,18578
2023-09-11 13:38:27,16,18,7190,18578
2023-09-11 13:38:34,16,19,7190,18578
2023-09-11 13:38:35,16,18,7190,18578
2023-09-11 13:39:32,16,19,7190,18578
2023-09-11 13:39:36,17,19,7190,18578
2023-09-11 13:39:43,16,19,7190,18578
2023-09-11 13:40:01,16,18,7190,18578
2023-09-11 13:40:13,16,19,7190,18578
2023-09-11 13:40:22,17,19,7190,18578
2023-09-11 13:40:23,16,19,7190,18578
2023-09-11 13:40:24,17,19,7190,18578
2023-09-11 13:40:25,16,19,7190,18578
2023-09-11 13:40:26,17,19,7190,18578
2023-09-11 13:40:27,16,19,7190,18578
2023-09-11 13:40:37,17,19,7190,18578
2023-09-11 13:40:38,16,19,7190,18578
2023-09-11 13:40:48,17,19,7190,18578
2023-09-11 13:40:49,16,19,7190,18578
2023-09-11 13:40:50,17,19,7190,18578
2023-09-11 13:40:51,16,19,7190,18578
2023-09-11 13:40:52,17,19,7190,18578
2023-09-11 13:40:53,16,19,7190,18578
2023-09-11 13:40:54,17,19,7190,18578
2023-09-11 13:40:55,16,19,7190,18578
2023-09-11 13:40:56,17,19,7190,18578
2023-09-11 13:40:57,16,19,7190,18578
2023-09-11 13:40:58,17,19,7190,18578
2023-09-11 13:40:59,16,19,7190,18578
2023-09-11 13:41:00,17,19,7190,18578
2023-09-11 13:41:01,16,19,7190,18578
2023-09-11 13:41:02,17,19,7190,18578
2023-09-11 13:41:03,16,19,7190,18578
2023-09-11 13:41:04,17,19,7190,18578
2023-09-11 13:41:05,16,19,7190,18578
2023-09-11 13:41:07,16,18,7190,18578
2023-09-11 13:41:21,16,19,7190,18578
2023-09-11 13:41:35,16,18,7190,18578
2023-09-11 13:42:10,16,17,7190,18578
2023-09-11 13:42:11,15,16,7190,18702
2023-09-11 13:42:11,14,16,7190,18702
2023-09-11 13:42:12,14,17,7190,18702
2023-09-11 13:42:14,14,16,7190,18702
2023-09-11 13:42:15,14,17,7190,18702
2023-09-11 13:42:25,14,18,7190,18702
2023-09-11 13:42:26,14,17,7190,18702
2023-09-11 13:42:32,14,16,7190,18702
2023-09-11 13:42:59,14,17,7190,18702
2023-09-11 13:43:02,14,18,7190,18702
2023-09-11 13:43:03,15,18,7190,18702
2023-09-11 13:43:04,15,17,7190,18702
2023-09-11 13:43:04,14,17,7190,18702
2023-09-11 13:43:05,15,17,7190,18702
2023-09-11 13:43:06,14,17,7190,18702
2023-09-11 13:43:13,14,18,7190,18702
2023-09-11 13:43:14,14,17,7190,18702
2023-09-11 13:43:16,14,18,7190,18702
2023-09-11 13:43:17,15,18,7190,18702
2023-09-11 13:43:18,14,18,7190,18702
2023-09-11 13:43:18,15,18,7190,18702
2023-09-11 13:43:23,16,18,7190,18702
2023-09-11 13:43:24,15,18,7190,18702
2023-09-11 13:43:25,16,18,7190,18702
2023-09-11 13:43:26,16,19,7190,18702
2023-09-11 13:43:26,15,19,7190,18702
2023-09-11 13:43:27,16,19,7190,18702
2023-09-11 13:43:40,17,19,7190,18702
2023-09-11 13:43:41,16,19,7190,18702
2023-09-11 13:43:53,15,19,7190,18702
2023-09-11 13:43:57,16,19,7190,18702
2023-09-11 13:43:58,15,19,7190,18702
2023-09-11 13:43:59,16,19,7190,18702
2023-09-11 13:44:02,15,19,7190,18702
2023-09-11 13:44:03,16,19,7190,18702
2023-09-11 13:44:13,17,19,7190,18702
2023-09-11 13:44:14,16,19,7190,18702
2023-09-11 13:44:15,17,19,7190,18702
2023-09-11 13:44:16,16,19,7190,18702
2023-09-11 13:44:17,17,19,7190,18702
2023-09-11 13:44:18,16,19,7190,18702
2023-09-11 13:44:19,17,19,7190,18702
2023-09-11 13:44:20,16,19,7190,18702
2023-09-11 13:44:21,17,19,7190,18702
2023-09-11 13:44:22,16,19,7190,18702
2023-09-11 13:44:23,17,19,7190,18702
2023-09-11 13:44:24,16,19,7190,18702
2023-09-11 13:44:29,17,19,7190,18702
2023-09-11 13:44:30,16,19,7190,18702
2023-09-11 13:44:31,17,19,7190,18702
2023-09-11 13:44:32,16,19,7190,18702
2023-09-11 13:44:33,17,19,7190,18702
2023-09-11 13:44:34,16,19,7190,18702
2023-09-11 13:44:35,17,19,7190,18702
2023-09-11 13:44:36,16,19,7190,18702
2023-09-11 13:44:37,17,19,7190,18702
2023-09-11 13:44:38,16,19,7190,18702
2023-09-11 13:44:39,17,19,7190,18702
2023-09-11 13:44:40,16,19,7190,18702
2023-09-11 13:44:41,17,19,7190,18702
2023-09-11 13:44:42,16,19,7190,18702
2023-09-11 13:44:43,16,20,7190,18702
2023-09-11 13:44:43,17,20,7190,18702
2023-09-11 13:44:46,18,20,7190,18702
2023-09-11 13:44:47,17,20,7190,18702
2023-09-11 13:44:48,18,20,7190,18702
2023-09-11 13:44:49,17,20,7190,18702
2023-09-11 13:44:50,18,20,7190,18702
2023-09-11 13:44:51,17,20,7190,18702
2023-09-11 13:44:52,18,20,7190,18702
2023-09-11 13:44:53,17,20,7190,18702
2023-09-11 13:44:54,18,20,7190,18702
2023-09-11 13:44:55,17,20,7190,18702
2023-09-11 13:44:56,18,20,7190,18702
2023-09-11 13:44:59,18,21,7190,18702
2023-09-11 13:45:11,18,22,7190,18702
2023-09-11 13:45:11,19,22,7190,18702
2023-09-11 13:45:29,18,22,7190,18702
2023-09-11 13:45:43,19,22,7190,18702
2023-09-11 13:45:49,18,22,7190,18702
2023-09-11 13:45:51,18,21,7190,18702
2023-09-11 13:45:55,18,22,7190,18702
2023-09-11 13:45:56,18,21,7190,18702
2023-09-11 13:46:08,18,20,7190,18702
2023-09-11 13:46:09,17,20,7190,18702
2023-09-11 13:46:35,17,19,7190,18702
2023-09-11 13:46:36,17,20,7190,18702
2023-09-11 13:46:38,17,19,7190,18702
2023-09-11 13:46:45,16,19,7190,18702
2023-09-11 13:47:02,16,18,7190,18702
2023-09-11 13:47:03,15,18,7190,18702
2023-09-11 13:47:07,15,17,7190,18702
2023-09-11 13:47:14,14,17,7190,18702
2023-09-11 13:47:18,15,17,7190,18702
2023-09-11 13:47:23,14,17,7190,18702
2023-09-11 13:47:32,14,17,7192,18704
2023-09-11 13:47:49,15,17,7192,18704
2023-09-11 13:47:53,14,17,7192,18704
2023-09-11 13:47:59,14,17,7198,18710
2023-09-11 13:48:31,14,16,7198,18710
2023-09-11 13:48:38,14,15,7198,18710
2023-09-11 13:48:38,13,15,7198,18710
2023-09-11 13:49:15,14,15,7198,18710
2023-09-11 13:49:16,13,15,7198,18710
2023-09-11 13:49:31,13,16,7198,18710
2023-09-11 13:49:31,14,16,7198,18710
2023-09-11 13:49:32,13,16,7198,18710
2023-09-11 13:49:33,14,16,7198,18710
2023-09-11 13:49:34,13,16,7198,18710
2023-09-11 13:49:36,14,16,7198,18710
2023-09-11 13:49:36,13,16,7198,18710
2023-09-11 13:49:38,14,16,7198,18710
2023-09-11 13:49:38,13,16,7198,18710
2023-09-11 13:49:40,14,16,7198,18710
2023-09-11 13:49:40,13,16,7198,18710
2023-09-11 13:49:42,14,16,7198,18710
2023-09-11 13:49:42,13,16,7198,18710
2023-09-11 13:49:44,14,16,7198,18710
2023-09-11 13:49:44,14,17,7198,18710
2023-09-11 13:49:45,15,17,7198,18710
2023-09-11 13:49:46,14,17,7198,18710
2023-09-11 13:49:47,15,17,7198,18710
2023-09-11 13:49:48,14,17,7198,18710
2023-09-11 13:49:49,15,17,7198,18710
2023-09-11 13:49:50,14,17,7198,18710
2023-09-11 13:49:51,15,17,7198,18710
2023-09-11 13:49:52,14,17,7198,18710
2023-09-11 13:49:53,15,17,7198,18710
2023-09-11 13:49:54,14,17,7198,18710
2023-09-11 13:49:55,15,17,7198,18710
2023-09-11 13:49:56,14,17,7198,18710
2023-09-11 13:49:57,15,17,7198,18710
2023-09-11 13:49:58,14,17,7198,18710
2023-09-11 13:49:59,15,17,7198,18710
2023-09-11 13:50:00,14,17,7198,18710
2023-09-11 13:50:01,15,17,7198,18710
2023-09-11 13:50:02,14,17,7198,18710
2023-09-11 13:50:03,15,17,7198,18710
2023-09-11 13:50:04,14,17,7198,18710
2023-09-11 13:50:07,14,16,7198,18710
2023-09-11 13:50:19,14,17,7198,18710
2023-09-11 13:50:20,14,16,7198,18710
2023-09-11 13:50:21,14,17,7198,18710
2023-09-11 13:50:38,14,16,7198,18710
2023-09-11 13:50:58,14,15,7198,18710
2023-09-11 13:51:02,14,16,7198,18710
2023-09-11 13:51:05,14,15,7198,18710
2023-09-11 13:51:14,12,14,7193,18715
2023-09-11 13:51:14,11,13,7193,18715
2023-09-11 13:51:35,11,12,7193,18715
2023-09-11 13:51:35,10,12,7193,18715
2023-09-11 13:51:59,9,12,7193,18715
2023-09-11 13:52:02,10,12,7193,18715
2023-09-11 13:52:03,9,12,7193,18715
2023-09-11 13:52:04,10,12,7193,18715
2023-09-11 13:52:05,9,12,7193,18715
2023-09-11 13:52:11,10,12,7193,18715
2023-09-11 13:52:12,9,12,7193,18715
2023-09-11 13:52:13,10,12,7193,18715
2023-09-11 13:52:14,9,12,7193,18715
2023-09-11 13:52:15,10,12,7193,18715
2023-09-11 13:52:16,9,12,7193,18715
2023-09-11 13:52:17,10,12,7193,18715
2023-09-11 13:52:18,9,12,7193,18715
2023-09-11 13:52:19,10,12,7193,18715
2023-09-11 13:52:20,9,12,7193,18715
2023-09-11 13:52:21,10,12,7193,18715
2023-09-11 13:52:22,9,12,7193,18715
2023-09-11 13:52:23,10,12,7193,18715
2023-09-11 13:52:24,9,12,7193,18715
2023-09-11 13:52:25,10,12,7193,18715
2023-09-11 13:52:26,9,12,7193,18715
2023-09-11 13:52:27,10,12,7193,18715
2023-09-11 13:52:28,9,12,7193,18715
2023-09-11 13:52:29,10,12,7193,18715
2023-09-11 13:52:30,9,12,7193,18715
2023-09-11 13:52:30,11,12,7193,18715
2023-09-11 13:52:31,9,12,7193,18715
2023-09-11 13:52:32,10,12,7193,18715
2023-09-11 13:52:33,9,12,7193,18715
2023-09-11 13:52:33,11,12,7193,18715
2023-09-11 13:52:34,9,12,7193,18715
2023-09-11 13:52:35,10,12,7193,18715
2023-09-11 13:52:36,9,12,7193,18715
2023-09-11 13:52:37,10,12,7193,18715
2023-09-11 13:52:38,9,12,7193,18715
2023-09-11 13:52:39,10,12,7193,18715
2023-09-11 13:52:40,9,12,7193,18715
2023-09-11 13:52:41,10,12,7193,18715
2023-09-11 13:52:42,9,12,7193,18715
2023-09-11 13:52:43,10,12,7193,18715
2023-09-11 13:52:44,9,12,7193,18715
2023-09-11 13:52:45,10,12,7193,18715
2023-09-11 13:52:46,9,12,7193,18715
2023-09-11 13:52:47,10,12,7193,18715
2023-09-11 13:52:48,9,12,7193,18715
2023-09-11 13:52:49,10,12,7193,18715
2023-09-11 13:52:50,9,12,7193,18715
2023-09-11 13:52:51,10,12,7193,18715
2023-09-11 13:52:52,9,12,7193,18715
2023-09-11 13:52:53,10,12,7193,18715
2023-09-11 13:52:54,9,12,7193,18715
2023-09-11 13:52:56,10,12,7193,18715
2023-09-11 13:52:56,9,12,7193,18715
2023-09-11 13:52:57,10,12,7193,18715
2023-09-11 13:52:58,9,12,7193,18715
2023-09-11 13:52:59,10,12,7193,18715
2023-09-11 13:53:00,9,12,7193,18715
2023-09-11 13:53:02,10,12,7193,18715
2023-09-11 13:53:02,9,12,7193,18715
2023-09-11 13:53:04,10,12,7193,18715
2023-09-11 13:53:04,9,12,7193,18715
2023-09-11 13:53:06,10,12,7193,18715
2023-09-11 13:53:06,9,12,7193,18715
2023-09-11 13:53:08,10,12,7193,18715
2023-09-11 13:53:08,9,12,7193,18715
2023-09-11 13:53:10,10,12,7193,18715
2023-09-11 13:53:11,9,12,7193,18715
2023-09-11 13:53:12,10,12,7193,18715
2023-09-11 13:53:13,9,12,7193,18715
2023-09-11 13:53:14,10,12,7193,18715
2023-09-11 13:53:15,9,12,7193,18715
2023-09-11 13:53:15,9,11,7193,18715
2023-09-11 13:53:16,10,11,7193,18715
2023-09-11 13:53:17,9,11,7193,18715
2023-09-11 13:53:30,9,12,7193,18715
2023-09-11 13:53:34,9,11,7193,18715
2023-09-11 13:54:09,10,11,7193,18715
2023-09-11 13:54:10,9,11,7193,18715
2023-09-11 13:54:11,10,11,7193,18715
2023-09-11 13:54:12,9,11,7193,18715
2023-09-11 13:54:13,10,11,7193,18715
2023-09-11 13:54:14,9,11,7193,18715
2023-09-11 13:54:15,10,11,7193,18715
2023-09-11 13:54:16,9,11,7193,18715
2023-09-11 13:54:17,10,11,7193,18715
2023-09-11 13:54:18,9,11,7193,18715
2023-09-11 13:54:24,9,10,7193,18715
2023-09-11 13:54:24,8,10,7193,18715
2023-09-11 13:54:40,8,11,7193,18715
2023-09-11 13:54:40,9,11,7193,18715
2023-09-11 13:54:41,8,11,7193,18715
2023-09-11 13:54:42,9,11,7193,18715
2023-09-11 13:54:43,8,11,7193,18715
2023-09-11 13:54:44,9,11,7193,18715
2023-09-11 13:54:45,8,11,7193,18715
2023-09-11 13:54:46,9,11,7193,18715
2023-09-11 13:54:47,10,11,7193,18715
2023-09-11 13:55:07,8,11,7193,18915
2023-09-11 13:55:07,9,11,7193,18915
2023-09-11 13:55:08,8,11,7193,18915
2023-09-11 13:55:19,9,11,7193,18915
2023-09-11 13:55:20,8,11,7193,18915
2023-09-11 13:55:23,9,11,7193,18915
2023-09-11 13:55:24,8,11,7193,18915
2023-09-11 13:55:25,9,11,7193,18915
2023-09-11 13:55:26,8,11,7193,18915
2023-09-11 13:55:27,9,11,7193,18915
2023-09-11 13:55:28,8,11,7193,18915
2023-09-11 13:55:29,9,11,7193,18915
2023-09-11 13:55:30,8,11,7193,18915
2023-09-11 13:55:31,9,11,7193,18915
2023-09-11 13:55:32,8,11,7193,18915
2023-09-11 13:55:33,9,11,7193,18915
2023-09-11 13:55:34,8,11,7193,18915
2023-09-11 13:55:35,9,11,7193,18915
2023-09-11 13:55:36,8,11,7193,18915
2023-09-11 13:55:37,9,11,7193,18915
2023-09-11 13:55:38,8,11,7193,18915
2023-09-11 13:55:39,9,11,7193,18915
2023-09-11 13:55:40,8,11,7193,18915
2023-09-11 13:55:41,9,11,7193,18915
2023-09-11 13:55:42,8,11,7193,18915
2023-09-11 13:55:43,9,11,7193,18915
2023-09-11 13:55:44,8,11,7193,18915
2023-09-11 13:55:45,9,11,7193,18915
2023-09-11 13:55:46,8,11,7193,18915
2023-09-11 13:55:47,9,11,7193,18915
2023-09-11 13:55:48,8,11,7193,18915
2023-09-11 13:55:49,9,11,7193,18915
2023-09-11 13:55:50,8,11,7193,18915
2023-09-11 13:55:51,9,11,7193,18915
2023-09-11 13:55:52,8,11,7193,18915
2023-09-11 13:55:53,9,11,7193,18915
2023-09-11 13:55:54,9,11,7193,18916
2023-09-11 13:55:54,8,11,7193,18916
2023-09-11 13:55:54,8,11,7194,18917
2023-09-11 13:55:55,9,11,7194,18917
2023-09-11 13:55:56,8,11,7194,18917
2023-09-11 13:55:57,9,11,7194,18917
2023-09-11 13:55:58,8,11,7194,18917
2023-09-11 13:55:59,9,11,7194,18917
2023-09-11 13:56:00,8,11,7194,18917
2023-09-11 13:56:01,9,11,7194,18917
2023-09-11 13:56:02,8,11,7194,18917
2023-09-11 13:56:03,9,11,7194,18917
2023-09-11 13:56:04,8,11,7194,18917
2023-09-11 13:56:05,9,11,7194,18917
2023-09-11 13:56:06,8,11,7194,18917
2023-09-11 13:56:07,9,11,7194,18917
2023-09-11 13:56:08,8,11,7194,18917
2023-09-11 13:56:09,9,11,7194,18917
2023-09-11 13:56:10,8,11,7194,18917
2023-09-11 13:56:10,10,11,7194,18917
2023-09-11 13:56:11,8,11,7194,18917
2023-09-11 13:56:12,8,11,7195,18918
2023-09-11 13:56:12,9,11,7195,18918
2023-09-11 13:56:12,10,11,7195,18918
2023-09-11 13:56:13,9,11,7195,18918
2023-09-11 13:56:14,10,11,7195,18918
2023-09-11 13:56:15,9,11,7195,18918
2023-09-11 13:56:24,10,11,7195,18918
2023-09-11 13:56:25,9,11,7195,18918
2023-09-11 13:56:26,10,11,7195,18918
2023-09-11 13:56:27,9,11,7195,18918
2023-09-11 13:56:28,9,12,7195,18918
2023-09-11 13:56:28,10,12,7195,18918
2023-09-11 13:56:29,9,12,7195,18918
2023-09-11 13:56:32,10,12,7195,18918
2023-09-11 13:56:32,9,12,7195,18918
2023-09-11 13:56:41,9,11,7195,18918
2023-09-11 13:56:54,10,11,7195,18918
2023-09-11 13:56:54,10,12,7195,18918
2023-09-11 13:56:55,9,12,7195,18918
2023-09-11 13:56:59,10,12,7195,18918
2023-09-11 13:57:00,9,12,7195,18918
2023-09-11 13:57:01,10,12,7195,18918
2023-09-11 13:57:02,9,12,7195,18918
2023-09-11 13:57:03,10,12,7195,18918
2023-09-11 13:57:05,10,13,7195,18918
2023-09-11 13:57:06,11,13,7195,18918
2023-09-11 13:57:07,10,13,7195,18918
2023-09-11 13:57:08,11,13,7195,18918
2023-09-11 13:57:09,10,13,7195,18918
2023-09-11 13:57:10,11,13,7195,18918
2023-09-11 13:57:11,12,13,7195,18918
2023-09-11 13:57:12,11,13,7195,18918
2023-09-11 13:57:13,12,13,7195,18918
2023-09-11 13:57:14,11,13,7195,18918
2023-09-11 13:57:16,10,13,7195,18918
2023-09-11 13:57:17,11,13,7195,18918
2023-09-11 13:57:18,11,12,7195,18918
2023-09-11 13:57:18,10,12,7195,18918
2023-09-11 13:57:19,11,12,7195,18918
2023-09-11 13:57:20,10,12,7195,18918
2023-09-11 13:57:21,11,12,7195,18918
2023-09-11 13:57:22,10,12,7195,18918
2023-09-11 13:57:23,11,12,7195,18918
2023-09-11 13:57:24,10,12,7195,18918
2023-09-11 13:57:25,11,12,7195,18918
2023-09-11 13:57:26,11,13,7195,18918
2023-09-11 13:57:26,10,13,7195,18918
2023-09-11 13:57:27,11,13,7195,18918
2023-09-11 13:57:28,10,13,7195,18918
2023-09-11 13:57:29,11,13,7195,18918
2023-09-11 13:57:30,10,13,7195,18918
2023-09-11 13:57:30,12,13,7195,18918
2023-09-11 13:57:31,10,13,7195,18918
2023-09-11 13:57:32,11,13,7195,18918
2023-09-11 13:57:33,10,13,7195,18918
2023-09-11 13:57:33,11,13,7195,18918
2023-09-11 13:57:33,12,13,7195,18918
2023-09-11 13:57:34,11,13,7195,18918
2023-09-11 13:57:35,12,13,7195,18918
2023-09-11 13:57:36,12,14,7195,18918
2023-09-11 13:57:36,11,14,7195,18918
2023-09-11 13:57:37,12,14,7195,18918
2023-09-11 13:57:38,11,14,7195,18918
2023-09-11 13:57:39,12,14,7195,18918
2023-09-11 13:57:40,11,14,7195,18918
2023-09-11 13:57:41,12,14,7195,18918
2023-09-11 13:57:42,11,14,7195,18918
2023-09-11 13:57:43,12,14,7195,18918
2023-09-11 13:57:44,11,14,7195,18918
2023-09-11 13:57:45,12,14,7195,18918
2023-09-11 13:57:46,11,14,7195,18918
2023-09-11 13:57:47,12,14,7195,18918
2023-09-11 13:57:48,11,14,7195,18918
2023-09-11 13:57:49,12,14,7195,18918
2023-09-11 13:57:50,11,14,7195,18918
2023-09-11 13:57:51,12,14,7195,18918
2023-09-11 13:57:52,11,14,7195,18918
2023-09-11 13:57:53,12,14,7195,18918
2023-09-11 13:57:54,11,14,7195,18918
2023-09-11 13:57:55,12,14,7195,18918
2023-09-11 13:57:56,11,14,7195,18918
2023-09-11 13:57:57,12,14,7195,18918
2023-09-11 13:57:58,11,14,7195,18918
2023-09-11 13:57:59,12,14,7195,18918
2023-09-11 13:58:00,11,14,7195,18918
2023-09-11 13:58:00,13,14,7195,18918
2023-09-11 13:58:01,11,14,7195,18918
2023-09-11 13:58:02,12,14,7195,18918
2023-09-11 13:58:03,12,15,7195,18918
2023-09-11 13:58:03,11,15,7195,18918
2023-09-11 13:58:03,13,15,7195,18918
2023-09-11 13:58:04,11,15,7195,18918
2023-09-11 13:58:05,11,14,7195,18918
2023-09-11 13:58:05,12,14,7195,18918
2023-09-11 13:58:06,11,14,7195,18918
2023-09-11 13:58:07,12,14,7195,18918
2023-09-11 13:58:08,11,14,7195,18918
2023-09-11 13:58:29,11,13,7195,18918
2023-09-11 13:58:30,10,13,7195,18918
2023-09-11 13:58:38,10,12,7195,18918
2023-09-11 13:58:42,10,13,7195,18918
2023-09-11 13:58:53,9,13,7195,18918
2023-09-11 13:58:54,9,12,7195,18918
2023-09-11 13:58:56,10,12,7195,18918
2023-09-11 13:58:57,9,12,7195,18918
2023-09-11 13:59:00,10,12,7195,18918
2023-09-11 13:59:01,9,12,7195,18918
2023-09-11 13:59:13,10,12,7195,18918
2023-09-11 13:59:14,10,13,7195,18918
2023-09-11 13:59:14,9,13,7195,18918
2023-09-11 13:59:15,10,13,7195,18918
2023-09-11 13:59:16,9,13,7195,18918
2023-09-11 13:59:27,9,12,7195,18918
2023-09-11 13:59:45,10,12,7195,18918
2023-09-11 13:59:46,9,12,7195,18918
2023-09-11 13:59:53,9,11,7195,18918
2023-09-11 13:59:53,8,11,7195,18918
2023-09-11 14:00:17,9,11,7195,18918
2023-09-11 14:00:18,8,11,7195,18918
2023-09-11 14:00:19,9,11,7195,18918
2023-09-11 14:00:20,8,11,7195,18918
2023-09-11 14:00:21,9,11,7195,18918
2023-09-11 14:00:22,8,11,7195,18918
2023-09-11 14:00:39,8,10,7195,18918
2023-09-11 14:01:00,8,11,7195,18918
2023-09-11 14:01:28,9,11,7195,18918
2023-09-11 14:01:29,8,11,7195,18918
2023-09-11 14:01:30,9,11,7195,18918
2023-09-11 14:01:31,8,11,7195,18918
2023-09-11 14:01:32,9,11,7195,18918
2023-09-11 14:01:33,8,11,7195,18918
2023-09-11 14:01:34,9,11,7195,18918
2023-09-11 14:01:34,9,12,7195,18918
2023-09-11 14:01:39,10,12,7195,18918
2023-09-11 14:01:40,9,12,7195,18918
2023-09-11 14:01:41,10,12,7195,18918
2023-09-11 14:01:42,9,12,7195,18918
2023-09-11 14:01:43,10,12,7195,18918
2023-09-11 14:01:44,10,13,7195,18918
2023-09-11 14:01:44,9,13,7195,18918
2023-09-11 14:01:45,10,13,7195,18918
2023-09-11 14:01:46,9,13,7195,18918
2023-09-11 14:01:47,10,13,7195,18918
2023-09-11 14:01:48,10,12,7195,18918
2023-09-11 14:01:48,9,12,7195,18918
2023-09-11 14:02:00,9,11,7195,18918
2023-09-11 14:02:25,8,11,7195,18918
2023-09-11 14:02:38,9,11,7195,18918
2023-09-11 14:02:43,8,11,7195,18918
2023-09-11 14:02:53,9,11,7195,18918
2023-09-11 14:02:54,8,11,7195,18918
2023-09-11 14:03:03,9,11,7195,18918
2023-09-11 14:03:04,8,11,7195,18918
2023-09-11 14:03:06,9,11,7195,18918
2023-09-11 14:03:06,8,11,7195,18918
2023-09-11 14:03:08,9,11,7195,18918
2023-09-11 14:03:08,8,11,7195,18918
2023-09-11 14:03:09,9,11,7195,18918
2023-09-11 14:03:16,10,11,7195,18918
2023-09-11 14:03:17,9,11,7195,18918
2023-09-11 14:03:18,10,11,7195,18918
2023-09-11 14:03:18,9,11,7195,18918
2023-09-11 14:03:20,10,11,7195,18918
2023-09-11 14:03:21,9,11,7195,18918
2023-09-11 14:03:22,10,11,7195,18918
2023-09-11 14:03:23,9,11,7195,18918
2023-09-11 14:03:25,9,12,7195,18918
2023-09-11 14:03:26,10,12,7195,18918
2023-09-11 14:03:27,9,12,7195,18918
2023-09-11 14:03:29,10,12,7195,18918
2023-09-11 14:03:30,9,12,7195,18918
2023-09-11 14:03:34,10,12,7195,18918
2023-09-11 14:03:35,9,12,7195,18918
2023-09-11 14:03:39,10,12,7195,18918
2023-09-11 14:03:40,9,12,7195,18918
2023-09-11 14:03:42,10,12,7195,18918
2023-09-11 14:03:43,9,12,7195,18918
2023-09-11 14:03:43,9,13,7195,18918
2023-09-11 14:03:45,10,13,7195,18918
2023-09-11 14:04:45,10,13,7196,18919
2023-09-11 14:04:46,10,12,7196,18919
2023-09-11 14:04:57,10,11,7196,18919
2023-09-11 14:05:03,10,13,7196,18919
2023-09-11 14:05:03,10,12,7196,18919
2023-09-11 14:05:09,11,12,7196,18919
2023-09-11 14:05:10,10,12,7196,18919
2023-09-11 14:05:11,11,12,7196,18919
2023-09-11 14:05:12,10,12,7196,18919
2023-09-11 14:05:44,11,12,7196,18919
2023-09-11 14:05:44,11,14,7196,18919
2023-09-11 14:05:44,11,13,7196,18919
2023-09-11 14:05:52,11,15,7196,18919
2023-09-11 14:05:52,11,14,7196,18919
2023-09-11 14:05:52,12,14,7196,18919
2023-09-11 14:05:53,11,14,7196,18919
2023-09-11 14:05:54,12,14,7196,18919
2023-09-11 14:05:55,11,14,7196,18919
2023-09-11 14:06:00,11,13,7196,18919
2023-09-11 14:06:19,12,13,7196,18919
2023-09-11 14:06:20,12,15,7196,18919
2023-09-11 14:06:20,12,14,7196,18919
2023-09-11 14:06:20,11,14,7196,18919
2023-09-11 14:06:21,12,14,7196,18919
2023-09-11 14:06:22,11,14,7196,18919
2023-09-11 14:06:24,12,14,7196,18919
2023-09-11 14:06:24,11,14,7196,18919
2023-09-11 14:06:25,12,14,7196,18919
2023-09-11 14:06:25,13,14,7196,18919
2023-09-11 14:06:26,12,14,7196,18919
2023-09-11 14:06:28,13,14,7196,18919
2023-09-11 14:06:28,13,16,7196,18919
2023-09-11 14:06:28,13,15,7196,18919
2023-09-11 14:06:29,14,15,7196,18919
2023-09-11 14:06:29,13,15,7196,18919
2023-09-11 14:06:31,14,15,7196,18919
2023-09-11 14:06:31,13,15,7196,18919
2023-09-11 14:06:46,12,15,7196,18919
2023-09-11 14:06:47,13,15,7196,18919
2023-09-11 14:07:09,13,17,7196,18919
2023-09-11 14:07:09,13,16,7196,18919
2023-09-11 14:07:13,14,16,7196,18919
2023-09-11 14:07:15,13,16,7196,18919
2023-09-11 14:07:18,13,15,7196,18919
2023-09-11 14:07:49,12,15,7196,18919
2023-09-11 14:07:52,12,14,7196,18919
2023-09-11 14:07:55,12,13,7196,18919
2023-09-11 14:07:56,11,13,7196,18919
2023-09-11 14:08:11,12,13,7196,18919
2023-09-11 14:08:11,12,15,7196,18919
2023-09-11 14:08:11,12,14,7196,18919
2023-09-11 14:08:36,12,16,7196,18919
2023-09-11 14:08:36,12,15,7196,18919
2023-09-11 14:08:40,13,15,7196,18919
2023-09-11 14:09:11,13,17,7196,18919
2023-09-11 14:09:11,13,16,7196,18919
2023-09-11 14:09:18,14,16,7196,18919
2023-09-11 14:09:35,14,15,7196,18919
2023-09-11 14:09:40,13,15,7196,18919
2023-09-11 14:09:46,13,16,7196,18919
2023-09-11 14:09:46,13,14,7196,18919
2023-09-11 14:09:48,13,16,7196,18919
2023-09-11 14:09:48,13,15,7196,18919
2023-09-11 14:09:56,13,16,7196,18919
2023-09-11 14:09:56,13,14,7196,18919
2023-09-11 14:09:57,12,14,7196,18919
2023-09-11 14:10:21,12,15,7196,18919
2023-09-11 14:10:21,12,13,7196,18919
2023-09-11 14:10:50,11,13,7196,18919
2023-09-11 14:11:01,11,14,7196,18919
2023-09-11 14:11:01,11,12,7196,18919
2023-09-11 14:11:06,10,12,7196,18919
2023-09-11 14:11:10,10,13,7196,18919
2023-09-11 14:11:10,10,11,7196,18919
2023-09-11 14:11:14,9,11,7196,18919
2023-09-11 14:11:22,9,12,7196,18919
2023-09-11 14:11:22,9,10,7196,18919
2023-09-11 14:11:30,9,12,7196,18919
2023-09-11 14:11:30,9,11,7196,18919
2023-09-11 14:11:56,9,10,7196,18919
2023-09-11 14:12:15,8,10,7196,18919
2023-09-11 14:12:15,8,9,7196,18919
2023-09-11 14:13:07,7,9,7196,18919
2023-09-11 14:13:07,7,8,7196,18919
2023-09-11 14:13:15,6,8,7196,18919
2023-09-11 14:13:15,6,7,7196,18919
2023-09-11 14:14:09,5,7,7196,18919
2023-09-11 14:14:09,5,6,7196,18919
2023-09-11 14:15:48,6,7,7195,18920
2023-09-11 14:15:49,5,7,7195,18920
2023-09-11 14:15:50,6,7,7195,18920
2023-09-11 14:15:51,5,7,7195,18920
2023-09-11 14:15:59,6,7,7195,18920
2023-09-11 14:16:00,5,7,7195,18920
2023-09-11 14:16:01,6,7,7195,18920
2023-09-11 14:16:02,5,7,7195,18920
2023-09-11 14:16:03,6,7,7195,18920
2023-09-11 14:16:04,5,7,7195,18920
2023-09-11 14:16:05,6,7,7195,18920
2023-09-11 14:16:06,5,7,7195,18920
2023-09-11 14:16:07,6,7,7195,18920
2023-09-11 14:16:08,5,7,7195,18920
2023-09-11 14:16:09,6,7,7195,18920
2023-09-11 14:16:10,5,7,7195,18920
2023-09-11 14:16:11,5,8,7195,18920
2023-09-11 14:16:11,6,8,7195,18920
2023-09-11 14:16:12,5,8,7195,18920
2023-09-11 14:16:13,6,8,7195,18920
2023-09-11 14:16:14,5,8,7195,18920
2023-09-11 14:16:15,6,8,7195,18920
2023-09-11 14:16:16,5,8,7195,18920
2023-09-11 14:16:17,6,8,7195,18920
2023-09-11 14:16:18,5,8,7195,18920
2023-09-11 14:16:19,6,8,7195,18920
2023-09-11 14:16:20,5,8,7195,18920
2023-09-11 14:16:21,6,8,7195,18920
2023-09-11 14:16:22,5,8,7195,18920
2023-09-11 14:16:23,6,8,7195,18920
2023-09-11 14:16:24,5,8,7195,18920
2023-09-11 14:16:25,6,8,7195,18920
2023-09-11 14:16:26,5,8,7195,18920
2023-09-11 14:16:27,6,8,7195,18920
2023-09-11 14:16:28,5,8,7195,18920
2023-09-11 14:16:29,6,8,7195,18920
2023-09-11 14:16:30,5,8,7195,18920
2023-09-11 14:16:31,6,8,7195,18920
2023-09-11 14:16:32,5,8,7195,18920
2023-09-11 14:16:33,6,8,7195,18920
2023-09-11 14:16:34,5,8,7195,18920
2023-09-11 14:16:35,6,8,7195,18920
2023-09-11 14:16:36,5,8,7195,18920
2023-09-11 14:16:37,6,8,7195,18920
2023-09-11 14:16:38,5,8,7195,18920
2023-09-11 14:16:39,6,8,7195,18920
2023-09-11 14:16:40,5,8,7195,18920
2023-09-11 14:16:41,6,8,7195,18920
2023-09-11 14:16:42,5,8,7195,18920
2023-09-11 14:16:43,6,8,7195,18920
2023-09-11 14:16:48,7,8,7195,18920
2023-09-11 14:16:49,7,9,7195,18920
2023-09-11 14:16:49,6,9,7195,18920
2023-09-11 14:16:50,7,9,7195,18920
2023-09-11 14:16:51,6,9,7195,18920
2023-09-11 14:16:52,7,9,7195,18920
2023-09-11 14:16:53,6,9,7195,18920
2023-09-11 14:16:54,7,9,7195,18920
2023-09-11 14:16:55,6,9,7195,18920
2023-09-11 14:16:56,7,9,7195,18920
2023-09-11 14:16:57,6,9,7195,18920
2023-09-11 14:16:58,7,9,7195,18920
2023-09-11 14:16:59,6,9,7195,18920
2023-09-11 14:17:00,7,9,7195,18920
2023-09-11 14:17:01,6,9,7195,18920
2023-09-11 14:17:02,7,9,7195,18920
2023-09-11 14:17:11,6,9,7195,18920
2023-09-11 14:17:12,7,9,7195,18920
2023-09-11 14:17:13,6,9,7195,18920
2023-09-11 14:17:25,7,9,7195,18920
2023-09-11 14:17:25,6,9,7195,18920
2023-09-11 14:17:27,7,9,7195,18920
2023-09-11 14:17:27,7,10,7195,18920
2023-09-11 14:17:40,8,10,7195,18920
2023-09-11 14:17:41,7,10,7195,18920
2023-09-11 14:17:42,8,10,7195,18920
2023-09-11 14:17:43,7,10,7195,18920
2023-09-11 14:18:18,8,10,7195,18920
2023-09-11 14:18:19,8,11,7195,18920
2023-09-11 14:18:46,8,10,7195,18920
2023-09-11 14:18:47,7,10,7195,18920
2023-09-11 14:19:07,7,9,7195,18920
2023-09-11 14:19:08,6,9,7195,18920
2023-09-11 14:19:45,6,8,7195,18920
2023-09-11 14:19:46,5,8,7195,18920
2023-09-11 14:19:58,5,7,7195,18920
2023-09-11 14:20:01,5,8,7195,18920
2023-09-11 14:20:07,5,7,7195,18920
2023-09-11 14:20:10,5,8,7195,18920
2023-09-11 14:20:19,5,7,7195,18920
2023-09-11 14:20:19,6,7,7195,18920
2023-09-11 14:21:13,5,7,7195,18920
2023-09-11 14:22:01,5,6,7195,18920
2023-09-11 14:22:01,5,6,7191,18924
2023-09-11 14:22:24,4,6,7191,18924
2023-09-11 14:22:54,5,6,7191,18924
2023-09-11 14:22:55,4,6,7191,18924
2023-09-11 14:22:56,5,6,7191,18924
2023-09-11 14:22:57,4,6,7191,18924
2023-09-11 14:22:58,5,6,7191,18924
2023-09-11 14:22:59,4,6,7191,18924
2023-09-11 14:23:00,5,6,7191,18924
2023-09-11 14:23:01,5,7,7191,18924
2023-09-11 14:23:01,4,7,7191,18924
2023-09-11 14:23:02,5,7,7191,18924
2023-09-11 14:23:03,4,7,7191,18924
2023-09-11 14:23:04,5,7,7191,18924
2023-09-11 14:23:05,4,7,7191,18924
2023-09-11 14:23:06,5,7,7191,18924
2023-09-11 14:23:07,4,7,7191,18924
2023-09-11 14:23:08,5,7,7191,18924
2023-09-11 14:23:09,4,7,7191,18924
2023-09-11 14:23:10,5,7,7191,18924
2023-09-11 14:23:11,4,7,7191,18924
2023-09-11 14:23:12,5,7,7191,18924
2023-09-11 14:23:13,4,7,7191,18924
2023-09-11 14:23:14,5,7,7191,18924
2023-09-11 14:23:15,4,7,7191,18924
2023-09-11 14:23:16,5,7,7191,18924
2023-09-11 14:23:17,4,7,7191,18924
2023-09-11 14:23:18,5,7,7191,18924
2023-09-11 14:23:19,4,7,7191,18924
2023-09-11 14:23:20,5,7,7191,18924
2023-09-11 14:23:21,4,7,7191,18924
2023-09-11 14:23:22,5,7,7191,18924
2023-09-11 14:23:23,4,7,7191,18924
2023-09-11 14:23:25,5,7,7191,18924
2023-09-11 14:23:26,4,7,7191,18924
2023-09-11 14:23:27,5,7,7191,18924
2023-09-11 14:23:28,4,7,7191,18924
2023-09-11 14:23:29,5,7,7191,18924
2023-09-11 14:23:33,5,8,7191,18924
2023-09-11 14:23:44,6,8,7191,18924
2023-09-11 14:23:45,5,8,7191,18924
2023-09-11 14:23:46,6,8,7191,18924
2023-09-11 14:24:04,5,8,7191,18924
2023-09-11 14:24:04,6,8,7191,18924
2023-09-11 14:24:05,5,8,7191,18924
2023-09-11 14:24:13,5,7,7191,18924
2023-09-11 14:24:20,5,8,7191,18924
2023-09-11 14:24:21,5,7,7191,18924
2023-09-11 14:24:29,4,7,7191,18924
2023-09-11 14:25:06,5,7,7191,18924
2023-09-11 14:25:07,4,7,7191,18924
2023-09-11 14:25:09,5,7,7191,18924
2023-09-11 14:25:09,4,7,7191,18924
2023-09-11 14:25:11,5,7,7191,18924
2023-09-11 14:25:11,4,7,7191,18924
2023-09-11 14:25:13,5,7,7191,18924
2023-09-11 14:25:14,4,7,7191,18924
2023-09-11 14:25:15,5,7,7191,18924
2023-09-11 14:25:16,4,7,7191,18924
2023-09-11 14:25:26,5,7,7191,18924
2023-09-11 14:25:27,4,7,7191,18924
2023-09-11 14:25:28,5,7,7191,18924
2023-09-11 14:25:29,4,7,7191,18924
2023-09-11 14:25:30,5,7,7191,18924
2023-09-11 14:25:30,5,6,7191,18924
2023-09-11 14:25:31,4,6,7191,18924
2023-09-11 14:25:32,5,6,7191,18924
2023-09-11 14:25:32,5,7,7191,18924
2023-09-11 14:25:33,4,7,7191,18924
2023-09-11 14:25:35,4,6,7191,18924
2023-09-11 14:25:37,4,7,7191,18924
2023-09-11 14:25:38,4,6,7191,18924
2023-09-11 14:26:17,4,7,7191,18924
2023-09-11 14:26:45,4,6,7191,18924
2023-09-11 14:27:24,4,7,7191,18924
2023-09-11 14:27:32,5,7,7191,18924
2023-09-11 14:27:33,5,8,7191,18924
2023-09-11 14:27:39,5,7,7191,18924
2023-09-11 14:27:40,5,8,7191,18924
2023-09-11 14:27:49,5,7,7191,18924
2023-09-11 14:27:56,5,8,7191,18924
2023-09-11 14:27:58,5,7,7191,18924
2023-09-11 14:28:16,5,8,7191,18924
2023-09-11 14:28:22,5,7,7191,18924
2023-09-11 14:28:41,4,7,7191,18924
2023-09-11 14:28:42,5,7,7191,18924
2023-09-11 14:28:43,4,7,7191,18924
2023-09-11 14:28:44,5,7,7191,18924
2023-09-11 14:28:45,4,7,7191,18924
2023-09-11 14:28:48,5,7,7191,18924
2023-09-11 14:28:49,4,7,7191,18924
2023-09-11 14:28:51,5,7,7191,18924
2023-09-11 14:28:51,4,7,7191,18924
2023-09-11 14:29:13,4,6,7191,18924
2023-09-11 14:31:34,3,6,7191,18924
2023-09-11 14:31:34,3,5,7191,18924
2023-09-11 14:32:36,3,4,7191,18924
2023-09-11 14:33:02,2,4,7191,18924
2023-09-11 14:33:14,3,4,7191,18924
2023-09-11 14:33:15,2,4,7191,18924
2023-09-11 14:33:16,3,4,7191,18924
2023-09-11 14:33:17,2,4,7191,18924
2023-09-11 14:33:18,3,4,7191,18924
2023-09-11 14:33:19,2,4,7191,18924
2023-09-11 14:33:20,3,4,7191,18924
2023-09-11 14:33:21,2,4,7191,18924
2023-09-11 14:33:22,3,4,7191,18924
2023-09-11 14:33:23,2,4,7191,18924
2023-09-11 14:33:24,3,4,7191,18924
2023-09-11 14:33:25,2,4,7191,18924
2023-09-11 14:33:26,3,4,7191,18924
2023-09-11 14:33:27,2,4,7191,18924
2023-09-11 14:33:28,3,4,7191,18924
2023-09-11 14:33:29,2,4,7191,18924
2023-09-11 14:33:30,3,4,7191,18924
2023-09-11 14:33:31,2,4,7191,18924
2023-09-11 14:33:32,3,4,7191,18924
2023-09-11 14:33:33,2,4,7191,18924
2023-09-11 14:33:34,3,4,7191,18924
2023-09-11 14:33:35,2,4,7191,18924
2023-09-11 14:33:36,3,4,7191,18924
2023-09-11 14:33:37,2,4,7191,18924
2023-09-11 14:33:58,3,4,7191,18924
2023-09-11 14:33:59,2,4,7191,18924
2023-09-11 14:34:00,3,4,7191,18924
2023-09-11 14:34:01,2,4,7191,18924
2023-09-11 14:34:13,3,4,7191,18924
2023-09-11 14:34:14,2,4,7191,18924
2023-09-11 14:34:15,3,4,7191,18924
2023-09-11 14:34:16,2,4,7191,18924
2023-09-11 14:34:40,3,4,7191,18924
2023-09-11 14:34:41,2,4,7191,18924
2023-09-11 14:34:57,3,4,7191,18924
2023-09-11 14:34:58,2,4,7191,18924
2023-09-11 14:34:59,3,4,7191,18924
2023-09-11 14:35:00,2,4,7191,18924
2023-09-11 14:35:01,3,4,7191,18924
2023-09-11 14:35:02,2,4,7191,18924
2023-09-11 14:35:03,3,4,7191,18924
2023-09-11 14:35:04,2,4,7191,18924
2023-09-11 14:35:05,3,4,7191,18924
2023-09-11 14:35:06,2,4,7191,18924
2023-09-11 14:35:07,3,4,7191,18924
2023-09-11 14:35:08,2,4,7191,18924
2023-09-11 14:35:09,3,4,7191,18924
2023-09-11 14:35:10,2,4,7191,18924
2023-09-11 14:35:11,3,4,7191,18924
2023-09-11 14:35:12,2,4,7191,18924
2023-09-11 14:35:13,3,4,7191,18924
2023-09-11 14:35:14,2,4,7191,18924
2023-09-11 14:35:15,3,4,7191,18924
2023-09-11 14:35:16,2,4,7191,18924
2023-09-11 14:35:17,3,4,7191,18924
2023-09-11 14:35:18,2,4,7191,18924
2023-09-11 14:35:19,3,4,7191,18924
2023-09-11 14:35:20,2,4,7191,18924
2023-09-11 14:35:21,3,4,7191,18924
2023-09-11 14:35:22,2,4,7191,18924
2023-09-11 14:35:23,3,4,7191,18924
2023-09-11 14:35:24,2,4,7191,18924
2023-09-11 14:35:25,3,4,7191,18924
2023-09-11 14:35:26,2,4,7191,18924
2023-09-11 14:35:27,3,4,7191,18924
2023-09-11 14:35:28,2,4,7191,18924
2023-09-11 14:35:29,3,4,7191,18924
2023-09-11 14:35:30,2,4,7191,18924
2023-09-11 14:35:31,3,4,7191,18924
2023-09-11 14:35:32,2,4,7191,18924
2023-09-11 14:35:33,3,4,7191,18924
2023-09-11 14:35:34,2,4,7191,18924
2023-09-11 14:35:35,3,4,7191,18924
2023-09-11 14:35:36,2,4,7191,18924
2023-09-11 14:35:37,3,4,7191,18924
2023-09-11 14:35:38,2,4,7191,18924
2023-09-11 14:35:39,3,4,7191,18924
2023-09-11 14:35:40,2,4,7191,18924
2023-09-11 14:35:41,3,4,7191,18924
2023-09-11 14:35:42,2,4,7191,18924
2023-09-11 14:35:43,3,4,7191,18924
2023-09-11 14:35:44,2,4,7191,18924
2023-09-11 14:35:45,3,4,7191,18924
2023-09-11 14:35:46,2,4,7191,18924
2023-09-11 14:37:14,3,4,7191,18924
2023-09-11 14:37:14,3,4,7190,18925
2023-09-11 14:37:15,2,4,7190,18925
2023-09-11 14:37:16,3,4,7190,18925
2023-09-11 14:37:17,2,4,7190,18925
2023-09-11 14:37:18,3,4,7190,18925
2023-09-11 14:37:19,2,4,7190,18925
2023-09-11 14:37:20,3,4,7190,18925
2023-09-11 14:37:21,2,4,7190,18925
2023-09-11 14:37:22,3,4,7190,18925
2023-09-11 14:37:23,2,4,7190,18925
2023-09-11 14:37:24,3,4,7190,18925
2023-09-11 14:37:25,2,4,7190,18925
2023-09-11 14:37:26,3,4,7190,18925
2023-09-11 14:37:27,2,4,7190,18925
2023-09-11 14:37:28,3,4,7190,18925
2023-09-11 14:37:29,2,4,7190,18925
2023-09-11 14:37:30,3,4,7190,18925
2023-09-11 14:37:31,2,4,7190,18925
2023-09-11 14:37:32,3,4,7190,18925
2023-09-11 14:37:33,2,4,7190,18925
2023-09-11 14:37:34,3,4,7190,18925
2023-09-11 14:37:35,2,4,7190,18925
2023-09-11 14:37:36,3,4,7190,18925
2023-09-11 14:37:37,2,4,7190,18925
2023-09-11 14:37:38,3,4,7190,18925
2023-09-11 14:37:39,2,4,7190,18925
2023-09-11 14:37:40,3,4,7190,18925
2023-09-11 14:37:41,2,4,7190,18925
2023-09-11 14:37:42,3,4,7190,18925
2023-09-11 14:37:43,2,4,7190,18925
2023-09-11 14:37:44,3,4,7190,18925
2023-09-11 14:37:45,2,4,7190,18925
2023-09-11 14:38:22,3,4,7190,18925
2023-09-11 14:38:23,2,4,7190,18925
2023-09-11 14:38:24,3,4,7190,18925
2023-09-11 14:38:25,2,4,7190,18925
2023-09-11 14:38:26,3,4,7190,18925
2023-09-11 14:38:27,2,4,7190,18925
2023-09-11 14:38:28,3,4,7190,18925
2023-09-11 14:38:29,2,4,7190,18925
2023-09-11 14:38:30,2,5,7190,18925
2023-09-11 14:38:30,3,5,7190,18925
2023-09-11 14:38:31,2,5,7190,18925
2023-09-11 14:38:32,3,5,7190,18925
2023-09-11 14:38:33,2,5,7190,18925
2023-09-11 14:38:34,2,6,7190,18925
2023-09-11 14:38:34,2,5,7190,18925
2023-09-11 14:38:34,3,5,7190,18925
2023-09-11 14:38:35,4,5,7190,18925
2023-09-11 14:38:36,3,5,7190,18925
2023-09-11 14:38:37,3,6,7190,18925
2023-09-11 14:38:37,4,6,7190,18925
2023-09-11 14:38:38,3,6,7190,18925
2023-09-11 14:38:39,4,6,7190,18925
2023-09-11 14:38:40,3,6,7190,18925
2023-09-11 14:38:41,4,6,7190,18925
2023-09-11 14:38:42,3,6,7190,18925
2023-09-11 14:38:43,4,6,7190,18925
2023-09-11 14:38:44,3,6,7190,18925
2023-09-11 14:38:45,4,6,7190,18925
2023-09-11 14:38:46,3,6,7190,18925
2023-09-11 14:38:47,4,6,7190,18925
2023-09-11 14:38:48,3,6,7190,18925
2023-09-11 14:38:49,4,6,7190,18925
2023-09-11 14:38:50,3,6,7190,18925
2023-09-11 14:38:51,4,6,7190,18925
2023-09-11 14:38:52,3,6,7190,18925
2023-09-11 14:38:53,4,6,7190,18925
2023-09-11 14:38:54,3,6,7190,18925
2023-09-11 14:38:55,4,6,7190,18925
2023-09-11 14:38:56,3,6,7190,18925
2023-09-11 14:38:57,4,6,7190,18925
2023-09-11 14:38:58,3,6,7190,18925
2023-09-11 14:38:59,3,5,7190,18925
2023-09-11 14:38:59,4,5,7190,18925
2023-09-11 14:39:00,3,5,7190,18925
2023-09-11 14:39:01,4,5,7190,18925
2023-09-11 14:39:02,3,5,7190,18925
2023-09-11 14:39:06,2,5,7190,18925
2023-09-11 14:39:07,3,5,7190,18925
2023-09-11 14:39:08,2,5,7190,18925
2023-09-11 14:39:09,3,5,7190,18925
2023-09-11 14:39:10,3,4,7190,18925
2023-09-11 14:39:10,2,4,7190,18925
2023-09-11 14:39:11,3,4,7190,18925
2023-09-11 14:39:12,2,4,7190,18925
2023-09-11 14:39:13,3,4,7190,18925
2023-09-11 14:39:14,2,4,7190,18925
2023-09-11 14:39:15,3,4,7190,18925
2023-09-11 14:39:16,2,4,7190,18925
2023-09-11 14:39:17,3,4,7190,18925
2023-09-11 14:39:18,2,4,7190,18925
2023-09-11 14:39:19,3,4,7190,18925
2023-09-11 14:39:20,2,4,7190,18925
2023-09-11 14:39:21,3,4,7190,18925
2023-09-11 14:39:22,2,4,7190,18925
2023-09-11 14:39:23,3,4,7190,18925
2023-09-11 14:39:24,2,4,7190,18925
2023-09-11 14:39:25,3,4,7190,18925
2023-09-11 14:39:26,2,4,7190,18925
2023-09-11 14:39:27,3,4,7190,18925
2023-09-11 14:39:28,2,4,7190,18925
2023-09-11 14:39:29,3,4,7190,18925
2023-09-11 14:39:30,2,4,7190,18925
2023-09-11 14:39:31,3,4,7190,18925
2023-09-11 14:39:32,2,4,7190,18925
2023-09-11 14:39:33,3,4,7190,18925
2023-09-11 14:39:34,2,4,7190,18925
2023-09-11 14:39:35,3,4,7190,18925
2023-09-11 14:39:36,2,4,7190,18925
2023-09-11 14:39:37,3,4,7190,18925
2023-09-11 14:39:38,2,4,7190,18925
2023-09-11 14:39:48,3,4,7190,18925
2023-09-11 14:39:49,2,4,7190,18925
2023-09-11 14:39:50,3,4,7190,18925
2023-09-11 14:39:51,2,4,7190,18925
2023-09-11 14:39:52,3,4,7190,18925
2023-09-11 14:39:53,2,4,7190,18925
2023-09-11 14:39:54,3,4,7190,18925
2023-09-11 14:39:55,2,4,7190,18925
2023-09-11 14:39:56,3,4,7190,18925
2023-09-11 14:39:57,2,4,7190,18925
2023-09-11 14:39:58,3,4,7190,18925
2023-09-11 14:39:59,2,4,7190,18925
2023-09-11 14:40:00,3,4,7190,18925
2023-09-11 14:40:01,2,4,7190,18925
2023-09-11 14:40:02,3,4,7190,18925
2023-09-11 14:40:03,2,4,7190,18925
2023-09-11 14:40:04,3,4,7190,18925
2023-09-11 14:40:05,2,4,7190,18925
2023-09-11 14:40:06,3,4,7190,18925
2023-09-11 14:40:07,2,4,7190,18925
2023-09-11 14:40:08,3,4,7190,18925
2023-09-11 14:40:09,2,4,7190,18925
2023-09-11 14:40:10,3,4,7190,18925
2023-09-11 14:40:11,2,4,7190,18925
2023-09-11 14:40:12,3,4,7190,18925
2023-09-11 14:40:13,2,4,7190,18925
2023-09-11 14:40:14,3,4,7190,18925
2023-09-11 14:40:15,2,4,7190,18925
2023-09-11 14:40:16,3,4,7190,18925
2023-09-11 14:40:17,2,4,7190,18925
2023-09-11 14:40:18,3,4,7190,18925
2023-09-11 14:40:19,2,4,7190,18925
2023-09-11 14:40:20,3,4,7190,18925
2023-09-11 14:40:21,2,4,7190,18925
2023-09-11 14:40:22,3,4,7190,18925
2023-09-11 14:40:23,2,4,7190,18925
2023-09-11 14:40:24,3,4,7190,18925
2023-09-11 14:40:25,2,4,7190,18925
2023-09-11 14:40:26,3,4,7190,18925
2023-09-11 14:40:27,2,4,7190,18925
2023-09-11 14:40:28,3,4,7190,18925
2023-09-11 14:40:29,2,4,7190,18925
2023-09-11 14:40:30,3,4,7190,18925
2023-09-11 14:40:31,2,4,7190,18925
2023-09-11 14:40:32,2,5,7190,18925
2023-09-11 14:40:32,3,5,7190,18925
2023-09-11 14:40:33,2,5,7190,18925
2023-09-11 14:40:34,2,4,7190,18925
2023-09-11 14:40:34,3,4,7190,18925
2023-09-11 14:40:35,2,4,7190,18925
2023-09-11 14:40:36,3,4,7190,18925
2023-09-11 14:40:37,2,4,7190,18925
2023-09-11 14:40:38,3,4,7190,18925
2023-09-11 14:40:39,3,5,7190,18925
2023-09-11 14:40:39,2,5,7190,18925
2023-09-11 14:40:40,3,5,7190,18925
2023-09-11 14:40:41,2,5,7190,18925
2023-09-11 14:40:42,3,5,7190,18925
2023-09-11 14:40:43,2,5,7190,18925
2023-09-11 14:40:45,3,5,7190,18925
2023-09-11 14:40:45,2,5,7190,18925
2023-09-11 14:40:47,3,5,7190,18925
2023-09-11 14:40:47,2,5,7190,18925
2023-09-11 14:40:49,3,5,7190,18925
2023-09-11 14:40:49,2,5,7190,18925
2023-09-11 14:40:51,3,5,7190,18925
2023-09-11 14:40:51,2,5,7190,18925
2023-09-11 14:40:53,3,5,7190,18925
2023-09-11 14:40:53,2,5,7190,18925
2023-09-11 14:40:55,3,5,7190,18925
2023-09-11 14:40:55,2,5,7190,18925
2023-09-11 14:40:57,3,5,7190,18925
2023-09-11 14:40:58,2,5,7190,18925
2023-09-11 14:40:59,3,5,7190,18925
2023-09-11 14:41:00,2,5,7190,18925
2023-09-11 14:41:01,3,5,7190,18925
2023-09-11 14:41:02,2,5,7190,18925
2023-09-11 14:41:03,3,5,7190,18925
2023-09-11 14:41:04,2,5,7190,18925
2023-09-11 14:41:05,3,5,7190,18925
2023-09-11 14:41:06,2,5,7190,18925
2023-09-11 14:41:07,3,5,7190,18925
2023-09-11 14:41:08,2,5,7190,18925
2023-09-11 14:41:09,3,5,7190,18925
2023-09-11 14:41:10,2,5,7190,18925
2023-09-11 14:41:11,3,5,7190,18925
2023-09-11 14:41:12,2,5,7190,18925
2023-09-11 14:41:13,3,5,7190,18925
2023-09-11 14:41:14,2,5,7190,18925
2023-09-11 14:41:15,3,5,7190,18925
2023-09-11 14:41:16,2,5,7190,18925
2023-09-11 14:41:16,4,5,7190,18925
2023-09-11 14:41:17,2,5,7190,18925
2023-09-11 14:41:18,3,5,7190,18925
2023-09-11 14:41:19,2,5,7190,18925
2023-09-11 14:41:19,4,5,7190,18925
2023-09-11 14:41:20,2,5,7190,18925
2023-09-11 14:41:21,3,5,7190,18925
2023-09-11 14:41:22,2,5,7190,18925
2023-09-11 14:41:22,4,5,7190,18925
2023-09-11 14:41:23,2,5,7190,18925
2023-09-11 14:41:24,3,5,7190,18925
2023-09-11 14:41:25,2,5,7190,18925
2023-09-11 14:41:25,4,5,7190,18925
2023-09-11 14:41:26,2,5,7190,18925
2023-09-11 14:41:27,3,5,7190,18925
2023-09-11 14:41:28,2,5,7190,18925
2023-09-11 14:41:28,4,5,7190,18925
2023-09-11 14:41:29,2,5,7190,18925
2023-09-11 14:41:30,3,5,7190,18925
2023-09-11 14:41:31,4,5,7190,18925
2023-09-11 14:41:32,3,5,7190,18925
2023-09-11 14:41:33,4,5,7190,18925
2023-09-11 14:41:34,3,5,7190,18925
2023-09-11 14:41:35,4,5,7190,18925
2023-09-11 14:41:36,3,5,7190,18925
2023-09-11 14:41:36,3,6,7190,18925
2023-09-11 14:41:37,4,6,7190,18925
2023-09-11 14:41:38,3,6,7190,18925
2023-09-11 14:41:39,4,6,7190,18925
2023-09-11 14:41:40,3,6,7190,18925
2023-09-11 14:41:41,4,6,7190,18925
2023-09-11 14:41:42,3,6,7190,18925
2023-09-11 14:41:43,4,6,7190,18925
2023-09-11 14:41:44,3,6,7190,18925
2023-09-11 14:41:45,4,6,7190,18925
2023-09-11 14:41:46,3,6,7190,18925
2023-09-11 14:41:47,4,6,7190,18925
2023-09-11 14:41:48,3,6,7190,18925
2023-09-11 14:41:49,4,6,7190,18925
2023-09-11 14:41:50,3,6,7190,18925
2023-09-11 14:41:51,4,6,7190,18925
2023-09-11 14:41:52,3,6,7190,18925
2023-09-11 14:41:53,4,6,7190,18925
2023-09-11 14:41:54,3,6,7190,18925
2023-09-11 14:41:55,4,6,7190,18925
2023-09-11 14:41:56,3,6,7190,18925
2023-09-11 14:41:57,4,6,7190,18925
2023-09-11 14:41:58,3,6,7190,18925
2023-09-11 14:41:59,4,6,7190,18925
2023-09-11 14:42:00,3,6,7190,18925
2023-09-11 14:42:01,4,6,7190,18925
2023-09-11 14:42:02,3,6,7190,18925
2023-09-11 14:42:03,4,6,7190,18925
2023-09-11 14:42:04,3,6,7190,18925
2023-09-11 14:42:05,4,6,7190,18925
2023-09-11 14:42:06,3,6,7190,18925
2023-09-11 14:42:07,4,6,7190,18925
2023-09-11 14:42:08,3,6,7190,18925
2023-09-11 14:42:09,4,6,7190,18925
2023-09-11 14:42:10,3,6,7190,18925
2023-09-11 14:42:11,4,6,7190,18925
2023-09-11 14:42:12,3,6,7190,18925
2023-09-11 14:42:13,4,6,7190,18925
2023-09-11 14:42:14,3,6,7190,18925
2023-09-11 14:42:15,4,6,7190,18925
2023-09-11 14:42:16,3,6,7190,18925
2023-09-11 14:42:17,4,6,7190,18925
2023-09-11 14:42:18,3,6,7190,18925
2023-09-11 14:42:19,3,5,7190,18925
2023-09-11 14:42:19,4,5,7190,18925
2023-09-11 14:42:20,3,5,7190,18925
2023-09-11 14:42:21,4,5,7190,18925
2023-09-11 14:42:22,3,5,7190,18925
2023-09-11 14:42:23,4,5,7190,18925
2023-09-11 14:42:24,3,5,7190,18925
2023-09-11 14:42:25,4,5,7190,18925
2023-09-11 14:42:26,3,5,7190,18925
2023-09-11 14:42:27,4,5,7190,18925
2023-09-11 14:42:28,3,5,7190,18925
2023-09-11 14:42:29,4,5,7190,18925
2023-09-11 14:42:30,3,5,7190,18925
2023-09-11 14:42:31,4,5,7190,18925
2023-09-11 14:42:32,3,5,7190,18925
2023-09-11 14:42:33,4,5,7190,18925
2023-09-11 14:42:34,3,5,7190,18925
2023-09-11 14:42:35,4,5,7190,18925
2023-09-11 14:42:36,3,5,7190,18925
2023-09-11 14:42:37,4,5,7190,18925
2023-09-11 14:42:38,3,5,7190,18925
2023-09-11 14:42:39,4,5,7190,18925
2023-09-11 14:42:40,3,5,7190,18925
2023-09-11 14:42:41,4,5,7190,18925
2023-09-11 14:42:42,3,5,7190,18925
2023-09-11 14:42:43,4,5,7190,18925
2023-09-11 14:42:44,3,5,7190,18925
2023-09-11 14:42:45,4,5,7190,18925
2023-09-11 14:42:46,3,5,7190,18925
2023-09-11 14:42:47,4,5,7190,18925
2023-09-11 14:42:48,3,5,7190,18925
2023-09-11 14:42:49,4,5,7190,18925
2023-09-11 14:42:50,3,5,7190,18925
2023-09-11 14:42:51,4,5,7190,18925
2023-09-11 14:42:52,3,5,7190,18925
2023-09-11 14:42:53,4,5,7190,18925
2023-09-11 14:42:54,3,5,7190,18925
2023-09-11 14:42:55,4,5,7190,18925
2023-09-11 14:42:56,3,5,7190,18925
2023-09-11 14:42:57,4,5,7190,18925
2023-09-11 14:42:58,3,5,7190,18925
2023-09-11 14:42:59,4,5,7190,18925
2023-09-11 14:43:00,3,5,7190,18925
2023-09-11 14:43:01,4,5,7190,18925
2023-09-11 14:43:02,3,5,7190,18925
2023-09-11 14:43:03,4,5,7190,18925
2023-09-11 14:43:04,3,5,7190,18925
2023-09-11 14:43:05,4,5,7190,18925
2023-09-11 14:43:06,3,5,7190,18925
2023-09-11 14:43:07,4,5,7190,18925
2023-09-11 14:43:08,3,5,7190,18925
2023-09-11 14:43:09,3,6,7190,18925
2023-09-11 14:43:09,4,6,7190,18925
2023-09-11 14:43:10,3,6,7190,18925
2023-09-11 14:43:11,4,6,7190,18925
2023-09-11 14:43:12,3,6,7190,18925
2023-09-11 14:43:13,4,6,7190,18925
2023-09-11 14:43:14,3,6,7190,18925
2023-09-11 14:43:15,4,6,7190,18925
2023-09-11 14:43:16,3,6,7190,18925
2023-09-11 14:43:17,4,6,7190,18925
2023-09-11 14:43:32,4,7,7190,18925
2023-09-11 14:43:41,4,6,7190,18925
2023-09-11 14:44:03,4,7,7190,18925
2023-09-11 14:44:04,4,6,7190,18925
2023-09-11 14:44:05,3,6,7190,18925
2023-09-11 14:44:12,3,5,7190,18925
2023-09-11 14:44:27,3,6,7190,18925
2023-09-11 14:44:28,3,5,7190,18925
2023-09-11 14:44:30,3,6,7190,18925
2023-09-11 14:44:34,3,5,7190,18925
2023-09-11 14:44:40,3,6,7190,18925
2023-09-11 14:44:42,4,6,7190,18925
2023-09-11 14:44:43,3,6,7190,18925
2023-09-11 14:44:44,4,6,7190,18925
2023-09-11 14:44:45,3,6,7190,18925
2023-09-11 14:44:46,4,6,7190,18925
2023-09-11 14:44:47,3,6,7190,18925
2023-09-11 14:44:48,4,6,7190,18925
2023-09-11 14:44:49,3,6,7190,18925
2023-09-11 14:44:50,4,6,7190,18925
2023-09-11 14:44:51,3,6,7190,18925
2023-09-11 14:44:52,4,6,7190,18925
2023-09-11 14:44:53,3,6,7190,18925
2023-09-11 14:44:54,4,6,7190,18925
2023-09-11 14:44:55,3,6,7190,18925
2023-09-11 14:44:56,4,6,7190,18925
2023-09-11 14:44:57,3,6,7190,18925
2023-09-11 14:44:58,4,6,7190,18925
2023-09-11 14:44:59,3,6,7190,18925
2023-09-11 14:45:01,4,6,7190,18925
2023-09-11 14:45:02,4,7,7190,18925
2023-09-11 14:45:02,3,6,7190,18925
2023-09-11 14:45:03,4,6,7190,18925
2023-09-11 14:46:03,4,7,7190,18925
2023-09-11 14:46:04,4,6,7190,18925
2023-09-11 14:46:06,4,7,7190,18925
2023-09-11 14:46:09,4,6,7190,18925
2023-09-11 14:46:12,3,6,7190,18925
2023-09-11 14:46:13,4,6,7190,18925
2023-09-11 14:46:14,3,6,7190,18925
2023-09-11 14:46:15,4,6,7190,18925
2023-09-11 14:46:16,3,6,7190,18925
2023-09-11 14:46:17,4,6,7190,18925
2023-09-11 14:46:18,3,6,7190,18925
2023-09-11 14:46:19,4,6,7190,18925
2023-09-11 14:46:20,3,6,7190,18925
2023-09-11 14:46:21,4,6,7190,18925
2023-09-11 14:46:22,3,6,7190,18925
2023-09-11 14:46:31,3,5,7190,18925
2023-09-11 14:46:39,2,5,7190,18925
2023-09-11 14:46:40,2,5,7190,18925
2023-09-11 14:46:41,3,5,7190,18925
2023-09-11 14:46:42,2,5,7190,18925
2023-09-11 14:46:43,3,5,7190,18925
2023-09-11 14:46:44,2,5,7190,18925
2023-09-11 14:46:45,3,5,7190,18925
2023-09-11 14:46:46,2,5,7190,18925
2023-09-11 14:46:47,3,5,7190,18925
2023-09-11 14:46:48,2,5,7190,18925
2023-09-11 14:46:49,3,5,7190,18925
2023-09-11 14:46:50,2,5,7190,18925
2023-09-11 14:46:51,3,5,7190,18925
2023-09-11 14:46:52,3,4,7190,18925
2023-09-11 14:46:52,2,4,7190,18925
2023-09-11 14:46:53,3,4,7190,18925
2023-09-11 14:46:54,2,4,7190,18925
2023-09-11 14:46:55,3,4,7190,18925
2023-09-11 14:46:56,2,4,7190,18925
2023-09-11 14:46:57,3,4,7190,18925
2023-09-11 14:46:58,2,4,7190,18925
2023-09-11 14:46:59,3,4,7190,18925
2023-09-11 14:47:00,2,4,7190,18925
2023-09-11 14:47:01,3,4,7190,18925
2023-09-11 14:47:02,2,4,7190,18925
2023-09-11 14:47:03,3,4,7190,18925
2023-09-11 14:47:04,3,5,7190,18925
2023-09-11 14:47:04,2,5,7190,18925
2023-09-11 14:47:05,3,5,7190,18925
2023-09-11 14:47:06,2,5,7190,18925
2023-09-11 14:47:07,3,5,7190,18925
2023-09-11 14:47:08,2,5,7190,18925
2023-09-11 14:47:09,3,5,7190,18925
2023-09-11 14:47:10,2,5,7190,18925
2023-09-11 14:47:11,3,5,7190,18925
2023-09-11 14:47:12,2,5,7190,18925
2023-09-11 14:47:13,3,5,7190,18925
2023-09-11 14:47:14,2,5,7190,18925
2023-09-11 14:47:15,3,5,7190,18925
2023-09-11 14:47:16,2,5,7190,18925
2023-09-11 14:47:17,3,5,7190,18925
2023-09-11 14:47:18,2,5,7190,18925
2023-09-11 14:47:19,3,5,7190,18925
2023-09-11 14:47:20,2,5,7190,18925
2023-09-11 14:47:21,3,5,7190,18925
2023-09-11 14:47:22,2,5,7190,18925
2023-09-11 14:47:23,3,5,7190,18925
2023-09-11 14:47:24,2,5,7190,18925
2023-09-11 14:47:25,3,5,7190,18925
2023-09-11 14:47:26,2,5,7190,18925
2023-09-11 14:47:27,3,5,7190,18925
2023-09-11 14:47:28,2,5,7190,18925
2023-09-11 14:47:29,3,5,7190,18925
2023-09-11 14:47:30,2,5,7190,18925
2023-09-11 14:47:31,3,5,7190,18925
2023-09-11 14:47:32,2,5,7190,18925
2023-09-11 14:47:33,3,5,7190,18925
2023-09-11 14:47:34,2,5,7190,18925
2023-09-11 14:47:35,3,5,7190,18925
2023-09-11 14:47:36,2,5,7190,18925
2023-09-11 14:47:37,3,5,7190,18925
2023-09-11 14:47:38,2,5,7190,18925
2023-09-11 14:47:39,3,5,7190,18925
2023-09-11 14:47:40,2,5,7190,18925
2023-09-11 14:47:41,2,4,7190,18925
2023-09-11 14:47:41,3,4,7190,18925
2023-09-11 14:47:42,2,4,7190,18925
2023-09-11 14:47:43,3,4,7190,18925
2023-09-11 14:47:44,2,4,7190,18925
2023-09-11 14:47:45,3,4,7190,18925
2023-09-11 14:47:46,2,4,7190,18925
2023-09-11 14:47:47,3,4,7190,18925
2023-09-11 14:47:48,2,4,7190,18925
2023-09-11 14:47:49,3,4,7190,18925
2023-09-11 14:47:50,2,4,7190,18925
2023-09-11 14:47:51,3,4,7190,18925
2023-09-11 14:47:52,2,4,7190,18925
2023-09-11 14:47:53,3,4,7190,18925
2023-09-11 14:47:54,2,4,7190,18925
2023-09-11 14:47:55,3,4,7190,18925
2023-09-11 14:47:56,2,4,7190,18925
2023-09-11 14:47:57,3,4,7190,18925
2023-09-11 14:47:58,2,4,7190,18925
2023-09-11 14:47:59,3,4,7190,18925
2023-09-11 14:48:00,2,4,7190,18925
2023-09-11 14:48:01,3,4,7190,18925
2023-09-11 14:48:02,2,4,7190,18925
2023-09-11 14:48:03,3,4,7190,18925
2023-09-11 14:48:04,2,4,7190,18925
2023-09-11 14:48:05,3,4,7190,18925
2023-09-11 14:48:06,2,4,7190,18925
2023-09-11 14:48:07,3,4,7190,18925
2023-09-11 14:48:08,2,4,7190,18925
2023-09-11 14:48:09,3,4,7190,18925
2023-09-11 14:48:10,2,4,7190,18925
2023-09-11 14:48:11,3,4,7190,18925
2023-09-11 14:48:12,2,4,7190,18925
2023-09-11 14:48:13,3,4,7190,18925
2023-09-11 14:48:14,2,4,7190,18925
2023-09-11 14:48:15,3,4,7190,18925
2023-09-11 14:48:16,2,4,7190,18925
2023-09-11 14:48:17,3,4,7190,18925
2023-09-11 14:48:18,2,4,7190,18925
2023-09-11 14:48:19,3,4,7190,18925
2023-09-11 14:48:20,2,4,7190,18925
2023-09-11 14:48:21,3,4,7190,18925
2023-09-11 14:48:22,2,4,7190,18925
2023-09-11 14:48:23,3,4,7190,18925
2023-09-11 14:48:24,2,4,7190,18925
2023-09-11 14:48:24,3,4,7190,18925
2023-09-11 14:48:32,3,4,7190,19125
2023-09-11 14:48:32,1,4,7190,19125
2023-09-11 14:48:38,1,3,7190,19125
2023-09-11 14:49:38,0,3,7190,19125
2023-09-11 14:50:16,0,2,7190,19125
2023-09-11 14:50:41,0,2,7190,19458
2023-09-11 14:50:42,0,3,7190,19458
2023-09-11 14:50:47,1,3,7190,19458
2023-09-11 14:50:54,1,4,7190,19458
2023-09-11 14:51:01,1,3,7190,19458
2023-09-11 14:51:04,0,3,7190,19458
2023-09-11 14:51:24,1,3,7190,19458
2023-09-11 14:52:04,1,4,7190,19458
2023-09-11 14:52:23,1,3,7190,19458
2023-09-11 14:53:55,0,3,7190,19458
2023-09-11 14:56:03,1,3,7190,19458
2023-09-11 14:56:23,1,4,7190,19458
2023-09-11 14:56:37,2,4,7190,19458
2023-09-11 14:56:37,3,4,7190,19458
2023-09-11 14:56:38,2,4,7190,19458
2023-09-11 14:56:39,3,4,7190,19458
2023-09-11 14:56:39,3,4,7190,19578
2023-09-11 14:56:53,1,4,7190,19578
2023-09-11 14:59:46,1,3,7190,19578
2023-09-11 14:59:55,0,3,7190,19578
2023-09-11 15:00:12,1,3,7190,19578
2023-09-11 15:00:14,0,3,7190,19578
2023-09-11 15:00:16,1,3,7190,19578
2023-09-11 15:00:45,0,3,7190,19578
2023-09-11 15:00:46,1,3,7190,19578
2023-09-11 15:00:49,0,3,7190,19578
2023-09-11 15:00:51,1,3,7190,19578
2023-09-11 15:00:59,0,3,7190,19578
2023-09-11 15:01:10,1,3,7190,19578
2023-09-11 15:01:31,1,4,7190,19578
2023-09-11 15:02:17,1,3,7190,19578
2023-09-11 15:02:25,1,4,7190,19578
2023-09-11 15:02:26,1,3,7190,19578
2023-09-11 15:02:27,1,4,7190,19578
2023-09-11 15:02:28,1,3,7190,19578
2023-09-11 15:02:32,1,4,7190,19578
2023-09-11 15:02:37,1,3,7190,19578
2023-09-11 15:02:48,0,3,7190,19578
2023-09-11 15:03:21,1,3,7190,19578
2023-09-11 15:03:23,0,3,7190,19578
2023-09-11 15:03:25,1,3,7190,19578
2023-09-11 15:03:26,0,3,7190,19578
2023-09-11 15:03:28,1,3,7190,19578
2023-09-11 15:03:29,0,3,7190,19578
2023-09-11 15:03:30,1,3,7190,19578
2023-09-11 15:03:31,0,3,7190,19578
2023-09-11 15:03:48,0,3,7090,19678
2023-09-11 15:03:50,1,3,7090,19678
2023-09-11 15:03:52,0,3,7090,19678
2023-09-11 15:03:55,1,3,7090,19678
2023-09-11 15:03:58,0,3,7090,19678
2023-09-11 15:04:00,1,3,7090,19678
2023-09-11 15:04:22,0,3,7090,19678
2023-09-11 15:04:44,1,3,7090,19678
2023-09-11 15:04:49,0,3,7090,19678
2023-09-11 15:06:52,0,2,7090,19678
2023-09-11 15:07:16,0,2,7049,19719
2023-09-11 15:11:01,0,3,7553,20519
2023-09-11 15:12:00,1,3,7553,20519
2023-09-11 15:13:30,1,4,7553,20519
2023-09-11 15:13:30,1,3,7553,20519
2023-09-11 15:13:30,1,4,7553,20519
2023-09-11 15:13:31,1,3,7553,20519
2023-09-11 15:13:33,1,4,7553,20519
2023-09-11 15:13:48,1,3,7553,20519
2023-09-11 15:16:47,1,4,7553,20519
2023-09-11 15:16:57,1,4,7573,20539
2023-09-11 15:17:28,1,3,7573,20539
2023-09-11 15:17:38,2,3,7573,20539
2023-09-11 15:17:39,1,3,7573,20539
2023-09-11 15:17:46,1,3,8323,21289
2023-09-11 15:18:18,1,4,8323,21289
2023-09-11 15:18:23,1,3,8323,21289
2023-09-11 15:19:02,1,2,8323,21289
2023-09-11 15:19:02,1,2,8323,21294
2023-09-11 15:20:32,1,2,8523,21494
2023-09-11 15:21:56,1,2,8723,21694
2023-09-11 15:21:59,1,2,8907,21878
2023-09-11 15:24:31,1,2,8982,21953
2023-09-11 15:25:11,0,1,8982,21953
