datetime,bid,ask,open_interest,volume
2023-09-01 09:30:00,81,87,179,179
2023-09-01 09:30:00,0,87,179,179
2023-09-01 09:30:00,0,88,179,179
2023-09-01 09:30:00,0,100,179,179
2023-09-01 09:32:30,82,100,179,179
2023-09-01 09:32:30,84,100,179,179
2023-09-01 09:32:30,84,88,179,179
2023-09-01 09:32:30,84,87,179,179
2023-09-01 09:33:26,0,87,179,179
2023-09-01 09:33:26,0,100,179,179
2023-09-01 09:33:26,83,100,179,179
2023-09-01 09:33:26,85,100,179,179
2023-09-01 09:33:26,85,89,179,179
2023-09-01 09:33:48,0,89,179,179
2023-09-01 09:33:48,0,100,179,179
2023-09-01 09:33:48,86,100,179,179
2023-09-01 09:33:48,86,91,179,179
2023-09-01 09:33:48,86,90,179,179
2023-09-01 09:34:14,0,90,179,179
2023-09-01 09:34:14,0,100,179,179
2023-09-01 09:34:14,88,100,179,179
2023-09-01 09:34:14,88,92,179,179
2023-09-01 09:34:14,88,91,179,179
2023-09-01 09:34:56,88,100,179,179
2023-09-01 09:34:56,0,100,179,179
2023-09-01 09:34:56,86,100,179,179
2023-09-01 09:34:56,86,91,179,179
2023-09-01 09:34:56,86,90,179,179
2023-09-01 09:35:02,86,100,179,179
2023-09-01 09:35:02,0,100,179,179
2023-09-01 09:35:02,83,100,179,179
2023-09-01 09:35:02,85,100,179,179
2023-09-01 09:35:02,85,89,179,179
2023-09-01 09:35:16,85,100,179,179
2023-09-01 09:35:16,0,100,179,179
2023-09-01 09:35:16,82,100,179,179
2023-09-01 09:35:16,84,100,179,179
2023-09-01 09:35:16,84,88,179,179
2023-09-01 09:35:16,84,87,179,179
2023-09-01 09:35:30,84,100,179,179
2023-09-01 09:35:30,0,100,179,179
2023-09-01 09:35:30,82,100,179,179
2023-09-01 09:35:30,82,87,179,179
2023-09-01 09:35:30,82,86,179,179
2023-09-01 09:35:46,82,100,179,179
2023-09-01 09:35:46,0,100,179,179
2023-09-01 09:35:46,79,100,179,179
2023-09-01 09:35:46,81,100,179,179
2023-09-01 09:35:46,81,87,179,179
2023-09-01 09:35:46,81,85,179,179
2023-09-01 09:36:00,81,100,179,179
2023-09-01 09:36:01,0,100,179,179
2023-09-01 09:36:01,78,100,179,179
2023-09-01 09:36:01,80,100,179,179
2023-09-01 09:36:01,80,84,179,179
2023-09-01 09:36:18,80,100,179,179
2023-09-01 09:36:18,0,100,179,179
2023-09-01 09:36:18,77,100,179,179
2023-09-01 09:36:18,79,100,179,179
2023-09-01 09:36:18,79,84,179,179
2023-09-01 09:36:18,79,82,179,179
2023-09-01 09:36:39,0,82,179,179
2023-09-01 09:36:39,0,100,179,179
2023-09-01 09:39:15,76,100,179,179
2023-09-01 09:39:15,76,82,179,179
2023-09-01 09:39:15,76,80,179,179
2023-09-01 09:39:36,0,80,179,179
2023-09-01 09:39:36,0,100,179,179
2023-09-01 09:39:36,77,100,179,179
2023-09-01 09:39:36,77,81,179,179
2023-09-01 09:39:48,77,100,179,179
2023-09-01 09:39:48,0,100,179,179
2023-09-01 09:39:48,76,100,179,179
2023-09-01 09:39:48,76,82,179,179
2023-09-01 09:39:48,76,80,179,179
2023-09-01 09:40:02,76,100,179,179
2023-09-01 09:40:02,0,100,179,179
2023-09-01 09:40:02,72,100,179,179
2023-09-01 09:40:02,74,100,179,179
2023-09-01 09:40:02,74,80,179,179
2023-09-01 09:40:02,74,78,179,179
2023-09-01 09:40:46,74,100,179,179
2023-09-01 09:40:46,0,100,179,179
2023-09-01 09:40:46,70,100,179,179
2023-09-01 09:40:46,72,100,179,179
2023-09-01 09:40:46,72,76,179,179
2023-09-01 09:40:52,72,100,179,179
2023-09-01 09:40:52,0,100,179,179
2023-09-01 09:40:52,71,100,179,179
2023-09-01 09:40:52,71,77,179,179
2023-09-01 09:40:52,71,75,179,179
2023-09-01 09:41:17,71,100,179,179
2023-09-01 09:41:17,0,100,179,179
2023-09-01 09:41:17,69,100,179,179
2023-09-01 09:41:17,69,73,179,179
2023-09-01 09:42:17,68,100,179,179
2023-09-01 09:42:17,70,100,179,179
2023-09-01 09:42:17,70,74,179,179
2023-09-01 09:43:10,0,74,179,179
2023-09-01 09:43:10,0,100,179,179
2023-09-01 09:43:10,69,100,179,179
2023-09-01 09:43:10,71,100,179,179
2023-09-01 09:43:10,71,77,179,179
2023-09-01 09:43:10,71,75,179,179
2023-09-01 09:43:16,0,75,179,179
2023-09-01 09:43:16,0,100,179,179
2023-09-01 09:43:16,70,100,179,179
2023-09-01 09:43:16,72,100,179,179
2023-09-01 09:43:16,72,78,179,179
2023-09-01 09:43:16,72,76,179,179
2023-09-01 09:43:21,0,76,179,179
2023-09-01 09:43:21,0,100,179,179
2023-09-01 09:43:21,72,100,179,179
2023-09-01 09:43:21,74,100,179,179
2023-09-01 09:43:21,74,79,179,179
2023-09-01 09:43:21,74,77,179,179
2023-09-01 09:43:41,0,77,179,179
2023-09-01 09:43:41,0,100,179,179
2023-09-01 09:43:41,73,100,179,179
2023-09-01 09:43:41,75,100,179,179
2023-09-01 09:43:41,75,81,179,179
2023-09-01 09:43:41,75,79,179,179
2023-09-01 09:44:08,0,79,179,179
2023-09-01 09:44:08,0,100,179,179
2023-09-01 09:44:08,74,100,179,179
2023-09-01 09:44:08,76,100,179,179
2023-09-01 09:44:08,76,82,179,179
2023-09-01 09:44:08,76,80,179,179
2023-09-01 09:45:01,76,100,179,179
2023-09-01 09:45:01,0,100,179,179
2023-09-01 09:45:01,68,100,179,179
2023-09-01 09:45:01,70,100,179,179
2023-09-01 09:45:01,70,81,179,179
2023-09-01 09:45:05,70,100,179,179
2023-09-01 09:45:05,0,100,179,179
2023-09-01 09:45:05,70,100,179,179
2023-09-01 09:45:05,72,100,179,179
2023-09-01 09:45:05,72,78,179,179
2023-09-01 09:45:05,72,76,179,179
2023-09-01 09:45:07,72,100,179,179
2023-09-01 09:45:07,0,100,179,179
2023-09-01 09:45:07,68,100,179,179
2023-09-01 09:45:07,70,100,179,179
2023-09-01 09:45:07,70,76,179,179
2023-09-01 09:45:07,70,74,179,179
2023-09-01 09:45:19,0,74,179,179
2023-09-01 09:45:19,0,100,179,179
2023-09-01 09:45:19,72,100,179,179
2023-09-01 09:45:19,72,76,179,179
2023-09-01 09:45:32,72,100,179,179
2023-09-01 09:45:32,0,100,179,179
2023-09-01 09:45:32,70,100,179,179
2023-09-01 09:45:32,70,74,179,179
2023-09-01 09:45:43,70,100,179,179
2023-09-01 09:45:43,0,100,179,179
2023-09-01 09:45:43,67,100,179,179
2023-09-01 09:45:43,69,100,179,179
2023-09-01 09:45:43,69,75,179,179
2023-09-01 09:45:43,69,73,179,179
2023-09-01 09:45:46,0,73,179,179
2023-09-01 09:45:46,0,100,179,179
2023-09-01 09:45:46,71,100,179,179
2023-09-01 09:45:46,71,74,179,179
2023-09-01 09:46:01,71,100,179,179
2023-09-01 09:46:01,0,100,179,179
2023-09-01 09:46:01,67,100,179,179
2023-09-01 09:46:01,69,100,179,179
2023-09-01 09:46:01,69,75,179,179
2023-09-01 09:46:01,69,73,179,179
2023-09-01 09:46:32,0,73,179,179
2023-09-01 09:46:32,0,100,179,179
2023-09-01 09:46:32,71,100,179,179
2023-09-01 09:46:32,71,76,179,179
2023-09-01 09:46:32,71,74,179,179
2023-09-01 09:46:46,0,74,179,179
2023-09-01 09:46:46,0,100,179,179
2023-09-01 09:46:46,70,100,179,179
2023-09-01 09:46:46,72,100,179,179
2023-09-01 09:46:46,72,76,179,179
2023-09-01 09:46:51,72,100,179,179
2023-09-01 09:46:51,0,100,179,179
2023-09-01 09:46:51,69,100,179,179
2023-09-01 09:46:51,71,100,179,179
2023-09-01 09:46:51,71,75,179,179
2023-09-01 09:47:16,71,100,179,179
2023-09-01 09:47:16,0,100,179,179
2023-09-01 09:47:16,70,100,179,179
2023-09-01 09:47:16,70,73,179,179
2023-09-01 09:47:27,0,73,179,179
2023-09-01 09:47:27,0,100,179,179
2023-09-01 09:47:27,71,100,179,179
2023-09-01 09:47:27,71,77,179,179
2023-09-01 09:47:27,71,75,179,179
2023-09-01 09:47:52,71,100,179,179
2023-09-01 09:47:52,0,100,179,179
2023-09-01 09:47:52,68,100,179,179
2023-09-01 09:47:52,70,100,179,179
2023-09-01 09:47:52,70,74,179,179
2023-09-01 09:48:04,70,100,179,179
2023-09-01 09:48:04,0,100,179,179
2023-09-01 09:48:04,64,100,179,179
2023-09-01 09:48:04,64,75,179,179
2023-09-01 09:48:13,64,100,179,179
2023-09-01 09:48:13,0,100,179,179
2023-09-01 09:48:13,66,100,179,179
2023-09-01 09:48:13,66,72,179,179
2023-09-01 09:48:13,66,70,179,179
2023-09-01 09:49:13,65,100,179,179
2023-09-01 09:49:13,65,69,179,179
2023-09-01 09:49:23,65,100,179,179
2023-09-01 09:49:23,0,100,179,179
2023-09-01 09:49:23,63,100,179,179
2023-09-01 09:49:23,63,67,179,179
2023-09-01 09:49:38,0,67,179,179
2023-09-01 09:49:38,0,100,179,179
2023-09-01 09:49:38,63,100,179,179
2023-09-01 09:49:38,65,100,179,179
2023-09-01 09:49:38,65,69,179,179
2023-09-01 09:49:48,0,69,179,179
2023-09-01 09:49:48,0,100,179,179
2023-09-01 09:49:48,67,100,179,179
2023-09-01 09:49:48,67,72,179,179
2023-09-01 09:49:48,67,70,179,179
2023-09-01 09:50:04,67,100,179,179
2023-09-01 09:50:05,0,100,179,179
2023-09-01 09:50:05,63,100,179,179
2023-09-01 09:50:05,65,100,179,179
2023-09-01 09:50:05,65,69,179,179
2023-09-01 09:50:20,0,69,179,179
2023-09-01 09:50:20,0,100,179,179
2023-09-01 09:50:20,67,100,179,179
2023-09-01 09:50:20,67,72,179,179
2023-09-01 09:50:20,67,70,179,179
2023-09-01 09:50:38,67,100,179,179
2023-09-01 09:50:38,0,100,179,179
2023-09-01 09:50:38,63,100,179,179
2023-09-01 09:50:38,65,100,179,179
2023-09-01 09:50:38,65,72,179,179
2023-09-01 09:50:38,65,69,179,179
2023-09-01 09:50:45,65,100,179,179
2023-09-01 09:50:45,0,100,179,179
2023-09-01 09:50:45,64,100,179,179
2023-09-01 09:50:45,64,68,179,179
2023-09-01 09:50:48,64,100,179,179
2023-09-01 09:50:48,0,100,179,179
2023-09-01 09:50:48,61,100,179,179
2023-09-01 09:50:48,63,100,179,179
2023-09-01 09:50:48,63,69,179,179
2023-09-01 09:50:48,63,67,179,179
2023-09-01 09:51:08,0,67,179,179
2023-09-01 09:51:08,0,100,179,179
2023-09-01 09:51:08,62,100,179,179
2023-09-01 09:51:08,64,100,179,179
2023-09-01 09:51:08,64,68,179,179
2023-09-01 09:51:18,0,68,179,179
2023-09-01 09:51:18,0,100,179,179
2023-09-01 09:51:18,64,100,179,179
2023-09-01 09:51:18,66,100,179,179
2023-09-01 09:51:18,66,72,179,179
2023-09-01 09:51:18,66,69,179,179
2023-09-01 09:51:24,0,69,179,179
2023-09-01 09:51:24,0,100,179,179
2023-09-01 09:51:24,67,100,179,179
2023-09-01 09:51:24,67,72,179,179
2023-09-01 09:51:34,0,72,179,179
2023-09-01 09:51:34,0,100,179,179
2023-09-01 09:51:34,68,100,179,179
2023-09-01 09:51:34,68,72,179,179
2023-09-01 09:51:48,68,100,179,179
2023-09-01 09:51:48,0,100,179,179
2023-09-01 09:51:48,67,100,179,179
2023-09-01 09:51:48,67,72,179,179
2023-09-01 09:52:20,0,72,179,179
2023-09-01 09:52:20,0,100,179,179
2023-09-01 09:52:20,68,100,179,179
2023-09-01 09:52:20,68,72,179,179
2023-09-01 09:52:54,68,100,179,179
2023-09-01 09:52:54,0,100,179,179
2023-09-01 09:52:54,67,100,179,179
2023-09-01 09:52:54,67,73,179,179
2023-09-01 09:52:54,67,72,179,179
2023-09-01 09:53:07,67,100,179,179
2023-09-01 09:53:07,0,100,179,179
2023-09-01 09:53:07,64,100,179,179
2023-09-01 09:53:07,66,100,179,179
2023-09-01 09:53:07,66,72,179,179
2023-09-01 09:53:07,66,69,179,179
2023-09-01 09:53:18,0,69,179,179
2023-09-01 09:53:18,0,100,179,179
2023-09-01 09:53:18,68,100,179,179
2023-09-01 09:53:18,68,72,179,179
2023-09-01 09:53:30,0,72,179,179
2023-09-01 09:53:30,0,100,179,179
2023-09-01 09:53:30,69,100,179,179
2023-09-01 09:53:30,69,73,179,179
2023-09-01 09:54:05,69,100,179,179
2023-09-01 09:54:05,0,100,179,179
2023-09-01 09:54:05,63,100,179,179
2023-09-01 09:54:05,63,76,179,179
2023-09-01 09:54:05,63,74,179,179
2023-09-01 09:54:16,0,74,179,179
2023-09-01 09:54:16,0,100,179,179
2023-09-01 09:54:16,66,100,179,179
2023-09-01 09:54:16,68,100,179,179
2023-09-01 09:54:16,68,74,179,179
2023-09-01 09:54:16,68,72,179,179
2023-09-01 09:54:42,0,72,179,179
2023-09-01 09:54:42,0,100,179,179
2023-09-01 09:54:42,69,100,179,179
2023-09-01 09:54:42,69,73,179,179
2023-09-01 09:55:30,0,73,179,179
2023-09-01 09:55:30,0,100,179,179
2023-09-01 09:55:30,69,100,179,179
2023-09-01 09:55:30,71,100,179,179
2023-09-01 09:55:30,71,77,179,179
2023-09-01 09:55:30,71,75,179,179
2023-09-01 09:55:39,0,75,179,179
2023-09-01 09:55:39,0,100,179,179
2023-09-01 09:55:39,72,100,179,179
2023-09-01 09:55:39,72,76,179,179
2023-09-01 09:56:39,71,100,179,179
2023-09-01 09:56:39,73,100,179,179
2023-09-01 09:56:39,73,78,179,179
2023-09-01 09:56:39,73,76,179,179
2023-09-01 09:56:59,0,76,179,179
2023-09-01 09:56:59,0,100,179,179
2023-09-01 09:56:59,72,100,179,179
2023-09-01 09:56:59,74,100,179,179
2023-09-01 09:56:59,74,80,179,179
2023-09-01 09:56:59,74,78,179,179
2023-09-01 09:57:11,0,78,179,179
2023-09-01 09:57:11,0,100,179,179
2023-09-01 09:57:11,73,100,179,179
2023-09-01 09:57:11,73,85,179,179
2023-09-01 09:57:11,73,83,179,179
2023-09-01 09:58:11,78,100,179,179
2023-09-01 09:58:11,78,82,179,179
2023-09-01 09:59:09,78,100,179,179
2023-09-01 09:59:09,0,100,179,179
2023-09-01 09:59:09,77,100,179,179
2023-09-01 09:59:09,77,82,179,179
2023-09-01 09:59:09,77,80,179,179
2023-09-01 09:59:34,0,80,179,179
2023-09-01 09:59:34,0,100,179,179
2023-09-01 09:59:34,76,100,179,179
2023-09-01 09:59:34,78,100,179,179
2023-09-01 09:59:34,78,82,179,179
2023-09-01 10:00:01,78,100,179,179
2023-09-01 10:00:01,0,100,179,179
2023-09-01 10:00:01,70,100,179,179
2023-09-01 10:00:01,72,100,179,179
2023-09-01 10:00:01,72,83,179,179
2023-09-01 10:00:07,72,100,179,179
2023-09-01 10:00:07,0,100,179,179
2023-09-01 10:00:07,68,100,179,179
2023-09-01 10:00:07,70,100,179,179
2023-09-01 10:00:07,70,82,179,179
2023-09-01 10:00:07,70,80,179,179
2023-09-01 10:00:13,70,100,179,179
2023-09-01 10:00:13,0,100,179,179
2023-09-01 10:00:13,70,100,179,179
2023-09-01 10:00:13,72,100,179,179
2023-09-01 10:00:13,72,77,179,179
2023-09-01 10:00:13,72,75,179,179
2023-09-01 10:00:21,72,100,179,179
2023-09-01 10:00:21,0,100,179,179
2023-09-01 10:00:21,68,100,179,179
2023-09-01 10:00:21,70,100,179,179
2023-09-01 10:00:21,70,76,179,179
2023-09-01 10:00:21,70,74,179,179
2023-09-01 10:00:22,70,100,179,179
2023-09-01 10:00:22,0,100,179,179
2023-09-01 10:00:22,69,100,179,179
2023-09-01 10:00:22,69,75,179,179
2023-09-01 10:00:22,69,73,179,179
2023-09-01 10:00:25,0,73,179,179
2023-09-01 10:00:25,0,100,179,179
2023-09-01 10:00:25,70,100,179,179
2023-09-01 10:00:25,70,76,179,179
2023-09-01 10:00:25,70,74,179,179
2023-09-01 10:00:41,70,100,179,179
2023-09-01 10:00:41,0,100,179,179
2023-09-01 10:00:41,69,100,179,179
2023-09-01 10:00:41,69,75,179,179
2023-09-01 10:00:41,69,73,179,179
2023-09-01 10:00:43,69,100,179,179
2023-09-01 10:00:43,0,100,179,179
2023-09-01 10:00:43,68,100,179,179
2023-09-01 10:00:44,68,73,179,179
2023-09-01 10:00:44,68,72,179,179
2023-09-01 10:00:55,68,100,179,179
2023-09-01 10:00:55,0,100,179,179
2023-09-01 10:00:55,64,100,179,179
2023-09-01 10:00:55,66,100,179,179
2023-09-01 10:00:55,66,70,179,179
2023-09-01 10:01:01,66,100,179,179
2023-09-01 10:01:01,0,100,179,179
2023-09-01 10:01:01,63,100,179,179
2023-09-01 10:01:01,65,100,179,179
2023-09-01 10:01:01,65,68,179,179
2023-09-01 10:01:10,0,68,179,179
2023-09-01 10:01:10,0,70,179,179
2023-09-01 10:01:10,0,100,179,179
2023-09-01 10:01:10,62,100,179,179
2023-09-01 10:01:10,64,100,179,179
2023-09-01 10:01:10,64,76,179,179
2023-09-01 10:01:10,64,74,179,179
2023-09-01 10:01:11,0,74,179,179
2023-09-01 10:01:11,0,100,179,179
2023-09-01 10:01:11,69,100,179,179
2023-09-01 10:01:11,69,74,179,179
2023-09-01 10:01:11,69,72,179,179
2023-09-01 10:01:14,0,72,179,179
2023-09-01 10:01:14,0,100,179,179
2023-09-01 10:01:14,68,100,179,179
2023-09-01 10:01:14,70,100,179,179
2023-09-01 10:01:14,70,74,179,179
2023-09-01 10:01:15,0,74,179,179
2023-09-01 10:01:15,0,100,179,179
2023-09-01 10:01:15,72,100,179,179
2023-09-01 10:01:15,72,77,179,179
2023-09-01 10:01:15,72,75,179,179
2023-09-01 10:01:28,0,75,179,179
2023-09-01 10:01:28,0,100,179,179
2023-09-01 10:01:28,73,100,179,179
2023-09-01 10:01:28,73,79,179,179
2023-09-01 10:01:28,73,77,179,179
2023-09-01 10:01:36,0,77,179,179
2023-09-01 10:01:36,0,100,179,179
2023-09-01 10:01:36,72,100,179,179
2023-09-01 10:01:36,74,100,179,179
2023-09-01 10:01:36,74,80,179,179
2023-09-01 10:01:36,74,78,179,179
2023-09-01 10:01:44,0,78,179,179
2023-09-01 10:01:44,0,100,179,179
2023-09-01 10:01:44,74,100,179,179
2023-09-01 10:01:44,76,100,179,179
2023-09-01 10:01:44,76,81,179,179
2023-09-01 10:01:44,76,79,179,179
2023-09-01 10:01:55,76,100,179,179
2023-09-01 10:01:55,0,100,179,179
2023-09-01 10:01:55,72,100,179,179
2023-09-01 10:01:55,74,100,179,179
2023-09-01 10:01:55,74,80,179,179
2023-09-01 10:01:55,74,78,179,179
2023-09-01 10:01:59,0,78,179,179
2023-09-01 10:01:59,0,100,179,179
2023-09-01 10:01:59,76,100,179,179
2023-09-01 10:01:59,76,81,179,179
2023-09-01 10:01:59,76,79,179,179
2023-09-01 10:02:02,0,79,179,179
2023-09-01 10:02:02,0,100,179,179
2023-09-01 10:02:02,77,100,179,179
2023-09-01 10:02:02,77,83,179,179
2023-09-01 10:02:02,77,81,179,179
2023-09-01 10:02:13,77,100,179,179
2023-09-01 10:02:13,0,100,179,179
2023-09-01 10:02:13,74,100,179,179
2023-09-01 10:02:13,76,100,179,179
2023-09-01 10:02:13,76,79,179,179
2023-09-01 10:02:39,0,79,179,179
2023-09-01 10:02:39,0,100,179,179
2023-09-01 10:02:39,75,100,179,179
2023-09-01 10:02:39,77,100,179,179
2023-09-01 10:02:39,77,83,179,179
2023-09-01 10:02:39,77,81,179,179
2023-09-01 10:03:07,77,100,179,179
2023-09-01 10:03:07,0,100,179,179
2023-09-01 10:03:07,76,100,179,179
2023-09-01 10:03:07,76,79,179,179
2023-09-01 10:03:17,0,79,179,179
2023-09-01 10:03:17,0,100,179,179
2023-09-01 10:03:17,77,100,179,179
2023-09-01 10:03:17,77,83,179,179
2023-09-01 10:03:17,77,81,179,179
2023-09-01 10:04:13,77,100,179,179
2023-09-01 10:04:13,0,100,179,179
2023-09-01 10:04:13,73,100,179,179
2023-09-01 10:04:13,75,100,179,179
2023-09-01 10:04:13,75,79,179,179
2023-09-01 10:04:23,0,79,179,179
2023-09-01 10:04:23,0,100,179,179
2023-09-01 10:04:23,75,100,179,179
2023-09-01 10:04:23,77,100,179,179
2023-09-01 10:04:23,77,83,179,179
2023-09-01 10:04:23,77,81,179,179
2023-09-01 10:04:31,0,81,179,179
2023-09-01 10:04:31,0,100,179,179
2023-09-01 10:04:31,79,100,179,179
2023-09-01 10:04:31,79,82,179,179
2023-09-01 10:04:58,0,82,179,179
2023-09-01 10:04:58,0,100,179,179
2023-09-01 10:04:58,78,100,179,179
2023-09-01 10:04:58,80,100,179,179
2023-09-01 10:04:58,80,86,179,179
2023-09-01 10:04:58,80,84,179,179
2023-09-01 10:04:58,0,84,179,179
2023-09-01 10:04:58,0,100,179,179
2023-09-01 10:04:58,79,100,179,179
2023-09-01 10:04:58,81,100,179,179
2023-09-01 10:04:58,81,85,179,179
2023-09-01 10:05:20,81,100,179,179
2023-09-01 10:05:20,0,100,179,179
2023-09-01 10:05:20,76,100,179,179
2023-09-01 10:05:20,76,88,179,179
2023-09-01 10:05:20,76,86,179,179
2023-09-01 10:05:31,76,100,179,179
2023-09-01 10:05:31,0,100,179,179
2023-09-01 10:05:31,78,100,179,179
2023-09-01 10:05:31,78,83,179,179
2023-09-01 10:05:31,78,81,179,179
2023-09-01 10:05:38,78,100,179,179
2023-09-01 10:05:38,0,100,179,179
2023-09-01 10:05:38,74,100,179,179
2023-09-01 10:05:38,76,100,179,179
2023-09-01 10:05:38,76,80,179,179
2023-09-01 10:05:52,76,100,179,179
2023-09-01 10:05:52,0,100,179,179
2023-09-01 10:05:52,73,100,179,179
2023-09-01 10:05:52,75,100,179,179
2023-09-01 10:05:52,75,80,179,179
2023-09-01 10:05:52,75,78,179,179
2023-09-01 10:05:56,0,78,179,179
2023-09-01 10:05:56,0,100,179,179
2023-09-01 10:05:56,76,100,179,179
2023-09-01 10:05:56,76,82,179,179
2023-09-01 10:05:56,76,80,179,179
2023-09-01 10:06:22,0,80,179,179
2023-09-01 10:06:22,0,100,179,179
2023-09-01 10:06:22,76,100,179,179
2023-09-01 10:06:22,78,100,179,179
2023-09-01 10:06:22,78,83,179,179
2023-09-01 10:06:22,78,81,179,179
2023-09-01 10:07:22,76,100,179,179
2023-09-01 10:07:22,78,100,179,179
2023-09-01 10:07:22,78,82,179,179
2023-09-01 10:07:58,0,82,179,179
2023-09-01 10:07:58,0,100,179,179
2023-09-01 10:07:58,77,100,179,179
2023-09-01 10:07:58,79,100,179,179
2023-09-01 10:07:58,79,83,179,179
2023-09-01 10:08:19,0,83,179,179
2023-09-01 10:08:19,0,100,179,179
2023-09-01 10:08:19,81,100,179,179
2023-09-01 10:08:19,81,84,179,179
2023-09-01 10:08:47,81,100,179,179
2023-09-01 10:08:47,0,100,179,179
2023-09-01 10:08:47,77,100,179,179
2023-09-01 10:08:47,79,100,179,179
2023-09-01 10:08:47,79,85,179,179
2023-09-01 10:08:47,79,83,179,179
2023-09-01 10:09:01,0,83,179,179
2023-09-01 10:09:01,0,100,179,179
2023-09-01 10:09:01,79,100,179,179
2023-09-01 10:09:01,81,100,179,179
2023-09-01 10:09:01,81,85,179,179
2023-09-01 10:09:51,0,85,179,179
2023-09-01 10:09:51,0,100,179,179
2023-09-01 10:09:51,78,100,179,179
2023-09-01 10:09:51,80,100,179,179
2023-09-01 10:09:51,80,91,179,179
2023-09-01 10:09:51,80,90,179,179
2023-09-01 10:10:02,80,100,179,179
2023-09-01 10:10:02,0,100,179,179
2023-09-01 10:10:02,82,100,179,179
2023-09-01 10:10:02,82,86,179,179
2023-09-01 10:10:02,82,85,179,179
2023-09-01 10:10:13,0,85,179,179
2023-09-01 10:10:13,0,100,179,179
2023-09-01 10:10:13,81,100,179,179
2023-09-01 10:10:13,83,100,179,179
2023-09-01 10:10:13,83,88,179,179
2023-09-01 10:10:13,83,87,179,179
2023-09-01 10:10:25,0,87,179,179
2023-09-01 10:10:25,0,100,179,179
2023-09-01 10:10:25,84,100,179,179
2023-09-01 10:10:25,84,89,179,179
2023-09-01 10:10:25,84,88,179,179
2023-09-01 10:10:40,0,88,179,179
2023-09-01 10:10:40,0,100,179,179
2023-09-01 10:10:40,85,100,179,179
2023-09-01 10:10:40,86,100,179,179
2023-09-01 10:10:40,86,90,179,179
2023-09-01 10:10:40,86,89,179,179
2023-09-01 10:11:40,86,100,179,179
2023-09-01 10:11:40,86,90,179,179
2023-09-01 10:12:40,84,100,179,179
2023-09-01 10:12:40,86,100,179,179
2023-09-01 10:12:40,86,91,179,179
2023-09-01 10:12:40,86,90,179,179
2023-09-01 10:13:01,0,90,179,179
2023-09-01 10:13:01,0,100,179,179
2023-09-01 10:13:01,87,100,179,179
2023-09-01 10:13:01,88,100,179,179
2023-09-01 10:13:01,88,91,179,179
2023-09-01 10:14:01,87,100,179,179
2023-09-01 10:14:01,88,100,179,179
2023-09-01 10:14:01,88,93,179,179
2023-09-01 10:14:01,88,92,179,179
2023-09-01 10:14:44,88,100,179,179
2023-09-01 10:14:44,0,100,179,179
2023-09-01 10:14:44,86,100,179,179
2023-09-01 10:14:44,86,90,179,179
2023-09-01 10:15:44,84,100,179,179
2023-09-01 10:15:44,86,100,179,179
2023-09-01 10:15:44,86,91,179,179
2023-09-01 10:15:44,86,90,179,179
2023-09-01 10:16:11,86,100,179,179
2023-09-01 10:16:11,0,100,179,179
2023-09-01 10:16:11,83,100,179,179
2023-09-01 10:16:11,85,100,179,179
2023-09-01 10:16:11,85,90,179,179
2023-09-01 10:16:11,85,89,179,179
2023-09-01 10:17:00,0,89,179,179
2023-09-01 10:17:00,0,100,179,179
2023-09-01 10:17:00,86,100,179,179
2023-09-01 10:17:00,86,91,179,179
2023-09-01 10:17:00,86,90,179,179
2023-09-01 10:17:35,86,100,179,179
2023-09-01 10:17:36,0,100,179,179
2023-09-01 10:17:36,85,100,179,179
2023-09-01 10:17:36,85,90,179,179
2023-09-01 10:17:36,85,89,179,179
2023-09-01 10:17:54,0,89,179,179
2023-09-01 10:17:54,0,100,179,179
2023-09-01 10:17:54,84,100,179,179
2023-09-01 10:17:54,86,100,179,179
2023-09-01 10:17:54,86,90,179,179
2023-09-01 10:18:48,86,100,179,179
2023-09-01 10:18:48,0,100,179,179
2023-09-01 10:18:48,83,100,179,179
2023-09-01 10:18:48,85,100,179,179
2023-09-01 10:18:48,85,89,179,179
2023-09-01 10:19:33,0,89,179,179
2023-09-01 10:19:33,0,100,179,179
2023-09-01 10:19:33,86,100,179,179
2023-09-01 10:19:33,86,90,179,179
2023-09-01 10:19:45,0,90,179,179
2023-09-01 10:19:45,0,100,179,179
2023-09-01 10:19:45,87,100,179,179
2023-09-01 10:19:45,88,100,179,179
2023-09-01 10:19:45,88,92,179,179
2023-09-01 10:19:45,88,91,179,179
2023-09-01 10:20:45,87,100,179,179
2023-09-01 10:20:45,87,91,179,179
2023-09-01 10:20:45,87,90,179,179
2023-09-01 10:21:02,87,100,179,179
2023-09-01 10:21:02,0,100,179,179
2023-09-01 10:21:02,85,100,179,179
2023-09-01 10:21:02,85,89,179,179
2023-09-01 10:21:15,0,89,179,179
2023-09-01 10:21:15,0,100,179,179
2023-09-01 10:21:15,86,100,179,179
2023-09-01 10:21:15,87,100,179,179
2023-09-01 10:21:15,87,91,179,179
2023-09-01 10:21:15,87,90,179,179
2023-09-01 10:22:15,87,100,179,179
2023-09-01 10:22:15,87,91,179,179
2023-09-01 10:23:15,88,100,179,179
2023-09-01 10:23:15,88,92,179,179
2023-09-01 10:23:15,88,91,179,179
2023-09-01 10:23:47,88,100,179,179
2023-09-01 10:23:47,0,100,179,179
2023-09-01 10:23:47,86,100,179,179
2023-09-01 10:23:47,86,91,179,179
2023-09-01 10:23:47,86,90,179,179
2023-09-01 10:24:00,86,100,179,179
2023-09-01 10:24:00,0,100,179,179
2023-09-01 10:24:00,85,100,179,179
2023-09-01 10:24:00,85,89,179,179
2023-09-01 10:24:14,85,100,179,179
2023-09-01 10:24:14,0,100,179,179
2023-09-01 10:24:14,83,100,179,179
2023-09-01 10:24:14,83,88,179,179
2023-09-01 10:24:14,83,87,179,179
2023-09-01 10:24:23,83,100,179,179
2023-09-01 10:24:23,0,100,179,179
2023-09-01 10:24:23,80,100,179,179
2023-09-01 10:24:23,82,100,179,179
2023-09-01 10:24:23,82,85,179,179
2023-09-01 10:24:43,0,85,179,179
2023-09-01 10:24:43,0,100,179,179
2023-09-01 10:24:43,81,100,179,179
2023-09-01 10:24:43,83,100,179,179
2023-09-01 10:24:43,83,88,179,179
2023-09-01 10:24:43,83,87,179,179
2023-09-01 10:25:10,0,87,179,179
2023-09-01 10:25:10,0,100,179,179
2023-09-01 10:25:10,82,100,179,179
2023-09-01 10:25:10,84,100,179,179
2023-09-01 10:25:10,84,89,179,179
2023-09-01 10:25:10,84,88,179,179
2023-09-01 10:25:35,84,100,179,179
2023-09-01 10:25:35,0,100,179,179
2023-09-01 10:25:35,81,100,179,179
2023-09-01 10:25:35,83,100,179,179
2023-09-01 10:25:35,83,87,179,179
2023-09-01 10:25:35,83,86,179,179
2023-09-01 10:26:35,82,100,179,179
2023-09-01 10:26:35,82,86,179,179
2023-09-01 10:27:25,0,86,179,179
2023-09-01 10:27:25,0,100,179,179
2023-09-01 10:27:25,82,100,179,179
2023-09-01 10:27:25,84,100,179,179
2023-09-01 10:27:25,84,89,179,179
2023-09-01 10:27:25,84,88,179,179
2023-09-01 10:28:25,84,100,179,179
2023-09-01 10:28:25,84,88,179,179
2023-09-01 10:28:35,84,100,179,179
2023-09-01 10:28:35,0,100,179,179
2023-09-01 10:28:35,83,100,179,179
2023-09-01 10:28:35,83,87,179,179
2023-09-01 10:28:35,83,86,179,179
2023-09-01 10:28:49,83,100,179,179
2023-09-01 10:28:49,0,100,179,179
2023-09-01 10:28:49,80,100,179,179
2023-09-01 10:28:49,82,100,179,179
2023-09-01 10:28:49,82,87,179,179
2023-09-01 10:28:49,82,85,179,179
2023-09-01 10:29:01,82,100,179,179
2023-09-01 10:29:01,0,100,179,179
2023-09-01 10:29:01,80,100,179,179
2023-09-01 10:29:01,80,86,179,179
2023-09-01 10:29:01,80,84,179,179
2023-09-01 10:29:15,80,100,179,179
2023-09-01 10:29:16,0,100,179,179
2023-09-01 10:29:16,77,100,179,179
2023-09-01 10:29:16,79,100,179,179
2023-09-01 10:29:16,79,83,179,179
2023-09-01 10:29:23,0,83,179,179
2023-09-01 10:29:23,0,100,179,179
2023-09-01 10:29:23,81,100,179,179
2023-09-01 10:29:23,81,86,179,179
2023-09-01 10:29:23,81,84,179,179
2023-09-01 10:29:27,0,84,179,179
2023-09-01 10:29:27,0,100,179,179
2023-09-01 10:29:27,82,100,179,179
2023-09-01 10:29:27,82,87,179,179
2023-09-01 10:29:27,82,86,179,179
2023-09-01 10:29:41,0,86,179,179
2023-09-01 10:29:41,0,100,179,179
2023-09-01 10:29:41,81,100,179,179
2023-09-01 10:29:41,83,100,179,179
2023-09-01 10:29:41,83,87,179,179
2023-09-01 10:29:53,0,87,179,179
2023-09-01 10:29:53,0,100,179,179
2023-09-01 10:29:53,85,100,179,179
2023-09-01 10:29:53,85,89,179,179
2023-09-01 10:29:53,85,88,179,179
2023-09-01 10:29:59,0,88,179,179
2023-09-01 10:29:59,0,100,179,179
2023-09-01 10:29:59,86,100,179,179
2023-09-01 10:29:59,86,91,179,179
2023-09-01 10:29:59,86,90,179,179
2023-09-01 10:30:15,86,100,179,179
2023-09-01 10:30:15,0,100,179,179
2023-09-01 10:30:15,82,100,179,179
2023-09-01 10:30:15,84,100,179,179
2023-09-01 10:30:15,84,88,179,179
2023-09-01 10:30:20,84,100,179,179
2023-09-01 10:30:20,0,100,179,179
2023-09-01 10:30:20,81,100,179,179
2023-09-01 10:30:20,83,100,179,179
2023-09-01 10:30:20,83,87,179,179
2023-09-01 10:30:20,83,100,179,179
2023-09-01 10:30:20,0,100,179,179
2023-09-01 10:30:20,80,100,179,179
2023-09-01 10:30:20,82,100,179,179
2023-09-01 10:30:20,82,85,179,179
2023-09-01 10:30:21,0,85,179,179
2023-09-01 10:30:21,0,100,179,179
2023-09-01 10:30:21,81,100,179,179
2023-09-01 10:30:21,83,100,179,179
2023-09-01 10:30:21,83,87,179,179
2023-09-01 10:30:46,83,100,179,179
2023-09-01 10:30:46,0,100,179,179
2023-09-01 10:30:46,81,100,179,179
2023-09-01 10:30:46,81,87,179,179
2023-09-01 10:30:46,81,85,179,179
2023-09-01 10:31:08,81,100,179,179
2023-09-01 10:31:08,0,100,179,179
2023-09-01 10:31:08,78,100,179,179
2023-09-01 10:31:08,80,100,179,179
2023-09-01 10:31:08,80,84,179,179
2023-09-01 10:31:20,0,84,179,179
2023-09-01 10:31:20,0,100,179,179
2023-09-01 10:31:20,80,100,179,179
2023-09-01 10:31:20,82,100,179,179
2023-09-01 10:31:20,82,85,179,179
2023-09-01 10:31:52,82,100,179,179
2023-09-01 10:31:52,0,100,179,179
2023-09-01 10:31:52,80,100,179,179
2023-09-01 10:31:52,80,86,179,179
2023-09-01 10:31:52,80,84,179,179
2023-09-01 10:32:28,0,84,179,179
2023-09-01 10:32:28,0,100,179,179
2023-09-01 10:32:28,80,100,179,179
2023-09-01 10:32:28,82,100,179,179
2023-09-01 10:32:28,82,85,179,179
2023-09-01 10:32:54,82,100,179,179
2023-09-01 10:32:54,0,100,179,179
2023-09-01 10:32:54,78,100,179,179
2023-09-01 10:32:54,80,100,179,179
2023-09-01 10:32:54,80,84,179,179
2023-09-01 10:33:02,80,100,179,179
2023-09-01 10:33:02,0,100,179,179
2023-09-01 10:33:02,79,100,179,179
2023-09-01 10:33:02,79,82,179,179
2023-09-01 10:33:10,79,100,179,179
2023-09-01 10:33:10,0,100,179,179
2023-09-01 10:33:10,77,100,179,179
2023-09-01 10:33:10,77,83,179,179
2023-09-01 10:33:10,77,81,179,179
2023-09-01 10:34:10,76,100,179,179
2023-09-01 10:34:10,78,100,179,179
2023-09-01 10:34:10,78,83,179,179
2023-09-01 10:34:10,78,81,179,179
2023-09-01 10:34:58,78,100,179,179
2023-09-01 10:34:58,0,100,179,179
2023-09-01 10:34:58,74,100,179,179
2023-09-01 10:34:58,76,100,179,179
2023-09-01 10:34:58,76,82,179,179
2023-09-01 10:34:58,76,80,179,179
2023-09-01 10:35:58,75,100,179,179
2023-09-01 10:35:58,77,100,179,179
2023-09-01 10:35:58,77,83,179,179
2023-09-01 10:35:58,77,81,179,179
2023-09-01 10:36:04,0,81,179,179
2023-09-01 10:36:04,0,100,179,179
2023-09-01 10:36:04,78,100,179,179
2023-09-01 10:36:04,78,84,179,179
2023-09-01 10:36:04,78,82,179,179
2023-09-01 10:36:11,0,82,179,179
2023-09-01 10:36:11,0,100,179,179
2023-09-01 10:36:11,80,100,179,179
2023-09-01 10:36:11,80,85,179,179
2023-09-01 10:36:11,80,83,179,179
2023-09-01 10:37:02,0,83,179,179
2023-09-01 10:37:02,0,100,179,179
2023-09-01 10:37:02,81,100,179,179
2023-09-01 10:37:02,81,87,179,179
2023-09-01 10:37:02,81,85,179,179
2023-09-01 10:37:12,81,100,179,179
2023-09-01 10:37:12,0,100,179,179
2023-09-01 10:37:12,78,100,179,179
2023-09-01 10:37:12,80,100,179,179
2023-09-01 10:37:12,80,83,179,179
2023-09-01 10:37:39,80,100,179,179
2023-09-01 10:37:39,0,100,179,179
2023-09-01 10:37:39,78,100,179,179
2023-09-01 10:37:39,78,84,179,179
2023-09-01 10:37:39,78,82,179,179
2023-09-01 10:37:49,0,82,179,179
2023-09-01 10:37:49,0,100,179,179
2023-09-01 10:37:49,80,100,179,179
2023-09-01 10:37:49,80,86,179,179
2023-09-01 10:37:49,80,84,179,179
2023-09-01 10:38:27,0,84,179,179
2023-09-01 10:38:27,0,100,179,179
2023-09-01 10:38:27,79,100,179,179
2023-09-01 10:38:27,81,100,179,179
2023-09-01 10:38:27,81,87,179,179
2023-09-01 10:38:27,81,85,179,179
2023-09-01 10:38:40,0,85,179,179
2023-09-01 10:38:40,0,100,179,179
2023-09-01 10:38:40,82,100,179,179
2023-09-01 10:38:40,82,86,179,179
2023-09-01 10:39:41,82,100,179,179
2023-09-01 10:39:41,82,87,179,179
2023-09-01 10:39:41,82,85,179,179
2023-09-01 10:39:54,82,100,179,179
2023-09-01 10:39:54,0,100,179,179
2023-09-01 10:39:54,80,100,179,179
2023-09-01 10:39:54,80,86,179,179
2023-09-01 10:39:54,80,84,179,179
2023-09-01 10:40:08,80,100,179,179
2023-09-01 10:40:08,0,100,179,179
2023-09-01 10:40:08,79,100,179,179
2023-09-01 10:40:08,79,83,179,179
2023-09-01 10:40:24,79,100,179,179
2023-09-01 10:40:24,0,100,179,179
2023-09-01 10:40:24,77,100,179,179
2023-09-01 10:40:24,77,81,179,179
2023-09-01 10:41:24,78,100,179,179
2023-09-01 10:41:24,78,84,179,179
2023-09-01 10:41:24,78,82,179,179
2023-09-01 10:42:07,78,100,179,179
2023-09-01 10:42:07,0,100,179,179
2023-09-01 10:42:07,75,100,179,179
2023-09-01 10:42:07,77,100,179,179
2023-09-01 10:42:07,77,81,179,179
2023-09-01 10:42:23,77,100,179,179
2023-09-01 10:42:23,0,100,179,179
2023-09-01 10:42:23,74,100,179,179
2023-09-01 10:42:23,76,100,179,179
2023-09-01 10:42:23,76,80,179,179
2023-09-01 10:42:45,0,80,179,179
2023-09-01 10:42:45,0,100,179,179
2023-09-01 10:42:45,77,100,179,179
2023-09-01 10:42:45,77,81,179,179
2023-09-01 10:43:13,0,81,179,179
2023-09-01 10:43:13,0,100,179,179
2023-09-01 10:43:13,77,100,179,179
2023-09-01 10:43:13,79,100,179,179
2023-09-01 10:43:13,79,84,179,179
2023-09-01 10:43:13,79,82,179,179
2023-09-01 10:44:13,77,100,179,179
2023-09-01 10:44:13,77,83,179,179
2023-09-01 10:44:13,77,81,179,179
2023-09-01 10:44:30,0,81,179,179
2023-09-01 10:44:30,0,100,179,179
2023-09-01 10:44:30,77,100,179,179
2023-09-01 10:44:30,79,100,179,179
2023-09-01 10:44:30,79,85,179,179
2023-09-01 10:44:30,79,83,179,179
2023-09-01 10:44:36,0,83,179,179
2023-09-01 10:44:36,0,100,179,179
2023-09-01 10:44:36,80,100,179,179
2023-09-01 10:44:36,80,84,179,179
2023-09-01 10:45:04,80,100,179,179
2023-09-01 10:45:04,0,100,179,179
2023-09-01 10:45:04,77,100,179,179
2023-09-01 10:45:04,79,100,179,179
2023-09-01 10:45:04,79,85,179,179
2023-09-01 10:45:04,79,83,179,179
2023-09-01 10:45:18,79,100,179,179
2023-09-01 10:45:18,0,100,179,179
2023-09-01 10:45:18,77,100,179,179
2023-09-01 10:45:18,77,83,179,179
2023-09-01 10:45:18,77,81,179,179
2023-09-01 10:45:38,0,81,179,179
2023-09-01 10:45:38,0,100,179,179
2023-09-01 10:45:38,77,100,179,179
2023-09-01 10:45:38,79,100,179,179
2023-09-01 10:45:38,79,83,179,179
2023-09-01 10:45:51,79,100,179,179
2023-09-01 10:45:51,0,100,179,179
2023-09-01 10:45:51,78,100,179,179
2023-09-01 10:45:51,78,83,179,179
2023-09-01 10:45:51,78,81,179,179
2023-09-01 10:46:08,78,100,179,179
2023-09-01 10:46:08,0,100,179,179
2023-09-01 10:46:08,70,100,179,179
2023-09-01 10:46:08,72,100,179,179
2023-09-01 10:46:08,72,84,179,179
2023-09-01 10:46:08,72,82,179,179
2023-09-01 10:46:10,72,100,179,179
2023-09-01 10:46:10,0,100,179,179
2023-09-01 10:46:10,74,100,179,179
2023-09-01 10:46:10,74,80,179,179
2023-09-01 10:46:10,74,78,179,179
2023-09-01 10:46:43,74,100,179,179
2023-09-01 10:46:43,0,100,179,179
2023-09-01 10:46:43,73,100,179,179
2023-09-01 10:46:43,73,79,179,179
2023-09-01 10:46:43,73,77,179,179
2023-09-01 10:47:01,73,100,179,179
2023-09-01 10:47:01,0,100,179,179
2023-09-01 10:47:01,69,100,179,179
2023-09-01 10:47:01,71,100,179,179
2023-09-01 10:47:01,71,75,179,179
2023-09-01 10:47:04,0,75,179,179
2023-09-01 10:47:04,0,100,179,179
2023-09-01 10:47:04,73,100,179,179
2023-09-01 10:47:04,73,77,179,179
2023-09-01 10:47:25,0,77,179,179
2023-09-01 10:47:25,0,100,179,179
2023-09-01 10:47:25,72,100,179,179
2023-09-01 10:47:25,74,100,179,179
2023-09-01 10:47:25,74,80,179,179
2023-09-01 10:47:25,74,78,179,179
2023-09-01 10:48:15,74,100,179,179
2023-09-01 10:48:15,0,100,179,179
2023-09-01 10:48:15,73,100,179,179
2023-09-01 10:48:15,73,78,179,179
2023-09-01 10:48:15,73,76,179,179
2023-09-01 10:48:20,73,100,179,179
2023-09-01 10:48:20,0,100,179,179
2023-09-01 10:48:20,69,100,179,179
2023-09-01 10:48:20,71,100,179,179
2023-09-01 10:48:20,71,77,179,179
2023-09-01 10:48:20,71,75,179,179
2023-09-01 10:48:37,71,100,179,179
2023-09-01 10:48:37,0,100,179,179
2023-09-01 10:48:37,68,100,179,179
2023-09-01 10:48:37,70,100,179,179
2023-09-01 10:48:37,70,76,179,179
2023-09-01 10:48:37,70,74,179,179
2023-09-01 10:49:37,70,100,179,179
2023-09-01 10:49:37,70,76,179,179
2023-09-01 10:49:37,70,74,179,179
2023-09-01 10:50:07,70,100,179,179
2023-09-01 10:50:07,0,100,179,179
2023-09-01 10:50:07,67,100,179,179
2023-09-01 10:50:07,69,100,179,179
2023-09-01 10:50:07,69,75,179,179
2023-09-01 10:50:07,69,73,179,179
2023-09-01 10:50:23,0,73,179,179
2023-09-01 10:50:23,0,100,179,179
2023-09-01 10:50:23,70,100,179,179
2023-09-01 10:50:23,70,76,179,179
2023-09-01 10:50:23,70,74,179,179
2023-09-01 10:51:16,0,74,179,179
2023-09-01 10:51:16,0,100,179,179
2023-09-01 10:51:16,72,100,179,179
2023-09-01 10:51:16,72,76,179,179
2023-09-01 10:51:24,0,76,179,179
2023-09-01 10:51:24,0,100,179,179
2023-09-01 10:51:24,71,100,179,179
2023-09-01 10:51:24,73,100,179,179
2023-09-01 10:51:24,73,77,179,179
2023-09-01 10:51:31,73,100,179,179
2023-09-01 10:51:31,0,100,179,179
2023-09-01 10:51:31,72,100,179,179
2023-09-01 10:51:31,72,78,179,179
2023-09-01 10:51:31,72,76,179,179
2023-09-01 10:51:55,0,76,179,179
2023-09-01 10:51:55,0,100,179,179
2023-09-01 10:51:55,71,100,179,179
2023-09-01 10:51:55,73,100,179,179
2023-09-01 10:51:55,73,77,179,179
2023-09-01 10:52:47,73,100,179,179
2023-09-01 10:52:47,0,100,179,179
2023-09-01 10:52:47,72,100,179,179
2023-09-01 10:52:47,72,76,179,179
2023-09-01 10:53:39,72,100,179,179
2023-09-01 10:53:39,0,100,179,179
2023-09-01 10:53:39,69,100,179,179
2023-09-01 10:53:39,71,100,179,179
2023-09-01 10:53:39,71,77,179,179
2023-09-01 10:53:39,71,75,179,179
2023-09-01 10:53:46,71,77,379,379
2023-09-01 10:54:11,71,100,379,379
2023-09-01 10:54:11,0,100,379,379
2023-09-01 10:54:11,63,100,379,379
2023-09-01 10:54:11,65,100,379,379
2023-09-01 10:54:11,65,76,379,379
2023-09-01 10:54:19,0,76,379,379
2023-09-01 10:54:19,0,100,379,379
2023-09-01 10:54:19,70,100,379,379
2023-09-01 10:54:19,70,74,379,379
2023-09-01 10:54:31,70,100,379,379
2023-09-01 10:54:31,0,100,379,379
2023-09-01 10:54:31,69,100,379,379
2023-09-01 10:54:31,69,75,379,379
2023-09-01 10:54:31,69,73,379,379
2023-09-01 10:54:34,69,100,379,379
2023-09-01 10:54:34,0,100,379,379
2023-09-01 10:54:34,65,100,379,379
2023-09-01 10:54:34,67,100,379,379
2023-09-01 10:54:34,67,73,379,379
2023-09-01 10:54:34,67,72,379,379
2023-09-01 10:54:56,67,100,379,379
2023-09-01 10:54:56,0,100,379,379
2023-09-01 10:54:56,66,100,379,379
2023-09-01 10:54:56,66,72,379,379
2023-09-01 10:54:56,66,70,379,379
2023-09-01 10:55:02,66,100,379,379
2023-09-01 10:55:02,0,100,379,379
2023-09-01 10:55:02,65,100,379,379
2023-09-01 10:55:02,65,72,379,379
2023-09-01 10:55:02,65,69,379,379
2023-09-01 10:55:27,0,69,379,379
2023-09-01 10:55:27,0,100,379,379
2023-09-01 10:55:27,64,100,379,379
2023-09-01 10:55:27,66,100,379,379
2023-09-01 10:55:27,66,72,379,379
2023-09-01 10:55:27,66,70,379,379
2023-09-01 10:55:42,66,100,379,379
2023-09-01 10:55:42,0,100,379,379
2023-09-01 10:55:42,63,100,379,379
2023-09-01 10:55:42,65,100,379,379
2023-09-01 10:55:42,65,70,379,379
2023-09-01 10:55:42,65,68,379,379
2023-09-01 10:56:06,63,68,379,433
2023-09-01 10:56:20,63,100,379,433
2023-09-01 10:56:20,0,100,379,433
2023-09-01 10:56:20,61,100,379,433
2023-09-01 10:56:20,63,100,379,433
2023-09-01 10:56:20,63,67,379,433
2023-09-01 10:56:22,63,100,379,433
2023-09-01 10:56:22,0,100,379,433
2023-09-01 10:56:22,54,100,379,433
2023-09-01 10:56:22,56,100,379,433
2023-09-01 10:56:22,56,68,379,433
2023-09-01 10:56:25,56,100,379,433
2023-09-01 10:56:25,0,100,379,433
2023-09-01 10:56:25,55,100,379,433
2023-09-01 10:56:25,55,66,379,433
2023-09-01 10:56:28,55,100,379,433
2023-09-01 10:56:28,0,100,379,433
2023-09-01 10:56:28,55,100,379,433
2023-09-01 10:56:28,56,100,379,433
2023-09-01 10:56:28,56,61,379,433
2023-09-01 10:56:48,0,61,379,433
2023-09-01 10:56:48,0,100,379,433
2023-09-01 10:56:48,56,100,379,433
2023-09-01 10:56:48,57,100,379,433
2023-09-01 10:56:48,57,64,379,433
2023-09-01 10:56:48,57,62,379,433
2023-09-01 10:57:48,59,100,379,433
2023-09-01 10:57:48,59,65,379,433
2023-09-01 10:57:48,59,63,379,433
2023-09-01 10:58:07,59,100,379,433
2023-09-01 10:58:07,0,100,379,433
2023-09-01 10:58:07,56,100,379,433
2023-09-01 10:58:07,56,63,379,433
2023-09-01 10:58:07,56,61,379,433
2023-09-01 10:58:19,0,61,379,433
2023-09-01 10:58:19,0,100,379,433
2023-09-01 10:58:19,59,100,379,433
2023-09-01 10:58:19,59,65,379,433
2023-09-01 10:58:19,59,63,379,433
2023-09-01 10:58:35,0,63,379,433
2023-09-01 10:58:35,0,100,379,433
2023-09-01 10:58:35,60,100,379,433
2023-09-01 10:58:35,60,66,379,433
2023-09-01 10:58:35,60,64,379,433
2023-09-01 10:58:50,0,64,379,433
2023-09-01 10:58:50,0,100,379,433
2023-09-01 10:58:50,60,100,379,433
2023-09-01 10:58:50,62,100,379,433
2023-09-01 10:58:50,62,66,379,433
2023-09-01 10:59:24,0,66,379,433
2023-09-01 10:59:24,0,100,379,433
2023-09-01 10:59:24,61,100,379,433
2023-09-01 10:59:24,63,100,379,433
2023-09-01 10:59:24,63,69,379,433
2023-09-01 10:59:24,63,67,379,433
2023-09-01 10:59:33,63,67,379,512
2023-09-01 10:59:40,63,100,379,512
2023-09-01 10:59:40,0,100,379,512
2023-09-01 10:59:40,60,100,379,512
2023-09-01 10:59:40,62,100,379,512
2023-09-01 10:59:40,62,66,379,512
2023-09-01 11:00:03,62,100,379,512
2023-09-01 11:00:03,0,100,379,512
2023-09-01 11:00:03,60,100,379,512
2023-09-01 11:00:03,60,66,379,512
2023-09-01 11:00:03,60,64,379,512
2023-09-01 11:00:24,0,64,379,512
2023-09-01 11:00:25,0,100,379,512
2023-09-01 11:00:25,61,100,379,512
2023-09-01 11:00:25,61,67,379,512
2023-09-01 11:00:25,61,65,379,512
2023-09-01 11:01:04,61,100,379,512
2023-09-01 11:01:04,60,100,379,512
2023-09-01 11:01:04,60,64,379,512
2023-09-01 11:01:57,60,100,379,512
2023-09-01 11:01:57,61,100,379,512
2023-09-01 11:01:57,61,65,379,512
2023-09-01 11:02:16,60,65,379,512
2023-09-01 11:02:16,60,100,379,512
2023-09-01 11:02:16,61,100,379,512
2023-09-01 11:02:16,63,100,379,512
2023-09-01 11:02:16,63,67,379,512
2023-09-01 11:02:33,60,67,379,512
2023-09-01 11:02:33,60,100,379,512
2023-09-01 11:02:33,64,100,379,512
2023-09-01 11:02:33,64,68,379,512
2023-09-01 11:02:39,60,68,379,512
2023-09-01 11:02:39,60,100,379,512
2023-09-01 11:02:39,65,100,379,512
2023-09-01 11:02:39,65,72,379,512
2023-09-01 11:02:39,65,69,379,512
2023-09-01 11:02:44,63,69,379,612
2023-09-01 11:03:25,63,100,379,612
2023-09-01 11:03:25,60,100,379,612
2023-09-01 11:03:26,62,100,379,612
2023-09-01 11:03:26,64,100,379,612
2023-09-01 11:03:26,64,70,379,612
2023-09-01 11:03:26,64,68,379,612
2023-09-01 11:03:28,64,100,379,612
2023-09-01 11:03:28,60,100,379,612
2023-09-01 11:03:28,62,100,379,612
2023-09-01 11:03:28,62,68,379,612
2023-09-01 11:03:28,62,66,379,612
2023-09-01 11:04:28,64,100,379,612
2023-09-01 11:04:28,64,68,379,612
2023-09-01 11:05:08,64,100,379,612
2023-09-01 11:05:08,60,100,379,612
2023-09-01 11:05:08,62,100,379,612
2023-09-01 11:05:08,62,66,379,612
2023-09-01 11:05:34,62,100,379,612
2023-09-01 11:05:34,60,100,379,612
2023-09-01 11:05:34,61,100,379,612
2023-09-01 11:05:34,61,65,379,612
2023-09-01 11:06:05,60,65,379,612
2023-09-01 11:06:05,60,100,379,612
2023-09-01 11:06:05,62,100,379,612
2023-09-01 11:06:05,62,68,379,612
2023-09-01 11:06:05,62,66,379,612
2023-09-01 11:06:17,62,100,379,612
2023-09-01 11:06:17,60,100,379,612
2023-09-01 11:06:17,61,100,379,612
2023-09-01 11:06:17,61,67,379,612
2023-09-01 11:06:17,61,65,379,612
2023-09-01 11:06:32,60,65,379,612
2023-09-01 11:06:32,60,100,379,612
2023-09-01 11:06:32,61,100,379,612
2023-09-01 11:06:32,63,100,379,612
2023-09-01 11:06:32,63,69,379,612
2023-09-01 11:06:32,63,67,379,612
2023-09-01 11:06:47,60,67,379,612
2023-09-01 11:06:47,60,100,379,612
2023-09-01 11:06:47,64,100,379,612
2023-09-01 11:06:47,64,68,379,612
2023-09-01 11:07:23,64,100,379,612
2023-09-01 11:07:23,60,100,379,612
2023-09-01 11:07:23,61,100,379,612
2023-09-01 11:07:23,63,100,379,612
2023-09-01 11:07:23,63,67,379,612
2023-09-01 11:07:55,63,100,379,612
2023-09-01 11:07:55,60,100,379,612
2023-09-01 11:07:55,61,100,379,612
2023-09-01 11:07:55,61,65,379,612
2023-09-01 11:08:21,60,65,379,612
2023-09-01 11:08:21,60,100,379,612
2023-09-01 11:08:21,61,100,379,612
2023-09-01 11:08:21,63,100,379,612
2023-09-01 11:08:21,63,66,379,612
2023-09-01 11:08:35,63,100,379,612
2023-09-01 11:08:35,60,100,379,612
2023-09-01 11:08:35,61,100,379,612
2023-09-01 11:08:35,61,67,379,612
2023-09-01 11:08:35,61,65,379,612
2023-09-01 11:09:05,61,100,379,612
2023-09-01 11:09:05,60,100,379,612
2023-09-01 11:09:05,60,63,379,612
2023-09-01 11:09:41,60,100,379,612
2023-09-01 11:09:41,60,64,379,612
2023-09-01 11:09:41,60,62,379,612
2023-09-01 11:09:56,60,100,379,612
2023-09-01 11:09:56,60,63,379,612
2023-09-01 11:10:14,60,100,379,612
2023-09-01 11:10:14,60,64,379,612
2023-09-01 11:10:14,60,62,379,612
2023-09-01 11:10:21,60,100,379,612
2023-09-01 11:10:21,60,65,379,612
2023-09-01 11:10:21,60,63,379,612
2023-09-01 11:10:36,60,100,379,612
2023-09-01 11:10:36,61,100,379,612
2023-09-01 11:10:36,61,65,379,612
2023-09-01 11:10:49,60,65,379,612
2023-09-01 11:10:49,60,100,379,612
2023-09-01 11:10:49,62,100,379,612
2023-09-01 11:10:49,62,66,379,612
2023-09-01 11:11:01,62,100,379,612
2023-09-01 11:11:01,60,100,379,612
2023-09-01 11:11:01,61,100,379,612
2023-09-01 11:11:01,61,67,379,612
2023-09-01 11:11:01,61,65,379,612
2023-09-01 11:11:42,61,100,379,612
2023-09-01 11:11:42,60,100,379,612
2023-09-01 11:11:42,60,65,379,612
2023-09-01 11:11:42,60,63,379,612
2023-09-01 11:11:45,60,100,379,612
2023-09-01 11:11:45,60,64,379,612
2023-09-01 11:11:45,60,62,379,612
2023-09-01 11:11:50,57,62,379,612
2023-09-01 11:11:53,0,62,379,612
2023-09-01 11:11:53,0,100,379,612
2023-09-01 11:11:53,59,100,379,612
2023-09-01 11:11:53,59,63,379,612
2023-09-01 11:11:58,0,63,379,612
2023-09-01 11:11:58,0,100,379,612
2023-09-01 11:11:58,59,100,379,612
2023-09-01 11:11:58,61,100,379,612
2023-09-01 11:11:58,61,67,379,612
2023-09-01 11:11:58,61,65,379,612
2023-09-01 11:12:43,61,100,379,612
2023-09-01 11:12:43,61,65,379,612
2023-09-01 11:12:43,61,63,379,612
2023-09-01 11:13:26,61,100,379,612
2023-09-01 11:13:26,61,67,379,612
2023-09-01 11:13:26,61,65,379,612
2023-09-01 11:13:42,61,100,379,612
2023-09-01 11:13:42,61,63,379,612
2023-09-01 11:13:56,61,62,379,612
2023-09-01 11:13:57,61,63,379,612
2023-09-01 11:14:08,61,62,379,612
2023-09-01 11:14:29,57,62,379,747
2023-09-01 11:14:30,57,61,379,747
2023-09-01 11:14:35,58,61,379,747
2023-09-01 11:14:48,58,62,379,747
2023-09-01 11:14:52,58,61,379,747
2023-09-01 11:14:53,58,62,379,747
2023-09-01 11:15:01,58,61,379,747
2023-09-01 11:15:04,57,61,379,747
2023-09-01 11:15:05,58,61,379,747
2023-09-01 11:15:15,58,62,379,747
2023-09-01 11:15:23,58,100,379,747
2023-09-01 11:15:23,59,100,379,747
2023-09-01 11:15:23,59,63,379,747
2023-09-01 11:15:25,59,62,379,747
2023-09-01 11:15:26,59,63,379,747
2023-09-01 11:15:34,60,63,379,747
2023-09-01 11:15:35,61,63,379,747
2023-09-01 11:15:37,61,100,379,747
2023-09-01 11:15:37,61,67,379,747
2023-09-01 11:15:37,61,65,379,747
2023-09-01 11:15:39,61,64,379,747
2023-09-01 11:15:40,61,65,379,747
2023-09-01 11:15:42,61,64,379,747
2023-09-01 11:15:53,61,63,379,747
2023-09-01 11:15:54,61,64,379,747
2023-09-01 11:15:57,61,63,379,747
2023-09-01 11:15:58,60,63,379,747
2023-09-01 11:16:04,0,63,379,747
2023-09-01 11:16:04,56,63,379,747
2023-09-01 11:16:04,57,63,379,747
2023-09-01 11:16:04,57,62,379,747
2023-09-01 11:16:05,58,62,379,747
2023-09-01 11:16:10,57,62,379,747
2023-09-01 11:16:11,57,61,379,747
2023-09-01 11:16:16,59,61,379,747
2023-09-01 11:16:17,59,62,379,747
2023-09-01 11:16:42,59,61,379,747
2023-09-01 11:16:43,58,61,379,747
2023-09-01 11:16:47,58,62,379,747
2023-09-01 11:16:47,59,62,379,747
2023-09-01 11:17:02,59,61,379,747
2023-09-01 11:17:03,59,62,379,747
2023-09-01 11:17:04,59,61,379,747
2023-09-01 11:17:05,58,61,379,747
2023-09-01 11:17:16,59,61,379,747
2023-09-01 11:17:17,59,62,379,747
2023-09-01 11:17:19,59,61,379,747
2023-09-01 11:17:23,59,62,379,747
2023-09-01 11:17:30,59,61,379,747
2023-09-01 11:17:31,59,62,379,747
2023-09-01 11:17:41,60,62,379,747
2023-09-01 11:17:42,60,100,379,747
2023-09-01 11:17:42,60,66,379,747
2023-09-01 11:17:42,60,64,379,747
2023-09-01 11:17:48,60,63,379,747
2023-09-01 11:18:00,60,64,379,747
2023-09-01 11:18:01,60,63,379,747
2023-09-01 11:18:04,60,64,379,747
2023-09-01 11:18:14,60,63,379,747
2023-09-01 11:18:29,58,63,379,747
2023-09-01 11:18:29,58,62,379,747
2023-09-01 11:18:30,59,62,379,747
2023-09-01 11:18:31,58,62,379,747
2023-09-01 11:18:32,59,62,379,747
2023-09-01 11:18:33,58,62,379,747
2023-09-01 11:18:34,59,62,379,747
2023-09-01 11:18:37,58,62,379,747
2023-09-01 11:18:38,59,62,379,747
2023-09-01 11:18:46,59,63,379,747
2023-09-01 11:19:00,59,100,379,747
2023-09-01 11:19:00,61,100,379,747
2023-09-01 11:19:00,61,67,379,747
2023-09-01 11:19:00,61,65,379,747
2023-09-01 11:19:06,59,65,379,747
2023-09-01 11:19:06,59,100,379,747
2023-09-01 11:19:06,59,70,379,747
2023-09-01 11:19:07,59,69,379,747
2023-09-01 11:19:08,59,69,379,747
2023-09-01 11:19:08,61,69,379,747
2023-09-01 11:19:09,62,68,379,747
2023-09-01 11:19:11,62,69,379,747
2023-09-01 11:19:13,64,69,379,747
2023-09-01 11:19:13,64,68,379,747
2023-09-01 11:19:21,65,68,379,747
2023-09-01 11:19:21,65,100,379,747
2023-09-01 11:19:21,65,72,379,747
2023-09-01 11:19:21,65,69,379,747
2023-09-01 11:19:44,66,69,379,747
2023-09-01 11:19:54,66,100,379,747
2023-09-01 11:19:54,67,100,379,747
2023-09-01 11:19:54,67,72,379,747
2023-09-01 11:19:55,67,71,379,747
2023-09-01 11:20:02,67,70,379,747
2023-09-01 11:20:06,66,70,379,747
2023-09-01 11:20:06,66,69,379,747
2023-09-01 11:20:53,66,71,379,747
2023-09-01 11:20:53,67,71,379,747
2023-09-01 11:20:54,67,70,379,747
2023-09-01 11:21:09,66,70,379,747
2023-09-01 11:21:09,66,69,379,747
2023-09-01 11:21:23,66,71,379,747
2023-09-01 11:21:23,67,71,379,747
2023-09-01 11:21:25,67,70,379,747
2023-09-01 11:21:40,66,70,379,747
2023-09-01 11:21:40,66,69,379,747
2023-09-01 11:21:44,66,68,379,747
2023-09-01 11:21:45,66,69,379,747
2023-09-01 11:21:53,67,69,379,747
2023-09-01 11:22:03,66,69,379,747
2023-09-01 11:22:05,67,69,379,747
2023-09-01 11:22:32,66,69,379,747
2023-09-01 11:22:35,67,69,379,747
2023-09-01 11:22:36,66,69,379,747
2023-09-01 11:22:38,66,68,379,747
2023-09-01 11:22:40,64,68,379,747
2023-09-01 11:22:42,65,68,379,747
2023-09-01 11:22:54,65,100,379,747
2023-09-01 11:22:54,66,100,379,747
2023-09-01 11:22:54,66,72,379,747
2023-09-01 11:22:54,66,70,379,747
2023-09-01 11:22:56,67,70,379,747
2023-09-01 11:22:57,68,70,379,747
2023-09-01 11:22:59,67,70,379,747
2023-09-01 11:23:00,68,70,379,747
2023-09-01 11:23:02,67,70,379,747
2023-09-01 11:23:08,68,70,379,747
2023-09-01 11:23:09,67,70,379,747
2023-09-01 11:23:20,66,70,379,747
2023-09-01 11:23:20,66,69,379,747
2023-09-01 11:23:34,67,69,379,747
2023-09-01 11:23:36,66,69,379,747
2023-09-01 11:23:43,66,70,379,747
2023-09-01 11:23:43,67,70,379,747
2023-09-01 11:23:48,66,70,379,747
2023-09-01 11:23:48,66,69,379,747
2023-09-01 11:23:51,67,69,379,747
2023-09-01 11:23:53,66,69,379,747
2023-09-01 11:23:54,67,69,379,747
2023-09-01 11:23:56,66,69,379,747
2023-09-01 11:24:03,0,69,379,747
2023-09-01 11:24:03,64,69,379,747
2023-09-01 11:24:03,64,68,379,747
2023-09-01 11:24:04,65,68,379,747
2023-09-01 11:24:10,66,68,379,747
2023-09-01 11:24:18,66,70,379,747
2023-09-01 11:24:18,66,69,379,747
2023-09-01 11:25:13,66,100,379,747
2023-09-01 11:25:13,67,100,379,747
2023-09-01 11:25:13,67,72,379,747
2023-09-01 11:25:14,67,71,379,747
2023-09-01 11:25:23,67,72,379,747
2023-09-01 11:25:35,67,71,379,747
2023-09-01 11:26:13,66,71,379,747
2023-09-01 11:26:13,66,70,379,747
2023-09-01 11:26:49,66,71,379,747
2023-09-01 11:26:49,65,71,379,747
2023-09-01 11:26:49,65,68,379,747
2023-09-01 11:26:59,66,68,379,747
2023-09-01 11:27:06,66,71,379,747
2023-09-01 11:27:06,66,70,379,747
2023-09-01 11:28:06,66,71,379,747
2023-09-01 11:28:06,66,69,379,747
2023-09-01 11:28:08,65,69,379,747
2023-09-01 11:28:14,66,69,379,747
2023-09-01 11:28:38,65,69,379,747
2023-09-01 11:28:42,65,71,379,747
2023-09-01 11:28:42,0,71,379,747
2023-09-01 11:28:42,64,71,379,747
2023-09-01 11:28:42,64,68,379,747
2023-09-01 11:28:56,64,67,379,747
2023-09-01 11:28:56,0,67,379,747
2023-09-01 11:28:56,62,67,379,747
2023-09-01 11:28:56,62,66,379,747
2023-09-01 11:28:57,62,65,379,747
2023-09-01 11:28:58,63,65,379,747
2023-09-01 11:28:59,62,65,379,747
2023-09-01 11:29:02,0,65,379,747
2023-09-01 11:29:02,60,65,379,747
2023-09-01 11:29:02,60,64,379,747
2023-09-01 11:29:03,61,64,379,747
2023-09-01 11:29:04,60,64,379,747
2023-09-01 11:29:12,61,64,379,747
2023-09-01 11:29:14,60,64,379,747
2023-09-01 11:29:19,60,65,379,747
2023-09-01 11:29:19,0,65,379,747
2023-09-01 11:29:19,56,65,379,747
2023-09-01 11:29:19,59,65,379,747
2023-09-01 11:29:19,59,63,379,747
2023-09-01 11:29:23,59,62,379,747
2023-09-01 11:29:23,0,62,379,747
2023-09-01 11:29:23,51,62,379,747
2023-09-01 11:29:23,53,62,379,747
2023-09-01 11:29:24,54,62,379,747
2023-09-01 11:29:25,55,62,379,747
2023-09-01 11:29:26,55,61,379,747
2023-09-01 11:29:32,57,61,379,747
2023-09-01 11:29:33,57,62,379,747
2023-09-01 11:29:43,55,62,379,747
2023-09-01 11:29:43,55,100,379,747
2023-09-01 11:29:43,59,100,379,747
2023-09-01 11:29:43,59,65,379,747
2023-09-01 11:29:43,59,63,379,747
2023-09-01 11:29:44,60,63,379,747
2023-09-01 11:30:02,61,63,379,747
2023-09-01 11:30:02,61,100,379,747
2023-09-01 11:30:02,61,69,379,747
2023-09-01 11:30:03,61,68,379,747
2023-09-01 11:30:04,61,67,379,747
2023-09-01 11:30:11,63,67,379,747
2023-09-01 11:30:15,61,67,379,747
2023-09-01 11:30:15,61,65,379,747
2023-09-01 11:30:22,61,67,379,747
2023-09-01 11:30:22,60,67,379,747
2023-09-01 11:30:22,60,66,379,747
2023-09-01 11:30:22,60,64,379,747
2023-09-01 11:30:24,61,64,379,747
2023-09-01 11:30:25,60,64,379,747
2023-09-01 11:30:32,60,63,379,747
2023-09-01 11:30:34,0,63,379,747
2023-09-01 11:30:34,57,63,379,747
2023-09-01 11:30:34,57,62,379,747
2023-09-01 11:30:35,58,62,379,747
2023-09-01 11:30:35,58,61,379,747
2023-09-01 11:30:48,59,61,379,747
2023-09-01 11:30:49,59,62,379,747
2023-09-01 11:30:50,59,61,379,747
2023-09-01 11:30:52,58,61,379,747
2023-09-01 11:31:00,57,61,379,747
2023-09-01 11:31:01,58,61,379,747
2023-09-01 11:31:10,59,61,379,747
2023-09-01 11:31:11,59,62,379,747
2023-09-01 11:31:32,59,63,379,747
2023-09-01 11:32:13,59,62,379,747
2023-09-01 11:32:14,59,63,379,747
2023-09-01 11:32:15,59,62,379,747
2023-09-01 11:32:23,58,62,379,747
2023-09-01 11:32:23,58,61,379,747
2023-09-01 11:32:30,57,61,379,747
2023-09-01 11:32:31,57,62,379,747
2023-09-01 11:32:31,0,62,379,747
2023-09-01 11:32:31,56,62,379,747
2023-09-01 11:32:31,56,60,379,747
2023-09-01 11:32:33,56,100,379,747
2023-09-01 11:32:33,0,100,379,747
2023-09-01 11:32:33,52,100,379,747
2023-09-01 11:32:33,54,100,379,747
2023-09-01 11:32:33,54,60,379,747
2023-09-01 11:32:33,54,58,379,747
2023-09-01 11:32:34,54,57,379,747
2023-09-01 11:32:35,54,58,379,747
2023-09-01 11:32:35,55,58,379,747
2023-09-01 11:32:49,54,58,379,747
2023-09-01 11:32:49,54,57,379,747
2023-09-01 11:32:57,54,58,379,747
2023-09-01 11:32:58,55,58,379,747
2023-09-01 11:33:01,54,58,379,747
2023-09-01 11:33:01,54,57,379,747
2023-09-01 11:33:02,54,58,379,747
2023-09-01 11:33:02,55,58,379,747
2023-09-01 11:33:03,54,58,379,747
2023-09-01 11:33:03,54,57,379,747
2023-09-01 11:33:11,54,58,379,747
2023-09-01 11:33:11,55,58,379,747
2023-09-01 11:33:12,54,58,379,747
2023-09-01 11:33:12,54,57,379,747
2023-09-01 11:33:16,54,58,379,747
2023-09-01 11:33:17,54,57,379,747
2023-09-01 11:33:19,54,58,379,747
2023-09-01 11:33:19,55,58,379,747
2023-09-01 11:33:25,55,100,379,747
2023-09-01 11:33:25,56,100,379,747
2023-09-01 11:33:25,56,60,379,747
2023-09-01 11:33:27,55,60,379,747
2023-09-01 11:33:27,55,100,379,747
2023-09-01 11:33:27,56,100,379,747
2023-09-01 11:33:27,56,63,379,747
2023-09-01 11:33:27,56,61,379,747
2023-09-01 11:33:40,57,61,379,747
2023-09-01 11:33:41,58,61,379,747
2023-09-01 11:33:47,58,100,379,747
2023-09-01 11:33:47,59,100,379,747
2023-09-01 11:33:47,59,63,379,747
2023-09-01 11:33:50,59,62,379,747
2023-09-01 11:33:56,59,63,379,747
2023-09-01 11:33:57,59,62,379,747
2023-09-01 11:33:59,59,63,379,747
2023-09-01 11:34:00,59,62,379,747
2023-09-01 11:34:06,59,63,379,747
2023-09-01 11:34:30,59,62,379,747
2023-09-01 11:34:44,58,62,379,747
2023-09-01 11:34:45,57,62,379,747
2023-09-01 11:34:46,58,62,379,747
2023-09-01 11:34:47,57,62,379,747
2023-09-01 11:34:49,58,62,379,747
2023-09-01 11:34:50,57,62,379,747
2023-09-01 11:34:52,58,62,379,747
2023-09-01 11:34:53,57,62,379,747
2023-09-01 11:34:55,58,62,379,747
2023-09-01 11:35:00,57,62,379,747
2023-09-01 11:35:01,58,62,379,747
2023-09-01 11:35:03,57,62,379,747
2023-09-01 11:35:04,58,62,379,747
2023-09-01 11:35:05,57,62,379,747
2023-09-01 11:35:06,57,61,379,747
2023-09-01 11:35:08,59,61,379,747
2023-09-01 11:35:09,59,62,379,747
2023-09-01 11:35:10,59,100,379,747
2023-09-01 11:35:10,60,100,379,747
2023-09-01 11:35:10,60,63,379,747
2023-09-01 11:35:17,60,62,379,747
2023-09-01 11:35:46,58,62,379,747
2023-09-01 11:35:51,59,62,379,747
2023-09-01 11:35:55,58,62,379,747
2023-09-01 11:35:58,59,62,379,747
2023-09-01 11:36:09,58,62,379,747
2023-09-01 11:36:11,59,62,379,747
2023-09-01 11:36:12,58,62,379,747
2023-09-01 11:36:17,57,62,379,747
2023-09-01 11:36:19,57,61,379,747
2023-09-01 11:36:27,56,61,379,747
2023-09-01 11:36:36,56,62,379,747
2023-09-01 11:36:36,55,62,379,747
2023-09-01 11:36:36,56,62,379,747
2023-09-01 11:36:36,56,60,379,747
2023-09-01 11:37:02,56,59,379,747
2023-09-01 11:37:12,53,59,379,747
2023-09-01 11:37:12,54,59,379,747
2023-09-01 11:37:12,54,58,379,747
2023-09-01 11:37:15,54,57,379,747
2023-09-01 11:37:17,54,58,379,747
2023-09-01 11:37:17,55,58,379,747
2023-09-01 11:37:28,55,59,379,747
2023-09-01 11:37:35,56,59,379,747
2023-09-01 11:37:37,56,60,379,747
2023-09-01 11:37:58,55,60,379,747
2023-09-01 11:37:58,55,100,379,747
2023-09-01 11:37:58,57,100,379,747
2023-09-01 11:37:58,57,64,379,747
2023-09-01 11:37:58,57,62,379,747
2023-09-01 11:37:59,57,61,379,747
2023-09-01 11:38:03,57,60,379,747
2023-09-01 11:38:14,55,60,379,747
2023-09-01 11:38:14,56,60,379,747
2023-09-01 11:38:37,55,60,379,747
2023-09-01 11:38:37,55,59,379,747
2023-09-01 11:38:45,55,64,379,747
2023-09-01 11:38:45,55,60,379,747
2023-09-01 11:38:45,55,58,379,747
2023-09-01 11:38:47,55,57,379,747
2023-09-01 11:38:47,56,57,379,747
2023-09-01 11:38:48,56,58,379,747
2023-09-01 11:38:50,56,57,379,747
2023-09-01 11:39:04,56,58,379,747
2023-09-01 11:39:05,56,57,379,747
2023-09-01 11:39:09,56,58,379,747
2023-09-01 11:39:24,56,57,379,747
2023-09-01 11:39:29,56,59,379,747
2023-09-01 11:39:29,56,64,379,747
2023-09-01 11:39:29,56,59,379,747
2023-09-01 11:39:29,56,57,379,747
2023-09-01 11:39:54,56,61,379,747
2023-09-01 11:39:54,56,59,379,747
2023-09-01 11:39:55,56,58,379,747
2023-09-01 11:39:57,56,57,379,747
2023-09-01 11:40:16,56,58,379,747
2023-09-01 11:40:18,56,57,379,747
2023-09-01 11:40:19,56,58,379,747
2023-09-01 11:40:23,56,57,379,747
2023-09-01 11:40:26,56,58,379,747
2023-09-01 11:40:34,56,57,379,747
2023-09-01 11:40:36,56,58,379,747
2023-09-01 11:40:37,56,57,379,747
2023-09-01 11:40:56,55,57,389,757
2023-09-01 11:40:57,55,56,389,757
2023-09-01 11:41:05,55,57,389,757
2023-09-01 11:41:06,55,56,389,757
2023-09-01 11:41:11,55,57,389,757
2023-09-01 11:41:12,55,56,389,757
2023-09-01 11:41:14,55,57,389,757
2023-09-01 11:41:18,55,56,389,757
2023-09-01 11:41:20,55,57,389,757
2023-09-01 11:41:31,55,56,389,757
2023-09-01 11:41:41,55,57,389,757
2023-09-01 11:41:43,55,100,389,757
2023-09-01 11:41:43,55,60,389,757
2023-09-01 11:41:43,55,58,389,757
2023-09-01 11:41:45,55,57,389,757
2023-09-01 11:41:58,55,58,389,757
2023-09-01 11:41:59,55,57,389,757
2023-09-01 11:42:00,55,56,389,757
2023-09-01 11:42:05,55,57,389,757
2023-09-01 11:42:06,55,56,389,757
2023-09-01 11:42:09,53,55,390,758
2023-09-01 11:42:14,53,56,390,758
2023-09-01 11:42:14,53,60,390,758
2023-09-01 11:42:14,53,57,390,758
2023-09-01 11:42:14,53,55,390,758
2023-09-01 11:42:15,53,54,390,758
2023-09-01 11:42:16,53,55,390,758
2023-09-01 11:42:17,53,54,390,758
2023-09-01 11:42:20,53,55,390,758
2023-09-01 11:42:22,53,60,390,758
2023-09-01 11:42:22,53,59,390,758
2023-09-01 11:42:22,53,57,390,758
2023-09-01 11:42:23,53,56,390,758
2023-09-01 11:42:27,53,57,390,758
2023-09-01 11:42:29,54,57,390,758
2023-09-01 11:42:34,54,58,390,758
2023-09-01 11:42:35,54,57,390,758
2023-09-01 11:42:35,53,57,390,758
2023-09-01 11:42:35,53,56,390,758
2023-09-01 11:42:39,53,55,390,758
2023-09-01 11:42:44,53,56,390,758
2023-09-01 11:42:53,53,55,390,758
2023-09-01 11:42:54,53,56,390,758
2023-09-01 11:42:55,53,55,390,758
2023-09-01 11:43:00,53,56,390,758
2023-09-01 11:43:01,53,55,390,758
2023-09-01 11:43:02,53,56,390,758
2023-09-01 11:43:03,53,55,390,758
2023-09-01 11:43:08,53,56,390,758
2023-09-01 11:43:09,53,55,390,758
2023-09-01 11:43:21,53,56,390,758
2023-09-01 11:43:22,53,55,390,758
2023-09-01 11:43:23,53,54,390,758
2023-09-01 11:43:27,53,55,390,758
2023-09-01 11:43:28,53,54,390,758
2023-09-01 11:43:35,51,53,391,759
2023-09-01 11:43:41,51,54,391,759
2023-09-01 11:43:41,51,55,391,759
2023-09-01 11:43:42,51,54,391,759
2023-09-01 11:43:50,51,55,391,759
2023-09-01 11:43:51,51,54,391,759
2023-09-01 11:43:52,51,55,391,759
2023-09-01 11:43:53,51,54,391,759
2023-09-01 11:43:57,51,55,391,759
2023-09-01 11:43:59,51,54,391,759
2023-09-01 11:44:00,51,53,391,759
2023-09-01 11:44:05,51,54,391,759
2023-09-01 11:44:11,51,55,391,759
2023-09-01 11:44:12,51,54,391,759
2023-09-01 11:44:13,51,53,391,759
2023-09-01 11:44:16,51,54,391,759
2023-09-01 11:44:16,51,55,391,759
2023-09-01 11:44:17,51,54,391,759
2023-09-01 11:44:18,52,54,391,759
2023-09-01 11:44:22,52,55,391,759
2023-09-01 11:44:23,52,54,391,759
2023-09-01 11:44:25,52,55,391,759
2023-09-01 11:44:26,52,54,391,759
2023-09-01 11:44:27,52,55,391,759
2023-09-01 11:44:28,52,54,391,759
2023-09-01 11:44:29,52,53,391,759
2023-09-01 11:44:32,52,54,391,759
2023-09-01 11:44:33,52,54,391,759
2023-09-01 11:44:34,52,53,391,759
2023-09-01 11:44:43,52,54,391,759
2023-09-01 11:44:44,52,53,391,759
2023-09-01 11:44:47,52,54,391,759
2023-09-01 11:44:49,52,55,391,759
2023-09-01 11:44:51,52,54,391,759
2023-09-01 11:44:52,52,53,391,759
2023-09-01 11:44:55,52,54,391,759
2023-09-01 11:45:09,52,53,391,759
2023-09-01 11:45:14,52,55,391,759
2023-09-01 11:45:14,52,57,391,759
2023-09-01 11:45:14,52,55,391,759
2023-09-01 11:45:14,52,53,391,759
2023-09-01 11:45:16,50,52,392,760
2023-09-01 11:45:17,50,51,392,760
2023-09-01 11:45:18,50,53,392,760
2023-09-01 11:45:20,50,52,392,760
2023-09-01 11:45:21,50,51,392,760
2023-09-01 11:45:22,50,52,392,760
2023-09-01 11:45:23,50,51,392,760
2023-09-01 11:45:23,48,51,394,762
2023-09-01 11:45:24,48,52,394,762
2023-09-01 11:45:25,48,57,394,762
2023-09-01 11:45:25,47,57,394,762
2023-09-01 11:45:25,47,52,394,762
2023-09-01 11:45:27,47,51,394,762
2023-09-01 11:45:28,47,52,394,762
2023-09-01 11:45:29,47,51,394,762
2023-09-01 11:45:30,47,50,394,762
2023-09-01 11:45:32,47,52,394,762
2023-09-01 11:45:32,42,52,397,765
2023-09-01 11:45:33,42,51,397,765
2023-09-01 11:45:33,43,51,397,765
2023-09-01 11:45:34,43,50,397,765
2023-09-01 11:45:34,44,50,397,765
2023-09-01 11:45:35,43,50,397,765
2023-09-01 11:45:39,43,52,397,765
2023-09-01 11:45:39,42,52,397,765
2023-09-01 11:45:41,42,51,397,765
2023-09-01 11:45:41,43,51,397,765
2023-09-01 11:45:42,43,50,397,765
2023-09-01 11:45:44,43,51,397,765
2023-09-01 11:45:44,42,52,397,765
2023-09-01 11:45:46,43,52,397,765
2023-09-01 11:45:46,43,51,397,765
2023-09-01 11:45:47,43,50,397,765
2023-09-01 11:45:49,43,52,397,765
2023-09-01 11:45:50,42,51,397,765
2023-09-01 11:45:50,43,51,397,765
2023-09-01 11:45:51,42,51,397,765
2023-09-01 11:45:51,42,50,397,765
2023-09-01 11:45:51,43,50,397,765
2023-09-01 11:45:51,43,47,397,765
2023-09-01 11:45:53,43,46,397,765
2023-09-01 11:45:55,43,47,397,765
2023-09-01 11:45:55,44,47,397,765
2023-09-01 11:45:56,44,46,397,765
2023-09-01 11:45:57,44,45,397,765
2023-09-01 11:46:00,44,46,397,765
2023-09-01 11:46:00,42,46,401,769
2023-09-01 11:46:06,43,46,401,769
2023-09-01 11:46:08,43,47,401,769
2023-09-01 11:46:14,44,47,401,769
2023-09-01 11:46:14,44,100,401,769
2023-09-01 11:46:14,44,50,401,769
2023-09-01 11:46:14,44,48,401,769
2023-09-01 11:46:17,45,48,401,769
2023-09-01 11:46:18,44,48,401,769
2023-09-01 11:46:19,45,48,401,769
2023-09-01 11:46:22,44,48,401,769
2023-09-01 11:46:23,45,48,401,769
2023-09-01 11:46:23,45,100,401,769
2023-09-01 11:46:23,46,100,401,769
2023-09-01 11:46:23,46,53,401,769
2023-09-01 11:46:23,46,50,401,769
2023-09-01 11:46:25,46,49,401,769
2023-09-01 11:46:29,46,48,401,769
2023-09-01 11:46:30,46,49,401,769
2023-09-01 11:46:31,46,48,401,769
2023-09-01 11:46:34,40,48,401,769
2023-09-01 11:46:34,42,48,401,769
2023-09-01 11:46:34,45,48,401,769
2023-09-01 11:46:35,45,49,401,769
2023-09-01 11:46:36,45,48,401,769
2023-09-01 11:46:38,45,49,401,769
2023-09-01 11:46:39,45,48,401,769
2023-09-01 11:46:41,45,49,401,769
2023-09-01 11:46:42,45,48,401,769
2023-09-01 11:46:46,45,49,401,769
2023-09-01 11:46:48,45,48,401,769
2023-09-01 11:46:49,45,47,401,769
2023-09-01 11:46:50,40,47,401,769
2023-09-01 11:46:50,44,47,401,769
2023-09-01 11:46:59,44,46,401,769
2023-09-01 11:47:00,40,46,401,769
2023-09-01 11:47:00,42,46,401,769
2023-09-01 11:47:02,42,45,401,769
2023-09-01 11:47:03,42,46,401,769
2023-09-01 11:47:10,43,46,401,769
2023-09-01 11:47:11,43,51,401,769
2023-09-01 11:47:11,44,51,401,769
2023-09-01 11:47:11,44,47,401,769
2023-09-01 11:47:20,44,46,401,769
2023-09-01 11:47:22,44,47,401,769
2023-09-01 11:47:31,44,46,401,769
2023-09-01 11:47:32,44,47,401,769
2023-09-01 11:47:32,45,47,401,769
2023-09-01 11:48:04,45,46,401,769
2023-09-01 11:48:05,45,47,401,769
2023-09-01 11:48:05,45,51,401,769
2023-09-01 11:48:05,45,48,401,769
2023-09-01 11:48:05,45,46,401,769
2023-09-01 11:48:06,42,46,401,869
2023-09-01 11:48:07,42,45,401,869
2023-09-01 11:48:12,42,44,401,869
2023-09-01 11:48:12,40,44,401,869
2023-09-01 11:48:21,40,43,401,869
2023-09-01 11:48:22,40,44,401,869
2023-09-01 11:48:25,40,43,401,869
2023-09-01 11:48:26,40,44,401,869
2023-09-01 11:48:42,40,43,401,869
2023-09-01 11:48:45,40,44,401,869
2023-09-01 11:48:49,40,43,401,869
2023-09-01 11:48:53,40,44,401,869
2023-09-01 11:48:54,40,43,401,869
2023-09-01 11:48:55,40,44,401,869
2023-09-01 11:49:04,40,43,401,869
2023-09-01 11:49:05,40,44,401,869
2023-09-01 11:49:12,41,44,401,869
2023-09-01 11:49:37,41,43,401,869
2023-09-01 11:49:42,40,43,401,869
2023-09-01 11:49:59,40,44,401,869
2023-09-01 11:50:00,40,43,401,869
2023-09-01 11:50:01,40,42,401,869
2023-09-01 11:50:02,33,42,408,876
2023-09-01 11:50:03,34,42,408,876
2023-09-01 11:50:03,36,42,408,876
2023-09-01 11:50:03,38,42,408,876
2023-09-01 11:50:18,34,42,408,876
2023-09-01 11:50:18,35,42,408,876
2023-09-01 11:50:18,37,42,408,876
2023-09-01 11:50:18,37,40,408,876
2023-09-01 11:50:30,37,42,408,876
2023-09-01 11:50:30,34,42,408,876
2023-09-01 11:50:30,35,42,408,876
2023-09-01 11:50:30,35,39,408,876
2023-09-01 11:50:38,35,42,408,876
2023-09-01 11:50:38,37,42,408,876
2023-09-01 11:50:38,37,41,408,876
2023-09-01 11:51:09,35,41,408,876
2023-09-01 11:51:09,35,43,408,876
2023-09-01 11:51:09,36,43,408,876
2023-09-01 11:51:09,38,43,408,876
2023-09-01 11:51:11,38,42,408,876
2023-09-01 11:51:49,38,43,408,876
2023-09-01 11:51:52,39,43,408,876
2023-09-01 11:52:03,39,43,408,926
2023-09-01 11:52:04,38,43,408,926
2023-09-01 11:52:06,38,42,408,926
2023-09-01 11:52:21,35,42,408,926
2023-09-01 11:52:21,36,42,408,926
2023-09-01 11:52:21,36,40,408,926
2023-09-01 11:52:44,36,42,408,926
2023-09-01 11:52:44,38,42,408,926
2023-09-01 11:52:46,38,43,408,926
2023-09-01 11:52:48,38,42,408,926
2023-09-01 11:53:08,38,43,408,926
2023-09-01 11:53:09,39,43,408,926
2023-09-01 11:53:15,40,43,408,926
2023-09-01 11:53:15,40,44,408,926
2023-09-01 11:53:20,39,44,408,926
2023-09-01 11:53:21,39,43,408,926
2023-09-01 11:53:24,39,44,408,926
2023-09-01 11:53:26,40,44,408,926
2023-09-01 11:53:30,39,44,408,926
2023-09-01 11:53:35,40,44,408,926
2023-09-01 11:53:39,39,44,408,926
2023-09-01 11:53:40,39,43,408,926
2023-09-01 11:53:47,39,44,408,926
2023-09-01 11:53:48,40,44,408,926
2023-09-01 11:53:49,39,44,408,926
2023-09-01 11:53:53,39,43,408,926
2023-09-01 11:53:57,39,44,408,926
2023-09-01 11:53:57,40,44,408,926
2023-09-01 11:53:58,39,44,408,926
2023-09-01 11:54:01,39,43,408,926
2023-09-01 11:54:02,39,44,408,926
2023-09-01 11:54:03,39,43,408,926
2023-09-01 11:54:31,39,44,408,926
2023-09-01 11:54:32,40,44,408,926
2023-09-01 11:54:45,39,44,408,926
2023-09-01 11:54:46,40,44,408,926
2023-09-01 11:54:48,39,44,408,926
2023-09-01 11:54:50,40,44,408,926
2023-09-01 11:54:52,39,44,408,926
2023-09-01 11:54:56,40,44,408,926
2023-09-01 11:55:01,39,44,408,926
2023-09-01 11:55:01,39,43,408,926
2023-09-01 11:55:02,39,44,408,926
2023-09-01 11:55:03,40,44,408,926
2023-09-01 11:55:44,40,43,408,926
2023-09-01 11:55:49,35,43,408,926
2023-09-01 11:55:49,37,43,408,926
2023-09-01 11:55:49,39,43,408,926
2023-09-01 11:56:26,35,43,408,926
2023-09-01 11:56:26,37,43,408,926
2023-09-01 11:56:26,37,41,408,926
2023-09-01 11:56:36,38,41,408,926
2023-09-01 11:56:43,37,41,408,926
2023-09-01 11:56:48,38,41,408,926
2023-09-01 11:57:17,38,43,408,926
2023-09-01 11:57:17,39,43,408,926
2023-09-01 11:57:22,39,44,408,926
2023-09-01 11:57:23,39,43,408,926
2023-09-01 11:58:00,40,43,408,926
2023-09-01 11:58:39,41,43,408,926
2023-09-01 11:59:05,42,43,408,926
2023-09-01 11:59:06,41,43,418,936
2023-09-01 11:59:07,38,43,418,936
2023-09-01 11:59:08,39,43,418,936
2023-09-01 11:59:17,38,43,418,936
2023-09-01 11:59:17,37,43,418,936
2023-09-01 11:59:17,38,43,418,936
2023-09-01 11:59:27,38,44,418,936
2023-09-01 11:59:27,40,44,418,936
2023-09-01 11:59:32,40,43,418,936
2023-09-01 11:59:47,38,43,418,936
2023-09-01 11:59:47,39,43,418,936
2023-09-01 11:59:52,37,43,418,936
2023-09-01 11:59:52,37,41,418,936
2023-09-01 11:59:58,38,41,418,936
2023-09-01 11:59:59,37,41,418,936
2023-09-01 12:00:42,38,41,418,936
2023-09-01 12:00:47,38,43,418,936
2023-09-01 12:00:47,39,43,418,936
2023-09-01 12:01:10,35,43,418,936
2023-09-01 12:01:10,37,43,418,936
2023-09-01 12:01:10,37,41,418,936
2023-09-01 12:01:49,37,43,418,936
2023-09-01 12:01:49,35,43,418,936
2023-09-01 12:01:49,36,43,418,936
2023-09-01 12:01:49,36,41,418,936
2023-09-01 12:01:49,36,39,418,936
2023-09-01 12:01:55,37,39,418,936
2023-09-01 12:01:55,37,43,418,936
2023-09-01 12:01:55,37,41,418,936
2023-09-01 12:01:58,38,41,418,936
2023-09-01 12:02:05,37,41,418,936
2023-09-01 12:02:23,35,41,418,936
2023-09-01 12:02:23,35,39,418,936
2023-09-01 12:02:27,35,38,418,936
2023-09-01 12:03:25,36,38,418,936
2023-09-01 12:03:25,36,40,418,936
2023-09-01 12:03:25,36,39,418,936
2023-09-01 12:03:46,36,41,418,936
2023-09-01 12:03:46,37,41,418,936
2023-09-01 12:04:00,37,40,418,936
2023-09-01 12:04:05,35,40,418,936
2023-09-01 12:04:05,36,40,418,936
2023-09-01 12:04:44,35,40,418,936
2023-09-01 12:04:44,35,38,418,936
2023-09-01 12:04:53,36,38,418,936
2023-09-01 12:04:54,36,40,418,936
2023-09-01 12:04:54,36,39,418,936
2023-09-01 12:05:20,36,41,418,936
2023-09-01 12:05:20,37,41,418,936
2023-09-01 12:05:39,37,40,418,936
2023-09-01 12:05:40,37,41,418,936
2023-09-01 12:05:41,37,40,418,936
2023-09-01 12:05:55,37,41,418,936
2023-09-01 12:05:56,37,40,418,936
2023-09-01 12:06:18,37,41,418,936
2023-09-01 12:06:20,37,42,418,936
2023-09-01 12:06:20,38,42,418,936
2023-09-01 12:06:20,38,41,418,936
2023-09-01 12:06:22,37,41,418,936
2023-09-01 12:06:24,38,41,418,936
2023-09-01 12:06:31,38,43,418,936
2023-09-01 12:06:31,39,43,418,936
2023-09-01 12:06:32,39,42,418,936
2023-09-01 12:06:42,39,41,418,936
2023-09-01 12:06:43,39,42,418,936
2023-09-01 12:06:53,39,44,418,936
2023-09-01 12:06:54,39,43,418,936
2023-09-01 12:07:09,39,42,418,936
2023-09-01 12:07:17,39,43,418,936
2023-09-01 12:07:18,39,42,418,936
2023-09-01 12:07:22,39,43,418,936
2023-09-01 12:07:23,39,42,418,936
2023-09-01 12:07:31,38,42,418,936
2023-09-01 12:07:32,38,43,418,936
2023-09-01 12:07:33,38,42,418,936
2023-09-01 12:07:36,38,43,418,936
2023-09-01 12:07:58,38,44,418,936
2023-09-01 12:07:58,40,44,418,936
2023-09-01 12:08:11,38,44,418,936
2023-09-01 12:08:11,38,46,418,936
2023-09-01 12:08:11,39,46,418,936
2023-09-01 12:08:11,41,46,418,936
2023-09-01 12:08:11,41,45,418,936
2023-09-01 12:08:14,42,45,418,936
2023-09-01 12:08:15,41,45,418,936
2023-09-01 12:08:16,42,45,418,936
2023-09-01 12:08:17,41,45,418,936
2023-09-01 12:08:18,42,45,418,936
2023-09-01 12:08:20,41,45,418,936
2023-09-01 12:08:21,42,45,418,936
2023-09-01 12:08:21,42,48,418,936
2023-09-01 12:08:21,43,48,418,936
2023-09-01 12:08:21,43,47,418,936
2023-09-01 12:08:31,43,46,418,936
2023-09-01 12:08:36,43,47,418,936
2023-09-01 12:08:43,43,46,418,936
2023-09-01 12:08:44,43,47,418,936
2023-09-01 12:09:21,44,47,418,936
2023-09-01 12:09:23,44,48,418,936
2023-09-01 12:09:24,44,47,418,936
2023-09-01 12:09:25,44,48,418,936
2023-09-01 12:09:27,44,47,418,936
2023-09-01 12:09:28,44,48,418,936
2023-09-01 12:09:29,44,47,418,936
2023-09-01 12:09:30,44,46,418,936
2023-09-01 12:09:31,40,46,418,936
2023-09-01 12:09:31,42,46,418,936
2023-09-01 12:10:31,43,49,418,936
2023-09-01 12:10:31,43,47,418,936
2023-09-01 12:10:59,43,46,418,936
2023-09-01 12:11:00,43,47,418,936
2023-09-01 12:11:03,43,46,418,936
2023-09-01 12:11:05,43,47,418,936
2023-09-01 12:11:20,44,47,418,936
2023-09-01 12:11:20,44,100,418,936
2023-09-01 12:11:20,45,100,418,936
2023-09-01 12:11:20,45,51,418,936
2023-09-01 12:11:20,45,49,418,936
2023-09-01 12:11:21,45,48,418,936
2023-09-01 12:11:23,45,49,418,936
2023-09-01 12:11:38,46,49,418,936
2023-09-01 12:11:38,46,51,418,936
2023-09-01 12:11:38,46,50,418,936
2023-09-01 12:11:40,46,49,418,936
2023-09-01 12:11:43,46,50,418,936
2023-09-01 12:11:44,46,49,418,936
2023-09-01 12:11:45,46,50,418,936
2023-09-01 12:11:48,46,49,418,936
2023-09-01 12:11:49,46,50,418,936
2023-09-01 12:11:52,46,49,418,936
2023-09-01 12:11:58,41,49,418,936
2023-09-01 12:11:58,42,49,418,936
2023-09-01 12:11:58,45,49,418,936
2023-09-01 12:12:01,45,48,418,936
2023-09-01 12:12:07,45,49,418,936
2023-09-01 12:12:08,45,48,418,936
2023-09-01 12:12:18,45,49,418,936
2023-09-01 12:12:19,45,48,418,936
2023-09-01 12:12:22,45,49,418,936
2023-09-01 12:12:23,45,48,418,936
2023-09-01 12:12:28,45,49,418,936
2023-09-01 12:12:31,45,48,418,936
2023-09-01 12:12:32,45,49,418,936
2023-09-01 12:12:58,46,52,418,936
2023-09-01 12:12:58,46,49,418,936
2023-09-01 12:13:32,46,48,418,936
2023-09-01 12:13:33,46,49,418,936
2023-09-01 12:13:34,46,48,418,936
2023-09-01 12:13:37,46,49,418,936
2023-09-01 12:13:58,45,49,418,936
2023-09-01 12:13:59,45,48,418,936
2023-09-01 12:14:05,45,49,418,936
2023-09-01 12:14:06,45,48,418,936
2023-09-01 12:14:07,45,49,418,936
2023-09-01 12:14:08,45,48,418,936
2023-09-01 12:14:09,45,49,418,936
2023-09-01 12:14:44,46,49,418,936
2023-09-01 12:14:46,46,52,418,936
2023-09-01 12:14:46,47,52,418,936
2023-09-01 12:14:46,47,51,418,936
2023-09-01 12:14:47,47,50,418,936
2023-09-01 12:14:50,47,51,418,936
2023-09-01 12:14:53,47,50,418,936
2023-09-01 12:14:53,44,50,418,936
2023-09-01 12:14:53,46,50,418,936
2023-09-01 12:14:53,46,49,418,936
2023-09-01 12:14:58,46,48,418,936
2023-09-01 12:15:03,46,49,418,936
2023-09-01 12:15:05,46,48,418,936
2023-09-01 12:15:08,46,49,418,936
2023-09-01 12:15:09,46,48,418,936
2023-09-01 12:15:14,46,49,418,936
2023-09-01 12:15:15,46,48,418,936
2023-09-01 12:15:18,46,49,418,936
2023-09-01 12:15:19,46,48,418,936
2023-09-01 12:15:22,46,49,418,936
2023-09-01 12:15:23,46,48,418,936
2023-09-01 12:15:29,46,49,418,936
2023-09-01 12:15:30,46,48,418,936
2023-09-01 12:15:42,46,49,418,936
2023-09-01 12:15:43,46,48,418,936
2023-09-01 12:15:47,46,49,418,936
2023-09-01 12:15:53,43,52,418,936
2023-09-01 12:15:53,46,52,418,936
2023-09-01 12:15:53,46,50,418,936
2023-09-01 12:15:54,46,49,418,936
2023-09-01 12:15:57,46,50,418,936
2023-09-01 12:15:58,46,49,418,936
2023-09-01 12:16:01,46,50,418,936
2023-09-01 12:16:02,46,49,418,936
2023-09-01 12:16:08,46,50,418,936
2023-09-01 12:16:09,46,49,418,936
2023-09-01 12:16:15,46,48,418,936
2023-09-01 12:16:16,46,49,418,936
2023-09-01 12:16:25,46,48,418,936
2023-09-01 12:16:26,46,50,418,936
2023-09-01 12:16:27,46,49,418,936
2023-09-01 12:16:28,46,48,418,936
2023-09-01 12:16:30,46,49,418,936
2023-09-01 12:16:30,46,50,418,936
2023-09-01 12:16:31,46,49,418,936
2023-09-01 12:16:34,46,48,418,936
2023-09-01 12:16:38,46,49,418,936
2023-09-01 12:16:39,46,49,418,936
2023-09-01 12:16:44,46,50,418,936
2023-09-01 12:16:45,46,49,418,936
2023-09-01 12:16:47,46,50,418,936
2023-09-01 12:16:48,46,49,418,936
2023-09-01 12:16:49,46,48,418,936
2023-09-01 12:16:51,46,49,418,936
2023-09-01 12:16:52,46,50,418,936
2023-09-01 12:16:53,43,49,418,936
2023-09-01 12:16:54,44,49,418,936
2023-09-01 12:16:54,46,49,418,936
2023-09-01 12:17:00,46,48,418,936
2023-09-01 12:17:01,46,49,418,936
2023-09-01 12:17:02,46,48,418,936
2023-09-01 12:17:14,35,48,418,936
2023-09-01 12:17:14,41,48,418,936
2023-09-01 12:17:14,44,48,418,936
2023-09-01 12:17:17,44,47,418,936
2023-09-01 12:17:26,44,48,418,936
2023-09-01 12:17:28,44,47,418,936
2023-09-01 12:17:36,44,48,418,936
2023-09-01 12:17:37,44,47,418,936
2023-09-01 12:17:40,44,48,418,936
2023-09-01 12:18:08,41,48,418,936
2023-09-01 12:18:08,41,100,418,936
2023-09-01 12:18:08,46,100,418,936
2023-09-01 12:18:08,46,50,418,936
2023-09-01 12:18:09,46,49,418,936
2023-09-01 12:18:14,46,50,418,936
2023-09-01 12:18:16,46,49,418,936
2023-09-01 12:18:17,46,50,418,936
2023-09-01 12:18:21,47,50,418,936
2023-09-01 12:18:21,47,100,418,936
2023-09-01 12:18:21,48,100,418,936
2023-09-01 12:18:21,48,52,418,936
2023-09-01 12:18:23,48,51,418,936
2023-09-01 12:18:35,48,50,418,936
2023-09-01 12:18:42,48,52,418,936
2023-09-01 12:18:44,48,51,418,936
2023-09-01 12:18:45,48,50,418,936
2023-09-01 12:18:52,48,51,418,936
2023-09-01 12:19:10,48,52,418,936
2023-09-01 12:19:11,48,51,418,936
2023-09-01 12:19:12,48,50,418,936
2023-09-01 12:19:13,48,52,418,936
2023-09-01 12:19:14,48,51,418,936
2023-09-01 12:19:15,48,50,418,936
2023-09-01 12:19:17,48,51,418,936
2023-09-01 12:19:17,48,52,418,936
2023-09-01 12:19:18,48,51,418,936
2023-09-01 12:19:22,48,52,418,936
2023-09-01 12:19:23,48,51,418,936
2023-09-01 12:19:41,48,52,418,936
2023-09-01 12:19:41,48,54,418,936
2023-09-01 12:19:41,49,54,418,936
2023-09-01 12:19:41,49,53,418,936
2023-09-01 12:19:42,49,52,418,936
2023-09-01 12:19:45,49,53,418,936
2023-09-01 12:19:46,49,52,418,936
2023-09-01 12:19:57,49,51,418,936
2023-09-01 12:19:58,49,53,418,936
2023-09-01 12:19:59,49,52,418,936
2023-09-01 12:20:00,49,51,418,936
2023-09-01 12:20:01,49,52,418,936
2023-09-01 12:20:04,49,53,418,936
2023-09-01 12:20:05,49,52,418,936
2023-09-01 12:20:06,49,53,418,936
2023-09-01 12:20:07,49,52,418,936
2023-09-01 12:20:17,49,53,418,936
2023-09-01 12:20:18,49,52,418,936
2023-09-01 12:20:19,49,53,418,936
2023-09-01 12:20:20,46,53,418,936
2023-09-01 12:20:20,46,55,418,936
2023-09-01 12:20:20,49,55,418,936
2023-09-01 12:20:20,51,55,418,936
2023-09-01 12:20:21,51,54,418,936
2023-09-01 12:20:23,51,55,418,936
2023-09-01 12:20:24,51,54,418,936
2023-09-01 12:20:26,51,53,418,936
2023-09-01 12:20:32,51,55,418,936
2023-09-01 12:20:33,51,54,418,936
2023-09-01 12:20:34,51,53,418,936
2023-09-01 12:20:40,51,54,418,936
2023-09-01 12:21:06,51,53,418,936
2023-09-01 12:21:08,51,55,418,936
2023-09-01 12:21:09,51,54,418,936
2023-09-01 12:21:10,51,53,418,936
2023-09-01 12:21:12,51,54,418,936
2023-09-01 12:21:22,51,55,418,936
2023-09-01 12:21:22,52,55,418,936
2023-09-01 12:21:25,51,55,418,936
2023-09-01 12:21:29,52,55,418,936
2023-09-01 12:21:34,52,59,418,936
2023-09-01 12:21:34,53,59,418,936
2023-09-01 12:21:34,53,57,418,936
2023-09-01 12:21:36,53,56,418,936
2023-09-01 12:21:37,53,57,418,936
2023-09-01 12:21:38,53,56,418,936
2023-09-01 12:21:44,53,57,418,936
2023-09-01 12:21:45,53,56,418,936
2023-09-01 12:21:48,53,57,418,936
2023-09-01 12:21:49,53,56,418,936
2023-09-01 12:21:53,53,55,418,936
2023-09-01 12:21:56,53,56,418,936
2023-09-01 12:21:56,53,57,418,936
2023-09-01 12:21:57,53,56,418,936
2023-09-01 12:22:17,53,55,418,936
2023-09-01 12:22:21,53,57,418,936
2023-09-01 12:22:22,53,56,418,936
2023-09-01 12:22:33,53,55,418,936
2023-09-01 12:22:34,52,55,418,936
2023-09-01 12:22:43,52,56,418,936
2023-09-01 12:22:45,52,55,418,936
2023-09-01 12:22:46,52,54,418,936
2023-09-01 12:22:50,50,54,418,936
2023-09-01 12:22:50,51,54,418,936
2023-09-01 12:22:58,51,55,418,936
2023-09-01 12:22:59,51,54,418,936
2023-09-01 12:23:01,51,55,418,936
2023-09-01 12:23:02,51,54,418,936
2023-09-01 12:23:06,51,55,418,936
2023-09-01 12:23:07,51,54,418,936
2023-09-01 12:23:10,51,53,418,936
2023-09-01 12:23:17,51,54,418,936
2023-09-01 12:23:19,51,55,418,936
2023-09-01 12:23:20,51,54,418,936
2023-09-01 12:23:29,51,55,418,936
2023-09-01 12:23:32,52,55,418,936
2023-09-01 12:23:36,52,56,418,936
2023-09-01 12:23:37,53,56,418,936
2023-09-01 12:23:38,52,56,418,936
2023-09-01 12:23:39,53,56,418,936
2023-09-01 12:23:40,52,56,418,936
2023-09-01 12:23:42,53,56,418,936
2023-09-01 12:23:42,54,56,418,936
2023-09-01 12:23:44,54,57,418,936
2023-09-01 12:23:45,54,56,418,936
2023-09-01 12:23:47,54,57,418,936
2023-09-01 12:24:00,49,57,418,936
2023-09-01 12:24:00,49,60,418,936
2023-09-01 12:24:00,53,60,418,936
2023-09-01 12:24:00,55,60,418,936
2023-09-01 12:24:00,55,59,418,936
2023-09-01 12:24:01,55,58,418,936
2023-09-01 12:24:04,55,57,418,936
2023-09-01 12:24:06,55,58,418,936
2023-09-01 12:24:08,55,57,418,936
2023-09-01 12:24:12,55,58,418,936
2023-09-01 12:24:13,55,57,418,936
2023-09-01 12:24:23,55,59,418,936
2023-09-01 12:24:24,55,58,418,936
2023-09-01 12:24:25,55,57,418,936
2023-09-01 12:24:35,55,58,418,936
2023-09-01 12:24:37,55,57,418,936
2023-09-01 12:24:39,55,59,418,936
2023-09-01 12:24:40,55,58,418,936
2023-09-01 12:24:41,55,57,418,936
2023-09-01 12:25:00,52,57,418,936
2023-09-01 12:25:00,54,57,418,936
2023-09-01 12:25:01,54,58,418,936
2023-09-01 12:25:03,55,58,418,936
2023-09-01 12:25:06,56,58,418,936
2023-09-01 12:25:06,56,61,418,936
2023-09-01 12:25:06,56,60,418,936
2023-09-01 12:25:07,56,59,418,936
2023-09-01 12:25:10,56,58,418,936
2023-09-01 12:25:11,56,59,418,936
2023-09-01 12:25:12,56,58,418,936
2023-09-01 12:25:17,56,59,418,936
2023-09-01 12:25:29,56,60,418,936
2023-09-01 12:25:29,57,60,418,936
2023-09-01 12:25:40,57,59,418,936
2023-09-01 12:25:41,56,59,418,936
2023-09-01 12:26:28,56,60,418,936
2023-09-01 12:26:28,57,60,418,936
2023-09-01 12:26:33,57,61,418,936
2023-09-01 12:26:40,57,60,418,936
2023-09-01 12:27:22,56,60,418,936
2023-09-01 12:27:34,57,60,418,936
2023-09-01 12:27:46,57,61,418,936
2023-09-01 12:27:48,57,62,418,936
2023-09-01 12:27:54,55,62,418,936
2023-09-01 12:27:54,55,100,418,936
2023-09-01 12:27:54,60,100,418,936
2023-09-01 12:27:54,60,66,418,936
2023-09-01 12:27:54,60,64,418,936
2023-09-01 12:27:55,61,64,418,936
2023-09-01 12:27:55,61,63,418,936
2023-09-01 12:27:56,60,63,418,936
2023-09-01 12:28:10,60,62,418,936
2023-09-01 12:28:11,55,62,418,936
2023-09-01 12:28:11,59,62,418,936
2023-09-01 12:28:14,59,62,418,986
2023-09-01 12:28:31,55,62,418,986
2023-09-01 12:28:31,56,62,418,986
2023-09-01 12:28:31,56,61,418,986
2023-09-01 12:28:32,57,61,418,986
2023-09-01 12:28:33,56,61,418,986
2023-09-01 12:28:35,57,61,418,986
2023-09-01 12:28:47,56,61,418,986
2023-09-01 12:28:51,57,61,418,986
2023-09-01 12:29:03,56,61,418,986
2023-09-01 12:29:06,57,61,418,986
2023-09-01 12:29:31,57,62,418,986
2023-09-01 12:29:31,57,61,418,986
2023-09-01 12:29:37,56,61,418,986
2023-09-01 12:29:38,56,62,418,986
2023-09-01 12:29:38,56,60,418,986
2023-09-01 12:30:01,56,100,418,986
2023-09-01 12:30:01,35,100,418,986
2023-09-01 12:30:01,53,100,418,986
2023-09-01 12:30:01,55,100,418,986
2023-09-01 12:30:01,55,59,418,986
2023-09-01 12:30:03,55,58,418,986
2023-09-01 12:30:04,55,57,418,986
2023-09-01 12:30:06,55,58,418,986
2023-09-01 12:30:14,55,59,418,986
2023-09-01 12:30:14,56,59,418,986
2023-09-01 12:30:32,56,60,418,986
2023-09-01 12:30:44,56,64,418,986
2023-09-01 12:30:44,56,61,418,986
2023-09-01 12:31:09,56,65,418,986
2023-09-01 12:31:09,59,65,418,986
2023-09-01 12:31:09,59,63,418,986
2023-09-01 12:31:10,59,62,418,986
2023-09-01 12:31:15,59,63,418,986
2023-09-01 12:31:26,60,63,418,986
2023-09-01 12:31:26,60,100,418,986
2023-09-01 12:31:26,60,66,418,986
2023-09-01 12:31:26,60,64,418,986
2023-09-01 12:31:28,61,64,418,986
2023-09-01 12:31:31,61,100,418,986
2023-09-01 12:31:31,62,100,418,986
2023-09-01 12:31:31,62,65,418,986
2023-09-01 12:31:44,62,64,418,986
2023-09-01 12:31:45,62,65,418,986
2023-09-01 12:32:19,62,64,418,986
2023-09-01 12:32:26,61,64,418,986
2023-09-01 12:33:10,60,64,418,986
2023-09-01 12:33:12,61,64,418,986
2023-09-01 12:33:15,60,64,418,986
2023-09-01 12:33:26,60,63,418,986
2023-09-01 12:33:28,59,63,418,986
2023-09-01 12:33:43,60,63,418,986
2023-09-01 12:33:45,59,63,418,986
2023-09-01 12:33:46,60,63,418,986
2023-09-01 12:33:48,59,63,418,986
2023-09-01 12:34:01,59,64,418,986
2023-09-01 12:34:01,57,64,418,986
2023-09-01 12:34:01,57,62,418,986
2023-09-01 12:34:02,58,62,418,986
2023-09-01 12:34:05,57,62,418,986
2023-09-01 12:34:11,57,65,418,986
2023-09-01 12:34:11,56,65,418,986
2023-09-01 12:34:11,56,60,418,986
2023-09-01 12:34:12,56,59,418,986
2023-09-01 12:34:12,57,59,418,986
2023-09-01 12:34:13,57,60,418,986
2023-09-01 12:34:24,58,60,418,986
2023-09-01 12:34:26,58,65,418,986
2023-09-01 12:34:26,58,64,418,986
2023-09-01 12:34:26,58,62,418,986
2023-09-01 12:34:27,58,61,418,986
2023-09-01 12:34:32,58,60,418,986
2023-09-01 12:34:33,58,61,418,986
2023-09-01 12:34:39,58,60,418,986
2023-09-01 12:34:40,57,60,418,986
2023-09-01 12:34:43,58,60,418,986
2023-09-01 12:34:44,58,61,418,986
2023-09-01 12:34:45,57,61,418,986
2023-09-01 12:34:45,57,62,418,986
2023-09-01 12:34:47,57,61,418,986
2023-09-01 12:34:48,57,60,418,986
2023-09-01 12:35:11,55,60,418,986
2023-09-01 12:35:11,56,60,418,986
2023-09-01 12:35:14,57,60,418,986
2023-09-01 12:35:20,56,60,418,986
2023-09-01 12:35:33,57,60,418,986
2023-09-01 12:36:05,56,60,418,986
2023-09-01 12:36:23,56,64,418,986
2023-09-01 12:36:23,54,64,418,986
2023-09-01 12:36:23,54,62,418,986
2023-09-01 12:36:24,54,61,418,986
2023-09-01 12:36:25,54,62,418,986
2023-09-01 12:36:25,51,62,418,986
2023-09-01 12:36:26,52,62,418,986
2023-09-01 12:36:26,53,61,418,986
2023-09-01 12:36:26,53,59,418,986
2023-09-01 12:36:26,53,57,418,986
2023-09-01 12:36:27,53,56,418,986
2023-09-01 12:36:28,53,55,418,986
2023-09-01 12:36:30,53,56,418,986
2023-09-01 12:36:31,53,56,418,986
2023-09-01 12:36:32,53,55,418,986
2023-09-01 12:36:33,53,56,418,986
2023-09-01 12:36:34,53,55,418,986
2023-09-01 12:36:40,53,57,418,986
2023-09-01 12:36:41,53,56,418,986
2023-09-01 12:36:42,53,55,418,986
2023-09-01 12:36:57,53,56,418,986
2023-09-01 12:37:03,53,55,418,986
2023-09-01 12:37:04,53,56,418,986
2023-09-01 12:37:14,53,57,418,986
2023-09-01 12:37:15,53,56,418,986
2023-09-01 12:37:16,53,57,418,986
2023-09-01 12:37:17,53,56,418,986
2023-09-01 12:37:26,54,56,418,986
2023-09-01 12:37:32,54,57,418,986
2023-09-01 12:37:33,54,56,418,986
2023-09-01 12:37:34,54,55,418,986
2023-09-01 12:37:35,51,55,418,986
2023-09-01 12:37:35,52,55,418,986
2023-09-01 12:37:37,52,54,418,986
2023-09-01 12:37:38,52,56,418,986
2023-09-01 12:37:39,52,55,418,986
2023-09-01 12:37:40,52,54,418,986
2023-09-01 12:37:42,52,56,418,986
2023-09-01 12:37:43,52,55,418,986
2023-09-01 12:37:44,52,56,418,986
2023-09-01 12:37:47,52,55,418,986
2023-09-01 12:37:48,52,56,418,986
2023-09-01 12:37:50,52,55,418,986
2023-09-01 12:37:51,52,54,418,986
2023-09-01 12:37:59,49,54,418,986
2023-09-01 12:37:59,51,54,418,986
2023-09-01 12:38:01,51,53,418,986
2023-09-01 12:38:03,51,54,418,986
2023-09-01 12:38:04,51,53,418,986
2023-09-01 12:38:10,51,54,418,986
2023-09-01 12:38:11,51,53,418,986
2023-09-01 12:38:13,51,54,418,986
2023-09-01 12:38:14,51,53,418,986
2023-09-01 12:38:15,51,52,418,986
2023-09-01 12:38:25,51,53,418,986
2023-09-01 12:38:25,51,54,418,986
2023-09-01 12:38:26,51,53,418,986
2023-09-01 12:38:27,51,52,418,986
2023-09-01 12:38:28,35,52,418,986
2023-09-01 12:38:28,49,52,418,986
2023-09-01 12:38:30,49,53,418,986
2023-09-01 12:38:32,49,52,418,986
2023-09-01 12:38:34,49,53,418,986
2023-09-01 12:38:43,51,53,418,986
2023-09-01 12:38:48,51,54,418,986
2023-09-01 12:38:51,51,53,418,986
2023-09-01 12:38:55,51,54,418,986
2023-09-01 12:38:56,51,53,418,986
2023-09-01 12:38:57,51,54,418,986
2023-09-01 12:38:58,51,53,418,986
2023-09-01 12:38:59,51,54,418,986
2023-09-01 12:39:00,51,53,418,986
2023-09-01 12:39:00,48,53,418,986
2023-09-01 12:39:00,49,53,418,986
2023-09-01 12:39:01,49,52,418,986
2023-09-01 12:39:03,49,53,418,986
2023-09-01 12:39:04,49,52,418,986
2023-09-01 12:39:05,49,51,418,986
2023-09-01 12:39:13,49,52,418,986
2023-09-01 12:39:14,49,51,418,986
2023-09-01 12:39:16,49,52,418,986
2023-09-01 12:39:21,49,51,418,986
2023-09-01 12:39:22,49,52,418,986
2023-09-01 12:39:22,49,53,418,986
2023-09-01 12:39:22,49,100,418,986
2023-09-01 12:39:22,35,100,418,986
2023-09-01 12:39:22,46,100,418,986
2023-09-01 12:39:22,48,100,418,986
2023-09-01 12:39:22,48,54,418,986
2023-09-01 12:39:22,48,52,418,986
2023-09-01 12:39:22,50,52,418,986
2023-09-01 12:39:23,50,51,418,986
2023-09-01 12:39:24,50,52,418,986
2023-09-01 12:39:25,50,51,418,986
2023-09-01 12:39:33,50,52,418,986
2023-09-01 12:39:34,50,51,418,986
2023-09-01 12:40:04,50,52,418,986
2023-09-01 12:40:05,50,51,418,986
2023-09-01 12:40:25,50,52,418,986
2023-09-01 12:40:26,50,51,418,986
2023-09-01 12:40:33,50,52,418,986
2023-09-01 12:40:46,50,53,418,986
2023-09-01 12:40:47,50,52,418,986
2023-09-01 12:40:49,50,53,418,986
2023-09-01 12:40:52,51,53,418,986
2023-09-01 12:40:53,51,55,418,986
2023-09-01 12:40:54,51,54,418,986
2023-09-01 12:40:55,51,55,418,986
2023-09-01 12:40:56,51,54,418,986
2023-09-01 12:40:57,51,55,418,986
2023-09-01 12:40:58,51,54,418,986
2023-09-01 12:40:59,51,53,418,986
2023-09-01 12:41:02,50,53,418,986
2023-09-01 12:41:04,50,52,418,986
2023-09-01 12:41:05,50,51,418,986
2023-09-01 12:41:11,48,51,518,1086
2023-09-01 12:41:13,35,51,518,1086
2023-09-01 12:41:13,45,51,518,1086
2023-09-01 12:41:13,47,51,518,1086
2023-09-01 12:41:35,47,50,518,1086
2023-09-01 12:41:43,47,49,518,1086
2023-09-01 12:41:44,47,50,518,1086
2023-09-01 12:41:45,47,49,518,1086
2023-09-01 12:41:48,47,51,518,1086
2023-09-01 12:41:51,47,50,518,1086
2023-09-01 12:41:52,47,49,518,1086
2023-09-01 12:41:55,47,51,518,1086
2023-09-01 12:41:56,47,50,518,1086
2023-09-01 12:41:57,47,49,518,1086
2023-09-01 12:42:10,47,51,518,1086
2023-09-01 12:42:10,47,53,518,1086
2023-09-01 12:42:10,44,53,518,1086
2023-09-01 12:42:10,45,53,518,1086
2023-09-01 12:42:10,45,51,518,1086
2023-09-01 12:42:10,45,49,518,1086
2023-09-01 12:42:12,45,48,518,1086
2023-09-01 12:42:14,45,49,518,1086
2023-09-01 12:42:15,45,53,518,1086
2023-09-01 12:42:15,44,53,518,1086
2023-09-01 12:42:15,44,47,518,1086
2023-09-01 12:42:22,44,46,518,1086
2023-09-01 12:42:23,44,47,518,1086
2023-09-01 12:42:29,44,46,518,1086
2023-09-01 12:42:30,44,47,518,1086
2023-09-01 12:42:33,44,46,518,1086
2023-09-01 12:42:35,44,47,518,1086
2023-09-01 12:42:37,44,46,518,1086
2023-09-01 12:42:42,44,47,518,1086
2023-09-01 12:42:43,44,46,518,1086
2023-09-01 12:42:45,44,47,518,1086
2023-09-01 12:42:55,44,46,518,1086
2023-09-01 12:43:00,44,47,518,1086
2023-09-01 12:43:00,44,53,518,1086
2023-09-01 12:43:00,41,53,518,1086
2023-09-01 12:43:00,42,53,518,1086
2023-09-01 12:43:00,42,48,518,1086
2023-09-01 12:43:00,42,46,518,1086
2023-09-01 12:43:05,43,46,518,1086
2023-09-01 12:43:05,43,100,518,1086
2023-09-01 12:43:05,44,100,518,1086
2023-09-01 12:43:05,44,50,518,1086
2023-09-01 12:43:05,44,48,518,1086
2023-09-01 12:43:06,44,47,518,1086
2023-09-01 12:43:12,44,48,518,1086
2023-09-01 12:43:14,44,47,518,1086
2023-09-01 12:43:16,44,48,518,1086
2023-09-01 12:43:17,44,47,518,1086
2023-09-01 12:43:20,44,48,518,1086
2023-09-01 12:43:27,44,47,518,1086
2023-09-01 12:43:33,44,48,518,1086
2023-09-01 12:43:34,44,47,518,1086
2023-09-01 12:43:35,44,46,518,1086
2023-09-01 12:43:36,44,48,518,1086
2023-09-01 12:43:37,44,47,518,1086
2023-09-01 12:43:38,44,48,518,1086
2023-09-01 12:43:39,44,47,518,1086
2023-09-01 12:43:40,44,48,518,1086
2023-09-01 12:43:41,44,47,518,1086
2023-09-01 12:43:42,44,46,518,1086
2023-09-01 12:43:43,44,47,518,1086
2023-09-01 12:43:46,44,46,518,1086
2023-09-01 12:43:52,44,47,518,1086
2023-09-01 12:43:53,44,46,518,1086
2023-09-01 12:43:57,44,47,518,1086
2023-09-01 12:44:00,44,46,518,1086
2023-09-01 12:44:01,44,48,518,1086
2023-09-01 12:44:02,44,47,518,1086
2023-09-01 12:44:05,42,47,518,1086
2023-09-01 12:44:05,44,47,518,1086
2023-09-01 12:44:12,44,46,518,1086
2023-09-01 12:44:14,44,47,518,1086
2023-09-01 12:44:29,44,50,518,1086
2023-09-01 12:44:29,45,50,518,1086
2023-09-01 12:44:29,45,49,518,1086
2023-09-01 12:44:30,45,48,518,1086
2023-09-01 12:44:34,45,47,518,1086
2023-09-01 12:44:39,45,49,518,1086
2023-09-01 12:44:40,45,48,518,1086
2023-09-01 12:44:40,41,48,518,1086
2023-09-01 12:44:40,43,48,518,1086
2023-09-01 12:44:40,43,47,518,1086
2023-09-01 12:44:58,44,47,518,1086
2023-09-01 12:45:01,43,47,518,1086
2023-09-01 12:45:05,44,47,518,1086
2023-09-01 12:45:09,43,47,518,1086
2023-09-01 12:45:10,44,47,518,1086
2023-09-01 12:45:21,43,47,518,1086
2023-09-01 12:45:23,44,47,518,1086
2023-09-01 12:45:24,44,50,518,1086
2023-09-01 12:45:24,45,50,518,1086
2023-09-01 12:45:24,45,49,518,1086
2023-09-01 12:45:27,45,48,518,1086
2023-09-01 12:45:28,45,49,518,1086
2023-09-01 12:45:29,45,48,518,1086
2023-09-01 12:45:30,45,49,518,1086
2023-09-01 12:45:31,45,48,518,1086
2023-09-01 12:45:33,45,47,518,1086
2023-09-01 12:45:34,45,49,518,1086
2023-09-01 12:45:35,45,48,518,1086
2023-09-01 12:45:36,45,47,518,1086
2023-09-01 12:45:38,45,48,518,1086
2023-09-01 12:45:39,45,47,518,1086
2023-09-01 12:45:42,41,47,518,1086
2023-09-01 12:45:42,43,47,518,1086
2023-09-01 12:46:36,43,46,518,1086
2023-09-01 12:46:40,43,47,518,1086
2023-09-01 12:46:42,43,50,518,1086
2023-09-01 12:46:42,43,47,518,1086
2023-09-01 12:46:50,44,47,518,1086
2023-09-01 12:46:52,43,47,518,1086
2023-09-01 12:46:53,44,47,518,1086
2023-09-01 12:46:55,43,47,518,1086
2023-09-01 12:47:32,44,47,518,1086
2023-09-01 12:47:32,44,50,518,1086
2023-09-01 12:47:32,45,50,518,1086
2023-09-01 12:47:32,45,49,518,1086
2023-09-01 12:47:33,45,48,518,1086
2023-09-01 12:47:37,45,49,518,1086
2023-09-01 12:47:38,45,48,518,1086
2023-09-01 12:47:39,45,49,518,1086
2023-09-01 12:47:40,45,48,518,1086
2023-09-01 12:47:43,45,49,518,1086
2023-09-01 12:47:45,46,49,518,1086
2023-09-01 12:47:47,46,50,518,1086
2023-09-01 12:47:53,46,49,518,1086
2023-09-01 12:47:54,46,50,518,1086
2023-09-01 12:47:57,48,50,518,1086
2023-09-01 12:47:59,48,52,518,1086
2023-09-01 12:48:00,48,51,518,1086
2023-09-01 12:48:03,48,52,518,1086
2023-09-01 12:48:03,48,100,518,1086
2023-09-01 12:48:03,49,100,518,1086
2023-09-01 12:48:03,49,55,518,1086
2023-09-01 12:48:03,49,53,518,1086
2023-09-01 12:48:04,49,52,518,1086
2023-09-01 12:48:12,49,51,518,1086
2023-09-01 12:48:13,49,52,518,1086
2023-09-01 12:48:14,49,52,518,1086
2023-09-01 12:48:26,49,53,518,1086
2023-09-01 12:48:26,35,53,518,1086
2023-09-01 12:48:26,35,55,518,1086
2023-09-01 12:48:26,48,55,518,1086
2023-09-01 12:48:26,50,55,518,1086
2023-09-01 12:48:26,50,54,518,1086
2023-09-01 12:48:27,50,53,518,1086
2023-09-01 12:48:29,50,54,518,1086
2023-09-01 12:48:30,50,53,518,1086
2023-09-01 12:48:43,50,54,518,1086
2023-09-01 12:48:44,50,53,518,1086
2023-09-01 12:48:49,50,54,518,1086
2023-09-01 12:48:50,50,53,518,1086
2023-09-01 12:48:52,50,54,518,1086
2023-09-01 12:48:55,50,53,518,1086
2023-09-01 12:48:56,50,54,518,1086
2023-09-01 12:48:58,51,54,518,1086
2023-09-01 12:48:58,52,54,518,1086
2023-09-01 12:49:04,52,56,518,1086
2023-09-01 12:49:04,51,56,518,1086
2023-09-01 12:49:04,51,57,518,1086
2023-09-01 12:49:04,53,57,518,1086
2023-09-01 12:49:05,53,56,518,1086
2023-09-01 12:49:06,53,55,518,1086
2023-09-01 12:49:07,53,56,518,1086
2023-09-01 12:49:07,53,57,518,1086
2023-09-01 12:49:08,53,56,518,1086
2023-09-01 12:49:09,53,55,518,1086
2023-09-01 12:49:10,53,56,518,1086
2023-09-01 12:49:10,53,57,518,1086
2023-09-01 12:49:11,53,56,518,1086
2023-09-01 12:49:13,53,55,518,1086
2023-09-01 12:49:17,53,57,518,1086
2023-09-01 12:49:20,53,56,518,1086
2023-09-01 12:49:21,53,55,518,1086
2023-09-01 12:49:31,53,57,518,1086
2023-09-01 12:49:32,53,56,518,1086
2023-09-01 12:49:33,53,55,518,1086
2023-09-01 12:49:36,53,57,518,1086
2023-09-01 12:49:37,53,56,518,1086
2023-09-01 12:49:38,53,55,518,1086
2023-09-01 12:49:43,53,56,518,1086
2023-09-01 12:49:53,53,57,518,1086
2023-09-01 12:49:54,53,56,518,1086
2023-09-01 12:49:55,53,57,518,1086
2023-09-01 12:49:55,49,57,518,1086
2023-09-01 12:49:55,49,59,518,1086
2023-09-01 12:49:55,51,59,518,1086
2023-09-01 12:49:55,54,59,518,1086
2023-09-01 12:49:55,54,58,518,1086
2023-09-01 12:49:56,54,57,518,1086
2023-09-01 12:49:57,54,58,518,1086
2023-09-01 12:49:58,54,57,518,1086
2023-09-01 12:50:01,54,58,518,1086
2023-09-01 12:50:03,54,57,518,1086
2023-09-01 12:50:14,54,58,518,1086
2023-09-01 12:50:14,49,58,518,1086
2023-09-01 12:50:14,49,61,518,1086
2023-09-01 12:50:14,54,61,518,1086
2023-09-01 12:50:14,56,61,518,1086
2023-09-01 12:50:14,56,60,518,1086
2023-09-01 12:50:15,56,59,518,1086
2023-09-01 12:50:21,57,59,518,1086
2023-09-01 12:50:22,56,59,518,1086
2023-09-01 12:50:25,57,59,518,1086
2023-09-01 12:50:26,57,60,518,1086
2023-09-01 12:50:37,56,60,518,1086
2023-09-01 12:50:37,56,59,518,1086
2023-09-01 12:50:38,57,59,518,1086
2023-09-01 12:50:39,57,60,518,1086
2023-09-01 12:50:52,57,61,518,1086
2023-09-01 12:51:01,59,61,518,1086
2023-09-01 12:51:07,59,63,518,1086
2023-09-01 12:51:08,59,62,518,1086
2023-09-01 12:51:15,59,61,518,1086
2023-09-01 12:51:16,59,62,518,1086
2023-09-01 12:51:21,57,62,518,1086
2023-09-01 12:51:21,60,62,518,1086
2023-09-01 12:51:22,60,64,518,1086
2023-09-01 12:51:23,60,63,518,1086
2023-09-01 12:51:33,60,62,518,1086
2023-09-01 12:51:43,60,63,518,1086
2023-09-01 12:51:49,60,62,518,1086
2023-09-01 12:51:52,60,63,518,1086
2023-09-01 12:52:00,58,63,518,1086
2023-09-01 12:52:00,59,63,518,1086
2023-09-01 12:52:00,61,63,518,1086
2023-09-01 12:52:07,61,62,518,1086
2023-09-01 12:52:08,61,63,518,1086
2023-09-01 12:52:12,61,62,518,1086
2023-09-01 12:52:13,61,63,518,1086
2023-09-01 12:52:16,61,65,518,1086
2023-09-01 12:52:17,62,65,518,1086
2023-09-01 12:52:17,62,64,518,1086
2023-09-01 12:52:19,62,65,518,1086
2023-09-01 12:52:19,62,68,518,1086
2023-09-01 12:52:19,63,68,518,1086
2023-09-01 12:52:19,63,67,518,1086
2023-09-01 12:52:20,63,66,518,1086
2023-09-01 12:52:23,63,65,518,1086
2023-09-01 12:52:24,63,66,518,1086
2023-09-01 12:52:26,63,65,518,1086
2023-09-01 12:52:28,63,66,518,1086
2023-09-01 12:52:34,64,66,518,1086
2023-09-01 12:52:48,64,68,518,1086
2023-09-01 12:52:49,64,67,518,1086
2023-09-01 12:52:55,63,67,518,1086
2023-09-01 12:52:55,64,67,518,1086
2023-09-01 12:52:55,66,67,518,1086
2023-09-01 12:52:56,66,70,518,1086
2023-09-01 12:52:57,66,69,518,1086
2023-09-01 12:52:58,66,70,518,1086
2023-09-01 12:52:58,63,70,518,1086
2023-09-01 12:52:58,63,100,518,1086
2023-09-01 12:52:58,68,100,518,1086
2023-09-01 12:52:58,68,72,518,1086
2023-09-01 12:52:59,68,71,518,1086
2023-09-01 12:53:00,68,70,518,1086
2023-09-01 12:53:04,63,70,518,1086
2023-09-01 12:53:04,64,70,518,1086
2023-09-01 12:53:04,66,70,518,1086
2023-09-01 12:53:23,63,70,518,1086
2023-09-01 12:53:23,65,70,518,1086
2023-09-01 12:53:23,65,69,518,1086
2023-09-01 12:53:30,65,68,518,1086
2023-09-01 12:53:34,63,68,518,1161
2023-09-01 12:53:34,62,68,518,1161
2023-09-01 12:53:34,64,68,518,1161
2023-09-01 12:53:34,64,67,518,1161
2023-09-01 12:54:34,63,68,518,1161
2023-09-01 12:54:34,63,67,518,1161
2023-09-01 12:55:34,63,68,518,1161
2023-09-01 12:55:34,63,67,518,1161
2023-09-01 12:55:51,63,68,518,1161
2023-09-01 12:55:51,65,68,518,1161
2023-09-01 12:57:50,63,68,518,1211
2023-09-01 12:57:50,62,68,518,1211
2023-09-01 12:57:50,63,68,518,1211
2023-09-01 12:57:50,63,67,518,1211
2023-09-01 12:57:52,63,66,518,1211
2023-09-01 12:58:22,61,66,518,1211
