datetime,bid,ask,open_interest,volume
2023-03-14 09:30:26,15,18,737,853
2023-03-14 09:31:15,16,26,737,853
2023-03-14 09:31:49,16,25,737,853
2023-03-14 09:31:59,16,19,737,853
2023-03-14 09:34:16,17,19,737,853
2023-03-14 09:34:16,17,20,737,853
2023-03-14 09:34:48,16,20,737,853
2023-03-14 09:35:48,16,19,737,853
2023-03-14 09:37:15,16,18,737,853
2023-03-14 09:37:51,15,16,737,869
2023-03-14 09:39:17,15,18,737,869
2023-03-14 09:39:17,15,16,737,869
2023-03-14 09:39:31,15,16,739,871
2023-03-14 09:39:47,15,16,749,881
2023-03-14 09:39:53,15,16,776,908
2023-03-14 09:40:00,14,15,776,969
2023-03-14 09:40:10,14,16,776,969
2023-03-14 09:40:22,14,15,776,969
2023-03-14 09:40:22,14,15,793,986
2023-03-14 09:40:29,13,15,907,1100
2023-03-14 09:40:30,12,15,907,1100
2023-03-14 09:40:30,12,16,907,1100
2023-03-14 09:40:30,13,16,907,1100
2023-03-14 09:40:30,13,15,907,1100
2023-03-14 09:40:31,12,15,924,1188
2023-03-14 09:40:43,13,15,924,1188
2023-03-14 09:40:57,12,15,924,1188
2023-03-14 09:40:57,12,16,924,1188
2023-03-14 09:40:57,13,16,924,1188
2023-03-14 09:40:57,13,15,924,1188
2023-03-14 09:41:26,12,15,924,1188
2023-03-14 09:41:26,13,15,924,1188
2023-03-14 09:41:40,12,15,924,1188
2023-03-14 09:41:41,13,15,924,1188
2023-03-14 09:41:41,13,14,924,1188
2023-03-14 09:41:53,13,14,924,1217
2023-03-14 09:42:20,12,14,924,1217
2023-03-14 09:42:20,11,14,924,1217
2023-03-14 09:42:21,12,14,924,1217
2023-03-14 09:42:30,11,14,924,1217
2023-03-14 09:42:30,12,14,924,1217
2023-03-14 09:42:37,12,15,924,1217
2023-03-14 09:42:38,12,14,924,1217
2023-03-14 09:42:43,11,14,924,1217
2023-03-14 09:42:43,11,15,924,1217
2023-03-14 09:42:43,11,16,924,1217
2023-03-14 09:42:43,12,16,924,1217
2023-03-14 09:42:43,13,16,924,1217
2023-03-14 09:42:43,13,15,924,1217
2023-03-14 09:43:01,12,15,924,1217
2023-03-14 09:43:01,11,15,924,1217
2023-03-14 09:43:01,11,16,924,1217
2023-03-14 09:43:02,12,16,924,1217
2023-03-14 09:43:02,12,15,924,1217
2023-03-14 09:43:02,12,14,924,1217
2023-03-14 09:43:09,11,14,924,1217
2023-03-14 09:43:09,11,16,924,1217
2023-03-14 09:43:09,11,15,924,1217
2023-03-14 09:43:09,12,15,924,1217
2023-03-14 09:43:09,12,14,924,1217
2023-03-14 09:43:26,11,14,924,1217
2023-03-14 09:43:26,11,16,924,1217
2023-03-14 09:43:27,12,16,924,1217
2023-03-14 09:43:27,12,15,924,1217
2023-03-14 09:43:27,12,14,924,1217
2023-03-14 09:43:39,11,14,924,1217
2023-03-14 09:43:40,12,14,924,1217
2023-03-14 09:43:55,12,15,924,1217
2023-03-14 09:43:55,12,14,924,1217
2023-03-14 09:44:26,12,15,924,1217
2023-03-14 09:44:26,12,14,924,1217
2023-03-14 09:44:26,12,15,924,1217
2023-03-14 09:44:41,12,14,924,1217
2023-03-14 09:44:59,12,15,924,1217
2023-03-14 09:44:59,13,15,924,1217
2023-03-14 09:45:35,12,15,924,1217
2023-03-14 09:45:50,11,15,924,1217
2023-03-14 09:45:51,12,15,924,1217
2023-03-14 09:45:51,12,14,924,1217
2023-03-14 09:46:00,11,14,924,1217
2023-03-14 09:46:00,11,15,924,1217
2023-03-14 09:46:01,11,14,924,1217
2023-03-14 09:46:01,12,14,924,1217
2023-03-14 09:46:18,11,14,924,1217
2023-03-14 09:46:18,11,15,924,1217
2023-03-14 09:46:18,12,15,924,1217
2023-03-14 09:46:19,12,14,924,1217
2023-03-14 09:46:32,12,15,924,1217
2023-03-14 09:46:32,12,14,924,1217
2023-03-14 09:46:43,11,14,924,1217
2023-03-14 09:46:43,11,15,924,1217
2023-03-14 09:46:43,12,15,924,1217
2023-03-14 09:46:43,12,14,924,1217
2023-03-14 09:47:00,11,14,924,1217
2023-03-14 09:47:00,11,15,924,1217
2023-03-14 09:47:00,11,14,924,1217
2023-03-14 09:47:00,11,15,924,1217
2023-03-14 09:47:01,12,15,924,1217
2023-03-14 09:47:01,12,14,924,1217
2023-03-14 09:47:29,11,14,924,1217
2023-03-14 09:47:29,11,15,924,1217
2023-03-14 09:47:29,12,15,924,1217
2023-03-14 09:47:29,12,14,924,1217
2023-03-14 09:47:52,11,14,924,1217
2023-03-14 09:47:52,12,14,924,1217
2023-03-14 09:48:05,12,13,924,1217
2023-03-14 09:48:26,11,13,924,1217
2023-03-14 09:48:51,11,12,924,1217
2023-03-14 09:49:19,11,14,924,1217
2023-03-14 09:49:21,11,13,924,1217
2023-03-14 09:49:31,11,14,924,1217
2023-03-14 09:49:31,12,14,924,1217
2023-03-14 09:49:43,11,14,924,1217
2023-03-14 09:49:44,12,14,924,1217
2023-03-14 09:49:44,12,13,924,1217
2023-03-14 09:49:50,11,13,924,1273
2023-03-14 09:49:50,11,12,924,1273
2023-03-14 09:49:55,11,14,980,1329
2023-03-14 09:49:57,12,14,980,1329
2023-03-14 09:50:09,11,14,980,1329
2023-03-14 09:50:09,12,14,980,1329
2023-03-14 09:50:20,11,14,980,1329
2023-03-14 09:50:20,11,15,980,1329
2023-03-14 09:50:20,12,15,980,1329
2023-03-14 09:50:20,13,15,980,1329
2023-03-14 09:50:24,13,15,980,1349
2023-03-14 09:50:36,12,15,980,1349
2023-03-14 09:50:37,13,15,980,1349
2023-03-14 09:50:49,12,15,980,1349
2023-03-14 09:50:49,13,15,980,1349
2023-03-14 09:51:05,12,15,980,1349
2023-03-14 09:51:06,13,15,980,1349
2023-03-14 09:51:30,13,16,980,1349
2023-03-14 09:51:30,14,16,980,1349
2023-03-14 09:51:44,14,15,980,1349
2023-03-14 09:51:50,13,15,980,1349
2023-03-14 09:51:50,12,15,980,1349
2023-03-14 09:51:50,13,15,980,1349
2023-03-14 09:52:11,13,16,980,1349
2023-03-14 09:52:23,14,16,980,1349
2023-03-14 09:52:32,13,16,980,1349
2023-03-14 09:52:32,14,16,980,1349
2023-03-14 09:52:45,13,16,980,1349
2023-03-14 09:52:45,14,16,980,1349
2023-03-14 09:52:57,13,16,980,1349
2023-03-14 09:52:58,14,16,980,1349
2023-03-14 09:53:04,14,15,980,1349
2023-03-14 09:53:17,13,15,980,1349
2023-03-14 09:53:17,12,15,980,1349
2023-03-14 09:53:17,13,15,980,1349
2023-03-14 09:53:31,12,15,980,1349
2023-03-14 09:53:32,13,15,980,1349
2023-03-14 09:53:50,12,15,980,1349
2023-03-14 09:53:50,13,15,980,1349
2023-03-14 09:54:16,12,15,980,1349
2023-03-14 09:54:16,13,15,980,1349
2023-03-14 09:54:25,12,15,980,1349
2023-03-14 09:54:25,12,17,980,1349
2023-03-14 09:54:25,12,18,980,1349
2023-03-14 09:54:25,15,18,980,1349
2023-03-14 09:54:25,15,17,980,1349
2023-03-14 09:54:32,13,17,980,1349
2023-03-14 09:54:32,13,18,980,1349
2023-03-14 09:54:32,13,16,980,1349
2023-03-14 09:54:32,14,16,980,1349
2023-03-14 09:54:40,13,16,980,1349
2023-03-14 09:54:40,14,16,980,1349
2023-03-14 09:54:55,13,16,980,1349
2023-03-14 09:54:55,14,16,980,1349
2023-03-14 09:55:17,13,16,980,1349
2023-03-14 09:55:17,13,17,980,1349
2023-03-14 09:55:17,14,17,980,1349
2023-03-14 09:55:29,13,17,980,1349
2023-03-14 09:55:30,14,17,980,1349
2023-03-14 09:55:30,14,16,980,1349
2023-03-14 09:55:41,13,16,980,1349
2023-03-14 09:55:41,13,17,980,1349
2023-03-14 09:55:41,14,17,980,1349
2023-03-14 09:55:53,15,17,980,1349
2023-03-14 09:56:27,14,17,980,1349
2023-03-14 09:56:27,15,17,980,1349
2023-03-14 09:56:38,14,17,980,1349
2023-03-14 09:56:38,15,17,980,1349
2023-03-14 09:56:59,14,17,980,1349
2023-03-14 09:56:59,15,17,980,1349
2023-03-14 09:57:01,15,16,980,1349
2023-03-14 09:57:25,14,16,980,1349
2023-03-14 09:57:25,13,16,980,1349
2023-03-14 09:57:25,14,16,980,1349
2023-03-14 09:57:35,14,15,980,1349
2023-03-14 09:57:53,14,15,980,1355
2023-03-14 09:58:17,14,15,980,1360
2023-03-14 09:59:05,13,14,980,1365
2023-03-14 09:59:22,12,15,980,1365
2023-03-14 09:59:28,12,14,980,1365
2023-03-14 09:59:40,13,14,980,1365
2023-03-14 09:59:55,12,14,980,1365
2023-03-14 09:59:55,12,15,980,1365
2023-03-14 10:00:29,14,15,980,1365
2023-03-14 10:00:37,14,16,980,1365
2023-03-14 10:00:53,13,16,980,1365
2023-03-14 10:00:53,14,16,980,1365
2023-03-14 10:01:02,14,15,980,1365
2023-03-14 10:01:25,12,15,980,1365
2023-03-14 10:01:25,13,15,980,1365
2023-03-14 10:01:25,14,15,980,1365
2023-03-14 10:01:45,13,15,980,1365
2023-03-14 10:01:45,14,15,980,1365
2023-03-14 10:01:57,13,14,955,1390
2023-03-14 10:02:05,13,15,955,1390
2023-03-14 10:02:25,12,15,955,1390
2023-03-14 10:02:32,12,14,955,1390
2023-03-14 10:02:43,12,15,955,1390
2023-03-14 10:02:57,11,15,955,1390
2023-03-14 10:02:57,12,15,955,1390
2023-03-14 10:02:57,13,15,955,1390
2023-03-14 10:02:59,13,14,955,1390
2023-03-14 10:03:27,11,14,955,1390
2023-03-14 10:03:27,12,14,955,1390
2023-03-14 10:03:39,12,13,955,1390
2023-03-14 10:03:39,11,13,955,1390
2023-03-14 10:03:39,11,14,955,1390
2023-03-14 10:03:39,12,14,955,1390
2023-03-14 10:04:28,11,14,955,1390
2023-03-14 10:04:28,12,14,955,1390
2023-03-14 10:04:35,13,14,955,1390
2023-03-14 10:05:12,12,13,955,1393
2023-03-14 10:05:20,12,14,955,1393
2023-03-14 10:05:21,11,14,955,1393
2023-03-14 10:05:22,11,13,955,1393
2023-03-14 10:05:32,11,14,955,1393
2023-03-14 10:05:33,12,14,955,1393
2023-03-14 10:05:38,11,14,955,1393
2023-03-14 10:05:38,12,14,955,1393
2023-03-14 10:05:54,11,14,955,1393
2023-03-14 10:05:55,12,14,955,1393
2023-03-14 10:06:08,12,13,955,1393
2023-03-14 10:06:10,12,13,955,1421
2023-03-14 10:06:10,12,14,955,1421
2023-03-14 10:06:17,11,14,787,1589
2023-03-14 10:06:22,11,13,787,1589
2023-03-14 10:06:27,11,14,787,1589
2023-03-14 10:06:27,11,13,787,1589
2023-03-14 10:06:40,11,14,787,1589
2023-03-14 10:06:40,11,13,787,1589
2023-03-14 10:06:52,11,14,787,1589
2023-03-14 10:06:52,11,13,787,1589
2023-03-14 10:07:21,11,14,787,1589
2023-03-14 10:07:21,11,13,787,1589
2023-03-14 10:07:28,11,14,787,1589
2023-03-14 10:07:28,11,13,787,1589
2023-03-14 10:07:38,11,14,787,1589
2023-03-14 10:07:38,11,13,787,1589
2023-03-14 10:07:51,11,14,787,1589
2023-03-14 10:07:52,11,13,787,1589
2023-03-14 10:07:52,11,14,787,1589
2023-03-14 10:07:52,11,13,787,1589
2023-03-14 10:08:21,11,14,787,1589
2023-03-14 10:08:22,11,13,787,1589
2023-03-14 10:08:51,11,12,787,1589
2023-03-14 10:09:02,11,13,847,1649
2023-03-14 10:09:22,11,14,847,1649
2023-03-14 10:09:22,11,13,847,1649
2023-03-14 10:09:31,11,14,847,1649
2023-03-14 10:09:31,12,14,847,1649
2023-03-14 10:09:52,11,14,847,1649
2023-03-14 10:09:52,11,13,847,1649
2023-03-14 10:10:22,11,14,847,1649
2023-03-14 10:10:39,12,14,847,1649
2023-03-14 10:10:45,11,14,847,1649
2023-03-14 10:10:46,12,14,847,1649
2023-03-14 10:10:59,11,14,847,1649
2023-03-14 10:11:00,12,14,847,1649
2023-03-14 10:11:20,11,14,847,1649
2023-03-14 10:11:20,11,15,847,1649
2023-03-14 10:11:20,12,15,847,1649
2023-03-14 10:11:34,13,15,847,1649
2023-03-14 10:11:44,12,15,847,1649
2023-03-14 10:11:44,11,15,847,1649
2023-03-14 10:11:44,12,15,847,1649
2023-03-14 10:11:44,12,14,847,1649
2023-03-14 10:12:15,12,15,847,1649
2023-03-14 10:12:15,12,14,847,1649
2023-03-14 10:12:26,12,15,847,1649
2023-03-14 10:12:26,13,15,847,1649
2023-03-14 10:12:42,11,15,847,1649
2023-03-14 10:12:42,12,15,847,1649
2023-03-14 10:12:42,12,14,847,1649
2023-03-14 10:12:49,11,14,847,1649
2023-03-14 10:12:49,12,14,847,1649
2023-03-14 10:12:50,12,13,847,1649
2023-03-14 10:13:01,12,14,847,1649
2023-03-14 10:13:11,12,13,847,1649
2023-03-14 10:13:17,11,13,847,1649
2023-03-14 10:13:38,11,14,847,1649
2023-03-14 10:13:52,12,14,847,1649
2023-03-14 10:14:05,12,13,847,1649
2023-03-14 10:14:24,11,13,847,1649
2023-03-14 10:15:07,11,12,847,1649
2023-03-14 10:15:21,11,13,847,1649
2023-03-14 10:15:21,11,12,847,1649
2023-03-14 10:15:32,11,13,847,1649
2023-03-14 10:16:29,11,12,847,1649
2023-03-14 10:16:31,11,12,1017,1819
2023-03-14 10:16:36,11,12,1048,1850
2023-03-14 10:16:36,11,13,1048,1850
2023-03-14 10:16:46,11,12,1048,1850
2023-03-14 10:16:54,11,13,1048,1850
2023-03-14 10:16:54,11,12,1048,1850
2023-03-14 10:16:55,11,13,1048,1850
2023-03-14 10:16:55,11,12,1048,1850
2023-03-14 10:17:02,11,13,1048,1850
2023-03-14 10:17:05,11,12,1048,1850
2023-03-14 10:17:19,11,13,1048,1850
2023-03-14 10:17:19,11,12,1048,1850
2023-03-14 10:17:30,11,13,1048,1850
2023-03-14 10:17:37,11,12,1048,1850
2023-03-14 10:17:46,11,12,1101,1903
2023-03-14 10:17:46,11,13,1101,1903
2023-03-14 10:17:47,12,13,1101,1903
2023-03-14 10:17:47,12,14,1101,1903
2023-03-14 10:18:17,11,14,1101,1903
2023-03-14 10:18:17,12,14,1101,1903
2023-03-14 10:18:28,11,14,1101,1903
2023-03-14 10:18:28,12,14,1101,1903
2023-03-14 10:18:39,11,14,1101,1903
2023-03-14 10:18:40,12,14,1101,1903
2023-03-14 10:18:40,12,13,1101,1903
2023-03-14 10:18:52,11,13,1101,1903
2023-03-14 10:18:53,11,14,1101,1903
2023-03-14 10:18:53,12,14,1101,1903
2023-03-14 10:19:12,12,13,1101,1903
2023-03-14 10:19:21,11,13,1101,1903
2023-03-14 10:19:23,11,12,1101,1903
2023-03-14 10:19:28,11,13,1101,1903
2023-03-14 10:19:28,11,12,1101,1903
2023-03-14 10:19:41,11,13,1101,1903
2023-03-14 10:20:23,11,14,1101,1903
2023-03-14 10:20:23,12,14,1101,1903
2023-03-14 10:20:24,12,13,1101,1903
2023-03-14 10:20:32,11,13,1101,1903
2023-03-14 10:20:32,12,13,1101,1903
2023-03-14 10:20:33,12,13,1101,1903
2023-03-14 10:20:38,12,14,1101,1903
2023-03-14 10:20:38,12,13,1101,1903
2023-03-14 10:20:50,11,13,1101,1903
2023-03-14 10:20:51,11,14,1101,1903
2023-03-14 10:20:51,12,14,1101,1903
2023-03-14 10:21:16,11,14,1101,1903
2023-03-14 10:21:16,12,14,1101,1903
2023-03-14 10:21:18,12,13,1101,1903
2023-03-14 10:21:26,11,13,1101,1903
2023-03-14 10:21:26,11,14,1101,1903
2023-03-14 10:21:27,11,13,1101,1903
2023-03-14 10:21:38,11,14,1101,1903
2023-03-14 10:21:40,11,13,1101,1903
2023-03-14 10:22:18,11,13,1125,1991
2023-03-14 10:22:21,10,13,1125,1991
2023-03-14 10:22:28,10,12,1125,1991
2023-03-14 10:22:41,10,13,1125,1991
2023-03-14 10:22:41,10,12,1125,1991
2023-03-14 10:23:05,10,11,1125,1991
2023-03-14 10:23:16,10,12,1125,1991
2023-03-14 10:23:16,10,11,1125,1991
2023-03-14 10:23:28,9,10,1135,2001
2023-03-14 10:23:48,9,10,1185,2051
2023-03-14 10:23:59,8,10,1185,2051
2023-03-14 10:23:59,9,10,1185,2051
2023-03-14 10:24:27,8,10,1185,2051
2023-03-14 10:24:27,9,10,1185,2051
2023-03-14 10:25:00,8,10,1185,2051
2023-03-14 10:25:01,9,10,1185,2051
2023-03-14 10:25:21,8,10,1185,2051
2023-03-14 10:25:47,9,10,1185,2051
2023-03-14 10:26:00,8,10,1185,2051
2023-03-14 10:26:01,9,10,1185,2051
2023-03-14 10:26:22,8,10,1185,2051
2023-03-14 10:26:27,9,10,1185,2051
2023-03-14 10:26:27,9,10,1193,2087
2023-03-14 10:26:39,8,10,1193,2087
2023-03-14 10:26:49,8,9,1193,2087
2023-03-14 10:26:54,8,9,1227,2121
2023-03-14 10:26:54,8,9,1261,2155
2023-03-14 10:26:55,8,10,1261,2155
2023-03-14 10:28:20,7,10,1261,2155
2023-03-14 10:28:21,8,10,1261,2155
2023-03-14 10:28:28,7,10,1261,2155
2023-03-14 10:28:28,8,10,1261,2155
2023-03-14 10:28:44,7,10,1261,2155
2023-03-14 10:28:44,8,10,1261,2155
2023-03-14 10:28:52,7,10,1261,2155
2023-03-14 10:28:52,8,10,1261,2155
2023-03-14 10:29:18,7,10,1261,2155
2023-03-14 10:29:18,8,10,1261,2155
2023-03-14 10:29:39,7,10,1261,2155
2023-03-14 10:29:39,8,10,1261,2155
2023-03-14 10:29:40,8,9,1261,2155
2023-03-14 10:29:47,7,9,1261,2155
2023-03-14 10:29:47,8,9,1261,2155
2023-03-14 10:30:20,7,9,1261,2155
2023-03-14 10:30:44,7,8,1261,2155
2023-03-14 10:30:50,7,9,1261,2155
2023-03-14 10:31:32,7,8,1261,2155
2023-03-14 10:35:03,7,8,1286,2180
2023-03-14 10:35:03,7,8,1311,2205
2023-03-14 10:35:10,7,8,1351,2245
2023-03-14 10:35:13,7,8,1461,2355
2023-03-14 10:35:13,6,7,1501,2395
2023-03-14 10:35:22,5,7,1501,2395
2023-03-14 10:35:23,7,8,1551,2445
2023-03-14 10:35:31,6,8,1551,2445
2023-03-14 10:35:31,7,8,1551,2445
2023-03-14 10:35:45,6,8,1551,2445
2023-03-14 10:35:45,7,8,1551,2445
2023-03-14 10:35:55,6,8,1551,2445
2023-03-14 10:36:37,7,8,1551,2445
2023-03-14 10:37:16,6,8,1551,2445
2023-03-14 10:38:27,7,8,1551,2445
2023-03-14 10:38:37,6,8,1551,2445
2023-03-14 10:38:37,7,8,1551,2445
2023-03-14 10:38:51,6,8,1551,2445
2023-03-14 10:38:51,7,8,1551,2445
2023-03-14 10:39:21,6,8,1551,2445
2023-03-14 10:39:22,7,8,1551,2445
2023-03-14 10:39:28,6,8,1551,2445
2023-03-14 10:39:28,7,8,1551,2445
2023-03-14 10:39:42,6,8,1551,2445
2023-03-14 10:39:42,7,8,1551,2445
2023-03-14 10:39:49,6,8,1551,2445
2023-03-14 10:39:50,7,8,1551,2445
2023-03-14 10:40:25,6,8,1551,2445
2023-03-14 10:40:32,7,8,1551,2445
2023-03-14 10:40:39,6,8,1551,2445
2023-03-14 10:40:39,7,8,1551,2445
2023-03-14 10:40:49,6,8,1551,2445
2023-03-14 10:41:07,6,8,1552,2446
2023-03-14 10:42:37,7,8,1552,2446
2023-03-14 10:42:49,6,8,1552,2446
2023-03-14 10:42:49,7,8,1552,2446
2023-03-14 10:43:18,6,8,1552,2446
2023-03-14 10:43:39,7,8,1552,2446
2023-03-14 10:43:48,6,8,1552,2446
2023-03-14 10:43:48,7,8,1552,2446
2023-03-14 10:44:19,6,8,1552,2446
2023-03-14 10:44:19,7,8,1552,2446
2023-03-14 10:44:31,6,8,1552,2446
2023-03-14 10:44:31,7,8,1552,2446
2023-03-14 10:44:43,6,8,1552,2446
2023-03-14 10:44:43,7,8,1552,2446
2023-03-14 10:44:50,6,8,1552,2446
2023-03-14 10:44:50,7,8,1552,2446
2023-03-14 10:45:22,6,8,1552,2446
2023-03-14 10:45:22,7,8,1552,2446
2023-03-14 10:45:30,6,8,1552,2446
2023-03-14 10:45:30,7,8,1552,2446
2023-03-14 10:45:35,7,8,1552,2447
2023-03-14 10:45:43,6,8,1552,2447
2023-03-14 10:45:43,7,8,1552,2447
2023-03-14 10:45:49,6,8,1552,2447
2023-03-14 10:45:49,7,8,1552,2447
2023-03-14 10:46:17,6,8,1552,2447
2023-03-14 10:46:42,6,7,1552,2447
2023-03-14 10:46:43,6,7,1559,2454
2023-03-14 10:46:45,6,8,1559,2454
2023-03-14 10:46:46,6,7,1559,2454
2023-03-14 10:47:22,6,8,1559,2454
2023-03-14 10:47:24,6,7,1559,2454
2023-03-14 10:47:42,6,8,1559,2454
2023-03-14 10:47:42,6,7,1559,2454
2023-03-14 10:48:21,6,8,1559,2454
2023-03-14 10:48:22,6,7,1559,2454
2023-03-14 10:48:29,6,8,1559,2454
2023-03-14 10:48:29,6,7,1559,2454
2023-03-14 10:48:49,6,8,1559,2454
2023-03-14 10:48:50,6,7,1559,2454
2023-03-14 10:49:19,6,8,1559,2454
2023-03-14 10:49:20,6,7,1559,2454
2023-03-14 10:49:36,6,8,1559,2454
2023-03-14 10:49:36,6,7,1559,2454
2023-03-14 10:50:17,6,8,1559,2454
2023-03-14 10:50:18,6,7,1559,2454
2023-03-14 10:50:18,6,8,1559,2454
2023-03-14 10:50:18,6,7,1559,2454
2023-03-14 10:50:30,6,8,1559,2454
2023-03-14 10:50:31,6,7,1559,2454
2023-03-14 10:50:36,6,8,1559,2454
2023-03-14 10:50:37,6,7,1559,2454
2023-03-14 10:50:49,6,8,1559,2454
2023-03-14 10:51:22,6,7,1559,2454
2023-03-14 10:51:28,6,8,1559,2454
2023-03-14 10:51:29,6,7,1559,2454
2023-03-14 10:51:39,6,8,1559,2454
2023-03-14 10:51:40,6,7,1559,2454
2023-03-14 10:51:46,6,8,1559,2454
2023-03-14 10:51:47,6,7,1559,2454
2023-03-14 10:52:20,6,8,1559,2454
2023-03-14 10:52:21,6,7,1559,2454
2023-03-14 10:53:42,6,7,1563,2458
2023-03-14 10:54:06,6,7,1567,2462
2023-03-14 10:54:08,6,7,1567,2466
2023-03-14 10:54:28,6,7,1571,2470
2023-03-14 10:54:29,6,7,1571,2474
2023-03-14 10:54:49,6,7,1571,2478
2023-03-14 10:55:46,6,8,1571,2478
2023-03-14 10:55:47,6,7,1571,2478
2023-03-14 10:55:54,6,8,1571,2478
2023-03-14 10:55:54,6,7,1571,2478
2023-03-14 10:56:29,6,8,1571,2478
2023-03-14 10:56:29,6,7,1571,2478
2023-03-14 10:56:55,6,7,1575,2482
2023-03-14 10:56:58,5,7,1575,2482
2023-03-14 10:56:58,6,7,1575,2482
2023-03-14 10:57:00,6,7,1725,2632
2023-03-14 10:57:17,6,8,1725,2632
2023-03-14 10:57:17,6,7,1725,2632
2023-03-14 10:57:19,5,7,1725,2632
2023-03-14 10:57:20,6,7,1725,2632
2023-03-14 10:57:34,6,8,1725,2632
2023-03-14 10:58:13,6,8,1725,2636
2023-03-14 10:58:19,5,8,1725,2636
2023-03-14 10:58:19,6,8,1725,2636
2023-03-14 10:58:52,6,9,1725,2636
2023-03-14 10:58:52,7,9,1725,2636
2023-03-14 10:58:52,7,8,1725,2636
2023-03-14 10:59:08,7,9,1725,2636
2023-03-14 10:59:13,7,8,1725,2636
2023-03-14 10:59:21,7,9,1725,2636
2023-03-14 10:59:30,7,10,1725,2636
2023-03-14 10:59:30,8,10,1725,2636
2023-03-14 10:59:32,8,9,1725,2636
2023-03-14 10:59:44,7,9,1725,2636
2023-03-14 10:59:44,7,8,1725,2636
2023-03-14 10:59:44,7,9,1725,2636
2023-03-14 10:59:46,7,8,1725,2636
2023-03-14 10:59:46,7,9,1725,2636
2023-03-14 10:59:52,7,10,1725,2636
2023-03-14 10:59:52,7,9,1725,2636
2023-03-14 11:00:12,7,10,1725,2636
2023-03-14 11:00:13,7,9,1725,2636
2023-03-14 11:00:13,7,8,1725,2636
2023-03-14 11:00:18,7,9,1725,2636
2023-03-14 11:00:21,7,8,1725,2636
2023-03-14 11:00:28,7,9,1725,2636
2023-03-14 11:00:30,7,10,1725,2636
2023-03-14 11:00:30,7,9,1725,2636
2023-03-14 11:00:32,7,8,1725,2636
2023-03-14 11:00:47,7,9,1725,2636
2023-03-14 11:00:48,7,10,1725,2637
2023-03-14 11:00:48,7,9,1725,2637
2023-03-14 11:01:26,6,9,1725,2637
2023-03-14 11:01:27,7,9,1725,2637
2023-03-14 11:01:33,7,9,1725,2641
2023-03-14 11:01:40,6,9,1725,2641
2023-03-14 11:01:40,6,8,1725,2641
2023-03-14 11:01:50,6,9,1725,2641
2023-03-14 11:01:50,6,8,1725,2641
2023-03-14 11:01:53,6,7,1725,2641
2023-03-14 11:02:12,6,8,1725,2641
2023-03-14 11:02:22,7,8,1725,2641
2023-03-14 11:02:32,7,9,1725,2641
2023-03-14 11:02:33,7,8,1725,2641
2023-03-14 11:02:46,6,8,1725,2641
2023-03-14 11:02:52,6,9,1725,2641
2023-03-14 11:02:52,6,8,1725,2641
2023-03-14 11:03:12,6,7,1725,2641
2023-03-14 11:03:32,6,8,1725,2641
2023-03-14 11:03:33,6,7,1725,2641
2023-03-14 11:03:51,6,8,1725,2641
2023-03-14 11:03:53,6,7,1725,2641
2023-03-14 11:04:12,6,8,1725,2641
2023-03-14 11:04:13,6,7,1725,2641
2023-03-14 11:04:28,6,8,1725,2641
2023-03-14 11:04:32,6,7,1725,2641
2023-03-14 11:04:51,6,8,1725,2641
2023-03-14 11:04:52,6,7,1725,2641
2023-03-14 11:05:12,6,8,1725,2641
2023-03-14 11:05:32,6,7,1725,2641
2023-03-14 11:05:52,6,8,1725,2641
2023-03-14 11:05:53,6,7,1725,2641
2023-03-14 11:06:13,6,8,1725,2641
2023-03-14 11:06:13,6,7,1725,2641
2023-03-14 11:06:23,5,7,1725,2641
2023-03-14 11:06:23,6,7,1725,2641
2023-03-14 11:06:31,6,8,1725,2641
2023-03-14 11:06:33,6,7,1725,2641
2023-03-14 11:06:51,6,8,1725,2641
2023-03-14 11:06:52,6,7,1725,2641
2023-03-14 11:07:12,6,8,1725,2641
2023-03-14 11:07:12,6,7,1725,2641
2023-03-14 11:07:18,5,7,1725,2641
2023-03-14 11:07:29,5,8,1725,2641
2023-03-14 11:07:29,5,7,1725,2641
2023-03-14 11:07:53,5,6,1725,2641
2023-03-14 11:08:13,5,7,1725,2641
2023-03-14 11:08:13,5,6,1725,2641
2023-03-14 11:08:24,5,6,1726,2642
2023-03-14 11:08:32,5,7,1726,2642
2023-03-14 11:08:32,5,6,1726,2642
2023-03-14 11:08:52,5,7,1726,2642
2023-03-14 11:09:33,5,6,1726,2642
2023-03-14 11:09:48,5,7,1726,2642
2023-03-14 11:09:53,5,6,1726,2642
2023-03-14 11:10:13,5,7,1726,2642
2023-03-14 11:10:13,5,6,1726,2642
2023-03-14 11:10:32,5,7,1726,2642
2023-03-14 11:10:33,5,6,1726,2642
2023-03-14 11:10:48,5,7,1726,2642
2023-03-14 11:10:53,5,6,1726,2642
2023-03-14 11:11:13,5,7,1726,2642
2023-03-14 11:11:13,5,6,1726,2642
2023-03-14 11:11:28,5,7,1726,2642
2023-03-14 11:11:33,5,6,1726,2642
2023-03-14 11:11:48,5,7,1726,2642
2023-03-14 11:11:52,5,6,1726,2642
2023-03-14 11:12:13,5,7,1726,2642
2023-03-14 11:12:13,5,6,1726,2642
2023-03-14 11:12:33,5,7,1726,2642
2023-03-14 11:12:33,5,6,1726,2642
2023-03-14 11:12:49,5,7,1726,2642
2023-03-14 11:12:53,5,6,1726,2642
2023-03-14 11:13:13,5,7,1726,2642
2023-03-14 11:13:13,5,6,1726,2642
2023-03-14 11:13:28,5,7,1726,2642
2023-03-14 11:13:28,5,6,1726,2642
2023-03-14 11:14:29,5,7,1726,2642
2023-03-14 11:14:29,5,6,1726,2642
2023-03-14 11:15:33,5,7,1726,2642
2023-03-14 11:15:33,5,6,1726,2642
2023-03-14 11:15:49,5,7,1726,2642
2023-03-14 11:15:50,5,6,1726,2642
2023-03-14 11:15:53,5,6,1726,2646
2023-03-14 11:16:37,5,6,1734,2654
2023-03-14 11:17:19,4,5,1734,2656
2023-03-14 11:17:27,4,6,1734,2656
2023-03-14 11:17:28,4,5,1734,2656
2023-03-14 11:17:28,4,6,1734,2656
2023-03-14 11:17:29,4,5,1734,2656
2023-03-14 11:17:32,4,6,1734,2656
2023-03-14 11:18:48,4,5,1734,2656
2023-03-14 11:19:35,4,6,1734,2656
2023-03-14 11:21:18,5,6,1734,2656
2023-03-14 11:21:38,4,5,1734,2676
2023-03-14 11:21:44,4,6,1734,2676
2023-03-14 11:22:02,4,5,1734,2676
2023-03-14 11:24:28,4,5,1734,2710
2023-03-14 11:24:46,3,5,1950,2926
2023-03-14 11:27:13,4,5,1950,2926
2023-03-14 11:27:31,3,5,1950,2926
2023-03-14 11:27:35,4,5,1950,2926
2023-03-14 11:30:23,4,5,1954,2930
2023-03-14 11:30:23,4,5,2050,3026
2023-03-14 11:30:26,3,5,2171,3147
2023-03-14 11:30:31,2,5,2171,3147
2023-03-14 11:30:31,3,5,2171,3147
2023-03-14 11:30:32,3,4,2171,3147
2023-03-14 11:30:32,3,5,2171,3147
2023-03-14 11:30:37,3,4,2171,3147
2023-03-14 11:30:46,3,5,2171,3147
2023-03-14 11:30:53,3,5,2212,3188
2023-03-14 11:31:12,2,5,2212,3188
2023-03-14 11:31:12,3,5,2212,3188
2023-03-14 11:31:18,3,4,2212,3188
2023-03-14 11:31:31,2,4,2212,3188
2023-03-14 11:31:31,2,5,2212,3188
2023-03-14 11:31:32,2,4,2212,3188
2023-03-14 11:31:33,3,4,2212,3188
2023-03-14 11:31:43,3,5,2212,3188
2023-03-14 11:31:43,3,4,2212,3188
2023-03-14 11:31:53,2,4,2212,3188
2023-03-14 11:31:53,3,4,2212,3188
2023-03-14 11:31:53,3,5,2212,3188
2023-03-14 11:31:53,3,4,2212,3188
2023-03-14 11:32:06,3,5,2212,3188
2023-03-14 11:32:06,3,4,2212,3188
2023-03-14 11:32:13,2,4,2212,3188
2023-03-14 11:32:13,3,4,2212,3188
2023-03-14 11:32:32,2,4,2212,3188
2023-03-14 11:32:33,3,4,2212,3188
2023-03-14 11:32:35,2,4,2216,3192
2023-03-14 11:32:40,2,3,2216,3192
2023-03-14 11:32:46,2,4,2216,3192
2023-03-14 11:32:53,2,3,2216,3192
2023-03-14 11:33:09,2,4,2216,3192
2023-03-14 11:33:13,2,3,2216,3192
2023-03-14 11:33:29,2,4,2216,3192
2023-03-14 11:33:33,2,3,2216,3192
2023-03-14 11:33:49,2,4,2216,3192
2023-03-14 11:33:53,2,3,2216,3192
2023-03-14 11:34:13,2,4,2216,3192
2023-03-14 11:35:09,2,5,2216,3192
2023-03-14 11:35:10,3,5,2216,3192
2023-03-14 11:35:13,3,4,2216,3192
2023-03-14 11:35:29,3,5,2216,3192
2023-03-14 11:35:33,3,4,2216,3192
2023-03-14 11:35:49,3,5,2216,3192
2023-03-14 11:35:53,3,4,2216,3192
2023-03-14 11:36:13,3,5,2216,3192
2023-03-14 11:36:13,3,4,2216,3192
2023-03-14 11:36:31,3,5,2216,3192
2023-03-14 11:36:33,3,4,2216,3192
2023-03-14 11:36:51,3,5,2216,3192
2023-03-14 11:36:53,3,4,2216,3192
2023-03-14 11:37:10,3,5,2216,3192
2023-03-14 11:37:13,3,4,2216,3192
2023-03-14 11:37:53,3,4,2216,3196
2023-03-14 11:40:26,3,4,2344,3324
2023-03-14 11:40:45,3,4,2387,3367
2023-03-14 11:44:31,3,4,2391,3371
2023-03-14 11:44:50,2,4,2462,3442
2023-03-14 11:44:50,2,3,2462,3442
2023-03-14 11:44:51,2,4,2462,3442
2023-03-14 11:45:33,3,4,2462,3442
2023-03-14 11:45:51,2,4,2462,3442
2023-03-14 11:46:13,3,4,2462,3442
2023-03-14 11:46:31,2,4,2462,3442
2023-03-14 11:47:13,3,4,2462,3442
2023-03-14 11:47:28,2,4,2462,3442
2023-03-14 11:47:33,3,4,2462,3442
2023-03-14 11:47:50,2,4,2462,3442
2023-03-14 11:47:51,2,5,2462,3442
2023-03-14 11:47:52,2,4,2462,3442
2023-03-14 11:47:53,3,4,2462,3442
2023-03-14 11:48:11,2,4,2462,3442
2023-03-14 11:48:13,3,4,2462,3442
2023-03-14 11:48:24,3,5,2462,3442
2023-03-14 11:48:24,3,4,2462,3442
2023-03-14 11:48:29,2,4,2462,3442
2023-03-14 11:48:32,2,5,2462,3442
2023-03-14 11:48:32,2,4,2462,3442
2023-03-14 11:48:33,3,4,2462,3442
2023-03-14 11:48:45,3,5,2462,3442
2023-03-14 11:48:45,3,4,2462,3442
2023-03-14 11:48:52,2,4,2462,3442
2023-03-14 11:48:53,3,4,2462,3442
2023-03-14 11:49:09,2,4,2462,3442
2023-03-14 11:49:14,3,4,2462,3442
2023-03-14 11:49:28,2,4,2462,3442
2023-03-14 11:49:33,3,4,2462,3442
2023-03-14 11:49:40,3,5,2462,3442
2023-03-14 11:49:40,3,4,2462,3442
2023-03-14 11:49:46,3,5,2462,3442
2023-03-14 11:49:47,3,4,2462,3442
2023-03-14 11:49:53,2,4,2462,3442
2023-03-14 11:49:53,3,4,2462,3442
2023-03-14 11:50:08,2,4,2462,3442
2023-03-14 11:50:13,3,4,2462,3442
2023-03-14 11:50:29,2,4,2462,3442
2023-03-14 11:50:31,2,5,2462,3442
2023-03-14 11:50:31,2,4,2462,3442
2023-03-14 11:50:33,3,4,2462,3442
2023-03-14 11:50:45,3,5,2462,3442
2023-03-14 11:50:46,3,4,2462,3442
2023-03-14 11:50:49,2,4,2462,3442
2023-03-14 11:50:53,3,4,2462,3442
2023-03-14 11:51:51,2,4,2462,3442
2023-03-14 11:51:53,3,4,2462,3442
2023-03-14 11:52:09,2,4,2462,3442
2023-03-14 11:53:33,3,4,2462,3442
2023-03-14 11:53:49,2,4,2462,3442
2023-03-14 11:54:13,3,4,2462,3442
2023-03-14 11:54:30,2,4,2462,3442
2023-03-14 11:54:33,3,4,2462,3442
2023-03-14 11:54:48,2,4,2462,3442
2023-03-14 11:55:13,3,4,2462,3442
2023-03-14 11:55:30,2,4,2462,3442
2023-03-14 11:55:33,3,4,2462,3442
2023-03-14 11:55:48,2,4,2462,3442
2023-03-14 11:55:53,3,4,2462,3442
2023-03-14 11:56:11,2,4,2462,3442
2023-03-14 11:57:33,3,4,2462,3442
2023-03-14 11:57:49,2,4,2462,3442
2023-03-14 11:57:53,3,4,2462,3442
2023-03-14 11:58:11,2,4,2462,3442
2023-03-14 11:58:13,3,4,2462,3442
2023-03-14 11:58:30,2,4,2462,3442
2023-03-14 11:58:33,3,4,2462,3442
2023-03-14 11:58:48,2,4,2462,3442
2023-03-14 11:58:53,3,4,2462,3442
2023-03-14 11:59:10,2,4,2462,3442
2023-03-14 11:59:13,3,4,2462,3442
2023-03-14 11:59:29,2,4,2462,3442
2023-03-14 11:59:33,3,4,2462,3442
2023-03-14 11:59:49,2,4,2462,3442
2023-03-14 11:59:53,3,4,2462,3442
2023-03-14 12:00:05,3,4,2462,3443
2023-03-14 12:00:10,2,4,2462,3443
2023-03-14 12:03:32,2,5,2462,3443
2023-03-14 12:03:32,2,4,2462,3443
2023-03-14 12:03:51,2,5,2462,3443
2023-03-14 12:03:55,2,4,2462,3443
2023-03-14 12:04:14,2,5,2462,3443
2023-03-14 12:04:15,2,4,2462,3443
2023-03-14 12:04:32,2,5,2462,3443
2023-03-14 12:04:32,2,4,2462,3443
2023-03-14 12:05:49,2,9,2462,3443
2023-03-14 12:05:49,2,8,2462,3443
2023-03-14 12:05:49,2,5,2462,3443
2023-03-14 12:05:49,2,4,2462,3443
2023-03-14 12:06:15,3,4,2462,3443
2023-03-14 12:06:21,3,5,2462,3443
2023-03-14 12:07:29,3,5,2463,3444
2023-03-14 12:07:35,3,4,2463,3444
2023-03-14 12:07:50,3,5,2463,3444
2023-03-14 12:07:58,3,4,2463,3444
2023-03-14 12:08:21,3,5,2463,3444
2023-03-14 12:08:21,3,4,2463,3444
2023-03-14 12:08:33,3,5,2463,3444
2023-03-14 12:08:33,3,6,2463,3444
2023-03-14 12:08:33,3,5,2463,3444
2023-03-14 12:08:40,3,4,2463,3444
2023-03-14 12:09:30,3,5,2463,3444
2023-03-14 12:09:30,3,4,2463,3444
2023-03-14 12:09:52,3,5,2463,3444
2023-03-14 12:09:55,3,4,2463,3444
2023-03-14 12:10:15,3,5,2463,3444
2023-03-14 12:10:15,3,4,2463,3444
2023-03-14 12:10:15,2,4,2463,3444
2023-03-14 12:13:15,2,3,2463,3444
2023-03-14 12:13:35,2,4,2463,3444
2023-03-14 12:13:51,2,3,2463,3444
2023-03-14 12:14:35,2,4,2463,3444
2023-03-14 12:14:42,2,3,2463,3444
2023-03-14 12:14:54,2,4,2463,3444
2023-03-14 12:20:21,2,4,2457,3450
2023-03-14 12:20:55,2,5,2457,3450
2023-03-14 12:20:55,3,5,2457,3450
2023-03-14 12:21:13,2,5,2457,3450
2023-03-14 12:21:15,3,5,2457,3450
2023-03-14 12:21:33,2,5,2457,3450
2023-03-14 12:21:35,3,5,2457,3450
2023-03-14 12:21:52,2,4,2457,3450
2023-03-14 12:21:54,2,5,2457,3450
2023-03-14 12:21:54,2,4,2457,3450
2023-03-14 12:21:55,3,4,2457,3450
2023-03-14 12:22:12,2,4,2457,3450
2023-03-14 12:22:14,2,5,2457,3450
2023-03-14 12:22:14,2,4,2457,3450
2023-03-14 12:22:15,3,4,2457,3450
2023-03-14 12:22:19,3,5,2457,3450
2023-03-14 12:22:20,3,4,2457,3450
2023-03-14 12:22:31,2,5,2457,3450
2023-03-14 12:22:32,2,4,2457,3450
2023-03-14 12:22:35,3,4,2457,3450
2023-03-14 12:22:46,3,5,2457,3450
2023-03-14 12:22:46,3,4,2457,3450
2023-03-14 12:22:46,3,5,2457,3450
2023-03-14 12:22:52,2,5,2457,3450
2023-03-14 12:22:55,3,5,2457,3450
2023-03-14 12:23:32,2,5,2457,3450
2023-03-14 12:23:33,2,4,2457,3450
2023-03-14 12:23:52,2,5,2457,3450
2023-03-14 12:23:55,2,4,2457,3450
2023-03-14 12:24:16,3,5,2457,3450
2023-03-14 12:24:31,2,5,2457,3451
2023-03-14 12:24:35,3,5,2457,3451
2023-03-14 12:24:54,2,5,2457,3451
2023-03-14 12:24:55,3,5,2457,3451
2023-03-14 12:25:11,3,6,2457,3451
2023-03-14 12:25:16,3,5,2457,3451
2023-03-14 12:25:35,3,6,2457,3451
2023-03-14 12:25:35,4,6,2457,3451
2023-03-14 12:25:35,3,4,2456,3455
2023-03-14 12:25:52,3,6,2456,3455
2023-03-14 12:25:52,3,5,2456,3455
2023-03-14 12:25:55,4,5,2456,3455
2023-03-14 12:26:14,4,5,2460,3459
2023-03-14 12:26:14,3,5,2460,3459
2023-03-14 12:26:29,3,4,2460,3459
2023-03-14 12:27:42,3,5,2460,3459
2023-03-14 12:27:43,3,4,2460,3459
2023-03-14 12:28:04,3,5,2460,3459
2023-03-14 12:28:08,3,4,2460,3459
2023-03-14 12:28:23,3,5,2460,3459
2023-03-14 12:28:27,3,4,2460,3459
2023-03-14 12:28:47,3,5,2460,3459
2023-03-14 12:28:48,3,4,2460,3459
2023-03-14 12:29:08,3,5,2460,3459
2023-03-14 12:29:08,3,4,2460,3459
2023-03-14 12:29:23,3,5,2460,3459
2023-03-14 12:29:28,3,4,2460,3459
2023-03-14 12:29:45,3,5,2460,3459
2023-03-14 12:29:48,3,4,2460,3459
2023-03-14 12:30:07,3,5,2460,3459
2023-03-14 12:30:08,3,4,2460,3459
2023-03-14 12:30:27,3,5,2460,3459
2023-03-14 12:30:28,3,4,2460,3459
2023-03-14 12:30:47,3,5,2460,3459
2023-03-14 12:30:48,3,5,2461,3463
2023-03-14 12:31:06,2,5,2461,3463
2023-03-14 12:31:08,2,4,2461,3463
2023-03-14 12:31:27,2,5,2461,3463
2023-03-14 12:31:28,2,4,2461,3463
2023-03-14 12:31:29,3,4,2461,3463
2023-03-14 12:31:45,3,5,2461,3463
2023-03-14 12:31:48,3,4,2461,3463
2023-03-14 12:32:00,3,4,2481,3483
2023-03-14 12:32:00,2,3,2494,3496
2023-03-14 12:42:08,2,3,2497,3500
2023-03-14 12:48:51,2,3,2497,3510
2023-03-14 12:49:50,2,3,2510,3523
2023-03-14 12:50:50,2,3,2625,3638
2023-03-14 12:50:56,2,3,2642,3655
2023-03-14 12:51:04,2,3,2664,3677
2023-03-14 12:51:04,2,3,2686,3699
2023-03-14 12:55:34,2,3,2716,3729
2023-03-14 13:05:49,2,3,2717,3730
2023-03-14 13:10:01,2,3,2806,3819
2023-03-14 13:10:13,2,3,2919,3932
2023-03-14 13:10:17,2,4,2919,3932
2023-03-14 13:10:27,2,5,2919,3932
2023-03-14 13:10:28,3,5,2919,3932
2023-03-14 13:10:46,2,5,2919,3932
2023-03-14 13:10:49,2,4,2919,3932
2023-03-14 13:11:06,2,5,2919,3932
2023-03-14 13:11:08,2,4,2919,3932
2023-03-14 13:11:28,3,5,2919,3932
2023-03-14 13:11:44,2,5,2919,3932
2023-03-14 13:11:48,3,5,2919,3932
2023-03-14 13:12:06,2,5,2919,3932
2023-03-14 13:12:08,3,5,2919,3932
2023-03-14 13:12:22,3,5,2954,3967
2023-03-14 13:12:28,3,4,2954,3967
2023-03-14 13:12:38,2,4,2954,3967
2023-03-14 13:12:38,3,4,2954,3967
2023-03-14 13:12:47,3,5,2954,3967
2023-03-14 13:12:48,3,5,2954,3971
2023-03-14 13:14:54,4,5,2954,3971
2023-03-14 13:15:22,4,6,3311,4535
2023-03-14 13:15:28,5,6,3311,4535
2023-03-14 13:15:32,5,6,3360,4584
2023-03-14 13:15:40,5,7,3360,4584
2023-03-14 13:15:47,5,8,3360,4584
2023-03-14 13:15:48,5,6,3360,4584
2023-03-14 13:16:03,5,8,3360,4584
2023-03-14 13:16:08,5,7,3360,4584
2023-03-14 13:16:11,5,7,3364,4588
2023-03-14 13:16:21,7,9,3364,4592
2023-03-14 13:16:28,6,10,3236,4720
2023-03-14 13:16:28,6,9,3236,4720
2023-03-14 13:16:28,8,9,3236,4720
2023-03-14 13:16:29,8,10,3237,4724
2023-03-14 13:16:32,8,11,3327,4814
2023-03-14 13:16:32,8,10,3327,4814
2023-03-14 13:16:33,8,11,3327,4814
2023-03-14 13:16:34,8,11,3327,4814
2023-03-14 13:16:41,8,12,3327,4814
2023-03-14 13:16:43,8,11,3327,4814
2023-03-14 13:16:46,8,11,3454,4941
2023-03-14 13:16:46,8,21,3454,4941
2023-03-14 13:16:47,8,20,3454,4941
2023-03-14 13:16:48,12,20,3454,4941
2023-03-14 13:16:49,12,14,3454,4941
2023-03-14 13:16:49,12,13,3454,4941
2023-03-14 13:16:49,12,14,3454,4941
2023-03-14 13:16:54,12,13,3454,4941
2023-03-14 13:16:56,12,14,3454,4941
2023-03-14 13:16:59,12,13,3454,4941
2023-03-14 13:17:07,9,13,3454,4941
2023-03-14 13:17:09,10,13,3454,4941
2023-03-14 13:17:09,10,12,3454,4941
2023-03-14 13:17:17,10,12,3454,4942
2023-03-14 13:17:27,8,20,3454,4942
2023-03-14 13:17:28,9,20,3454,4942
2023-03-14 13:17:29,9,11,3454,4942
2023-03-14 13:17:30,9,10,3454,4942
2023-03-14 13:17:32,9,11,3454,4942
2023-03-14 13:17:48,8,20,3454,4942
2023-03-14 13:17:48,9,20,3454,4942
2023-03-14 13:17:49,9,11,3454,4942
2023-03-14 13:18:01,9,10,3454,4942
2023-03-14 13:18:08,8,10,3454,4942
2023-03-14 13:18:27,8,9,3454,4942
2023-03-14 13:18:48,8,10,3454,4942
2023-03-14 13:18:48,8,9,3454,4942
2023-03-14 13:19:09,8,10,3454,4942
2023-03-14 13:19:09,8,9,3454,4942
2023-03-14 13:19:28,8,9,3454,4993
2023-03-14 13:21:00,8,9,3369,5078
2023-03-14 13:21:47,8,11,3369,5078
2023-03-14 13:21:49,8,10,3369,5078
2023-03-14 13:22:04,8,12,3369,5078
2023-03-14 13:22:09,8,10,3369,5078
2023-03-14 13:22:24,8,12,3369,5078
2023-03-14 13:22:27,8,18,3369,5078
2023-03-14 13:22:27,8,17,3369,5078
2023-03-14 13:22:28,9,17,3369,5078
2023-03-14 13:22:29,9,11,3369,5078
2023-03-14 13:22:44,8,17,3369,5078
2023-03-14 13:22:45,8,18,3369,5078
2023-03-14 13:22:46,9,18,3369,5078
2023-03-14 13:22:48,9,17,3369,5078
2023-03-14 13:22:49,10,17,3369,5078
2023-03-14 13:22:49,10,12,3369,5078
2023-03-14 13:22:53,10,18,3373,5082
2023-03-14 13:22:58,10,17,3373,5082
2023-03-14 13:23:00,10,12,3373,5082
2023-03-14 13:23:06,9,12,3373,5082
2023-03-14 13:23:09,9,11,3373,5082
2023-03-14 13:23:28,9,12,3373,5082
2023-03-14 13:23:29,9,10,3373,5082
2023-03-14 13:23:40,8,10,3373,5082
2023-03-14 13:23:42,8,9,3373,5082
2023-03-14 13:24:05,8,11,3373,5082
2023-03-14 13:24:09,8,10,3373,5082
2023-03-14 13:24:29,9,11,3373,5082
2023-03-14 13:24:48,8,10,3373,5082
2023-03-14 13:24:54,8,9,3373,5082
2023-03-14 13:24:54,8,10,3373,5082
2023-03-14 13:25:17,8,9,3373,5082
2023-03-14 13:25:45,8,10,3373,5082
2023-03-14 13:25:45,8,11,3373,5082
2023-03-14 13:25:45,8,10,3373,5082
2023-03-14 13:26:00,8,10,3374,5083
2023-03-14 13:26:19,8,9,3374,5083
2023-03-14 13:26:29,8,9,3378,5087
2023-03-14 13:26:32,7,9,3378,5142
2023-03-14 13:26:43,7,9,3378,5236
2023-03-14 13:26:43,7,8,3378,5236
2023-03-14 13:26:47,7,8,3378,5287
2023-03-14 13:26:49,7,8,3382,5291
2023-03-14 13:27:04,7,8,3432,5341
2023-03-14 13:27:06,7,8,3432,5421
2023-03-14 13:27:06,6,8,3432,5421
2023-03-14 13:27:06,4,8,3432,5421
2023-03-14 13:27:07,5,8,3432,5421
2023-03-14 13:27:07,6,8,3432,5421
2023-03-14 13:27:09,7,8,3432,5421
2023-03-14 13:27:11,6,8,3483,5476
2023-03-14 13:27:14,5,8,3483,5476
2023-03-14 13:27:14,6,8,3483,5476
2023-03-14 13:27:20,5,8,3483,5476
2023-03-14 13:27:20,4,8,3483,5476
2023-03-14 13:27:21,5,8,3483,5476
2023-03-14 13:27:21,5,7,3483,5476
2023-03-14 13:27:47,4,7,3483,5476
2023-03-14 13:27:47,4,8,3483,5476
2023-03-14 13:27:49,6,8,3483,5476
2023-03-14 13:28:09,5,8,3483,5476
2023-03-14 13:28:09,5,7,3483,5476
2023-03-14 13:28:29,5,8,3483,5476
2023-03-14 13:28:29,5,7,3483,5476
2023-03-14 13:28:49,6,8,3483,5476
2023-03-14 13:30:08,6,9,3483,5604
2023-03-14 13:30:09,7,9,3483,5604
2023-03-14 13:30:21,6,7,3479,5608
2023-03-14 13:30:22,6,7,3479,5699
2023-03-14 13:30:27,6,8,3479,5699
2023-03-14 13:30:27,6,7,3479,5699
2023-03-14 13:30:28,6,7,3479,5868
2023-03-14 13:30:29,6,7,3475,5872
2023-03-14 13:30:33,6,8,3475,5937
2023-03-14 13:30:33,6,7,3475,5937
2023-03-14 13:31:29,6,7,3479,5941
2023-03-14 13:31:31,6,8,3479,5941
2023-03-14 13:31:31,6,7,3479,5941
2023-03-14 13:32:30,6,8,3479,5941
2023-03-14 13:32:30,6,7,3479,5941
2023-03-14 13:32:47,6,8,3479,5941
2023-03-14 13:32:47,6,7,3479,5941
2023-03-14 13:33:03,6,7,3506,6047
2023-03-14 13:33:07,6,8,3506,6047
2023-03-14 13:33:07,6,7,3506,6047
2023-03-14 13:33:09,6,7,3506,6051
2023-03-14 13:33:24,6,8,3506,6051
2023-03-14 13:33:24,6,9,3506,6051
2023-03-14 13:33:24,6,8,3506,6051
2023-03-14 13:33:29,7,8,3506,6051
2023-03-14 13:33:41,7,9,3506,6051
2023-03-14 13:33:42,7,8,3506,6051
2023-03-14 13:33:49,6,8,3506,6051
2023-03-14 13:34:09,7,8,3506,6051
2023-03-14 13:34:26,6,8,3506,6051
2023-03-14 13:34:40,6,7,3506,6051
2023-03-14 13:34:57,6,8,3506,6051
2023-03-14 13:34:57,6,7,3506,6051
2023-03-14 13:35:09,5,7,3506,6055
2023-03-14 13:35:19,5,8,3506,6055
2023-03-14 13:35:19,6,8,3506,6055
2023-03-14 13:35:28,5,8,3506,6055
2023-03-14 13:35:28,5,7,3506,6055
2023-03-14 13:35:48,5,8,3506,6055
2023-03-14 13:35:48,5,9,3506,6055
2023-03-14 13:35:48,5,8,3506,6055
2023-03-14 13:35:48,5,7,3506,6055
2023-03-14 13:35:49,5,6,3506,6055
2023-03-14 13:36:09,5,7,3506,6055
2023-03-14 13:36:09,5,6,3506,6055
2023-03-14 13:36:24,5,7,3507,6056
2023-03-14 13:37:09,5,6,3507,6056
2023-03-14 13:37:29,5,7,3507,6056
2023-03-14 13:37:49,5,6,3507,6056
2023-03-14 13:37:51,4,6,3507,6056
2023-03-14 13:38:10,4,5,3507,6056
2023-03-14 13:38:27,4,6,3507,6056
2023-03-14 13:38:28,4,7,3507,6056
2023-03-14 13:38:28,4,6,3507,6056
2023-03-14 13:38:29,4,5,3507,6056
2023-03-14 13:38:45,4,6,3507,6056
2023-03-14 13:38:45,4,5,3507,6056
2023-03-14 13:38:46,4,5,3507,6091
2023-03-14 13:39:05,4,6,3507,6091
2023-03-14 13:39:09,4,5,3507,6091
2023-03-14 13:39:20,3,4,3635,6219
2023-03-14 13:39:31,3,5,3635,6219
2023-03-14 13:39:31,3,4,3635,6219
2023-03-14 13:39:43,3,5,3635,6219
2023-03-14 13:40:29,3,4,3635,6219
2023-03-14 13:41:07,3,7,3635,6219
2023-03-14 13:41:07,3,6,3635,6219
2023-03-14 13:41:08,3,7,3635,6219
2023-03-14 13:41:09,3,6,3635,6219
2023-03-14 13:41:09,3,5,3635,6219
2023-03-14 13:41:14,3,4,3635,6219
2023-03-14 13:41:20,3,5,3635,6219
2023-03-14 13:41:28,3,6,3635,6219
2023-03-14 13:41:29,4,6,3635,6219
2023-03-14 13:41:32,5,6,3635,6219
2023-03-14 13:41:32,5,6,3635,6223
2023-03-14 13:41:38,4,6,3635,6223
2023-03-14 13:41:46,5,6,3635,6223
2023-03-14 13:41:47,5,6,3562,6296
2023-03-14 13:41:47,5,6,3489,6369
2023-03-14 13:41:48,5,6,3489,6373
2023-03-14 13:41:49,5,6,3489,6377
2023-03-14 13:41:55,4,6,3489,6377
2023-03-14 13:41:55,3,6,3489,6377
2023-03-14 13:41:55,3,7,3489,6377
2023-03-14 13:41:56,4,7,3489,6377
2023-03-14 13:41:56,4,6,3489,6377
2023-03-14 13:42:09,5,6,3489,6377
2023-03-14 13:42:18,5,7,3489,6377
2023-03-14 13:42:30,5,6,3489,6377
2023-03-14 13:42:44,4,6,3489,6377
2023-03-14 13:42:49,5,6,3489,6377
2023-03-14 13:42:50,5,7,3489,6377
2023-03-14 13:42:50,5,6,3489,6377
2023-03-14 13:43:09,4,6,3489,6377
2023-03-14 13:43:29,4,6,3489,6381
2023-03-14 13:43:32,4,8,3489,6381
2023-03-14 13:43:32,5,8,3489,6381
2023-03-14 13:43:32,5,7,3489,6381
2023-03-14 13:43:41,4,7,3489,6381
2023-03-14 13:43:41,4,8,3489,6381
2023-03-14 13:43:41,5,8,3489,6381
2023-03-14 13:43:41,6,8,3489,6381
2023-03-14 13:43:49,6,7,3489,6381
2023-03-14 13:43:52,6,8,3493,6385
2023-03-14 13:44:20,7,8,3493,6385
2023-03-14 13:44:27,7,9,3493,6385
2023-03-14 13:44:28,7,8,3493,6385
2023-03-14 13:44:29,7,9,3493,6385
2023-03-14 13:44:29,8,9,3493,6385
2023-03-14 13:44:33,9,10,3484,6394
2023-03-14 13:44:41,8,10,3484,6394
2023-03-14 13:44:45,7,10,3484,6394
2023-03-14 13:44:45,9,10,3484,6394
2023-03-14 13:44:52,8,10,3484,6394
2023-03-14 13:45:04,7,10,3484,6394
2023-03-14 13:45:04,8,10,3484,6394
2023-03-14 13:45:29,9,10,3484,6394
2023-03-14 13:45:46,8,10,3484,6394
2023-03-14 13:45:49,8,10,3484,6398
2023-03-14 13:45:52,8,9,3484,6398
2023-03-14 13:45:58,7,9,3448,6666
2023-03-14 13:46:06,6,9,3448,6666
2023-03-14 13:46:06,6,10,3448,6666
2023-03-14 13:46:06,6,9,3448,6666
2023-03-14 13:46:06,6,8,3448,6666
2023-03-14 13:46:09,7,8,3448,6666
2023-03-14 13:46:25,6,8,3448,6666
2023-03-14 13:46:25,6,9,3448,6666
2023-03-14 13:46:25,6,10,3448,6666
2023-03-14 13:46:25,6,9,3448,6666
2023-03-14 13:46:29,8,9,3448,6666
2023-03-14 13:46:54,8,10,3448,6666
2023-03-14 13:46:54,8,9,3448,6666
2023-03-14 13:47:04,7,9,3448,6666
2023-03-14 13:47:12,7,10,3484,6934
2023-03-14 13:47:14,7,9,3484,6934
2023-03-14 13:47:20,7,10,3484,6934
2023-03-14 13:47:20,7,9,3484,6934
2023-03-14 13:47:26,6,10,3761,7211
2023-03-14 13:47:29,9,10,3761,7211
2023-03-14 13:47:29,6,10,3761,7215
2023-03-14 13:47:30,7,10,3761,7215
2023-03-14 13:47:30,7,9,3761,7215
2023-03-14 13:47:46,8,9,3761,7215
2023-03-14 13:47:46,8,10,3761,7215
2023-03-14 13:47:55,8,9,3761,7215
2023-03-14 13:47:55,8,10,3761,7215
2023-03-14 13:48:10,8,9,3761,7215
2023-03-14 13:48:15,8,10,3761,7215
2023-03-14 13:48:29,9,10,3761,7215
2023-03-14 13:48:43,7,10,3761,7215
2023-03-14 13:48:43,8,10,3761,7215
2023-03-14 13:49:07,7,10,3761,7215
2023-03-14 13:49:09,8,10,3761,7215
2023-03-14 13:49:28,7,10,3761,7215
2023-03-14 13:49:28,8,10,3761,7215
2023-03-14 13:49:38,8,9,3761,7215
2023-03-14 13:49:43,7,9,3761,7215
2023-03-14 13:49:43,8,9,3761,7215
2023-03-14 13:49:50,7,9,3761,7215
2023-03-14 13:50:43,7,8,3761,7215
2023-03-14 13:50:52,7,9,3761,7215
2023-03-14 13:51:08,7,9,3682,7294
2023-03-14 13:51:09,8,9,3682,7294
2023-03-14 13:51:29,7,9,3682,7294
2023-03-14 13:52:09,6,9,3682,7294
2023-03-14 13:52:09,6,8,3682,7294
2023-03-14 13:52:29,7,8,3682,7294
2023-03-14 13:52:37,7,9,3682,7294
2023-03-14 13:52:37,7,8,3682,7294
2023-03-14 13:52:44,6,8,3682,7294
2023-03-14 13:52:44,6,9,3682,7294
2023-03-14 13:52:44,6,8,3682,7294
2023-03-14 13:52:46,7,8,3682,7294
2023-03-14 13:53:15,6,8,3682,7294
2023-03-14 13:53:49,7,8,3682,7294
2023-03-14 13:53:51,7,9,3682,7294
2023-03-14 13:54:28,6,9,3682,7294
2023-03-14 13:54:29,7,9,3682,7294
2023-03-14 13:54:43,6,9,3682,7294
2023-03-14 13:54:43,6,8,3682,7294
2023-03-14 13:54:49,7,8,3682,7294
2023-03-14 13:54:51,7,9,3682,7294
2023-03-14 13:54:51,7,8,3682,7294
2023-03-14 13:55:05,6,8,3682,7294
2023-03-14 13:55:05,7,8,3682,7294
2023-03-14 13:55:09,7,8,3682,7298
2023-03-14 13:55:10,7,9,3682,7298
2023-03-14 13:55:10,7,8,3682,7298
2023-03-14 13:55:20,7,8,3699,7315
2023-03-14 13:55:20,7,8,3716,7332
2023-03-14 13:55:22,7,10,3716,7332
2023-03-14 13:55:22,7,9,3716,7332
2023-03-14 13:55:29,7,8,3716,7332
2023-03-14 13:55:40,8,10,3720,7336
2023-03-14 13:55:45,7,10,3720,7336
2023-03-14 13:55:48,8,10,3720,7336
2023-03-14 13:56:09,9,10,3720,7336
2023-03-14 13:56:27,9,11,3720,7346
2023-03-14 13:56:29,9,11,3716,7350
2023-03-14 13:56:29,8,11,3716,7350
2023-03-14 13:56:29,10,11,3716,7350
2023-03-14 13:56:32,11,12,3709,7357
2023-03-14 13:56:36,10,12,3709,7357
2023-03-14 13:56:42,9,12,3709,7357
2023-03-14 13:56:42,8,12,3709,7357
2023-03-14 13:56:42,8,13,3709,7357
2023-03-14 13:56:42,10,13,3709,7357
2023-03-14 13:56:42,10,12,3709,7357
2023-03-14 13:56:49,10,12,3709,7361
2023-03-14 13:56:49,9,12,3709,7361
2023-03-14 13:56:49,10,12,3709,7361
2023-03-14 13:57:09,10,11,3709,7361
2023-03-14 13:57:18,9,11,3709,7361
2023-03-14 13:57:44,8,11,3709,7361
2023-03-14 13:57:44,9,11,3709,7361
2023-03-14 13:57:49,9,10,3709,7361
2023-03-14 13:57:51,8,10,3709,7361
2023-03-14 13:57:51,9,10,3709,7361
2023-03-14 13:58:09,9,11,3709,7361
2023-03-14 13:58:09,9,10,3709,7361
2023-03-14 13:58:11,8,10,3709,7361
2023-03-14 13:58:17,9,10,3709,7361
2023-03-14 13:58:27,8,11,3709,7361
2023-03-14 13:58:27,9,11,3709,7361
2023-03-14 13:58:30,10,11,3709,7361
2023-03-14 13:58:58,9,11,3709,7361
2023-03-14 13:59:03,9,11,3709,7461
2023-03-14 13:59:05,11,12,3709,7461
2023-03-14 13:59:08,9,12,3709,7461
2023-03-14 13:59:09,9,11,3709,7461
2023-03-14 13:59:44,9,12,3709,7461
2023-03-14 13:59:48,9,12,3759,7511
2023-03-14 13:59:49,9,11,3759,7511
2023-03-14 13:59:51,10,11,3759,7511
2023-03-14 13:59:58,9,11,3759,7511
2023-03-14 13:59:59,10,11,3759,7511
2023-03-14 14:00:08,9,12,3531,7739
2023-03-14 14:00:10,9,10,3531,7739
2023-03-14 14:00:17,8,10,3450,7988
2023-03-14 14:00:19,9,10,3450,7988
2023-03-14 14:00:25,8,11,3450,7988
2023-03-14 14:00:25,8,10,3450,7988
2023-03-14 14:00:25,8,9,3450,7988
2023-03-14 14:00:32,8,10,3450,7988
2023-03-14 14:00:34,9,10,3450,7988
2023-03-14 14:00:41,8,10,3450,7988
2023-03-14 14:00:55,8,10,3491,8033
2023-03-14 14:01:03,7,10,3491,8033
2023-03-14 14:01:03,8,10,3491,8033
2023-03-14 14:01:09,8,11,3491,8109
2023-03-14 14:01:09,9,11,3491,8109
2023-03-14 14:01:16,9,13,3870,8621
2023-03-14 14:01:16,9,11,3870,8621
2023-03-14 14:01:19,9,13,3870,8646
2023-03-14 14:01:19,9,12,3870,8646
2023-03-14 14:01:19,9,13,3870,8646
2023-03-14 14:01:19,11,13,3870,8646
2023-03-14 14:01:22,11,17,4101,8900
2023-03-14 14:01:22,11,16,4101,8900
2023-03-14 14:01:23,11,14,4101,8900
2023-03-14 14:01:23,11,13,4101,8900
2023-03-14 14:01:23,11,12,4101,8900
2023-03-14 14:01:28,11,12,4105,8904
2023-03-14 14:01:31,11,13,4105,8904
2023-03-14 14:01:31,11,12,4105,8904
2023-03-14 14:01:38,11,13,4105,8904
2023-03-14 14:01:38,11,12,4105,8904
2023-03-14 14:01:39,11,12,4160,8959
2023-03-14 14:01:45,10,12,4160,8959
2023-03-14 14:01:45,10,13,4160,8959
2023-03-14 14:01:45,12,13,4160,8959
2023-03-14 14:01:49,12,13,4160,8963
2023-03-14 14:01:52,11,13,4160,8963
2023-03-14 14:01:52,10,13,4160,8963
2023-03-14 14:01:53,12,13,4160,8963
2023-03-14 14:02:03,11,13,4112,9011
2023-03-14 14:02:27,10,13,4112,9011
2023-03-14 14:02:27,11,13,4112,9011
2023-03-14 14:02:47,10,13,4112,9011
2023-03-14 14:02:47,9,13,4112,9011
2023-03-14 14:02:48,10,13,4112,9011
2023-03-14 14:02:48,10,12,4112,9011
2023-03-14 14:02:49,10,11,4112,9011
2023-03-14 14:03:09,11,12,4112,9011
2023-03-14 14:03:18,11,13,4112,9011
2023-03-14 14:03:29,12,13,4112,9011
2023-03-14 14:03:34,12,14,4112,9011
2023-03-14 14:03:49,12,17,4438,9337
2023-03-14 14:03:49,11,17,4438,9337
2023-03-14 14:03:49,11,21,4438,9337
2023-03-14 14:03:49,11,16,4438,9337
2023-03-14 14:03:49,11,21,4438,9337
2023-03-14 14:03:49,14,21,4438,9337
2023-03-14 14:03:49,14,17,4438,9337
2023-03-14 14:03:49,12,14,4438,9341
2023-03-14 14:03:54,13,14,4438,9341
2023-03-14 14:04:01,13,16,4438,9341
2023-03-14 14:04:01,13,15,4438,9341
2023-03-14 14:04:06,14,15,4438,9341
2023-03-14 14:04:06,13,15,4418,9361
2023-03-14 14:04:10,13,15,4418,9365
2023-03-14 14:04:17,12,15,4418,9365
2023-03-14 14:04:17,13,15,4418,9365
2023-03-14 14:04:29,14,15,4418,9365
2023-03-14 14:04:40,13,15,4418,9365
2023-03-14 14:04:40,14,15,4418,9365
2023-03-14 14:04:49,14,15,4418,9369
2023-03-14 14:04:51,13,15,4418,9369
2023-03-14 14:04:51,12,15,4418,9369
2023-03-14 14:04:51,13,15,4418,9369
2023-03-14 14:05:09,14,15,4418,9369
2023-03-14 14:05:19,14,16,4418,9369
2023-03-14 14:05:29,15,16,4418,9369
2023-03-14 14:05:38,15,17,4418,9369
2023-03-14 14:05:49,14,17,4418,9369
2023-03-14 14:05:49,14,17,4418,9373
2023-03-14 14:05:49,15,17,4418,9373
2023-03-14 14:05:49,16,17,4418,9373
2023-03-14 14:06:19,15,17,4418,9373
2023-03-14 14:06:25,14,17,4418,9373
2023-03-14 14:06:29,16,17,4418,9373
2023-03-14 14:06:49,15,17,4418,9373
2023-03-14 14:07:09,16,17,4418,9373
2023-03-14 14:07:30,16,18,4418,9373
2023-03-14 14:08:06,16,20,4418,9373
2023-03-14 14:08:07,17,20,4418,9373
2023-03-14 14:08:09,17,19,4418,9373
2023-03-14 14:08:09,18,19,4418,9373
2023-03-14 14:08:10,18,20,4418,9373
2023-03-14 14:08:16,19,20,4418,9373
2023-03-14 14:08:17,20,21,4418,9377
2023-03-14 14:08:19,21,23,4403,9392
2023-03-14 14:08:19,21,22,4403,9392
2023-03-14 14:08:20,21,23,4403,9392
2023-03-14 14:08:26,19,23,4403,9392
2023-03-14 14:08:28,20,23,4403,9392
2023-03-14 14:08:29,20,22,4403,9392
2023-03-14 14:08:29,20,23,4403,9396
2023-03-14 14:08:29,20,22,4403,9396
2023-03-14 14:08:29,20,23,4403,9396
2023-03-14 14:08:31,19,23,4403,9396
2023-03-14 14:08:35,19,22,4403,9396
2023-03-14 14:08:36,18,22,4403,9396
2023-03-14 14:08:47,18,21,4403,9396
2023-03-14 14:08:47,18,19,4403,9396
2023-03-14 14:09:01,16,18,4403,9400
2023-03-14 14:09:02,15,18,4403,9400
2023-03-14 14:09:09,15,17,4403,9400
2023-03-14 14:09:18,15,17,4403,9401
2023-03-14 14:09:29,15,16,4403,9401
2023-03-14 14:09:39,16,17,4403,9405
2023-03-14 14:09:53,15,17,4403,9405
2023-03-14 14:09:58,15,16,4403,9405
2023-03-14 14:10:14,15,16,4371,9496
2023-03-14 14:10:16,14,16,4371,9496
2023-03-14 14:10:16,15,16,4371,9496
2023-03-14 14:10:21,14,16,4371,9496
2023-03-14 14:10:25,14,15,4371,9496
2023-03-14 14:10:33,13,15,4371,9496
2023-03-14 14:10:33,14,15,4371,9496
2023-03-14 14:10:46,14,16,4371,9496
2023-03-14 14:10:46,13,16,4371,9496
2023-03-14 14:10:46,13,15,4371,9496
2023-03-14 14:10:54,13,14,4371,9496
2023-03-14 14:11:14,12,14,4190,9677
2023-03-14 14:11:14,13,14,4190,9677
2023-03-14 14:11:21,12,14,4190,9677
2023-03-14 14:11:21,12,13,4190,9677
2023-03-14 14:11:24,11,13,4190,9677
2023-03-14 14:11:29,12,13,4190,9677
2023-03-14 14:11:42,12,14,4190,9677
2023-03-14 14:12:08,11,14,4190,9677
2023-03-14 14:12:09,12,14,4190,9677
2023-03-14 14:12:27,11,14,4190,9677
2023-03-14 14:12:29,12,14,4190,9677
2023-03-14 14:12:45,11,14,4190,9677
2023-03-14 14:12:49,13,14,4190,9677
2023-03-14 14:13:49,12,14,4190,9677
2023-03-14 14:14:49,13,14,4190,9677
2023-03-14 14:15:13,13,15,4190,9677
2023-03-14 14:15:28,13,16,4190,9677
2023-03-14 14:15:30,14,16,4190,9677
2023-03-14 14:15:49,15,17,4190,9677
2023-03-14 14:16:08,14,18,4190,9677
2023-03-14 14:16:09,16,18,4190,9677
2023-03-14 14:16:11,16,17,4190,9677
2023-03-14 14:16:11,14,17,4190,9681
2023-03-14 14:16:11,14,18,4190,9681
2023-03-14 14:16:15,14,17,4190,9681
2023-03-14 14:16:17,14,16,4190,9681
2023-03-14 14:16:41,15,16,4190,9681
2023-03-14 14:16:47,15,16,4190,9962
2023-03-14 14:16:49,16,18,4268,10040
2023-03-14 14:16:49,16,18,4310,10082
2023-03-14 14:16:49,16,18,4327,10099
2023-03-14 14:16:50,16,17,4327,10099
2023-03-14 14:16:56,16,18,4327,10099
2023-03-14 14:17:20,17,18,4327,10099
2023-03-14 14:17:28,17,18,4327,10103
2023-03-14 14:17:29,16,18,4327,10103
2023-03-14 14:17:29,17,18,4327,10103
2023-03-14 14:17:41,19,20,4327,10107
2023-03-14 14:17:48,19,20,4327,10111
2023-03-14 14:17:49,18,20,4327,10111
2023-03-14 14:17:49,19,20,4327,10111
2023-03-14 14:18:01,18,20,4327,10197
2023-03-14 14:18:04,17,20,4327,10197
2023-03-14 14:18:04,18,20,4327,10197
2023-03-14 14:18:08,18,20,4327,10201
2023-03-14 14:18:09,18,20,4327,10205
2023-03-14 14:18:10,16,20,4331,10287
2023-03-14 14:18:13,16,18,4331,10287
2023-03-14 14:18:15,15,16,4116,10720
2023-03-14 14:18:15,17,18,3988,10848
2023-03-14 14:18:21,15,18,3923,10913
2023-03-14 14:18:21,17,18,3923,10913
2023-03-14 14:18:25,17,18,3871,10965
2023-03-14 14:18:30,17,18,3871,10969
2023-03-14 14:18:30,15,18,3871,10969
2023-03-14 14:18:30,15,18,3871,10988
2023-03-14 14:18:30,16,18,3871,10988
2023-03-14 14:18:36,15,18,3871,10988
2023-03-14 14:18:37,15,17,3871,10988
2023-03-14 14:18:50,15,18,3871,10988
2023-03-14 14:18:50,15,17,3871,10988
2023-03-14 14:19:28,14,17,3871,10988
2023-03-14 14:19:28,14,18,3871,10988
2023-03-14 14:19:28,15,18,3871,10988
2023-03-14 14:19:28,15,17,3871,10988
2023-03-14 14:19:43,14,17,3871,10988
2023-03-14 14:19:43,14,18,3871,10988
2023-03-14 14:19:43,14,16,3871,10988
2023-03-14 14:19:46,14,16,3871,10992
2023-03-14 14:19:52,14,18,3871,10992
2023-03-14 14:19:52,14,16,3871,10992
2023-03-14 14:19:58,14,18,3871,10992
2023-03-14 14:19:59,14,15,3871,10992
2023-03-14 14:20:07,14,15,3871,10996
2023-03-14 14:20:15,14,18,3871,10996
2023-03-14 14:20:15,14,16,3871,10996
2023-03-14 14:20:19,15,16,3871,10996
2023-03-14 14:20:26,15,16,3871,11000
2023-03-14 14:20:35,15,16,3871,11019
2023-03-14 14:20:37,15,16,3957,11164
2023-03-14 14:20:39,15,17,3957,11164
2023-03-14 14:20:46,15,17,3957,11168
2023-03-14 14:20:48,16,17,3957,11168
2023-03-14 14:20:49,16,17,3971,11182
2023-03-14 14:20:54,15,17,3971,11182
2023-03-14 14:20:55,15,19,3971,11182
2023-03-14 14:20:55,15,20,3971,11182
2023-03-14 14:20:55,16,20,3971,11182
2023-03-14 14:20:55,16,18,3971,11182
2023-03-14 14:21:06,17,18,3971,11182
2023-03-14 14:21:16,16,18,3967,11186
2023-03-14 14:21:18,15,18,3967,11186
2023-03-14 14:21:18,17,18,3967,11186
2023-03-14 14:21:26,17,18,3967,11190
2023-03-14 14:21:27,15,18,3889,11268
2023-03-14 14:21:31,13,18,3889,11268
2023-03-14 14:21:31,14,18,3889,11268
2023-03-14 14:21:31,15,18,3889,11268
2023-03-14 14:21:31,15,17,3889,11268
2023-03-14 14:21:39,14,17,3889,11268
2023-03-14 14:21:39,14,18,3889,11268
2023-03-14 14:21:39,15,18,3889,11268
2023-03-14 14:21:40,15,17,3889,11268
2023-03-14 14:21:43,15,16,3889,11268
2023-03-14 14:21:46,15,16,3889,11272
2023-03-14 14:21:58,14,16,3889,11272
2023-03-14 14:22:26,15,16,3889,11272
2023-03-14 14:22:42,14,16,3889,11272
2023-03-14 14:22:42,14,15,3889,11272
2023-03-14 14:22:46,14,15,3889,11276
2023-03-14 14:23:20,14,16,3889,11276
2023-03-14 14:23:44,13,16,3889,11276
2023-03-14 14:23:44,13,14,3889,11276
2023-03-14 14:23:53,13,15,3889,11276
2023-03-14 14:23:53,13,14,3889,11276
2023-03-14 14:24:14,13,15,3976,11363
2023-03-14 14:24:21,12,15,3976,11363
2023-03-14 14:24:21,12,14,3976,11363
2023-03-14 14:24:26,12,13,3976,11363
2023-03-14 14:24:29,12,15,4376,11763
2023-03-14 14:24:32,12,14,4376,11763
2023-03-14 14:24:37,11,14,4376,11763
2023-03-14 14:24:37,12,14,4376,11763
2023-03-14 14:24:37,13,14,4376,11763
2023-03-14 14:24:45,12,14,4376,11763
2023-03-14 14:24:45,9,14,4376,11763
2023-03-14 14:24:46,10,14,4376,11763
2023-03-14 14:24:46,10,12,4376,11763
2023-03-14 14:24:47,11,12,4376,11763
2023-03-14 14:24:55,11,13,4376,11763
2023-03-14 14:24:55,11,12,4376,11763
2023-03-14 14:24:59,11,13,4486,11873
2023-03-14 14:25:03,9,13,4486,11873
2023-03-14 14:25:03,10,13,4486,11873
2023-03-14 14:25:06,12,13,4486,11873
2023-03-14 14:25:20,12,14,4486,11873
2023-03-14 14:25:20,12,13,4486,11873
2023-03-14 14:25:21,11,13,4486,11873
2023-03-14 14:25:23,11,12,4486,11873
2023-03-14 14:25:23,11,12,4518,11909
2023-03-14 14:25:27,11,13,4646,12037
2023-03-14 14:25:32,11,12,4646,12037
2023-03-14 14:25:38,11,13,4683,12074
2023-03-14 14:25:40,11,12,4683,12074
2023-03-14 14:25:46,10,12,4683,12074
2023-03-14 14:25:54,9,10,4683,12170
2023-03-14 14:26:15,9,11,4891,12378
2023-03-14 14:26:17,9,12,4891,12378
2023-03-14 14:26:17,9,11,4891,12378
2023-03-14 14:26:17,9,10,4891,12378
2023-03-14 14:26:25,9,11,4891,12378
2023-03-14 14:26:26,8,11,4891,12378
2023-03-14 14:26:26,9,11,4891,12378
2023-03-14 14:27:17,9,10,4891,12378
2023-03-14 14:27:26,8,10,4891,12378
2023-03-14 14:27:41,7,10,4891,12378
2023-03-14 14:27:47,7,9,4891,12378
2023-03-14 14:28:22,6,8,4891,12378
2023-03-14 14:28:41,3,8,4767,12506
2023-03-14 14:28:46,3,8,4763,12510
2023-03-14 14:29:06,5,8,4763,12510
2023-03-14 14:29:07,5,7,4763,12510
2023-03-14 14:29:24,5,8,4764,12511
2023-03-14 14:29:26,5,7,4764,12511
2023-03-14 14:29:46,6,8,4764,12511
2023-03-14 14:30:21,5,8,4764,12511
2023-03-14 14:30:27,6,8,4764,12511
2023-03-14 14:31:06,6,7,4764,12511
2023-03-14 14:31:16,5,7,4764,12511
2023-03-14 14:31:17,5,6,4764,12511
2023-03-14 14:31:23,4,6,4764,12511
2023-03-14 14:31:23,4,7,4764,12511
2023-03-14 14:31:24,3,4,4764,12639
2023-03-14 14:31:26,3,4,4760,12643
2023-03-14 14:32:07,3,4,4757,12647
2023-03-14 14:32:24,3,4,4757,12648
2023-03-14 14:33:35,3,5,4757,12789
2023-03-14 14:33:41,3,6,4757,12789
2023-03-14 14:33:41,3,5,4757,12789
2023-03-14 14:33:47,3,4,4757,12789
2023-03-14 14:34:07,3,5,4757,12789
2023-03-14 14:34:07,3,4,4757,12789
2023-03-14 14:34:27,3,6,4757,12789
2023-03-14 14:34:27,3,4,4757,12789
2023-03-14 14:34:46,3,6,4757,12789
2023-03-14 14:34:47,3,4,4757,12789
2023-03-14 14:34:53,4,6,4756,12793
2023-03-14 14:35:07,4,5,4756,12793
2023-03-14 14:35:18,3,5,4756,12793
2023-03-14 14:35:18,4,5,4756,12793
2023-03-14 14:35:26,3,5,4756,12793
2023-03-14 14:35:26,4,5,4756,12793
2023-03-14 14:35:37,3,5,4756,12793
2023-03-14 14:35:37,4,5,4756,12793
2023-03-14 14:35:43,3,6,4756,12793
2023-03-14 14:35:43,4,6,4756,12793
2023-03-14 14:36:24,4,7,4756,12921
2023-03-14 14:36:27,5,7,4756,12921
2023-03-14 14:36:36,5,6,4756,12921
2023-03-14 14:36:44,4,6,4756,12921
2023-03-14 14:36:44,4,7,4756,12921
2023-03-14 14:36:44,5,7,4756,12921
2023-03-14 14:36:47,5,6,4756,12921
2023-03-14 14:36:52,5,6,4756,12925
2023-03-14 14:36:53,4,6,4756,12925
2023-03-14 14:36:53,5,6,4756,12925
2023-03-14 14:37:02,4,7,4756,12925
2023-03-14 14:37:02,5,7,4756,12925
2023-03-14 14:37:07,5,6,4756,12925
2023-03-14 14:37:17,4,6,4756,12925
2023-03-14 14:37:18,5,6,4756,12925
2023-03-14 14:37:26,5,7,4756,12925
2023-03-14 14:37:45,5,7,4756,12929
2023-03-14 14:37:47,5,6,4756,12929
2023-03-14 14:37:55,4,6,4756,12929
2023-03-14 14:38:08,4,5,4756,12929
2023-03-14 14:38:19,3,5,4756,12929
2023-03-14 14:38:58,3,5,4893,13066
2023-03-14 14:39:03,3,6,4893,13066
2023-03-14 14:39:04,3,5,4893,13066
2023-03-14 14:39:07,4,5,4893,13066
2023-03-14 14:39:26,4,5,4893,13070
2023-03-14 14:39:29,4,7,4893,13070
2023-03-14 14:39:29,4,6,4893,13070
2023-03-14 14:39:29,4,6,4924,13101
2023-03-14 14:39:43,4,7,4924,13101
2023-03-14 14:39:43,4,6,4924,13101
2023-03-14 14:41:07,4,6,4985,13162
2023-03-14 14:41:16,4,6,5019,13196
2023-03-14 14:41:16,5,6,5019,13196
2023-03-14 14:41:18,5,7,5158,13335
2023-03-14 14:41:20,5,7,5210,13387
2023-03-14 14:41:21,5,9,5210,13387
2023-03-14 14:41:21,5,8,5210,13387
2023-03-14 14:41:21,5,7,5210,13387
2023-03-14 14:41:26,6,7,5210,13387
2023-03-14 14:41:29,6,8,5210,13387
2023-03-14 14:41:42,5,8,5210,13387
2023-03-14 14:41:42,6,8,5210,13387
2023-03-14 14:41:55,6,7,5210,13387
2023-03-14 14:42:18,6,8,5210,13387
2023-03-14 14:42:18,6,7,5210,13387
2023-03-14 14:42:26,5,7,5210,13387
2023-03-14 14:42:40,5,6,5210,13387
2023-03-14 14:42:43,5,6,5210,13417
2023-03-14 14:42:47,5,6,5086,13541
2023-03-14 14:42:54,5,6,5082,13545
2023-03-14 14:42:58,4,6,4943,13684
2023-03-14 14:43:00,5,6,4943,13684
2023-03-14 14:43:05,4,6,4943,13684
2023-03-14 14:43:23,5,6,4943,13684
2023-03-14 14:43:43,4,6,4943,13684
2023-03-14 14:43:43,5,6,4943,13684
2023-03-14 14:43:49,4,6,4943,13684
2023-03-14 14:43:49,5,6,4943,13684
2023-03-14 14:44:19,4,6,4943,13684
2023-03-14 14:44:19,5,6,4943,13684
2023-03-14 14:44:29,4,6,4943,13684
2023-03-14 14:44:30,5,6,4943,13684
2023-03-14 14:44:36,4,6,4943,13684
2023-03-14 14:44:36,5,6,4943,13684
2023-03-14 14:44:50,4,6,4943,13684
2023-03-14 14:44:50,5,6,4943,13684
2023-03-14 14:45:43,4,6,4943,13684
2023-03-14 14:45:43,5,6,4943,13684
2023-03-14 14:45:51,4,6,4943,13684
2023-03-14 14:46:18,5,6,4943,13684
2023-03-14 14:46:26,5,6,4845,13782
2023-03-14 14:46:43,5,6,4844,13783
2023-03-14 14:47:07,5,6,4844,13787
2023-03-14 14:47:17,4,6,4844,13787
2023-03-14 14:47:25,5,6,4844,13787
2023-03-14 14:47:43,4,6,4844,13787
2023-03-14 14:47:43,5,6,4844,13787
2023-03-14 14:48:14,4,6,4844,13787
2023-03-14 14:48:21,3,4,4840,13791
2023-03-14 14:48:24,2,4,4840,13816
2023-03-14 14:48:26,3,4,4840,13816
2023-03-14 14:48:31,3,5,4840,13816
2023-03-14 14:48:38,2,5,4837,13820
2023-03-14 14:48:46,2,6,4837,13820
2023-03-14 14:48:46,2,3,4837,13820
2023-03-14 14:49:03,2,6,4837,13820
2023-03-14 14:49:07,2,3,4837,13820
2023-03-14 14:49:17,3,6,4836,13824
2023-03-14 14:49:17,3,5,4836,13824
2023-03-14 14:49:37,3,4,4836,13824
2023-03-14 14:49:37,2,3,4837,13828
2023-03-14 14:49:43,2,5,4837,13828
2023-03-14 14:49:47,2,4,4837,13828
2023-03-14 14:49:54,3,4,4837,13828
2023-03-14 14:50:00,3,4,4837,13869
2023-03-14 14:50:01,3,5,4837,13869
2023-03-14 14:50:01,3,5,4837,13883
2023-03-14 14:50:07,3,4,4837,13883
2023-03-14 14:50:14,4,5,4840,13887
2023-03-14 14:50:19,3,5,4840,13887
2023-03-14 14:50:21,3,6,4840,13887
2023-03-14 14:50:21,3,7,4840,13887
2023-03-14 14:50:21,5,7,4840,13887
2023-03-14 14:50:27,5,6,4840,13887
2023-03-14 14:50:31,4,6,4840,13887
2023-03-14 14:50:47,4,5,4840,13887
2023-03-14 14:50:49,4,6,4833,13898
2023-03-14 14:50:49,5,6,4833,13898
2023-03-14 14:50:50,5,6,4804,13927
2023-03-14 14:50:50,5,6,4775,13956
2023-03-14 14:50:55,3,6,4775,13956
2023-03-14 14:50:56,3,5,4775,13956
2023-03-14 14:51:04,3,6,4775,13956
2023-03-14 14:51:04,3,5,4775,13956
2023-03-14 14:51:06,4,5,4775,13956
2023-03-14 14:51:25,3,5,4775,13956
2023-03-14 14:51:44,2,5,4775,13956
2023-03-14 14:51:45,3,5,4775,13956
2023-03-14 14:51:52,3,4,4775,13956
2023-03-14 14:52:19,3,5,4775,13956
2023-03-14 14:52:19,3,4,4775,13956
2023-03-14 14:52:21,2,4,4775,13956
2023-03-14 14:52:25,2,5,4775,13956
2023-03-14 14:52:25,2,4,4775,13956
2023-03-14 14:52:27,3,4,4775,13956
2023-03-14 14:52:41,2,4,4775,13956
2023-03-14 14:52:41,2,5,4775,13956
2023-03-14 14:52:41,2,4,4775,13956
2023-03-14 14:52:46,3,4,4775,13956
2023-03-14 14:53:01,2,4,4775,13956
2023-03-14 14:53:06,3,4,4775,13956
2023-03-14 14:53:20,3,5,4775,13956
2023-03-14 14:53:20,3,4,4775,13956
2023-03-14 14:53:22,2,4,4775,13956
2023-03-14 14:53:26,3,4,4775,13956
2023-03-14 14:53:41,2,4,4775,13956
2023-03-14 14:53:46,3,4,4775,13956
2023-03-14 14:54:38,3,5,4775,13956
2023-03-14 14:54:46,4,5,4775,13956
2023-03-14 14:55:02,3,5,4775,13956
2023-03-14 14:55:06,4,5,4775,13956
2023-03-14 14:55:19,4,6,4775,13956
2023-03-14 14:55:33,4,5,4775,13956
2023-03-14 14:55:46,3,5,4775,13956
2023-03-14 14:55:46,4,5,4775,13956
2023-03-14 14:57:26,4,5,4779,13960
2023-03-14 14:57:26,4,5,4779,13964
2023-03-14 14:57:32,4,5,4808,13993
2023-03-14 14:57:38,4,5,4808,14111
2023-03-14 14:57:41,4,7,4857,14160
2023-03-14 14:57:45,4,8,4857,14160
2023-03-14 14:57:45,5,8,4857,14160
2023-03-14 14:57:45,5,7,4857,14160
2023-03-14 14:57:45,5,7,4951,14254
2023-03-14 14:57:47,5,6,4951,14254
2023-03-14 14:57:50,4,6,4951,14254
2023-03-14 14:57:51,5,6,4951,14254
2023-03-14 14:57:58,4,6,4951,14254
2023-03-14 14:57:58,5,6,4951,14254
2023-03-14 14:58:02,5,7,4951,14254
2023-03-14 14:58:05,5,8,5068,14371
2023-03-14 14:58:06,5,6,5068,14371
2023-03-14 14:58:11,5,8,5083,14386
2023-03-14 14:58:14,6,8,5083,14386
2023-03-14 14:58:16,6,9,5201,14504
2023-03-14 14:58:16,6,8,5201,14504
2023-03-14 14:58:17,6,9,5201,14504
2023-03-14 14:58:22,6,8,5201,14504
2023-03-14 14:58:32,6,7,5201,14504
2023-03-14 14:58:43,6,8,5201,14504
2023-03-14 14:59:28,6,7,5201,14504
2023-03-14 15:00:11,5,7,5201,14504
2023-03-14 15:00:17,6,7,5201,14504
2023-03-14 15:00:24,5,7,5201,14504
2023-03-14 15:00:24,4,7,5201,14504
2023-03-14 15:00:26,5,7,5201,14504
2023-03-14 15:00:33,6,7,5201,14504
2023-03-14 15:00:46,5,7,5201,14504
2023-03-14 15:00:59,5,6,5201,14504
2023-03-14 15:01:16,4,6,5201,14504
2023-03-14 15:01:24,4,6,5202,14505
2023-03-14 15:01:29,5,6,5202,14505
2023-03-14 15:01:53,4,6,5202,14505
2023-03-14 15:02:07,4,5,5202,14505
2023-03-14 15:02:21,3,5,5202,14505
2023-03-14 15:02:26,4,5,5202,14505
2023-03-14 15:02:36,4,6,5202,14505
2023-03-14 15:02:38,4,6,5202,14527
2023-03-14 15:02:39,4,5,5202,14527
2023-03-14 15:02:40,4,6,5202,14527
2023-03-14 15:02:40,3,6,5202,14527
2023-03-14 15:02:41,4,6,5202,14527
2023-03-14 15:02:44,4,6,5202,14561
2023-03-14 15:02:46,5,6,5202,14561
2023-03-14 15:02:56,5,6,5203,14584
2023-03-14 15:03:07,5,6,5202,14588
2023-03-14 15:03:10,4,6,5202,14588
2023-03-14 15:03:17,5,6,5202,14588
2023-03-14 15:03:26,5,6,5202,14592
2023-03-14 15:03:29,4,6,5202,14592
2023-03-14 15:04:07,5,6,5202,14592
2023-03-14 15:04:45,4,6,5202,14592
2023-03-14 15:06:06,4,5,5202,14592
2023-03-14 15:06:12,3,5,5227,14617
2023-03-14 15:06:26,4,6,5227,14617
2023-03-14 15:07:06,5,6,5227,14617
2023-03-14 15:07:06,5,7,5227,14617
2023-03-14 15:07:19,5,12,5434,14877
2023-03-14 15:07:19,5,11,5434,14877
2023-03-14 15:07:22,4,12,5434,14877
2023-03-14 15:07:23,4,11,5434,14877
2023-03-14 15:07:26,6,11,5434,14877
2023-03-14 15:07:27,6,8,5434,14877
2023-03-14 15:07:41,5,11,5434,14877
2023-03-14 15:07:46,7,11,5434,14877
2023-03-14 15:07:46,7,9,5434,14877
2023-03-14 15:08:14,7,8,5434,14877
2023-03-14 15:08:18,7,9,5434,14877
2023-03-14 15:08:21,5,9,5434,14877
2023-03-14 15:08:22,7,9,5434,14877
2023-03-14 15:08:22,7,10,5434,14877
2023-03-14 15:08:24,7,9,5434,14877
2023-03-14 15:08:48,7,9,5592,15035
2023-03-14 15:08:52,7,12,5724,15167
2023-03-14 15:08:53,7,9,5724,15167
2023-03-14 15:08:53,7,12,5724,15167
2023-03-14 15:08:53,8,12,5724,15167
2023-03-14 15:08:54,8,11,5724,15167
2023-03-14 15:09:00,7,11,5724,15295
2023-03-14 15:09:01,7,12,5724,15295
2023-03-14 15:09:01,7,11,5724,15295
2023-03-14 15:09:02,7,12,5724,15295
2023-03-14 15:09:09,7,11,5724,15295
2023-03-14 15:09:09,10,11,5724,15295
2023-03-14 15:09:10,10,12,5724,15295
2023-03-14 15:09:19,11,12,5724,15295
2023-03-14 15:09:23,11,14,5728,15299
2023-03-14 15:09:23,11,17,5728,15299
2023-03-14 15:09:27,11,18,5728,15299
2023-03-14 15:09:27,12,18,5728,15299
2023-03-14 15:09:28,15,18,5728,15299
2023-03-14 15:09:28,15,17,5728,15299
2023-03-14 15:09:31,15,18,5728,15303
2023-03-14 15:09:45,12,18,5728,15303
2023-03-14 15:09:46,12,17,5728,15303
2023-03-14 15:09:46,16,17,5728,15303
2023-03-14 15:09:50,16,20,5736,15511
2023-03-14 15:09:50,16,19,5736,15511
2023-03-14 15:09:52,16,17,5736,15511
2023-03-14 15:10:04,13,20,5736,15511
2023-03-14 15:10:06,13,19,5736,15511
2023-03-14 15:10:06,17,19,5736,15511
2023-03-14 15:10:17,18,19,5736,15511
2023-03-14 15:10:18,18,19,5736,15514
2023-03-14 15:10:23,18,20,5736,15514
2023-03-14 15:10:26,18,22,5736,15539
2023-03-14 15:10:26,18,21,5736,15539
2023-03-14 15:10:26,18,29,5736,15543
2023-03-14 15:10:27,18,24,5736,15543
2023-03-14 15:10:27,18,23,5736,15543
2023-03-14 15:10:37,18,24,5736,15543
2023-03-14 15:10:41,18,28,5736,15543
2023-03-14 15:10:44,22,28,5736,15543
2023-03-14 15:10:45,22,26,5736,15543
2023-03-14 15:10:45,22,25,5736,15543
2023-03-14 15:10:46,18,25,5736,15543
2023-03-14 15:10:46,23,25,5736,15543
2023-03-14 15:11:01,18,25,5736,15543
2023-03-14 15:11:06,23,25,5736,15543
2023-03-14 15:11:09,18,23,5732,15547
2023-03-14 15:11:12,18,22,5732,15547
2023-03-14 15:11:19,18,23,5732,15547
2023-03-14 15:11:19,18,25,5732,15547
2023-03-14 15:11:19,18,24,5732,15547
2023-03-14 15:11:20,20,24,5732,15547
2023-03-14 15:11:26,21,24,5732,15547
2023-03-14 15:11:27,21,23,5732,15547
2023-03-14 15:11:41,20,24,5732,15547
2023-03-14 15:11:46,20,25,5732,15547
2023-03-14 15:11:46,20,24,5732,15547
2023-03-14 15:11:46,21,24,5732,15547
2023-03-14 15:11:47,21,23,5732,15547
2023-03-14 15:12:01,18,23,5732,15547
2023-03-14 15:12:01,18,24,5732,15547
2023-03-14 15:12:02,18,23,5732,15547
2023-03-14 15:12:06,22,23,5732,15547
2023-03-14 15:12:22,21,23,5732,15547
2023-03-14 15:12:23,21,25,5732,15551
2023-03-14 15:12:23,21,24,5732,15551
2023-03-14 15:12:26,22,24,5732,15551
2023-03-14 15:12:26,22,24,5732,15555
2023-03-14 15:12:26,22,25,5732,15555
2023-03-14 15:12:27,21,24,5732,15555
2023-03-14 15:12:41,21,25,5732,15555
2023-03-14 15:12:41,21,24,5732,15555
2023-03-14 15:12:43,21,25,5732,15683
2023-03-14 15:12:46,23,24,5732,15683
2023-03-14 15:12:46,23,25,5732,15687
2023-03-14 15:12:49,23,24,5732,15687
2023-03-14 15:13:01,20,24,5732,15687
2023-03-14 15:13:01,20,25,5732,15687
2023-03-14 15:13:02,22,25,5732,15687
2023-03-14 15:13:02,22,24,5732,15687
2023-03-14 15:13:04,20,24,5732,15695
2023-03-14 15:13:07,19,24,5732,15695
2023-03-14 15:13:07,21,24,5732,15695
2023-03-14 15:13:07,21,24,5732,15699
2023-03-14 15:13:08,21,23,5732,15699
2023-03-14 15:13:16,21,24,5732,15699
2023-03-14 15:13:17,21,23,5732,15699
2023-03-14 15:13:20,19,23,5732,15699
2023-03-14 15:13:20,19,22,5732,15699
2023-03-14 15:13:20,19,20,5732,15699
2023-03-14 15:13:27,19,20,5732,15703
2023-03-14 15:13:29,19,22,5732,15703
2023-03-14 15:13:30,19,21,5732,15703
2023-03-14 15:13:43,19,23,5732,15703
2023-03-14 15:13:43,19,21,5732,15703
2023-03-14 15:13:46,20,21,5732,15703
2023-03-14 15:13:53,20,22,5732,15703
2023-03-14 15:14:04,19,22,5732,15703
2023-03-14 15:14:06,20,22,5732,15703
2023-03-14 15:14:14,21,22,5732,15703
2023-03-14 15:14:22,21,24,5732,15742
2023-03-14 15:14:22,21,23,5732,15742
2023-03-14 15:14:26,22,23,5732,15742
2023-03-14 15:14:33,21,23,5732,15746
2023-03-14 15:14:40,23,24,5860,15874
2023-03-14 15:14:44,21,24,5860,15874
2023-03-14 15:14:44,21,23,5860,15874
2023-03-14 15:15:05,22,23,5860,15874
2023-03-14 15:15:06,21,23,5860,15874
2023-03-14 15:15:06,23,25,5878,15892
2023-03-14 15:15:06,23,24,5878,15892
2023-03-14 15:15:10,23,24,6054,16068
2023-03-14 15:15:10,22,24,6060,16074
2023-03-14 15:15:12,22,23,6060,16074
2023-03-14 15:15:15,22,24,6188,16202
2023-03-14 15:15:15,22,23,6188,16202
2023-03-14 15:15:17,18,22,6188,16206
2023-03-14 15:15:17,18,20,6188,16206
2023-03-14 15:15:18,18,22,6188,16222
2023-03-14 15:15:18,18,21,6188,16222
2023-03-14 15:15:23,19,21,6188,16222
2023-03-14 15:15:24,19,23,6188,16286
2023-03-14 15:15:26,19,22,6188,16286
2023-03-14 15:15:27,19,20,6188,16286
2023-03-14 15:15:28,20,23,6192,16290
2023-03-14 15:15:28,20,22,6192,16290
2023-03-14 15:15:32,19,22,6192,16290
2023-03-14 15:15:33,19,23,6192,16294
2023-03-14 15:15:33,19,22,6192,16294
2023-03-14 15:15:33,19,23,6192,16373
2023-03-14 15:15:33,20,23,6192,16373
2023-03-14 15:15:33,20,22,6192,16373
2023-03-14 15:15:34,19,22,6192,16373
2023-03-14 15:15:34,19,21,6192,16373
2023-03-14 15:15:35,20,21,6192,16373
2023-03-14 15:15:36,21,23,6232,16413
2023-03-14 15:15:36,21,22,6232,16413
2023-03-14 15:15:41,20,22,6232,16413
2023-03-14 15:15:41,21,22,6232,16413
2023-03-14 15:15:43,21,23,6232,16505
2023-03-14 15:15:46,21,23,6232,16509
2023-03-14 15:15:46,21,22,6232,16509
2023-03-14 15:15:53,20,22,6232,16509
2023-03-14 15:15:53,21,22,6232,16509
2023-03-14 15:16:01,21,23,6232,16509
2023-03-14 15:16:07,21,22,6232,16509
2023-03-14 15:16:17,20,22,6232,16509
2023-03-14 15:16:27,20,21,6232,16509
2023-03-14 15:16:41,20,22,6232,16509
2023-03-14 15:16:41,20,24,6232,16509
2023-03-14 15:16:41,20,23,6232,16509
2023-03-14 15:16:41,20,21,6232,16509
2023-03-14 15:16:41,20,23,6232,16526
2023-03-14 15:16:42,20,22,6232,16526
2023-03-14 15:16:43,20,23,6232,16526
2023-03-14 15:16:47,21,23,6232,16526
2023-03-14 15:16:48,21,22,6232,16526
2023-03-14 15:16:51,21,23,6233,16595
2023-03-14 15:17:01,23,25,6233,16599
2023-03-14 15:17:01,23,24,6233,16599
2023-03-14 15:17:06,23,24,6233,16603
2023-03-14 15:17:07,23,25,6233,16603
2023-03-14 15:17:07,23,27,6265,16660
2023-03-14 15:17:08,23,26,6265,16660
2023-03-14 15:17:12,23,25,6265,16660
2023-03-14 15:17:23,22,25,6265,16660
2023-03-14 15:17:23,22,27,6265,16660
2023-03-14 15:17:24,23,27,6265,16660
2023-03-14 15:17:26,23,26,6265,16660
2023-03-14 15:17:27,23,24,6265,16660
2023-03-14 15:17:29,22,24,6265,16660
2023-03-14 15:17:29,23,24,6265,16660
2023-03-14 15:17:31,22,24,6242,16683
2023-03-14 15:17:31,22,23,6242,16683
2023-03-14 15:17:33,22,24,6242,16683
2023-03-14 15:17:37,20,24,6207,16742
2023-03-14 15:17:39,20,22,6207,16742
2023-03-14 15:17:41,19,22,6207,16742
2023-03-14 15:17:41,20,22,6207,16742
2023-03-14 15:17:42,20,22,6207,16770
2023-03-14 15:17:45,19,22,6207,16781
2023-03-14 15:17:47,19,22,6207,16785
2023-03-14 15:17:48,17,22,6207,16785
2023-03-14 15:17:48,19,22,6207,16785
2023-03-14 15:17:53,17,22,6207,16785
2023-03-14 15:17:53,17,20,6207,16785
2023-03-14 15:18:06,18,20,6207,16785
2023-03-14 15:18:06,18,22,6227,16840
2023-03-14 15:18:06,18,21,6227,16840
2023-03-14 15:18:07,19,21,6227,16840
2023-03-14 15:18:21,17,21,6227,16840
2023-03-14 15:18:22,19,23,6227,16840
2023-03-14 15:18:22,19,21,6227,16840
2023-03-14 15:18:26,19,21,6227,16844
2023-03-14 15:18:29,17,21,6227,16844
2023-03-14 15:18:29,17,20,6227,16844
2023-03-14 15:18:36,15,20,6207,16926
2023-03-14 15:18:42,15,21,6207,16926
2023-03-14 15:18:42,15,20,6207,16926
2023-03-14 15:18:42,15,19,6207,16926
2023-03-14 15:18:42,15,17,6207,16926
2023-03-14 15:18:43,14,15,6170,17063
2023-03-14 15:18:52,12,15,6014,17219
2023-03-14 15:19:03,12,16,6014,17219
2023-03-14 15:19:05,11,16,6014,17219
2023-03-14 15:19:05,9,16,6014,17219
2023-03-14 15:19:06,9,15,6014,17219
2023-03-14 15:19:07,9,11,6014,17219
2023-03-14 15:19:07,11,16,6018,17223
2023-03-14 15:19:08,11,15,6018,17223
2023-03-14 15:19:08,11,16,6018,17223
2023-03-14 15:19:17,9,16,6018,17223
2023-03-14 15:19:26,7,15,6018,17223
2023-03-14 15:19:27,9,15,6018,17223
2023-03-14 15:19:27,9,11,6018,17223
2023-03-14 15:19:47,10,13,6018,17223
2023-03-14 15:19:47,10,12,6018,17223
2023-03-14 15:20:01,9,12,6018,17223
2023-03-14 15:20:01,9,11,6018,17223
2023-03-14 15:20:07,9,10,6018,17223
2023-03-14 15:20:23,9,13,6018,17223
2023-03-14 15:20:27,10,13,6018,17223
2023-03-14 15:20:27,10,12,6018,17223
2023-03-14 15:20:41,9,12,6018,17223
2023-03-14 15:20:44,9,16,6018,17223
2023-03-14 15:20:46,9,15,6018,17223
2023-03-14 15:20:47,11,15,6018,17223
2023-03-14 15:20:47,11,13,6018,17223
2023-03-14 15:21:05,10,13,6018,17223
2023-03-14 15:21:05,10,14,6018,17223
2023-03-14 15:21:05,11,14,6018,17223
2023-03-14 15:21:05,11,13,6018,17223
2023-03-14 15:21:07,11,12,6018,17223
2023-03-14 15:21:10,10,12,5965,17276
2023-03-14 15:21:21,11,12,5965,17276
2023-03-14 15:21:22,11,13,5965,17276
2023-03-14 15:21:27,11,12,5965,17276
2023-03-14 15:21:29,10,12,5965,17276
2023-03-14 15:21:29,11,12,5965,17276
2023-03-14 15:21:47,11,13,5965,17276
2023-03-14 15:22:03,12,13,5965,17276
2023-03-14 15:22:16,12,14,5965,17276
2023-03-14 15:22:16,12,13,5965,17276
2023-03-14 15:22:16,10,12,5965,17280
2023-03-14 15:22:27,10,12,5965,17284
2023-03-14 15:22:31,10,13,5965,17284
2023-03-14 15:22:31,10,12,5965,17284
2023-03-14 15:22:47,10,11,5965,17284
2023-03-14 15:22:52,9,11,5965,17284
2023-03-14 15:23:03,9,12,5965,17299
2023-03-14 15:23:07,11,12,5965,17299
2023-03-14 15:23:18,11,13,5965,17299
2023-03-14 15:23:23,12,13,5965,17299
2023-03-14 15:23:32,12,14,5965,17299
2023-03-14 15:24:06,13,14,5965,17299
2023-03-14 15:24:21,11,14,5965,17299
2023-03-14 15:24:21,11,15,5965,17299
2023-03-14 15:24:21,12,15,5965,17299
2023-03-14 15:24:27,14,15,5965,17299
2023-03-14 15:24:29,14,16,5965,17299
2023-03-14 15:24:29,14,15,5965,17299
2023-03-14 15:24:34,14,16,5965,17313
2023-03-14 15:24:43,15,19,5965,17313
2023-03-14 15:24:43,15,17,5965,17313
2023-03-14 15:24:48,15,16,5965,17313
2023-03-14 15:24:59,14,16,5965,17313
2023-03-14 15:25:07,14,15,5965,17313
2023-03-14 15:25:11,13,15,5965,17313
2023-03-14 15:25:11,14,15,5965,17313
2023-03-14 15:25:16,13,15,5965,17347
2023-03-14 15:25:21,12,15,5965,17347
2023-03-14 15:25:21,12,14,5965,17347
2023-03-14 15:25:27,12,13,5965,17347
2023-03-14 15:25:33,12,13,5965,17387
2023-03-14 15:25:34,12,14,5995,17417
2023-03-14 15:25:39,11,14,5995,17417
2023-03-14 15:25:46,12,14,5995,17417
2023-03-14 15:25:53,12,13,5995,17417
2023-03-14 15:25:57,11,13,5995,17421
2023-03-14 15:26:07,11,12,5995,17421
2023-03-14 15:26:15,10,12,5995,17421
2023-03-14 15:26:35,10,11,5995,17421
2023-03-14 15:26:38,10,12,5995,17421
2023-03-14 15:26:38,10,11,5995,17421
2023-03-14 15:26:41,9,11,5995,17425
2023-03-14 15:26:47,9,11,5995,17429
2023-03-14 15:26:47,11,12,6011,17445
2023-03-14 15:26:50,11,13,6011,17445
2023-03-14 15:26:50,11,12,6011,17445
2023-03-14 15:26:51,12,13,6013,17478
2023-03-14 15:26:51,12,13,6019,17484
2023-03-14 15:26:53,13,14,6099,17564
2023-03-14 15:26:55,13,14,6153,17618
2023-03-14 15:26:57,13,14,6161,17626
2023-03-14 15:26:58,12,13,6161,17626
2023-03-14 15:26:59,13,14,6169,17634
2023-03-14 15:27:00,13,15,6169,17634
2023-03-14 15:27:00,13,14,6169,17634
2023-03-14 15:27:04,12,14,6169,17634
2023-03-14 15:27:07,12,13,6169,17634
2023-03-14 15:27:16,11,13,6169,17634
2023-03-14 15:27:18,11,12,6169,17634
2023-03-14 15:27:24,10,12,6155,17673
2023-03-14 15:27:27,10,12,6155,17677
2023-03-14 15:27:34,9,12,6155,17677
2023-03-14 15:27:34,10,12,6155,17677
2023-03-14 15:27:39,9,12,6155,17677
2023-03-14 15:27:47,9,11,6155,17677
2023-03-14 15:27:51,9,10,6155,17677
2023-03-14 15:27:55,9,10,6155,17712
2023-03-14 15:27:58,9,10,6155,17729
2023-03-14 15:28:05,8,10,6155,17729
2023-03-14 15:28:05,9,10,6155,17729
2023-03-14 15:28:06,9,10,6155,17733
2023-03-14 15:28:07,8,10,6155,17735
2023-03-14 15:28:07,8,9,6155,17735
2023-03-14 15:28:21,7,9,6155,17735
2023-03-14 15:28:25,7,9,6159,17739
2023-03-14 15:28:27,8,9,6159,17739
2023-03-14 15:28:29,8,10,6159,17739
2023-03-14 15:28:43,8,11,6159,17739
2023-03-14 15:28:46,10,11,6159,17739
2023-03-14 15:28:48,8,10,6159,17743
2023-03-14 15:28:53,9,10,6159,17743
2023-03-14 15:29:07,9,10,6159,17747
2023-03-14 15:29:09,9,11,6159,17747
2023-03-14 15:29:21,7,11,6159,17747
2023-03-14 15:29:21,7,9,6159,17747
2023-03-14 15:29:27,8,9,6159,17747
2023-03-14 15:29:28,8,10,6159,17747
2023-03-14 15:29:28,8,9,6159,17747
2023-03-14 15:29:41,7,8,6159,17747
2023-03-14 15:29:44,7,9,6159,17747
2023-03-14 15:29:51,7,8,6159,17747
2023-03-14 15:30:07,6,8,6159,17747
2023-03-14 15:30:07,6,8,6159,17751
2023-03-14 15:30:12,6,9,6159,17759
2023-03-14 15:30:21,6,10,6159,17759
2023-03-14 15:30:21,7,10,6159,17759
2023-03-14 15:30:21,8,10,6159,17759
2023-03-14 15:30:27,8,11,6159,17759
2023-03-14 15:30:27,8,9,6159,17759
2023-03-14 15:30:29,7,9,6159,17759
2023-03-14 15:30:29,8,9,6159,17759
2023-03-14 15:30:36,7,9,6159,17759
2023-03-14 15:30:36,8,9,6159,17759
2023-03-14 15:30:47,8,10,6159,17759
2023-03-14 15:30:47,8,9,6159,17759
2023-03-14 15:30:54,7,9,6159,17759
2023-03-14 15:31:03,7,8,6159,17759
2023-03-14 15:31:04,7,8,6159,17764
2023-03-14 15:31:04,7,8,6159,17769
2023-03-14 15:31:05,7,8,6159,17783
2023-03-14 15:31:07,7,8,6159,17787
2023-03-14 15:31:09,7,8,6159,17791
2023-03-14 15:31:09,7,8,6159,17795
2023-03-14 15:31:10,7,8,6182,17818
2023-03-14 15:31:20,6,8,6182,17818
2023-03-14 15:31:29,6,7,6182,17818
2023-03-14 15:32:27,6,7,6186,17822
2023-03-14 15:33:04,5,7,6207,17843
2023-03-14 15:33:08,5,6,6207,17843
2023-03-14 15:33:10,5,7,6207,17843
2023-03-14 15:33:12,2,7,6217,17857
2023-03-14 15:33:27,4,5,6217,17857
2023-03-14 15:33:46,2,5,6217,17857
2023-03-14 15:33:47,4,5,6217,17857
2023-03-14 15:34:02,3,5,6217,17857
2023-03-14 15:34:07,4,5,6217,17857
2023-03-14 15:34:24,3,5,6218,17858
2023-03-14 15:34:27,4,5,6218,17858
2023-03-14 15:34:41,3,5,6218,17858
2023-03-14 15:34:47,4,5,6218,17858
2023-03-14 15:35:05,3,5,6218,17858
2023-03-14 15:35:11,2,5,6242,17886
2023-03-14 15:35:27,2,4,6242,17886
2023-03-14 15:35:41,2,5,6246,17890
2023-03-14 15:35:46,2,4,6246,17890
2023-03-14 15:36:04,2,3,6246,17890
2023-03-14 15:37:12,2,3,6250,17894
2023-03-14 15:37:12,2,3,6254,17898
2023-03-14 15:37:32,1,3,6250,18194
2023-03-14 15:37:44,1,3,6347,18406
2023-03-14 15:37:45,1,2,6347,18406
2023-03-14 15:37:45,1,2,6397,18456
2023-03-14 15:37:45,1,2,6453,18512
2023-03-14 15:37:46,1,3,6453,18512
2023-03-14 15:37:46,1,3,6477,18536
2023-03-14 15:39:06,1,2,6477,18536
2023-03-14 15:39:07,1,3,6477,18536
2023-03-14 15:39:19,1,3,6477,18936
2023-03-14 15:39:26,0,3,6801,19570
2023-03-14 15:39:27,1,3,6801,19570
2023-03-14 15:39:31,0,3,6801,19574
2023-03-14 15:39:34,0,2,6801,19574
2023-03-14 15:39:37,0,3,6801,19574
2023-03-14 15:39:40,0,2,6801,19574
2023-03-14 15:39:41,0,3,6801,19574
2023-03-14 15:39:45,0,3,6801,19574
2023-03-14 15:40:20,1,3,6801,19574
2023-03-14 15:40:25,1,3,6850,19623
2023-03-14 15:41:43,1,3,6851,19624
2023-03-14 15:43:00,1,2,6851,19624
2023-03-14 15:43:05,1,3,6851,19624
2023-03-14 15:43:51,1,2,6851,19624
2023-03-14 15:43:52,1,3,6851,19624
2023-03-14 15:43:52,1,3,6863,19636
2023-03-14 15:44:00,1,3,6881,19654
2023-03-14 15:44:04,1,2,6881,19654
2023-03-14 15:44:05,1,3,6881,19654
2023-03-14 15:44:05,1,3,6896,19669
2023-03-14 15:44:05,1,3,6911,19684
2023-03-14 15:44:24,0,3,6911,19684
2023-03-14 15:44:29,0,2,6911,19684
2023-03-14 15:44:32,0,3,6911,19684
2023-03-14 15:44:42,0,2,6911,19684
2023-03-14 15:44:46,0,3,6911,19684
2023-03-14 15:44:46,0,2,6911,19684
2023-03-14 15:44:52,0,3,6911,19684
2023-03-14 15:44:59,0,2,6911,19684
2023-03-14 15:45:04,0,1,6911,19684
2023-03-14 15:49:27,0,1,6911,19685
2023-03-14 15:53:33,0,1,6911,19690
