datetime,bid,ask,open_interest,volume
2023-03-14 09:31:33,16,30,1163,1565
2023-03-14 09:32:00,20,30,1163,1565
2023-03-14 09:32:01,20,24,1163,1565
2023-03-14 09:32:29,22,24,1163,1565
2023-03-14 09:32:29,22,30,1163,1565
2023-03-14 09:32:29,22,29,1163,1565
2023-03-14 09:32:29,22,26,1163,1565
2023-03-14 09:32:29,20,26,1163,1565
2023-03-14 09:33:17,21,26,1163,1565
2023-03-14 09:33:17,21,25,1163,1565
2023-03-14 09:33:41,20,25,1163,1565
2023-03-14 09:33:51,20,24,1163,1565
2023-03-14 09:36:10,21,24,1163,1565
2023-03-14 09:37:15,21,25,1163,1565
2023-03-14 09:37:15,22,25,1163,1565
2023-03-14 09:37:33,22,26,1163,1565
2023-03-14 09:38:52,22,26,1164,1566
2023-03-14 09:39:17,22,24,1164,1566
2023-03-14 09:39:17,22,23,1164,1566
2023-03-14 09:39:31,22,23,1165,1568
2023-03-14 09:39:47,22,23,1175,1578
2023-03-14 09:39:48,22,24,1175,1578
2023-03-14 09:39:48,22,23,1175,1578
2023-03-14 09:39:53,22,23,1202,1605
2023-03-14 09:40:22,22,26,1219,1622
2023-03-14 09:40:22,22,28,1219,1622
2023-03-14 09:40:22,22,27,1219,1622
2023-03-14 09:40:23,22,25,1219,1622
2023-03-14 09:40:23,22,24,1219,1622
2023-03-14 09:40:29,22,24,1308,1736
2023-03-14 09:40:30,21,24,1308,1736
2023-03-14 09:40:30,21,27,1308,1736
2023-03-14 09:40:31,21,27,1396,1824
2023-03-14 09:40:31,22,27,1396,1824
2023-03-14 09:40:31,22,25,1396,1824
2023-03-14 09:40:43,21,25,1396,1824
2023-03-14 09:40:43,21,28,1396,1824
2023-03-14 09:40:43,21,27,1396,1824
2023-03-14 09:40:43,21,28,1396,1824
2023-03-14 09:40:43,22,28,1396,1824
2023-03-14 09:40:43,22,27,1396,1824
2023-03-14 09:40:43,22,25,1396,1824
2023-03-14 09:40:56,21,25,1396,1824
2023-03-14 09:40:56,21,28,1396,1824
2023-03-14 09:40:57,21,27,1396,1824
2023-03-14 09:40:57,21,28,1396,1824
2023-03-14 09:40:57,22,28,1396,1824
2023-03-14 09:40:57,22,27,1396,1824
2023-03-14 09:40:57,22,25,1396,1824
2023-03-14 09:41:11,22,26,1396,1824
2023-03-14 09:41:11,22,25,1396,1824
2023-03-14 09:41:26,22,26,1396,1824
2023-03-14 09:41:27,23,26,1396,1824
2023-03-14 09:41:27,23,25,1396,1824
2023-03-14 09:41:40,22,25,1396,1824
2023-03-14 09:41:40,22,26,1396,1824
2023-03-14 09:41:41,23,26,1396,1824
2023-03-14 09:41:41,23,25,1396,1824
2023-03-14 09:41:41,23,24,1396,1824
2023-03-14 09:41:53,23,24,1396,1853
2023-03-14 09:41:54,23,25,1396,1853
2023-03-14 09:41:54,23,24,1396,1853
2023-03-14 09:41:54,23,26,1396,1853
2023-03-14 09:41:54,23,25,1396,1853
2023-03-14 09:41:55,23,24,1396,1853
2023-03-14 09:41:59,23,25,1396,1853
2023-03-14 09:42:02,23,26,1396,1853
2023-03-14 09:42:02,23,25,1396,1853
2023-03-14 09:42:20,22,25,1396,1853
2023-03-14 09:42:20,22,26,1396,1853
2023-03-14 09:42:21,23,26,1396,1853
2023-03-14 09:42:21,23,25,1396,1853
2023-03-14 09:42:30,21,25,1396,1853
2023-03-14 09:42:30,23,25,1396,1853
2023-03-14 09:42:43,21,25,1396,1853
2023-03-14 09:42:43,21,26,1396,1853
2023-03-14 09:42:44,23,26,1396,1853
2023-03-14 09:42:44,23,25,1396,1853
2023-03-14 09:43:01,21,25,1396,1853
2023-03-14 09:43:01,21,26,1396,1853
2023-03-14 09:43:02,23,26,1396,1853
2023-03-14 09:43:02,23,25,1396,1853
2023-03-14 09:43:09,21,25,1396,1853
2023-03-14 09:43:09,21,26,1396,1853
2023-03-14 09:43:09,23,26,1396,1853
2023-03-14 09:43:09,23,25,1396,1853
2023-03-14 09:43:26,21,25,1396,1853
2023-03-14 09:43:26,21,26,1396,1853
2023-03-14 09:43:27,23,26,1396,1853
2023-03-14 09:43:27,23,25,1396,1853
2023-03-14 09:43:39,22,25,1396,1853
2023-03-14 09:43:39,22,26,1396,1853
2023-03-14 09:43:40,23,26,1396,1853
2023-03-14 09:43:40,23,25,1396,1853
2023-03-14 09:44:41,23,26,1396,1853
2023-03-14 09:44:41,23,25,1396,1853
2023-03-14 09:44:58,23,26,1396,1853
2023-03-14 09:44:59,23,25,1396,1853
2023-03-14 09:44:59,23,26,1396,1853
2023-03-14 09:44:59,23,25,1396,1853
2023-03-14 09:45:35,22,25,1396,1853
2023-03-14 09:45:35,22,26,1396,1853
2023-03-14 09:45:35,23,26,1396,1853
2023-03-14 09:45:35,23,25,1396,1853
2023-03-14 09:45:50,22,25,1396,1853
2023-03-14 09:45:51,23,25,1396,1853
2023-03-14 09:46:18,22,25,1396,1853
2023-03-14 09:46:18,22,26,1396,1853
2023-03-14 09:46:19,23,26,1396,1853
2023-03-14 09:46:19,23,25,1396,1853
2023-03-14 09:46:32,22,25,1396,1853
2023-03-14 09:46:33,23,25,1396,1853
2023-03-14 09:47:00,22,25,1396,1853
2023-03-14 09:47:01,23,25,1396,1853
2023-03-14 09:47:18,22,23,1233,2016
2023-03-14 09:47:24,23,25,1196,2053
2023-03-14 09:47:29,22,25,1196,2053
2023-03-14 09:47:29,23,25,1196,2053
2023-03-14 09:47:40,22,25,1196,2053
2023-03-14 09:47:40,22,26,1196,2053
2023-03-14 09:47:40,22,25,1196,2053
2023-03-14 09:47:52,22,24,1196,2053
2023-03-14 09:48:26,22,25,1196,2053
2023-03-14 09:48:26,22,26,1196,2053
2023-03-14 09:48:26,22,25,1196,2053
2023-03-14 09:48:27,22,24,1196,2053
2023-03-14 09:48:35,22,25,1196,2053
2023-03-14 09:48:48,22,26,1196,2053
2023-03-14 09:48:48,22,25,1196,2053
2023-03-14 09:48:49,22,24,1196,2053
2023-03-14 09:49:19,22,26,1196,2053
2023-03-14 09:49:20,22,25,1196,2053
2023-03-14 09:49:21,22,24,1196,2053
2023-03-14 09:49:31,22,25,1196,2053
2023-03-14 09:49:33,22,24,1196,2053
2023-03-14 09:49:44,22,25,1196,2053
2023-03-14 09:49:44,22,24,1196,2053
2023-03-14 09:49:50,22,24,1252,2109
2023-03-14 09:49:50,22,24,1308,2165
2023-03-14 09:49:50,22,25,1308,2165
2023-03-14 09:49:57,22,26,1308,2165
2023-03-14 09:49:57,22,25,1308,2165
2023-03-14 09:50:20,22,26,1308,2165
2023-03-14 09:50:20,22,25,1308,2165
2023-03-14 09:50:49,22,26,1308,2165
2023-03-14 09:50:49,22,25,1308,2165
2023-03-14 09:51:06,22,26,1308,2165
2023-03-14 09:51:06,22,25,1308,2165
2023-03-14 09:51:30,22,26,1308,2165
2023-03-14 09:51:30,22,24,1308,2165
2023-03-14 09:51:50,22,26,1308,2165
2023-03-14 09:51:50,22,25,1308,2165
2023-03-14 09:52:23,21,25,1308,2165
2023-03-14 09:52:23,22,25,1308,2165
2023-03-14 09:52:32,21,25,1308,2165
2023-03-14 09:52:32,22,25,1308,2165
2023-03-14 09:52:32,22,24,1308,2165
2023-03-14 09:52:45,21,24,1308,2165
2023-03-14 09:52:45,21,25,1308,2165
2023-03-14 09:52:45,22,25,1308,2165
2023-03-14 09:52:57,21,25,1308,2165
2023-03-14 09:52:58,22,25,1308,2165
2023-03-14 09:53:17,21,25,1308,2165
2023-03-14 09:53:17,23,25,1308,2165
2023-03-14 09:53:50,21,25,1308,2165
2023-03-14 09:53:50,23,25,1308,2165
2023-03-14 09:54:16,21,25,1308,2165
2023-03-14 09:54:16,23,25,1308,2165
2023-03-14 09:54:25,21,25,1308,2165
2023-03-14 09:54:25,22,25,1308,2165
2023-03-14 09:54:25,22,24,1308,2165
2023-03-14 09:54:32,21,24,1308,2165
2023-03-14 09:54:32,21,25,1308,2165
2023-03-14 09:54:32,22,25,1308,2165
2023-03-14 09:54:40,23,25,1308,2165
2023-03-14 09:54:55,22,25,1308,2165
2023-03-14 09:55:17,21,25,1308,2165
2023-03-14 09:55:17,22,25,1308,2165
2023-03-14 09:55:29,21,25,1308,2165
2023-03-14 09:55:30,23,25,1308,2165
2023-03-14 09:55:44,22,25,1308,2165
2023-03-14 09:56:05,23,25,1308,2165
2023-03-14 09:57:24,23,26,1308,2165
2023-03-14 09:57:25,23,25,1308,2165
2023-03-14 09:57:55,23,26,1308,2165
2023-03-14 09:57:55,23,25,1308,2165
2023-03-14 09:58:04,23,26,1308,2165
2023-03-14 09:58:04,23,25,1308,2165
2023-03-14 09:58:24,23,26,1308,2165
2023-03-14 09:58:24,23,25,1308,2165
2023-03-14 09:58:35,23,26,1308,2165
2023-03-14 09:58:35,23,25,1308,2165
2023-03-14 09:58:49,23,26,1308,2165
2023-03-14 09:58:49,23,25,1308,2165
2023-03-14 09:59:03,23,27,1308,2165
2023-03-14 09:59:03,23,25,1308,2165
2023-03-14 09:59:09,23,24,1308,2165
2023-03-14 09:59:15,23,25,1308,2165
2023-03-14 09:59:22,23,27,1308,2165
2023-03-14 09:59:22,23,26,1308,2165
2023-03-14 09:59:22,23,27,1308,2165
2023-03-14 09:59:22,23,26,1308,2165
2023-03-14 09:59:28,23,25,1308,2165
2023-03-14 09:59:55,23,27,1308,2165
2023-03-14 09:59:55,23,26,1308,2165
2023-03-14 10:00:30,23,25,1308,2165
2023-03-14 10:00:43,23,26,1308,2165
2023-03-14 10:00:43,23,25,1308,2165
2023-03-14 10:00:53,23,26,1308,2165
2023-03-14 10:00:54,23,25,1308,2165
2023-03-14 10:01:25,23,26,1308,2165
2023-03-14 10:01:26,23,25,1308,2165
2023-03-14 10:02:05,23,26,1308,2165
2023-03-14 10:02:05,23,25,1308,2165
2023-03-14 10:02:25,23,26,1308,2165
2023-03-14 10:02:58,23,25,1308,2165
2023-03-14 10:03:16,23,26,1308,2165
2023-03-14 10:03:16,23,25,1308,2165
2023-03-14 10:03:27,23,26,1308,2165
2023-03-14 10:03:27,24,26,1308,2165
2023-03-14 10:03:28,24,25,1308,2165
2023-03-14 10:03:39,24,26,1308,2165
2023-03-14 10:03:39,24,25,1308,2165
2023-03-14 10:03:39,23,25,1308,2165
2023-03-14 10:03:39,23,26,1308,2165
2023-03-14 10:03:40,23,25,1308,2165
2023-03-14 10:03:57,23,26,1308,2165
2023-03-14 10:03:58,23,25,1308,2165
2023-03-14 10:04:28,23,26,1308,2165
2023-03-14 10:04:34,23,27,1308,2165
2023-03-14 10:04:34,23,26,1308,2165
2023-03-14 10:04:34,23,27,1308,2165
2023-03-14 10:04:34,23,26,1308,2165
2023-03-14 10:04:35,23,25,1308,2165
2023-03-14 10:04:35,23,26,1308,2165
2023-03-14 10:04:43,24,26,1308,2165
2023-03-14 10:04:54,24,27,1308,2165
2023-03-14 10:04:55,24,26,1308,2165
2023-03-14 10:05:12,24,25,1308,2165
2023-03-14 10:05:20,24,26,1308,2165
2023-03-14 10:05:21,23,26,1308,2165
2023-03-14 10:05:21,23,28,1308,2165
2023-03-14 10:05:21,24,28,1308,2165
2023-03-14 10:05:21,24,26,1308,2165
2023-03-14 10:05:38,23,26,1308,2165
2023-03-14 10:05:38,23,28,1308,2165
2023-03-14 10:05:38,23,26,1308,2165
2023-03-14 10:05:55,23,28,1308,2165
2023-03-14 10:05:55,24,28,1308,2165
2023-03-14 10:05:55,24,26,1308,2165
2023-03-14 10:06:08,24,25,1308,2165
2023-03-14 10:06:10,23,25,1308,2193
2023-03-14 10:06:10,23,26,1308,2193
2023-03-14 10:06:21,23,28,1308,2193
2023-03-14 10:06:22,24,28,1308,2193
2023-03-14 10:06:22,24,27,1308,2193
2023-03-14 10:06:22,24,26,1308,2193
2023-03-14 10:06:40,23,26,1308,2193
2023-03-14 10:06:40,23,28,1308,2193
2023-03-14 10:06:40,24,28,1308,2193
2023-03-14 10:06:40,24,26,1308,2193
2023-03-14 10:06:52,24,28,1308,2193
2023-03-14 10:06:52,24,26,1308,2193
2023-03-14 10:07:21,24,28,1308,2193
2023-03-14 10:07:21,24,26,1308,2193
2023-03-14 10:07:52,23,26,1308,2193
2023-03-14 10:07:52,24,26,1308,2193
2023-03-14 10:08:21,24,27,1308,2193
2023-03-14 10:08:22,24,26,1308,2193
2023-03-14 10:08:51,24,27,1308,2193
2023-03-14 10:08:51,24,26,1308,2193
2023-03-14 10:08:51,24,27,1308,2193
2023-03-14 10:08:51,24,26,1308,2193
2023-03-14 10:09:22,23,26,1308,2193
2023-03-14 10:09:22,23,27,1308,2193
2023-03-14 10:09:22,24,27,1308,2193
2023-03-14 10:09:23,24,26,1308,2193
2023-03-14 10:10:45,24,28,1308,2193
2023-03-14 10:10:46,24,26,1308,2193
2023-03-14 10:11:31,25,26,1308,2193
2023-03-14 10:11:44,25,28,1308,2193
2023-03-14 10:11:44,25,26,1308,2193
2023-03-14 10:12:15,25,28,1308,2193
2023-03-14 10:12:15,25,26,1308,2193
2023-03-14 10:12:26,25,28,1308,2193
2023-03-14 10:12:26,25,26,1308,2193
2023-03-14 10:12:42,25,28,1308,2193
2023-03-14 10:12:42,25,27,1308,2193
2023-03-14 10:12:42,25,28,1308,2193
2023-03-14 10:12:42,25,26,1308,2193
2023-03-14 10:12:49,25,28,1308,2193
2023-03-14 10:12:49,25,27,1308,2193
2023-03-14 10:12:49,25,28,1308,2193
2023-03-14 10:12:49,26,28,1308,2193
2023-03-14 10:12:50,26,27,1308,2193
2023-03-14 10:13:01,26,28,1308,2193
2023-03-14 10:13:17,25,28,1308,2193
2023-03-14 10:13:18,26,28,1308,2193
2023-03-14 10:13:38,25,28,1308,2193
2023-03-14 10:13:39,26,28,1308,2193
2023-03-14 10:13:52,25,28,1308,2193
2023-03-14 10:13:52,26,28,1308,2193
2023-03-14 10:14:18,26,27,1308,2193
2023-03-14 10:14:24,26,28,1308,2193
2023-03-14 10:14:24,25,28,1308,2193
2023-03-14 10:14:25,26,28,1308,2193
2023-03-14 10:14:49,25,28,1308,2193
2023-03-14 10:14:49,26,28,1308,2193
2023-03-14 10:15:06,25,28,1308,2193
2023-03-14 10:15:07,26,28,1308,2193
2023-03-14 10:15:07,26,27,1308,2193
2023-03-14 10:15:21,26,28,1308,2193
2023-03-14 10:15:23,26,27,1308,2193
2023-03-14 10:15:33,26,28,1308,2193
2023-03-14 10:16:28,25,28,1308,2193
2023-03-14 10:16:29,26,28,1308,2193
2023-03-14 10:16:29,26,27,1308,2193
2023-03-14 10:16:36,26,27,1308,2224
2023-03-14 10:16:36,26,28,1308,2224
2023-03-14 10:16:46,25,28,1308,2224
2023-03-14 10:16:46,26,28,1308,2224
2023-03-14 10:16:48,26,27,1308,2224
2023-03-14 10:16:55,26,28,1308,2224
2023-03-14 10:16:55,26,27,1308,2224
2023-03-14 10:17:02,26,28,1308,2224
2023-03-14 10:17:05,26,27,1308,2224
2023-03-14 10:17:19,25,27,1308,2224
2023-03-14 10:17:19,25,28,1308,2224
2023-03-14 10:17:20,26,28,1308,2224
2023-03-14 10:17:21,26,27,1308,2224
2023-03-14 10:17:30,26,28,1308,2224
2023-03-14 10:17:37,26,27,1308,2224
2023-03-14 10:17:46,25,27,1308,2277
2023-03-14 10:17:47,25,28,1308,2277
2023-03-14 10:17:47,25,27,1308,2277
2023-03-14 10:17:47,25,28,1308,2277
2023-03-14 10:17:47,26,28,1308,2277
2023-03-14 10:17:55,25,28,1308,2277
2023-03-14 10:17:56,25,27,1308,2277
2023-03-14 10:18:17,25,28,1308,2277
2023-03-14 10:18:17,25,27,1308,2277
2023-03-14 10:18:28,25,28,1308,2277
2023-03-14 10:18:29,25,27,1308,2277
2023-03-14 10:18:39,25,28,1308,2277
2023-03-14 10:18:40,26,28,1308,2277
2023-03-14 10:18:40,26,27,1308,2277
2023-03-14 10:18:53,26,28,1308,2277
2023-03-14 10:19:22,25,28,1308,2277
2023-03-14 10:19:22,26,28,1308,2277
2023-03-14 10:19:23,26,27,1308,2277
2023-03-14 10:19:28,26,28,1308,2277
2023-03-14 10:19:28,26,27,1308,2277
2023-03-14 10:19:41,26,28,1308,2277
2023-03-14 10:20:23,25,28,1308,2277
2023-03-14 10:20:24,26,28,1308,2277
2023-03-14 10:20:24,26,27,1308,2277
2023-03-14 10:20:32,25,27,1308,2277
2023-03-14 10:20:32,25,28,1308,2277
2023-03-14 10:20:32,26,28,1308,2277
2023-03-14 10:20:33,26,27,1308,2277
2023-03-14 10:20:50,25,27,1308,2277
2023-03-14 10:20:51,25,28,1308,2277
2023-03-14 10:20:51,26,28,1308,2277
2023-03-14 10:21:18,26,27,1308,2277
2023-03-14 10:21:26,25,27,1308,2277
2023-03-14 10:21:26,25,28,1308,2277
2023-03-14 10:21:26,26,28,1308,2277
2023-03-14 10:21:48,25,28,1308,2277
2023-03-14 10:21:48,26,28,1308,2277
2023-03-14 10:22:18,26,28,1308,2365
2023-03-14 10:22:21,25,28,1308,2365
2023-03-14 10:22:22,26,28,1308,2365
2023-03-14 10:22:28,25,28,1308,2365
2023-03-14 10:22:28,26,28,1308,2365
2023-03-14 10:22:40,25,28,1308,2365
2023-03-14 10:22:41,26,28,1308,2365
2023-03-14 10:22:50,25,28,1308,2365
2023-03-14 10:22:50,26,28,1308,2365
2023-03-14 10:23:05,26,27,1308,2365
2023-03-14 10:23:16,26,28,1308,2365
2023-03-14 10:23:17,26,27,1308,2365
2023-03-14 10:23:28,26,28,1308,2365
2023-03-14 10:23:38,25,28,1308,2365
2023-03-14 10:23:38,26,28,1308,2365
2023-03-14 10:23:44,25,28,1308,2365
2023-03-14 10:23:44,26,28,1308,2365
2023-03-14 10:25:21,25,28,1308,2365
2023-03-14 10:25:21,26,28,1308,2365
2023-03-14 10:25:47,25,28,1308,2365
2023-03-14 10:25:47,26,28,1308,2365
2023-03-14 10:25:48,26,27,1308,2365
2023-03-14 10:26:01,26,28,1308,2365
2023-03-14 10:26:01,25,28,1308,2365
2023-03-14 10:26:01,26,28,1308,2365
2023-03-14 10:26:27,25,28,1308,2365
2023-03-14 10:26:27,25,27,1308,2365
2023-03-14 10:26:39,27,28,1327,2401
2023-03-14 10:26:54,27,28,1361,2435
2023-03-14 10:26:54,27,28,1395,2469
2023-03-14 10:27:21,26,28,1395,2469
2023-03-14 10:27:21,25,28,1395,2469
2023-03-14 10:27:21,27,28,1395,2469
2023-03-14 10:27:35,25,28,1395,2469
2023-03-14 10:27:35,26,28,1395,2469
2023-03-14 10:27:42,25,28,1395,2469
2023-03-14 10:27:42,26,28,1395,2469
2023-03-14 10:28:20,25,28,1395,2469
2023-03-14 10:28:21,26,28,1395,2469
2023-03-14 10:28:28,25,28,1395,2469
2023-03-14 10:28:28,26,28,1395,2469
2023-03-14 10:28:44,25,28,1395,2469
2023-03-14 10:28:44,26,28,1395,2469
2023-03-14 10:29:18,25,28,1395,2469
2023-03-14 10:29:18,27,28,1395,2469
2023-03-14 10:29:47,25,28,1395,2469
2023-03-14 10:29:47,26,28,1395,2469
2023-03-14 10:30:43,25,28,1395,2469
2023-03-14 10:30:43,27,28,1395,2469
2023-03-14 10:30:50,25,28,1395,2469
2023-03-14 10:30:50,26,28,1395,2469
2023-03-14 10:31:26,25,28,1395,2469
2023-03-14 10:31:27,26,28,1395,2469
2023-03-14 10:31:44,25,28,1395,2469
2023-03-14 10:31:44,26,28,1395,2469
2023-03-14 10:32:23,26,29,1395,2473
2023-03-14 10:32:23,26,28,1395,2473
2023-03-14 10:32:25,25,28,1395,2473
2023-03-14 10:32:25,25,29,1395,2473
2023-03-14 10:32:25,26,29,1395,2473
2023-03-14 10:32:41,25,29,1395,2473
2023-03-14 10:32:41,27,29,1395,2473
2023-03-14 10:32:57,25,29,1395,2473
2023-03-14 10:32:57,26,29,1395,2473
2023-03-14 10:33:21,26,28,1395,2473
2023-03-14 10:33:31,26,29,1395,2473
2023-03-14 10:33:31,26,28,1395,2473
2023-03-14 10:33:36,25,28,1395,2473
2023-03-14 10:33:36,26,28,1395,2473
2023-03-14 10:33:53,25,28,1395,2473
2023-03-14 10:33:53,25,29,1395,2473
2023-03-14 10:33:53,27,29,1395,2473
2023-03-14 10:33:54,27,28,1395,2473
2023-03-14 10:34:16,25,28,1395,2473
2023-03-14 10:34:17,26,28,1395,2473
2023-03-14 10:34:17,26,27,1395,2473
2023-03-14 10:34:18,26,28,1395,2473
2023-03-14 10:34:28,25,27,1395,2473
2023-03-14 10:34:28,25,28,1395,2473
2023-03-14 10:34:28,26,28,1395,2473
2023-03-14 10:34:30,26,27,1395,2473
2023-03-14 10:34:37,25,27,1395,2473
2023-03-14 10:34:37,25,28,1395,2473
2023-03-14 10:34:38,26,28,1395,2473
2023-03-14 10:34:38,26,27,1395,2473
2023-03-14 10:34:47,25,27,1395,2473
2023-03-14 10:34:47,26,27,1395,2473
2023-03-14 10:35:03,26,27,1420,2498
2023-03-14 10:35:03,26,27,1445,2523
2023-03-14 10:35:07,26,28,1445,2523
2023-03-14 10:35:09,27,28,1445,2563
2023-03-14 10:35:12,26,29,1445,2563
2023-03-14 10:35:13,26,29,1555,2673
2023-03-14 10:35:13,25,26,1644,2762
2023-03-14 10:35:14,26,29,1645,2763
2023-03-14 10:35:14,26,28,1645,2763
2023-03-14 10:35:22,25,28,1645,2763
2023-03-14 10:35:22,25,29,1645,2763
2023-03-14 10:35:22,27,29,1645,2763
2023-03-14 10:35:31,25,29,1645,2763
2023-03-14 10:35:31,27,29,1645,2763
2023-03-14 10:35:45,25,29,1645,2763
2023-03-14 10:35:45,27,29,1645,2763
2023-03-14 10:35:55,25,29,1645,2763
2023-03-14 10:35:55,26,29,1645,2763
2023-03-14 10:36:10,26,28,1645,2763
2023-03-14 10:36:21,25,28,1645,2763
2023-03-14 10:36:21,26,28,1645,2763
2023-03-14 10:36:30,25,28,1645,2763
2023-03-14 10:36:30,27,28,1645,2763
2023-03-14 10:36:49,25,28,1645,2763
2023-03-14 10:36:50,27,28,1645,2763
2023-03-14 10:37:16,25,28,1645,2763
2023-03-14 10:37:16,27,28,1645,2763
2023-03-14 10:37:25,25,28,1645,2763
2023-03-14 10:37:25,26,28,1645,2763
2023-03-14 10:37:43,25,28,1645,2763
2023-03-14 10:37:43,27,28,1645,2763
2023-03-14 10:37:51,25,28,1645,2763
2023-03-14 10:37:51,27,28,1645,2763
2023-03-14 10:38:22,27,29,1645,2763
2023-03-14 10:38:27,25,29,1645,2763
2023-03-14 10:38:27,27,29,1645,2763
2023-03-14 10:38:37,25,29,1645,2763
2023-03-14 10:38:37,27,29,1645,2763
2023-03-14 10:39:21,25,29,1645,2763
2023-03-14 10:39:22,27,29,1645,2763
2023-03-14 10:39:49,25,29,1645,2763
2023-03-14 10:39:50,27,29,1645,2763
2023-03-14 10:40:39,25,29,1645,2763
2023-03-14 10:40:39,27,29,1645,2763
2023-03-14 10:41:18,25,29,1645,2763
2023-03-14 10:41:19,27,29,1645,2763
2023-03-14 10:41:38,25,29,1645,2763
2023-03-14 10:41:38,27,29,1645,2763
2023-03-14 10:41:53,25,29,1645,2763
2023-03-14 10:41:53,27,29,1645,2763
2023-03-14 10:42:27,25,29,1645,2763
2023-03-14 10:42:27,27,29,1645,2763
2023-03-14 10:42:37,25,29,1645,2763
2023-03-14 10:42:37,26,29,1645,2763
2023-03-14 10:42:37,28,29,1645,2763
2023-03-14 10:43:38,26,30,1645,2763
2023-03-14 10:43:38,26,32,1645,2763
2023-03-14 10:43:39,28,32,1645,2763
2023-03-14 10:43:39,28,30,1645,2763
2023-03-14 10:44:15,28,29,1645,2763
2023-03-14 10:44:19,26,29,1645,2763
2023-03-14 10:44:19,28,29,1645,2763
2023-03-14 10:44:43,26,29,1645,2763
2023-03-14 10:44:43,28,29,1645,2763
2023-03-14 10:44:50,26,29,1645,2763
2023-03-14 10:44:50,28,29,1645,2763
2023-03-14 10:45:22,25,29,1645,2763
2023-03-14 10:45:22,26,29,1645,2763
2023-03-14 10:45:22,28,29,1645,2763
2023-03-14 10:45:42,25,29,1645,2763
2023-03-14 10:45:43,26,29,1645,2763
2023-03-14 10:45:43,28,29,1645,2763
2023-03-14 10:46:40,26,29,1645,2763
2023-03-14 10:46:41,28,29,1645,2763
2023-03-14 10:46:43,28,29,1652,2770
2023-03-14 10:47:22,26,29,1652,2770
2023-03-14 10:47:22,28,29,1652,2770
2023-03-14 10:47:42,26,29,1652,2770
2023-03-14 10:47:42,28,29,1652,2770
2023-03-14 10:48:21,25,29,1652,2770
2023-03-14 10:48:22,26,29,1652,2770
2023-03-14 10:48:22,28,29,1652,2770
2023-03-14 10:48:49,25,29,1652,2770
2023-03-14 10:48:49,25,28,1652,2770
2023-03-14 10:48:49,25,29,1652,2770
2023-03-14 10:48:50,26,29,1652,2770
2023-03-14 10:48:50,28,29,1652,2770
2023-03-14 10:50:17,26,29,1652,2770
2023-03-14 10:50:18,28,29,1652,2770
2023-03-14 10:50:30,25,29,1652,2770
2023-03-14 10:50:30,26,29,1652,2770
2023-03-14 10:50:30,28,29,1652,2770
2023-03-14 10:50:49,26,29,1652,2770
2023-03-14 10:50:49,25,29,1652,2770
2023-03-14 10:50:50,28,29,1652,2770
2023-03-14 10:51:22,26,29,1652,2770
2023-03-14 10:51:22,28,29,1652,2770
2023-03-14 10:51:28,26,29,1652,2770
2023-03-14 10:51:28,28,29,1652,2770
2023-03-14 10:51:46,25,29,1652,2770
2023-03-14 10:51:47,26,29,1652,2770
2023-03-14 10:51:47,28,29,1652,2770
2023-03-14 10:52:27,26,29,1652,2770
2023-03-14 10:52:27,28,29,1652,2770
2023-03-14 10:53:21,26,29,1652,2770
2023-03-14 10:53:22,28,29,1652,2770
2023-03-14 10:53:42,28,29,1656,2774
2023-03-14 10:53:51,26,29,1656,2774
2023-03-14 10:53:51,28,29,1656,2774
2023-03-14 10:54:06,28,29,1660,2778
2023-03-14 10:54:07,28,29,1664,2782
2023-03-14 10:54:20,26,29,1664,2782
2023-03-14 10:54:20,28,29,1664,2782
2023-03-14 10:54:28,28,29,1668,2786
2023-03-14 10:54:29,28,29,1672,2790
2023-03-14 10:54:31,26,29,1672,2790
2023-03-14 10:54:31,28,29,1672,2790
2023-03-14 10:54:43,26,29,1672,2790
2023-03-14 10:54:43,28,29,1672,2790
2023-03-14 10:54:48,28,29,1676,2794
2023-03-14 10:55:09,28,29,1680,2798
2023-03-14 10:55:20,26,29,1680,2798
2023-03-14 10:55:20,28,29,1680,2798
2023-03-14 10:55:28,28,29,1684,2802
2023-03-14 10:55:46,25,29,1684,2802
2023-03-14 10:55:47,27,29,1684,2802
2023-03-14 10:55:47,28,29,1684,2802
2023-03-14 10:55:48,28,29,1688,2806
2023-03-14 10:55:54,27,29,1688,2806
2023-03-14 10:55:54,25,29,1688,2806
2023-03-14 10:55:54,28,29,1688,2806
2023-03-14 10:56:21,28,31,1688,2806
2023-03-14 10:56:29,26,29,1688,2806
2023-03-14 10:56:29,25,29,1688,2806
2023-03-14 10:56:29,28,29,1688,2806
2023-03-14 10:56:55,28,29,1692,2810
2023-03-14 10:56:55,28,29,1688,2814
2023-03-14 10:56:58,26,29,1688,2814
2023-03-14 10:56:58,25,29,1688,2814
2023-03-14 10:56:58,28,29,1688,2814
2023-03-14 10:57:16,28,29,1684,2818
2023-03-14 10:57:19,26,29,1684,2818
2023-03-14 10:57:19,25,29,1684,2818
2023-03-14 10:57:20,28,29,1684,2818
2023-03-14 10:57:29,28,31,1684,2818
2023-03-14 10:57:29,25,31,1684,2818
2023-03-14 10:57:29,28,31,1684,2818
2023-03-14 10:57:29,28,30,1684,2818
2023-03-14 10:58:01,28,30,1684,2819
2023-03-14 10:58:11,28,30,1680,2823
2023-03-14 10:58:19,27,30,1680,2823
2023-03-14 10:58:19,26,30,1680,2823
2023-03-14 10:58:19,28,30,1680,2823
2023-03-14 10:58:31,29,30,1680,2823
2023-03-14 10:59:08,28,31,1680,2823
2023-03-14 10:59:11,30,31,1680,2823
2023-03-14 10:59:32,30,31,1680,2824
2023-03-14 11:00:48,27,31,1680,2824
2023-03-14 11:00:48,28,31,1680,2824
2023-03-14 11:00:52,30,31,1680,2824
2023-03-14 11:01:27,28,31,1680,2824
2023-03-14 11:01:27,26,31,1680,2824
2023-03-14 11:01:27,27,31,1680,2824
2023-03-14 11:01:27,28,31,1680,2824
2023-03-14 11:01:31,28,31,1676,2828
2023-03-14 11:01:45,28,31,1676,2833
2023-03-14 11:01:50,26,31,1676,2833
2023-03-14 11:01:50,27,31,1676,2833
2023-03-14 11:01:50,28,31,1676,2833
2023-03-14 11:01:51,28,31,1672,2837
2023-03-14 11:02:12,30,31,1672,2837
2023-03-14 11:02:46,28,31,1672,2837
2023-03-14 11:02:51,30,31,1672,2837
2023-03-14 11:03:11,28,31,1672,2837
2023-03-14 11:03:11,30,31,1672,2837
2023-03-14 11:03:51,28,31,1672,2837
2023-03-14 11:03:52,30,31,1672,2837
2023-03-14 11:04:27,28,31,1672,2837
2023-03-14 11:04:27,26,31,1672,2837
2023-03-14 11:04:28,27,31,1672,2837
2023-03-14 11:04:28,28,31,1672,2837
2023-03-14 11:04:32,30,31,1672,2837
2023-03-14 11:04:51,28,31,1672,2837
2023-03-14 11:04:51,26,31,1672,2837
2023-03-14 11:04:51,30,31,1672,2837
2023-03-14 11:05:28,28,31,1672,2837
2023-03-14 11:05:28,26,31,1672,2837
2023-03-14 11:05:28,27,31,1672,2837
2023-03-14 11:05:28,28,31,1672,2837
2023-03-14 11:05:31,30,31,1672,2837
2023-03-14 11:06:31,28,31,1672,2837
2023-03-14 11:06:31,30,31,1672,2837
2023-03-14 11:07:29,28,31,1672,2837
2023-03-14 11:07:29,27,31,1672,2837
2023-03-14 11:07:29,26,31,1672,2837
2023-03-14 11:07:29,28,31,1672,2837
2023-03-14 11:07:31,30,31,1672,2837
2023-03-14 11:08:06,28,31,1672,2837
2023-03-14 11:08:12,29,31,1672,2837
2023-03-14 11:08:31,28,30,1672,2837
2023-03-14 11:08:31,28,30,1668,2841
2023-03-14 11:08:52,28,30,1668,2845
2023-03-14 11:08:53,25,30,1668,2845
2023-03-14 11:08:54,27,30,1668,2845
2023-03-14 11:08:54,28,30,1668,2845
2023-03-14 11:09:26,25,30,1668,2845
2023-03-14 11:09:26,27,30,1668,2845
2023-03-14 11:09:26,28,30,1668,2845
2023-03-14 11:11:12,28,29,1668,2845
2023-03-14 11:11:19,27,29,1668,2845
2023-03-14 11:11:19,28,29,1668,2845
2023-03-14 11:11:32,28,30,1668,2845
2023-03-14 11:11:32,28,29,1668,2845
2023-03-14 11:11:49,28,30,1668,2845
2023-03-14 11:12:12,28,29,1668,2845
2023-03-14 11:12:32,28,30,1668,2845
2023-03-14 11:12:32,28,29,1668,2845
2023-03-14 11:12:52,28,30,1668,2845
2023-03-14 11:13:12,28,29,1668,2845
2023-03-14 11:13:41,27,29,1668,2845
2023-03-14 11:13:41,28,29,1668,2845
2023-03-14 11:14:22,27,29,1668,2845
2023-03-14 11:14:23,28,29,1668,2845
2023-03-14 11:14:29,27,29,1668,2845
2023-03-14 11:14:29,28,29,1668,2845
2023-03-14 11:14:41,27,29,1668,2845
2023-03-14 11:14:42,28,29,1668,2845
2023-03-14 11:15:42,27,29,1668,2845
2023-03-14 11:15:43,28,29,1668,2845
2023-03-14 11:15:49,25,29,1668,2845
2023-03-14 11:15:50,27,29,1668,2845
2023-03-14 11:15:50,28,29,1668,2845
2023-03-14 11:16:16,29,30,1536,2977
2023-03-14 11:16:20,28,30,1536,2977
2023-03-14 11:16:20,30,31,1416,3097
2023-03-14 11:16:31,28,31,1416,3097
2023-03-14 11:16:32,28,30,1416,3097
2023-03-14 11:16:37,30,31,1416,3101
2023-03-14 11:16:37,30,31,1416,3109
2023-03-14 11:16:50,27,31,1416,3109
2023-03-14 11:16:50,28,31,1416,3109
2023-03-14 11:16:51,29,31,1416,3109
2023-03-14 11:17:03,29,30,1416,3109
2023-03-14 11:17:28,30,31,1358,3237
2023-03-14 11:17:32,29,31,1358,3237
2023-03-14 11:18:27,28,31,1358,3237
2023-03-14 11:18:32,29,31,1358,3237
2023-03-14 11:19:27,28,31,1358,3237
2023-03-14 11:19:27,26,31,1358,3237
2023-03-14 11:19:28,28,31,1358,3237
2023-03-14 11:19:32,29,31,1358,3237
2023-03-14 11:19:48,28,31,1358,3237
2023-03-14 11:19:52,29,31,1358,3237
2023-03-14 11:20:14,29,31,1472,3487
2023-03-14 11:20:31,28,31,1472,3487
2023-03-14 11:20:31,28,32,1472,3487
2023-03-14 11:20:31,28,31,1472,3487
2023-03-14 11:20:31,28,32,1472,3487
2023-03-14 11:20:32,28,31,1472,3487
2023-03-14 11:20:32,29,31,1472,3487
2023-03-14 11:20:50,28,31,1472,3487
2023-03-14 11:20:50,28,32,1472,3487
2023-03-14 11:20:50,28,31,1472,3487
2023-03-14 11:20:52,29,31,1472,3487
2023-03-14 11:21:50,29,32,1472,3487
2023-03-14 11:21:50,29,31,1472,3487
2023-03-14 11:22:49,29,32,1472,3487
2023-03-14 11:22:50,29,31,1472,3487
2023-03-14 11:24:28,29,32,1472,3487
2023-03-14 11:24:28,29,31,1472,3487
2023-03-14 11:24:31,28,31,1472,3487
2023-03-14 11:24:32,28,30,1472,3487
2023-03-14 11:24:52,28,31,1472,3487
2023-03-14 11:24:53,28,30,1472,3487
2023-03-14 11:25:12,29,31,1472,3487
2023-03-14 11:25:50,28,31,1472,3487
2023-03-14 11:25:50,28,32,1472,3487
2023-03-14 11:25:50,28,31,1472,3487
2023-03-14 11:25:53,28,30,1472,3487
2023-03-14 11:26:07,28,31,1472,3487
2023-03-14 11:26:14,28,30,1472,3487
2023-03-14 11:26:29,28,31,1472,3487
2023-03-14 11:26:29,28,30,1472,3487
2023-03-14 11:26:53,29,31,1472,3487
2023-03-14 11:27:31,28,31,1472,3487
2023-03-14 11:27:32,29,31,1472,3487
2023-03-14 11:27:50,28,31,1472,3487
2023-03-14 11:27:52,28,30,1472,3487
2023-03-14 11:28:12,28,31,1472,3487
2023-03-14 11:28:12,28,30,1472,3487
2023-03-14 11:28:32,29,31,1472,3487
2023-03-14 11:29:11,28,31,1472,3487
2023-03-14 11:29:12,29,31,1472,3487
2023-03-14 11:29:32,28,31,1472,3487
2023-03-14 11:29:32,28,30,1472,3487
2023-03-14 11:29:52,29,31,1472,3487
2023-03-14 11:30:12,28,31,1472,3487
2023-03-14 11:30:13,28,30,1472,3487
2023-03-14 11:30:17,28,29,1472,3487
2023-03-14 11:30:23,29,30,1472,3491
2023-03-14 11:30:23,29,30,1472,3495
2023-03-14 11:30:26,28,30,1558,3708
2023-03-14 11:30:27,28,29,1558,3708
2023-03-14 11:30:31,28,30,1558,3708
2023-03-14 11:30:31,29,30,1558,3708
2023-03-14 11:30:46,27,30,1558,3708
2023-03-14 11:30:46,27,29,1558,3708
2023-03-14 11:30:51,28,29,1558,3708
2023-03-14 11:30:52,28,29,1554,3712
2023-03-14 11:30:53,29,30,1554,3791
2023-03-14 11:30:53,29,30,1595,3832
2023-03-14 11:30:58,28,30,1595,3832
2023-03-14 11:31:07,28,29,1595,3832
2023-03-14 11:31:12,28,30,1595,3832
2023-03-14 11:31:12,29,30,1595,3832
2023-03-14 11:31:18,28,30,1595,3832
2023-03-14 11:31:18,28,29,1595,3832
2023-03-14 11:31:31,27,29,1595,3832
2023-03-14 11:31:31,27,30,1595,3832
2023-03-14 11:31:32,27,29,1595,3832
2023-03-14 11:31:48,27,30,1595,3832
2023-03-14 11:31:48,27,29,1595,3832
2023-03-14 11:31:53,27,29,1630,4032
2023-03-14 11:31:57,27,29,1830,4232
2023-03-14 11:32:02,29,30,1946,4348
2023-03-14 11:32:06,27,30,1946,4348
2023-03-14 11:32:06,28,30,1946,4348
2023-03-14 11:32:21,28,29,1946,4348
2023-03-14 11:32:35,26,29,1946,4352
2023-03-14 11:32:39,26,30,1946,4352
2023-03-14 11:32:39,28,30,1946,4352
2023-03-14 11:32:46,26,30,1946,4352
2023-03-14 11:32:46,28,30,1946,4352
2023-03-14 11:32:52,26,30,1946,4352
2023-03-14 11:32:52,28,30,1946,4352
2023-03-14 11:32:52,28,29,1946,4352
2023-03-14 11:33:12,28,30,1946,4352
2023-03-14 11:33:12,28,29,1946,4352
2023-03-14 11:33:14,27,29,1946,4352
2023-03-14 11:33:14,28,29,1946,4352
2023-03-14 11:33:20,27,29,1946,4352
2023-03-14 11:33:20,28,29,1946,4352
2023-03-14 11:33:32,28,30,1946,4352
2023-03-14 11:33:32,28,29,1946,4352
2023-03-14 11:33:40,27,29,1946,4352
2023-03-14 11:33:48,27,30,1946,4352
2023-03-14 11:33:52,27,29,1946,4352
2023-03-14 11:34:12,27,30,1946,4352
2023-03-14 11:34:12,27,29,1946,4352
2023-03-14 11:34:20,28,29,1946,4352
2023-03-14 11:34:29,26,30,1946,4352
2023-03-14 11:34:30,28,30,1946,4352
2023-03-14 11:34:32,28,29,1946,4352
2023-03-14 11:34:41,27,29,1946,4352
2023-03-14 11:34:41,28,29,1946,4352
2023-03-14 11:34:47,27,29,1946,4352
2023-03-14 11:34:48,26,30,1946,4352
2023-03-14 11:34:48,28,30,1946,4352
2023-03-14 11:35:12,28,31,1946,4352
2023-03-14 11:35:12,28,29,1946,4352
2023-03-14 11:35:22,27,29,1946,4352
2023-03-14 11:35:23,28,29,1946,4352
2023-03-14 11:35:30,27,31,1946,4352
2023-03-14 11:35:30,28,31,1946,4352
2023-03-14 11:35:32,28,29,1946,4352
2023-03-14 11:35:42,28,31,1946,4356
2023-03-14 11:35:50,26,31,1946,4356
2023-03-14 11:35:50,27,31,1946,4356
2023-03-14 11:35:50,28,31,1946,4356
2023-03-14 11:35:52,28,30,1946,4356
2023-03-14 11:36:12,29,31,1946,4356
2023-03-14 11:36:50,27,31,1946,4356
2023-03-14 11:36:50,28,31,1946,4356
2023-03-14 11:36:52,29,31,1946,4356
2023-03-14 11:37:22,29,30,1946,4356
2023-03-14 11:37:32,28,30,1946,4356
2023-03-14 11:38:28,26,30,1946,4356
2023-03-14 11:38:28,28,30,1946,4356
2023-03-14 11:38:29,28,29,1946,4356
2023-03-14 11:38:32,28,30,1946,4356
2023-03-14 11:39:18,28,30,1946,4356
2023-03-14 11:39:29,26,30,1946,4356
2023-03-14 11:39:30,26,29,1946,4356
2023-03-14 11:39:30,28,29,1946,4356
2023-03-14 11:39:31,28,30,1946,4356
2023-03-14 11:39:31,28,29,1946,4356
2023-03-14 11:39:47,26,29,1946,4356
2023-03-14 11:39:47,26,30,1946,4356
2023-03-14 11:39:47,28,30,1946,4356
2023-03-14 11:39:47,28,29,1946,4356
2023-03-14 11:39:58,28,30,1946,4356
2023-03-14 11:40:05,28,29,1946,4356
2023-03-14 11:40:16,28,30,1946,4356
2023-03-14 11:40:16,28,29,1946,4356
2023-03-14 11:40:26,26,29,1946,4484
2023-03-14 11:40:32,28,29,1946,4484
2023-03-14 11:40:45,27,29,1946,4484
2023-03-14 11:40:45,28,29,1946,4484
2023-03-14 11:40:45,28,29,1946,4527
2023-03-14 11:40:50,27,29,1946,4527
2023-03-14 11:40:50,28,29,1946,4527
2023-03-14 11:41:21,27,29,1946,4527
2023-03-14 11:41:21,28,29,1946,4527
2023-03-14 11:41:38,27,29,1946,4527
2023-03-14 11:41:38,28,29,1946,4527
2023-03-14 11:41:49,27,29,1946,4527
2023-03-14 11:41:49,28,29,1946,4527
2023-03-14 11:42:12,28,30,1946,4527
2023-03-14 11:42:52,28,29,1946,4527
2023-03-14 11:43:12,28,30,1946,4527
2023-03-14 11:43:32,28,29,1946,4527
2023-03-14 11:43:35,29,30,1950,4531
2023-03-14 11:43:40,28,30,1950,4531
2023-03-14 11:43:44,29,30,1950,4531
2023-03-14 11:44:31,29,30,1954,4535
2023-03-14 11:44:50,29,30,2025,4606
2023-03-14 11:45:51,29,30,2025,4647
2023-03-14 11:45:51,29,31,2025,4647
2023-03-14 11:46:21,30,31,2025,4647
2023-03-14 11:46:30,29,31,2025,4647
2023-03-14 11:46:31,30,31,2025,4647
2023-03-14 11:46:42,29,31,2025,4647
2023-03-14 11:46:42,30,31,2025,4647
2023-03-14 11:46:50,29,31,2025,4647
2023-03-14 11:46:50,30,31,2025,4647
2023-03-14 11:47:15,30,31,2025,4704
2023-03-14 11:47:16,29,31,2025,4704
2023-03-14 11:47:17,30,31,2025,4704
2023-03-14 11:47:18,30,32,2029,4708
2023-03-14 11:47:27,29,32,2029,4708
2023-03-14 11:47:27,31,32,2029,4708
2023-03-14 11:47:51,29,32,2029,4708
2023-03-14 11:47:52,31,32,2029,4708
2023-03-14 11:49:47,29,32,2029,4708
2023-03-14 11:49:47,31,32,2029,4708
2023-03-14 11:50:25,31,33,2029,4708
2023-03-14 11:50:25,32,33,2029,4708
2023-03-14 11:50:31,29,33,2029,4708
2023-03-14 11:50:31,31,33,2029,4708
2023-03-14 11:51:30,29,33,2029,4708
2023-03-14 11:51:30,29,37,2029,4708
2023-03-14 11:51:30,29,40,2029,4708
2023-03-14 11:51:30,29,36,2029,4708
2023-03-14 11:51:30,29,40,2029,4708
2023-03-14 11:51:30,31,40,2029,4708
2023-03-14 11:51:30,31,35,2029,4708
2023-03-14 11:51:30,31,33,2029,4708
2023-03-14 11:51:32,31,32,2029,4708
2023-03-14 11:51:48,31,33,2029,4708
2023-03-14 11:51:50,31,35,2029,4708
2023-03-14 11:51:50,31,33,2029,4708
2023-03-14 11:51:52,31,32,2029,4708
2023-03-14 11:52:12,31,33,2029,4708
2023-03-14 11:52:12,31,32,2029,4708
2023-03-14 11:52:19,30,32,2029,4708
2023-03-14 11:52:20,31,32,2029,4708
2023-03-14 11:52:27,29,33,2029,4708
2023-03-14 11:52:27,29,35,2029,4708
2023-03-14 11:52:27,30,35,2029,4708
2023-03-14 11:52:27,30,33,2029,4708
2023-03-14 11:52:32,30,32,2029,4708
2023-03-14 11:52:36,31,32,2029,4708
2023-03-14 11:52:47,28,33,2029,4708
2023-03-14 11:52:47,28,35,2029,4708
2023-03-14 11:52:47,30,35,2029,4708
2023-03-14 11:52:47,30,33,2029,4708
2023-03-14 11:52:52,30,32,2029,4708
2023-03-14 11:53:12,30,33,2029,4708
2023-03-14 11:53:13,30,32,2029,4708
2023-03-14 11:53:27,30,33,2029,4708
2023-03-14 11:53:32,30,32,2029,4708
2023-03-14 11:53:33,31,32,2029,4708
2023-03-14 11:53:40,30,32,2029,4708
2023-03-14 11:53:40,31,32,2029,4708
2023-03-14 11:53:47,30,32,2029,4708
2023-03-14 11:53:47,31,33,2029,4708
2023-03-14 11:53:52,31,32,2029,4708
2023-03-14 11:54:12,31,33,2029,4708
2023-03-14 11:54:53,31,32,2029,4708
2023-03-14 11:55:12,31,33,2029,4708
2023-03-14 11:55:13,31,32,2029,4708
2023-03-14 11:55:26,31,33,2029,4708
2023-03-14 11:55:30,31,35,2029,4708
2023-03-14 11:55:30,31,41,2029,4708
2023-03-14 11:55:30,31,40,2029,4708
2023-03-14 11:55:30,31,41,2029,4708
2023-03-14 11:55:30,31,37,2029,4708
2023-03-14 11:55:30,31,33,2029,4708
2023-03-14 11:55:49,29,33,2029,4708
2023-03-14 11:55:49,31,33,2029,4708
2023-03-14 11:56:30,29,33,2029,4708
2023-03-14 11:56:30,29,35,2029,4708
2023-03-14 11:56:30,29,41,2029,4708
2023-03-14 11:56:30,29,40,2029,4708
2023-03-14 11:56:30,31,40,2029,4708
2023-03-14 11:56:30,31,37,2029,4708
2023-03-14 11:56:30,31,33,2029,4708
2023-03-14 11:56:52,31,32,2029,4708
2023-03-14 11:56:55,31,32,2030,4709
2023-03-14 11:57:12,31,33,2030,4709
2023-03-14 11:58:12,32,33,2030,4709
2023-03-14 11:58:18,32,34,2030,4709
2023-03-14 11:58:32,31,34,2030,4709
2023-03-14 11:58:32,31,33,2030,4709
2023-03-14 11:58:49,31,34,2030,4709
2023-03-14 11:58:49,29,34,2030,4709
2023-03-14 11:58:49,29,36,2030,4709
2023-03-14 11:58:49,29,38,2030,4709
2023-03-14 11:58:49,29,41,2030,4709
2023-03-14 11:58:49,29,40,2030,4709
2023-03-14 11:58:49,31,40,2030,4709
2023-03-14 11:58:49,31,34,2030,4709
2023-03-14 11:58:52,31,33,2030,4709
2023-03-14 11:59:10,31,34,2041,4720
2023-03-14 11:59:13,32,34,2041,4720
2023-03-14 11:59:28,32,36,2041,4720
2023-03-14 11:59:28,32,34,2041,4720
2023-03-14 11:59:47,32,36,2041,4720
2023-03-14 11:59:47,32,34,2041,4720
2023-03-14 12:00:29,30,34,2041,4720
2023-03-14 12:00:29,30,36,2041,4720
2023-03-14 12:00:29,32,36,2041,4720
2023-03-14 12:00:29,32,34,2041,4720
2023-03-14 12:00:49,30,34,2041,4720
2023-03-14 12:00:49,30,36,2041,4720
2023-03-14 12:00:49,32,36,2041,4720
2023-03-14 12:00:49,32,34,2041,4720
2023-03-14 12:01:30,30,34,2041,4720
2023-03-14 12:01:30,30,36,2041,4720
2023-03-14 12:01:30,32,36,2041,4720
2023-03-14 12:01:30,32,34,2041,4720
2023-03-14 12:01:33,33,34,2041,4720
2023-03-14 12:01:50,31,34,2041,4720
2023-03-14 12:01:50,29,34,2041,4720
2023-03-14 12:01:50,32,34,2041,4720
2023-03-14 12:01:54,33,34,2041,4720
2023-03-14 12:02:14,32,34,2041,4724
2023-03-14 12:02:16,29,34,2041,4724
2023-03-14 12:02:17,29,36,2041,4724
2023-03-14 12:02:17,30,36,2041,4724
2023-03-14 12:02:17,32,36,2041,4724
2023-03-14 12:02:17,32,35,2041,4724
2023-03-14 12:02:28,32,34,2041,4724
2023-03-14 12:02:34,33,34,2041,4724
2023-03-14 12:02:50,32,34,2041,4724
2023-03-14 12:02:53,33,34,2041,4724
2023-03-14 12:03:32,31,34,2041,4724
2023-03-14 12:03:32,33,34,2041,4724
2023-03-14 12:03:34,33,34,2041,4728
2023-03-14 12:04:32,31,34,2041,4728
2023-03-14 12:04:32,33,34,2041,4728
2023-03-14 12:06:20,33,35,2041,4728
2023-03-14 12:06:21,34,35,2041,4728
2023-03-14 12:07:56,34,35,2042,4729
2023-03-14 12:09:54,34,35,2043,4733
2023-03-14 12:10:20,33,35,2043,4733
2023-03-14 12:10:21,34,35,2043,4733
2023-03-14 12:10:39,34,35,2043,4854
2023-03-14 12:10:40,33,35,2043,4854
2023-03-14 12:10:41,34,35,2043,4854
2023-03-14 12:10:54,33,35,2043,4854
2023-03-14 12:10:54,34,35,2043,4854
2023-03-14 12:11:19,33,35,2043,4854
2023-03-14 12:12:42,33,34,2043,4854
2023-03-14 12:16:13,33,35,2043,4854
2023-03-14 12:16:33,34,35,2043,4854
2023-03-14 12:16:52,33,35,2043,4854
2023-03-14 12:16:52,34,35,2043,4854
2023-03-14 12:17:19,33,35,2043,4854
2023-03-14 12:17:19,34,35,2043,4854
2023-03-14 12:17:29,33,35,2043,4854
2023-03-14 12:17:29,34,35,2043,4854
2023-03-14 12:18:04,34,36,2043,4854
2023-03-14 12:18:14,35,36,2043,4854
2023-03-14 12:18:50,35,36,2044,4855
2023-03-14 12:18:51,33,36,2044,4855
2023-03-14 12:18:51,35,36,2044,4855
2023-03-14 12:19:28,34,36,2044,4855
2023-03-14 12:19:52,35,36,2044,4855
2023-03-14 12:20:25,34,36,2044,4855
2023-03-14 12:20:25,35,36,2044,4855
2023-03-14 12:20:53,33,36,2044,4855
2023-03-14 12:20:53,33,36,2044,4898
2023-03-14 12:20:53,34,36,2044,4898
2023-03-14 12:20:53,34,37,2044,4898
2023-03-14 12:20:54,35,37,2044,4898
2023-03-14 12:21:14,36,37,2044,4898
2023-03-14 12:21:21,36,37,2045,4899
2023-03-14 12:21:31,34,37,2045,4899
2023-03-14 12:21:31,35,37,2045,4899
2023-03-14 12:21:51,34,37,2045,4899
2023-03-14 12:21:51,36,37,2045,4899
2023-03-14 12:22:57,36,38,2045,4899
2023-03-14 12:23:18,36,38,2046,4900
2023-03-14 12:23:33,34,38,2046,4900
2023-03-14 12:23:33,36,38,2046,4900
2023-03-14 12:23:54,35,38,2046,4900
2023-03-14 12:23:54,35,37,2046,4900
2023-03-14 12:24:15,36,38,2046,4900
2023-03-14 12:25:15,37,39,2046,4900
2023-03-14 12:25:52,35,39,2046,4900
2023-03-14 12:25:52,37,39,2046,4900
2023-03-14 12:26:14,37,39,2046,4904
2023-03-14 12:26:23,37,39,2047,4905
2023-03-14 12:26:41,35,39,2047,4905
2023-03-14 12:26:42,37,39,2047,4905
2023-03-14 12:26:51,37,38,2047,4905
2023-03-14 12:27:17,37,39,2047,4905
2023-03-14 12:27:43,37,38,2047,4905
2023-03-14 12:27:59,36,38,2047,4905
2023-03-14 12:28:06,36,39,2047,4905
2023-03-14 12:28:07,36,38,2047,4905
2023-03-14 12:28:26,36,39,2047,4905
2023-03-14 12:28:26,37,39,2047,4905
2023-03-14 12:28:40,37,38,2047,4905
2023-03-14 12:28:46,37,39,2047,4905
2023-03-14 12:29:04,37,38,2047,4905
2023-03-14 12:29:06,37,39,2047,4905
2023-03-14 12:29:07,37,38,2047,4905
2023-03-14 12:29:20,36,38,2047,4905
2023-03-14 12:29:26,36,39,2047,4905
2023-03-14 12:29:27,36,38,2047,4905
2023-03-14 12:29:45,35,39,2047,4905
2023-03-14 12:29:45,35,38,2047,4905
2023-03-14 12:29:45,36,38,2047,4905
2023-03-14 12:29:46,36,39,2047,4905
2023-03-14 12:29:46,36,38,2047,4905
2023-03-14 12:30:07,37,38,2047,4905
2023-03-14 12:30:20,37,39,2047,4905
2023-03-14 12:30:27,37,38,2047,4905
2023-03-14 12:30:31,36,38,2047,4905
2023-03-14 12:30:45,36,39,2047,4905
2023-03-14 12:30:45,35,39,2047,4905
2023-03-14 12:30:46,36,39,2047,4905
2023-03-14 12:30:46,36,38,2047,4905
2023-03-14 12:31:03,35,38,2047,4905
2023-03-14 12:31:03,36,38,2047,4905
2023-03-14 12:31:03,36,37,2047,4905
2023-03-14 12:31:06,36,38,2047,4905
2023-03-14 12:31:27,35,38,2047,4905
2023-03-14 12:31:27,35,37,2047,4905
2023-03-14 12:31:47,36,37,2047,4905
2023-03-14 12:31:52,36,38,2047,4905
2023-03-14 12:31:52,36,37,2047,4905
2023-03-14 12:32:00,36,38,2047,4905
2023-03-14 12:32:00,36,37,2047,4905
2023-03-14 12:32:00,36,37,2067,4925
2023-03-14 12:32:00,36,37,2067,4931
2023-03-14 12:32:22,34,37,2067,4931
2023-03-14 12:32:22,35,37,2067,4931
2023-03-14 12:32:27,35,36,2067,4931
2023-03-14 12:32:44,35,37,2067,4931
2023-03-14 12:32:44,34,37,2067,4931
2023-03-14 12:32:44,36,37,2067,4931
2023-03-14 12:32:47,36,37,2067,4935
2023-03-14 12:32:52,34,37,2067,4935
2023-03-14 12:32:52,36,37,2067,4935
2023-03-14 12:33:19,35,37,2067,4935
2023-03-14 12:34:40,36,37,2067,4935
2023-03-14 12:35:30,35,37,2067,4935
2023-03-14 12:35:31,36,37,2067,4935
2023-03-14 12:35:51,35,37,2067,4935
2023-03-14 12:35:52,36,37,2067,4935
2023-03-14 12:36:19,35,37,2067,4935
2023-03-14 12:36:20,36,37,2067,4935
2023-03-14 12:36:30,35,37,2067,4935
2023-03-14 12:36:30,36,37,2067,4935
2023-03-14 12:36:46,34,37,2067,4935
2023-03-14 12:36:47,35,37,2067,4935
2023-03-14 12:37:07,35,36,2067,4935
2023-03-14 12:37:18,34,36,2067,4935
2023-03-14 12:37:19,35,36,2067,4935
2023-03-14 12:37:27,35,37,2067,4935
2023-03-14 12:37:49,36,37,2067,4935
2023-03-14 12:38:21,35,37,2067,4935
2023-03-14 12:38:43,33,37,2067,4935
2023-03-14 12:38:43,35,37,2067,4935
2023-03-14 12:38:50,36,37,2067,4935
2023-03-14 12:39:15,35,37,2067,4935
2023-03-14 12:39:40,36,37,2067,4935
2023-03-14 12:39:59,36,40,2647,5515
2023-03-14 12:39:59,36,39,2647,5515
2023-03-14 12:40:07,34,39,2647,5515
2023-03-14 12:40:07,34,43,2647,5515
2023-03-14 12:40:07,37,43,2647,5515
2023-03-14 12:40:07,37,40,2647,5515
2023-03-14 12:40:07,37,39,2647,5515
2023-03-14 12:40:27,38,40,2647,5515
2023-03-14 12:41:22,34,42,2647,5515
2023-03-14 12:41:22,34,41,2647,5515
2023-03-14 12:41:22,36,41,2647,5515
2023-03-14 12:41:22,38,41,2647,5515
2023-03-14 12:41:22,38,40,2647,5515
2023-03-14 12:41:29,39,40,2647,5515
2023-03-14 12:41:41,38,40,2647,5515
2023-03-14 12:41:41,39,40,2647,5515
2023-03-14 12:41:46,39,41,2647,5515
2023-03-14 12:41:46,39,40,2647,5515
2023-03-14 12:41:56,39,41,2647,5519
2023-03-14 12:41:59,38,41,2647,5519
2023-03-14 12:41:59,38,44,2647,5519
2023-03-14 12:41:59,39,44,2647,5519
2023-03-14 12:41:59,39,41,2647,5519
2023-03-14 12:42:03,39,40,2647,5519
2023-03-14 12:42:03,39,41,2647,5519
2023-03-14 12:42:07,40,41,2647,5519
2023-03-14 12:42:12,40,42,2647,5519
2023-03-14 12:42:12,40,41,2647,5519
2023-03-14 12:42:17,40,42,2647,5519
2023-03-14 12:42:27,39,43,2647,5519
2023-03-14 12:42:28,39,41,2647,5519
2023-03-14 12:42:33,40,41,2647,5519
2023-03-14 12:42:43,40,43,2647,5519
2023-03-14 12:42:43,36,43,2647,5519
2023-03-14 12:42:43,34,43,2647,5519
2023-03-14 12:42:43,34,44,2647,5519
2023-03-14 12:42:43,39,44,2647,5519
2023-03-14 12:42:43,39,43,2647,5519
2023-03-14 12:42:46,41,43,2647,5519
2023-03-14 12:42:47,41,42,2647,5519
2023-03-14 12:43:02,41,43,2647,5519
2023-03-14 12:43:02,41,42,2647,5519
2023-03-14 12:43:23,41,43,2647,5519
2023-03-14 12:43:23,41,42,2647,5519
2023-03-14 12:43:27,39,41,2648,5520
2023-03-14 12:43:37,40,41,2648,5520
2023-03-14 12:43:44,40,42,2648,5520
2023-03-14 12:43:50,40,41,2648,5520
2023-03-14 12:44:02,39,41,2648,5520
2023-03-14 12:44:06,39,43,2648,5520
2023-03-14 12:44:06,39,42,2648,5520
2023-03-14 12:44:07,39,41,2648,5520
2023-03-14 12:44:07,39,40,2648,5520
2023-03-14 12:44:16,39,41,2648,5520
2023-03-14 12:44:16,39,40,2648,5520
2023-03-14 12:44:21,39,41,2648,5520
2023-03-14 12:45:04,38,41,2648,5520
2023-03-14 12:45:07,39,41,2648,5520
2023-03-14 12:45:18,39,40,2648,5520
2023-03-14 12:45:51,39,41,2648,5520
2023-03-14 12:45:51,39,40,2648,5520
2023-03-14 12:46:07,38,40,2648,5520
2023-03-14 12:46:07,39,40,2648,5520
2023-03-14 12:46:18,39,41,2648,5520
2023-03-14 12:46:29,39,40,2648,5520
2023-03-14 12:46:43,38,40,2648,5520
2023-03-14 12:46:47,39,40,2648,5520
2023-03-14 12:47:02,36,40,2648,5520
2023-03-14 12:47:02,36,42,2648,5520
2023-03-14 12:47:02,36,41,2648,5520
2023-03-14 12:47:02,38,41,2648,5520
2023-03-14 12:47:02,38,40,2648,5520
2023-03-14 12:47:07,39,40,2648,5520
2023-03-14 12:47:27,38,40,2648,5520
2023-03-14 12:47:43,37,40,2648,5520
2023-03-14 12:47:43,37,41,2648,5520
2023-03-14 12:47:43,37,39,2648,5520
2023-03-14 12:47:47,38,39,2648,5520
2023-03-14 12:47:53,38,40,2648,5520
2023-03-14 12:47:53,38,39,2648,5520
2023-03-14 12:48:02,37,39,2648,5520
2023-03-14 12:48:07,38,39,2648,5520
2023-03-14 12:48:20,38,40,2648,5520
2023-03-14 12:48:21,38,39,2648,5520
2023-03-14 12:48:21,38,40,2648,5520
2023-03-14 12:48:21,38,39,2648,5520
2023-03-14 12:48:42,38,40,2648,5520
2023-03-14 12:48:42,37,41,2648,5520
2023-03-14 12:48:43,37,39,2648,5520
2023-03-14 12:48:47,38,39,2648,5520
2023-03-14 12:48:51,38,40,2648,5520
2023-03-14 12:48:52,38,39,2648,5520
2023-03-14 12:49:07,37,39,2648,5520
2023-03-14 12:49:22,36,39,2648,5520
2023-03-14 12:49:27,36,38,2648,5520
2023-03-14 12:49:40,36,37,2648,5520
2023-03-14 12:49:47,36,37,2648,5524
2023-03-14 12:49:50,36,37,2648,5537
2023-03-14 12:50:07,36,37,2648,5541
2023-03-14 12:50:15,36,39,2648,5541
2023-03-14 12:50:15,36,38,2648,5541
2023-03-14 12:50:16,36,39,2648,5541
2023-03-14 12:50:16,36,38,2648,5541
2023-03-14 12:50:16,36,37,2648,5541
2023-03-14 12:50:27,36,37,2648,5545
2023-03-14 12:50:28,35,37,2648,5545
2023-03-14 12:50:31,35,36,2648,5545
2023-03-14 12:50:39,35,37,2648,5545
2023-03-14 12:50:39,35,36,2648,5545
2023-03-14 12:50:50,35,36,2648,5660
2023-03-14 12:50:54,34,36,2648,5660
2023-03-14 12:50:55,34,37,2648,5664
2023-03-14 12:50:55,34,36,2648,5664
2023-03-14 12:50:55,34,37,2648,5681
2023-03-14 12:50:56,34,36,2648,5681
2023-03-14 12:50:56,34,37,2648,5681
2023-03-14 12:50:56,35,37,2648,5681
2023-03-14 12:51:00,36,37,2648,5681
2023-03-14 12:51:01,36,39,2648,5838
2023-03-14 12:51:01,36,38,2648,5838
2023-03-14 12:51:03,36,39,2648,5838
2023-03-14 12:51:04,36,39,2687,5877
2023-03-14 12:51:04,36,38,2687,5877
2023-03-14 12:51:04,36,38,2709,5899
2023-03-14 12:51:04,36,38,2731,5921
2023-03-14 12:51:04,36,37,2731,5921
2023-03-14 12:51:05,35,38,2731,5921
2023-03-14 12:51:07,35,38,2731,5925
2023-03-14 12:51:11,35,37,2731,5925
2023-03-14 12:51:23,36,37,2731,5925
2023-03-14 12:51:27,36,37,2731,5929
2023-03-14 12:51:40,36,38,2731,5929
2023-03-14 12:51:40,36,40,2731,5929
2023-03-14 12:51:40,36,37,2731,5929
2023-03-14 12:51:40,36,40,2731,5929
2023-03-14 12:51:40,36,39,2731,5929
2023-03-14 12:51:40,36,40,2731,5929
2023-03-14 12:51:40,38,40,2731,5929
2023-03-14 12:52:27,36,40,2731,5929
2023-03-14 12:52:27,37,40,2731,5929
2023-03-14 12:52:27,38,40,2731,5929
2023-03-14 12:52:27,38,39,2731,5929
2023-03-14 12:52:27,38,40,2731,5929
2023-03-14 12:52:27,38,39,2731,5929
2023-03-14 12:52:32,37,39,2731,5929
2023-03-14 12:52:32,38,39,2731,5929
2023-03-14 12:52:42,38,40,2731,5929
2023-03-14 12:53:07,37,40,2731,5929
2023-03-14 12:53:07,37,39,2731,5929
2023-03-14 12:53:19,38,39,2731,5929
2023-03-14 12:53:27,38,41,2731,5929
2023-03-14 12:53:27,38,40,2731,5929
2023-03-14 12:53:34,39,40,2731,5929
2023-03-14 12:53:39,38,40,2731,5929
2023-03-14 12:53:39,39,40,2731,5929
2023-03-14 12:53:45,39,41,2731,5929
2023-03-14 12:53:47,39,40,2731,5929
2023-03-14 12:53:52,38,40,2731,5929
2023-03-14 12:53:52,39,40,2731,5929
2023-03-14 12:53:58,38,40,2731,5929
2023-03-14 12:53:59,39,40,2731,5929
2023-03-14 12:54:07,39,41,2731,5929
2023-03-14 12:54:07,39,40,2731,5929
2023-03-14 12:54:20,38,40,2731,5929
2023-03-14 12:54:27,38,41,2731,5929
2023-03-14 12:54:27,38,40,2731,5929
2023-03-14 12:54:32,39,40,2731,5929
2023-03-14 12:54:41,39,40,2732,5930
2023-03-14 12:54:44,39,41,2732,5930
2023-03-14 12:54:44,37,41,2732,5930
2023-03-14 12:54:44,35,41,2732,5930
2023-03-14 12:54:44,36,41,2732,5930
2023-03-14 12:54:44,38,41,2732,5930
2023-03-14 12:54:47,38,40,2732,5930
2023-03-14 12:55:03,38,41,2732,5930
2023-03-14 12:55:07,39,41,2732,5930
2023-03-14 12:55:24,39,43,2732,5930
2023-03-14 12:55:27,40,43,2732,5930
2023-03-14 12:55:28,40,42,2732,5930
2023-03-14 12:55:42,42,43,2732,5930
2023-03-14 12:55:47,42,44,2732,5930
2023-03-14 12:55:47,40,42,2733,5931
2023-03-14 12:56:07,40,43,2733,5931
2023-03-14 12:56:08,40,42,2733,5931
2023-03-14 12:56:27,40,43,2733,5931
2023-03-14 12:56:27,40,42,2733,5931
2023-03-14 12:56:43,40,44,2733,5931
2023-03-14 12:56:43,40,43,2733,5931
2023-03-14 12:56:47,40,42,2733,5931
2023-03-14 12:57:07,40,43,2733,5931
2023-03-14 12:57:08,40,42,2733,5931
2023-03-14 12:57:22,40,43,2733,5931
2023-03-14 12:57:28,40,42,2733,5931
2023-03-14 12:57:42,40,43,2733,5931
2023-03-14 12:57:47,40,42,2733,5931
2023-03-14 12:58:07,40,43,2733,5931
2023-03-14 12:58:07,40,41,2733,5931
2023-03-14 12:58:18,39,41,2733,5931
2023-03-14 12:59:27,37,41,2733,5931
2023-03-14 12:59:27,37,42,2733,5931
2023-03-14 12:59:27,39,42,2733,5931
2023-03-14 12:59:27,39,41,2733,5931
2023-03-14 12:59:27,39,41,2734,5932
2023-03-14 12:59:42,37,41,2734,5932
2023-03-14 12:59:43,39,41,2734,5932
2023-03-14 13:00:07,39,42,2734,5932
2023-03-14 13:00:07,39,41,2734,5932
2023-03-14 13:00:48,39,40,2734,5932
2023-03-14 13:00:52,38,40,2734,5932
2023-03-14 13:00:53,39,40,2734,5932
2023-03-14 13:01:07,39,41,2734,5932
2023-03-14 13:01:08,39,40,2734,5932
2023-03-14 13:01:19,38,40,2734,5932
2023-03-14 13:01:27,38,41,2734,5932
2023-03-14 13:01:27,38,40,2734,5932
2023-03-14 13:01:44,36,41,2734,5932
2023-03-14 13:01:44,38,41,2734,5932
2023-03-14 13:01:48,38,40,2734,5932
2023-03-14 13:02:07,38,41,2734,5932
2023-03-14 13:02:08,38,40,2734,5932
2023-03-14 13:02:19,39,40,2734,5932
2023-03-14 13:02:27,39,41,2734,5932
2023-03-14 13:02:27,39,40,2734,5932
2023-03-14 13:02:46,39,41,2734,5932
2023-03-14 13:03:47,39,40,2734,5932
2023-03-14 13:03:55,38,40,2734,5932
2023-03-14 13:03:56,39,40,2734,5932
2023-03-14 13:04:08,39,41,2734,5932
2023-03-14 13:05:07,40,42,2734,5932
2023-03-14 13:05:27,40,41,2734,5932
2023-03-14 13:05:33,39,41,2734,5932
2023-03-14 13:05:42,39,42,2734,5932
2023-03-14 13:05:42,39,43,2734,5932
2023-03-14 13:05:42,39,42,2734,5932
2023-03-14 13:05:45,38,42,2734,5932
2023-03-14 13:05:45,38,43,2734,5932
2023-03-14 13:05:45,40,43,2734,5932
2023-03-14 13:05:47,40,42,2734,5932
2023-03-14 13:05:47,41,42,2734,5932
2023-03-14 13:05:48,41,42,2735,5933
2023-03-14 13:05:49,41,43,2735,5933
2023-03-14 13:05:53,41,43,2735,5933
2023-03-14 13:06:02,41,44,2735,5933
2023-03-14 13:06:07,41,43,2735,5933
2023-03-14 13:06:12,41,43,2736,5934
2023-03-14 13:06:47,41,44,2736,5934
2023-03-14 13:07:07,42,44,2736,5934
2023-03-14 13:07:26,41,44,2736,5934
2023-03-14 13:07:30,41,43,2736,5934
2023-03-14 13:07:44,40,43,2736,5934
2023-03-14 13:07:44,41,43,2736,5934
2023-03-14 13:07:47,41,44,2736,5934
2023-03-14 13:07:49,41,43,2736,5934
2023-03-14 13:08:08,42,44,2736,5934
2023-03-14 13:08:27,41,44,2736,5934
2023-03-14 13:08:27,41,43,2736,5934
2023-03-14 13:08:47,42,44,2736,5934
2023-03-14 13:08:58,43,44,2736,5934
2023-03-14 13:09:05,41,44,2736,5934
2023-03-14 13:09:07,42,44,2736,5934
2023-03-14 13:09:23,43,44,2736,5934
2023-03-14 13:09:38,42,44,2736,5934
2023-03-14 13:09:53,43,44,2736,5934
2023-03-14 13:10:01,43,48,2735,5939
2023-03-14 13:10:07,43,45,2735,5939
2023-03-14 13:10:27,44,48,2735,5939
2023-03-14 13:10:28,44,46,2735,5939
2023-03-14 13:10:46,44,48,2735,5939
2023-03-14 13:10:48,44,46,2735,5939
2023-03-14 13:11:07,44,48,2735,5939
2023-03-14 13:11:07,44,46,2735,5939
2023-03-14 13:11:27,44,48,2735,5939
2023-03-14 13:11:27,44,46,2735,5939
2023-03-14 13:11:37,44,45,2735,5939
2023-03-14 13:11:37,44,46,2735,5939
2023-03-14 13:11:47,44,48,2735,5939
2023-03-14 13:11:47,44,46,2735,5939
2023-03-14 13:12:07,44,48,2735,5939
2023-03-14 13:12:08,44,46,2735,5939
2023-03-14 13:12:22,44,48,2735,5939
2023-03-14 13:12:22,43,44,2735,6067
2023-03-14 13:12:22,43,44,2735,6172
2023-03-14 13:12:22,41,44,2735,6207
2023-03-14 13:12:27,41,44,2735,6211
2023-03-14 13:12:31,41,43,2735,6211
2023-03-14 13:12:47,41,43,2735,6215
2023-03-14 13:12:53,41,44,2735,6215
2023-03-14 13:12:53,41,43,2735,6215
2023-03-14 13:13:07,42,43,2735,6215
2023-03-14 13:13:08,42,44,2735,6282
2023-03-14 13:14:04,42,47,2735,6282
2023-03-14 13:14:04,42,45,2735,6282
2023-03-14 13:14:08,42,44,2735,6282
2023-03-14 13:14:41,43,44,2735,6282
2023-03-14 13:14:53,42,44,2735,6282
2023-03-14 13:15:06,43,44,2735,6282
2023-03-14 13:15:07,43,45,2735,6282
2023-03-14 13:15:07,43,47,2735,6282
2023-03-14 13:15:07,43,46,2735,6282
2023-03-14 13:15:07,43,47,2735,6282
2023-03-14 13:15:08,43,45,2735,6282
2023-03-14 13:15:08,43,44,2735,6282
2023-03-14 13:15:25,43,46,2771,6355
2023-03-14 13:15:28,43,44,2771,6355
2023-03-14 13:15:32,43,44,2820,6404
2023-03-14 13:15:38,42,44,2820,6404
2023-03-14 13:16:00,41,42,2816,6408
2023-03-14 13:16:03,41,47,2816,6408
2023-03-14 13:16:03,41,48,2816,6408
2023-03-14 13:16:03,41,47,2816,6408
2023-03-14 13:16:04,41,45,2816,6408
2023-03-14 13:16:04,41,44,2816,6408
2023-03-14 13:16:04,38,44,2816,6408
2023-03-14 13:16:07,41,44,2816,6408
2023-03-14 13:16:08,41,43,2816,6408
2023-03-14 13:16:11,38,43,2819,6412
2023-03-14 13:16:22,38,45,2819,6412
2023-03-14 13:16:22,38,44,2819,6412
2023-03-14 13:16:25,38,45,2819,6412
2023-03-14 13:16:25,38,44,2819,6412
2023-03-14 13:16:27,39,44,2819,6412
2023-03-14 13:16:28,39,41,2819,6412
2023-03-14 13:16:28,39,40,2819,6412
2023-03-14 13:16:32,38,39,2819,6416
2023-03-14 13:16:33,37,39,2819,6416
2023-03-14 13:16:36,37,40,2819,6416
2023-03-14 13:16:36,37,41,2819,6416
2023-03-14 13:16:37,37,40,2819,6416
2023-03-14 13:16:41,37,41,2819,6416
2023-03-14 13:16:46,37,40,2819,6416
2023-03-14 13:16:46,35,40,2819,6416
2023-03-14 13:16:46,35,39,2819,6416
2023-03-14 13:16:46,35,37,2819,6416
2023-03-14 13:16:48,35,37,2819,6420
2023-03-14 13:16:49,35,36,2819,6420
2023-03-14 13:16:49,35,37,2819,6420
2023-03-14 13:16:54,35,36,2819,6420
2023-03-14 13:16:56,35,37,2819,6420
2023-03-14 13:17:00,33,35,2819,6544
2023-03-14 13:17:03,28,35,2819,6544
2023-03-14 13:17:08,36,37,2819,6544
2023-03-14 13:17:16,28,36,2819,6548
2023-03-14 13:17:17,28,36,2819,6663
2023-03-14 13:17:19,28,37,2819,6663
2023-03-14 13:17:22,36,37,2819,6663
2023-03-14 13:17:27,36,37,2823,6667
2023-03-14 13:17:32,28,37,2823,6667
2023-03-14 13:17:47,36,37,2823,6667
2023-03-14 13:18:03,35,37,2823,6667
2023-03-14 13:18:06,35,40,2946,6790
2023-03-14 13:18:08,37,40,2946,6790
2023-03-14 13:18:08,37,39,2946,6790
2023-03-14 13:18:26,35,42,2946,6790
2023-03-14 13:18:26,35,41,2946,6790
2023-03-14 13:18:26,37,41,2946,6790
2023-03-14 13:18:27,38,41,2946,6790
2023-03-14 13:18:28,38,40,2946,6790
2023-03-14 13:18:28,38,39,2946,6790
2023-03-14 13:18:42,37,41,2946,6790
2023-03-14 13:18:46,37,42,2946,6790
2023-03-14 13:18:46,37,41,2946,6790
2023-03-14 13:18:48,37,39,2946,6790
2023-03-14 13:19:08,38,43,2946,6790
2023-03-14 13:19:08,38,40,2946,6790
2023-03-14 13:19:16,37,38,2946,6794
2023-03-14 13:19:28,37,43,2946,6794
2023-03-14 13:19:28,37,39,2946,6794
2023-03-14 13:19:43,36,41,2946,6794
2023-03-14 13:19:48,36,40,2946,6794
2023-03-14 13:19:48,36,38,2946,6794
2023-03-14 13:19:58,37,38,2946,6794
2023-03-14 13:20:08,37,41,2946,6794
2023-03-14 13:20:08,37,38,2946,6794
2023-03-14 13:20:24,37,42,2946,6794
2023-03-14 13:20:26,37,43,2946,6794
2023-03-14 13:20:26,37,42,2946,6794
2023-03-14 13:20:27,37,43,2946,6794
2023-03-14 13:20:28,37,38,2946,6794
2023-03-14 13:20:38,36,38,2946,6794
2023-03-14 13:20:47,36,40,2946,6794
2023-03-14 13:20:48,36,38,2946,6794
2023-03-14 13:21:03,36,40,2946,6794
2023-03-14 13:21:08,36,38,2946,6794
2023-03-14 13:21:27,36,40,2946,6794
2023-03-14 13:21:28,36,38,2946,6794
2023-03-14 13:21:43,35,42,2946,6794
2023-03-14 13:21:47,35,43,2946,6794
2023-03-14 13:21:47,35,42,2946,6794
2023-03-14 13:21:48,36,42,2946,6794
2023-03-14 13:21:48,36,38,2946,6794
2023-03-14 13:22:02,35,38,2946,6794
2023-03-14 13:22:03,35,42,2946,6794
2023-03-14 13:22:04,35,38,2946,6794
2023-03-14 13:22:08,35,37,2946,6794
2023-03-14 13:22:23,35,42,2946,6794
2023-03-14 13:22:27,34,42,2946,6794
2023-03-14 13:22:27,34,43,2946,6794
2023-03-14 13:22:28,34,36,2946,6794
2023-03-14 13:22:48,34,38,2946,6794
2023-03-14 13:22:48,34,36,2946,6794
2023-03-14 13:23:03,34,42,2946,6794
2023-03-14 13:23:08,36,42,2946,6794
2023-03-14 13:23:08,36,38,2946,6794
2023-03-14 13:23:27,37,41,2946,6794
2023-03-14 13:23:28,37,39,2946,6794
2023-03-14 13:23:42,37,41,2946,6794
2023-03-14 13:23:48,37,39,2946,6794
2023-03-14 13:24:03,36,41,2946,6794
2023-03-14 13:24:08,37,41,2946,6794
2023-03-14 13:24:08,37,39,2946,6794
2023-03-14 13:24:28,36,41,2946,6794
2023-03-14 13:24:28,36,38,2946,6794
2023-03-14 13:24:49,37,41,2946,6794
2023-03-14 13:24:49,37,39,2946,6794
2023-03-14 13:24:54,37,38,2946,6794
2023-03-14 13:25:01,37,39,2946,6794
2023-03-14 13:25:01,37,38,2946,6794
2023-03-14 13:25:05,36,38,2946,6794
2023-03-14 13:25:08,37,38,2946,6794
2023-03-14 13:25:11,37,39,3074,6922
2023-03-14 13:25:13,37,38,3074,6922
2023-03-14 13:25:25,36,38,3074,6922
2023-03-14 13:25:25,36,41,3074,6922
2023-03-14 13:25:25,37,41,3074,6922
2023-03-14 13:25:25,37,39,3074,6922
2023-03-14 13:25:45,36,39,3074,6922
2023-03-14 13:25:45,36,40,3074,6922
2023-03-14 13:25:45,38,40,3074,6922
2023-03-14 13:25:48,38,39,3074,6922
2023-03-14 13:25:50,37,39,3074,6922
2023-03-14 13:26:08,37,40,3074,6922
2023-03-14 13:26:08,37,39,3074,6922
2023-03-14 13:26:19,38,39,3074,6922
2023-03-14 13:26:23,38,40,3074,6922
2023-03-14 13:26:28,36,40,3074,6922
2023-03-14 13:26:28,36,43,3074,6922
2023-03-14 13:26:28,38,43,3074,6922
2023-03-14 13:26:28,38,41,3074,6922
2023-03-14 13:26:28,38,40,3074,6922
2023-03-14 13:26:43,39,40,3074,6922
2023-03-14 13:26:47,39,41,3074,6922
2023-03-14 13:26:47,39,40,3074,6922
2023-03-14 13:26:51,39,41,3074,6922
2023-03-14 13:27:04,39,41,3074,6972
2023-03-14 13:27:06,39,40,3074,6972
2023-03-14 13:27:06,39,41,3074,6972
2023-03-14 13:27:06,37,41,3074,6972
2023-03-14 13:27:06,37,42,3074,6972
2023-03-14 13:27:06,37,41,3074,6972
2023-03-14 13:27:06,37,42,3074,6972
2023-03-14 13:27:07,39,42,3074,6972
2023-03-14 13:27:07,39,41,3074,6972
2023-03-14 13:27:09,39,40,3074,6972
2023-03-14 13:27:11,39,41,3074,6972
2023-03-14 13:27:32,39,40,3074,6972
2023-03-14 13:27:33,39,41,3074,6972
2023-03-14 13:27:47,38,41,3074,6972
2023-03-14 13:27:47,38,42,3074,6972
2023-03-14 13:27:48,39,42,3074,6972
2023-03-14 13:27:48,39,41,3074,6972
2023-03-14 13:27:53,39,40,3074,6972
2023-03-14 13:27:55,39,41,3074,6972
2023-03-14 13:28:07,38,43,3074,6972
2023-03-14 13:28:08,39,43,3074,6972
2023-03-14 13:28:08,39,41,3074,6972
2023-03-14 13:28:11,39,41,3074,6973
2023-03-14 13:28:24,38,44,3074,6973
2023-03-14 13:28:28,39,44,3074,6973
2023-03-14 13:28:28,39,41,3074,6973
2023-03-14 13:28:48,39,44,3074,6973
2023-03-14 13:28:48,39,41,3074,6973
2023-03-14 13:29:08,39,42,3074,6973
2023-03-14 13:29:08,39,41,3074,6973
2023-03-14 13:29:28,39,44,3074,6973
2023-03-14 13:29:28,39,41,3074,6973
2023-03-14 13:29:48,39,44,3074,6973
2023-03-14 13:29:48,39,41,3074,6973
2023-03-14 13:30:08,39,42,3074,6973
2023-03-14 13:30:08,39,41,3074,6973
2023-03-14 13:30:21,41,44,3070,6977
2023-03-14 13:30:21,41,43,3070,6977
2023-03-14 13:30:22,41,44,3070,6977
2023-03-14 13:30:22,41,43,3070,6977
2023-03-14 13:30:24,41,44,3070,6977
2023-03-14 13:30:28,41,44,3066,6981
2023-03-14 13:30:31,41,42,3066,6981
2023-03-14 13:30:35,41,44,3066,6981
2023-03-14 13:30:35,41,43,3066,6981
2023-03-14 13:30:39,41,44,3066,6981
2023-03-14 13:30:39,41,43,3066,6981
2023-03-14 13:30:45,41,44,3066,6981
2023-03-14 13:30:48,41,43,3066,6981
2023-03-14 13:31:04,41,42,3066,6981
2023-03-14 13:31:04,41,44,3066,6981
2023-03-14 13:31:08,41,43,3066,6981
2023-03-14 13:32:00,41,42,3066,6981
2023-03-14 13:32:05,41,44,3066,6981
2023-03-14 13:32:07,41,43,3066,6981
2023-03-14 13:32:37,41,42,3066,6981
2023-03-14 13:32:43,41,43,3066,6981
2023-03-14 13:32:47,41,44,3066,6981
2023-03-14 13:32:47,40,44,3066,6981
2023-03-14 13:32:47,41,44,3066,6981
2023-03-14 13:32:48,42,44,3066,6981
2023-03-14 13:32:48,41,44,3066,6985
2023-03-14 13:32:55,40,44,3066,6985
2023-03-14 13:32:55,41,44,3066,6985
2023-03-14 13:32:59,41,43,3066,6985
2023-03-14 13:33:01,41,44,3066,6985
2023-03-14 13:33:02,40,44,2955,7096
2023-03-14 13:33:05,40,42,2955,7096
2023-03-14 13:33:08,40,41,2955,7096
2023-03-14 13:33:24,40,42,2955,7096
2023-03-14 13:33:36,40,41,2955,7096
2023-03-14 13:34:18,40,42,2955,7096
2023-03-14 13:34:48,40,44,2955,7096
2023-03-14 13:34:48,40,42,2955,7096
2023-03-14 13:35:08,40,44,2955,7096
2023-03-14 13:35:08,40,42,2955,7096
2023-03-14 13:35:28,40,43,2955,7096
2023-03-14 13:35:28,40,44,2955,7096
2023-03-14 13:35:28,40,42,2955,7096
2023-03-14 13:35:39,41,42,2955,7096
2023-03-14 13:35:48,41,44,2955,7096
2023-03-14 13:35:48,41,43,2955,7096
2023-03-14 13:35:50,41,42,2955,7096
2023-03-14 13:35:56,41,43,2955,7096
2023-03-14 13:36:08,41,44,2955,7096
2023-03-14 13:36:08,41,43,2955,7096
2023-03-14 13:36:17,42,43,2955,7096
2023-03-14 13:36:21,41,42,2955,7196
2023-03-14 13:36:25,40,42,2955,7196
2023-03-14 13:36:25,41,44,2955,7196
2023-03-14 13:36:28,41,42,2955,7196
2023-03-14 13:36:36,40,42,2955,7196
2023-03-14 13:36:36,41,42,2955,7196
2023-03-14 13:36:46,40,44,2955,7196
2023-03-14 13:36:46,41,44,2955,7196
2023-03-14 13:36:48,41,43,2955,7196
2023-03-14 13:37:05,41,42,2955,7196
2023-03-14 13:37:22,41,43,2955,7196
2023-03-14 13:37:28,41,44,2955,7196
2023-03-14 13:37:28,41,43,2955,7196
2023-03-14 13:38:23,41,44,2955,7196
2023-03-14 13:38:28,40,44,2955,7196
2023-03-14 13:38:28,41,44,2955,7196
2023-03-14 13:38:28,41,43,2955,7196
2023-03-14 13:38:45,41,44,2955,7196
2023-03-14 13:38:45,40,44,2955,7196
2023-03-14 13:38:45,42,44,2955,7196
2023-03-14 13:38:45,42,43,2955,7196
2023-03-14 13:39:05,41,43,2955,7196
2023-03-14 13:39:05,42,44,2955,7196
2023-03-14 13:39:20,42,45,2895,7256
2023-03-14 13:39:20,43,45,2895,7256
2023-03-14 13:39:24,43,45,2695,7456
2023-03-14 13:39:27,41,43,2593,7558
2023-03-14 13:39:28,42,43,2593,7558
2023-03-14 13:39:32,43,44,2593,7558
2023-03-14 13:39:32,43,45,2533,7618
2023-03-14 13:39:34,43,45,2381,7818
2023-03-14 13:39:38,42,43,2381,7920
2023-03-14 13:39:43,40,45,2381,7920
2023-03-14 13:39:43,43,45,2381,7920
2023-03-14 13:39:48,44,45,2381,7920
2023-03-14 13:39:51,43,44,2385,7924
2023-03-14 13:39:57,41,45,2385,7924
2023-03-14 13:39:57,40,45,2385,7924
2023-03-14 13:39:57,42,45,2385,7924
2023-03-14 13:39:57,44,45,2385,7924
2023-03-14 13:40:17,43,45,2360,7952
2023-03-14 13:40:23,42,45,2360,7952
2023-03-14 13:40:23,40,45,2360,7952
2023-03-14 13:40:23,41,45,2360,7952
2023-03-14 13:40:23,41,44,2360,7952
2023-03-14 13:40:27,41,43,2360,7952
2023-03-14 13:40:28,42,43,2360,7952
2023-03-14 13:40:36,42,44,2360,7952
2023-03-14 13:40:45,41,44,2360,7952
2023-03-14 13:40:48,43,44,2360,7952
2023-03-14 13:40:53,43,45,2360,7952
2023-03-14 13:40:53,43,44,2360,7952
2023-03-14 13:41:02,43,45,2360,7952
2023-03-14 13:41:03,42,44,2360,7952
2023-03-14 13:41:07,42,45,2360,7952
2023-03-14 13:41:08,42,45,2360,7952
2023-03-14 13:41:08,43,45,2360,7952
2023-03-14 13:41:09,43,44,2360,7952
2023-03-14 13:41:13,43,45,2360,7952
2023-03-14 13:41:14,43,44,2360,7952
2023-03-14 13:41:20,43,45,2360,7952
2023-03-14 13:41:21,43,44,2360,7952
2023-03-14 13:41:22,43,45,2360,7952
2023-03-14 13:41:22,43,44,2360,7952
2023-03-14 13:41:23,42,44,2360,7952
2023-03-14 13:41:28,43,44,2360,7952
2023-03-14 13:41:31,43,45,2360,7952
2023-03-14 13:41:32,42,45,2397,7992
2023-03-14 13:41:32,42,43,2397,7992
2023-03-14 13:41:35,41,43,2397,7992
2023-03-14 13:41:39,41,43,2417,8012
2023-03-14 13:41:39,40,43,2417,8012
2023-03-14 13:41:48,40,42,2417,8012
2023-03-14 13:41:48,40,43,2421,8016
2023-03-14 13:41:48,40,42,2421,8016
2023-03-14 13:41:48,40,43,2421,8016
2023-03-14 13:41:56,41,43,2421,8016
2023-03-14 13:41:56,41,43,2448,8043
2023-03-14 13:41:59,40,43,2448,8043
2023-03-14 13:42:04,40,42,2448,8043
2023-03-14 13:42:07,40,43,2448,8043
2023-03-14 13:42:08,41,43,2448,8043
2023-03-14 13:42:44,40,43,2448,8043
2023-03-14 13:42:48,41,43,2448,8043
2023-03-14 13:43:25,40,43,2448,8043
2023-03-14 13:43:27,40,42,2448,8043
2023-03-14 13:43:28,40,43,2448,8043
2023-03-14 13:43:29,40,42,2448,8043
2023-03-14 13:43:43,40,43,2448,8043
2023-03-14 13:43:48,40,42,2448,8043
2023-03-14 13:43:55,40,41,2448,8043
2023-03-14 13:44:04,40,43,2448,8043
2023-03-14 13:44:04,40,41,2448,8043
2023-03-14 13:44:04,40,43,2448,8043
2023-03-14 13:44:04,40,42,2448,8043
2023-03-14 13:44:08,40,41,2448,8043
2023-03-14 13:44:28,39,40,2448,8044
2023-03-14 13:44:30,38,40,2448,8044
2023-03-14 13:44:33,38,39,2448,8044
2023-03-14 13:44:41,38,40,2448,8044
2023-03-14 13:44:45,38,43,2448,8044
2023-03-14 13:44:45,38,42,2448,8044
2023-03-14 13:44:45,38,43,2448,8044
2023-03-14 13:44:45,38,41,2448,8044
2023-03-14 13:44:45,38,39,2448,8044
2023-03-14 13:44:52,38,40,2448,8044
2023-03-14 13:45:04,38,42,2448,8044
2023-03-14 13:45:04,38,41,2448,8044
2023-03-14 13:45:04,37,38,2489,8169
2023-03-14 13:45:08,37,40,2489,8169
2023-03-14 13:45:08,38,40,2489,8169
2023-03-14 13:45:20,37,38,2493,8173
2023-03-14 13:45:25,37,40,2493,8173
2023-03-14 13:45:28,38,40,2493,8173
2023-03-14 13:45:39,38,39,2493,8173
2023-03-14 13:45:44,37,39,2493,8173
2023-03-14 13:45:48,37,39,2493,8177
2023-03-14 13:45:52,38,39,2493,8177
2023-03-14 13:46:00,38,40,2493,8177
2023-03-14 13:46:00,38,41,2493,8177
2023-03-14 13:46:00,40,41,2493,8177
2023-03-14 13:46:05,40,42,2493,8177
2023-03-14 13:46:06,38,42,2493,8177
2023-03-14 13:46:06,40,42,2493,8177
2023-03-14 13:46:08,40,42,2493,8181
2023-03-14 13:46:08,40,43,2493,8181
2023-03-14 13:46:19,40,42,2493,8181
2023-03-14 13:46:24,40,43,2493,8181
2023-03-14 13:46:25,38,40,2609,8297
2023-03-14 13:46:25,39,40,2609,8297
2023-03-14 13:46:43,39,42,2609,8297
2023-03-14 13:46:48,39,40,2609,8297
2023-03-14 13:47:03,39,42,2609,8297
2023-03-14 13:47:04,39,43,2609,8297
2023-03-14 13:47:04,39,42,2609,8297
2023-03-14 13:47:08,39,41,2609,8297
2023-03-14 13:47:23,39,42,2609,8297
2023-03-14 13:47:24,39,43,2609,8297
2023-03-14 13:47:24,39,42,2609,8297
2023-03-14 13:47:28,39,41,2609,8297
2023-03-14 13:47:29,39,40,2609,8297
2023-03-14 13:47:29,39,40,2613,8301
2023-03-14 13:47:30,39,41,2613,8301
2023-03-14 13:47:46,38,40,2613,8301
2023-03-14 13:47:46,38,42,2613,8301
2023-03-14 13:47:46,38,41,2613,8301
2023-03-14 13:47:48,38,40,2613,8301
2023-03-14 13:47:55,39,40,2613,8301
2023-03-14 13:48:02,38,40,2613,8301
2023-03-14 13:48:08,38,41,2613,8301
2023-03-14 13:48:08,38,40,2613,8301
2023-03-14 13:48:24,38,41,2613,8301
2023-03-14 13:48:28,38,40,2613,8301
2023-03-14 13:48:43,38,42,2613,8301
2023-03-14 13:48:43,38,41,2613,8301
2023-03-14 13:48:44,38,42,2613,8301
2023-03-14 13:48:44,38,41,2613,8301
2023-03-14 13:48:47,39,41,2613,8301
2023-03-14 13:49:02,38,41,2613,8301
2023-03-14 13:49:08,38,40,2613,8301
2023-03-14 13:49:28,38,41,2613,8301
2023-03-14 13:49:28,38,42,2613,8301
2023-03-14 13:49:28,38,41,2613,8301
2023-03-14 13:49:28,38,42,2613,8301
2023-03-14 13:49:28,38,40,2613,8301
2023-03-14 13:49:43,38,42,2613,8301
2023-03-14 13:49:43,38,41,2613,8301
2023-03-14 13:49:43,39,41,2613,8301
2023-03-14 13:49:48,40,41,2613,8301
2023-03-14 13:49:50,40,42,2613,8301
2023-03-14 13:49:50,40,41,2613,8301
2023-03-14 13:50:07,39,41,2613,8301
2023-03-14 13:50:08,40,41,2613,8301
2023-03-14 13:50:27,39,43,2613,8325
2023-03-14 13:50:27,39,42,2613,8325
2023-03-14 13:50:28,40,42,2613,8325
2023-03-14 13:50:43,39,43,2613,8325
2023-03-14 13:50:43,40,43,2613,8325
2023-03-14 13:50:43,40,42,2613,8325
2023-03-14 13:50:52,40,41,2613,8325
2023-03-14 13:51:04,39,41,2613,8325
2023-03-14 13:51:28,40,41,2613,8325
2023-03-14 13:51:29,40,42,2613,8325
2023-03-14 13:51:43,39,42,2613,8325
2023-03-14 13:51:48,40,42,2613,8325
2023-03-14 13:52:08,39,43,2613,8325
2023-03-14 13:52:08,41,43,2613,8325
2023-03-14 13:52:28,40,43,2613,8325
2023-03-14 13:52:28,40,42,2613,8325
2023-03-14 13:52:44,40,43,2613,8325
2023-03-14 13:52:45,40,42,2613,8325
2023-03-14 13:52:48,40,41,2613,8325
2023-03-14 13:52:53,39,41,2613,8325
2023-03-14 13:53:03,39,42,2613,8325
2023-03-14 13:53:08,41,42,2613,8325
2023-03-14 13:53:15,41,43,2613,8325
2023-03-14 13:53:25,40,43,2613,8325
2023-03-14 13:53:28,41,43,2613,8325
2023-03-14 13:53:35,41,42,2613,8325
2023-03-14 13:53:40,41,43,2613,8325
2023-03-14 13:53:43,40,43,2613,8325
2023-03-14 13:53:48,40,42,2613,8325
2023-03-14 13:54:08,40,41,2613,8325
2023-03-14 13:54:22,39,41,2613,8325
2023-03-14 13:54:26,39,43,2613,8325
2023-03-14 13:54:28,41,43,2613,8325
2023-03-14 13:54:29,41,42,2613,8325
2023-03-14 13:54:42,41,43,2613,8325
2023-03-14 13:54:43,40,43,2613,8325
2023-03-14 13:54:48,40,42,2613,8325
2023-03-14 13:55:08,40,41,2613,8325
2023-03-14 13:55:10,39,41,2613,8325
2023-03-14 13:55:10,40,41,2613,8325
2023-03-14 13:55:20,40,41,2630,8342
2023-03-14 13:55:20,40,41,2647,8359
2023-03-14 13:55:22,39,41,2647,8359
2023-03-14 13:55:23,39,42,2647,8359
2023-03-14 13:55:24,39,43,2647,8359
2023-03-14 13:55:28,40,43,2647,8359
2023-03-14 13:55:28,40,42,2647,8359
2023-03-14 13:55:30,40,41,2647,8359
2023-03-14 13:55:44,38,43,2647,8359
2023-03-14 13:55:44,39,43,2647,8359
2023-03-14 13:55:44,39,41,2647,8359
2023-03-14 13:55:48,39,40,2647,8359
2023-03-14 13:55:51,38,40,2647,8359
2023-03-14 13:56:17,38,39,2647,8359
2023-03-14 13:56:26,37,39,2647,8359
2023-03-14 13:56:28,37,39,2647,8363
2023-03-14 13:56:29,35,39,2647,8363
2023-03-14 13:56:29,35,42,2647,8363
2023-03-14 13:56:29,35,41,2647,8363
2023-03-14 13:56:29,36,41,2647,8363
2023-03-14 13:56:29,36,40,2647,8363
2023-03-14 13:56:29,36,38,2647,8363
2023-03-14 13:56:35,36,40,2647,8363
2023-03-14 13:56:35,36,38,2647,8363
2023-03-14 13:56:48,36,38,2647,8367
2023-03-14 13:56:49,36,40,2647,8367
2023-03-14 13:56:49,36,38,2647,8367
2023-03-14 13:57:08,37,38,2647,8367
2023-03-14 13:57:18,37,39,2647,8367
2023-03-14 13:57:19,37,38,2647,8367
2023-03-14 13:57:23,37,40,2647,8391
2023-03-14 13:57:25,37,38,2647,8391
2023-03-14 13:57:28,37,38,2647,8395
2023-03-14 13:57:31,37,40,2647,8415
2023-03-14 13:57:32,37,39,2647,8415
2023-03-14 13:57:44,37,41,2647,8415
2023-03-14 13:57:44,37,42,2647,8415
2023-03-14 13:57:44,37,39,2647,8415
2023-03-14 13:57:48,38,39,2647,8415
2023-03-14 13:57:49,38,40,2647,8464
2023-03-14 13:57:51,38,39,2647,8464
2023-03-14 13:57:58,38,40,2647,8464
2023-03-14 13:58:06,38,42,2708,8593
2023-03-14 13:58:06,38,41,2708,8593
2023-03-14 13:58:07,38,42,2708,8593
2023-03-14 13:58:08,38,40,2708,8593
2023-03-14 13:58:24,39,40,2708,8593
2023-03-14 13:58:27,39,43,2708,8593
2023-03-14 13:58:27,39,42,2708,8593
2023-03-14 13:58:27,39,43,2708,8593
2023-03-14 13:58:27,39,41,2708,8593
2023-03-14 13:58:27,38,39,2711,8596
2023-03-14 13:58:43,37,40,2711,8596
2023-03-14 13:58:43,37,39,2711,8596
2023-03-14 13:58:48,37,38,2711,8596
2023-03-14 13:59:08,37,39,2711,8596
2023-03-14 13:59:36,38,39,2711,8596
2023-03-14 13:59:51,38,39,2837,8722
2023-03-14 13:59:51,37,39,2837,8722
2023-03-14 14:00:03,36,39,2837,8722
2023-03-14 14:00:04,37,39,2837,8722
2023-03-14 14:00:08,37,41,2989,8874
2023-03-14 14:00:09,38,41,2989,8874
2023-03-14 14:00:09,38,40,2989,8874
2023-03-14 14:00:19,38,39,2989,8874
2023-03-14 14:00:25,37,39,2989,8874
2023-03-14 14:00:25,37,43,2989,8874
2023-03-14 14:00:25,37,42,2989,8874
2023-03-14 14:00:25,37,40,2989,8874
2023-03-14 14:00:28,37,39,2989,8874
2023-03-14 14:00:41,38,39,2989,8874
2023-03-14 14:00:44,38,40,2989,8874
2023-03-14 14:01:09,38,40,2985,8878
2023-03-14 14:01:12,38,40,2981,8882
2023-03-14 14:01:15,36,40,2981,8882
2023-03-14 14:01:15,38,40,2981,8882
2023-03-14 14:01:19,36,40,2981,8907
2023-03-14 14:01:20,36,39,2981,8907
2023-03-14 14:01:22,35,39,2981,8907
2023-03-14 14:01:23,37,39,2981,8907
2023-03-14 14:01:27,37,38,2981,8907
2023-03-14 14:01:28,37,38,2977,8911
2023-03-14 14:01:28,37,38,2977,8915
2023-03-14 14:01:30,37,39,2977,8915
2023-03-14 14:01:31,35,39,2977,8915
2023-03-14 14:01:31,35,40,2977,8915
2023-03-14 14:01:31,35,39,2977,8915
2023-03-14 14:01:31,35,40,2977,8915
2023-03-14 14:01:31,36,40,2977,8915
2023-03-14 14:01:31,36,38,2977,8915
2023-03-14 14:01:38,35,38,2977,8915
2023-03-14 14:01:38,35,40,2977,8915
2023-03-14 14:01:38,36,40,2977,8915
2023-03-14 14:01:38,36,38,2977,8915
2023-03-14 14:01:45,35,38,2977,8915
2023-03-14 14:01:45,35,40,2977,8915
2023-03-14 14:01:45,35,39,2977,8915
2023-03-14 14:01:45,35,37,2977,8915
2023-03-14 14:01:48,36,37,2977,8915
2023-03-14 14:02:04,35,37,2977,8915
2023-03-14 14:02:06,35,39,2977,8915
2023-03-14 14:02:06,35,37,2977,8915
2023-03-14 14:02:08,35,37,3070,9008
2023-03-14 14:02:08,35,37,3074,9012
2023-03-14 14:02:19,35,39,3074,9012
2023-03-14 14:02:19,35,38,3074,9012
2023-03-14 14:02:27,35,39,3074,9012
2023-03-14 14:02:27,35,40,3074,9012
2023-03-14 14:02:27,35,38,3074,9012
2023-03-14 14:02:28,36,38,3074,9012
2023-03-14 14:02:39,36,37,3074,9012
2023-03-14 14:02:41,36,38,3074,9012
2023-03-14 14:02:47,35,38,3074,9012
2023-03-14 14:02:47,35,42,3074,9012
2023-03-14 14:02:48,37,42,3074,9012
2023-03-14 14:02:48,37,39,3074,9012
2023-03-14 14:02:48,38,39,3074,9012
2023-03-14 14:03:04,37,39,3074,9012
2023-03-14 14:03:09,37,38,3074,9012
2023-03-14 14:03:19,36,38,3074,9012
2023-03-14 14:03:19,36,37,3074,9012
2023-03-14 14:03:24,35,37,3074,9012
2023-03-14 14:03:42,35,36,3074,9012
2023-03-14 14:03:42,34,36,3013,9085
2023-03-14 14:03:48,34,36,3009,9089
2023-03-14 14:03:49,33,36,3009,9089
2023-03-14 14:03:49,34,36,3009,9089
2023-03-14 14:03:54,34,35,3009,9089
2023-03-14 14:03:56,31,32,2908,9197
2023-03-14 14:03:57,31,32,2908,9325
2023-03-14 14:04:01,30,32,2908,9325
2023-03-14 14:04:01,32,36,2873,9360
2023-03-14 14:04:01,32,34,2873,9360
2023-03-14 14:04:06,30,34,2873,9360
2023-03-14 14:04:06,30,36,2873,9360
2023-03-14 14:04:06,31,36,2873,9360
2023-03-14 14:04:06,31,34,2873,9360
2023-03-14 14:04:08,31,34,2877,9364
2023-03-14 14:04:17,30,34,2877,9364
2023-03-14 14:04:17,30,36,2877,9364
2023-03-14 14:04:17,32,36,2877,9364
2023-03-14 14:04:17,32,35,2877,9364
2023-03-14 14:04:28,32,33,2877,9364
2023-03-14 14:04:29,31,33,2877,9364
2023-03-14 14:04:29,32,33,2877,9364
2023-03-14 14:04:40,31,33,2877,9364
2023-03-14 14:04:41,32,33,2877,9364
2023-03-14 14:04:48,32,34,2877,9364
2023-03-14 14:05:05,32,35,2877,9364
2023-03-14 14:05:09,32,33,2877,9364
2023-03-14 14:05:19,31,33,2877,9364
2023-03-14 14:05:28,31,32,2877,9364
2023-03-14 14:05:32,30,32,2877,9364
2023-03-14 14:05:32,31,32,2877,9364
2023-03-14 14:05:43,30,32,2877,9364
2023-03-14 14:05:43,31,35,2877,9364
2023-03-14 14:05:43,31,33,2877,9364
2023-03-14 14:05:48,31,33,2873,9368
2023-03-14 14:05:49,31,33,2873,9372
2023-03-14 14:05:49,30,33,2873,9372
2023-03-14 14:05:49,30,35,2873,9372
2023-03-14 14:05:49,30,34,2873,9372
2023-03-14 14:05:49,30,32,2873,9372
2023-03-14 14:05:55,30,34,2873,9372
2023-03-14 14:05:55,30,32,2873,9372
2023-03-14 14:06:08,31,32,2873,9372
2023-03-14 14:06:19,31,33,2873,9372
2023-03-14 14:06:25,30,34,2873,9372
2023-03-14 14:06:26,30,34,2873,9372
2023-03-14 14:06:29,30,32,2873,9372
2023-03-14 14:06:48,30,34,2873,9372
2023-03-14 14:06:48,30,32,2873,9372
2023-03-14 14:07:03,30,34,2873,9372
2023-03-14 14:07:08,30,32,2873,9372
2023-03-14 14:07:28,30,34,2873,9372
2023-03-14 14:07:28,30,31,2873,9372
2023-03-14 14:07:48,30,34,2873,9372
2023-03-14 14:07:48,30,31,2873,9372
2023-03-14 14:08:06,30,32,2873,9372
2023-03-14 14:08:08,29,32,2873,9381
2023-03-14 14:08:08,29,32,2873,9385
2023-03-14 14:08:08,29,31,2873,9385
2023-03-14 14:08:09,29,30,2873,9385
2023-03-14 14:08:10,29,31,2873,9385
2023-03-14 14:08:14,28,31,2873,9390
2023-03-14 14:08:15,28,30,2873,9390
2023-03-14 14:08:16,28,29,2873,9390
2023-03-14 14:08:17,26,28,2873,9400
2023-03-14 14:08:19,26,27,2873,9400
2023-03-14 14:08:20,25,27,2773,9504
2023-03-14 14:08:24,25,28,2773,9504
2023-03-14 14:08:24,25,27,2773,9504
2023-03-14 14:08:26,25,28,2773,9504
2023-03-14 14:08:28,25,28,2773,9508
2023-03-14 14:08:29,25,27,2773,9508
2023-03-14 14:08:29,25,27,2777,9512
2023-03-14 14:08:29,25,28,2777,9512
2023-03-14 14:08:35,25,30,2777,9512
2023-03-14 14:08:35,26,30,2777,9512
2023-03-14 14:08:35,26,29,2777,9512
2023-03-14 14:08:36,26,30,2777,9512
2023-03-14 14:08:48,27,30,2777,9512
2023-03-14 14:08:48,27,29,2777,9512
2023-03-14 14:08:51,28,29,2777,9512
2023-03-14 14:09:01,27,29,2777,9512
2023-03-14 14:09:01,31,35,2777,9516
2023-03-14 14:09:02,31,34,2777,9516
2023-03-14 14:09:05,31,35,2777,9516
2023-03-14 14:09:08,32,35,2777,9516
2023-03-14 14:09:08,32,34,2777,9516
2023-03-14 14:09:19,31,32,2781,9520
2023-03-14 14:09:28,31,32,2785,9524
2023-03-14 14:09:32,31,34,2785,9524
2023-03-14 14:09:33,31,32,2785,9524
2023-03-14 14:09:48,31,34,2785,9524
2023-03-14 14:09:48,31,32,2785,9524
2023-03-14 14:10:10,31,34,2884,9623
2023-03-14 14:10:10,33,34,2884,9623
2023-03-14 14:10:16,32,33,2890,9629
2023-03-14 14:10:21,32,34,2890,9629
2023-03-14 14:10:22,32,33,2890,9629
2023-03-14 14:10:30,31,35,2912,9651
2023-03-14 14:10:30,33,35,2912,9651
2023-03-14 14:10:33,33,34,2912,9651
2023-03-14 14:10:36,33,35,3022,9761
2023-03-14 14:10:39,33,34,3022,9761
2023-03-14 14:10:46,32,34,3022,9761
2023-03-14 14:10:46,32,36,3022,9761
2023-03-14 14:10:46,32,37,3022,9761
2023-03-14 14:10:46,33,37,3022,9761
2023-03-14 14:10:46,33,35,3022,9761
2023-03-14 14:10:48,34,35,3022,9761
2023-03-14 14:10:53,34,36,3022,9761
2023-03-14 14:10:53,34,35,3022,9761
2023-03-14 14:11:05,32,37,3158,9897
2023-03-14 14:11:06,32,36,3158,9897
2023-03-14 14:11:06,34,36,3158,9897
2023-03-14 14:11:08,34,37,3158,9897
2023-03-14 14:11:08,36,37,3158,9897
2023-03-14 14:11:14,36,38,3158,9897
2023-03-14 14:11:14,34,36,3162,9901
2023-03-14 14:11:21,34,38,3162,9901
2023-03-14 14:11:21,35,38,3162,9901
2023-03-14 14:11:22,35,37,3162,9901
2023-03-14 14:11:48,34,39,3162,9901
2023-03-14 14:11:48,34,36,3162,9901
2023-03-14 14:12:04,34,39,3162,9901
2023-03-14 14:12:06,34,38,3162,9901
2023-03-14 14:12:08,34,39,3162,9901
2023-03-14 14:12:08,34,36,3162,9901
2023-03-14 14:12:28,34,39,3162,9901
2023-03-14 14:12:28,34,35,3162,9901
2023-03-14 14:12:44,34,38,3162,9901
2023-03-14 14:12:45,32,38,3162,9901
2023-03-14 14:12:45,32,37,3162,9901
2023-03-14 14:12:48,33,37,3162,9901
2023-03-14 14:12:48,33,35,3162,9901
2023-03-14 14:13:08,33,39,3162,9901
2023-03-14 14:13:08,33,35,3162,9901
2023-03-14 14:13:28,33,39,3162,9901
2023-03-14 14:13:28,33,35,3162,9901
2023-03-14 14:13:43,33,38,3162,9901
2023-03-14 14:13:48,33,35,3162,9901
2023-03-14 14:14:03,33,38,3162,9901
2023-03-14 14:14:03,33,39,3162,9901
2023-03-14 14:14:04,33,37,3162,9901
2023-03-14 14:14:08,34,37,3162,9901
2023-03-14 14:14:08,34,36,3162,9901
2023-03-14 14:14:14,34,37,3162,9905
2023-03-14 14:14:22,34,38,3162,9905
2023-03-14 14:14:24,34,39,3162,9905
2023-03-14 14:14:25,34,38,3162,9905
2023-03-14 14:14:28,35,38,3162,9905
2023-03-14 14:14:28,35,37,3162,9905
2023-03-14 14:14:43,34,38,3162,9905
2023-03-14 14:14:48,34,36,3162,9905
2023-03-14 14:15:04,34,38,3162,9905
2023-03-14 14:15:06,34,36,3162,9905
2023-03-14 14:15:09,34,35,3162,9905
2023-03-14 14:15:23,32,35,3162,9909
2023-03-14 14:15:28,35,36,3162,9909
2023-03-14 14:15:28,32,36,3162,9959
2023-03-14 14:15:29,32,33,3162,9959
2023-03-14 14:15:32,31,33,3162,9982
2023-03-14 14:15:36,30,33,3162,9993
2023-03-14 14:15:44,30,35,3162,9998
2023-03-14 14:15:44,30,34,3162,9998
2023-03-14 14:15:44,30,35,3162,9998
2023-03-14 14:15:44,31,35,3162,9998
2023-03-14 14:15:44,31,34,3162,9998
2023-03-14 14:15:49,31,34,3162,10002
2023-03-14 14:16:08,29,31,3162,10003
2023-03-14 14:16:09,29,30,3162,10003
2023-03-14 14:16:11,30,31,3162,10007
2023-03-14 14:16:15,31,34,3159,10010
2023-03-14 14:16:17,32,34,3159,10010
2023-03-14 14:16:30,33,34,3159,10010
2023-03-14 14:16:32,32,34,3138,10031
2023-03-14 14:16:38,32,33,3138,10031
2023-03-14 14:16:43,31,33,3032,10137
2023-03-14 14:16:47,31,32,3032,10137
2023-03-14 14:16:48,31,32,2915,10254
2023-03-14 14:16:48,29,32,2820,10349
2023-03-14 14:16:48,29,30,2820,10349
2023-03-14 14:16:49,31,32,2816,10353
2023-03-14 14:16:49,31,32,2816,10370
2023-03-14 14:16:54,31,33,2816,10370
2023-03-14 14:16:54,31,32,2816,10370
2023-03-14 14:16:56,29,32,2816,10370
2023-03-14 14:16:56,30,32,2816,10370
2023-03-14 14:17:08,30,31,2816,10370
2023-03-14 14:17:20,29,31,2816,10370
2023-03-14 14:17:25,30,31,2816,10370
2023-03-14 14:17:28,30,31,2816,10374
2023-03-14 14:17:28,30,31,2820,10378
2023-03-14 14:17:29,30,32,2820,10378
2023-03-14 14:17:29,30,32,2898,10456
2023-03-14 14:17:29,29,32,2898,10456
2023-03-14 14:17:30,29,31,2898,10456
2023-03-14 14:17:32,28,31,2898,10456
2023-03-14 14:17:36,28,30,2898,10456
2023-03-14 14:17:41,28,32,2898,10456
2023-03-14 14:17:41,28,29,2898,10456
2023-03-14 14:17:43,27,29,2898,10456
2023-03-14 14:17:44,29,31,2898,10499
2023-03-14 14:17:44,29,30,2898,10499
2023-03-14 14:17:48,29,30,2898,10503
2023-03-14 14:17:49,29,31,2898,10503
2023-03-14 14:17:49,27,29,2902,10507
2023-03-14 14:17:51,29,31,2902,10567
2023-03-14 14:17:51,29,30,2902,10567
2023-03-14 14:17:54,29,30,2902,10610
2023-03-14 14:17:54,29,31,2902,10610
2023-03-14 14:17:54,29,30,2902,10610
2023-03-14 14:17:58,27,29,2902,10610
2023-03-14 14:17:59,28,29,2902,10610
2023-03-14 14:18:01,27,29,2967,10696
2023-03-14 14:18:01,27,30,2967,10696
2023-03-14 14:18:08,27,30,2971,10700
2023-03-14 14:18:10,30,32,3018,10889
2023-03-14 14:18:10,30,31,3018,10889
2023-03-14 14:18:10,30,32,3018,10889
2023-03-14 14:18:15,27,32,3018,10889
2023-03-14 14:18:15,28,32,3018,10889
2023-03-14 14:18:15,28,31,3018,10889
2023-03-14 14:18:21,30,31,3018,10889
2023-03-14 14:18:28,30,31,3022,10893
2023-03-14 14:18:30,30,33,3022,10893
2023-03-14 14:18:30,30,31,3022,10893
2023-03-14 14:18:37,30,33,3022,10893
2023-03-14 14:18:37,31,33,3022,10893
2023-03-14 14:18:55,31,35,3099,10970
2023-03-14 14:19:00,30,35,3099,10970
2023-03-14 14:19:00,31,35,3099,10970
2023-03-14 14:19:00,31,34,3099,10970
2023-03-14 14:19:14,31,33,3099,10970
2023-03-14 14:19:17,28,33,3099,10970
2023-03-14 14:19:17,31,33,3099,10970
2023-03-14 14:19:28,29,33,3099,10970
2023-03-14 14:19:28,29,35,3099,10970
2023-03-14 14:19:28,31,35,3099,10970
2023-03-14 14:19:28,31,33,3099,10970
2023-03-14 14:19:43,29,33,3099,10970
2023-03-14 14:19:43,29,35,3099,10970
2023-03-14 14:19:43,30,35,3099,10970
2023-03-14 14:19:44,32,35,3099,10970
2023-03-14 14:19:44,32,34,3099,10970
2023-03-14 14:19:45,32,34,3095,10974
2023-03-14 14:19:49,32,35,3153,11032
2023-03-14 14:19:52,30,35,3153,11032
2023-03-14 14:19:52,32,35,3153,11032
2023-03-14 14:19:52,32,34,3153,11032
2023-03-14 14:19:58,32,35,3153,11032
2023-03-14 14:19:59,33,35,3153,11032
2023-03-14 14:20:02,33,34,3153,11032
2023-03-14 14:20:06,33,34,3149,11036
2023-03-14 14:20:08,31,33,3134,11051
2023-03-14 14:20:15,32,33,3134,11051
2023-03-14 14:20:25,31,32,3087,11166
2023-03-14 14:20:26,31,32,3083,11170
2023-03-14 14:20:33,31,33,3083,11170
2023-03-14 14:20:34,31,32,3083,11170
2023-03-14 14:20:35,30,31,3050,11203
2023-03-14 14:20:44,28,31,2903,11350
2023-03-14 14:20:46,28,29,2903,11350
2023-03-14 14:20:47,29,31,2899,11354
2023-03-14 14:20:55,28,31,2899,11354
2023-03-14 14:21:05,29,31,2899,11354
2023-03-14 14:21:07,29,30,2899,11354
2023-03-14 14:21:10,29,31,2899,11354
2023-03-14 14:21:16,30,31,2899,11354
2023-03-14 14:21:19,29,30,2947,11402
2023-03-14 14:21:19,29,31,2961,11416
2023-03-14 14:21:22,31,32,2961,11416
2023-03-14 14:21:25,31,34,2961,11416
2023-03-14 14:21:25,31,33,2961,11416
2023-03-14 14:21:25,31,33,3021,11540
2023-03-14 14:21:25,32,33,3021,11540
2023-03-14 14:21:31,30,32,3025,11544
2023-03-14 14:21:39,29,32,3025,11544
2023-03-14 14:21:39,29,33,3025,11544
2023-03-14 14:21:40,30,33,3025,11544
2023-03-14 14:21:40,30,32,3025,11544
2023-03-14 14:21:43,31,32,3025,11544
2023-03-14 14:21:45,31,32,3029,11548
2023-03-14 14:21:52,31,34,3078,11597
2023-03-14 14:21:58,32,34,3078,11597
2023-03-14 14:22:18,32,33,3078,11597
2023-03-14 14:22:21,31,33,3078,11597
2023-03-14 14:22:42,31,34,3078,11597
2023-03-14 14:22:42,32,34,3078,11597
2023-03-14 14:22:46,32,34,3074,11601
2023-03-14 14:22:46,32,33,3074,11601
2023-03-14 14:22:48,32,34,3074,11601
2023-03-14 14:22:50,31,34,3074,11601
2023-03-14 14:22:50,31,33,3074,11601
2023-03-14 14:23:05,32,33,3074,11601
2023-03-14 14:23:20,32,34,3074,11601
2023-03-14 14:23:20,31,34,3074,11601
2023-03-14 14:23:20,31,33,3074,11601
2023-03-14 14:23:44,31,35,3074,11601
2023-03-14 14:23:44,31,36,3074,11601
2023-03-14 14:23:44,33,36,3074,11601
2023-03-14 14:23:44,33,35,3074,11601
2023-03-14 14:24:00,33,36,3074,11601
2023-03-14 14:24:03,33,35,3074,11601
2023-03-14 14:24:06,33,36,3074,11601
2023-03-14 14:24:06,33,35,3074,11601
2023-03-14 14:24:21,33,37,3074,11601
2023-03-14 14:24:21,33,36,3074,11601
2023-03-14 14:24:25,33,36,3078,11605
2023-03-14 14:24:28,31,36,3078,11605
2023-03-14 14:24:28,34,36,3078,11605
2023-03-14 14:24:33,35,36,3078,11605
2023-03-14 14:24:33,35,37,3161,11688
2023-03-14 14:24:39,35,37,3256,11783
2023-03-14 14:24:44,35,36,3256,11783
2023-03-14 14:24:45,35,37,3256,11783
2023-03-14 14:24:45,35,39,3256,11783
2023-03-14 14:24:46,36,39,3256,11783
2023-03-14 14:24:46,36,38,3256,11783
2023-03-14 14:25:03,36,39,3256,11783
2023-03-14 14:25:03,36,38,3256,11783
2023-03-14 14:25:06,36,38,3255,11787
2023-03-14 14:25:26,37,38,3255,11787
2023-03-14 14:25:32,37,39,3255,11787
2023-03-14 14:25:42,37,40,3255,11787
2023-03-14 14:25:45,38,40,3255,11787
2023-03-14 14:25:52,38,42,3329,11865
2023-03-14 14:25:53,38,43,3329,11865
2023-03-14 14:25:53,38,42,3329,11865
2023-03-14 14:25:53,38,40,3329,11865
2023-03-14 14:25:59,38,43,3329,11865
2023-03-14 14:25:59,39,43,3329,11865
2023-03-14 14:25:59,39,41,3329,11865
2023-03-14 14:26:06,40,41,3329,11865
2023-03-14 14:26:07,40,42,3403,11939
2023-03-14 14:26:18,39,40,3403,11943
2023-03-14 14:26:25,39,42,3403,11943
2023-03-14 14:26:25,39,43,3403,11943
2023-03-14 14:26:26,39,41,3403,11943
2023-03-14 14:26:37,39,43,3403,11947
2023-03-14 14:26:40,37,43,3403,11947
2023-03-14 14:26:45,40,43,3403,11947
2023-03-14 14:26:45,40,42,3403,11947
2023-03-14 14:27:05,41,43,3403,11947
2023-03-14 14:27:07,40,41,3403,11951
2023-03-14 14:27:17,40,43,3403,11951
2023-03-14 14:27:25,42,43,3403,11951
2023-03-14 14:27:30,40,42,3403,11955
2023-03-14 14:27:35,40,43,3403,11955
2023-03-14 14:27:41,40,48,3407,11959
2023-03-14 14:27:42,40,47,3407,11959
2023-03-14 14:27:44,40,48,3407,11959
2023-03-14 14:27:45,40,47,3407,11959
2023-03-14 14:27:46,43,47,3407,11959
2023-03-14 14:27:46,43,45,3407,11959
2023-03-14 14:27:52,44,45,3407,11959
2023-03-14 14:27:56,43,44,3487,12087
2023-03-14 14:28:05,42,48,3487,12087
2023-03-14 14:28:06,42,44,3487,12087
2023-03-14 14:28:20,40,44,3487,12087
2023-03-14 14:28:21,40,48,3487,12087
2023-03-14 14:28:22,43,48,3487,12087
2023-03-14 14:28:26,43,45,3487,12087
2023-03-14 14:28:42,43,48,3487,12087
2023-03-14 14:28:46,43,45,3487,12087
2023-03-14 14:28:51,44,45,3487,12087
2023-03-14 14:29:06,44,48,3487,12087
2023-03-14 14:29:06,44,45,3487,12087
2023-03-14 14:29:06,43,45,3487,12087
2023-03-14 14:29:22,43,48,3487,12087
2023-03-14 14:29:26,43,45,3487,12087
2023-03-14 14:29:45,43,47,3487,12087
2023-03-14 14:29:46,43,45,3487,12087
2023-03-14 14:30:06,43,47,3487,12087
2023-03-14 14:30:06,43,45,3487,12087
2023-03-14 14:30:20,42,45,3487,12087
2023-03-14 14:30:20,43,45,3487,12087
2023-03-14 14:30:21,43,47,3487,12087
2023-03-14 14:30:21,43,46,3487,12087
2023-03-14 14:30:26,43,44,3487,12087
2023-03-14 14:30:36,42,44,3487,12087
2023-03-14 14:30:36,43,44,3487,12087
2023-03-14 14:30:42,43,46,3487,12087
2023-03-14 14:30:42,42,46,3487,12087
2023-03-14 14:30:42,42,47,3487,12087
2023-03-14 14:30:42,43,47,3487,12087
2023-03-14 14:30:42,43,45,3487,12087
2023-03-14 14:30:46,43,44,3487,12087
2023-03-14 14:30:52,42,44,3487,12087
2023-03-14 14:30:52,43,44,3487,12087
2023-03-14 14:31:04,43,46,3487,12087
2023-03-14 14:31:06,44,46,3487,12087
2023-03-14 14:31:23,44,47,3487,12087
2023-03-14 14:31:23,44,49,3487,12087
2023-03-14 14:31:23,44,54,3487,12087
2023-03-14 14:31:24,44,53,3487,12087
2023-03-14 14:31:24,44,54,3487,12087
2023-03-14 14:31:25,44,53,3487,12087
2023-03-14 14:31:25,45,53,3487,12087
2023-03-14 14:31:26,45,47,3487,12087
2023-03-14 14:31:40,44,51,3487,12087
2023-03-14 14:31:40,44,52,3487,12087
2023-03-14 14:31:42,44,49,3487,12087
2023-03-14 14:31:45,45,49,3487,12087
2023-03-14 14:31:46,45,47,3487,12087
2023-03-14 14:31:55,45,52,3487,12091
2023-03-14 14:31:56,45,51,3487,12091
2023-03-14 14:31:56,45,52,3487,12091
2023-03-14 14:32:01,44,52,3487,12091
2023-03-14 14:32:06,45,52,3487,12091
2023-03-14 14:32:06,45,47,3487,12091
2023-03-14 14:32:06,45,52,3583,12191
2023-03-14 14:32:09,45,50,3583,12191
2023-03-14 14:32:11,45,52,3583,12191
2023-03-14 14:32:16,45,54,3587,12195
2023-03-14 14:32:17,45,53,3587,12195
2023-03-14 14:32:20,45,54,3587,12195
2023-03-14 14:32:21,45,53,3587,12195
2023-03-14 14:32:25,47,53,3587,12195
2023-03-14 14:32:25,47,49,3587,12195
2023-03-14 14:32:40,45,55,3587,12195
2023-03-14 14:32:46,47,55,3587,12195
2023-03-14 14:32:46,47,49,3587,12195
2023-03-14 14:32:49,47,50,3587,12199
2023-03-14 14:32:50,45,47,3591,12203
2023-03-14 14:32:56,45,50,3591,12203
2023-03-14 14:32:56,45,56,3591,12203
2023-03-14 14:32:56,45,55,3591,12203
2023-03-14 14:32:59,45,54,3591,12203
2023-03-14 14:33:04,45,55,3591,12203
2023-03-14 14:33:05,45,54,3591,12203
2023-03-14 14:33:06,46,54,3591,12203
2023-03-14 14:33:06,46,48,3591,12203
2023-03-14 14:33:08,47,48,3591,12203
2023-03-14 14:33:09,46,47,3619,12231
2023-03-14 14:33:16,46,48,3619,12231
2023-03-14 14:33:26,46,50,3619,12231
2023-03-14 14:33:26,46,48,3619,12231
2023-03-14 14:33:29,48,50,3619,12235
2023-03-14 14:33:31,46,48,3625,12241
2023-03-14 14:33:36,46,50,3625,12241
2023-03-14 14:33:39,46,55,3625,12241
2023-03-14 14:33:39,46,54,3625,12241
2023-03-14 14:33:42,46,51,3625,12241
2023-03-14 14:33:46,48,51,3625,12241
2023-03-14 14:33:46,48,50,3625,12241
2023-03-14 14:33:48,46,48,3629,12245
2023-03-14 14:33:53,46,50,3629,12245
2023-03-14 14:34:01,46,55,3629,12245
2023-03-14 14:34:05,46,56,3629,12245
2023-03-14 14:34:06,46,55,3629,12245
2023-03-14 14:34:06,47,55,3629,12245
2023-03-14 14:34:06,47,49,3629,12245
2023-03-14 14:34:22,45,55,3629,12245
2023-03-14 14:34:26,47,55,3629,12245
2023-03-14 14:34:26,47,49,3629,12245
2023-03-14 14:34:41,45,55,3629,12245
2023-03-14 14:34:45,45,50,3629,12245
2023-03-14 14:34:45,47,50,3629,12245
2023-03-14 14:34:46,47,49,3629,12245
2023-03-14 14:34:53,47,48,3629,12245
2023-03-14 14:35:01,45,48,3629,12245
2023-03-14 14:35:06,47,48,3629,12245
2023-03-14 14:35:18,47,49,3629,12245
2023-03-14 14:35:19,47,48,3629,12245
2023-03-14 14:35:22,46,48,3679,12295
2023-03-14 14:35:25,47,48,3679,12295
2023-03-14 14:35:26,47,50,3679,12295
2023-03-14 14:35:26,47,49,3679,12295
2023-03-14 14:35:26,47,48,3679,12295
2023-03-14 14:35:37,47,49,3679,12295
2023-03-14 14:35:37,45,47,3683,12299
2023-03-14 14:35:43,45,52,3683,12299
2023-03-14 14:35:43,45,48,3683,12299
2023-03-14 14:35:45,46,48,3683,12299
2023-03-14 14:36:00,45,48,3683,12299
2023-03-14 14:36:04,45,47,3683,12299
2023-03-14 14:36:26,45,46,3683,12299
2023-03-14 14:36:26,45,47,3729,12349
2023-03-14 14:36:27,45,46,3729,12349
2023-03-14 14:36:29,44,46,3729,12349
2023-03-14 14:36:29,44,49,3729,12349
2023-03-14 14:36:29,44,47,3729,12349
2023-03-14 14:36:32,44,46,3729,12349
2023-03-14 14:36:32,44,47,3729,12349
2023-03-14 14:36:36,44,49,3729,12349
2023-03-14 14:36:36,45,49,3729,12349
2023-03-14 14:36:36,45,48,3729,12349
2023-03-14 14:36:36,45,47,3729,12349
2023-03-14 14:36:44,44,47,3729,12349
2023-03-14 14:36:44,44,49,3729,12349
2023-03-14 14:36:44,44,48,3729,12349
2023-03-14 14:36:44,44,46,3729,12349
2023-03-14 14:36:45,44,46,3733,12353
2023-03-14 14:36:52,47,48,3745,12365
2023-03-14 14:36:52,47,48,3749,12369
2023-03-14 14:36:53,44,47,3783,12403
2023-03-14 14:37:06,45,47,3783,12403
2023-03-14 14:37:08,45,46,3783,12403
2023-03-14 14:37:09,45,47,3783,12403
2023-03-14 14:37:18,45,46,3783,12403
2023-03-14 14:37:22,44,46,3783,12403
2023-03-14 14:37:41,45,46,3783,12403
2023-03-14 14:37:43,45,48,3783,12403
2023-03-14 14:37:43,45,47,3783,12403
2023-03-14 14:37:43,45,46,3783,12403
2023-03-14 14:37:45,45,46,3787,12407
2023-03-14 14:37:46,45,46,3791,12411
2023-03-14 14:37:49,45,48,3791,12411
2023-03-14 14:37:49,45,46,3791,12411
2023-03-14 14:37:55,45,48,3791,12411
2023-03-14 14:37:55,45,47,3791,12411
2023-03-14 14:38:07,46,47,3791,12411
2023-03-14 14:38:08,46,48,3791,12411
2023-03-14 14:38:09,47,48,3791,12411
2023-03-14 14:38:42,47,49,3791,12411
2023-03-14 14:38:46,47,48,3791,12411
2023-03-14 14:38:59,46,48,3773,12561
2023-03-14 14:39:04,46,49,3773,12561
2023-03-14 14:39:04,46,50,3773,12561
2023-03-14 14:39:04,46,48,3773,12561
2023-03-14 14:39:04,46,50,3773,12561
2023-03-14 14:39:04,46,48,3773,12561
2023-03-14 14:39:13,46,48,3773,12661
2023-03-14 14:39:26,46,48,3769,12665
2023-03-14 14:39:29,46,47,3769,12665
2023-03-14 14:39:29,44,47,3769,12665
2023-03-14 14:39:29,44,48,3769,12665
2023-03-14 14:39:29,45,48,3769,12665
2023-03-14 14:39:29,45,47,3769,12665
2023-03-14 14:39:29,44,47,3769,12696
2023-03-14 14:39:37,44,52,3769,12696
2023-03-14 14:39:38,44,50,3769,12696
2023-03-14 14:39:38,44,48,3769,12696
2023-03-14 14:39:38,44,46,3769,12696
2023-03-14 14:39:43,44,48,3769,12696
2023-03-14 14:39:43,44,52,3769,12696
2023-03-14 14:39:43,44,47,3769,12696
2023-03-14 14:39:43,45,47,3769,12696
2023-03-14 14:39:43,45,49,3769,12696
2023-03-14 14:39:43,45,47,3769,12696
2023-03-14 14:40:20,44,52,3769,12696
2023-03-14 14:40:20,44,49,3769,12696
2023-03-14 14:40:20,44,47,3769,12696
2023-03-14 14:40:25,45,47,3769,12696
2023-03-14 14:40:32,45,46,3769,12696
2023-03-14 14:40:35,45,47,3769,12696
2023-03-14 14:40:40,44,47,3769,12696
2023-03-14 14:40:40,44,49,3769,12696
2023-03-14 14:40:40,45,49,3769,12696
2023-03-14 14:40:40,45,47,3769,12696
2023-03-14 14:41:04,44,47,3769,12696
2023-03-14 14:41:05,44,46,3769,12696
2023-03-14 14:41:07,44,46,3769,12757
2023-03-14 14:41:11,44,45,3769,12757
2023-03-14 14:41:13,44,46,3769,12757
2023-03-14 14:41:16,42,46,3747,12783
2023-03-14 14:41:17,42,45,3747,12783
2023-03-14 14:41:20,42,45,3747,12835
2023-03-14 14:41:21,40,45,3747,12835
2023-03-14 14:41:21,40,49,3747,12835
2023-03-14 14:41:21,42,49,3747,12835
2023-03-14 14:41:21,42,47,3747,12835
2023-03-14 14:41:21,42,45,3747,12835
2023-03-14 14:41:26,42,45,3743,12839
2023-03-14 14:41:26,42,44,3743,12839
2023-03-14 14:41:29,40,44,3743,12839
2023-03-14 14:41:30,41,44,3743,12839
2023-03-14 14:41:37,40,44,3743,12839
2023-03-14 14:41:37,41,44,3743,12839
2023-03-14 14:41:42,40,44,3743,12839
2023-03-14 14:41:42,40,45,3743,12839
2023-03-14 14:41:42,40,51,3743,12839
2023-03-14 14:41:42,40,50,3743,12839
2023-03-14 14:41:42,40,46,3743,12839
2023-03-14 14:41:42,40,43,3743,12839
2023-03-14 14:41:45,40,43,3747,12843
2023-03-14 14:41:55,40,44,3747,12843
2023-03-14 14:41:55,40,45,3747,12843
2023-03-14 14:41:55,41,45,3747,12843
2023-03-14 14:41:55,41,44,3747,12843
2023-03-14 14:42:06,41,43,3747,12843
2023-03-14 14:42:07,42,43,3747,12843
2023-03-14 14:42:21,40,44,3747,12843
2023-03-14 14:42:25,42,44,3747,12843
2023-03-14 14:42:36,42,45,3777,12877
2023-03-14 14:42:38,42,44,3777,12877
2023-03-14 14:42:44,42,45,3777,12877
2023-03-14 14:42:44,42,47,3777,12877
2023-03-14 14:42:44,42,53,3777,12877
2023-03-14 14:42:44,42,46,3777,12877
2023-03-14 14:42:44,42,44,3777,12877
2023-03-14 14:42:45,42,44,3781,12881
2023-03-14 14:43:05,42,46,3781,12881
2023-03-14 14:43:05,42,44,3781,12881
2023-03-14 14:43:05,43,44,3781,12881
2023-03-14 14:43:10,43,46,3812,12916
2023-03-14 14:43:15,43,47,3812,12916
2023-03-14 14:43:16,43,45,3812,12916
2023-03-14 14:43:21,42,45,3812,12916
2023-03-14 14:43:23,42,47,3812,12916
2023-03-14 14:43:23,42,46,3812,12916
2023-03-14 14:43:23,42,44,3812,12916
2023-03-14 14:43:25,42,44,3816,12920
2023-03-14 14:43:43,42,46,3816,12920
2023-03-14 14:43:43,42,47,3816,12920
2023-03-14 14:43:43,42,44,3816,12920
2023-03-14 14:43:45,42,44,3820,12924
2023-03-14 14:43:49,42,46,3820,12924
2023-03-14 14:43:49,42,44,3820,12924
2023-03-14 14:43:58,42,46,3820,12924
2023-03-14 14:43:58,42,45,3820,12924
2023-03-14 14:44:06,42,44,3820,12924
2023-03-14 14:44:07,43,44,3820,12924
2023-03-14 14:44:25,43,45,3820,12924
2023-03-14 14:44:45,42,45,3820,12924
2023-03-14 14:44:46,42,44,3820,12924
2023-03-14 14:45:02,42,46,3820,12924
2023-03-14 14:45:02,42,44,3820,12924
2023-03-14 14:45:06,42,43,3820,12924
2023-03-14 14:45:21,42,44,3820,12924
2023-03-14 14:45:36,43,44,3820,12924
2023-03-14 14:45:42,43,45,3820,12924
2023-03-14 14:45:43,43,47,3820,12924
2023-03-14 14:45:43,43,45,3820,12924
2023-03-14 14:46:06,43,44,3820,12924
2023-03-14 14:46:18,42,44,3820,12924
2023-03-14 14:46:21,42,45,3820,12924
2023-03-14 14:46:26,42,43,3820,12924
2023-03-14 14:46:26,41,43,3820,12924
2023-03-14 14:46:35,42,43,3820,12924
2023-03-14 14:46:41,42,44,3820,12924
2023-03-14 14:46:41,42,46,3820,12924
2023-03-14 14:46:41,42,44,3820,12924
2023-03-14 14:46:44,42,46,3848,12952
2023-03-14 14:46:45,42,44,3848,12952
2023-03-14 14:47:03,43,44,3848,12952
2023-03-14 14:47:06,43,44,3852,12956
2023-03-14 14:47:10,43,46,3852,12956
2023-03-14 14:47:10,43,45,3852,12956
2023-03-14 14:47:17,43,46,3852,12956
2023-03-14 14:47:25,43,52,3852,12956
2023-03-14 14:47:25,43,51,3852,12956
2023-03-14 14:47:25,44,51,3852,12956
2023-03-14 14:47:25,44,47,3852,12956
2023-03-14 14:47:26,44,47,3848,12960
2023-03-14 14:47:30,43,47,3848,12960
2023-03-14 14:47:30,43,49,3848,12960
2023-03-14 14:47:30,43,52,3848,12960
2023-03-14 14:47:31,43,48,3848,12960
2023-03-14 14:47:31,43,46,3848,12960
2023-03-14 14:47:43,43,48,3848,12960
2023-03-14 14:47:43,44,48,3848,12960
2023-03-14 14:47:43,44,46,3848,12960
2023-03-14 14:47:46,44,45,3848,12960
2023-03-14 14:47:58,44,46,3848,12964
2023-03-14 14:48:01,44,48,3848,12964
2023-03-14 14:48:01,44,46,3848,12964
2023-03-14 14:48:06,44,46,3852,12968
2023-03-14 14:48:06,44,48,3911,13027
2023-03-14 14:48:13,44,50,4061,13181
2023-03-14 14:48:14,44,52,4061,13181
2023-03-14 14:48:15,44,47,4061,13181
2023-03-14 14:48:17,44,49,4140,13260
2023-03-14 14:48:21,44,52,4140,13260
2023-03-14 14:48:25,48,52,4140,13260
2023-03-14 14:48:25,48,50,4140,13260
2023-03-14 14:48:45,48,55,4140,13260
2023-03-14 14:48:45,48,50,4140,13260
2023-03-14 14:49:03,47,55,4140,13260
2023-03-14 14:49:05,49,55,4140,13260
2023-03-14 14:49:06,49,51,4140,13260
2023-03-14 14:49:17,50,51,4140,13260
2023-03-14 14:49:23,50,52,4140,13260
2023-03-14 14:49:25,48,52,4125,13275
2023-03-14 14:49:25,46,52,4125,13275
2023-03-14 14:49:25,46,54,4125,13275
2023-03-14 14:49:25,49,54,4125,13275
2023-03-14 14:49:25,49,52,4125,13275
2023-03-14 14:49:26,49,52,4121,13279
2023-03-14 14:49:27,49,51,4121,13279
2023-03-14 14:49:30,49,52,4121,13279
2023-03-14 14:49:30,49,51,4121,13279
2023-03-14 14:49:30,49,52,4121,13279
2023-03-14 14:49:30,47,52,3992,13408
2023-03-14 14:49:33,47,51,3992,13408
