datetime,bid,ask,open_interest,volume
2023-02-15 09:31:09,48,53,1416,1521
2023-02-15 09:31:31,49,53,1416,1521
2023-02-15 09:31:31,49,55,1416,1521
2023-02-15 09:31:50,51,55,1416,1521
2023-02-15 09:33:59,53,55,1416,1521
2023-02-15 09:34:00,51,55,1416,1521
2023-02-15 09:34:04,53,55,1416,1521
2023-02-15 09:35:12,51,55,1416,1521
2023-02-15 09:35:31,53,55,1416,1521
2023-02-15 09:35:32,51,55,1416,1521
2023-02-15 09:35:35,53,55,1416,1521
2023-02-15 09:36:02,51,55,1416,1521
2023-02-15 09:36:05,53,55,1416,1521
2023-02-15 09:37:07,51,55,1416,1521
2023-02-15 09:37:07,52,55,1416,1521
2023-02-15 09:37:07,52,55,1456,1561
2023-02-15 09:38:30,51,55,1456,1561
2023-02-15 09:40:08,51,57,1456,1561
2023-02-15 09:40:08,51,58,1456,1561
2023-02-15 09:40:33,51,57,1456,1561
2023-02-15 09:40:34,51,58,1456,1561
2023-02-15 09:40:35,51,57,1456,1561
2023-02-15 09:40:43,51,58,1456,1561
2023-02-15 09:40:43,50,58,1456,1561
2023-02-15 09:40:43,50,56,1456,1561
2023-02-15 09:40:44,51,56,1456,1561
2023-02-15 09:40:50,51,54,1456,1561
2023-02-15 09:41:08,50,54,1456,1561
2023-02-15 09:41:19,50,52,1456,1561
2023-02-15 09:41:20,51,52,1456,1561
2023-02-15 09:41:37,51,52,1481,1586
2023-02-15 09:41:50,51,54,1481,1586
2023-02-15 09:42:17,50,54,1481,1586
2023-02-15 09:42:17,53,54,1481,1586
2023-02-15 09:42:19,50,53,1521,1626
2023-02-15 09:42:49,50,55,1521,1626
2023-02-15 09:43:16,51,55,1521,1626
2023-02-15 09:43:16,51,57,1521,1626
2023-02-15 09:45:03,51,56,1521,1626
2023-02-15 09:45:19,51,57,1521,1626
2023-02-15 09:45:34,51,56,1521,1626
2023-02-15 09:45:37,51,57,1521,1626
2023-02-15 09:45:39,51,56,1521,1626
2023-02-15 09:45:43,51,57,1521,1626
2023-02-15 09:46:00,51,56,1521,1626
2023-02-15 09:46:01,52,56,1521,1626
2023-02-15 09:46:29,52,57,1521,1626
2023-02-15 09:47:24,53,57,1521,1626
2023-02-15 09:47:48,52,57,1521,1626
2023-02-15 09:47:53,54,57,1521,1626
2023-02-15 09:48:02,54,57,1542,1647
2023-02-15 09:49:25,54,58,1542,1647
2023-02-15 09:50:34,55,58,1542,1647
2023-02-15 09:53:04,55,57,1542,1647
2023-02-15 09:53:11,54,57,2042,2147
2023-02-15 09:53:16,52,57,2042,2147
2023-02-15 09:53:25,52,56,2042,2147
2023-02-15 09:53:27,54,56,2042,2147
2023-02-15 09:53:42,54,55,2042,2147
2023-02-15 09:53:46,52,55,3042,3147
2023-02-15 09:53:50,52,54,3042,3147
2023-02-15 09:53:51,50,54,3042,3147
2023-02-15 09:53:53,50,53,3042,3147
2023-02-15 09:54:04,50,52,3042,3147
2023-02-15 09:54:05,53,55,3042,3212
2023-02-15 09:54:07,53,54,3042,3212
2023-02-15 09:54:09,50,53,3042,3220
2023-02-15 09:54:19,50,52,3042,3220
2023-02-15 09:54:35,49,52,3042,3220
2023-02-15 09:54:37,47,52,3042,3220
2023-02-15 09:54:37,51,52,3042,3220
2023-02-15 09:54:46,51,54,3042,3220
2023-02-15 09:54:46,51,55,3042,3220
2023-02-15 09:54:47,47,51,3050,3228
2023-02-15 09:55:01,49,51,3050,3228
2023-02-15 09:55:19,49,53,3279,3457
2023-02-15 09:55:26,51,53,3279,3457
2023-02-15 09:56:19,51,55,3279,3457
2023-02-15 09:56:20,51,57,3279,3457
2023-02-15 09:56:21,51,56,3279,3457
2023-02-15 09:56:21,50,56,3279,3457
2023-02-15 09:56:34,50,55,3279,3457
2023-02-15 09:56:47,50,56,3279,3457
2023-02-15 09:56:47,50,54,3279,3457
2023-02-15 09:57:17,48,54,3279,3457
2023-02-15 09:57:18,49,54,3279,3457
2023-02-15 09:57:47,47,54,3279,3457
2023-02-15 09:57:47,48,54,3279,3457
2023-02-15 09:58:18,47,54,3279,3457
2023-02-15 09:58:19,49,54,3279,3457
2023-02-15 09:58:48,50,54,3279,3457
2023-02-15 09:58:48,50,55,3279,3457
2023-02-15 09:59:02,50,56,3279,3457
2023-02-15 09:59:18,50,55,3279,3457
2023-02-15 09:59:25,51,55,3279,3457
2023-02-15 09:59:31,52,55,3279,3457
2023-02-15 09:59:47,52,57,3279,3457
2023-02-15 10:00:20,53,57,3279,3457
2023-02-15 10:00:26,53,56,3279,3457
2023-02-15 10:00:50,53,58,3279,3457
2023-02-15 10:03:17,51,58,3279,3457
2023-02-15 10:03:18,52,58,3279,3457
2023-02-15 10:03:26,53,58,3279,3457
2023-02-15 10:03:46,54,58,3279,3457
2023-02-15 10:04:19,53,58,3279,3457
2023-02-15 10:04:48,55,58,3279,3457
2023-02-15 10:07:09,54,58,3279,3457
2023-02-15 10:07:21,52,58,3279,3457
2023-02-15 10:07:22,53,58,3279,3457
2023-02-15 10:07:50,51,58,3279,3457
2023-02-15 10:07:52,51,56,3279,3457
2023-02-15 10:08:19,51,55,3279,3457
2023-02-15 10:08:21,50,55,3279,3457
2023-02-15 10:08:48,49,55,3279,3457
2023-02-15 10:08:49,49,54,3279,3457
2023-02-15 10:08:49,49,52,3279,3457
2023-02-15 10:08:53,47,52,3279,3457
2023-02-15 10:09:02,49,52,3279,3457
2023-02-15 10:09:19,49,57,3279,3457
2023-02-15 10:09:19,49,55,3279,3457
2023-02-15 10:09:19,49,53,3279,3457
2023-02-15 10:09:22,47,53,3279,3457
2023-02-15 10:09:22,51,53,3279,3457
2023-02-15 10:09:49,51,57,3279,3457
2023-02-15 10:10:25,51,56,3279,3457
2023-02-15 10:10:49,51,55,3279,3457
2023-02-15 10:11:13,50,55,3279,3457
2023-02-15 10:11:20,50,56,3279,3457
2023-02-15 10:11:34,50,55,3279,3457
2023-02-15 10:12:06,50,54,3279,3457
2023-02-15 10:12:08,50,52,3279,3457
2023-02-15 10:12:12,50,51,3279,3457
2023-02-15 10:12:14,50,52,3279,3457
2023-02-15 10:12:18,48,52,3279,3457
2023-02-15 10:12:34,48,54,3279,3457
2023-02-15 10:12:49,47,54,3279,3457
2023-02-15 10:12:50,47,52,3279,3457
2023-02-15 10:13:06,49,52,3279,3457
2023-02-15 10:13:17,49,53,3279,3457
2023-02-15 10:13:33,49,55,3573,3751
2023-02-15 10:13:37,51,55,3573,3751
2023-02-15 10:13:48,51,57,3573,3751
2023-02-15 10:13:48,53,57,3573,3751
2023-02-15 10:14:07,53,58,3573,3751
2023-02-15 10:14:17,54,58,3573,3751
2023-02-15 10:14:45,54,58,3574,3752
2023-02-15 10:15:48,53,58,3574,3752
2023-02-15 10:15:49,54,58,3574,3752
2023-02-15 10:16:49,56,58,3574,3752
2023-02-15 10:17:47,56,59,3574,3752
2023-02-15 10:17:47,58,59,3574,3752
2023-02-15 10:17:51,58,62,3774,3952
2023-02-15 10:18:48,57,62,3774,3952
2023-02-15 10:19:18,58,62,3774,3952
2023-02-15 10:20:28,59,62,3774,3952
2023-02-15 10:22:18,60,62,3774,3952
2023-02-15 10:23:18,59,62,3774,3952
2023-02-15 10:24:18,57,62,3774,3952
2023-02-15 10:24:35,58,62,3774,3952
2023-02-15 10:24:46,58,61,3774,3952
2023-02-15 10:27:49,58,62,3774,3952
2023-02-15 10:28:09,59,62,3774,3952
2023-02-15 10:30:09,58,62,3774,3952
2023-02-15 10:30:45,59,62,3774,3952
2023-02-15 10:32:02,59,63,3774,4002
2023-02-15 10:32:10,61,63,3774,4002
2023-02-15 10:34:24,61,65,3774,4061
2023-02-15 10:34:48,61,64,3774,4061
2023-02-15 10:35:20,61,65,3774,4061
2023-02-15 10:36:48,61,64,3774,4061
2023-02-15 10:37:46,61,63,3774,4061
2023-02-15 10:38:18,61,67,3774,4061
2023-02-15 10:38:18,61,64,3774,4061
2023-02-15 10:39:32,63,64,3774,4061
2023-02-15 10:39:49,63,66,3774,4061
2023-02-15 10:39:49,63,65,3774,4061
2023-02-15 10:40:25,63,64,3774,4061
2023-02-15 10:41:20,63,66,3774,4061
2023-02-15 10:41:20,63,65,3774,4061
2023-02-15 10:41:45,59,65,3774,4061
2023-02-15 10:41:45,61,65,3774,4061
2023-02-15 10:41:51,61,68,3774,4061
2023-02-15 10:41:51,61,66,3774,4061
2023-02-15 10:41:52,61,64,3774,4061
2023-02-15 10:43:18,61,63,3774,4061
2023-02-15 10:44:44,58,63,3774,4061
2023-02-15 10:44:45,59,63,3774,4061
2023-02-15 10:44:49,59,65,3774,4061
2023-02-15 10:44:49,59,66,3774,4061
2023-02-15 10:44:49,59,65,3774,4061
2023-02-15 10:44:50,59,62,3774,4061
2023-02-15 10:45:21,59,64,3774,4061
2023-02-15 10:45:21,59,63,3774,4061
2023-02-15 10:45:21,59,61,3774,4061
2023-02-15 10:46:18,59,63,3774,4061
2023-02-15 10:46:18,59,62,3774,4061
2023-02-15 10:46:48,59,65,3774,4061
2023-02-15 10:46:50,59,61,3774,4061
2023-02-15 10:48:20,59,62,3774,4061
2023-02-15 10:48:22,61,62,3774,4061
2023-02-15 10:48:25,59,62,3774,4061
2023-02-15 10:48:31,58,62,3774,4061
2023-02-15 10:48:31,61,62,3774,4061
2023-02-15 10:48:47,61,67,3774,4061
2023-02-15 10:48:47,61,66,3774,4061
2023-02-15 10:48:48,61,65,3774,4061
2023-02-15 10:48:48,61,63,3774,4061
2023-02-15 10:49:33,59,63,3774,4061
2023-02-15 10:50:50,59,62,3774,4061
2023-02-15 10:52:29,57,62,3774,4061
2023-02-15 10:52:29,61,62,3774,4061
2023-02-15 10:52:48,61,64,3774,4061
2023-02-15 10:52:48,61,66,3774,4061
2023-02-15 10:52:49,61,64,3774,4061
2023-02-15 10:53:51,61,66,3774,4061
2023-02-15 10:53:52,61,69,3774,4061
2023-02-15 10:53:52,61,67,3774,4061
2023-02-15 10:53:52,61,65,3774,4061
2023-02-15 10:54:47,61,67,3774,4061
2023-02-15 10:54:47,61,64,3774,4061
2023-02-15 10:56:16,59,64,3774,4061
2023-02-15 10:56:16,63,64,3774,4061
2023-02-15 10:56:19,63,65,3774,4061
2023-02-15 10:57:47,63,67,3774,4061
2023-02-15 10:57:47,63,69,3774,4061
2023-02-15 10:57:47,63,68,3774,4061
2023-02-15 10:57:47,63,66,3774,4061
2023-02-15 10:58:22,60,66,3774,4061
2023-02-15 10:58:23,61,66,3774,4061
2023-02-15 10:58:48,61,67,3774,4061
2023-02-15 10:58:49,61,65,3774,4061
2023-02-15 10:58:51,61,63,3774,4061
2023-02-15 10:59:47,61,67,3774,4061
2023-02-15 10:59:47,61,64,3774,4061
2023-02-15 11:01:49,61,65,3774,4061
2023-02-15 11:02:44,62,65,3774,4061
2023-02-15 11:03:19,63,65,3774,4061
2023-02-15 11:03:19,63,67,3774,4061
2023-02-15 11:03:21,63,68,3774,4061
2023-02-15 11:03:21,63,66,3774,4061
2023-02-15 11:04:18,65,66,3774,4061
2023-02-15 11:04:49,65,67,3774,4061
2023-02-15 11:05:52,65,68,3774,4061
2023-02-15 11:06:20,65,70,3774,4061
2023-02-15 11:06:20,65,69,3774,4061
2023-02-15 11:06:20,65,67,3774,4061
2023-02-15 11:06:20,65,67,3839,4126
2023-02-15 11:06:21,62,67,3839,4126
2023-02-15 11:06:48,62,69,3839,4126
2023-02-15 11:06:48,62,71,3839,4126
2023-02-15 11:06:49,64,71,3839,4126
2023-02-15 11:06:49,64,70,3839,4126
2023-02-15 11:07:18,64,69,3839,4126
2023-02-15 11:07:47,65,69,3839,4126
2023-02-15 11:07:47,65,70,3839,4126
2023-02-15 11:08:49,61,70,3839,4126
2023-02-15 11:08:49,63,70,3839,4126
2023-02-15 11:08:49,65,70,3839,4126
2023-02-15 11:09:16,63,70,3839,4126
2023-02-15 11:09:16,63,71,3839,4126
2023-02-15 11:09:17,64,71,3839,4126
2023-02-15 11:09:17,64,70,3839,4126
2023-02-15 11:09:50,64,69,3839,4126
2023-02-15 11:09:56,64,70,3839,4126
2023-02-15 11:10:35,65,70,3839,4126
2023-02-15 11:10:48,65,71,3839,4126
2023-02-15 11:10:51,65,69,3839,4126
2023-02-15 11:12:49,65,72,3839,4126
2023-02-15 11:12:49,65,70,3839,4126
2023-02-15 11:12:50,65,68,3839,4126
2023-02-15 11:14:18,65,72,3839,4126
2023-02-15 11:14:19,65,69,3839,4126
2023-02-15 11:18:20,65,70,3839,4126
2023-02-15 11:19:17,65,71,3839,4126
2023-02-15 11:19:18,65,69,3839,4126
2023-02-15 11:20:27,64,69,3839,4126
2023-02-15 11:20:41,67,69,3839,4126
2023-02-15 11:21:36,68,69,3839,4126
2023-02-15 11:24:40,68,69,3850,4137
2023-02-15 11:25:47,68,70,3850,4137
2023-02-15 11:27:49,68,72,3850,4137
2023-02-15 11:27:49,68,69,3850,4137
2023-02-15 11:28:48,68,70,3850,4137
2023-02-15 11:29:49,68,69,3850,4137
2023-02-15 11:30:27,64,69,3850,4137
2023-02-15 11:31:18,64,70,3850,4137
2023-02-15 11:31:21,64,72,3850,4560
2023-02-15 11:31:48,65,72,3850,4560
2023-02-15 11:31:49,67,72,3850,4560
2023-02-15 11:32:19,65,72,3850,4560
2023-02-15 11:32:19,63,72,3850,4560
2023-02-15 11:32:19,63,71,3850,4560
2023-02-15 11:32:19,60,71,3850,4560
2023-02-15 11:32:19,66,71,3850,4560
2023-02-15 11:32:48,66,72,3850,4560
2023-02-15 11:34:49,64,72,3850,4560
2023-02-15 11:34:49,62,72,3850,4560
2023-02-15 11:34:49,65,72,3850,4560
2023-02-15 11:34:50,67,72,3850,4560
2023-02-15 11:35:21,63,72,3850,4560
2023-02-15 11:35:21,66,72,3850,4560
2023-02-15 11:36:16,67,72,3850,4560
2023-02-15 11:40:38,68,72,3850,4560
2023-02-15 11:41:56,67,72,3850,4560
2023-02-15 11:42:22,67,71,3850,4560
2023-02-15 11:42:22,66,71,3850,4560
2023-02-15 11:42:47,66,72,3850,4560
2023-02-15 11:42:48,66,70,3850,4560
2023-02-15 11:42:48,66,70,3850,4605
2023-02-15 11:42:50,65,70,3850,4605
2023-02-15 11:43:17,63,70,3850,4605
2023-02-15 11:43:18,62,70,3850,4605
2023-02-15 11:43:18,64,70,3850,4605
2023-02-15 11:43:50,62,70,3850,4605
2023-02-15 11:43:50,62,72,3850,4605
2023-02-15 11:43:51,63,72,3850,4605
2023-02-15 11:43:51,63,69,3850,4605
2023-02-15 11:44:01,65,69,3850,4605
2023-02-15 11:44:15,65,69,3850,4615
2023-02-15 11:45:47,65,71,3850,4615
2023-02-15 11:45:48,65,70,3850,4615
2023-02-15 11:45:52,65,68,3850,4615
2023-02-15 11:46:16,67,68,3850,4615
2023-02-15 11:46:20,67,69,3850,4615
2023-02-15 11:46:24,68,69,3850,4615
2023-02-15 11:46:32,65,69,3850,4615
2023-02-15 11:46:32,64,69,3850,4615
2023-02-15 11:47:19,63,69,3850,4615
2023-02-15 11:47:51,64,69,3850,4615
2023-02-15 11:48:20,62,69,3850,4615
2023-02-15 11:48:20,63,69,3850,4615
2023-02-15 11:48:21,63,71,3850,4615
2023-02-15 11:48:21,63,69,3850,4615
2023-02-15 11:48:24,63,69,3849,4616
2023-02-15 11:48:48,63,70,3849,4616
2023-02-15 11:48:49,63,68,3849,4616
2023-02-15 11:48:50,62,68,3849,4616
2023-02-15 11:49:18,62,67,3849,4616
2023-02-15 11:49:49,62,68,3849,4616
2023-02-15 11:49:49,63,68,3849,4616
2023-02-15 11:50:04,66,68,3849,4616
2023-02-15 11:50:15,66,68,3879,4646
2023-02-15 11:50:55,66,70,3879,4646
2023-02-15 11:50:55,66,69,3879,4646
2023-02-15 11:50:56,66,67,3879,4646
2023-02-15 11:51:48,66,69,3879,4646
2023-02-15 11:51:48,66,67,3879,4646
2023-02-15 11:52:07,62,67,3879,4646
2023-02-15 11:52:14,64,67,3879,4646
2023-02-15 11:52:26,64,67,3929,4696
2023-02-15 11:54:26,64,67,3965,4732
2023-02-15 11:54:32,67,69,4268,5035
2023-02-15 11:55:20,64,69,4268,5035
2023-02-15 11:55:49,64,71,4268,5035
2023-02-15 11:55:50,64,70,4268,5035
2023-02-15 11:55:50,62,70,4268,5035
2023-02-15 11:55:51,62,68,4268,5035
2023-02-15 11:56:02,64,68,4268,5035
2023-02-15 11:56:20,64,67,4268,5035
2023-02-15 11:56:33,64,67,4288,5055
2023-02-15 11:57:19,64,72,4288,5055
2023-02-15 11:57:20,64,68,4288,5055
2023-02-15 11:57:37,68,70,4717,5484
2023-02-15 11:57:48,64,68,4788,5555
2023-02-15 11:58:05,64,68,4938,5705
2023-02-15 11:58:20,64,72,4938,5705
2023-02-15 11:58:21,64,71,4938,5705
2023-02-15 11:58:22,64,69,4938,5705
2023-02-15 11:58:48,64,71,4938,5705
2023-02-15 11:58:48,66,71,4938,5705
2023-02-15 11:59:22,64,71,4938,5705
2023-02-15 11:59:23,64,72,4938,5705
2023-02-15 11:59:23,67,72,4938,5705
2023-02-15 12:00:55,68,72,4938,5705
2023-02-15 12:07:00,68,73,4938,5805
2023-02-15 12:07:20,68,74,4938,5805
2023-02-15 12:07:21,68,72,4938,5805
2023-02-15 12:07:50,68,74,4938,5805
2023-02-15 12:07:51,68,73,4938,5805
2023-02-15 12:08:20,68,72,4938,5805
2023-02-15 12:09:32,71,72,4938,5805
2023-02-15 12:14:18,71,74,4938,5805
2023-02-15 12:14:18,71,72,4938,5805
2023-02-15 12:14:40,71,72,4946,5813
2023-02-15 12:15:21,71,74,4946,5813
2023-02-15 12:15:21,71,75,4946,5813
2023-02-15 12:15:21,68,71,4956,5823
2023-02-15 12:16:19,68,73,4956,5823
2023-02-15 12:16:19,68,72,4956,5823
2023-02-15 12:20:58,68,72,4961,5828
2023-02-15 12:22:59,70,72,4961,5828
2023-02-15 12:23:40,66,72,4961,5828
2023-02-15 12:23:47,66,74,4961,5828
2023-02-15 12:23:49,66,73,4961,5828
2023-02-15 12:23:50,66,71,4961,5828
2023-02-15 12:24:20,66,72,4961,5828
2023-02-15 12:24:21,65,72,4961,5828
2023-02-15 12:24:21,67,72,4961,5828
2023-02-15 12:24:52,66,72,4961,5828
2023-02-15 12:25:53,67,72,4961,5828
2023-02-15 12:26:20,67,75,4961,5828
2023-02-15 12:26:21,67,71,4961,5828
2023-02-15 12:26:22,66,71,4961,5828
2023-02-15 12:26:50,67,71,4961,5828
2023-02-15 12:26:51,67,73,4961,5828
2023-02-15 12:26:51,67,74,4961,5828
2023-02-15 12:26:51,67,72,4961,5828
2023-02-15 12:27:51,65,72,4961,5828
2023-02-15 12:27:51,66,72,4961,5828
2023-02-15 12:27:52,68,72,4961,5828
2023-02-15 12:27:52,68,73,4961,5828
2023-02-15 12:29:19,68,75,4961,5828
2023-02-15 12:29:19,68,73,4961,5828
2023-02-15 12:29:50,66,73,4961,5828
2023-02-15 12:29:51,65,73,4961,5828
2023-02-15 12:29:51,65,74,4961,5828
2023-02-15 12:29:51,65,72,4961,5828
2023-02-15 12:29:51,67,72,4961,5828
2023-02-15 12:30:24,65,72,4961,5828
2023-02-15 12:30:25,65,74,4961,5828
2023-02-15 12:30:26,65,73,4961,5828
2023-02-15 12:30:27,65,71,4961,5828
2023-02-15 12:30:27,66,71,4961,5828
2023-02-15 12:31:49,66,73,4961,5828
2023-02-15 12:31:49,66,74,4961,5828
2023-02-15 12:31:52,66,72,4961,5828
2023-02-15 12:32:17,66,74,4961,5828
2023-02-15 12:32:17,66,71,4961,5828
2023-02-15 12:33:20,66,72,4961,5828
2023-02-15 12:33:50,65,72,4961,5828
2023-02-15 12:33:50,67,72,4961,5828
2023-02-15 12:34:50,67,73,4961,5828
2023-02-15 12:35:20,68,73,4961,5828
2023-02-15 12:35:47,66,73,4961,5828
2023-02-15 12:35:47,69,73,4961,5828
2023-02-15 12:35:47,69,76,4961,5828
2023-02-15 12:35:48,69,74,4961,5828
2023-02-15 12:36:17,67,74,4961,5828
2023-02-15 12:36:18,68,74,4961,5828
2023-02-15 12:36:30,74,76,5405,6272
2023-02-15 12:36:48,74,76,5777,6644
2023-02-15 12:37:17,74,77,5777,6644
2023-02-15 12:37:18,74,75,5777,6644
2023-02-15 12:37:34,70,75,5777,6644
2023-02-15 12:37:56,72,75,5777,6644
2023-02-15 12:38:08,72,74,5777,6644
2023-02-15 12:38:11,72,75,5777,6644
2023-02-15 12:38:12,72,74,5777,6644
2023-02-15 12:38:14,72,75,5777,6644
2023-02-15 12:38:18,72,74,5777,6644
2023-02-15 12:40:27,72,75,5777,6644
2023-02-15 12:40:53,72,76,5777,6644
2023-02-15 12:42:02,72,77,5777,6644
2023-02-15 12:45:22,75,77,5777,6644
2023-02-15 12:46:17,75,78,5777,6644
2023-02-15 12:46:34,75,78,5947,6824
2023-02-15 12:47:14,75,78,5972,6849
2023-02-15 12:51:17,75,79,5972,6849
2023-02-15 12:52:48,77,79,5972,6849
2023-02-15 12:58:50,77,81,5972,6849
2023-02-15 12:58:50,77,80,5972,6849
2023-02-15 13:00:25,77,79,5972,6849
2023-02-15 13:00:50,77,81,5972,6849
2023-02-15 13:00:51,77,80,5972,6849
2023-02-15 13:03:15,75,80,5972,6849
2023-02-15 13:03:16,79,80,5972,6849
2023-02-15 13:05:27,75,80,5972,6849
2023-02-15 13:05:27,77,80,5972,6849
2023-02-15 13:06:46,77,81,5972,6849
2023-02-15 13:08:49,77,82,5972,6849
2023-02-15 13:09:23,79,82,5972,6849
2023-02-15 13:11:18,79,81,5972,6849
2023-02-15 13:11:49,79,82,5972,6849
2023-02-15 13:13:50,79,81,5972,6849
2023-02-15 13:14:49,79,82,5972,6849
2023-02-15 13:20:26,79,83,5972,6849
2023-02-15 13:20:27,79,82,5972,6849
2023-02-15 13:21:48,79,83,5972,6849
2023-02-15 13:21:49,79,81,5972,6849
2023-02-15 13:23:47,79,83,5972,6849
2023-02-15 13:23:48,79,82,5972,6849
2023-02-15 13:24:50,79,83,5972,6849
2023-02-15 13:24:50,79,81,5972,6849
2023-02-15 13:25:50,79,82,5972,6849
2023-02-15 13:27:17,79,83,5972,6849
2023-02-15 13:27:18,79,81,5972,6849
2023-02-15 13:29:49,79,82,5972,6849
2023-02-15 13:30:27,79,81,5972,6849
2023-02-15 13:32:39,76,81,5972,6849
2023-02-15 13:32:40,76,81,5982,6859
2023-02-15 13:32:48,76,82,5982,6859
2023-02-15 13:32:49,78,82,5982,6859
2023-02-15 13:33:17,78,84,5982,6859
2023-02-15 13:33:19,78,83,5982,6859
2023-02-15 13:34:13,79,83,5982,6859
2023-02-15 13:34:19,79,82,5982,6859
2023-02-15 13:34:49,79,85,5982,6859
2023-02-15 13:34:49,79,84,5982,6859
2023-02-15 13:34:49,79,83,5982,6859
2023-02-15 13:35:21,79,82,5982,6859
2023-02-15 13:36:50,79,84,5982,6859
2023-02-15 13:36:51,79,83,5982,6859
2023-02-15 13:37:19,79,84,5982,6859
2023-02-15 13:37:21,79,82,5982,6859
2023-02-15 13:37:25,77,82,5982,6859
2023-02-15 13:38:21,77,81,5982,6859
2023-02-15 13:38:50,77,83,5982,6859
2023-02-15 13:38:50,77,82,5982,6859
2023-02-15 13:39:21,77,83,5982,6859
2023-02-15 13:39:22,77,81,5982,6859
2023-02-15 13:39:47,77,82,5982,6859
2023-02-15 13:41:48,77,81,5982,6859
2023-02-15 13:42:19,77,82,5982,6859
2023-02-15 13:42:48,77,83,5982,6859
2023-02-15 13:42:49,77,81,5982,6859
2023-02-15 13:43:19,76,81,5982,6859
2023-02-15 13:43:46,77,81,5982,6859
2023-02-15 13:43:47,77,82,5982,6859
2023-02-15 13:43:47,77,81,5982,6859
2023-02-15 13:43:50,77,80,5982,6859
2023-02-15 13:43:52,77,79,5982,6859
2023-02-15 13:44:23,72,79,5982,6859
2023-02-15 13:44:23,72,77,5982,6859
2023-02-15 13:45:49,70,77,5982,6859
2023-02-15 13:45:49,68,77,5982,6859
2023-02-15 13:45:49,69,77,5982,6859
2023-02-15 13:45:51,71,77,5982,6859
2023-02-15 13:46:18,71,76,5982,6859
2023-02-15 13:46:18,70,76,5982,6859
2023-02-15 13:46:47,70,77,5982,6859
2023-02-15 13:46:47,70,75,5982,6859
2023-02-15 13:47:21,70,77,5982,6859
2023-02-15 13:47:21,72,77,5982,6859
2023-02-15 13:47:57,73,77,5982,6859
2023-02-15 13:49:18,73,79,5982,6859
2023-02-15 13:49:18,73,78,5982,6859
2023-02-15 13:49:47,73,79,5982,6859
2023-02-15 13:49:48,73,77,5982,6859
2023-02-15 13:50:49,73,79,5982,6859
2023-02-15 13:50:49,73,80,5982,6859
2023-02-15 13:50:49,73,78,5982,6859
2023-02-15 13:51:20,74,78,5982,6859
2023-02-15 13:51:22,74,81,5982,6859
2023-02-15 13:51:24,74,79,5982,6859
2023-02-15 13:51:27,76,79,5982,6859
2023-02-15 13:51:48,76,81,5982,6859
2023-02-15 13:51:49,76,80,5982,6859
2023-02-15 13:52:17,76,81,5982,6859
2023-02-15 13:52:17,76,79,5982,6859
2023-02-15 13:52:19,74,79,5982,6859
2023-02-15 13:53:36,74,78,5982,6859
2023-02-15 13:53:49,73,78,5982,6859
2023-02-15 13:54:18,72,78,5982,6859
2023-02-15 13:54:18,72,77,5982,6859
2023-02-15 13:55:22,72,76,5982,6859
2023-02-15 13:55:22,71,76,5982,6859
2023-02-15 13:55:49,68,76,5982,6859
2023-02-15 13:55:49,68,78,5982,6859
2023-02-15 13:55:49,72,78,5982,6859
2023-02-15 13:55:52,72,77,5982,6859
2023-02-15 13:56:48,72,76,5982,6859
2023-02-15 13:56:49,71,76,5982,6859
2023-02-15 13:57:19,69,76,5982,6859
2023-02-15 13:57:19,69,77,5982,6859
2023-02-15 13:57:19,72,77,5982,6859
2023-02-15 13:57:47,72,77,5983,6860
2023-02-15 13:57:49,70,77,5983,6860
2023-02-15 13:57:49,69,77,5983,6860
2023-02-15 13:57:49,71,77,5983,6860
2023-02-15 13:57:50,71,78,5983,6860
2023-02-15 13:57:50,73,78,5983,6860
2023-02-15 13:58:18,72,78,5983,6860
2023-02-15 13:58:19,72,77,5983,6860
2023-02-15 14:00:17,72,76,5983,6860
2023-02-15 14:00:18,72,77,5983,6860
2023-02-15 14:00:24,65,77,5983,6860
2023-02-15 14:00:25,67,77,5983,6860
2023-02-15 14:00:25,67,76,5983,6860
2023-02-15 14:00:25,69,76,5983,6860
2023-02-15 14:00:25,71,76,5983,6860
2023-02-15 14:00:41,71,75,5983,6860
2023-02-15 14:00:49,68,75,5983,6860
2023-02-15 14:00:49,70,75,5983,6860
2023-02-15 14:01:20,66,75,5983,6860
2023-02-15 14:01:20,66,76,5983,6860
2023-02-15 14:01:21,66,74,5983,6860
2023-02-15 14:01:21,69,74,5983,6860
2023-02-15 14:01:47,71,74,5983,6860
2023-02-15 14:01:47,71,76,5983,6860
2023-02-15 14:02:21,69,76,5983,6860
2023-02-15 14:02:22,69,77,5983,6860
2023-02-15 14:02:22,70,77,5983,6860
2023-02-15 14:02:22,72,77,5983,6860
2023-02-15 14:02:36,72,76,5983,6860
2023-02-15 14:02:37,72,77,5983,6860
2023-02-15 14:02:50,72,76,5983,6860
2023-02-15 14:02:50,71,76,5983,6860
2023-02-15 14:03:18,68,76,5983,6860
2023-02-15 14:03:18,70,76,5983,6860
2023-02-15 14:03:47,68,76,5983,6860
2023-02-15 14:03:47,69,76,5983,6860
2023-02-15 14:03:47,71,76,5983,6860
2023-02-15 14:04:19,69,76,5983,6860
2023-02-15 14:04:20,65,76,5983,6860
2023-02-15 14:04:20,70,76,5983,6860
2023-02-15 14:04:20,70,77,5983,6860
2023-02-15 14:04:21,72,77,5983,6860
2023-02-15 14:04:49,72,76,5983,6860
2023-02-15 14:04:49,71,76,5983,6860
2023-02-15 14:05:21,72,76,5983,6860
2023-02-15 14:05:22,72,78,5983,6860
2023-02-15 14:05:22,72,77,5983,6860
2023-02-15 14:06:48,72,76,5983,6860
2023-02-15 14:06:49,71,76,5983,6860
2023-02-15 14:07:17,71,78,5983,6860
2023-02-15 14:07:17,71,77,5983,6860
2023-02-15 14:07:17,72,77,5983,6860
2023-02-15 14:07:23,72,77,5991,6868
2023-02-15 14:07:45,72,76,5991,6868
2023-02-15 14:07:45,71,76,5991,6868
2023-02-15 14:08:20,71,77,5991,6868
2023-02-15 14:08:21,69,77,5991,6868
2023-02-15 14:08:21,67,77,5991,6868
2023-02-15 14:08:21,70,77,5991,6868
2023-02-15 14:08:21,72,77,5991,6868
2023-02-15 14:08:32,72,76,5991,6868
2023-02-15 14:08:38,72,75,5991,6868
2023-02-15 14:08:46,72,74,5991,6868
2023-02-15 14:08:48,71,74,5991,6868
2023-02-15 14:08:48,71,73,5991,6868
2023-02-15 14:08:51,71,74,5991,6868
2023-02-15 14:08:52,71,73,5991,6868
2023-02-15 14:08:56,71,74,5991,6868
2023-02-15 14:08:57,71,73,5991,6868
2023-02-15 14:08:58,71,74,5991,6868
2023-02-15 14:09:03,71,73,5991,6868
2023-02-15 14:09:08,71,72,5991,6868
2023-02-15 14:09:11,71,72,5971,6888
2023-02-15 14:09:18,69,72,5971,6888
2023-02-15 14:09:19,69,71,5971,6888
2023-02-15 14:09:19,67,71,5971,6888
2023-02-15 14:09:19,68,71,5971,6888
2023-02-15 14:09:20,68,70,5971,6888
2023-02-15 14:09:27,68,69,5971,6888
2023-02-15 14:09:30,68,70,5971,6888
2023-02-15 14:09:31,68,69,5971,6888
2023-02-15 14:09:36,68,70,5971,6888
2023-02-15 14:09:37,68,69,5971,6888
2023-02-15 14:09:41,68,70,5971,6888
2023-02-15 14:09:45,68,69,5971,6888
2023-02-15 14:09:47,68,70,5971,6888
2023-02-15 14:09:48,66,70,5971,6888
2023-02-15 14:09:49,65,70,5971,6888
2023-02-15 14:10:06,67,70,5971,6888
2023-02-15 14:10:07,67,71,6176,7118
2023-02-15 14:10:11,67,72,6176,7118
2023-02-15 14:10:23,67,73,6176,7118
2023-02-15 14:10:24,67,71,6176,7118
2023-02-15 14:10:28,66,71,6176,7118
2023-02-15 14:10:28,69,71,6176,7118
2023-02-15 14:10:31,69,73,6363,7305
2023-02-15 14:11:09,69,71,6363,7305
2023-02-15 14:11:49,67,71,6363,7305
2023-02-15 14:12:01,67,69,6363,7305
2023-02-15 14:12:07,67,71,6363,7305
2023-02-15 14:12:43,67,69,6363,7305
2023-02-15 14:12:49,65,69,6363,7305
2023-02-15 14:12:49,66,69,6363,7305
2023-02-15 14:13:44,66,71,6363,7305
2023-02-15 14:13:49,66,70,6363,7305
2023-02-15 14:13:49,65,70,6363,7305
2023-02-15 14:13:52,67,70,6363,7305
2023-02-15 14:14:06,67,69,6363,7305
2023-02-15 14:14:06,65,69,6363,7305
2023-02-15 14:14:18,67,69,6363,7305
2023-02-15 14:14:18,67,69,6363,7306
2023-02-15 14:14:30,67,69,6343,7326
2023-02-15 14:14:31,67,70,6343,7326
2023-02-15 14:14:49,65,70,6343,7326
2023-02-15 14:14:49,65,69,6343,7326
2023-02-15 14:15:49,65,68,6343,7326
2023-02-15 14:16:15,65,70,6566,7549
2023-02-15 14:16:22,65,69,6566,7549
2023-02-15 14:17:17,65,71,6566,7549
2023-02-15 14:17:18,66,71,6566,7549
2023-02-15 14:17:58,67,71,6566,7549
2023-02-15 14:18:19,67,73,6566,7549
2023-02-15 14:18:19,67,72,6566,7549
2023-02-15 14:18:26,68,72,6566,7549
2023-02-15 14:18:31,69,72,6566,7549
2023-02-15 14:18:49,69,73,6566,7549
2023-02-15 14:18:53,70,73,6566,7549
2023-02-15 14:19:12,71,73,6566,7549
2023-02-15 14:19:18,71,76,6566,7549
2023-02-15 14:19:43,72,76,6566,7549
2023-02-15 14:19:46,72,77,6566,7549
2023-02-15 14:21:08,72,76,6566,7549
2023-02-15 14:21:18,73,76,6566,7549
2023-02-15 14:21:29,73,76,6566,7554
2023-02-15 14:21:49,72,76,6566,7554
2023-02-15 14:21:49,72,75,6566,7554
2023-02-15 14:22:26,72,74,6566,7554
2023-02-15 14:22:33,72,76,6566,7554
2023-02-15 14:22:48,72,75,6566,7554
2023-02-15 14:22:56,74,75,6566,7554
2023-02-15 14:23:01,72,75,6566,7554
2023-02-15 14:23:09,72,75,6571,7559
2023-02-15 14:23:21,72,77,6571,7559
2023-02-15 14:23:29,74,77,6571,7559
2023-02-15 14:23:35,72,77,6571,7559
2023-02-15 14:24:32,74,77,6571,7559
2023-02-15 14:24:36,72,77,6571,7559
2023-02-15 14:24:42,74,77,6571,7559
2023-02-15 14:24:43,72,77,6571,7559
2023-02-15 14:24:52,74,77,6571,7559
2023-02-15 14:25:01,72,77,6571,7559
2023-02-15 14:25:04,74,77,6571,7559
2023-02-15 14:25:08,72,77,6571,7559
2023-02-15 14:25:10,74,77,6571,7559
2023-02-15 14:25:47,74,78,6571,7559
2023-02-15 14:25:49,76,78,6571,7559
2023-02-15 14:26:17,76,78,6576,7564
2023-02-15 14:26:19,76,79,6576,7564
2023-02-15 14:26:48,77,79,6576,7564
2023-02-15 14:26:49,77,82,6576,7564
2023-02-15 14:27:22,77,81,6576,7564
2023-02-15 14:27:35,77,82,6576,7564
2023-02-15 14:27:35,77,80,6576,7564
2023-02-15 14:27:38,77,80,6576,7582
2023-02-15 14:29:25,77,79,6576,7582
2023-02-15 14:29:25,75,79,6576,7582
2023-02-15 14:29:28,75,78,6576,7582
2023-02-15 14:29:43,75,77,6576,7582
2023-02-15 14:29:46,73,77,6576,7582
2023-02-15 14:29:46,74,77,6576,7582
2023-02-15 14:30:06,74,78,6576,7582
2023-02-15 14:30:06,74,76,6576,7582
2023-02-15 14:30:11,74,75,6576,7582
2023-02-15 14:30:20,74,76,6576,7582
2023-02-15 14:30:21,74,75,6576,7582
2023-02-15 14:30:26,71,75,6576,7582
2023-02-15 14:30:29,71,76,6576,7582
2023-02-15 14:30:33,71,75,6576,7582
2023-02-15 14:30:34,71,76,6576,7582
2023-02-15 14:30:51,71,74,6576,7582
2023-02-15 14:31:15,71,74,6581,7587
2023-02-15 14:32:48,71,76,6581,7587
2023-02-15 14:32:48,71,73,6581,7587
2023-02-15 14:33:17,71,73,6599,7605
2023-02-15 14:33:38,72,73,6599,7605
2023-02-15 14:33:39,72,73,6642,7648
2023-02-15 14:33:46,72,75,6642,7648
2023-02-15 14:34:18,72,76,6642,7648
2023-02-15 14:34:31,72,74,6642,7648
2023-02-15 14:35:20,71,74,6642,7648
2023-02-15 14:35:49,71,75,6642,7648
2023-02-15 14:35:49,72,75,6642,7648
2023-02-15 14:36:20,74,75,6642,7648
2023-02-15 14:36:21,74,76,6642,7648
2023-02-15 14:36:22,74,77,6642,7648
2023-02-15 14:36:51,74,76,6642,7648
2023-02-15 14:37:16,72,76,6642,7648
2023-02-15 14:37:17,73,76,6642,7648
2023-02-15 14:37:32,73,78,6642,7648
2023-02-15 14:37:32,74,78,6642,7648
2023-02-15 14:37:33,74,77,6642,7648
2023-02-15 14:37:54,74,76,6642,7648
2023-02-15 14:37:54,73,76,6642,7648
2023-02-15 14:38:02,73,75,6642,7648
2023-02-15 14:38:21,73,75,6642,7653
2023-02-15 14:38:28,73,74,6642,7653
2023-02-15 14:38:48,71,74,6642,7653
2023-02-15 14:40:16,71,75,6642,7653
2023-02-15 14:40:16,72,75,6642,7653
2023-02-15 14:40:17,73,75,6642,7653
2023-02-15 14:40:26,73,76,6642,7653
2023-02-15 14:42:04,73,75,6642,7653
2023-02-15 14:42:09,73,74,6642,7653
2023-02-15 14:42:48,71,74,6642,7653
2023-02-15 14:42:50,71,75,6642,7653
2023-02-15 14:42:53,71,74,6642,7653
2023-02-15 14:43:02,71,73,6642,7653
2023-02-15 14:43:04,71,74,6642,7653
2023-02-15 14:43:15,71,75,6642,7653
2023-02-15 14:43:18,71,74,6642,7653
2023-02-15 14:43:25,71,73,6642,7653
2023-02-15 14:43:28,70,74,6642,7653
2023-02-15 14:43:44,70,73,6642,7653
2023-02-15 14:43:54,69,73,6642,7653
2023-02-15 14:43:54,69,72,6642,7653
2023-02-15 14:44:02,69,71,6642,7653
2023-02-15 14:44:04,69,70,6642,7653
2023-02-15 14:44:12,69,71,6642,7653
2023-02-15 14:44:19,67,71,6642,7653
2023-02-15 14:44:19,68,71,6642,7653
2023-02-15 14:44:26,68,70,6642,7653
2023-02-15 14:44:27,68,71,6642,7653
2023-02-15 14:44:28,68,70,6642,7653
2023-02-15 14:44:29,68,71,6642,7653
2023-02-15 14:44:46,68,72,6642,7653
2023-02-15 14:44:49,68,71,6642,7653
2023-02-15 14:45:20,68,72,6642,7653
2023-02-15 14:45:20,69,72,6642,7653
2023-02-15 14:45:29,69,72,6642,7658
2023-02-15 14:46:09,69,71,6642,7658
2023-02-15 14:46:17,68,71,6642,7658
2023-02-15 14:46:33,68,72,6642,7658
2023-02-15 14:46:35,68,71,6642,7658
2023-02-15 14:47:10,67,71,6642,7658
2023-02-15 14:47:19,67,69,6642,7658
2023-02-15 14:47:26,67,70,6642,7658
2023-02-15 14:47:36,67,71,6642,7658
2023-02-15 14:47:40,68,71,6642,7658
2023-02-15 14:47:43,68,72,6642,7658
2023-02-15 14:47:43,69,72,6642,7658
2023-02-15 14:47:46,69,70,6642,7658
2023-02-15 14:47:52,68,70,6652,7668
2023-02-15 14:47:56,68,72,6652,7815
2023-02-15 14:48:19,70,72,6652,7815
2023-02-15 14:48:22,70,74,6652,7815
2023-02-15 14:48:31,72,74,6652,7815
2023-02-15 14:48:32,72,75,6652,7815
2023-02-15 14:48:37,72,75,6651,7816
2023-02-15 14:49:00,70,75,6651,7816
2023-02-15 14:49:00,74,75,6651,7816
2023-02-15 14:49:18,74,77,6651,7816
2023-02-15 14:49:29,74,78,6651,7816
2023-02-15 14:49:35,73,78,6651,7816
2023-02-15 14:49:35,76,78,6651,7816
2023-02-15 14:49:47,76,79,6651,7816
2023-02-15 14:49:47,78,79,6651,7816
2023-02-15 14:49:52,76,79,6651,7816
2023-02-15 14:49:59,79,80,6841,8006
2023-02-15 14:50:02,79,80,6841,8016
2023-02-15 14:50:27,79,80,6841,8026
2023-02-15 14:50:38,76,80,6841,8026
2023-02-15 14:50:46,77,80,6841,8026
2023-02-15 14:50:46,77,78,6841,8026
2023-02-15 14:50:49,77,80,6841,8026
2023-02-15 14:50:54,77,78,6841,8026
2023-02-15 14:50:56,77,80,6841,8026
2023-02-15 14:51:07,77,78,6841,8026
2023-02-15 14:51:10,77,80,6841,8026
2023-02-15 14:51:48,77,81,6841,8026
2023-02-15 14:51:51,78,81,6841,8026
2023-02-15 14:51:55,79,81,6841,8026
2023-02-15 14:51:58,80,81,6841,8026
2023-02-15 14:52:04,80,83,6961,8146
2023-02-15 14:52:29,81,83,6961,8146
2023-02-15 14:52:48,81,84,6961,8146
2023-02-15 14:52:50,81,83,6961,8146
2023-02-15 14:53:02,81,84,6961,8146
2023-02-15 14:53:16,80,84,6961,8146
2023-02-15 14:53:21,81,84,6961,8146
2023-02-15 14:53:45,83,84,6961,8146
2023-02-15 14:53:47,83,85,6961,8146
2023-02-15 14:54:01,83,86,6956,8151
2023-02-15 14:54:24,84,86,6956,8151
2023-02-15 14:54:37,85,86,6956,8151
2023-02-15 14:54:37,85,87,7122,8317
2023-02-15 14:54:47,85,88,7122,8317
2023-02-15 14:54:54,84,88,7122,8317
2023-02-15 14:55:27,84,89,7122,8317
2023-02-15 14:55:27,85,89,7122,8317
2023-02-15 14:56:08,86,89,7122,8317
2023-02-15 14:56:19,86,90,7122,8317
2023-02-15 14:57:00,86,90,7130,8342
2023-02-15 14:57:17,86,91,7130,8342
2023-02-15 14:57:17,87,91,7130,8342
2023-02-15 14:57:57,87,91,7145,8357
2023-02-15 14:58:13,88,91,7145,8357
2023-02-15 14:58:19,88,90,7145,8357
2023-02-15 14:58:21,88,91,7145,8600
2023-02-15 14:58:51,88,92,7145,8600
2023-02-15 14:58:51,89,92,7145,8600
2023-02-15 14:58:52,89,93,7145,8600
2023-02-15 14:59:51,90,93,7145,8600
2023-02-15 15:00:19,90,92,7145,8600
2023-02-15 15:00:26,90,93,7145,8600
2023-02-15 15:00:37,90,92,7145,8600
2023-02-15 15:00:54,90,91,7145,8600
2023-02-15 15:01:53,91,92,7322,8777
2023-02-15 15:02:12,91,92,7322,8877
2023-02-15 15:02:19,91,92,7419,8974
2023-02-15 15:02:24,91,92,7419,8978
2023-02-15 15:02:31,91,92,7419,9014
2023-02-15 15:02:38,91,92,7419,9347
2023-02-15 15:02:45,88,92,7419,9604
2023-02-15 15:02:49,88,91,7419,9604
2023-02-15 15:02:56,89,91,7419,9604
2023-02-15 15:03:51,89,92,7419,9604
2023-02-15 15:03:52,90,92,7419,9604
2023-02-15 15:04:07,88,92,7419,9604
2023-02-15 15:04:19,88,91,7419,9604
2023-02-15 15:04:30,88,91,7439,9624
2023-02-15 15:05:06,87,91,7439,9624
2023-02-15 15:05:06,87,90,7439,9624
2023-02-15 15:05:08,87,91,7439,9624
2023-02-15 15:05:17,87,90,7439,9624
2023-02-15 15:05:20,86,90,7439,9624
2023-02-15 15:05:30,86,89,7439,9624
2023-02-15 15:05:45,86,90,7439,9624
2023-02-15 15:05:45,87,90,7439,9624
2023-02-15 15:05:47,86,90,7439,9624
2023-02-15 15:05:50,86,89,7439,9624
2023-02-15 15:05:50,86,88,7439,9624
2023-02-15 15:05:52,87,88,7439,9624
2023-02-15 15:05:54,86,88,7439,9624
2023-02-15 15:05:54,87,88,7439,9624
2023-02-15 15:05:57,86,88,7439,9624
2023-02-15 15:06:17,86,89,7439,9624
2023-02-15 15:06:48,86,88,7439,9624
2023-02-15 15:06:53,87,88,7439,9624
2023-02-15 15:07:34,85,88,7439,9624
2023-02-15 15:08:19,85,87,7439,9624
2023-02-15 15:08:27,83,87,7439,9624
2023-02-15 15:08:34,84,87,7439,9624
2023-02-15 15:08:45,83,87,7439,9624
2023-02-15 15:08:47,83,86,7439,9624
2023-02-15 15:08:48,83,85,7439,9624
2023-02-15 15:08:49,84,85,7439,9624
2023-02-15 15:08:52,83,85,7439,9624
2023-02-15 15:08:55,84,85,7439,9624
2023-02-15 15:09:19,84,86,7439,9624
2023-02-15 15:10:08,85,86,7439,9624
2023-02-15 15:10:11,85,86,7449,9634
2023-02-15 15:10:12,85,86,7459,9644
2023-02-15 15:10:13,85,87,7566,9751
2023-02-15 15:10:20,84,87,7566,9751
2023-02-15 15:10:29,84,87,7571,9756
2023-02-15 15:10:35,85,87,7571,9756
2023-02-15 15:10:49,85,88,7571,9756
2023-02-15 15:11:16,85,89,7571,9756
2023-02-15 15:11:26,85,89,7575,9760
2023-02-15 15:12:04,85,88,7575,9760
2023-02-15 15:13:12,86,88,7575,9760
2023-02-15 15:13:14,86,89,7712,9897
2023-02-15 15:13:19,89,90,7810,9995
2023-02-15 15:13:31,90,92,7920,10105
2023-02-15 15:13:49,90,91,7920,10105
2023-02-15 15:14:05,89,91,7920,10105
2023-02-15 15:14:05,87,91,7920,10105
2023-02-15 15:15:37,87,91,8034,10219
2023-02-15 15:15:47,87,92,8093,10278
2023-02-15 15:15:48,87,90,8093,10278
2023-02-15 15:15:48,89,90,8093,10278
2023-02-15 15:15:58,89,92,8187,10372
2023-02-15 15:16:00,90,92,8187,10372
2023-02-15 15:16:21,90,93,8187,10372
2023-02-15 15:16:27,90,94,8202,10427
2023-02-15 15:16:28,91,94,8202,10427
2023-02-15 15:16:43,90,94,8202,10427
2023-02-15 15:17:10,89,94,8202,10427
2023-02-15 15:17:22,90,94,8202,10427
2023-02-15 15:17:22,91,94,8202,10427
2023-02-15 15:17:54,92,94,8202,10427
2023-02-15 15:17:54,92,96,8202,10427
2023-02-15 15:17:55,91,96,8202,10427
2023-02-15 15:17:55,93,96,8202,10427
2023-02-15 15:19:18,94,96,8202,10427
2023-02-15 15:19:18,94,98,8202,10427
2023-02-15 15:19:29,93,98,8202,10427
2023-02-15 15:19:37,93,97,8202,10427
2023-02-15 15:19:58,94,97,8202,10427
2023-02-15 15:20:01,93,97,8202,10427
2023-02-15 15:20:06,94,97,8202,10427
2023-02-15 15:20:13,93,97,8202,10427
2023-02-15 15:20:49,93,95,8202,10427
2023-02-15 15:20:50,93,94,8202,10427
2023-02-15 15:21:01,93,94,8207,10432
2023-02-15 15:21:11,91,94,8207,10432
2023-02-15 15:21:17,92,94,8207,10432
2023-02-15 15:21:36,93,94,8207,10432
2023-02-15 15:21:37,93,94,8212,10437
2023-02-15 15:21:49,93,95,8212,10437
2023-02-15 15:21:50,93,96,8212,10437
2023-02-15 15:21:59,93,97,8212,10437
2023-02-15 15:22:05,93,96,8212,10437
2023-02-15 15:22:24,93,97,8212,10437
2023-02-15 15:22:36,94,97,8212,10437
2023-02-15 15:22:53,93,97,8212,10437
2023-02-15 15:22:56,94,97,8212,10437
2023-02-15 15:23:26,95,97,8212,10437
2023-02-15 15:23:44,96,97,8212,10437
2023-02-15 15:24:03,94,97,8212,10437
2023-02-15 15:24:05,95,97,8212,10437
2023-02-15 15:25:01,94,97,8212,10437
2023-02-15 15:25:01,96,97,8212,10437
2023-02-15 15:25:58,94,97,8212,10437
2023-02-15 15:26:00,95,97,8212,10437
2023-02-15 15:26:05,94,97,8212,10437
2023-02-15 15:26:09,93,97,8212,10437
2023-02-15 15:26:24,94,97,8212,10437
2023-02-15 15:26:26,93,97,8212,10437
2023-02-15 15:26:28,94,97,8212,10437
2023-02-15 15:26:44,93,97,8212,10437
2023-02-15 15:27:13,94,97,8212,10437
2023-02-15 15:27:27,93,97,8212,10437
2023-02-15 15:27:28,94,97,8212,10437
2023-02-15 15:27:32,93,97,8212,10437
2023-02-15 15:28:00,94,97,8212,10437
2023-02-15 15:28:03,93,97,8212,10437
2023-02-15 15:29:40,94,97,8212,10437
2023-02-15 15:29:50,93,97,8212,10437
2023-02-15 15:30:08,91,97,8212,10437
2023-02-15 15:30:08,91,95,8212,10437
2023-02-15 15:30:11,91,97,8212,10437
2023-02-15 15:30:25,92,95,8212,10437
2023-02-15 15:30:31,91,95,8212,10437
2023-02-15 15:30:32,93,95,8212,10437
2023-02-15 15:30:38,94,95,8212,10437
2023-02-15 15:30:46,93,95,8212,10437
2023-02-15 15:31:05,93,95,8212,10442
2023-02-15 15:31:12,91,95,8212,10442
2023-02-15 15:31:13,90,95,8212,10442
2023-02-15 15:31:30,91,95,8212,10442
2023-02-15 15:31:49,90,95,8212,10442
2023-02-15 15:31:57,91,95,8212,10442
2023-02-15 15:32:12,92,95,8212,10442
2023-02-15 15:32:23,91,95,8212,10442
2023-02-15 15:32:31,92,95,8212,10442
2023-02-15 15:32:33,91,95,8212,10442
2023-02-15 15:32:34,92,95,8212,10442
2023-02-15 15:32:35,91,95,8212,10442
2023-02-15 15:32:45,92,95,8212,10442
2023-02-15 15:32:53,93,95,8212,10442
2023-02-15 15:33:20,93,95,8212,10447
2023-02-15 15:33:29,91,95,8212,10447
2023-02-15 15:34:03,91,94,8212,10447
2023-02-15 15:34:05,90,94,8212,10447
2023-02-15 15:34:11,91,94,8212,10447
2023-02-15 15:34:11,90,94,8212,10447
2023-02-15 15:34:14,91,94,8212,10447
2023-02-15 15:34:23,91,93,8212,10447
2023-02-15 15:34:25,92,93,8212,10447
2023-02-15 15:34:33,91,93,8212,10447
2023-02-15 15:34:33,92,93,8212,10447
2023-02-15 15:34:47,92,94,8212,10547
2023-02-15 15:34:52,91,94,8212,10547
2023-02-15 15:34:56,90,94,8212,10547
2023-02-15 15:35:01,91,94,8212,10547
2023-02-15 15:35:07,92,94,8212,10547
2023-02-15 15:35:26,91,94,8212,10547
2023-02-15 15:35:30,92,94,8212,10547
2023-02-15 15:35:31,91,94,8212,10547
2023-02-15 15:35:36,92,94,8212,10547
2023-02-15 15:35:37,91,94,8212,10547
2023-02-15 15:35:38,92,94,8212,10547
2023-02-15 15:35:58,93,94,8212,10547
2023-02-15 15:36:07,93,99,8320,10745
2023-02-15 15:36:07,93,98,8320,10745
2023-02-15 15:36:08,95,98,8320,10745
2023-02-15 15:36:09,93,98,8320,10745
2023-02-15 15:36:10,94,98,8320,10745
2023-02-15 15:36:11,95,98,8320,10745
2023-02-15 15:36:12,94,95,8320,10760
2023-02-15 15:36:17,94,99,8320,10760
2023-02-15 15:36:18,94,98,8320,10760
2023-02-15 15:36:19,93,98,8320,10760
2023-02-15 15:36:19,94,98,8320,10760
2023-02-15 15:36:26,93,94,8320,10763
2023-02-15 15:36:36,93,98,8320,10763
2023-02-15 15:36:36,93,97,8320,10763
2023-02-15 15:36:47,95,97,8320,10763
2023-02-15 15:36:49,93,95,8320,10778
2023-02-15 15:36:53,93,97,8320,10778
2023-02-15 15:37:00,93,96,8320,10778
2023-02-15 15:37:26,94,96,8320,10778
2023-02-15 15:37:27,93,96,8320,10778
2023-02-15 15:37:28,94,96,8320,10778
2023-02-15 15:37:37,93,96,8320,10778
2023-02-15 15:37:40,94,96,8320,10778
2023-02-15 15:38:07,93,96,8320,10778
2023-02-15 15:38:12,94,96,8320,10778
2023-02-15 15:38:19,93,96,8320,10778
2023-02-15 15:38:24,94,96,8320,10778
2023-02-15 15:38:30,93,96,8320,10778
2023-02-15 15:38:32,91,96,8320,10778
2023-02-15 15:38:36,92,96,8320,10778
2023-02-15 15:38:42,91,96,8320,10778
2023-02-15 15:38:48,96,97,8370,10828
2023-02-15 15:38:50,91,96,8420,10878
2023-02-15 15:38:53,92,96,8420,10878
2023-02-15 15:39:03,92,97,8420,10878
2023-02-15 15:39:03,91,97,8420,10878
2023-02-15 15:39:20,92,97,8420,10878
2023-02-15 15:39:55,92,96,8420,10878
2023-02-15 15:40:18,90,96,8520,10978
2023-02-15 15:40:43,91,96,8520,10978
2023-02-15 15:40:47,90,96,8520,10978
2023-02-15 15:40:50,91,96,8520,10978
2023-02-15 15:40:53,90,96,8520,10978
2023-02-15 15:40:53,92,96,8520,10978
2023-02-15 15:41:02,91,96,8520,10978
2023-02-15 15:41:05,94,96,8520,10978
2023-02-15 15:41:09,93,96,8520,10978
2023-02-15 15:41:10,94,96,8520,10978
2023-02-15 15:41:22,93,96,8520,10978
2023-02-15 15:41:22,95,96,8520,10978
2023-02-15 15:41:29,95,97,8608,11066
2023-02-15 15:41:29,93,97,8608,11066
2023-02-15 15:41:29,96,97,8608,11066
2023-02-15 15:41:35,96,97,8608,11085
2023-02-15 15:41:38,96,97,8598,11095
2023-02-15 15:42:01,96,97,8598,11145
2023-02-15 15:42:06,96,97,8558,11185
2023-02-15 15:42:08,93,97,8558,11185
2023-02-15 15:42:09,95,97,8558,11185
2023-02-15 15:42:10,93,97,8558,11185
2023-02-15 15:42:17,93,98,8558,11185
2023-02-15 15:42:18,95,98,8558,11185
2023-02-15 15:42:22,93,98,8558,11185
2023-02-15 15:42:34,94,98,8558,11185
2023-02-15 15:42:51,96,98,8558,11185
2023-02-15 15:43:25,94,98,8658,11285
2023-02-15 15:43:27,94,97,8658,11285
2023-02-15 15:44:09,94,98,8658,11285
2023-02-15 15:44:12,95,98,8658,11285
2023-02-15 15:45:59,96,98,8658,11285
2023-02-15 15:46:03,96,97,8658,11285
2023-02-15 15:46:05,92,97,8458,11485
2023-02-15 15:46:29,93,97,8458,11485
2023-02-15 15:46:52,92,97,8458,11685
2023-02-15 15:47:04,91,97,8458,11685
2023-02-15 15:47:05,91,96,8458,11685
2023-02-15 15:47:22,91,95,8458,11685
2023-02-15 15:47:22,90,95,8468,11695
2023-02-15 15:47:22,89,95,8468,11695
2023-02-15 15:47:22,89,92,8468,11695
2023-02-15 15:47:31,89,94,8468,11695
2023-02-15 15:47:35,89,93,8468,11695
2023-02-15 15:47:52,89,94,8468,11695
2023-02-15 15:48:06,91,94,8468,11695
2023-02-15 15:48:10,91,97,8468,11695
2023-02-15 15:48:10,91,96,8468,11695
2023-02-15 15:48:20,93,96,8468,11695
2023-02-15 15:48:37,91,96,8468,11695
2023-02-15 15:48:55,91,95,8468,11695
2023-02-15 15:48:57,91,96,8468,11695
2023-02-15 15:48:58,91,95,8468,11695
2023-02-15 15:48:59,91,96,8468,11695
2023-02-15 15:49:04,93,96,8468,11695
2023-02-15 15:49:05,91,96,8468,11695
2023-02-15 15:49:11,92,96,8468,11695
2023-02-15 15:49:13,93,96,8468,11695
2023-02-15 15:49:19,92,96,8468,11695
2023-02-15 15:49:25,93,96,8468,11695
2023-02-15 15:49:41,96,98,8468,11705
2023-02-15 15:49:41,93,98,8508,11745
2023-02-15 15:49:41,93,97,8508,11745
2023-02-15 15:50:01,93,96,8508,11745
2023-02-15 15:50:02,92,93,8588,11825
2023-02-15 15:50:06,76,92,8593,11830
2023-02-15 15:50:17,62,92,8593,11830
2023-02-15 15:50:17,63,92,8593,11830
2023-02-15 15:50:18,78,92,8593,11830
2023-02-15 15:50:34,62,92,8593,11830
2023-02-15 15:50:34,76,92,8593,11830
2023-02-15 15:50:47,74,92,8593,11830
2023-02-15 15:51:00,76,92,8593,11830
2023-02-15 15:51:01,79,92,8593,11830
2023-02-15 15:51:22,80,92,8593,11830
2023-02-15 15:51:36,85,92,8593,11830
2023-02-15 15:51:41,85,98,8593,11830
2023-02-15 15:52:05,86,98,8593,11830
2023-02-15 15:52:28,96,98,8593,11830
2023-02-15 15:52:30,96,99,8593,11855
2023-02-15 15:53:01,96,100,9149,12511
2023-02-15 15:53:17,99,100,9149,12511
2023-02-15 15:53:46,96,99,9174,12536
2023-02-15 15:54:02,96,100,9174,12661
2023-02-15 15:54:08,96,100,9174,12732
2023-02-15 15:54:24,99,100,9174,12732
2023-02-15 15:54:33,96,99,9174,12762
2023-02-15 15:55:11,84,100,9174,12762
2023-02-15 15:55:31,96,100,9174,12762
2023-02-15 15:57:25,84,100,9234,12822
2023-02-15 15:57:37,84,99,9234,12822
2023-02-15 15:58:52,84,99,9374,12962
