datetime,bid,ask,open_interest,volume
2023-12-11 09:30:01,32,45,2,2
2023-12-11 09:30:54,32,44,2,2
2023-12-11 09:30:54,32,41,2,2
2023-12-11 09:31:00,36,41,2,2
2023-12-11 09:31:00,36,39,2,2
2023-12-11 09:31:00,37,39,2,2
2023-12-11 09:31:04,36,39,2,2
2023-12-11 09:31:10,37,39,2,2
2023-12-11 09:31:11,36,39,202,202
2023-12-11 09:31:12,36,38,202,202
2023-12-11 09:31:16,36,38,452,452
2023-12-11 09:31:26,35,38,452,452
2023-12-11 09:31:42,36,38,452,452
2023-12-11 09:31:45,35,38,452,452
2023-12-11 09:32:04,35,37,452,452
2023-12-11 09:32:17,35,38,52,852
2023-12-11 09:32:23,36,38,52,852
2023-12-11 09:32:30,35,38,52,852
2023-12-11 09:32:32,35,37,52,852
2023-12-11 09:32:39,35,38,52,852
2023-12-11 09:32:42,36,38,52,852
2023-12-11 09:32:44,35,38,52,852
2023-12-11 09:32:45,36,38,52,852
2023-12-11 09:32:46,35,38,52,852
2023-12-11 09:32:50,36,38,52,852
2023-12-11 09:32:51,35,38,52,852
2023-12-11 09:32:54,36,38,52,852
2023-12-11 09:33:10,35,38,52,852
2023-12-11 09:33:15,35,37,52,852
2023-12-11 09:33:16,35,37,232,1032
2023-12-11 09:33:17,34,37,232,1032
2023-12-11 09:33:23,34,36,232,1032
2023-12-11 09:33:27,34,36,347,1147
2023-12-11 09:33:33,34,36,372,1172
2023-12-11 09:33:45,34,35,372,1172
2023-12-11 09:33:55,33,35,372,1172
2023-12-11 09:33:57,33,34,372,1172
2023-12-11 09:34:00,32,34,372,1172
2023-12-11 09:34:06,32,33,372,1172
2023-12-11 09:34:07,31,33,377,1177
2023-12-11 09:34:10,31,32,377,1177
2023-12-11 09:34:13,31,33,377,1177
2023-12-11 09:34:14,31,32,377,1177
2023-12-11 09:34:16,30,32,377,1177
2023-12-11 09:34:20,30,31,377,1177
2023-12-11 09:34:20,30,31,518,1318
2023-12-11 09:34:21,29,31,518,1318
2023-12-11 09:34:31,29,30,518,1318
2023-12-11 09:34:33,28,30,518,1318
2023-12-11 09:34:47,29,30,518,1318
2023-12-11 09:34:48,29,31,518,1318
2023-12-11 09:34:50,29,32,467,1518
2023-12-11 09:34:50,29,33,467,1518
2023-12-11 09:34:50,30,33,467,1518
2023-12-11 09:34:52,31,33,467,1518
2023-12-11 09:34:52,30,33,522,1573
2023-12-11 09:34:53,31,33,522,1573
2023-12-11 09:34:54,32,33,522,1573
2023-12-11 09:34:56,32,34,522,1573
2023-12-11 09:34:58,33,34,522,1573
2023-12-11 09:35:01,33,35,522,1573
2023-12-11 09:35:15,32,35,522,1573
2023-12-11 09:35:16,32,35,522,1573
2023-12-11 09:35:20,33,35,522,1573
2023-12-11 09:35:25,34,35,522,1573
2023-12-11 09:35:30,34,36,522,1573
2023-12-11 09:35:35,35,36,522,1573
2023-12-11 09:35:41,35,37,522,1573
2023-12-11 09:35:55,36,37,522,1573
2023-12-11 09:35:56,36,37,711,2128
2023-12-11 09:35:57,36,38,711,2128
2023-12-11 09:36:11,36,37,711,2128
2023-12-11 09:36:13,36,38,711,2128
2023-12-11 09:36:14,36,37,711,2128
2023-12-11 09:36:17,36,38,711,2128
2023-12-11 09:36:19,36,37,711,2128
2023-12-11 09:36:19,36,37,711,2248
2023-12-11 09:36:23,36,38,711,2248
2023-12-11 09:36:35,35,38,711,2248
2023-12-11 09:36:36,35,37,711,2248
2023-12-11 09:36:41,35,37,842,2448
2023-12-11 09:36:56,34,37,842,2448
2023-12-11 09:37:00,34,36,842,2448
2023-12-11 09:37:12,34,35,842,2448
2023-12-11 09:37:12,33,35,842,2448
2023-12-11 09:37:16,33,34,842,2448
2023-12-11 09:37:18,33,35,842,2448
2023-12-11 09:37:18,33,34,842,2448
2023-12-11 09:37:21,32,34,842,2448
2023-12-11 09:37:27,32,33,842,2448
2023-12-11 09:37:29,32,33,902,2508
2023-12-11 09:37:31,31,33,902,2508
2023-12-11 09:37:43,31,34,902,2508
2023-12-11 09:37:49,32,34,902,2508
2023-12-11 09:37:55,32,35,902,2508
2023-12-11 09:37:57,33,35,902,2508
2023-12-11 09:38:07,32,35,902,2508
2023-12-11 09:38:07,32,34,902,2508
2023-12-11 09:38:08,31,34,902,2508
2023-12-11 09:38:08,31,33,902,2508
2023-12-11 09:38:20,31,32,902,2508
2023-12-11 09:38:25,30,32,902,2508
2023-12-11 09:38:32,30,33,902,2508
2023-12-11 09:38:33,31,33,902,2508
2023-12-11 09:38:37,30,33,902,2508
2023-12-11 09:38:43,30,32,902,2508
2023-12-11 09:38:45,30,33,902,2508
2023-12-11 09:38:55,30,32,902,2508
2023-12-11 09:39:00,30,31,902,2508
2023-12-11 09:39:04,29,31,902,2508
2023-12-11 09:40:05,29,32,902,2508
2023-12-11 09:40:05,30,32,902,2508
2023-12-11 09:40:06,30,33,902,2508
2023-12-11 09:40:07,31,33,902,2508
2023-12-11 09:40:09,30,33,902,2508
2023-12-11 09:40:11,30,32,902,2508
2023-12-11 09:40:12,29,32,902,2508
2023-12-11 09:40:31,30,32,902,2508
2023-12-11 09:40:33,30,33,902,2508
2023-12-11 09:40:33,31,33,902,2508
2023-12-11 09:40:46,30,33,902,2508
2023-12-11 09:40:54,31,33,902,2508
2023-12-11 09:41:02,30,33,902,2508
2023-12-11 09:41:03,30,32,902,2508
2023-12-11 09:41:10,30,33,902,2508
2023-12-11 09:41:11,31,33,902,2508
2023-12-11 09:41:12,30,33,902,2508
2023-12-11 09:41:15,30,32,902,2508
2023-12-11 09:41:17,29,32,902,2508
2023-12-11 09:41:17,30,32,902,2508
2023-12-11 09:41:21,29,32,902,2508
2023-12-11 09:41:24,29,31,902,2508
2023-12-11 09:41:26,29,30,902,2508
2023-12-11 09:41:27,29,30,962,2568
2023-12-11 09:41:28,29,30,1082,2688
2023-12-11 09:41:29,28,30,1082,2688
2023-12-11 09:41:30,28,29,1082,2688
2023-12-11 09:41:32,28,29,1182,2788
2023-12-11 09:41:37,27,29,1182,2788
2023-12-11 09:41:41,27,28,1182,2788
2023-12-11 09:41:47,26,28,1182,2788
2023-12-11 09:41:54,26,29,1182,2988
2023-12-11 09:41:55,27,29,1182,2988
2023-12-11 09:41:56,27,30,1182,2988
2023-12-11 09:41:57,27,29,1182,2988
2023-12-11 09:42:00,27,30,1182,2988
2023-12-11 09:42:02,28,30,1182,2988
2023-12-11 09:42:03,29,30,1182,2988
2023-12-11 09:42:04,29,31,1242,3048
2023-12-11 09:42:06,29,32,1242,3048
2023-12-11 09:42:06,30,32,1242,3048
2023-12-11 09:42:11,29,32,1242,3048
2023-12-11 09:42:12,29,31,1242,3048
2023-12-11 09:42:13,29,32,1242,3048
2023-12-11 09:42:16,29,31,1242,3048
2023-12-11 09:42:34,29,32,1242,3048
2023-12-11 09:42:35,29,31,1242,3048
2023-12-11 09:42:36,29,32,1242,3048
2023-12-11 09:42:38,29,31,1242,3048
2023-12-11 09:42:43,28,31,1242,3048
2023-12-11 09:42:43,28,30,1242,3048
2023-12-11 09:42:49,27,30,1242,3048
2023-12-11 09:42:50,28,30,1242,3048
2023-12-11 09:42:51,27,30,1242,3048
2023-12-11 09:42:53,28,30,1242,3048
2023-12-11 09:42:55,28,31,1242,3048
2023-12-11 09:43:01,29,31,1242,3048
2023-12-11 09:43:02,29,32,1242,3048
2023-12-11 09:43:05,30,32,1242,3048
2023-12-11 09:43:38,29,32,1242,3048
2023-12-11 09:43:39,29,32,1242,3048
2023-12-11 09:43:39,29,31,1242,3048
2023-12-11 09:43:41,29,32,1242,3048
2023-12-11 09:43:49,29,31,1242,3048
2023-12-11 09:43:49,29,30,1242,3048
2023-12-11 09:43:51,29,31,1242,3048
2023-12-11 09:43:51,30,31,1242,3048
2023-12-11 09:43:51,30,31,1302,3108
2023-12-11 09:43:55,30,32,1302,3108
2023-12-11 09:44:01,31,32,1302,3108
2023-12-11 09:44:03,31,33,1302,3108
2023-12-11 09:44:09,31,32,1302,3108
2023-12-11 09:44:13,30,32,1302,3108
2023-12-11 09:44:19,29,32,1302,3108
2023-12-11 09:44:19,29,31,1302,3108
2023-12-11 09:44:24,30,31,1302,3108
2023-12-11 09:44:25,30,32,1302,3108
2023-12-11 09:44:45,30,31,1302,3108
2023-12-11 09:44:46,29,31,1302,3108
2023-12-11 09:45:01,30,31,1302,3108
2023-12-11 09:45:01,30,31,1362,3168
2023-12-11 09:45:02,29,31,1362,3168
2023-12-11 09:45:07,29,30,1362,3168
2023-12-11 09:45:11,29,31,1362,3228
2023-12-11 09:45:24,28,31,1362,3228
2023-12-11 09:45:24,28,30,1362,3228
2023-12-11 09:45:30,28,31,1362,3228
2023-12-11 09:45:35,28,30,1362,3228
2023-12-11 09:45:42,28,29,1362,3228
2023-12-11 09:45:44,28,29,1474,3340
2023-12-11 09:45:54,28,30,1474,3340
2023-12-11 09:46:06,29,30,1474,3340
2023-12-11 09:46:06,29,31,1474,3340
2023-12-11 09:46:09,28,31,1474,3340
2023-12-11 09:46:09,28,30,1474,3340
2023-12-11 09:46:11,28,31,1474,3340
2023-12-11 09:46:13,28,30,1474,3340
2023-12-11 09:46:23,27,30,1474,3340
2023-12-11 09:46:29,27,29,1474,3340
2023-12-11 09:46:30,27,28,1474,3340
2023-12-11 09:46:30,27,28,1534,3400
2023-12-11 09:46:32,26,28,1534,3400
2023-12-11 09:46:33,26,27,1534,3400
2023-12-11 09:46:34,26,28,1534,3400
2023-12-11 09:46:36,26,27,1534,3400
2023-12-11 09:46:37,26,27,1654,3520
2023-12-11 09:46:38,26,28,1654,3520
2023-12-11 09:46:52,27,28,1654,3520
2023-12-11 09:46:53,27,28,1654,3770
2023-12-11 09:46:53,27,29,1654,3770
2023-12-11 09:46:54,27,30,1654,3770
2023-12-11 09:46:54,28,30,1654,3770
2023-12-11 09:46:57,28,29,1654,3770
2023-12-11 09:46:59,28,30,1654,3770
2023-12-11 09:47:03,28,31,1654,3770
2023-12-11 09:47:06,28,30,1654,3770
2023-12-11 09:47:11,28,29,1654,3770
2023-12-11 09:47:13,27,29,1654,3770
2023-12-11 09:47:27,26,29,1654,3770
2023-12-11 09:47:28,26,28,1654,3770
2023-12-11 09:47:41,26,27,1654,3770
2023-12-11 09:47:41,26,27,1799,3915
2023-12-11 09:47:43,25,27,1799,3915
2023-12-11 09:47:44,25,27,1859,3975
2023-12-11 09:47:49,24,27,1859,3975
2023-12-11 09:47:49,24,26,1859,3975
2023-12-11 09:47:56,24,25,1859,3975
2023-12-11 09:47:56,24,25,1904,4020
2023-12-11 09:47:58,24,25,1964,4080
2023-12-11 09:48:01,24,26,1964,4080
2023-12-11 09:48:13,24,25,1964,4080
2023-12-11 09:48:17,24,26,1964,4080
2023-12-11 09:48:33,24,27,1964,4080
2023-12-11 09:48:34,25,27,1964,4080
2023-12-11 09:48:46,25,28,1964,4280
2023-12-11 09:48:46,26,28,1964,4280
2023-12-11 09:49:03,26,27,1964,4280
2023-12-11 09:49:06,26,28,1964,4280
2023-12-11 09:49:07,25,28,1964,4280
2023-12-11 09:49:10,25,27,1964,4280
2023-12-11 09:49:19,24,27,1964,4280
2023-12-11 09:49:24,25,27,1964,4280
2023-12-11 09:49:25,25,28,1964,4280
2023-12-11 09:49:30,26,28,1964,4280
2023-12-11 09:49:33,25,28,1964,4280
2023-12-11 09:49:37,26,28,1964,4280
2023-12-11 09:49:40,26,29,1964,4280
2023-12-11 09:49:41,26,28,1964,4280
2023-12-11 09:49:42,26,29,1964,4280
2023-12-11 09:49:45,26,28,1964,4280
2023-12-11 09:49:46,26,29,1964,4280
2023-12-11 09:49:46,26,28,1964,4280
2023-12-11 09:49:47,26,27,1964,4280
2023-12-11 09:49:50,26,27,1998,4314
2023-12-11 09:49:50,26,28,2072,4388
2023-12-11 09:49:50,27,28,2072,4388
2023-12-11 09:49:50,27,29,2072,4388
2023-12-11 09:50:09,27,29,2177,4493
2023-12-11 09:50:13,27,29,2204,4520
2023-12-11 09:50:15,27,28,2204,4520
2023-12-11 09:50:15,26,28,2306,4622
2023-12-11 09:50:24,25,28,2306,4622
2023-12-11 09:50:29,25,27,2306,4622
2023-12-11 09:50:41,25,28,2306,4622
2023-12-11 09:50:42,25,27,2306,4622
2023-12-11 09:50:45,25,28,2306,4622
2023-12-11 09:50:56,26,28,2306,4622
2023-12-11 09:50:57,26,29,2306,4622
2023-12-11 09:51:02,26,28,2306,4622
2023-12-11 09:51:07,25,28,2306,4622
2023-12-11 09:51:14,26,28,2306,4622
2023-12-11 09:51:17,25,28,2306,4622
2023-12-11 09:51:21,26,28,2306,4622
2023-12-11 09:51:29,26,29,2306,4622
2023-12-11 09:51:31,27,29,2306,4622
2023-12-11 09:51:34,28,29,2306,4622
2023-12-11 09:51:34,28,29,2374,4690
2023-12-11 09:51:34,28,30,2374,4890
2023-12-11 09:51:37,28,29,2374,4890
2023-12-11 09:51:46,28,29,2533,5049
2023-12-11 09:51:52,27,29,2533,5049
2023-12-11 09:51:55,27,28,2533,5049
2023-12-11 09:51:56,27,29,2533,5049
2023-12-11 09:52:01,27,28,2533,5049
2023-12-11 09:52:04,27,29,2533,5049
2023-12-11 09:52:12,27,28,2533,5049
2023-12-11 09:52:28,27,28,2646,5162
2023-12-11 09:52:29,27,29,2646,5162
2023-12-11 09:52:29,27,29,2733,5249
2023-12-11 09:52:31,27,28,2733,5249
2023-12-11 09:52:32,26,28,2733,5249
2023-12-11 09:52:38,27,28,2733,5249
2023-12-11 09:52:40,26,29,2733,5249
2023-12-11 09:52:40,26,28,2733,5249
2023-12-11 09:52:43,27,28,2733,5249
2023-12-11 09:52:44,26,28,2733,5249
2023-12-11 09:52:53,26,27,2733,5249
2023-12-11 09:52:54,26,28,2733,5249
2023-12-11 09:52:56,26,27,2733,5249
2023-12-11 09:53:06,25,27,2733,5249
2023-12-11 09:53:09,25,26,2733,5249
2023-12-11 09:53:11,25,26,2793,5309
2023-12-11 09:53:18,24,26,2793,5309
2023-12-11 09:53:18,24,25,2793,5309
2023-12-11 09:53:27,23,25,2793,5309
2023-12-11 09:53:27,23,24,2793,5309
2023-12-11 09:53:28,23,25,2793,5309
2023-12-11 09:53:34,23,24,2793,5309
2023-12-11 09:53:35,23,24,2853,5369
2023-12-11 09:53:39,22,24,2853,5369
2023-12-11 09:53:39,22,23,2853,5369
2023-12-11 09:53:40,22,24,2853,5437
2023-12-11 09:54:07,22,25,2853,5437
2023-12-11 09:54:08,23,25,2853,5437
2023-12-11 09:54:09,24,25,2853,5437
2023-12-11 09:54:14,24,26,2973,5557
2023-12-11 09:54:18,24,27,2973,5557
2023-12-11 09:54:19,24,26,2973,5557
2023-12-11 09:54:25,24,27,2973,5757
2023-12-11 09:54:27,24,26,2973,5757
2023-12-11 09:54:31,24,27,2973,5757
2023-12-11 09:54:37,24,26,2973,5757
2023-12-11 09:54:39,24,25,2973,5757
2023-12-11 09:54:43,24,26,3116,5900
2023-12-11 09:54:43,24,25,3116,5900
2023-12-11 09:54:45,24,26,3116,5900
2023-12-11 09:54:45,24,25,3116,5900
2023-12-11 09:54:46,24,26,3444,6228
2023-12-11 09:54:46,24,27,3444,6228
2023-12-11 09:54:46,24,26,3444,6228
2023-12-11 09:54:46,24,25,3444,6228
2023-12-11 09:54:46,24,26,3444,6228
2023-12-11 09:54:50,24,27,3444,6228
2023-12-11 09:54:51,24,26,3444,6228
2023-12-11 09:54:54,25,26,3444,6228
2023-12-11 09:54:54,25,27,3444,6228
2023-12-11 09:55:02,26,27,3444,6228
2023-12-11 09:55:06,26,29,3444,6228
2023-12-11 09:55:06,27,29,3444,6228
2023-12-11 09:55:10,26,29,3444,6228
2023-12-11 09:55:11,26,28,3444,6228
2023-12-11 09:55:13,26,29,3444,6228
2023-12-11 09:55:14,26,28,3444,6228
2023-12-11 09:55:15,26,29,3444,6228
2023-12-11 09:55:16,27,29,3444,6228
2023-12-11 09:55:16,28,29,3444,6228
2023-12-11 09:55:29,28,30,3444,6428
2023-12-11 09:56:12,29,30,3444,6428
2023-12-11 09:56:15,28,30,3444,6428
2023-12-11 09:56:34,27,30,3444,6428
2023-12-11 09:56:34,27,29,3444,6428
2023-12-11 09:56:38,27,30,3444,6428
2023-12-11 09:56:41,28,30,3444,6428
2023-12-11 09:56:59,28,29,3444,6428
2023-12-11 09:57:00,28,30,3444,6428
2023-12-11 09:57:18,29,30,3444,6428
2023-12-11 09:57:19,29,31,3444,6428
2023-12-11 09:57:28,30,31,3444,6428
2023-12-11 09:57:33,30,32,3444,6428
2023-12-11 09:57:35,30,33,3444,6428
2023-12-11 09:57:36,31,33,3444,6428
2023-12-11 09:57:38,30,33,3444,6428
2023-12-11 09:57:52,30,32,3444,6428
2023-12-11 09:57:55,30,31,3444,6428
2023-12-11 09:58:05,29,31,3444,6428
2023-12-11 09:58:06,28,31,3444,6428
2023-12-11 09:58:06,28,30,3444,6428
2023-12-11 09:58:09,28,31,3444,6428
2023-12-11 09:58:11,28,30,3444,6428
2023-12-11 09:58:28,28,29,3444,6428
2023-12-11 09:58:29,27,29,3444,6428
2023-12-11 09:58:29,27,28,3444,6428
2023-12-11 09:58:45,27,29,3444,6428
2023-12-11 09:58:53,27,28,3444,6428
2023-12-11 09:58:55,26,28,3444,6628
2023-12-11 09:59:09,26,27,3444,6628
2023-12-11 09:59:10,26,27,3567,6751
2023-12-11 09:59:11,25,27,3567,6751
2023-12-11 09:59:14,25,26,3567,6751
2023-12-11 09:59:14,25,26,3603,6787
2023-12-11 09:59:16,24,26,3603,6787
2023-12-11 09:59:30,23,26,3603,6787
2023-12-11 09:59:30,23,25,3603,6787
2023-12-11 09:59:45,23,24,3603,6787
2023-12-11 09:59:56,23,25,3603,6787
2023-12-11 09:59:57,23,24,3603,6787
2023-12-11 10:00:00,22,24,3603,6787
2023-12-11 10:00:00,22,23,3603,6787
2023-12-11 10:00:04,22,24,3783,6967
2023-12-11 10:00:05,22,25,3783,6967
2023-12-11 10:00:05,22,24,3783,6967
2023-12-11 10:00:07,22,25,3783,6967
2023-12-11 10:00:08,23,25,3783,6967
2023-12-11 10:00:09,23,26,3783,6967
2023-12-11 10:00:10,24,26,3783,6967
2023-12-11 10:00:30,24,27,3783,6967
2023-12-11 10:00:35,24,26,3783,6967
2023-12-11 10:00:41,23,26,3783,6967
2023-12-11 10:00:41,23,25,3783,6967
2023-12-11 10:00:44,22,25,3783,6967
2023-12-11 10:00:53,22,24,3783,6967
2023-12-11 10:01:19,23,24,3783,6967
2023-12-11 10:01:20,23,26,3783,6967
2023-12-11 10:01:22,24,27,3783,6967
2023-12-11 10:01:24,24,26,3783,6967
2023-12-11 10:01:32,23,26,3783,6967
2023-12-11 10:01:32,23,25,3783,6967
2023-12-11 10:01:40,22,25,3783,6967
2023-12-11 10:01:41,23,25,3783,6967
2023-12-11 10:02:00,24,25,3783,6967
2023-12-11 10:02:00,24,26,3783,6967
2023-12-11 10:02:06,24,27,3783,6967
2023-12-11 10:02:10,25,27,3783,6967
2023-12-11 10:02:12,24,27,3783,6967
2023-12-11 10:02:13,24,26,3783,6967
2023-12-11 10:02:32,24,25,3783,6967
2023-12-11 10:02:39,24,26,4111,7295
2023-12-11 10:02:39,24,25,4111,7295
2023-12-11 10:02:40,24,26,4111,7295
2023-12-11 10:02:41,24,27,4111,7295
2023-12-11 10:02:42,25,27,4111,7295
2023-12-11 10:02:53,26,27,4111,7295
2023-12-11 10:02:53,26,28,4111,7295
2023-12-11 10:03:00,25,28,4111,7295
2023-12-11 10:03:00,25,27,4111,7295
2023-12-11 10:03:07,25,28,4111,7295
2023-12-11 10:03:07,26,28,4111,7295
2023-12-11 10:03:43,25,28,4111,7295
2023-12-11 10:03:45,26,28,4111,7295
2023-12-11 10:03:58,25,28,4111,7295
2023-12-11 10:04:01,24,27,4111,7295
2023-12-11 10:04:04,25,27,4111,7295
2023-12-11 10:04:05,24,27,4111,7295
2023-12-11 10:04:07,25,27,4111,7295
2023-12-11 10:04:12,24,27,4111,7295
2023-12-11 10:04:12,24,26,4111,7295
2023-12-11 10:04:17,24,27,4111,7295
2023-12-11 10:04:18,25,27,4111,7295
2023-12-11 10:04:20,25,28,4111,7295
2023-12-11 10:04:24,25,27,4111,7295
2023-12-11 10:04:25,25,28,4111,7295
2023-12-11 10:04:27,25,27,4111,7295
2023-12-11 10:04:28,25,28,4111,7295
2023-12-11 10:04:31,25,27,4111,7295
2023-12-11 10:04:39,24,27,4111,7295
2023-12-11 10:04:45,24,26,4111,7295
2023-12-11 10:04:51,24,25,4111,7295
2023-12-11 10:04:55,24,25,4171,7355
2023-12-11 10:05:03,23,25,4171,7355
2023-12-11 10:05:10,24,25,4171,7355
2023-12-11 10:05:11,23,26,4171,7355
2023-12-11 10:05:19,24,26,4171,7355
2023-12-11 10:05:25,23,26,4171,7355
2023-12-11 10:05:29,23,25,4171,7355
2023-12-11 10:05:31,23,24,4171,7355
2023-12-11 10:05:49,23,24,4335,7519
2023-12-11 10:05:50,22,24,4335,7519
2023-12-11 10:05:56,21,24,4335,7519
2023-12-11 10:05:56,21,23,4335,7519
2023-12-11 10:05:57,21,22,4335,7519
2023-12-11 10:05:58,20,22,4335,7519
2023-12-11 10:06:01,20,23,4335,7519
2023-12-11 10:06:01,20,22,4335,7519
2023-12-11 10:06:07,20,22,4397,7581
2023-12-11 10:06:13,20,21,4397,7581
2023-12-11 10:06:34,20,21,4410,7594
2023-12-11 10:06:45,20,22,4410,7594
2023-12-11 10:06:57,20,21,4410,7594
2023-12-11 10:07:07,20,22,4410,7594
2023-12-11 10:07:21,20,23,4410,7594
2023-12-11 10:07:28,20,23,4410,7594
2023-12-11 10:07:29,20,22,4410,7594
2023-12-11 10:07:50,20,23,4410,7594
2023-12-11 10:08:16,21,22,4410,7594
2023-12-11 10:08:19,20,22,4410,7594
2023-12-11 10:09:04,20,23,4410,7594
2023-12-11 10:09:04,21,23,4410,7594
2023-12-11 10:09:21,21,24,4410,7594
2023-12-11 10:09:24,22,24,4410,7594
2023-12-11 10:09:28,22,23,4410,7594
2023-12-11 10:09:35,21,23,4410,7594
2023-12-11 10:09:48,21,22,4410,7594
2023-12-11 10:09:50,20,22,4410,7594
2023-12-11 10:10:01,20,21,4410,7594
2023-12-11 10:10:03,20,21,4612,7796
2023-12-11 10:10:13,20,22,4612,7796
2023-12-11 10:10:22,20,22,4622,7806
2023-12-11 10:10:25,20,23,4622,7806
2023-12-11 10:10:26,21,23,4622,7806
2023-12-11 10:10:37,21,24,4622,7806
2023-12-11 10:10:40,22,24,4622,7806
2023-12-11 10:10:42,21,24,4622,7806
2023-12-11 10:10:48,22,24,4622,7806
2023-12-11 10:10:57,21,24,4622,7806
2023-12-11 10:10:59,21,23,4622,7806
2023-12-11 10:11:13,21,24,4622,7806
2023-12-11 10:11:14,22,24,4622,7806
2023-12-11 10:11:33,21,24,4622,7806
2023-12-11 10:11:40,21,23,4622,7806
2023-12-11 10:11:44,20,23,4622,7806
2023-12-11 10:11:44,20,22,4622,7806
2023-12-11 10:11:50,20,21,4622,7806
2023-12-11 10:11:55,20,22,4622,7806
2023-12-11 10:12:45,20,21,4622,7806
2023-12-11 10:12:52,19,21,4622,7806
2023-12-11 10:12:57,19,22,4622,7806
2023-12-11 10:12:57,20,22,4622,7806
2023-12-11 10:13:02,19,22,4622,7806
2023-12-11 10:13:02,19,21,4622,7806
2023-12-11 10:13:15,20,21,4622,7806
2023-12-11 10:13:28,19,22,4622,7806
2023-12-11 10:13:32,19,21,4622,7806
2023-12-11 10:13:51,19,20,4622,7806
2023-12-11 10:13:58,19,21,4622,7806
2023-12-11 10:14:03,19,20,4622,7806
2023-12-11 10:14:08,18,20,4622,7806
2023-12-11 10:14:35,18,21,4622,7806
2023-12-11 10:14:36,19,21,4622,7806
2023-12-11 10:15:06,19,22,4622,7806
2023-12-11 10:15:10,19,21,4622,7806
2023-12-11 10:15:23,20,21,4622,7806
2023-12-11 10:15:23,20,21,4622,7888
2023-12-11 10:15:23,19,21,4622,7888
2023-12-11 10:15:36,20,21,4622,7888
2023-12-11 10:15:36,20,21,4622,8004
2023-12-11 10:15:36,19,21,4622,8004
2023-12-11 10:15:37,20,21,4622,8004
2023-12-11 10:15:38,20,22,4622,8004
2023-12-11 10:15:39,19,22,4622,8004
2023-12-11 10:15:40,20,22,4622,8004
2023-12-11 10:15:54,19,22,4622,8004
2023-12-11 10:15:56,20,22,4622,8004
2023-12-11 10:15:57,19,22,4622,8004
2023-12-11 10:16:00,20,22,4622,8004
2023-12-11 10:16:13,20,21,4622,8004
2023-12-11 10:16:13,19,21,4622,8004
2023-12-11 10:16:18,19,22,4622,8004
2023-12-11 10:16:27,19,21,4622,8004
2023-12-11 10:16:39,19,22,4622,8266
2023-12-11 10:16:40,20,22,4622,8266
2023-12-11 10:16:53,19,22,4622,8266
2023-12-11 10:16:57,19,21,4622,8266
2023-12-11 10:16:59,19,22,4622,8266
2023-12-11 10:17:05,19,21,4622,8266
2023-12-11 10:17:10,19,22,4622,8266
2023-12-11 10:17:10,19,21,4622,8266
2023-12-11 10:17:37,19,22,4622,8266
2023-12-11 10:17:38,20,22,4622,8266
2023-12-11 10:17:43,20,23,4622,8266
2023-12-11 10:17:44,21,23,4622,8266
2023-12-11 10:17:46,21,24,4622,8266
2023-12-11 10:17:49,22,24,4622,8266
2023-12-11 10:18:17,23,24,4622,8266
2023-12-11 10:18:17,23,25,4622,8266
2023-12-11 10:18:17,23,25,4799,8443
2023-12-11 10:18:22,23,26,4799,8620
2023-12-11 10:18:22,24,26,4799,8620
2023-12-11 10:18:24,23,26,4799,8620
2023-12-11 10:18:26,24,26,4799,8620
2023-12-11 10:18:42,23,26,4799,8620
2023-12-11 10:18:43,23,25,4799,8620
2023-12-11 10:18:56,22,25,4799,8620
2023-12-11 10:18:56,22,24,4799,8620
2023-12-11 10:19:05,21,24,4799,8620
2023-12-11 10:19:09,21,24,4799,8620
2023-12-11 10:19:12,22,24,4799,8620
2023-12-11 10:19:16,21,24,4799,8620
2023-12-11 10:19:20,22,24,4799,8620
2023-12-11 10:19:30,21,24,4799,8620
2023-12-11 10:19:32,21,23,4799,8620
2023-12-11 10:19:39,21,24,4799,8620
2023-12-11 10:19:40,21,23,4799,8620
2023-12-11 10:19:45,21,24,4799,8620
2023-12-11 10:19:54,21,23,4799,8620
2023-12-11 10:19:55,21,24,4799,8620
2023-12-11 10:19:55,21,23,4799,8620
2023-12-11 10:19:56,21,24,4799,8620
2023-12-11 10:19:57,21,23,4799,8620
2023-12-11 10:19:58,21,24,4799,8620
2023-12-11 10:20:06,21,23,4799,8620
2023-12-11 10:20:19,21,22,4799,8620
2023-12-11 10:20:33,20,23,4799,8620
2023-12-11 10:20:36,21,23,4799,8620
2023-12-11 10:20:36,21,23,4979,8800
2023-12-11 10:21:04,20,23,4979,8800
2023-12-11 10:21:04,20,22,4979,8800
2023-12-11 10:21:14,20,21,4979,8800
2023-12-11 10:21:35,20,22,4979,8800
2023-12-11 10:21:42,20,22,5171,8992
2023-12-11 10:21:43,19,22,5171,8992
2023-12-11 10:21:48,20,22,5171,8992
2023-12-11 10:21:57,20,23,5171,8992
2023-12-11 10:22:04,20,22,5171,8992
2023-12-11 10:22:06,20,23,5171,8992
2023-12-11 10:22:08,21,23,5171,8992
2023-12-11 10:22:09,21,23,5171,9342
2023-12-11 10:22:12,21,24,5171,9342
2023-12-11 10:22:30,22,23,5171,9342
2023-12-11 10:22:35,21,23,5171,9342
2023-12-11 10:22:39,21,24,5171,9342
2023-12-11 10:22:39,22,24,5171,9342
2023-12-11 10:22:39,22,24,5171,9342
2023-12-11 10:22:57,22,23,5171,9342
2023-12-11 10:22:58,22,24,5171,9359
2023-12-11 10:23:08,22,25,5171,9359
2023-12-11 10:23:16,23,25,5171,9359
2023-12-11 10:23:20,23,26,5171,9359
2023-12-11 10:23:28,23,25,5171,9359
2023-12-11 10:23:44,23,24,5171,9359
2023-12-11 10:23:45,22,24,5171,9359
2023-12-11 10:23:50,21,24,5171,9359
2023-12-11 10:24:15,21,24,5171,9359
2023-12-11 10:24:16,22,24,5171,9359
2023-12-11 10:24:20,22,25,5171,9359
2023-12-11 10:24:21,23,25,5171,9359
2023-12-11 10:24:22,23,26,5171,9359
2023-12-11 10:24:23,23,25,5171,9359
2023-12-11 10:24:24,22,25,5171,9359
2023-12-11 10:24:32,22,24,5171,9359
2023-12-11 10:24:35,22,25,5171,9359
2023-12-11 10:24:36,22,24,5171,9359
2023-12-11 10:24:38,22,25,5171,9359
2023-12-11 10:24:43,22,24,5171,9359
2023-12-11 10:24:48,22,25,5171,9359
2023-12-11 10:24:51,23,25,5171,9359
2023-12-11 10:24:54,22,25,5171,9359
2023-12-11 10:25:00,23,25,5171,9359
2023-12-11 10:25:04,22,25,5171,9359
2023-12-11 10:25:06,22,24,5171,9359
2023-12-11 10:25:12,22,25,5171,9359
2023-12-11 10:25:14,23,25,5171,9359
2023-12-11 10:25:15,23,26,5171,9359
2023-12-11 10:25:21,24,26,5171,9359
2023-12-11 10:25:23,23,26,5171,9359
2023-12-11 10:25:29,23,25,5171,9359
2023-12-11 10:25:33,23,26,5171,9359
2023-12-11 10:25:35,23,25,5171,9359
2023-12-11 10:25:45,22,25,5171,9359
2023-12-11 10:25:57,23,25,5171,9359
2023-12-11 10:25:58,23,26,5171,9359
2023-12-11 10:25:59,24,26,5171,9359
2023-12-11 10:26:09,23,26,5171,9359
2023-12-11 10:26:09,23,25,5171,9359
2023-12-11 10:26:17,23,26,5171,9359
2023-12-11 10:26:18,23,25,5171,9359
2023-12-11 10:26:21,23,26,5171,9359
2023-12-11 10:26:24,24,26,5171,9359
2023-12-11 10:26:33,23,26,5171,9359
2023-12-11 10:26:33,23,25,5171,9359
2023-12-11 10:26:43,23,26,5171,9359
2023-12-11 10:26:45,24,26,5171,9359
2023-12-11 10:27:06,24,25,5171,9359
2023-12-11 10:27:09,24,26,5171,9359
2023-12-11 10:27:14,23,26,5171,9359
2023-12-11 10:27:25,23,25,5171,9359
2023-12-11 10:27:35,22,25,5171,9359
2023-12-11 10:27:39,22,24,5171,9359
2023-12-11 10:27:41,22,25,5171,9359
2023-12-11 10:27:41,22,24,5171,9359
2023-12-11 10:27:43,22,23,5171,9359
2023-12-11 10:27:44,22,24,5171,9359
2023-12-11 10:27:54,22,25,5171,9359
2023-12-11 10:28:03,23,25,5171,9359
2023-12-11 10:28:04,23,26,5171,9359
2023-12-11 10:28:05,24,26,5171,9359
2023-12-11 10:28:10,25,26,5171,9359
2023-12-11 10:28:15,25,27,5171,9359
2023-12-11 10:28:16,26,27,5171,9359
2023-12-11 10:28:17,25,27,5171,9359
2023-12-11 10:28:41,24,27,5171,9359
2023-12-11 10:28:44,25,27,5171,9359
2023-12-11 10:29:27,24,27,5171,9359
2023-12-11 10:29:32,25,27,5171,9359
2023-12-11 10:29:40,26,27,5171,9359
2023-12-11 10:29:46,26,28,5171,9359
2023-12-11 10:29:50,27,28,5171,9359
2023-12-11 10:29:55,26,28,5171,9359
2023-12-11 10:30:02,27,28,5171,9359
2023-12-11 10:30:03,27,29,5171,9359
2023-12-11 10:30:14,28,29,5171,9359
2023-12-11 10:30:17,28,30,5171,9359
2023-12-11 10:30:46,27,30,5171,9359
2023-12-11 10:30:47,27,29,5171,9359
2023-12-11 10:30:55,27,30,5171,9359
2023-12-11 10:30:56,27,29,5171,9359
2023-12-11 10:31:09,27,30,5171,9359
2023-12-11 10:31:20,27,29,5171,9359
2023-12-11 10:31:21,27,30,5171,9359
2023-12-11 10:31:22,27,29,5171,9359
2023-12-11 10:31:23,27,30,5171,9359
2023-12-11 10:31:23,27,29,5171,9359
2023-12-11 10:31:37,27,28,5171,9359
2023-12-11 10:31:38,27,29,5171,9359
2023-12-11 10:31:39,27,28,5171,9359
2023-12-11 10:31:40,27,29,5171,9359
2023-12-11 10:31:42,27,28,5171,9359
2023-12-11 10:31:43,27,29,5171,9359
2023-12-11 10:31:45,27,30,5171,9359
2023-12-11 10:31:49,27,29,5171,9359
2023-12-11 10:31:52,27,30,5171,9359
2023-12-11 10:31:57,28,30,5171,9359
2023-12-11 10:32:06,27,30,5171,9359
2023-12-11 10:32:12,27,29,5171,9359
2023-12-11 10:32:23,27,28,5171,9359
2023-12-11 10:32:27,27,29,5171,9359
2023-12-11 10:32:46,27,28,5171,9359
2023-12-11 10:32:51,26,28,5171,9362
2023-12-11 10:32:56,25,28,5171,9362
2023-12-11 10:32:59,25,28,5171,9362
2023-12-11 10:33:09,25,27,5171,9362
2023-12-11 10:33:13,25,26,5171,9362
2023-12-11 10:33:14,24,26,5171,9362
2023-12-11 10:33:14,25,26,5171,9362
2023-12-11 10:33:19,23,25,5171,9365
2023-12-11 10:33:29,22,25,5171,9365
2023-12-11 10:33:29,22,24,5171,9365
2023-12-11 10:33:35,22,23,5171,9365
2023-12-11 10:33:52,22,24,5171,9365
2023-12-11 10:34:14,22,23,5171,9365
2023-12-11 10:34:17,21,23,5171,9365
2023-12-11 10:34:32,21,23,5171,9565
2023-12-11 10:35:06,21,24,5171,9565
2023-12-11 10:35:11,21,23,5171,9565
2023-12-11 10:35:15,21,24,5171,9565
2023-12-11 10:35:15,21,23,5171,9565
2023-12-11 10:35:50,21,22,5171,9565
2023-12-11 10:35:57,21,23,5171,9565
2023-12-11 10:35:59,21,22,5171,9565
2023-12-11 10:36:01,21,23,5171,9565
2023-12-11 10:36:05,21,22,5171,9565
2023-12-11 10:36:11,20,21,5171,9567
2023-12-11 10:36:12,19,21,5171,9567
2023-12-11 10:36:19,19,20,5171,9567
2023-12-11 10:36:24,18,20,5171,9567
2023-12-11 10:36:26,19,20,5171,9567
2023-12-11 10:36:29,18,20,5171,9567
2023-12-11 10:36:58,19,20,5171,9567
2023-12-11 10:36:58,19,21,5171,9567
2023-12-11 10:37:09,19,22,5171,9567
2023-12-11 10:37:10,20,22,5171,9567
2023-12-11 10:37:23,20,23,5171,9567
2023-12-11 10:37:25,20,24,5171,9567
2023-12-11 10:37:25,21,24,5171,9567
2023-12-11 10:37:26,21,23,5171,9567
2023-12-11 10:37:33,20,23,5171,9567
2023-12-11 10:37:35,20,22,5171,9567
2023-12-11 10:37:42,20,23,5171,9567
2023-12-11 10:37:53,21,23,5171,9567
2023-12-11 10:37:53,21,24,5171,9567
2023-12-11 10:37:55,22,24,5171,9567
2023-12-11 10:37:55,22,25,5171,9567
2023-12-11 10:37:57,22,24,5171,9567
2023-12-11 10:37:58,21,24,5171,9567
2023-12-11 10:37:59,21,23,5171,9567
2023-12-11 10:38:00,21,24,5171,9567
2023-12-11 10:38:02,21,23,5171,9567
2023-12-11 10:38:03,21,24,5171,9567
2023-12-11 10:38:09,22,24,5171,9567
2023-12-11 10:38:10,22,25,5171,9567
2023-12-11 10:38:15,22,24,5171,9567
2023-12-11 10:38:18,22,25,5171,9567
2023-12-11 10:38:19,22,24,5171,9567
2023-12-11 10:38:22,21,24,5171,9567
2023-12-11 10:38:23,21,23,5171,9567
2023-12-11 10:38:34,21,24,5171,9567
2023-12-11 10:38:54,22,24,5171,9567
2023-12-11 10:38:55,22,25,5171,9567
2023-12-11 10:39:03,23,25,5171,9567
2023-12-11 10:39:04,22,25,5171,9567
2023-12-11 10:39:19,22,24,5171,9567
2023-12-11 10:39:24,21,24,5171,9567
2023-12-11 10:39:41,21,24,5183,9579
2023-12-11 10:39:41,21,23,5183,9579
2023-12-11 10:40:01,21,22,5183,9579
2023-12-11 10:40:04,21,23,5183,9579
2023-12-11 10:40:07,21,22,5183,9579
2023-12-11 10:40:10,21,23,5183,9579
2023-12-11 10:40:22,22,23,5183,9579
2023-12-11 10:40:22,22,25,5183,9579
2023-12-11 10:40:22,22,24,5183,9579
2023-12-11 10:40:27,22,25,5183,9579
2023-12-11 10:40:27,22,24,5183,9579
2023-12-11 10:40:27,22,23,5183,9579
2023-12-11 10:40:32,22,24,5183,9579
2023-12-11 10:40:32,22,25,5183,9579
2023-12-11 10:40:32,22,24,5183,9579
2023-12-11 10:40:40,23,24,5183,9579
2023-12-11 10:40:41,22,24,5183,9579
2023-12-11 10:40:41,22,23,5183,9579
2023-12-11 10:40:43,21,23,5183,9579
2023-12-11 10:40:52,22,23,5183,9579
2023-12-11 10:40:53,22,25,5183,9579
2023-12-11 10:40:53,22,24,5183,9579
2023-12-11 10:40:54,22,25,5183,9579
2023-12-11 10:40:54,22,24,5183,9579
2023-12-11 10:40:54,22,23,5183,9579
2023-12-11 10:40:55,22,24,5183,9579
2023-12-11 10:40:55,22,25,5183,9579
2023-12-11 10:40:55,22,24,5183,9579
2023-12-11 10:41:13,22,25,5183,9579
2023-12-11 10:41:13,23,25,5183,9579
2023-12-11 10:41:16,24,25,5183,9579
2023-12-11 10:41:30,24,26,5183,9591
2023-12-11 10:41:32,24,27,5183,9591
2023-12-11 10:41:56,24,26,5183,9591
2023-12-11 10:41:58,24,27,5183,9591
2023-12-11 10:42:01,25,27,5183,9591
2023-12-11 10:42:46,24,27,5183,9591
2023-12-11 10:43:01,24,26,5183,9591
2023-12-11 10:43:08,24,25,5183,9591
2023-12-11 10:43:12,23,25,5243,9651
2023-12-11 10:43:15,23,24,5243,9651
2023-12-11 10:43:15,23,24,5352,9760
2023-12-11 10:43:16,22,24,5352,9760
2023-12-11 10:43:23,21,24,5352,9760
2023-12-11 10:43:24,21,23,5352,9760
2023-12-11 10:43:29,21,24,5352,9760
2023-12-11 10:43:38,21,23,5352,9760
2023-12-11 10:43:41,21,24,5352,9760
2023-12-11 10:43:42,21,23,5352,9760
2023-12-11 10:44:08,21,22,5352,9760
2023-12-11 10:44:18,21,23,5352,9760
2023-12-11 10:44:29,20,23,5352,9760
2023-12-11 10:44:38,21,23,5352,9760
2023-12-11 10:44:50,20,23,5352,9760
2023-12-11 10:44:56,21,23,5352,9760
2023-12-11 10:45:07,20,23,5352,9760
2023-12-11 10:45:09,20,22,5352,9760
2023-12-11 10:45:12,20,21,5352,9760
2023-12-11 10:45:30,19,21,5352,9760
2023-12-11 10:45:42,19,20,5352,9760
2023-12-11 10:45:58,18,19,5290,9827
2023-12-11 10:45:59,18,20,5290,9827
2023-12-11 10:46:02,18,19,5290,9827
2023-12-11 10:46:04,18,20,5290,9827
2023-12-11 10:46:07,18,19,5290,9827
2023-12-11 10:46:08,18,20,5290,9827
2023-12-11 10:46:08,18,19,5290,9827
2023-12-11 10:46:42,18,20,5290,9827
2023-12-11 10:47:03,18,19,5290,9827
2023-12-11 10:47:07,18,19,5290,10027
2023-12-11 10:47:10,17,18,5290,10082
2023-12-11 10:47:16,16,17,5290,10182
2023-12-11 10:47:28,15,16,5290,10332
2023-12-11 10:48:01,14,16,5290,10582
2023-12-11 10:48:04,14,15,5290,10582
2023-12-11 10:48:06,13,15,5290,10582
2023-12-11 10:48:09,13,14,5290,10582
2023-12-11 10:48:19,12,14,5290,10582
2023-12-11 10:48:19,13,14,5290,10582
2023-12-11 10:48:20,12,14,5290,10582
2023-12-11 10:48:22,13,14,5290,10582
2023-12-11 10:48:22,13,14,5290,10642
2023-12-11 10:48:24,13,14,5290,10702
2023-12-11 10:48:25,12,14,5290,10778
2023-12-11 10:48:25,13,14,5290,10778
2023-12-11 10:48:27,12,13,5097,10971
2023-12-11 10:48:28,12,14,5097,10971
2023-12-11 10:48:28,13,14,5097,10971
2023-12-11 10:48:28,12,14,5097,11088
2023-12-11 10:48:28,13,14,5097,11088
2023-12-11 10:48:51,13,15,5097,11088
2023-12-11 10:48:51,12,15,5097,11088
2023-12-11 10:48:51,13,15,5097,11088
2023-12-11 10:48:54,14,15,5097,11088
2023-12-11 10:48:54,13,15,5197,11188
2023-12-11 10:48:56,13,14,5197,11188
2023-12-11 10:49:23,13,14,5257,11248
2023-12-11 10:49:27,12,14,5347,11338
2023-12-11 10:49:50,13,14,5347,11338
2023-12-11 10:49:54,13,15,5347,11338
2023-12-11 10:49:57,12,15,5347,11338
2023-12-11 10:49:57,13,15,5347,11338
2023-12-11 10:49:59,13,15,5347,11438
2023-12-11 10:50:21,13,14,5347,11438
2023-12-11 10:50:25,12,14,5347,11438
2023-12-11 10:50:37,12,13,5347,11438
2023-12-11 10:50:38,11,13,5347,11688
2023-12-11 10:50:42,12,13,5347,11688
2023-12-11 10:50:43,12,13,5347,11808
2023-12-11 10:50:48,11,13,5347,11808
2023-12-11 10:50:49,12,13,5347,11808
2023-12-11 10:50:56,11,13,5347,11808
2023-12-11 10:51:06,11,12,5347,11808
2023-12-11 10:51:11,11,12,5352,11813
2023-12-11 10:51:12,11,13,5352,11813
2023-12-11 10:51:25,11,13,5463,11924
2023-12-11 10:51:27,11,12,5463,11924
2023-12-11 10:51:27,11,12,5547,12070
2023-12-11 10:51:34,10,12,5586,12130
2023-12-11 10:51:34,11,12,5586,12130
2023-12-11 10:51:37,10,12,5586,12130
2023-12-11 10:51:38,11,12,5586,12130
2023-12-11 10:51:38,11,12,5698,12242
2023-12-11 10:51:45,11,13,5698,12242
2023-12-11 10:51:57,11,12,5698,12242
2023-12-11 10:52:02,10,12,5698,12242
2023-12-11 10:52:09,10,11,5698,12242
2023-12-11 10:52:28,10,11,5809,12353
2023-12-11 10:53:53,10,12,5809,12353
2023-12-11 10:53:53,11,12,5809,12353
2023-12-11 10:53:53,11,12,5869,12413
2023-12-11 10:53:59,11,13,5869,12413
2023-12-11 10:53:59,10,13,5869,12413
2023-12-11 10:54:00,10,12,5869,12413
2023-12-11 10:54:06,11,12,5869,12413
2023-12-11 10:54:07,10,12,5869,12413
2023-12-11 10:54:07,10,12,5869,12418
2023-12-11 10:54:07,11,12,5869,12418
2023-12-11 10:56:42,11,13,5869,12418
2023-12-11 10:56:46,11,14,5869,12418
2023-12-11 10:57:05,12,13,5869,12418
2023-12-11 10:57:14,11,13,5869,12418
2023-12-11 10:57:14,12,13,5869,12418
2023-12-11 10:57:16,11,13,5869,12418
2023-12-11 10:57:19,12,13,5869,12418
2023-12-11 10:57:59,12,13,5929,12478
2023-12-11 10:58:12,11,13,5929,12478
2023-12-11 10:58:19,12,13,5929,12478
2023-12-11 10:58:38,12,14,5929,12478
2023-12-11 10:58:42,12,13,5929,12478
2023-12-11 10:58:44,12,14,5929,12478
2023-12-11 10:58:49,11,14,5929,12478
2023-12-11 10:58:49,12,14,5929,12478
2023-12-11 10:58:58,12,15,5929,12478
2023-12-11 10:59:09,13,15,5929,12478
2023-12-11 10:59:11,12,15,5929,12478
2023-12-11 10:59:11,13,15,5929,12478
2023-12-11 10:59:31,14,15,5929,12478
2023-12-11 10:59:31,14,16,5929,12478
2023-12-11 10:59:37,13,16,5929,12478
2023-12-11 10:59:48,14,16,5929,12478
2023-12-11 11:00:03,15,16,5929,12478
2023-12-11 11:01:01,14,16,5929,12478
2023-12-11 11:01:10,15,16,5929,12478
2023-12-11 11:01:25,14,16,5929,12478
2023-12-11 11:01:52,13,16,6062,12611
2023-12-11 11:01:52,14,16,6062,12611
2023-12-11 11:01:53,13,16,6062,12611
2023-12-11 11:01:54,13,15,6062,12611
2023-12-11 11:02:03,13,16,6062,12611
2023-12-11 11:02:08,13,15,6062,12611
2023-12-11 11:02:18,13,14,6062,12611
2023-12-11 11:02:18,13,14,6087,12636
2023-12-11 11:02:18,13,15,6087,12636
2023-12-11 11:02:36,13,16,6087,12636
2023-12-11 11:02:48,14,16,6087,12636
2023-12-11 11:02:52,13,16,6087,12636
2023-12-11 11:02:55,14,16,6087,12636
2023-12-11 11:02:55,13,16,6087,12636
2023-12-11 11:02:56,14,16,6087,12636
2023-12-11 11:03:02,13,16,6087,12636
2023-12-11 11:03:04,13,15,6087,12636
2023-12-11 11:03:16,13,16,6087,12636
2023-12-11 11:03:17,14,16,6087,12636
2023-12-11 11:03:18,13,16,6087,12636
2023-12-11 11:03:22,14,16,6087,12636
2023-12-11 11:03:25,13,16,6087,12636
2023-12-11 11:03:35,14,16,6087,12636
2023-12-11 11:03:37,13,16,6087,12636
2023-12-11 11:03:37,14,16,6087,12636
2023-12-11 11:03:38,13,16,6087,12636
2023-12-11 11:03:40,13,15,6087,12636
2023-12-11 11:03:45,13,16,6087,12636
2023-12-11 11:03:48,13,15,6087,12636
2023-12-11 11:04:02,12,15,6087,12636
2023-12-11 11:04:09,13,15,6087,12636
2023-12-11 11:04:21,13,16,6087,12636
2023-12-11 11:04:32,14,16,6087,12636
2023-12-11 11:05:17,15,16,6087,12636
2023-12-11 11:05:24,15,17,6207,12756
2023-12-11 11:05:38,16,17,6207,12756
2023-12-11 11:05:42,16,18,6207,12756
2023-12-11 11:05:45,17,18,6207,12756
2023-12-11 11:05:47,17,19,6207,12956
2023-12-11 11:05:50,18,19,6207,12956
2023-12-11 11:05:56,18,20,6207,12956
2023-12-11 11:06:07,18,21,6207,12956
2023-12-11 11:06:07,19,21,6207,12956
2023-12-11 11:06:11,20,21,6207,12956
2023-12-11 11:06:13,20,22,6207,12956
2023-12-11 11:06:19,21,22,6207,12956
2023-12-11 11:06:19,21,23,6207,12956
2023-12-11 11:06:19,22,23,6207,12956
2023-12-11 11:06:27,20,23,6207,12956
2023-12-11 11:06:31,20,22,6207,12956
2023-12-11 11:06:34,19,22,6207,12956
2023-12-11 11:06:43,19,21,6207,12956
2023-12-11 11:06:52,19,22,6207,12956
2023-12-11 11:06:55,20,22,6207,12956
2023-12-11 11:06:57,20,23,6207,12956
2023-12-11 11:06:58,20,22,6207,12956
2023-12-11 11:07:08,19,22,6207,12956
2023-12-11 11:07:11,19,21,6207,12956
2023-12-11 11:07:12,19,22,6207,12956
2023-12-11 11:07:14,19,21,6207,12956
2023-12-11 11:07:27,19,20,6207,12956
2023-12-11 11:07:36,18,20,6207,12956
2023-12-11 11:07:37,17,20,6207,12956
2023-12-11 11:07:52,17,20,6207,12956
2023-12-11 11:07:52,17,19,6207,12956
2023-12-11 11:07:56,17,20,6207,12956
2023-12-11 11:07:59,18,20,6207,12956
2023-12-11 11:08:01,17,20,6207,12956
2023-12-11 11:08:06,18,20,6207,12956
2023-12-11 11:08:11,18,21,6207,12956
2023-12-11 11:08:12,19,21,6207,12956
2023-12-11 11:08:13,19,22,6207,12956
2023-12-11 11:08:31,19,21,6207,12956
2023-12-11 11:08:39,19,22,6207,12956
2023-12-11 11:08:41,19,21,6207,12956
2023-12-11 11:09:13,19,22,6207,12956
2023-12-11 11:09:13,19,21,6207,12956
2023-12-11 11:09:23,20,21,6207,12956
2023-12-11 11:09:23,20,22,6207,13142
2023-12-11 11:09:24,20,23,6207,13142
2023-12-11 11:09:26,21,23,6207,13142
2023-12-11 11:09:30,22,23,6207,13142
2023-12-11 11:09:31,22,24,6207,13142
2023-12-11 11:09:32,23,24,6207,13142
2023-12-11 11:09:48,22,24,6207,13142
2023-12-11 11:10:13,22,25,6207,13142
2023-12-11 11:10:32,22,24,6207,13142
2023-12-11 11:10:32,23,24,6207,13142
2023-12-11 11:10:32,23,25,6207,13142
2023-12-11 11:10:40,23,25,6207,13492
2023-12-11 11:10:40,24,25,6207,13492
2023-12-11 11:10:46,24,26,6471,13814
2023-12-11 11:10:46,24,25,6471,13814
2023-12-11 11:10:47,24,26,6471,13814
2023-12-11 11:10:50,25,26,6471,13814
2023-12-11 11:10:50,26,27,6864,14207
2023-12-11 11:10:50,26,28,6864,14207
2023-12-11 11:10:51,25,28,6864,14207
2023-12-11 11:11:04,26,28,6864,14207
2023-12-11 11:11:08,25,28,6864,14207
2023-12-11 11:11:12,25,27,6864,14207
2023-12-11 11:11:13,25,28,6864,14207
2023-12-11 11:11:29,25,27,6864,14207
2023-12-11 11:11:40,25,28,6864,14207
2023-12-11 11:11:47,25,27,6864,14207
2023-12-11 11:11:49,24,27,6864,14207
2023-12-11 11:12:01,24,26,6864,14207
2023-12-11 11:12:01,23,26,6864,14207
2023-12-11 11:12:02,23,25,6864,14207
2023-12-11 11:12:04,22,25,6864,14207
2023-12-11 11:12:13,22,24,6864,14207
2023-12-11 11:12:38,22,25,6864,14207
2023-12-11 11:12:39,23,25,6864,14207
2023-12-11 11:12:46,23,26,6864,14207
2023-12-11 11:12:53,24,26,6864,14207
2023-12-11 11:12:53,24,27,6864,14207
2023-12-11 11:13:00,24,28,6864,14207
2023-12-11 11:13:00,25,28,6864,14207
2023-12-11 11:13:06,25,27,6864,14207
2023-12-11 11:13:07,24,27,6864,14207
2023-12-11 11:13:12,24,28,6864,14207
2023-12-11 11:13:13,26,28,6864,14207
2023-12-11 11:13:32,27,28,6864,14207
2023-12-11 11:13:32,26,28,6864,14207
2023-12-11 11:13:36,27,28,6864,14207
2023-12-11 11:13:37,27,29,6864,14207
2023-12-11 11:13:43,27,30,6864,14207
2023-12-11 11:13:43,28,30,6864,14207
2023-12-11 11:13:43,29,30,7064,14407
2023-12-11 11:13:47,29,31,7064,14607
2023-12-11 11:13:53,28,31,7064,14607
2023-12-11 11:14:02,29,31,7064,14607
2023-12-11 11:14:41,30,31,7064,14607
2023-12-11 11:14:47,29,31,7064,14607
2023-12-11 11:15:01,30,31,7064,14607
2023-12-11 11:15:03,29,31,7064,14607
2023-12-11 11:15:07,30,31,7064,14607
2023-12-11 11:15:17,29,31,7064,14607
2023-12-11 11:15:29,28,31,7064,14607
2023-12-11 11:15:30,28,30,7064,14607
2023-12-11 11:15:37,28,31,7064,14607
2023-12-11 11:15:38,28,30,7064,14607
2023-12-11 11:15:44,28,31,7064,14607
2023-12-11 11:16:01,28,30,7064,14607
2023-12-11 11:16:02,28,31,7064,14607
2023-12-11 11:16:09,28,30,7064,14607
2023-12-11 11:16:10,28,31,7064,14607
2023-12-11 11:16:14,28,30,7064,14607
2023-12-11 11:16:16,27,30,7064,14607
2023-12-11 11:16:33,27,29,7064,14607
2023-12-11 11:16:34,26,29,7064,14607
2023-12-11 11:16:40,27,29,7064,14607
2023-12-11 11:16:41,27,30,7064,14607
2023-12-11 11:16:47,27,29,7064,14607
2023-12-11 11:16:48,26,29,7064,14607
2023-12-11 11:16:55,26,28,7064,14607
2023-12-11 11:17:07,25,28,7064,14607
2023-12-11 11:17:13,26,28,7064,14607
2023-12-11 11:17:15,26,29,7064,14607
2023-12-11 11:17:20,27,29,7064,14607
2023-12-11 11:17:20,27,30,7064,14607
2023-12-11 11:17:22,27,29,7064,14607
2023-12-11 11:17:26,27,30,7064,14607
2023-12-11 11:17:36,27,29,7064,14607
2023-12-11 11:17:37,27,30,7064,14607
2023-12-11 11:17:39,27,29,7064,14607
2023-12-11 11:17:41,27,30,7064,14607
2023-12-11 11:17:44,27,29,7064,14607
2023-12-11 11:17:45,27,30,7064,14607
2023-12-11 11:17:46,27,29,7064,14607
2023-12-11 11:17:49,27,30,7064,14607
2023-12-11 11:17:54,28,30,7064,14607
2023-12-11 11:17:55,28,31,7064,14607
2023-12-11 11:18:06,29,31,7064,14607
2023-12-11 11:18:16,28,31,7064,14607
2023-12-11 11:18:17,28,30,7064,14607
2023-12-11 11:18:19,28,31,7064,14607
2023-12-11 11:18:26,29,31,7064,14607
2023-12-11 11:18:43,28,31,7064,14607
2023-12-11 11:18:47,28,30,7064,14607
2023-12-11 11:18:51,27,30,7064,14607
2023-12-11 11:18:53,27,29,7064,14607
2023-12-11 11:18:53,27,28,7064,14607
2023-12-11 11:18:53,27,29,7064,14607
2023-12-11 11:18:54,27,30,7064,14607
2023-12-11 11:19:06,27,29,7064,14607
2023-12-11 11:19:07,26,29,7064,14607
2023-12-11 11:19:12,26,28,7064,14607
2023-12-11 11:19:17,26,29,7064,14607
2023-12-11 11:19:30,27,29,7064,14607
2023-12-11 11:19:31,27,30,7064,14607
2023-12-11 11:19:32,27,29,7064,14607
2023-12-11 11:19:33,27,30,7064,14607
2023-12-11 11:19:41,28,30,7064,14607
2023-12-11 11:19:41,28,30,7233,14776
2023-12-11 11:19:47,27,30,7233,14776
2023-12-11 11:19:50,27,29,7233,14776
2023-12-11 11:20:00,26,29,7233,14776
2023-12-11 11:20:00,26,28,7233,14776
2023-12-11 11:20:10,26,29,7233,14776
2023-12-11 11:20:10,27,29,7233,14776
2023-12-11 11:20:31,28,29,7233,14776
2023-12-11 11:20:32,27,29,7233,14776
2023-12-11 11:20:32,28,29,7233,14776
2023-12-11 11:20:34,27,29,7233,14776
2023-12-11 11:20:44,28,29,7233,14776
2023-12-11 11:20:44,28,30,7233,14776
2023-12-11 11:20:56,28,31,7233,14776
2023-12-11 11:20:56,28,29,7233,14776
2023-12-11 11:20:58,27,29,7233,14776
2023-12-11 11:21:01,28,29,7233,14776
2023-12-11 11:21:03,27,29,7233,14776
2023-12-11 11:21:14,28,29,7233,14776
2023-12-11 11:21:45,28,31,7233,14945
2023-12-11 11:21:45,28,30,7233,14945
2023-12-11 11:21:48,28,31,7233,14945
2023-12-11 11:21:55,29,31,7233,14945
2023-12-11 11:21:57,30,31,7233,14945
2023-12-11 11:21:57,30,31,7428,15140
2023-12-11 11:21:57,30,31,7623,15335
2023-12-11 11:21:57,30,32,7623,15335
2023-12-11 11:22:49,31,32,7623,15335
2023-12-11 11:22:57,30,32,7623,15335
2023-12-11 11:22:58,30,31,7623,15335
2023-12-11 11:22:58,29,31,7623,15335
2023-12-11 11:22:59,29,32,7623,15335
2023-12-11 11:22:59,29,31,7623,15335
2023-12-11 11:22:59,29,30,7623,15335
2023-12-11 11:23:20,28,30,7623,15335
2023-12-11 11:23:20,28,31,7623,15335
2023-12-11 11:23:20,28,29,7623,15335
2023-12-11 11:23:31,27,29,7623,15335
2023-12-11 11:23:31,27,30,7623,15335
2023-12-11 11:23:31,27,28,7623,15335
2023-12-11 11:23:32,27,30,7623,15335
2023-12-11 11:23:32,27,29,7623,15335
2023-12-11 11:23:33,27,30,7623,15335
2023-12-11 11:23:33,27,28,7623,15335
2023-12-11 11:23:35,27,30,7623,15335
2023-12-11 11:23:35,27,29,7623,15335
2023-12-11 11:23:36,27,30,7623,15335
2023-12-11 11:23:36,27,28,7623,15335
2023-12-11 11:23:45,26,28,7623,15335
2023-12-11 11:23:45,26,27,7623,15335
2023-12-11 11:23:57,26,27,7623,15685
2023-12-11 11:24:03,25,27,7623,15685
2023-12-11 11:24:03,26,27,7623,15685
2023-12-11 11:24:05,25,27,7623,15685
2023-12-11 11:24:07,25,26,7623,15685
2023-12-11 11:24:11,25,26,7733,15795
2023-12-11 11:24:12,24,26,7733,15795
2023-12-11 11:24:15,24,25,7733,15795
2023-12-11 11:24:15,24,25,7853,15915
2023-12-11 11:24:16,23,25,7853,15915
2023-12-11 11:24:28,23,26,7853,15915
2023-12-11 11:24:31,23,25,7853,15915
2023-12-11 11:24:36,23,26,7853,15915
2023-12-11 11:24:38,24,26,7853,15915
2023-12-11 11:25:01,23,26,7853,15915
2023-12-11 11:25:02,23,25,7853,15915
2023-12-11 11:25:05,23,26,7853,15915
2023-12-11 11:25:09,23,25,7853,15915
2023-12-11 11:25:18,23,24,7853,15915
2023-12-11 11:25:25,22,24,7853,15915
2023-12-11 11:25:43,23,24,7853,15915
2023-12-11 11:25:47,22,24,7853,15915
2023-12-11 11:25:53,23,24,7853,15915
2023-12-11 11:25:54,22,24,7853,15915
2023-12-11 11:25:54,23,24,7853,15915
2023-12-11 11:26:02,22,24,7853,15920
2023-12-11 11:26:02,22,23,7853,15920
2023-12-11 11:26:13,21,23,7853,15920
2023-12-11 11:26:13,22,23,7853,15920
2023-12-11 11:26:13,21,23,7853,15920
2023-12-11 11:26:26,22,23,7853,15920
2023-12-11 11:26:28,22,24,7853,15920
2023-12-11 11:26:28,21,24,7853,15920
2023-12-11 11:26:31,21,23,7853,15920
2023-12-11 11:26:42,21,22,7853,15920
2023-12-11 11:26:46,20,22,7853,15920
2023-12-11 11:27:01,21,22,7853,15920
2023-12-11 11:27:06,20,22,7853,15920
2023-12-11 11:27:15,20,21,7853,15920
2023-12-11 11:27:48,19,21,7853,15920
2023-12-11 11:27:49,20,21,7853,15920
2023-12-11 11:28:11,20,22,7853,15920
2023-12-11 11:28:16,20,23,7853,16115
2023-12-11 11:28:18,21,23,7853,16115
2023-12-11 11:28:27,21,23,7853,16465
2023-12-11 11:28:28,22,23,7853,16465
2023-12-11 11:28:28,22,24,7853,16465
2023-12-11 11:28:31,23,25,7853,16465
2023-12-11 11:28:32,23,25,8003,16815
2023-12-11 11:28:37,23,26,8003,16815
2023-12-11 11:28:47,23,25,8003,16815
2023-12-11 11:28:50,22,25,8003,16815
2023-12-11 11:29:17,22,24,8003,16815
2023-12-11 11:29:26,22,25,8003,16815
2023-12-11 11:29:26,22,24,8003,16815
2023-12-11 11:29:27,22,25,8003,16815
2023-12-11 11:29:33,23,25,8003,16815
2023-12-11 11:29:48,24,26,8003,16815
2023-12-11 11:29:57,23,26,8003,16815
2023-12-11 11:30:01,23,25,8003,16815
2023-12-11 11:30:06,22,25,8003,16815
2023-12-11 11:30:18,22,24,8003,16815
2023-12-11 11:30:19,22,25,8003,16815
2023-12-11 11:30:24,22,24,8003,16815
2023-12-11 11:30:27,22,25,8003,16815
2023-12-11 11:30:29,22,24,8003,16815
2023-12-11 11:30:54,22,23,8003,16815
2023-12-11 11:31:02,21,23,8003,16815
2023-12-11 11:31:04,21,24,8003,16815
2023-12-11 11:31:05,21,23,8003,16815
2023-12-11 11:31:07,21,24,8003,16815
2023-12-11 11:31:07,21,23,8003,16815
2023-12-11 11:31:13,22,23,8003,16815
2023-12-11 11:31:15,22,24,8003,16815
2023-12-11 11:31:23,21,24,8003,16815
2023-12-11 11:31:25,22,24,8003,16815
2023-12-11 11:31:28,22,25,8003,16815
2023-12-11 11:31:34,22,24,8003,16815
2023-12-11 11:31:35,22,25,8003,16815
2023-12-11 11:31:36,22,24,8003,16815
2023-12-11 11:31:40,22,25,8003,16815
2023-12-11 11:31:44,23,25,8003,16815
2023-12-11 11:31:44,24,25,8003,16815
2023-12-11 11:31:44,24,26,8003,16815
2023-12-11 11:31:44,24,27,8003,16815
2023-12-11 11:31:44,24,27,8013,16825
2023-12-11 11:31:44,24,28,8013,16825
2023-12-11 11:31:45,23,28,8013,16825
2023-12-11 11:31:46,26,29,8013,16825
2023-12-11 11:31:47,27,29,8013,16825
2023-12-11 11:31:47,28,29,8013,16825
2023-12-11 11:31:48,28,29,8013,17175
2023-12-11 11:31:48,28,30,8013,17175
2023-12-11 11:31:50,27,30,8013,17175
2023-12-11 11:31:55,28,30,8013,17175
2023-12-11 11:31:56,28,30,8013,17525
2023-12-11 11:31:59,28,31,8013,17525
2023-12-11 11:32:02,28,32,8013,17525
2023-12-11 11:32:02,29,32,8013,17525
2023-12-11 11:32:04,31,32,8013,17525
2023-12-11 11:32:04,31,32,8213,17725
2023-12-11 11:32:04,31,33,8213,17725
2023-12-11 11:32:04,31,34,8213,17725
2023-12-11 11:32:04,31,33,8213,17725
2023-12-11 11:32:04,31,34,8213,17725
2023-12-11 11:32:05,32,34,8213,17725
2023-12-11 11:32:09,33,34,8213,17725
2023-12-11 11:32:10,33,35,8213,17725
2023-12-11 11:32:10,33,35,8213,17855
2023-12-11 11:32:10,33,34,8213,17855
2023-12-11 11:32:10,33,35,8213,17855
2023-12-11 11:32:12,33,35,8243,17955
2023-12-11 11:32:14,33,35,8363,18075
2023-12-11 11:32:15,32,35,8363,18075
2023-12-11 11:32:38,31,35,8363,18075
2023-12-11 11:32:38,31,34,8363,18075
2023-12-11 11:32:39,31,33,8363,18075
2023-12-11 11:32:39,30,33,8363,18075
2023-12-11 11:32:41,30,32,8363,18075
2023-12-11 11:32:41,29,32,8363,18075
2023-12-11 11:32:46,29,31,8363,18075
2023-12-11 11:32:54,29,31,8483,18195
2023-12-11 11:32:55,28,31,8483,18475
2023-12-11 11:32:56,28,30,8483,18475
2023-12-11 11:33:01,28,31,8483,18475
2023-12-11 11:33:04,29,31,8483,18475
2023-12-11 11:33:08,30,31,8483,18475
2023-12-11 11:33:08,30,32,8483,18475
2023-12-11 11:33:12,30,33,8483,18475
2023-12-11 11:33:13,30,34,8483,18475
2023-12-11 11:33:13,31,34,8483,18475
2023-12-11 11:33:13,32,34,8483,18475
2023-12-11 11:33:15,32,35,8483,18475
2023-12-11 11:33:18,33,35,8483,18475
2023-12-11 11:33:18,33,35,8723,18715
2023-12-11 11:33:18,32,35,8723,18715
2023-12-11 11:33:20,32,34,8723,18715
2023-12-11 11:33:21,32,35,8723,18715
2023-12-11 11:33:22,32,34,8723,18715
2023-12-11 11:33:24,32,35,8723,18715
2023-12-11 11:33:24,33,35,8723,18715
2023-12-11 11:33:33,32,35,8723,18715
2023-12-11 11:33:35,33,35,8723,18715
2023-12-11 11:33:55,34,35,8723,18715
2023-12-11 11:33:56,34,36,8723,18715
2023-12-11 11:34:23,33,36,8723,18715
2023-12-11 11:34:23,33,35,8723,18715
2023-12-11 11:34:29,33,34,8723,18715
2023-12-11 11:34:30,32,34,8723,18715
2023-12-11 11:34:37,32,33,8723,18715
2023-12-11 11:34:40,32,33,8723,19065
2023-12-11 11:34:41,31,33,8723,19065
2023-12-11 11:35:14,31,34,8723,19065
2023-12-11 11:35:14,32,34,8723,19065
2023-12-11 11:35:32,32,33,8723,19065
2023-12-11 11:35:32,31,33,8723,19065
2023-12-11 11:35:52,32,33,8723,19065
2023-12-11 11:35:57,32,35,8723,19065
2023-12-11 11:35:57,33,35,8723,19065
2023-12-11 11:36:02,33,36,8723,19065
2023-12-11 11:36:09,34,36,8723,19065
2023-12-11 11:36:11,34,35,8723,19065
2023-12-11 11:36:14,32,34,8723,19067
2023-12-11 11:36:23,32,35,8723,19067
2023-12-11 11:36:24,33,35,8723,19067
2023-12-11 11:36:47,32,35,8723,19067
2023-12-11 11:36:49,32,34,8723,19067
2023-12-11 11:36:54,33,34,8723,19067
2023-12-11 11:36:56,32,34,8723,19067
2023-12-11 11:37:01,32,35,8723,19067
2023-12-11 11:37:02,33,35,8723,19067
2023-12-11 11:37:10,33,34,8723,19067
2023-12-11 11:37:14,32,34,8723,19067
2023-12-11 11:37:17,32,33,8723,19067
2023-12-11 11:37:20,31,32,8723,19069
2023-12-11 11:37:25,30,32,8723,19069
2023-12-11 11:37:34,30,31,8723,19069
2023-12-11 11:37:45,29,31,8723,19069
2023-12-11 11:37:46,29,30,8723,19069
2023-12-11 11:37:55,29,30,8823,19169
2023-12-11 11:37:57,28,30,8823,19169
2023-12-11 11:38:21,28,29,8823,19169
2023-12-11 11:38:33,27,29,8716,19476
2023-12-11 11:38:34,28,29,8716,19476
2023-12-11 11:38:42,27,29,8716,19476
2023-12-11 11:38:42,28,29,8716,19476
2023-12-11 11:38:44,27,29,8716,19476
2023-12-11 11:38:45,27,28,8716,19476
2023-12-11 11:38:48,26,28,8716,19476
2023-12-11 11:38:52,25,28,8716,19476
2023-12-11 11:38:52,25,27,8716,19476
2023-12-11 11:38:53,25,26,8716,19476
2023-12-11 11:39:03,25,27,8716,19476
2023-12-11 11:39:10,25,26,8716,19476
2023-12-11 11:39:12,24,26,8716,19476
2023-12-11 11:39:28,25,26,8716,19476
2023-12-11 11:39:38,25,26,8716,19536
2023-12-11 11:39:53,24,26,8716,19536
2023-12-11 11:39:53,25,26,8716,19536
2023-12-11 11:39:55,25,27,8716,19536
2023-12-11 11:39:59,26,27,8716,19536
2023-12-11 11:40:03,25,27,8716,19536
2023-12-11 11:40:07,25,26,8716,19536
2023-12-11 11:40:08,24,26,8716,19536
2023-12-11 11:40:27,25,26,8716,19536
2023-12-11 11:40:31,24,26,8716,19536
2023-12-11 11:40:37,25,26,8716,19536
2023-12-11 11:40:50,25,27,8716,19536
2023-12-11 11:40:51,25,26,8716,19536
2023-12-11 11:40:55,24,26,8716,19536
2023-12-11 11:40:56,24,27,8716,19536
2023-12-11 11:40:56,25,27,8716,19536
2023-12-11 11:40:56,24,27,8716,19536
2023-12-11 11:40:57,25,27,8716,19536
2023-12-11 11:41:02,25,28,8716,19776
2023-12-11 11:41:07,26,28,8716,19776
2023-12-11 11:41:12,26,29,8716,19976
2023-12-11 11:41:13,26,30,8716,19976
2023-12-11 11:41:13,27,30,8716,19976
2023-12-11 11:41:25,28,30,8716,19976
2023-12-11 11:41:28,28,31,8716,19976
2023-12-11 11:41:31,29,31,8716,19976
2023-12-11 11:41:43,29,32,8716,20176
2023-12-11 11:41:57,29,31,8716,20176
2023-12-11 11:42:05,28,31,8716,20176
2023-12-11 11:42:10,28,30,8716,20176
2023-12-11 11:42:12,27,30,8716,20176
2023-12-11 11:42:14,27,29,8716,20176
2023-12-11 11:42:14,27,29,8716,20526
2023-12-11 11:42:15,27,28,8716,20526
2023-12-11 11:42:22,26,28,8766,20576
2023-12-11 11:42:33,26,27,8766,20576
2023-12-11 11:42:34,25,27,8766,20576
2023-12-11 11:42:45,25,28,8766,20576
2023-12-11 11:42:55,26,28,8766,20576
2023-12-11 11:43:15,26,29,8766,20576
2023-12-11 11:43:20,27,29,8766,20576
2023-12-11 11:43:23,28,30,8766,20576
2023-12-11 11:43:26,28,31,8766,20576
2023-12-11 11:43:30,28,30,8766,20576
2023-12-11 11:43:39,27,30,8766,20576
2023-12-11 11:43:42,27,29,8766,20576
2023-12-11 11:43:46,26,29,8766,20576
2023-12-11 11:44:00,26,28,8766,20576
2023-12-11 11:44:01,26,29,8766,20576
2023-12-11 11:44:20,27,29,8766,20576
2023-12-11 11:44:22,27,30,8766,20576
2023-12-11 11:44:28,27,29,8766,20576
2023-12-11 11:44:38,26,29,8766,20576
2023-12-11 11:44:49,26,28,8766,20576
2023-12-11 11:44:50,26,29,8766,20576
2023-12-11 11:44:51,26,28,8766,20576
2023-12-11 11:44:53,26,29,8766,20576
2023-12-11 11:44:56,27,29,8766,20576
2023-12-11 11:44:56,26,29,8766,20576
2023-12-11 11:44:58,26,28,8766,20576
2023-12-11 11:45:14,26,29,8766,20576
2023-12-11 11:45:16,26,28,8766,20576
2023-12-11 11:45:18,26,29,8766,20576
2023-12-11 11:45:30,27,29,8766,20576
2023-12-11 11:45:32,27,30,8766,20576
2023-12-11 11:45:33,28,30,8766,20576
2023-12-11 11:45:38,27,30,8766,20576
2023-12-11 11:45:39,27,29,8766,20576
2023-12-11 11:45:47,27,30,8766,20576
2023-12-11 11:45:50,27,29,8766,20576
2023-12-11 11:45:55,27,30,8766,20576
2023-12-11 11:45:57,27,29,8766,20576
2023-12-11 11:46:04,26,29,8766,20576
2023-12-11 11:46:07,27,29,8766,20576
2023-12-11 11:46:09,27,30,8766,20576
2023-12-11 11:46:15,27,29,8766,20576
2023-12-11 11:46:16,27,30,8766,20576
2023-12-11 11:46:21,27,29,8766,20576
2023-12-11 11:46:25,27,30,8766,20576
2023-12-11 11:46:26,28,30,8766,20576
2023-12-11 11:46:31,27,30,8766,20576
2023-12-11 11:46:43,27,29,8766,20576
2023-12-11 11:46:51,26,29,8766,20576
2023-12-11 11:47:26,27,29,8766,20576
2023-12-11 11:47:43,26,29,8766,20576
2023-12-11 11:47:45,26,28,8766,20576
2023-12-11 11:47:51,26,29,8766,20576
2023-12-11 11:48:10,27,29,8766,20576
2023-12-11 11:48:17,27,28,8766,20576
2023-12-11 11:48:17,26,28,8766,20576
2023-12-11 11:48:21,26,29,8766,20576
2023-12-11 11:48:22,26,28,8766,20576
2023-12-11 11:49:20,26,29,8766,20576
2023-12-11 11:49:26,26,28,8766,20576
2023-12-11 11:49:38,26,27,8766,20576
2023-12-11 11:49:39,25,27,8766,20576
2023-12-11 11:49:45,24,27,8766,20576
2023-12-11 11:49:48,24,26,8766,20576
2023-12-11 11:49:54,24,27,8766,20576
2023-12-11 11:50:03,24,26,8766,20576
2023-12-11 11:50:04,24,27,8766,20576
2023-12-11 11:50:06,24,26,8766,20576
2023-12-11 11:50:07,24,27,8766,20576
2023-12-11 11:50:13,25,27,8766,20576
2023-12-11 11:50:20,25,26,8766,20576
2023-12-11 11:50:23,24,26,8766,20576
2023-12-11 11:50:39,23,26,8766,20576
2023-12-11 11:50:40,23,24,8766,20576
2023-12-11 11:50:42,22,24,8766,20576
2023-12-11 11:50:43,21,24,8766,20576
2023-12-11 11:50:50,21,23,8766,20576
2023-12-11 11:50:56,21,24,8766,20576
2023-12-11 11:51:01,22,24,8766,20576
2023-12-11 11:51:03,21,24,8766,20576
2023-12-11 11:51:09,21,23,8766,20576
2023-12-11 11:51:36,21,24,8766,20576
2023-12-11 11:51:37,22,24,8766,20576
2023-12-11 11:52:09,23,24,8766,20576
2023-12-11 11:52:10,22,24,8766,20576
2023-12-11 11:52:23,21,24,8766,20576
2023-12-11 11:52:33,22,24,8766,20576
2023-12-11 11:52:37,21,24,8568,20774
2023-12-11 11:52:37,22,24,8568,20774
2023-12-11 11:52:39,21,24,8568,20774
2023-12-11 11:52:39,22,24,8568,20774
2023-12-11 11:52:48,22,23,8568,20774
2023-12-11 11:52:50,22,23,8568,20779
2023-12-11 11:52:52,21,23,8568,20779
2023-12-11 11:53:19,22,23,8568,20779
2023-12-11 11:53:20,21,23,8568,20779
2023-12-11 11:53:20,22,23,8568,20779
2023-12-11 11:53:21,22,24,8568,20779
2023-12-11 11:53:28,21,24,8568,20779
2023-12-11 11:53:28,22,24,8568,20779
2023-12-11 11:53:50,21,24,8568,20779
2023-12-11 11:53:50,22,24,8568,20779
2023-12-11 11:53:51,21,24,8568,20779
2023-12-11 11:54:05,22,24,8568,20779
2023-12-11 11:54:08,21,24,8568,20779
2023-12-11 11:54:08,22,24,8568,20779
2023-12-11 11:54:34,22,25,8568,20979
2023-12-11 11:54:44,22,24,8568,20979
2023-12-11 11:54:53,21,24,8568,20979
2023-12-11 11:55:12,22,24,8568,20979
2023-12-11 11:55:13,21,24,8568,20979
2023-12-11 11:55:13,22,24,8568,20979
2023-12-11 11:55:21,22,25,8568,21179
2023-12-11 11:55:29,22,24,8568,21179
2023-12-11 11:55:31,21,24,8568,21179
2023-12-11 11:55:46,22,24,8568,21179
2023-12-11 11:55:55,22,25,8568,21179
2023-12-11 11:55:58,22,24,8568,21179
2023-12-11 11:56:05,22,25,8568,21179
2023-12-11 11:56:23,22,24,8568,21179
2023-12-11 11:56:23,22,25,8568,21179
2023-12-11 11:56:23,22,24,8568,21179
2023-12-11 11:56:31,23,24,8568,21179
2023-12-11 11:56:32,23,25,8568,21179
2023-12-11 11:56:39,22,25,8568,21179
2023-12-11 11:56:57,22,24,8568,21179
2023-12-11 11:56:58,21,24,8568,21179
2023-12-11 11:57:04,22,24,8568,21179
2023-12-11 11:57:17,21,24,8568,21179
2023-12-11 11:57:17,22,24,8568,21179
2023-12-11 11:57:17,21,24,8568,21179
2023-12-11 11:57:28,22,24,8568,21179
2023-12-11 11:57:36,22,25,8568,21179
2023-12-11 11:57:51,23,25,8568,21179
2023-12-11 11:57:55,23,24,8568,21179
2023-12-11 11:57:55,22,24,8568,21179
2023-12-11 11:57:57,21,24,8568,21179
2023-12-11 11:58:04,21,23,8568,21179
2023-12-11 11:58:08,21,22,8568,21179
2023-12-11 11:58:25,21,23,8568,21179
2023-12-11 11:58:36,21,24,8568,21179
2023-12-11 11:58:41,22,24,8568,21179
2023-12-11 11:58:43,21,24,8568,21179
2023-12-11 11:58:45,21,23,8568,21179
2023-12-11 11:59:28,21,22,8568,21179
2023-12-11 11:59:43,20,21,8568,21184
2023-12-11 11:59:45,19,21,8568,21184
2023-12-11 12:00:08,19,22,8568,21184
2023-12-11 12:00:12,20,22,8568,21184
2023-12-11 12:00:18,19,22,8568,21184
2023-12-11 12:00:25,20,22,8568,21184
2023-12-11 12:00:31,19,22,8568,21184
2023-12-11 12:00:36,20,22,8568,21184
2023-12-11 12:00:40,20,23,8717,21533
2023-12-11 12:00:40,20,22,8717,21533
2023-12-11 12:00:40,20,23,8717,21533
2023-12-11 12:00:58,20,22,8717,21533
2023-12-11 12:00:59,20,23,8717,21533
2023-12-11 12:01:04,21,23,8717,21533
2023-12-11 12:01:09,21,24,8717,21533
2023-12-11 12:01:13,22,24,8717,21533
2023-12-11 12:01:15,22,25,8717,21533
2023-12-11 12:01:19,23,25,8717,21533
2023-12-11 12:01:22,23,26,8717,21733
2023-12-11 12:01:30,24,26,8717,21733
2023-12-11 12:01:32,24,27,8717,21933
2023-12-11 12:01:36,24,26,8717,21933
2023-12-11 12:01:45,22,26,8717,21933
2023-12-11 12:01:45,22,25,8717,21933
2023-12-11 12:01:57,22,24,8717,21933
2023-12-11 12:01:57,21,24,8717,21933
2023-12-11 12:01:58,21,23,8717,21933
2023-12-11 12:01:58,21,24,8717,21933
2023-12-11 12:02:03,21,23,8717,21933
2023-12-11 12:02:08,20,23,8717,21933
2023-12-11 12:02:15,21,23,8717,21933
2023-12-11 12:02:26,21,24,8717,21933
2023-12-11 12:02:27,20,24,8717,21933
2023-12-11 12:02:29,20,23,8717,21933
2023-12-11 12:02:31,21,23,8717,21933
2023-12-11 12:02:32,21,24,8717,21933
2023-12-11 12:02:32,21,23,8717,21933
2023-12-11 12:02:34,20,23,8717,21933
2023-12-11 12:02:52,20,22,8717,21933
2023-12-11 12:03:18,19,22,8717,21933
2023-12-11 12:03:21,19,21,8717,21933
2023-12-11 12:03:23,19,20,8717,21933
2023-12-11 12:03:29,19,20,8717,22133
2023-12-11 12:03:29,19,20,8897,22313
2023-12-11 12:03:30,19,20,8957,22373
2023-12-11 12:03:38,19,20,8957,22723
2023-12-11 12:03:40,19,20,8957,22923
2023-12-11 12:03:40,19,20,8957,23273
2023-12-11 12:03:41,19,20,9077,23393
2023-12-11 12:03:42,19,20,9077,23743
2023-12-11 12:03:43,17,20,9077,23933
2023-12-11 12:03:44,17,19,9077,23933
2023-12-11 12:03:55,17,18,9077,23933
2023-12-11 12:04:49,17,19,9077,23933
2023-12-11 12:04:54,17,18,9077,23933
2023-12-11 12:05:11,17,18,9162,24018
2023-12-11 12:05:27,17,19,9162,24018
2023-12-11 12:05:27,17,18,9162,24018
2023-12-11 12:05:41,17,18,9274,24130
2023-12-11 12:05:42,16,18,9274,24130
2023-12-11 12:05:47,16,17,9274,24130
2023-12-11 12:05:55,15,17,9274,24130
2023-12-11 12:06:00,15,18,9274,24130
2023-12-11 12:06:00,15,17,9274,24130
2023-12-11 12:06:04,15,16,9274,24130
2023-12-11 12:06:07,14,16,9274,24130
2023-12-11 12:06:10,13,16,9274,24130
2023-12-11 12:06:19,13,15,9274,24130
2023-12-11 12:06:38,13,16,9274,24130
2023-12-11 12:06:41,13,15,9274,24130
2023-12-11 12:07:29,14,15,9274,24130
2023-12-11 12:07:35,14,16,9274,24130
2023-12-11 12:07:40,14,15,9274,24130
2023-12-11 12:07:42,13,15,9274,24130
2023-12-11 12:07:43,14,15,9274,24130
2023-12-11 12:07:45,13,15,9274,24130
2023-12-11 12:07:45,14,15,9274,24130
2023-12-11 12:07:46,13,15,9274,24130
2023-12-11 12:07:50,14,15,9274,24130
2023-12-11 12:07:51,13,15,9274,24130
2023-12-11 12:08:02,13,14,9274,24130
2023-12-11 12:08:18,13,15,9274,24130
2023-12-11 12:08:40,14,15,9274,24130
2023-12-11 12:08:40,14,15,9274,24190
2023-12-11 12:08:47,14,16,9274,24190
2023-12-11 12:08:48,14,15,9274,24190
2023-12-11 12:08:49,13,15,9274,24190
2023-12-11 12:08:58,14,15,9274,24190
2023-12-11 12:08:58,14,15,9274,24195
2023-12-11 12:09:01,13,15,9274,24195
2023-12-11 12:09:04,14,15,9274,24195
2023-12-11 12:09:22,14,16,9274,24195
2023-12-11 12:09:26,14,15,9274,24195
2023-12-11 12:10:22,14,15,9279,24217
2023-12-11 12:10:31,13,15,9279,24217
2023-12-11 12:10:46,13,16,9279,24217
2023-12-11 12:10:47,13,15,9279,24217
2023-12-11 12:10:48,13,16,9279,24217
2023-12-11 12:10:59,14,16,9279,24217
2023-12-11 12:11:01,14,15,9279,24217
2023-12-11 12:11:01,13,15,9279,24217
2023-12-11 12:11:01,14,15,9279,24217
2023-12-11 12:11:03,13,15,9279,24217
2023-12-11 12:11:19,14,15,9279,24217
2023-12-11 12:11:26,13,15,9279,24217
2023-12-11 12:11:30,14,15,9279,24217
2023-12-11 12:11:52,14,16,9279,24217
2023-12-11 12:11:57,15,16,9279,24217
2023-12-11 12:12:06,14,15,9279,24222
2023-12-11 12:12:11,13,15,9279,24222
2023-12-11 12:12:11,14,15,9279,24222
2023-12-11 12:12:55,13,15,9284,24227
2023-12-11 12:13:03,13,14,9284,24227
2023-12-11 12:13:03,12,14,9284,24227
2023-12-11 12:13:12,12,13,9284,24227
2023-12-11 12:13:17,12,14,9284,24227
2023-12-11 12:13:32,13,14,9284,24227
2023-12-11 12:13:38,13,15,9284,24227
2023-12-11 12:13:39,13,14,9284,24227
2023-12-11 12:13:40,13,15,9284,24227
2023-12-11 12:14:02,14,15,9284,24227
2023-12-11 12:14:02,14,15,9284,24287
2023-12-11 12:14:02,13,15,9284,24287
2023-12-11 12:14:10,14,15,9284,24287
2023-12-11 12:14:11,13,15,9284,24287
2023-12-11 12:14:15,14,15,9284,24287
2023-12-11 12:14:19,14,15,9274,24297
2023-12-11 12:14:23,13,15,9274,24297
2023-12-11 12:14:23,14,15,9274,24297
2023-12-11 12:14:29,13,15,9274,24297
2023-12-11 12:14:50,12,15,9274,24297
2023-12-11 12:14:50,13,15,9274,24297
2023-12-11 12:14:54,12,15,9274,24297
2023-12-11 12:14:54,13,15,9274,24297
2023-12-11 12:14:55,14,15,9274,24297
2023-12-11 12:14:58,13,15,9274,24297
2023-12-11 12:15:01,14,15,9274,24297
2023-12-11 12:15:03,13,15,9274,24297
2023-12-11 12:15:04,14,15,9274,24297
2023-12-11 12:15:06,13,15,9274,24297
2023-12-11 12:15:08,14,15,9274,24297
2023-12-11 12:15:12,14,16,9274,24297
2023-12-11 12:15:12,13,16,9274,24297
2023-12-11 12:15:16,14,16,9274,24297
2023-12-11 12:15:25,13,16,9274,24297
2023-12-11 12:15:27,14,16,9274,24297
2023-12-11 12:15:42,14,17,9274,24297
2023-12-11 12:15:49,15,17,9274,24297
2023-12-11 12:15:50,14,17,9274,24297
2023-12-11 12:15:54,14,16,9274,24297
2023-12-11 12:15:56,13,16,9274,24297
2023-12-11 12:16:03,14,16,9274,24297
2023-12-11 12:16:16,14,16,9274,24297
2023-12-11 12:16:20,13,16,9274,24297
2023-12-11 12:16:24,13,15,9274,24297
2023-12-11 12:16:32,13,16,9274,24297
2023-12-11 12:16:34,13,15,9274,24297
2023-12-11 12:16:36,13,16,9274,24297
2023-12-11 12:16:39,14,16,9274,24297
2023-12-11 12:16:47,13,16,9274,24297
2023-12-11 12:16:49,14,16,9274,24297
2023-12-11 12:17:02,13,16,9274,24297
2023-12-11 12:17:02,14,16,9274,24297
2023-12-11 12:17:04,13,16,9274,24297
2023-12-11 12:17:04,14,16,9274,24297
2023-12-11 12:17:15,14,15,9274,24297
2023-12-11 12:17:16,13,15,9274,24297
2023-12-11 12:17:33,14,15,9274,24297
2023-12-11 12:17:35,14,16,9274,24297
2023-12-11 12:17:41,13,16,9274,24297
2023-12-11 12:17:51,14,16,9274,24297
2023-12-11 12:18:01,15,16,9274,24297
2023-12-11 12:18:03,15,17,9274,24297
2023-12-11 12:18:04,14,17,9274,24297
2023-12-11 12:18:04,15,17,9274,24297
2023-12-11 12:18:50,14,17,9274,24297
2023-12-11 12:18:50,15,17,9274,24297
2023-12-11 12:19:06,15,16,9274,24297
2023-12-11 12:19:06,13,16,9274,24297
2023-12-11 12:19:06,14,16,9274,24297
2023-12-11 12:19:15,13,16,9274,24297
2023-12-11 12:19:21,14,16,9274,24297
2023-12-11 12:19:28,14,15,9274,24297
2023-12-11 12:19:30,13,15,9274,24297
2023-12-11 12:19:38,12,15,9274,24297
2023-12-11 12:19:38,13,15,9274,24297
2023-12-11 12:20:13,13,14,9274,24297
2023-12-11 12:20:13,12,14,9274,24297
2023-12-11 12:20:16,13,14,9274,24297
2023-12-11 12:20:24,12,14,9274,24297
2023-12-11 12:20:24,13,14,9274,24297
2023-12-11 12:20:25,12,14,9274,24297
2023-12-11 12:20:25,13,14,9274,24297
2023-12-11 12:20:30,12,14,9274,24297
2023-12-11 12:20:32,13,14,9274,24297
2023-12-11 12:20:33,12,14,9274,24297
2023-12-11 12:20:42,11,14,9274,24297
2023-12-11 12:20:43,11,13,9274,24297
2023-12-11 12:21:03,12,13,9274,24297
2023-12-11 12:21:05,11,13,9274,24297
2023-12-11 12:21:10,12,13,9274,24297
2023-12-11 12:21:13,11,13,9274,24297
2023-12-11 12:21:14,12,13,9274,24297
2023-12-11 12:21:16,11,13,9274,24297
2023-12-11 12:21:16,12,13,9274,24297
2023-12-11 12:21:30,11,13,9274,24297
2023-12-11 12:21:34,11,12,9274,24297
2023-12-11 12:22:07,10,12,9274,24297
2023-12-11 12:22:07,11,12,9274,24297
2023-12-11 12:22:19,10,12,9274,24297
2023-12-11 12:22:24,11,12,9274,24297
2023-12-11 12:22:34,11,12,9274,24302
2023-12-11 12:22:37,11,12,9274,24331
2023-12-11 12:22:48,10,12,9274,24331
2023-12-11 12:22:57,10,11,9274,24331
2023-12-11 12:24:03,9,11,9274,24331
2023-12-11 12:24:28,9,11,9274,24331
2023-12-11 12:24:28,10,11,9274,24331
2023-12-11 12:25:13,10,12,9274,24331
2023-12-11 12:25:14,11,12,9274,24331
2023-12-11 12:25:14,11,12,9274,24391
2023-12-11 12:25:29,11,12,9224,24591
2023-12-11 12:25:29,10,12,9224,24591
2023-12-11 12:25:45,11,12,9224,24591
2023-12-11 12:25:47,11,12,9235,24602
2023-12-11 12:26:21,11,13,9235,24602
2023-12-11 12:26:40,12,13,9235,24602
2023-12-11 12:26:41,11,13,9235,24602
2023-12-11 12:26:41,12,13,9235,24602
2023-12-11 12:26:42,11,13,9235,24602
2023-12-11 12:26:42,12,13,9235,24602
2023-12-11 12:26:47,11,13,9235,24602
2023-12-11 12:26:47,12,13,9235,24602
2023-12-11 12:27:04,11,13,9235,24602
2023-12-11 12:27:06,11,12,9235,24602
2023-12-11 12:27:24,11,12,9435,24802
2023-12-11 12:27:24,11,12,9435,25002
2023-12-11 12:27:25,11,12,9626,25202
2023-12-11 12:27:33,11,12,9826,25402
2023-12-11 12:27:37,9,12,9826,25402
2023-12-11 12:27:38,9,11,9826,25402
2023-12-11 12:28:46,10,11,9826,25402
2023-12-11 12:28:47,9,11,9826,25402
2023-12-11 12:28:48,10,11,9826,25402
2023-12-11 12:28:48,9,11,9826,25402
2023-12-11 12:28:49,10,11,9826,25402
2023-12-11 12:28:58,9,11,9826,25402
2023-12-11 12:30:06,9,10,9826,25402
2023-12-11 12:31:19,9,11,9826,25402
2023-12-11 12:31:37,10,11,9826,25402
2023-12-11 12:31:40,9,11,9826,25402
2023-12-11 12:31:42,10,11,9826,25402
2023-12-11 12:31:45,10,11,9926,25502
2023-12-11 12:32:03,9,11,9926,25502
2023-12-11 12:32:06,10,11,9926,25502
2023-12-11 12:32:27,9,11,9926,25502
2023-12-11 12:32:27,10,11,9926,25502
2023-12-11 12:32:28,9,11,9926,25502
2023-12-11 12:33:12,9,10,9926,25502
2023-12-11 12:33:23,9,11,9926,25502
2023-12-11 12:33:40,10,11,9926,25502
2023-12-11 12:33:49,9,11,9926,25502
2023-12-11 12:33:50,9,10,9926,25502
2023-12-11 12:35:20,9,11,9926,25502
2023-12-11 12:35:23,9,10,9926,25502
2023-12-11 12:35:38,9,11,9926,25502
2023-12-11 12:35:44,9,10,9926,25502
2023-12-11 12:35:47,9,11,9926,25502
2023-12-11 12:35:51,9,10,9926,25502
2023-12-11 12:36:18,9,10,10126,25702
2023-12-11 12:36:22,9,10,10326,25902
2023-12-11 12:36:25,9,10,10446,26022
2023-12-11 12:36:28,9,10,10592,26168
2023-12-11 12:36:28,9,10,10738,26314
2023-12-11 12:36:29,7,9,11365,26941
2023-12-11 12:36:30,7,10,11365,26941
2023-12-11 12:36:40,8,10,11365,26941
2023-12-11 12:37:39,7,10,11365,26941
2023-12-11 12:37:39,8,10,11365,26941
2023-12-11 12:37:53,7,10,11365,26941
2023-12-11 12:37:53,8,10,11365,26941
2023-12-11 12:38:04,7,10,11365,26941
2023-12-11 12:38:04,8,10,11365,26941
2023-12-11 12:38:10,8,9,11365,26941
2023-12-11 12:38:12,8,10,11365,26941
2023-12-11 12:38:25,8,9,11365,26941
2023-12-11 12:38:27,8,10,11365,26941
2023-12-11 12:38:43,8,9,11365,26941
2023-12-11 12:38:45,8,10,11365,26941
2023-12-11 12:38:46,8,9,11365,26941
2023-12-11 12:38:50,8,10,11365,26941
2023-12-11 12:38:52,8,9,11365,26941
2023-12-11 12:38:54,8,10,11365,26941
2023-12-11 12:38:55,8,9,11365,26941
2023-12-11 12:39:00,8,10,11365,26941
2023-12-11 12:39:02,9,10,11365,26941
2023-12-11 12:39:02,8,10,11465,27041
2023-12-11 12:39:04,8,9,11465,27041
2023-12-11 12:39:06,7,9,11465,27041
2023-12-11 12:39:23,8,9,11465,27041
2023-12-11 12:39:25,7,9,11465,27041
2023-12-11 12:39:29,8,9,11465,27041
2023-12-11 12:39:32,7,9,11465,27041
2023-12-11 12:39:35,8,9,11465,27041
2023-12-11 12:39:36,7,9,11465,27041
2023-12-11 12:39:39,7,8,11465,27041
2023-12-11 12:40:22,6,8,11465,27041
2023-12-11 12:40:27,6,7,11465,27041
2023-12-11 12:43:22,6,8,11665,27241
2023-12-11 12:43:22,7,8,11665,27241
2023-12-11 12:43:47,7,9,11665,27241
2023-12-11 12:43:50,8,9,11665,27241
2023-12-11 12:44:05,8,9,11860,27441
2023-12-11 12:44:05,6,9,11860,27441
2023-12-11 12:44:05,8,9,11860,27441
2023-12-11 12:44:17,8,9,12060,27641
2023-12-11 12:45:57,8,9,12187,27768
2023-12-11 12:46:04,8,9,12289,27870
2023-12-11 12:46:05,8,9,12424,28005
2023-12-11 12:46:21,8,9,12528,28109
2023-12-11 12:46:22,8,9,12728,28309
2023-12-11 12:46:23,8,9,12842,28423
2023-12-11 12:46:28,8,9,13042,28623
2023-12-11 12:46:28,8,9,13242,28823
2023-12-11 12:46:37,8,9,13429,29010
2023-12-11 12:46:42,8,9,13569,29150
2023-12-11 12:46:47,8,9,13719,29300
2023-12-11 12:46:54,6,9,13719,29606
2023-12-11 12:46:55,6,8,13719,29606
2023-12-11 12:47:38,7,8,13719,29606
2023-12-11 12:47:55,6,8,13719,29606
2023-12-11 12:47:55,6,9,13719,29606
2023-12-11 12:47:55,7,9,13719,29606
2023-12-11 12:47:55,7,8,13719,29606
2023-12-11 12:48:20,6,8,13719,29606
2023-12-11 12:48:21,7,8,13719,29606
2023-12-11 12:48:28,7,8,13719,29611
2023-12-11 12:48:36,7,9,13719,29611
2023-12-11 12:49:29,7,8,13719,29611
2023-12-11 12:50:58,6,8,13724,29616
2023-12-11 12:50:58,6,7,13724,29616
2023-12-11 12:51:26,6,8,13724,29616
2023-12-11 12:51:58,6,9,13724,29616
2023-12-11 12:52:13,6,8,13724,29616
2023-12-11 12:52:34,6,9,13724,29616
2023-12-11 12:52:34,6,8,13724,29616
2023-12-11 12:52:44,7,8,13724,29616
2023-12-11 12:52:50,7,9,13724,29616
2023-12-11 12:52:55,6,9,13724,29616
2023-12-11 12:52:55,6,8,13724,29616
2023-12-11 12:53:01,6,9,13724,29616
2023-12-11 12:53:01,6,8,13724,29616
2023-12-11 12:53:13,7,8,13724,29616
2023-12-11 12:53:23,7,9,13724,29616
2023-12-11 12:53:26,7,8,13724,29616
2023-12-11 12:53:33,6,8,13724,29616
2023-12-11 12:53:48,7,8,13724,29616
2023-12-11 12:53:49,6,8,13724,29616
2023-12-11 12:53:50,7,8,13724,29616
2023-12-11 12:53:50,6,8,13724,29616
2023-12-11 12:53:51,7,8,13724,29616
2023-12-11 12:53:51,7,9,13724,29616
2023-12-11 12:53:54,6,9,13724,29616
2023-12-11 12:53:55,7,9,13724,29616
2023-12-11 12:53:55,6,9,13724,29616
2023-12-11 12:54:03,7,9,13724,29616
2023-12-11 12:54:04,7,8,13724,29616
2023-12-11 12:54:20,6,8,13724,29616
2023-12-11 12:54:20,7,8,13724,29616
2023-12-11 12:54:24,6,8,13724,29616
2023-12-11 12:54:26,7,8,13724,29616
2023-12-11 12:54:27,6,8,13724,29616
2023-12-11 12:54:28,7,8,13724,29616
2023-12-11 12:54:28,6,8,13724,29616
2023-12-11 12:54:43,6,9,13724,29616
2023-12-11 12:54:43,6,8,13724,29616
2023-12-11 12:58:57,6,7,13724,29616
2023-12-11 12:59:23,6,8,13724,29616
2023-12-11 12:59:23,6,7,13724,29616
2023-12-11 12:59:39,6,8,13724,29616
2023-12-11 12:59:39,6,7,13724,29616
2023-12-11 13:00:01,6,8,13724,29616
2023-12-11 13:00:01,6,7,13724,29616
2023-12-11 13:00:02,6,8,13724,29616
2023-12-11 13:00:08,6,7,13724,29616
2023-12-11 13:00:57,6,8,13724,29616
2023-12-11 13:00:57,6,7,13724,29616
2023-12-11 13:01:04,6,8,13724,29616
2023-12-11 13:01:05,6,7,13724,29616
2023-12-11 13:01:42,6,8,13724,29616
2023-12-11 13:01:46,6,7,13724,29616
2023-12-11 13:01:47,6,7,13924,29816
2023-12-11 13:01:53,6,8,13924,29816
2023-12-11 13:01:53,6,10,13924,29816
2023-12-11 13:01:56,7,10,13924,29816
2023-12-11 13:01:57,7,11,13924,29816
2023-12-11 13:02:01,7,10,13924,29816
2023-12-11 13:02:06,6,10,13924,29816
2023-12-11 13:02:08,6,9,13924,29816
2023-12-11 13:02:34,6,8,13924,29816
2023-12-11 13:03:02,6,7,13924,29816
2023-12-11 13:03:04,6,8,13924,29816
2023-12-11 13:03:04,6,7,13924,29816
2023-12-11 13:03:06,6,8,13924,29816
2023-12-11 13:03:19,6,7,13924,29816
2023-12-11 13:03:38,4,7,13974,29866
2023-12-11 13:03:38,4,6,13974,29866
2023-12-11 13:03:57,4,7,13974,29866
2023-12-11 13:03:57,4,5,13974,29866
2023-12-11 13:04:26,4,5,13976,29868
2023-12-11 13:04:26,4,5,13978,29870
2023-12-11 13:04:50,4,5,13980,29872
2023-12-11 13:05:20,4,5,14040,29932
2023-12-11 13:05:50,4,5,14100,29992
2023-12-11 13:06:20,4,6,14100,29992
2023-12-11 13:06:20,4,5,14100,29992
2023-12-11 13:06:33,4,6,14100,29992
2023-12-11 13:06:33,4,5,14100,29992
2023-12-11 13:06:38,4,5,14216,30108
2023-12-11 13:06:40,4,6,14216,30108
2023-12-11 13:06:41,4,5,14216,30108
2023-12-11 13:06:44,4,6,14216,30108
2023-12-11 13:06:53,4,5,14216,30108
2023-12-11 13:07:25,4,5,14391,30283
2023-12-11 13:07:26,3,5,14391,30283
2023-12-11 13:07:37,3,6,14391,30283
2023-12-11 13:07:37,3,5,14391,30283
2023-12-11 13:07:52,3,6,14391,30283
2023-12-11 13:07:52,3,5,14391,30283
2023-12-11 13:09:33,3,6,14391,30283
2023-12-11 13:09:33,3,5,14391,30283
2023-12-11 13:09:34,3,6,14391,30283
2023-12-11 13:09:34,3,5,14391,30283
2023-12-11 13:09:49,3,6,14391,30283
2023-12-11 13:09:49,3,5,14391,30283
2023-12-11 13:09:57,3,6,14391,30283
2023-12-11 13:09:58,3,5,14391,30283
2023-12-11 13:10:13,3,6,14391,30283
2023-12-11 13:10:19,4,6,14391,30283
2023-12-11 13:10:21,3,6,14391,30283
2023-12-11 13:10:22,4,6,14391,30283
2023-12-11 13:10:22,3,6,14391,30283
2023-12-11 13:10:26,3,5,14391,30283
2023-12-11 13:10:28,4,5,14391,30283
2023-12-11 13:10:30,3,5,14391,30283
2023-12-11 13:10:39,4,5,14391,30283
2023-12-11 13:10:52,3,5,14391,30283
2023-12-11 13:10:58,4,5,14391,30283
2023-12-11 13:10:59,3,5,14391,30283
2023-12-11 13:10:59,4,5,14391,30283
2023-12-11 13:11:01,3,5,14391,30283
2023-12-11 13:11:10,3,6,14391,30283
2023-12-11 13:11:10,3,5,14391,30283
2023-12-11 13:11:11,3,6,14391,30283
2023-12-11 13:11:11,3,5,14391,30283
2023-12-11 13:11:16,4,5,14391,30283
2023-12-11 13:11:19,3,5,14391,30283
2023-12-11 13:11:22,4,5,14391,30283
2023-12-11 13:11:32,4,6,14391,30283
2023-12-11 13:11:32,3,6,14391,30283
2023-12-11 13:11:32,3,5,14391,30283
2023-12-11 13:11:32,4,5,14391,30283
2023-12-11 13:11:35,4,6,14391,30283
2023-12-11 13:11:38,4,5,14391,30283
2023-12-11 13:11:52,3,5,14391,30283
2023-12-11 13:12:07,3,6,14391,30283
2023-12-11 13:12:07,3,5,14391,30283
2023-12-11 13:12:23,3,6,14391,30283
2023-12-11 13:12:23,3,5,14391,30283
2023-12-11 13:14:13,4,5,14391,30283
2023-12-11 13:14:19,4,6,14391,30283
2023-12-11 13:15:35,3,6,14391,30283
2023-12-11 13:15:43,4,6,14391,30283
2023-12-11 13:15:45,3,6,14391,30283
2023-12-11 13:15:47,4,6,14391,30283
2023-12-11 13:15:48,4,5,14391,30283
2023-12-11 13:15:48,3,5,14391,30283
2023-12-11 13:15:48,4,5,14391,30283
2023-12-11 13:15:48,4,6,14391,30283
2023-12-11 13:15:49,4,5,14391,30283
2023-12-11 13:15:49,4,6,14391,30283
2023-12-11 13:15:50,4,5,14391,30283
2023-12-11 13:15:58,4,6,14391,30283
2023-12-11 13:15:59,3,6,14391,30283
2023-12-11 13:15:59,4,6,14391,30283
2023-12-11 13:16:00,4,5,14391,30283
2023-12-11 13:16:15,3,5,14391,30283
2023-12-11 13:16:46,3,6,14391,30283
2023-12-11 13:16:46,3,5,14391,30283
2023-12-11 13:17:04,3,6,14391,30283
2023-12-11 13:17:04,3,5,14391,30283
2023-12-11 13:17:21,3,5,14564,30456
2023-12-11 13:18:00,3,5,14674,30566
2023-12-11 13:18:02,3,5,14811,30703
2023-12-11 13:18:03,3,5,14891,30902
2023-12-11 13:18:04,3,4,14891,30902
2023-12-11 13:18:07,3,4,14923,31015
2023-12-11 13:18:13,3,4,15080,31172
2023-12-11 13:18:16,2,4,15080,31172
2023-12-11 13:19:01,2,4,15280,31372
2023-12-11 13:20:30,2,3,15280,31372
2023-12-11 13:20:52,2,4,15280,31372
2023-12-11 13:20:52,2,3,15280,31372
2023-12-11 13:21:00,2,4,15280,31372
2023-12-11 13:21:01,2,3,15280,31372
2023-12-11 13:22:23,2,4,15280,31372
2023-12-11 13:22:23,2,3,15280,31372
2023-12-11 13:22:44,2,3,15280,31374
2023-12-11 13:22:45,2,4,15280,31374
2023-12-11 13:22:45,2,3,15280,31374
2023-12-11 13:23:19,2,4,15280,31374
2023-12-11 13:23:19,2,3,15280,31374
2023-12-11 13:23:23,2,4,15280,31374
2023-12-11 13:23:33,2,3,15280,31374
2023-12-11 13:24:22,2,4,15280,31374
2023-12-11 13:24:22,2,3,15280,31374
2023-12-11 13:24:38,2,3,15280,31424
2023-12-11 13:25:15,2,4,15280,31424
2023-12-11 13:25:15,2,3,15280,31424
2023-12-11 13:25:26,2,4,15280,31424
2023-12-11 13:25:26,2,3,15280,31424
2023-12-11 13:25:34,2,4,15280,31424
2023-12-11 13:25:34,2,3,15280,31424
2023-12-11 13:25:39,2,4,15280,31424
2023-12-11 13:25:39,2,3,15280,31424
2023-12-11 13:27:07,2,4,15280,31424
2023-12-11 13:27:07,2,3,15280,31424
2023-12-11 13:29:02,2,4,15280,31424
2023-12-11 13:29:02,2,3,15280,31424
2023-12-11 13:49:23,2,3,15280,31548
2023-12-11 13:49:44,1,3,15280,31622
2023-12-11 13:50:35,1,3,15318,31660
2023-12-11 14:06:06,1,3,15498,31840
2023-12-11 14:06:13,1,3,15678,32020
2023-12-11 14:06:58,0,3,15678,32020
2023-12-11 14:07:07,1,3,15678,32020
2023-12-11 14:20:36,1,3,15683,32025
2023-12-11 14:21:25,1,3,15688,32030
2023-12-11 14:45:00,0,3,15688,32030
2023-12-11 14:45:08,1,3,15688,32030
2023-12-11 14:52:47,1,3,15688,32130
2023-12-11 14:55:28,0,3,15688,32230
2023-12-11 15:18:04,0,2,15688,32230
2023-12-11 15:18:06,0,3,15688,32230
2023-12-11 15:22:20,0,1,15688,32230
