datetime,bid,ask,open_interest,volume
2023-05-30 09:30:03,9,11,6074,8514
2023-05-30 09:30:04,8,11,6074,8514
2023-05-30 09:30:04,8,11,6074,8559
2023-05-30 09:30:25,8,11,6079,8659
2023-05-30 09:30:27,11,12,6169,8749
2023-05-30 09:30:31,8,12,6169,8749
2023-05-30 09:30:33,7,12,6169,8749
2023-05-30 09:30:35,8,12,6169,8749
2023-05-30 09:31:04,9,12,6169,8749
2023-05-30 09:31:04,11,12,6169,8749
2023-05-30 09:31:16,12,14,6224,8804
2023-05-30 09:31:17,11,14,6224,8804
2023-05-30 09:31:18,12,14,6224,8804
2023-05-30 09:31:28,13,14,6224,8804
2023-05-30 09:32:02,14,15,6269,8849
2023-05-30 09:32:03,13,15,6269,8849
2023-05-30 09:32:49,13,14,6269,8849
2023-05-30 09:32:53,11,12,6259,8859
2023-05-30 09:34:02,10,11,6254,8864
2023-05-30 09:35:28,11,12,6259,8869
2023-05-30 09:35:53,11,13,6304,9274
2023-05-30 09:36:11,11,13,6304,9474
2023-05-30 09:36:12,12,13,6304,9474
2023-05-30 09:36:18,12,14,6349,9519
2023-05-30 09:36:23,13,14,6349,9519
2023-05-30 09:37:14,12,13,6344,9824
2023-05-30 09:39:23,12,13,6349,10024
2023-05-30 09:40:20,12,13,6594,10274
2023-05-30 09:42:02,12,13,6719,10404
2023-05-30 09:42:10,11,13,6719,10404
2023-05-30 09:43:01,12,13,6719,10404
2023-05-30 09:43:01,11,13,6919,10604
2023-05-30 09:43:16,12,13,6919,10604
2023-05-30 09:43:22,13,14,6924,10609
2023-05-30 09:43:22,12,14,6924,10609
2023-05-30 09:43:33,13,14,6924,10609
2023-05-30 09:43:47,14,15,6929,10614
2023-05-30 09:43:48,14,15,6929,10794
2023-05-30 09:44:08,14,15,6929,10994
2023-05-30 09:44:17,14,15,7124,11194
2023-05-30 09:44:40,13,14,7124,11199
2023-05-30 09:44:40,13,15,7124,11199
2023-05-30 09:46:00,14,15,7124,11199
2023-05-30 09:46:15,14,15,7169,11399
2023-05-30 09:46:18,15,17,7169,11484
2023-05-30 09:46:41,15,16,7169,11484
2023-05-30 09:46:42,15,17,7169,11484
2023-05-30 09:46:43,15,16,7169,11484
2023-05-30 09:47:06,14,15,7164,11789
2023-05-30 09:47:07,14,16,7164,11789
2023-05-30 09:47:07,14,15,7164,11789
2023-05-30 09:47:07,14,16,7164,11789
2023-05-30 09:47:09,14,15,7164,11789
2023-05-30 09:47:14,13,14,7164,11794
2023-05-30 09:47:14,13,15,7164,11794
2023-05-30 09:47:17,14,15,7164,11794
2023-05-30 09:47:40,14,15,7164,12044
2023-05-30 09:48:19,13,15,7159,12049
2023-05-30 09:49:18,13,14,7159,12049
2023-05-30 09:49:28,13,15,7159,12049
2023-05-30 09:49:28,13,14,7159,12049
2023-05-30 09:50:50,13,14,7164,12149
2023-05-30 09:51:38,14,15,7169,12334
2023-05-30 09:51:41,14,17,7169,12334
2023-05-30 09:51:42,14,16,7169,12334
2023-05-30 09:52:41,15,16,7169,12334
2023-05-30 09:53:38,16,17,7214,12379
2023-05-30 09:53:39,17,18,7259,12424
2023-05-30 09:53:39,17,18,7264,12429
2023-05-30 09:53:39,17,18,7269,12434
2023-05-30 09:53:55,18,19,7314,12479
2023-05-30 09:54:41,18,19,7454,12624
2023-05-30 09:55:22,19,20,7499,12669
2023-05-30 09:55:24,19,20,7599,12769
2023-05-30 09:56:14,18,19,7594,12774
2023-05-30 09:56:20,18,19,7759,12944
2023-05-30 09:57:28,19,20,7764,12949
2023-05-30 09:57:33,18,20,7764,12949
2023-05-30 09:57:33,19,20,7764,12949
2023-05-30 09:58:40,18,19,7759,12954
2023-05-30 09:58:41,18,20,7759,12954
2023-05-30 09:58:46,18,19,7759,12954
2023-05-30 09:58:53,17,19,7759,12959
2023-05-30 10:00:56,18,19,7759,12959
2023-05-30 10:01:02,18,19,7764,13159
2023-05-30 10:01:06,18,20,7764,13159
2023-05-30 10:01:06,19,20,7764,13159
2023-05-30 10:01:07,19,20,7926,13321
2023-05-30 10:01:07,19,20,8088,13483
2023-05-30 10:01:35,20,21,8133,13528
2023-05-30 10:01:36,21,22,8178,13573
2023-05-30 10:01:38,21,23,8178,13573
2023-05-30 10:01:38,22,23,8178,13573
2023-05-30 10:01:38,22,23,8223,13618
2023-05-30 10:01:38,22,23,8269,13664
2023-05-30 10:01:40,22,23,8314,13709
2023-05-30 10:01:44,22,23,8314,13809
2023-05-30 10:01:46,22,23,8314,13909
2023-05-30 10:01:47,22,23,8314,14009
2023-05-30 10:02:29,22,23,8314,14109
2023-05-30 10:02:32,22,23,8314,14209
2023-05-30 10:02:33,22,23,8314,14409
2023-05-30 10:02:40,22,23,8314,14484
2023-05-30 10:02:44,22,23,8314,14584
2023-05-30 10:02:45,22,23,8314,14684
2023-05-30 10:02:46,22,23,8314,14784
2023-05-30 10:02:48,22,23,8314,14884
2023-05-30 10:02:49,22,23,8314,14984
2023-05-30 10:02:51,23,25,8314,15066
2023-05-30 10:04:13,23,25,8314,15216
2023-05-30 10:05:10,23,24,8314,15216
2023-05-30 10:05:18,23,25,8314,15216
2023-05-30 10:05:47,23,24,8314,15216
2023-05-30 10:05:48,23,25,8314,15216
2023-05-30 10:05:49,23,24,8314,15216
2023-05-30 10:06:44,22,23,8309,15221
2023-05-30 10:06:50,22,23,8304,15421
2023-05-30 10:07:01,22,23,8304,15621
2023-05-30 10:07:01,21,22,8299,15756
2023-05-30 10:07:02,21,23,8299,15756
2023-05-30 10:07:03,21,22,8299,15756
2023-05-30 10:07:12,20,22,8294,15906
2023-05-30 10:08:07,21,22,8294,15906
2023-05-30 10:08:19,20,22,8294,15906
2023-05-30 10:10:04,20,21,8294,15906
2023-05-30 10:10:14,20,22,8294,15906
2023-05-30 10:10:15,20,21,8294,15906
2023-05-30 10:10:22,19,20,8289,15911
2023-05-30 10:10:22,18,20,8289,15911
2023-05-30 10:10:55,19,20,8289,15911
2023-05-30 10:10:58,18,20,8289,15911
2023-05-30 10:10:59,19,20,8289,15911
2023-05-30 10:11:13,19,20,8289,16111
2023-05-30 10:11:14,20,22,8294,16116
2023-05-30 10:11:26,20,21,8294,16116
2023-05-30 10:11:42,19,20,8289,16266
2023-05-30 10:11:43,20,21,8289,16316
2023-05-30 10:11:48,19,21,8289,16316
2023-05-30 10:11:48,20,21,8289,16316
2023-05-30 10:11:48,19,20,8284,16321
2023-05-30 10:12:01,20,21,8289,16326
2023-05-30 10:12:20,21,22,8294,16331
2023-05-30 10:12:38,21,23,8299,16336
2023-05-30 10:12:46,22,23,8299,16336
2023-05-30 10:12:49,23,24,8344,16381
2023-05-30 10:12:56,21,24,8344,16381
2023-05-30 10:12:58,22,24,8344,16381
2023-05-30 10:13:01,21,24,8344,16381
2023-05-30 10:13:22,21,23,8344,16381
2023-05-30 10:13:28,21,22,8344,16381
2023-05-30 10:13:47,20,21,8339,16386
2023-05-30 10:13:59,20,21,8334,16586
2023-05-30 10:14:01,18,21,8334,16586
2023-05-30 10:14:01,18,20,8334,16586
2023-05-30 10:14:16,19,20,8334,16586
2023-05-30 10:14:55,19,20,8334,16786
2023-05-30 10:15:46,18,20,8334,16836
2023-05-30 10:15:57,19,20,8334,16836
2023-05-30 10:15:58,18,20,8334,16836
2023-05-30 10:15:59,19,20,8334,16836
2023-05-30 10:16:01,18,20,8334,16836
2023-05-30 10:16:28,18,19,8334,16836
2023-05-30 10:16:37,17,19,8259,16911
2023-05-30 10:16:39,16,19,8259,16911
2023-05-30 10:16:39,17,19,8259,16911
2023-05-30 10:16:41,17,18,8259,16911
2023-05-30 10:16:44,17,19,8259,16911
2023-05-30 10:16:51,17,18,8259,16911
2023-05-30 10:16:52,17,19,8259,16911
2023-05-30 10:16:53,17,18,8259,16911
2023-05-30 10:17:53,16,17,8154,17016
2023-05-30 10:17:54,16,18,8154,17016
2023-05-30 10:17:55,16,17,8154,17016
2023-05-30 10:17:58,15,16,8084,17086
2023-05-30 10:18:02,14,16,8084,17086
2023-05-30 10:18:10,14,15,8084,17086
2023-05-30 10:20:06,13,14,8079,17091
2023-05-30 10:20:29,12,13,8074,17246
2023-05-30 10:20:30,12,14,8074,17246
2023-05-30 10:21:03,12,13,8074,17246
2023-05-30 10:21:05,11,13,8049,17271
2023-05-30 10:22:23,12,13,8049,17271
2023-05-30 10:22:30,12,13,8054,17471
2023-05-30 10:22:33,12,15,8054,17471
2023-05-30 10:22:33,12,16,8054,17471
2023-05-30 10:22:33,13,16,8054,17471
2023-05-30 10:22:33,13,15,8054,17471
2023-05-30 10:23:13,14,15,8054,17471
2023-05-30 10:23:15,15,17,8059,17476
2023-05-30 10:23:15,15,17,8064,17481
2023-05-30 10:23:25,16,17,8064,17481
2023-05-30 10:23:28,16,18,8109,17556
2023-05-30 10:23:36,17,18,8109,17556
2023-05-30 10:24:28,18,19,8154,17601
2023-05-30 10:25:30,20,21,8244,17691
2023-05-30 10:27:21,21,22,8289,17736
2023-05-30 10:27:21,21,23,8289,17736
2023-05-30 10:28:11,21,22,8289,17736
2023-05-30 10:28:35,22,23,8334,17781
2023-05-30 10:28:35,22,23,8484,17931
2023-05-30 10:28:38,24,25,8529,17976
2023-05-30 10:28:39,24,26,8529,17976
2023-05-30 10:28:41,24,25,8529,17976
2023-05-30 10:28:43,26,27,8574,18221
2023-05-30 10:28:43,26,27,8614,18261
2023-05-30 10:28:43,26,27,8699,18346
2023-05-30 10:28:44,25,27,8744,18391
2023-05-30 10:28:46,24,27,8744,18391
2023-05-30 10:28:54,25,27,8744,18391
2023-05-30 10:29:12,26,27,8744,18391
2023-05-30 10:29:13,25,27,8764,18411
2023-05-30 10:29:13,25,27,8844,18491
2023-05-30 10:29:14,26,27,8844,18491
2023-05-30 10:29:14,26,27,8939,18586
2023-05-30 10:29:15,26,27,8964,18611
2023-05-30 10:29:27,25,27,8964,18611
2023-05-30 10:29:28,25,26,8964,18611
2023-05-30 10:29:37,24,26,8959,18616
2023-05-30 10:29:38,24,25,8959,18616
2023-05-30 10:29:46,25,26,8964,18641
2023-05-30 10:29:54,25,26,8964,18841
2023-05-30 10:30:00,24,26,8959,18846
2023-05-30 10:31:00,24,25,8959,18846
2023-05-30 10:31:30,23,24,8949,18856
2023-05-30 10:31:37,22,23,8944,18861
2023-05-30 10:32:18,21,22,8939,18866
2023-05-30 10:32:29,21,22,9026,18953
2023-05-30 10:32:29,21,22,9113,19040
2023-05-30 10:32:29,20,22,9038,19115
2023-05-30 10:32:46,20,21,9038,19115
2023-05-30 10:32:56,19,20,8963,19190
2023-05-30 10:32:57,19,21,8963,19190
2023-05-30 10:32:58,19,20,8963,19190
2023-05-30 10:33:10,17,20,8963,19190
2023-05-30 10:33:18,18,20,8963,19190
2023-05-30 10:33:32,19,20,8963,19190
2023-05-30 10:33:47,19,20,8963,19590
2023-05-30 10:33:47,21,22,8968,19720
2023-05-30 10:33:52,22,23,8973,19725
2023-05-30 10:36:39,23,24,8978,19730
2023-05-30 10:36:41,22,24,8978,19730
2023-05-30 10:36:42,23,24,8978,19730
2023-05-30 10:36:49,22,24,8978,19730
2023-05-30 10:38:02,23,24,8978,19730
2023-05-30 10:38:02,23,25,9043,20030
2023-05-30 10:38:16,24,25,9043,20030
2023-05-30 10:38:48,23,25,9043,20055
2023-05-30 10:39:01,23,24,9043,20055
2023-05-30 10:39:16,23,24,9063,20080
2023-05-30 10:39:20,23,24,9063,20280
2023-05-30 10:39:21,22,24,9063,20280
2023-05-30 10:39:21,23,24,9063,20280
2023-05-30 10:39:21,22,23,9058,20285
2023-05-30 10:40:07,23,24,9063,20290
2023-05-30 10:40:39,22,23,9058,20295
2023-05-30 10:40:51,21,23,9053,20300
2023-05-30 10:41:10,22,23,9053,20300
2023-05-30 10:41:11,21,23,9053,20300
2023-05-30 10:41:11,22,23,9053,20300
2023-05-30 10:41:13,22,23,9053,20350
2023-05-30 10:43:51,21,22,9048,20355
2023-05-30 10:44:17,22,23,9053,20360
2023-05-30 10:45:07,23,24,9058,20365
2023-05-30 10:45:14,24,25,9063,20370
2023-05-30 10:45:59,23,24,9058,20445
2023-05-30 10:46:00,23,25,9058,20445
2023-05-30 10:46:04,23,24,9058,20445
2023-05-30 10:46:15,22,24,9058,20445
2023-05-30 10:47:05,23,24,9058,20445
2023-05-30 10:48:04,24,25,9063,20450
2023-05-30 10:48:06,25,26,9068,20455
2023-05-30 10:48:07,24,25,9068,20655
2023-05-30 10:48:08,25,26,9068,20830
2023-05-30 10:48:18,26,27,9113,20875
2023-05-30 10:48:45,25,26,9108,20880
2023-05-30 10:49:07,24,26,9108,20880
2023-05-30 10:49:09,25,26,9108,20880
2023-05-30 10:49:24,25,26,9108,21080
2023-05-30 10:49:29,23,25,9103,21110
2023-05-30 10:49:32,23,24,9103,21110
2023-05-30 10:50:06,22,24,9098,21115
2023-05-30 10:50:51,22,23,9098,21115
2023-05-30 10:50:53,21,22,9058,21155
2023-05-30 10:51:17,20,22,8973,21240
2023-05-30 10:51:37,21,22,8973,21240
2023-05-30 10:52:24,20,21,8963,21325
2023-05-30 10:52:24,20,21,8963,21375
2023-05-30 10:52:25,20,22,8963,21375
2023-05-30 10:52:28,19,20,8928,21410
2023-05-30 10:54:37,20,21,8973,21455
2023-05-30 10:54:38,21,22,9018,21650
2023-05-30 10:54:46,22,23,9063,21695
2023-05-30 10:55:43,21,23,9063,21695
2023-05-30 10:55:43,22,23,9063,21695
2023-05-30 10:55:44,22,23,9063,21895
2023-05-30 10:56:04,21,22,9058,21900
2023-05-30 10:56:37,20,21,9053,21905
2023-05-30 10:56:44,19,20,9048,21910
2023-05-30 10:57:12,19,20,9048,21915
2023-05-30 10:57:31,20,21,9053,21920
2023-05-30 10:57:38,21,22,9058,21925
2023-05-30 10:58:33,22,23,9063,21930
2023-05-30 10:58:33,22,23,9068,21935
2023-05-30 11:00:09,23,24,9113,21980
2023-05-30 11:00:36,22,23,9108,21985
2023-05-30 11:01:09,21,23,9103,21990
2023-05-30 11:01:45,21,22,9103,21990
2023-05-30 11:02:04,20,21,9098,21995
2023-05-30 11:02:31,19,20,9093,22000
2023-05-30 11:02:41,17,19,9053,22040
2023-05-30 11:03:32,18,19,9053,22040
2023-05-30 11:03:35,19,20,9058,22045
2023-05-30 11:04:54,18,20,9018,22085
2023-05-30 11:05:03,18,20,9023,22104
2023-05-30 11:05:38,18,19,9023,22104
2023-05-30 11:06:12,19,20,9028,22109
2023-05-30 11:06:27,20,21,9033,22114
2023-05-30 11:07:12,19,21,9033,22114
2023-05-30 11:07:40,19,20,9033,22114
2023-05-30 11:08:35,20,21,9038,22119
2023-05-30 11:09:20,19,21,9038,22119
2023-05-30 11:09:54,19,20,9038,22119
2023-05-30 11:10:18,20,21,9045,22126
2023-05-30 11:10:18,20,21,9125,22206
2023-05-30 11:10:28,21,22,9135,22216
2023-05-30 11:11:37,20,21,9130,22371
2023-05-30 11:11:38,20,22,9130,22371
2023-05-30 11:11:40,20,21,9130,22371
2023-05-30 11:12:27,20,21,9130,22571
2023-05-30 11:12:28,20,21,9130,22671
2023-05-30 11:12:29,21,22,9135,22676
2023-05-30 11:12:29,21,22,9215,22756
2023-05-30 11:12:29,20,21,9280,22821
2023-05-30 11:12:30,21,22,9295,22836
2023-05-30 11:13:17,22,23,9300,22841
2023-05-30 11:13:45,22,23,9295,23041
2023-05-30 11:13:47,21,23,9295,23041
2023-05-30 11:13:47,21,22,9295,23041
2023-05-30 11:15:32,22,23,9305,23051
2023-05-30 11:15:34,22,23,9310,23151
2023-05-30 11:15:35,22,24,9310,23151
2023-05-30 11:15:35,23,24,9310,23151
2023-05-30 11:15:45,24,25,9355,23196
2023-05-30 11:15:49,23,25,9355,23196
2023-05-30 11:15:49,24,25,9355,23196
2023-05-30 11:15:56,24,27,9400,23391
2023-05-30 11:15:58,25,27,9400,23391
2023-05-30 11:16:01,26,27,9400,23391
2023-05-30 11:16:02,27,29,9445,23511
2023-05-30 11:16:02,28,29,9445,23511
2023-05-30 11:16:04,28,30,9445,23511
2023-05-30 11:16:05,28,31,9445,23511
2023-05-30 11:16:06,28,29,9445,23511
2023-05-30 11:16:07,29,31,9490,23556
2023-05-30 11:16:09,29,31,9495,23561
2023-05-30 11:16:09,29,31,9500,23566
2023-05-30 11:16:10,29,31,9535,23601
2023-05-30 11:16:15,29,32,9600,23866
2023-05-30 11:16:24,30,32,9600,23866
2023-05-30 11:16:24,29,32,9600,23886
2023-05-30 11:16:35,29,31,9600,23886
2023-05-30 11:16:41,29,31,9645,23936
2023-05-30 11:17:03,29,30,9645,23936
2023-05-30 11:17:03,28,30,9645,23941
2023-05-30 11:17:10,27,30,9645,23941
2023-05-30 11:17:15,26,30,9645,23941
2023-05-30 11:17:17,26,29,9645,23941
2023-05-30 11:17:22,27,29,9645,23941
2023-05-30 11:17:42,28,29,9645,23941
2023-05-30 11:17:42,28,29,9650,23946
2023-05-30 11:17:42,28,29,9690,23986
2023-05-30 11:18:10,27,29,9690,23991
2023-05-30 11:18:10,27,29,9725,24066
2023-05-30 11:18:14,27,28,9725,24066
2023-05-30 11:18:40,26,27,9685,24106
2023-05-30 11:18:41,26,28,9685,24106
2023-05-30 11:19:18,27,28,9685,24106
2023-05-30 11:19:31,27,28,9685,24550
2023-05-30 11:20:00,28,29,9730,24595
2023-05-30 11:20:41,29,30,9735,24600
2023-05-30 11:20:51,30,31,9780,24645
2023-05-30 11:20:51,30,31,9825,24845
2023-05-30 11:20:51,30,31,9835,24855
2023-05-30 11:20:51,29,31,9980,25000
2023-05-30 11:20:53,30,31,9980,25000
2023-05-30 11:20:54,30,31,9980,25200
2023-05-30 11:20:54,30,31,9995,25400
2023-05-30 11:20:55,31,34,10025,25430
2023-05-30 11:20:55,32,34,10025,25430
2023-05-30 11:21:02,34,35,10025,25630
2023-05-30 11:21:02,34,35,10070,25675
2023-05-30 11:21:22,35,36,10135,25940
2023-05-30 11:21:31,34,36,10125,25955
2023-05-30 11:21:37,34,35,10125,25955
2023-05-30 11:21:47,33,34,10120,25960
2023-05-30 11:21:59,35,36,9250,26860
2023-05-30 11:22:12,35,36,9080,27060
2023-05-30 11:22:13,35,36,8980,27160
2023-05-30 11:22:15,34,35,8900,27240
2023-05-30 11:22:15,35,36,8880,27260
2023-05-30 11:22:45,35,36,8637,27510
2023-05-30 11:23:00,36,37,8610,27582
2023-05-30 11:23:29,36,37,8510,27682
2023-05-30 11:23:31,36,37,8410,27782
2023-05-30 11:23:32,36,37,8310,27882
2023-05-30 11:23:36,36,37,8210,27982
2023-05-30 11:23:37,36,37,8110,28082
2023-05-30 11:23:39,36,37,8010,28182
2023-05-30 11:23:40,36,37,7910,28282
2023-05-30 11:23:41,35,36,7867,28325
2023-05-30 11:24:13,34,36,7867,28325
2023-05-30 11:25:49,34,35,7867,28325
2023-05-30 11:28:03,33,34,7862,28330
2023-05-30 11:28:10,32,33,7857,28335
2023-05-30 11:28:11,31,32,7817,28375
2023-05-30 11:28:36,30,32,7812,28380
2023-05-30 11:28:58,30,31,7812,28380
2023-05-30 11:29:09,29,31,7807,28385
2023-05-30 11:29:16,27,31,8507,29100
2023-05-30 11:29:16,27,30,8507,29100
2023-05-30 11:29:30,27,29,8507,29100
2023-05-30 11:29:39,27,28,8507,29100
2023-05-30 11:30:10,26,27,8497,29110
2023-05-30 11:31:43,25,26,8492,29115
2023-05-30 11:32:17,26,27,8497,29120
2023-05-30 11:34:09,25,26,8492,29305
2023-05-30 11:35:37,26,27,8497,29330
2023-05-30 11:35:37,26,27,8502,29335
2023-05-30 11:36:42,26,27,8522,29360
2023-05-30 11:36:58,25,27,8682,29525
2023-05-30 11:36:58,25,26,8682,29525
2023-05-30 11:37:03,24,25,8677,29530
2023-05-30 11:37:32,23,24,8672,29585
2023-05-30 11:37:34,22,24,8672,29585
2023-05-30 11:37:34,22,23,8672,29585
2023-05-30 11:38:34,21,23,8672,29585
2023-05-30 11:38:36,21,22,8672,29585
2023-05-30 11:39:37,20,22,8622,29675
2023-05-30 11:40:15,20,21,8622,29675
2023-05-30 11:40:32,19,21,8527,29770
2023-05-30 11:40:38,19,20,8527,29770
2023-05-30 11:41:30,20,21,8532,29865
2023-05-30 11:41:31,19,21,8532,29865
2023-05-30 11:41:36,20,21,8532,29865
2023-05-30 11:42:41,21,22,8537,29870
2023-05-30 11:43:04,20,22,8712,30090
2023-05-30 11:43:47,21,22,8712,30090
2023-05-30 11:43:53,20,22,8712,30090
2023-05-30 11:44:10,21,22,8712,30090
2023-05-30 11:44:13,20,22,8712,30090
2023-05-30 11:44:18,21,22,8712,30090
2023-05-30 11:44:22,22,23,8757,30135
2023-05-30 11:44:51,23,24,8802,30180
2023-05-30 11:45:07,23,24,8802,30280
2023-05-30 11:45:09,23,24,8822,30380
2023-05-30 11:45:11,24,26,8847,30405
2023-05-30 11:45:13,24,25,8847,30405
2023-05-30 11:45:25,23,25,8847,30405
2023-05-30 11:45:35,23,24,8847,30405
2023-05-30 11:45:57,23,25,8866,30424
2023-05-30 11:46:14,23,24,8866,30424
2023-05-30 11:46:15,23,25,8866,30424
2023-05-30 11:46:20,23,24,8866,30424
2023-05-30 11:46:22,22,23,8852,30438
2023-05-30 11:46:24,20,23,8852,30438
2023-05-30 11:46:26,20,22,8852,30438
2023-05-30 11:48:13,21,22,8852,30438
2023-05-30 11:48:18,22,23,8857,30443
2023-05-30 11:51:03,23,24,8862,30448
2023-05-30 11:51:05,24,25,8867,30453
2023-05-30 11:51:15,25,26,8912,30498
2023-05-30 11:51:15,26,28,8997,30583
2023-05-30 11:51:15,26,28,9002,30588
2023-05-30 11:51:29,26,27,9002,30588
2023-05-30 11:52:01,26,27,9002,30788
2023-05-30 11:52:05,24,26,8997,30793
2023-05-30 11:52:37,23,26,8992,30798
2023-05-30 11:52:41,23,25,8992,30798
2023-05-30 11:52:43,23,24,8992,30798
2023-05-30 11:52:43,22,23,8992,30803
2023-05-30 11:52:43,21,23,8992,30803
2023-05-30 11:53:07,21,22,8992,30803
2023-05-30 11:53:10,21,22,9092,30903
2023-05-30 11:53:11,21,22,9192,31003
2023-05-30 11:53:12,21,22,9292,31103
2023-05-30 11:53:14,21,22,9392,31203
2023-05-30 11:53:32,21,22,9492,31303
2023-05-30 11:53:33,21,22,9592,31403
2023-05-30 11:53:35,21,22,9692,31503
2023-05-30 11:53:36,21,22,9792,31603
2023-05-30 11:53:38,21,22,9892,31703
2023-05-30 11:53:39,21,23,9992,31803
2023-05-30 11:53:40,22,23,9992,31803
2023-05-30 11:54:36,22,23,10192,32003
2023-05-30 11:54:46,22,23,10692,32503
2023-05-30 11:56:18,21,23,10692,32503
2023-05-30 11:58:16,22,23,10692,32503
2023-05-30 11:58:28,22,23,10892,32703
2023-05-30 11:58:33,22,23,10992,32803
2023-05-30 11:58:35,23,24,11002,32813
2023-05-30 11:58:41,22,24,11002,32813
2023-05-30 11:59:24,21,24,11002,32813
2023-05-30 11:59:25,22,24,11002,32813
2023-05-30 11:59:41,22,23,11002,32813
2023-05-30 12:00:18,21,23,11202,33058
2023-05-30 12:00:28,21,22,11202,33058
2023-05-30 12:01:30,22,23,11207,33063
2023-05-30 12:02:00,23,24,11212,33068
2023-05-30 12:03:03,22,24,11212,33068
2023-05-30 12:03:34,22,23,11212,33068
2023-05-30 12:03:45,21,22,11167,33113
2023-05-30 12:04:14,22,23,11172,33118
2023-05-30 12:04:22,21,23,11487,33478
2023-05-30 12:04:35,23,24,11492,33483
2023-05-30 12:04:41,23,24,11497,33583
2023-05-30 12:04:42,23,24,11497,33683
2023-05-30 12:04:46,23,25,11497,33683
2023-05-30 12:04:46,24,25,11497,33683
2023-05-30 12:05:07,25,26,11502,33708
2023-05-30 12:05:41,27,29,11507,33713
2023-05-30 12:06:18,28,29,11507,33713
2023-05-30 12:06:20,27,29,11507,33713
2023-05-30 12:07:09,27,28,11507,33713
2023-05-30 12:07:17,27,28,11510,33730
2023-05-30 12:07:19,27,29,11510,33730
2023-05-30 12:07:29,27,29,11505,33930
2023-05-30 12:08:02,27,28,11505,33930
2023-05-30 12:08:39,26,27,11500,33935
2023-05-30 12:10:34,25,26,11495,33940
2023-05-30 12:10:36,24,26,11495,33940
2023-05-30 12:11:47,25,26,11495,33940
2023-05-30 12:11:47,25,26,11585,34030
2023-05-30 12:11:53,24,26,11595,34045
2023-05-30 12:12:07,25,26,11595,34045
2023-05-30 12:12:07,24,26,11615,34065
2023-05-30 12:12:17,25,26,11615,34065
2023-05-30 12:12:17,25,26,11700,34150
2023-05-30 12:12:18,24,26,11700,34150
2023-05-30 12:12:24,25,26,11700,34150
2023-05-30 12:12:26,26,27,11705,34155
2023-05-30 12:12:26,25,27,11800,34250
2023-05-30 12:12:26,25,26,11800,34250
2023-05-30 12:12:27,26,27,11895,34345
2023-05-30 12:12:32,26,27,11915,34445
2023-05-30 12:12:33,27,28,11915,34465
2023-05-30 12:12:33,27,28,11925,34475
2023-05-30 12:12:33,27,28,11965,34515
2023-05-30 12:13:03,27,28,11981,34531
2023-05-30 12:13:17,28,29,11985,34535
2023-05-30 12:13:17,28,29,12070,34620
2023-05-30 12:13:17,27,28,12101,34651
2023-05-30 12:13:19,28,29,12155,34705
2023-05-30 12:14:05,28,29,12170,34725
2023-05-30 12:14:06,28,29,12170,34925
2023-05-30 12:14:06,27,28,12255,35010
2023-05-30 12:15:07,26,28,12255,35015
2023-05-30 12:15:24,26,27,12255,35015
2023-05-30 12:15:34,24,26,12250,35020
2023-05-30 12:15:43,24,25,12250,35020
2023-05-30 12:16:05,23,25,12650,35435
2023-05-30 12:16:24,23,24,12650,35435
2023-05-30 12:17:04,23,24,12655,35535
2023-05-30 12:17:04,23,25,12655,35535
2023-05-30 12:17:04,24,25,12655,35535
2023-05-30 12:17:21,25,26,12660,35540
2023-05-30 12:17:31,26,27,12665,35545
2023-05-30 12:17:44,27,28,12670,35550
2023-05-30 12:17:55,28,30,12772,35672
2023-05-30 12:17:55,28,30,12777,35677
2023-05-30 12:17:55,28,30,12802,35702
2023-05-30 12:18:01,28,29,12802,35702
2023-05-30 12:19:20,27,28,12797,35707
2023-05-30 12:19:21,27,28,12792,35712
2023-05-30 12:19:21,26,28,12792,35712
2023-05-30 12:19:21,26,27,12792,35712
2023-05-30 12:20:13,25,27,12792,35712
2023-05-30 12:21:23,25,26,12792,35712
2023-05-30 12:21:32,24,26,12792,35717
2023-05-30 12:22:26,24,25,12792,35717
2023-05-30 12:23:06,25,26,12797,35822
2023-05-30 12:23:33,25,27,12807,35832
2023-05-30 12:24:09,26,27,12807,35832
2023-05-30 12:24:53,25,26,12802,35837
2023-05-30 12:25:45,24,25,12797,35842
2023-05-30 12:25:46,24,25,12792,35847
2023-05-30 12:25:47,24,25,12787,35852
2023-05-30 12:25:48,24,25,12787,35857
2023-05-30 12:25:49,23,25,12787,35857
2023-05-30 12:25:49,23,24,12787,35857
2023-05-30 12:26:30,22,24,12787,35887
2023-05-30 12:26:39,23,24,12787,35887
2023-05-30 12:27:12,23,25,12792,35892
2023-05-30 12:27:12,24,25,12792,35892
2023-05-30 12:27:17,24,26,12807,36092
2023-05-30 12:27:17,25,26,12807,36092
2023-05-30 12:27:20,25,26,12807,36192
2023-05-30 12:27:21,25,27,12807,36192
2023-05-30 12:27:21,26,27,12807,36192
2023-05-30 12:27:26,26,30,12812,36197
2023-05-30 12:27:26,27,30,12812,36197
2023-05-30 12:27:34,28,30,12812,36197
2023-05-30 12:27:38,30,31,12832,36217
2023-05-30 12:27:38,30,31,12957,36342
2023-05-30 12:28:22,30,32,13001,36386
2023-05-30 12:28:37,30,32,13001,36438
2023-05-30 12:28:40,31,32,13001,36438
2023-05-30 12:28:40,30,32,13021,36458
2023-05-30 12:28:48,30,32,13021,36460
2023-05-30 12:28:50,30,31,13021,36460
2023-05-30 12:28:52,30,31,13021,36462
2023-05-30 12:28:59,30,32,13021,36462
2023-05-30 12:29:01,30,31,13021,36462
2023-05-30 12:29:03,28,31,13011,36478
2023-05-30 12:29:04,28,30,13011,36478
2023-05-30 12:29:20,30,31,13016,36507
2023-05-30 12:29:21,30,32,13016,36507
2023-05-30 12:29:32,30,31,13016,36507
2023-05-30 12:29:46,30,31,13016,36707
2023-05-30 12:30:22,31,32,13021,36712
2023-05-30 12:31:52,30,31,13016,36717
2023-05-30 12:32:07,29,31,13016,36717
2023-05-30 12:32:58,29,30,13016,36717
2023-05-30 12:33:58,28,29,13011,36722
2023-05-30 12:35:58,27,28,13006,36727
2023-05-30 12:36:28,27,28,12989,36744
2023-05-30 12:37:25,27,28,12989,36753
2023-05-30 12:37:46,27,29,12996,36760
2023-05-30 12:37:48,28,29,12996,36760
2023-05-30 12:37:48,27,29,12996,36960
2023-05-30 12:37:48,28,29,12996,36960
2023-05-30 12:37:48,27,29,13016,36980
2023-05-30 12:37:48,27,30,13021,36985
2023-05-30 12:37:49,28,30,13021,36985
2023-05-30 12:37:49,28,30,13052,37016
2023-05-30 12:37:52,29,30,13052,37016
2023-05-30 12:37:54,29,31,13057,37021
2023-05-30 12:37:54,30,31,13057,37021
2023-05-30 12:38:04,30,32,13082,37061
2023-05-30 12:38:17,30,31,13082,37061
2023-05-30 12:38:17,30,32,13089,37109
2023-05-30 12:38:38,29,32,13089,37109
2023-05-30 12:38:40,29,32,13094,37209
2023-05-30 12:38:44,30,32,13094,37209
2023-05-30 12:38:44,30,33,13094,37209
2023-05-30 12:38:44,31,33,13094,37209
2023-05-30 12:38:44,31,32,13094,37209
2023-05-30 12:38:48,32,33,13099,37214
2023-05-30 12:38:48,32,33,13105,37220
2023-05-30 12:38:48,32,33,13113,37228
2023-05-30 12:39:15,32,34,13133,37248
2023-05-30 12:39:43,33,34,13133,37248
2023-05-30 12:39:44,33,34,13146,37261
2023-05-30 12:39:44,34,35,13153,37268
2023-05-30 12:40:15,34,35,13221,37336
2023-05-30 12:40:15,34,35,13289,37404
2023-05-30 12:40:34,35,36,13309,37424
2023-05-30 12:40:34,35,36,13339,37454
2023-05-30 12:40:40,36,38,13359,37474
2023-05-30 12:40:40,36,38,13412,37527
2023-05-30 12:41:04,37,38,13412,37527
2023-05-30 12:41:04,37,38,13457,37572
2023-05-30 12:43:05,36,38,13447,37585
2023-05-30 12:43:05,36,37,13447,37585
2023-05-30 12:43:08,35,37,13447,37585
2023-05-30 12:43:53,35,36,13447,37585
2023-05-30 12:45:56,34,35,13442,37590
2023-05-30 12:48:33,32,33,13432,37600
2023-05-30 12:48:47,32,33,13432,37605
2023-05-30 12:49:14,31,33,13432,37610
2023-05-30 12:50:09,31,32,13432,37610
2023-05-30 12:50:10,31,33,13432,37610
2023-05-30 12:50:11,31,32,13432,37610
2023-05-30 12:50:16,28,30,13367,37675
2023-05-30 12:50:17,29,30,13367,37675
2023-05-30 12:50:20,28,30,13367,37675
2023-05-30 12:50:20,29,30,13367,37675
2023-05-30 12:50:52,29,30,13367,37695
2023-05-30 12:51:20,30,31,13367,37700
2023-05-30 12:51:20,29,31,13367,37700
2023-05-30 12:51:57,29,32,13372,38205
2023-05-30 12:52:01,29,31,13372,38205
2023-05-30 12:52:05,29,32,13372,38205
2023-05-30 12:52:06,29,31,13372,38205
2023-05-30 12:52:13,29,30,13372,38205
2023-05-30 12:52:19,28,29,13338,38239
2023-05-30 12:53:22,27,28,13289,38288
2023-05-30 12:53:47,27,28,13289,38308
2023-05-30 12:54:08,26,27,13270,38327
2023-05-30 12:54:09,26,28,13270,38327
2023-05-30 12:54:10,26,27,13270,38327
2023-05-30 12:54:12,24,26,13265,38332
2023-05-30 12:56:15,25,26,13265,38332
2023-05-30 12:58:08,24,25,13260,38337
2023-05-30 12:58:09,24,26,13260,38337
2023-05-30 12:58:11,23,24,13255,38342
2023-05-30 13:00:09,22,24,13255,38342
2023-05-30 13:02:07,22,24,13075,38542
2023-05-30 13:02:13,22,25,13075,38542
2023-05-30 13:02:17,24,25,13075,38542
2023-05-30 13:02:43,25,26,13095,38562
2023-05-30 13:02:43,24,26,13095,38562
2023-05-30 13:02:49,24,26,13115,38762
2023-05-30 13:02:49,25,26,13115,38762
2023-05-30 13:02:51,24,26,13115,38762
2023-05-30 13:03:18,25,26,13115,38762
2023-05-30 13:03:30,25,27,13160,38862
2023-05-30 13:03:32,26,27,13160,38862
2023-05-30 13:03:37,26,28,13160,39007
2023-05-30 13:03:47,27,28,13160,39007
2023-05-30 13:05:07,27,29,13160,39027
2023-05-30 13:06:18,28,29,13160,39027
2023-05-30 13:06:43,28,31,13200,39567
2023-05-30 13:06:44,28,30,13200,39567
2023-05-30 13:06:45,28,31,13200,39567
2023-05-30 13:06:46,28,30,13200,39567
2023-05-30 13:06:48,28,31,13200,39567
2023-05-30 13:06:48,28,30,13200,39567
2023-05-30 13:07:03,28,29,13200,39567
2023-05-30 13:08:08,29,30,13205,39572
2023-05-30 13:08:09,30,31,13210,39577
2023-05-30 13:08:09,29,31,13210,39577
2023-05-30 13:08:10,30,31,13210,39577
2023-05-30 13:08:13,32,33,13230,39597
2023-05-30 13:09:25,32,33,13225,39797
2023-05-30 13:09:27,32,33,13225,39997
2023-05-30 13:09:29,30,32,13220,40107
2023-05-30 13:09:46,31,32,13220,40107
2023-05-30 13:09:48,30,32,13220,40107
2023-05-30 13:09:49,31,32,13220,40107
2023-05-30 13:10:21,31,32,13220,40307
2023-05-30 13:11:09,30,31,13215,40312
2023-05-30 13:11:27,27,30,13210,40317
2023-05-30 13:11:39,28,30,13210,40317
2023-05-30 13:13:30,30,31,13215,40322
2023-05-30 13:14:14,30,32,13235,40342
2023-05-30 13:14:17,32,33,13255,40362
2023-05-30 13:14:17,32,33,13275,40382
2023-05-30 13:14:46,30,33,13260,40777
2023-05-30 13:15:18,31,33,13260,40777
2023-05-30 13:15:23,31,33,13260,40807
2023-05-30 13:15:39,32,33,13260,40807
2023-05-30 13:16:12,31,33,13260,40807
2023-05-30 13:17:24,30,33,13260,40807
2023-05-30 13:17:55,29,33,13260,40807
2023-05-30 13:18:19,29,32,13260,40807
2023-05-30 13:18:21,29,30,13260,40807
2023-05-30 13:18:55,28,30,13255,40812
2023-05-30 13:19:21,28,30,13255,40813
2023-05-30 13:19:24,28,29,13255,40813
2023-05-30 13:19:50,28,29,13255,40814
2023-05-30 13:20:43,29,30,13260,40819
2023-05-30 13:20:43,28,30,13260,40819
2023-05-30 13:21:06,28,29,13260,40819
2023-05-30 13:21:15,28,30,13260,40819
2023-05-30 13:21:28,28,29,13260,40819
2023-05-30 13:21:28,27,29,13260,40839
2023-05-30 13:22:01,27,29,13260,41039
2023-05-30 13:22:01,27,29,13260,41139
2023-05-30 13:22:01,28,29,13260,41139
2023-05-30 13:22:02,28,29,13260,41339
2023-05-30 13:22:03,28,30,13265,41344
2023-05-30 13:22:03,29,30,13265,41344
2023-05-30 13:22:26,30,31,13270,41349
2023-05-30 13:22:26,29,31,13270,41349
2023-05-30 13:22:38,31,32,13275,41354
2023-05-30 13:22:50,31,32,13280,41359
2023-05-30 13:22:50,31,32,13315,41394
2023-05-30 13:24:17,30,31,13310,41499
2023-05-30 13:24:18,30,32,13310,41499
2023-05-30 13:25:43,31,32,13310,41499
2023-05-30 13:26:09,31,34,13315,41504
2023-05-30 13:26:10,32,34,13315,41504
2023-05-30 13:26:12,33,34,13315,41504
2023-05-30 13:26:12,33,34,13355,41544
2023-05-30 13:26:13,34,36,13375,41564
2023-05-30 13:26:18,35,36,13375,41564
2023-05-30 13:26:18,34,36,13395,41584
2023-05-30 13:26:21,34,36,13415,41604
2023-05-30 13:26:45,35,36,13415,41604
2023-05-30 13:27:09,36,37,13420,41609
2023-05-30 13:27:09,35,37,13420,41609
2023-05-30 13:27:10,36,37,13420,41609
2023-05-30 13:27:12,38,40,13440,41649
2023-05-30 13:27:12,36,40,13500,41709
2023-05-30 13:27:12,36,39,13500,41709
2023-05-30 13:27:13,36,40,13500,41709
2023-05-30 13:27:15,37,40,13500,41709
2023-05-30 13:27:25,37,39,13500,41709
2023-05-30 13:28:14,38,39,13500,41709
2023-05-30 13:28:14,38,39,13710,41919
2023-05-30 13:28:19,38,39,13410,42219
2023-05-30 13:28:34,40,42,13450,42359
2023-05-30 13:28:34,41,42,13450,42359
2023-05-30 13:28:34,41,43,13450,42359
2023-05-30 13:28:34,41,43,13614,42523
2023-05-30 13:28:34,41,43,13623,42532
2023-05-30 13:28:34,41,43,13631,42540
2023-05-30 13:28:34,41,43,13636,42545
2023-05-30 13:28:34,41,43,13636,42545
2023-05-30 13:28:37,41,44,13636,42545
2023-05-30 13:28:38,41,43,13636,42545
2023-05-30 13:28:48,41,42,13636,42545
2023-05-30 13:29:12,40,41,13631,42550
2023-05-30 13:30:13,40,42,13636,42555
2023-05-30 13:30:13,41,42,13636,42555
2023-05-30 13:30:15,42,43,13656,42575
2023-05-30 13:30:55,43,44,13676,42595
2023-05-30 13:30:58,44,46,13696,42615
2023-05-30 13:31:05,44,47,13696,42615
2023-05-30 13:31:05,45,47,13696,42615
2023-05-30 13:31:06,45,46,13696,42615
2023-05-30 13:31:31,44,45,13691,42620
2023-05-30 13:31:42,43,45,13691,42620
2023-05-30 13:31:52,43,45,13491,42820
2023-05-30 13:32:17,43,44,13491,42820
2023-05-30 13:32:43,42,44,13491,42820
2023-05-30 13:32:44,42,43,13491,42820
2023-05-30 13:32:47,42,43,13471,42840
2023-05-30 13:32:50,41,43,13471,42840
2023-05-30 13:33:31,41,42,13471,42840
2023-05-30 13:33:32,41,42,13271,43040
2023-05-30 13:33:33,40,42,13221,43240
2023-05-30 13:33:33,40,42,13221,43440
2023-05-30 13:33:33,40,41,13171,43640
2023-05-30 13:33:34,40,41,13191,43660
2023-05-30 13:33:34,38,40,13331,43840
2023-05-30 13:33:34,38,41,13331,43840
2023-05-30 13:33:35,38,40,13331,43840
2023-05-30 13:33:36,37,40,13331,43840
2023-05-30 13:33:36,37,39,13331,43840
2023-05-30 13:33:41,37,40,13331,43840
2023-05-30 13:33:41,37,39,13331,43840
2023-05-30 13:34:45,38,39,13331,43840
2023-05-30 13:35:08,38,40,13331,44040
2023-05-30 13:35:27,38,40,13351,44060
2023-05-30 13:35:43,39,40,13351,44060
2023-05-30 13:35:46,39,40,13365,44079
2023-05-30 13:35:47,39,40,13561,44279
2023-05-30 13:35:51,39,41,13561,44279
2023-05-30 13:35:51,40,41,13561,44279
2023-05-30 13:35:53,40,41,13616,44334
2023-05-30 13:36:13,39,40,13611,44484
2023-05-30 13:36:14,39,41,13611,44484
2023-05-30 13:36:16,39,40,13611,44484
2023-05-30 13:36:27,39,40,13481,44684
2023-05-30 13:36:28,39,41,13481,44684
2023-05-30 13:36:31,39,40,13481,44684
2023-05-30 13:36:36,38,40,13481,44684
2023-05-30 13:36:40,38,40,13462,44703
2023-05-30 13:37:22,39,40,13462,44703
2023-05-30 13:37:38,40,41,13467,44708
2023-05-30 13:37:40,39,41,13467,44708
2023-05-30 13:38:07,40,41,13467,44708
2023-05-30 13:38:08,39,41,13467,44708
2023-05-30 13:38:10,40,41,13467,44708
2023-05-30 13:38:31,40,41,13487,44728
2023-05-30 13:38:31,40,41,13496,44737
2023-05-30 13:38:31,40,41,13567,44808
2023-05-30 13:39:04,40,41,13587,45008
2023-05-30 13:39:12,41,42,13592,45033
2023-05-30 13:39:15,42,44,13612,45053
2023-05-30 13:39:15,41,44,13612,45053
2023-05-30 13:39:21,41,43,13612,45053
2023-05-30 13:39:21,41,43,13612,45069
2023-05-30 13:39:24,41,44,13612,45069
2023-05-30 13:39:24,42,44,13612,45069
2023-05-30 13:39:27,42,43,13612,45069
2023-05-30 13:39:28,42,44,13612,45269
2023-05-30 13:39:38,42,44,13629,45469
2023-05-30 13:39:56,43,44,13629,45469
2023-05-30 13:40:31,44,45,13632,45489
2023-05-30 13:41:05,45,46,13652,45509
2023-05-30 13:41:05,45,46,13662,45519
2023-05-30 13:41:06,44,46,13662,45519
2023-05-30 13:41:17,44,46,13712,45574
2023-05-30 13:41:17,44,45,13712,45574
2023-05-30 13:41:23,44,46,13712,45574
2023-05-30 13:41:41,44,45,13712,45574
2023-05-30 13:41:48,44,45,13712,45724
2023-05-30 13:42:07,43,45,13712,45724
2023-05-30 13:42:37,43,44,13712,45724
2023-05-30 13:42:41,42,44,13712,45724
2023-05-30 13:42:41,42,43,13712,45724
2023-05-30 13:43:05,43,44,13717,45729
2023-05-30 13:43:31,44,45,13722,45734
2023-05-30 13:43:40,46,47,13747,45759
2023-05-30 13:43:56,44,47,13742,46039
2023-05-30 13:44:06,44,46,13742,46039
2023-05-30 13:45:07,45,46,13742,46039
2023-05-30 13:45:08,44,46,13742,46039
2023-05-30 13:45:09,45,46,13742,46039
2023-05-30 13:45:11,44,46,13742,46039
2023-05-30 13:45:15,45,46,13742,46039
2023-05-30 13:45:17,44,46,13742,46039
2023-05-30 13:45:17,45,46,13742,46039
2023-05-30 13:45:51,44,46,13737,46044
2023-05-30 13:45:54,44,45,13737,46044
2023-05-30 13:46:01,43,44,13732,46049
2023-05-30 13:46:04,41,44,13732,46049
2023-05-30 13:46:22,41,43,13732,46049
2023-05-30 13:47:03,42,43,13732,46049
2023-05-30 13:47:12,42,44,13737,46249
2023-05-30 13:47:12,43,44,13737,46249
2023-05-30 13:47:23,43,45,13742,46254
2023-05-30 13:47:26,44,45,13742,46254
2023-05-30 13:47:26,44,45,13806,46318
2023-05-30 13:47:42,44,46,13811,46323
2023-05-30 13:47:43,45,46,13811,46323
2023-05-30 13:47:45,46,48,13816,46328
2023-05-30 13:47:45,46,47,13816,46328
2023-05-30 13:47:45,46,48,13816,46328
2023-05-30 13:48:04,46,47,13816,46328
2023-05-30 13:48:11,46,48,13816,46328
2023-05-30 13:48:11,46,47,13816,46328
2023-05-30 13:48:17,45,47,13811,46428
2023-05-30 13:48:26,45,46,13811,46428
2023-05-30 13:48:45,44,45,13806,46433
2023-05-30 13:48:56,43,44,13801,46438
2023-05-30 13:49:25,42,43,13796,46443
2023-05-30 13:49:28,42,43,13796,46507
2023-05-30 13:49:33,40,42,13829,46578
2023-05-30 13:49:34,40,43,13829,46578
2023-05-30 13:49:35,40,42,13829,46578
2023-05-30 13:49:52,40,42,13829,46594
2023-05-30 13:50:11,41,42,13829,46594
2023-05-30 13:50:23,40,42,13849,46614
2023-05-30 13:50:25,40,41,13849,46614
2023-05-30 13:50:43,39,40,13789,46674
2023-05-30 13:51:07,37,40,13701,46919
2023-05-30 13:51:07,37,39,13701,46919
2023-05-30 13:51:08,37,40,13701,46919
2023-05-30 13:51:09,38,40,13701,46919
2023-05-30 13:51:14,39,40,13701,46919
2023-05-30 13:51:16,38,40,13701,46919
2023-05-30 13:51:41,39,40,13701,46919
2023-05-30 13:51:42,38,40,13701,46919
2023-05-30 13:51:43,39,40,13701,46919
2023-05-30 13:51:44,38,40,13701,46919
2023-05-30 13:51:44,39,40,13701,46919
2023-05-30 13:52:11,41,42,13726,46980
2023-05-30 13:52:12,40,42,13726,46980
2023-05-30 13:52:24,42,43,13731,46985
2023-05-30 13:53:17,43,44,13751,47005
2023-05-30 13:53:17,42,44,13751,47005
2023-05-30 13:53:23,43,44,13751,47005
2023-05-30 13:53:30,43,44,13771,47205
2023-05-30 13:53:31,43,45,13771,47205
2023-05-30 13:53:31,44,45,13771,47205
2023-05-30 13:53:31,45,46,13791,47225
2023-05-30 13:53:31,44,46,13791,47225
2023-05-30 13:53:31,44,45,13791,47225
2023-05-30 13:53:31,44,45,13811,47245
2023-05-30 13:53:32,45,46,13971,47405
2023-05-30 13:53:32,44,46,13971,47405
2023-05-30 13:53:33,45,46,13971,47405
2023-05-30 13:53:33,46,47,14133,47605
2023-05-30 13:53:43,46,47,14133,47619
2023-05-30 13:53:46,47,48,14153,47639
2023-05-30 13:53:46,46,48,14153,47639
2023-05-30 13:53:46,47,48,14153,47639
2023-05-30 13:54:01,48,49,14147,47665
2023-05-30 13:54:23,49,50,14147,47685
2023-05-30 13:54:26,49,52,14147,47685
2023-05-30 13:54:29,49,51,14147,47685
2023-05-30 13:54:33,49,50,14147,47685
2023-05-30 13:55:07,49,50,14005,47885
2023-05-30 13:55:31,50,52,14025,47905
2023-05-30 13:55:39,51,52,14025,47905
2023-05-30 13:55:40,50,52,14025,47905
2023-05-30 13:55:58,51,52,14025,47905
2023-05-30 13:56:14,52,53,14045,47925
2023-05-30 13:56:15,51,53,14045,47925
2023-05-30 13:56:20,52,53,14045,47925
2023-05-30 13:56:26,52,53,14045,48125
2023-05-30 13:56:27,51,53,14045,48125
2023-05-30 13:56:30,52,53,14045,48125
2023-05-30 13:56:36,52,53,14045,48137
2023-05-30 13:56:38,53,55,14053,48145
2023-05-30 13:56:38,52,55,14053,48145
2023-05-30 13:56:42,52,54,14053,48145
2023-05-30 13:57:10,52,54,13863,48335
2023-05-30 13:57:11,53,54,13863,48335
2023-05-30 13:57:35,52,54,13863,48335
2023-05-30 13:57:59,53,54,13863,48335
2023-05-30 13:59:07,53,54,13883,48535
2023-05-30 13:59:23,54,55,13888,48540
2023-05-30 13:59:23,53,55,13888,48540
2023-05-30 13:59:31,54,55,13888,48540
2023-05-30 13:59:50,55,56,13588,48860
2023-05-30 14:00:16,55,56,13388,49060
2023-05-30 14:00:17,54,55,13214,49234
2023-05-30 14:00:17,54,56,13214,49234
2023-05-30 14:00:17,54,55,13214,49234
2023-05-30 14:00:19,52,54,13209,49239
2023-05-30 14:00:21,51,54,13209,49239
2023-05-30 14:00:21,52,54,13209,49239
2023-05-30 14:00:30,53,54,13209,49239
2023-05-30 14:00:41,53,54,13209,49439
2023-05-30 14:00:49,53,54,13209,49639
2023-05-30 14:00:50,54,56,13211,49734
2023-05-30 14:00:50,53,56,13211,49734
2023-05-30 14:00:53,53,55,13211,49734
2023-05-30 14:00:54,53,55,13211,49934
2023-05-30 14:00:55,55,56,13211,50031
2023-05-30 14:00:55,53,56,13211,50031
2023-05-30 14:00:56,54,56,13211,50031
2023-05-30 14:00:57,53,56,13211,50031
2023-05-30 14:00:58,54,56,13211,50031
2023-05-30 14:00:59,53,56,13211,50031
2023-05-30 14:01:05,55,56,13211,50031
2023-05-30 14:01:36,56,57,13231,50051
2023-05-30 14:02:19,56,58,13231,50071
2023-05-30 14:02:55,56,57,13231,50071
2023-05-30 14:03:01,55,57,13231,50071
2023-05-30 14:03:56,55,58,13231,50073
2023-05-30 14:03:56,55,57,13231,50073
2023-05-30 14:04:03,55,58,13210,50096
2023-05-30 14:04:09,56,58,13210,50096
2023-05-30 14:04:10,55,58,13210,50096
2023-05-30 14:04:12,56,58,13210,50096
2023-05-30 14:04:14,56,59,12527,50799
2023-05-30 14:04:44,57,59,12527,50799
2023-05-30 14:05:00,57,59,12399,51001
2023-05-30 14:05:01,58,59,12399,51001
2023-05-30 14:05:03,57,59,12399,51001
2023-05-30 14:05:51,56,59,12397,51003
2023-05-30 14:06:06,56,59,12337,51063
2023-05-30 14:06:15,57,59,12337,51063
2023-05-30 14:06:16,56,59,12337,51063
2023-05-30 14:06:17,57,59,12337,51063
2023-05-30 14:06:32,57,58,12337,51063
2023-05-30 14:06:48,56,58,12337,51063
2023-05-30 14:07:14,55,58,12323,51265
2023-05-30 14:07:16,56,58,12323,51265
2023-05-30 14:07:29,57,58,12323,51265
2023-05-30 14:07:36,56,58,12323,51265
2023-05-30 14:07:37,57,58,12323,51265
2023-05-30 14:08:07,59,60,12343,51285
2023-05-30 14:08:25,59,60,12343,51292
2023-05-30 14:09:08,57,60,12343,51292
2023-05-30 14:09:33,57,59,12343,51292
2023-05-30 14:10:51,57,58,12343,51292
2023-05-30 14:11:01,57,59,12343,51292
2023-05-30 14:11:01,57,58,12343,51292
2023-05-30 14:12:48,57,58,12336,51299
2023-05-30 14:12:49,57,58,12329,51306
2023-05-30 14:12:51,56,57,12193,51442
2023-05-30 14:12:52,56,58,12193,51442
2023-05-30 14:12:53,56,57,12193,51442
2023-05-30 14:13:10,54,57,12193,51442
2023-05-30 14:13:42,55,57,12193,51442
2023-05-30 14:13:55,56,57,12193,51442
2023-05-30 14:14:56,55,57,12191,51444
2023-05-30 14:15:13,56,57,12191,51444
2023-05-30 14:16:06,55,56,12189,51446
2023-05-30 14:16:06,55,57,12189,51446
2023-05-30 14:16:06,55,56,12189,51446
2023-05-30 14:16:11,53,56,12189,51446
2023-05-30 14:16:15,53,55,12189,51446
2023-05-30 14:16:18,52,55,12187,51448
2023-05-30 14:16:20,51,55,12187,51448
2023-05-30 14:16:21,52,55,12187,51448
2023-05-30 14:16:21,52,54,12187,51448
2023-05-30 14:16:33,53,54,12187,51448
2023-05-30 14:16:36,52,54,12187,51448
2023-05-30 14:16:44,53,54,12187,51448
2023-05-30 14:16:46,54,55,12207,51468
2023-05-30 14:17:12,54,55,12207,51668
2023-05-30 14:17:12,53,55,12205,51708
2023-05-30 14:17:16,53,54,12205,51708
2023-05-30 14:17:25,52,54,12203,51710
2023-05-30 14:17:34,51,54,12201,51968
2023-05-30 14:17:37,52,54,12201,51968
2023-05-30 14:17:57,52,53,12201,51968
2023-05-30 14:18:07,51,53,12201,51968
2023-05-30 14:18:10,51,52,12201,51968
2023-05-30 14:18:25,49,52,12197,52360
2023-05-30 14:18:25,49,51,12197,52360
2023-05-30 14:18:47,49,50,12197,52360
2023-05-30 14:18:59,48,50,12197,52360
2023-05-30 14:19:00,48,49,12197,52360
2023-05-30 14:19:26,47,49,12185,52456
2023-05-30 14:19:26,47,48,12185,52456
2023-05-30 14:20:03,46,48,12185,52456
2023-05-30 14:20:03,46,47,12185,52456
2023-05-30 14:20:13,46,48,12185,52456
2023-05-30 14:20:28,46,47,12185,52456
2023-05-30 14:20:32,46,48,12185,52456
2023-05-30 14:21:01,46,47,12185,52456
2023-05-30 14:21:05,47,48,12185,52475
2023-05-30 14:21:13,46,48,12185,52475
2023-05-30 14:21:14,47,48,12185,52475
2023-05-30 14:21:24,46,47,12183,52477
2023-05-30 14:21:24,46,48,12183,52477
2023-05-30 14:21:24,46,47,12183,52477
2023-05-30 14:21:36,45,46,12181,52479
2023-05-30 14:21:46,43,45,12179,52481
2023-05-30 14:21:58,43,44,12179,52481
2023-05-30 14:22:00,43,44,12179,52667
2023-05-30 14:22:05,43,44,12179,52674
2023-05-30 14:22:22,43,44,12179,52688
2023-05-30 14:22:23,40,43,12177,52810
2023-05-30 14:22:23,39,43,12177,52810
2023-05-30 14:22:27,39,42,12177,52810
2023-05-30 14:22:30,39,43,12177,52810
2023-05-30 14:22:40,40,43,12177,52810
2023-05-30 14:23:08,40,42,12177,52810
2023-05-30 14:23:10,40,41,12177,52810
2023-05-30 14:23:17,39,40,12175,52812
2023-05-30 14:23:17,39,41,12175,52812
2023-05-30 14:23:19,39,40,12175,52812
2023-05-30 14:23:49,39,40,12176,52813
2023-05-30 14:24:09,38,39,12174,52815
2023-05-30 14:24:09,38,40,12174,52815
2023-05-30 14:24:09,38,39,12174,52815
2023-05-30 14:24:09,36,38,12172,52817
2023-05-30 14:24:10,35,38,12172,52817
2023-05-30 14:24:14,35,36,12172,52817
2023-05-30 14:24:31,35,36,12172,53017
2023-05-30 14:25:09,35,36,12022,53217
2023-05-30 14:25:30,33,35,12008,53277
2023-05-30 14:25:30,33,36,12008,53277
2023-05-30 14:26:11,30,36,12933,54202
2023-05-30 14:26:11,30,35,12933,54202
2023-05-30 14:26:11,32,35,12933,54202
2023-05-30 14:26:19,31,35,12933,54202
2023-05-30 14:26:19,32,35,12933,54202
2023-05-30 14:26:19,32,34,12933,54202
2023-05-30 14:26:20,32,35,12933,54202
2023-05-30 14:26:20,32,33,12933,54202
2023-05-30 14:26:27,30,33,12933,54202
2023-05-30 14:26:27,30,32,12933,54202
2023-05-30 14:26:27,30,33,12933,54202
2023-05-30 14:26:27,30,31,12933,54202
2023-05-30 14:26:47,30,33,12938,54226
2023-05-30 14:26:52,30,32,12938,54226
2023-05-30 14:27:04,30,31,12938,54226
2023-05-30 14:27:12,30,32,12938,54226
2023-05-30 14:27:22,30,31,12938,54226
2023-05-30 14:27:39,28,31,12938,54226
2023-05-30 14:27:40,28,30,12938,54226
2023-05-30 14:27:55,28,31,12958,54306
2023-05-30 14:27:56,29,31,12958,54306
2023-05-30 14:28:25,29,30,12958,54306
2023-05-30 14:28:31,28,29,12956,54308
2023-05-30 14:28:31,28,30,12956,54308
2023-05-30 14:28:31,28,29,12956,54308
2023-05-30 14:28:34,28,30,12956,54308
2023-05-30 14:28:37,26,30,12956,54308
2023-05-30 14:28:38,26,29,12956,54308
2023-05-30 14:28:41,27,29,12956,54308
2023-05-30 14:28:43,26,29,12956,54308
2023-05-30 14:28:53,27,29,12956,54308
2023-05-30 14:29:28,27,29,12956,54328
2023-05-30 14:29:57,28,29,12956,54328
2023-05-30 14:30:01,27,29,12956,54328
2023-05-30 14:30:59,27,28,12956,54328
2023-05-30 14:30:59,26,27,12954,54478
2023-05-30 14:30:59,26,28,12954,54478
2023-05-30 14:31:01,26,27,12954,54478
2023-05-30 14:31:02,26,27,12940,54492
2023-05-30 14:31:03,24,26,12933,54500
2023-05-30 14:31:03,24,27,12933,54500
2023-05-30 14:31:22,24,26,12933,54500
2023-05-30 14:31:25,24,25,12933,54500
2023-05-30 14:31:38,22,25,12933,54500
2023-05-30 14:32:20,21,25,12967,54534
2023-05-30 14:32:26,21,24,12967,54534
2023-05-30 14:33:01,21,23,12967,54534
2023-05-30 14:33:07,21,24,12967,54534
2023-05-30 14:33:10,21,23,12967,54534
2023-05-30 14:33:37,22,23,12967,54534
2023-05-30 14:34:00,22,23,12967,54554
2023-05-30 14:34:16,21,23,12967,54554
2023-05-30 14:35:26,21,22,12967,54554
2023-05-30 14:35:30,20,21,12967,54570
2023-05-30 14:35:30,20,22,12967,54570
2023-05-30 14:35:52,20,21,12967,54570
2023-05-30 14:35:53,19,20,12967,54730
2023-05-30 14:35:53,19,21,12967,54730
2023-05-30 14:35:53,18,21,12967,54730
2023-05-30 14:35:54,18,20,12967,54730
2023-05-30 14:35:55,17,20,12967,54730
2023-05-30 14:36:01,16,20,12967,54730
2023-05-30 14:36:01,16,19,12967,54730
2023-05-30 14:36:01,17,19,12967,54730
2023-05-30 14:36:05,16,17,12967,54750
2023-05-30 14:36:11,15,17,12721,55216
2023-05-30 14:36:21,16,17,12721,55216
2023-05-30 14:36:24,16,18,12721,55303
2023-05-30 14:36:25,16,19,12721,55303
2023-05-30 14:36:25,17,19,12721,55303
2023-05-30 14:36:32,17,19,12729,55311
2023-05-30 14:36:34,16,19,12818,55400
2023-05-30 14:36:36,16,18,12818,55400
2023-05-30 14:36:36,16,19,12818,55428
2023-05-30 14:36:37,17,19,12818,55428
2023-05-30 14:36:42,17,20,12821,55484
2023-05-30 14:37:58,17,20,12822,55488
2023-05-30 14:37:58,17,20,12830,55496
2023-05-30 14:37:58,17,19,12830,55496
2023-05-30 14:37:58,17,20,12830,55496
2023-05-30 14:38:02,17,20,12838,55504
2023-05-30 14:38:16,17,19,12838,55504
2023-05-30 14:38:18,17,19,12846,55512
2023-05-30 14:38:25,17,18,12846,55512
2023-05-30 14:38:28,17,18,12854,55520
2023-05-30 14:38:35,17,18,12858,55524
2023-05-30 14:38:36,16,18,12858,55524
2023-05-30 14:39:04,15,18,12916,55582
2023-05-30 14:39:05,16,18,12916,55582
2023-05-30 14:40:03,16,18,12918,55590
2023-05-30 14:40:07,15,18,12918,55590
2023-05-30 14:40:29,15,17,12918,55590
2023-05-30 14:41:05,15,16,12918,55590
2023-05-30 14:41:05,14,16,12960,55632
2023-05-30 14:41:05,14,15,12960,55632
2023-05-30 14:41:43,12,15,12960,55632
2023-05-30 14:41:43,12,14,12960,55632
2023-05-30 14:41:46,12,15,12960,55632
2023-05-30 14:41:54,12,14,12960,55632
2023-05-30 14:42:09,11,14,12960,55632
2023-05-30 14:42:10,10,14,12960,55632
2023-05-30 14:42:10,10,13,12960,55632
2023-05-30 14:42:11,9,13,12960,55632
2023-05-30 14:42:11,10,13,12960,55632
2023-05-30 14:43:06,10,14,12854,55758
2023-05-30 14:43:06,11,14,12854,55758
2023-05-30 14:43:13,11,13,12854,55758
2023-05-30 14:43:18,11,13,12833,55779
2023-05-30 14:43:21,12,13,12833,55779
2023-05-30 14:44:02,12,13,12833,55799
2023-05-30 14:44:12,12,13,12538,56114
2023-05-30 14:44:14,12,13,12538,56255
2023-05-30 14:44:17,11,13,12538,56255
2023-05-30 14:44:59,11,12,12538,56255
2023-05-30 14:45:04,10,11,12538,56275
2023-05-30 14:45:04,10,12,12538,56275
2023-05-30 14:45:22,8,12,12778,56535
2023-05-30 14:45:23,8,10,12778,56535
2023-05-30 14:45:40,9,10,12778,56535
2023-05-30 14:45:40,10,12,12789,56639
2023-05-30 14:45:40,9,12,12789,56639
2023-05-30 14:45:41,10,12,12789,56639
2023-05-30 14:45:42,11,12,12789,56639
2023-05-30 14:45:42,12,14,12797,56647
2023-05-30 14:45:43,11,14,12797,56647
2023-05-30 14:45:43,12,14,12797,56647
2023-05-30 14:46:06,12,13,12797,56647
2023-05-30 14:46:16,11,13,12797,56647
2023-05-30 14:46:16,11,14,12797,56647
2023-05-30 14:46:16,11,12,12797,56647
2023-05-30 14:46:24,12,13,12797,56667
2023-05-30 14:46:24,11,13,12797,56667
2023-05-30 14:46:31,11,13,12793,56671
2023-05-30 14:46:38,10,13,12793,56671
2023-05-30 14:46:57,11,13,12793,56671
2023-05-30 14:47:07,13,14,12859,56737
2023-05-30 14:47:07,11,14,12859,56737
2023-05-30 14:47:44,12,14,12859,56737
2023-05-30 14:47:50,11,14,12859,56737
2023-05-30 14:47:59,12,14,12859,56737
2023-05-30 14:48:02,14,15,12925,56803
2023-05-30 14:48:02,12,15,12925,56803
2023-05-30 14:48:38,12,14,12925,56803
2023-05-30 14:48:51,12,13,12925,56803
2023-05-30 14:48:54,12,14,12925,56803
2023-05-30 14:48:54,13,14,12925,56803
2023-05-30 14:48:56,14,15,12927,56805
2023-05-30 14:48:56,13,15,12927,56805
2023-05-30 14:49:47,15,16,12971,56849
2023-05-30 14:49:47,13,16,12971,56849
2023-05-30 14:49:48,14,16,12971,56849
2023-05-30 14:49:48,14,17,12971,56849
2023-05-30 14:49:56,14,16,12971,56849
2023-05-30 14:49:58,14,17,12971,56849
2023-05-30 14:50:01,14,16,12971,56849
2023-05-30 14:50:16,16,17,12973,56851
2023-05-30 14:50:16,14,17,12973,56851
2023-05-30 14:50:17,15,17,12973,56851
2023-05-30 14:50:25,16,17,12973,56851
2023-05-30 14:50:25,16,17,12973,57051
2023-05-30 14:50:26,16,20,12975,57053
2023-05-30 14:50:27,17,20,12975,57053
2023-05-30 14:50:27,18,20,12975,57053
2023-05-30 14:50:27,18,20,12975,57253
2023-05-30 14:50:29,20,22,12995,57273
2023-05-30 14:50:30,18,22,12995,57273
2023-05-30 14:50:30,18,21,12995,57273
2023-05-30 14:50:30,18,22,12995,57273
2023-05-30 14:50:31,19,22,12995,57273
2023-05-30 14:50:41,20,22,12995,57273
2023-05-30 14:50:41,21,22,12995,57273
2023-05-30 14:50:42,22,23,13035,57413
2023-05-30 14:50:42,21,23,13035,57413
2023-05-30 14:50:43,21,25,13035,57413
2023-05-30 14:50:51,21,24,13035,57413
2023-05-30 14:51:06,21,23,13035,57413
2023-05-30 14:51:12,21,22,13035,57413
2023-05-30 14:51:18,20,22,13033,57415
2023-05-30 14:51:18,20,21,13033,57415
2023-05-30 14:51:21,18,21,13033,57415
2023-05-30 14:51:35,16,21,13033,57415
2023-05-30 14:51:45,17,21,13033,57415
2023-05-30 14:51:58,17,20,13033,57415
2023-05-30 14:52:07,17,19,13033,57415
2023-05-30 14:52:09,17,20,13033,57415
2023-05-30 14:52:19,18,20,13033,57415
2023-05-30 14:52:25,17,20,13033,57415
2023-05-30 14:52:41,17,19,13033,57415
2023-05-30 14:52:43,17,20,13033,57415
2023-05-30 14:52:45,17,19,13033,57415
2023-05-30 14:52:52,17,18,13033,57415
2023-05-30 14:53:04,17,19,13033,57415
2023-05-30 14:53:33,17,18,13033,57415
2023-05-30 14:53:37,17,18,13035,57417
2023-05-30 14:53:39,17,19,13035,57417
2023-05-30 14:54:00,16,17,12883,57569
2023-05-30 14:54:01,16,18,12883,57569
2023-05-30 14:54:06,16,19,12883,57569
2023-05-30 14:54:06,16,18,12883,57569
2023-05-30 14:54:30,16,17,12883,57569
2023-05-30 14:54:31,15,16,12828,57719
2023-05-30 14:54:31,15,17,12828,57719
2023-05-30 14:54:58,15,16,12828,57719
2023-05-30 14:54:58,14,16,12828,57719
2023-05-30 14:55:03,13,14,12828,57739
2023-05-30 14:55:03,13,16,12828,57739
2023-05-30 14:55:04,13,15,12828,57739
2023-05-30 14:55:05,11,15,12828,57739
2023-05-30 14:55:10,11,14,12828,57739
2023-05-30 14:55:22,11,13,12828,57739
2023-05-30 14:55:34,11,14,12828,57739
2023-05-30 14:55:35,11,16,12828,57739
2023-05-30 14:55:35,11,13,12828,57739
2023-05-30 14:55:50,11,12,12828,57739
2023-05-30 14:55:58,11,12,12828,57839
2023-05-30 14:56:00,11,12,12838,57939
2023-05-30 14:56:02,11,15,12863,57964
2023-05-30 14:56:02,12,15,12863,57964
2023-05-30 14:56:41,12,14,12863,57964
2023-05-30 14:58:03,13,14,12863,57964
2023-05-30 14:58:10,14,15,12901,58002
2023-05-30 14:58:10,13,15,12901,58002
2023-05-30 14:58:10,14,15,12901,58002
2023-05-30 14:58:22,14,17,12939,58040
2023-05-30 14:58:22,15,17,12939,58040
2023-05-30 14:58:41,16,17,12939,58040
2023-05-30 14:58:54,16,19,12995,58096
2023-05-30 14:59:04,16,18,12995,58096
2023-05-30 14:59:08,16,17,12995,58096
2023-05-30 14:59:09,16,18,12995,58096
2023-05-30 14:59:46,17,18,12995,58096
2023-05-30 14:59:47,17,19,13015,58116
2023-05-30 14:59:48,18,19,13015,58116
2023-05-30 14:59:51,19,23,13071,58172
2023-05-30 14:59:51,19,21,13071,58172
2023-05-30 14:59:53,20,21,13071,58172
2023-05-30 15:00:21,20,23,13111,58212
2023-05-30 15:00:21,21,23,13111,58212
2023-05-30 15:00:21,20,23,13111,58212
2023-05-30 15:00:21,21,23,13111,58212
2023-05-30 15:00:21,22,23,13111,58212
2023-05-30 15:00:21,21,23,13131,58232
2023-05-30 15:00:22,22,23,13131,58232
2023-05-30 15:00:23,23,25,13151,58252
2023-05-30 15:00:23,22,25,13151,58252
2023-05-30 15:00:23,23,25,13151,58252
2023-05-30 15:00:24,22,25,13171,58272
2023-05-30 15:00:24,22,24,13171,58272
2023-05-30 15:00:24,22,24,13176,58277
2023-05-30 15:00:24,22,25,13176,58277
2023-05-30 15:00:24,23,25,13176,58277
2023-05-30 15:00:32,23,24,13176,58277
2023-05-30 15:00:56,21,24,13176,58277
2023-05-30 15:01:02,21,23,13176,58277
2023-05-30 15:01:22,22,23,13176,58277
2023-05-30 15:01:32,22,24,13180,58326
2023-05-30 15:01:41,22,23,13180,58326
2023-05-30 15:01:44,21,23,13030,58486
2023-05-30 15:01:44,21,23,13030,58486
2023-05-30 15:01:44,21,24,13030,58486
2023-05-30 15:01:44,21,23,13030,58486
2023-05-30 15:02:33,19,23,13030,58486
2023-05-30 15:02:45,19,22,13030,58486
2023-05-30 15:02:51,17,22,13030,58486
2023-05-30 15:02:54,18,22,13030,58486
2023-05-30 15:02:54,19,22,13030,58486
2023-05-30 15:02:54,20,22,13030,58486
2023-05-30 15:02:54,21,22,13030,58486
2023-05-30 15:02:54,21,23,13030,58486
2023-05-30 15:02:54,20,21,13030,58506
2023-05-30 15:02:54,20,23,13030,58506
2023-05-30 15:02:56,19,23,13030,58506
2023-05-30 15:02:57,22,23,13034,58542
2023-05-30 15:02:58,22,25,13034,58542
2023-05-30 15:02:58,22,27,13034,58542
2023-05-30 15:02:58,22,29,13034,58542
2023-05-30 15:02:58,22,28,13034,58542
2023-05-30 15:03:00,23,28,13034,58542
2023-05-30 15:03:00,24,28,13034,58542
2023-05-30 15:03:00,25,28,13034,58542
2023-05-30 15:03:00,25,27,13034,58542
2023-05-30 15:03:01,25,30,13034,58542
2023-05-30 15:03:01,25,29,13034,58542
2023-05-30 15:03:01,25,28,13034,58542
2023-05-30 15:03:02,25,29,13034,58542
2023-05-30 15:03:02,25,27,13034,58542
2023-05-30 15:03:06,25,26,13034,58542
2023-05-30 15:03:11,23,26,13034,58542
2023-05-30 15:03:11,22,26,13034,58542
2023-05-30 15:03:11,22,27,13034,58542
2023-05-30 15:03:11,22,26,13034,58542
2023-05-30 15:03:11,22,25,13034,58542
2023-05-30 15:03:14,22,27,13034,58542
2023-05-30 15:03:14,22,26,13034,58542
2023-05-30 15:03:14,22,24,13034,58542
2023-05-30 15:03:15,21,24,13034,58542
2023-05-30 15:03:21,21,26,13034,58542
2023-05-30 15:03:21,21,23,13034,58542
2023-05-30 15:03:23,20,23,13034,58542
2023-05-30 15:03:23,20,26,13034,58542
2023-05-30 15:03:23,20,25,13034,58542
2023-05-30 15:03:23,20,22,13034,58542
2023-05-30 15:03:24,19,22,13034,58542
2023-05-30 15:03:34,22,25,13034,58598
2023-05-30 15:03:34,19,25,13034,58598
2023-05-30 15:03:35,20,25,13034,58598
2023-05-30 15:03:35,20,22,13034,58598
2023-05-30 15:03:35,22,25,13036,58600
2023-05-30 15:03:35,20,25,13036,58600
2023-05-30 15:03:42,19,25,13036,58600
2023-05-30 15:03:42,19,24,13036,58600
2023-05-30 15:03:42,20,24,13036,58600
2023-05-30 15:03:54,20,23,13036,58600
2023-05-30 15:04:05,20,24,13036,58600
2023-05-30 15:04:06,20,23,13036,58600
2023-05-30 15:04:19,21,23,13036,58600
2023-05-30 15:05:34,22,23,13036,58600
2023-05-30 15:05:52,22,26,13078,58642
2023-05-30 15:05:52,22,27,13078,58642
2023-05-30 15:05:52,22,26,13078,58642
2023-05-30 15:05:54,23,26,13078,58642
2023-05-30 15:05:54,24,26,13078,58642
2023-05-30 15:05:54,25,26,13078,58642
2023-05-30 15:05:54,26,27,13082,58646
2023-05-30 15:05:54,25,27,13102,58666
2023-05-30 15:05:54,26,27,13102,58666
2023-05-30 15:05:54,25,27,13102,58666
2023-05-30 15:05:54,24,25,13122,58686
2023-05-30 15:05:54,26,27,13130,58694
2023-05-30 15:05:55,24,27,13130,58694
2023-05-30 15:05:55,25,27,13130,58694
2023-05-30 15:05:55,26,27,13130,58694
2023-05-30 15:05:55,26,27,13142,58706
2023-05-30 15:05:55,27,29,13166,58730
2023-05-30 15:05:55,26,29,13166,58730
2023-05-30 15:05:55,26,28,13166,58730
2023-05-30 15:05:55,26,27,13166,58730
2023-05-30 15:05:56,27,29,13178,58742
2023-05-30 15:05:56,27,28,13178,58742
2023-05-30 15:05:56,27,28,13182,58746
2023-05-30 15:05:56,27,30,13182,58746
2023-05-30 15:05:56,27,30,13202,58766
2023-05-30 15:06:01,27,29,13202,58766
2023-05-30 15:06:12,28,29,13202,58766
2023-05-30 15:06:25,27,29,13202,58766
2023-05-30 15:06:27,27,28,13202,58766
2023-05-30 15:06:39,28,29,13222,58786
2023-05-30 15:06:40,28,29,13235,58799
2023-05-30 15:06:42,28,29,13235,58863
2023-05-30 15:06:42,27,29,13235,58905
2023-05-30 15:06:42,27,28,13235,58905
2023-05-30 15:06:46,26,28,13235,58905
2023-05-30 15:06:46,26,27,13235,58905
2023-05-30 15:06:56,25,26,13233,58907
2023-05-30 15:06:56,25,27,13233,58907
2023-05-30 15:06:56,25,26,13233,58907
2023-05-30 15:06:58,23,26,13233,58907
2023-05-30 15:07:00,23,27,13233,58907
2023-05-30 15:07:00,23,26,13233,58907
2023-05-30 15:07:03,24,26,13233,58907
2023-05-30 15:07:05,25,26,13233,58907
2023-05-30 15:08:15,24,25,13231,58909
2023-05-30 15:08:15,24,26,13231,58909
2023-05-30 15:08:17,24,25,13231,58909
2023-05-30 15:08:19,22,24,13216,59024
2023-05-30 15:08:19,22,25,13216,59024
2023-05-30 15:08:28,22,24,13216,59024
2023-05-30 15:08:30,20,22,13066,59174
2023-05-30 15:08:30,20,24,13066,59174
2023-05-30 15:08:33,21,24,13066,59174
2023-05-30 15:09:10,22,24,13066,59174
2023-05-30 15:09:15,21,24,13066,59174
2023-05-30 15:09:22,21,23,13066,59174
2023-05-30 15:09:44,20,21,12977,59324
2023-05-30 15:09:44,20,23,12977,59324
2023-05-30 15:09:57,20,22,12977,59324
2023-05-30 15:10:00,20,23,12977,59324
2023-05-30 15:10:35,21,23,12977,59324
2023-05-30 15:10:52,19,23,12977,59324
2023-05-30 15:11:00,19,22,12977,59324
2023-05-30 15:11:04,17,22,12977,59324
2023-05-30 15:11:09,17,21,12977,59324
2023-05-30 15:11:21,17,20,12977,59324
2023-05-30 15:11:27,17,21,12977,59324
2023-05-30 15:12:07,16,21,12977,59324
2023-05-30 15:12:14,16,20,12977,59324
2023-05-30 15:12:47,16,20,13016,59424
2023-05-30 15:12:54,17,20,13016,59424
2023-05-30 15:12:57,18,20,13016,59424
2023-05-30 15:13:01,17,20,13016,59424
2023-05-30 15:13:06,18,20,13016,59424
2023-05-30 15:13:08,20,21,13066,59474
2023-05-30 15:13:08,18,21,13066,59474
2023-05-30 15:13:09,19,21,13066,59474
2023-05-30 15:13:10,20,21,13066,59474
2023-05-30 15:13:11,21,23,13216,59624
2023-05-30 15:13:11,20,23,13216,59624
2023-05-30 15:13:31,21,23,13216,59624
2023-05-30 15:13:33,22,23,13216,59624
2023-05-30 15:13:35,23,24,13268,59676
2023-05-30 15:13:35,22,24,13268,59676
2023-05-30 15:13:35,23,24,13268,59676
2023-05-30 15:13:36,24,27,13288,59696
2023-05-30 15:13:42,24,26,13288,59696
2023-05-30 15:13:48,24,27,13288,59696
2023-05-30 15:13:56,24,26,13288,59696
2023-05-30 15:14:13,25,26,13288,59696
2023-05-30 15:14:19,25,30,13308,59716
2023-05-30 15:14:19,26,30,13308,59716
2023-05-30 15:14:19,25,30,13308,59716
2023-05-30 15:14:19,26,30,13308,59716
2023-05-30 15:14:19,27,30,13308,59716
2023-05-30 15:14:19,28,30,13308,59716
2023-05-30 15:14:21,29,30,13308,59716
2023-05-30 15:14:22,30,31,13308,59726
2023-05-30 15:14:44,30,32,13308,59726
2023-05-30 15:14:44,30,31,13308,59726
2023-05-30 15:14:44,30,31,13308,59746
2023-05-30 15:14:49,29,30,13306,59832
2023-05-30 15:14:50,29,31,13306,59832
2023-05-30 15:14:54,29,30,13306,59832
2023-05-30 15:14:57,28,29,13304,59834
2023-05-30 15:14:57,28,30,13304,59834
2023-05-30 15:14:57,28,29,13304,59834
2023-05-30 15:14:58,28,29,13304,59836
2023-05-30 15:14:58,27,28,13302,59838
2023-05-30 15:14:58,27,29,13302,59838
2023-05-30 15:15:01,27,30,13302,59838
2023-05-30 15:15:01,28,30,13302,59838
2023-05-30 15:15:08,27,28,13300,59840
2023-05-30 15:15:08,27,30,13300,59840
2023-05-30 15:15:10,27,29,13300,59840
2023-05-30 15:15:15,27,30,13300,59840
2023-05-30 15:15:24,27,31,13300,59840
2023-05-30 15:15:24,27,30,13300,59840
2023-05-30 15:15:34,28,30,13300,59840
2023-05-30 15:15:38,28,33,13300,59840
2023-05-30 15:15:38,28,32,13300,59840
2023-05-30 15:15:39,28,33,13300,59840
2023-05-30 15:16:02,29,32,13300,59840
2023-05-30 15:16:03,30,32,13300,59840
2023-05-30 15:16:03,30,34,13300,59840
2023-05-30 15:16:04,30,35,13300,59840
2023-05-30 15:16:04,30,34,13300,59840
2023-05-30 15:16:04,29,34,13300,59840
2023-05-30 15:16:07,28,34,13300,59840
2023-05-30 15:16:11,28,33,13300,59840
2023-05-30 15:16:11,28,32,13300,59840
2023-05-30 15:16:22,27,32,13300,59840
2023-05-30 15:16:23,25,32,13300,59840
2023-05-30 15:16:24,24,32,13300,59840
2023-05-30 15:16:28,23,32,13300,59840
2023-05-30 15:16:32,23,31,13300,59840
2023-05-30 15:16:32,23,30,13300,59840
2023-05-30 15:16:34,26,30,13300,59840
2023-05-30 15:17:00,26,32,13300,59840
2023-05-30 15:17:02,27,32,13300,59840
2023-05-30 15:17:02,27,33,13300,59840
2023-05-30 15:17:02,28,33,13300,59840
2023-05-30 15:17:02,28,32,13300,59840
2023-05-30 15:17:03,28,33,13300,59840
2023-05-30 15:17:10,29,33,13300,59840
2023-05-30 15:17:10,30,33,13300,59840
2023-05-30 15:17:11,30,35,13300,59840
2023-05-30 15:17:11,30,34,13300,59840
2023-05-30 15:17:12,29,34,13300,59840
2023-05-30 15:17:16,30,34,13300,59840
2023-05-30 15:17:16,32,34,13300,59840
2023-05-30 15:17:25,32,33,13300,59840
2023-05-30 15:17:27,32,34,13308,59848
2023-05-30 15:17:27,32,33,13308,59848
2023-05-30 15:17:27,32,34,13308,59848
2023-05-30 15:17:30,32,34,13308,59888
2023-05-30 15:17:32,32,33,13308,59888
2023-05-30 15:17:32,30,32,13306,59992
2023-05-30 15:17:32,30,33,13306,59992
2023-05-30 15:17:32,30,34,13306,59992
2023-05-30 15:17:32,30,33,13306,59992
2023-05-30 15:17:34,30,33,13306,60192
2023-05-30 15:17:39,28,30,13304,60194
2023-05-30 15:17:39,28,33,13304,60194
2023-05-30 15:17:39,28,32,13304,60194
2023-05-30 15:17:40,27,28,13304,60370
2023-05-30 15:17:40,27,32,13304,60370
2023-05-30 15:17:40,27,31,13304,60370
2023-05-30 15:17:42,27,31,13304,60570
2023-05-30 15:17:44,26,27,13304,60723
2023-05-30 15:17:44,26,31,13304,60723
2023-05-30 15:17:44,26,30,13304,60723
2023-05-30 15:17:48,25,26,13370,60828
2023-05-30 15:17:48,25,30,13370,60828
2023-05-30 15:17:48,25,29,13370,60828
2023-05-30 15:17:49,23,29,13370,60828
2023-05-30 15:17:49,24,29,13370,60828
2023-05-30 15:17:51,23,29,13370,60828
2023-05-30 15:17:55,24,29,13370,60828
2023-05-30 15:17:58,23,29,13370,60828
2023-05-30 15:18:08,23,28,13370,60828
2023-05-30 15:18:09,22,28,13370,60828
2023-05-30 15:18:10,22,25,13370,60828
2023-05-30 15:18:11,20,22,13404,60862
2023-05-30 15:18:11,20,25,13404,60862
2023-05-30 15:18:14,19,25,13404,60862
2023-05-30 15:18:14,19,23,13404,60862
2023-05-30 15:18:16,18,23,13404,60862
2023-05-30 15:18:29,19,23,13404,60862
2023-05-30 15:18:35,18,23,13404,60862
2023-05-30 15:18:39,19,23,13404,60862
2023-05-30 15:18:40,18,23,13404,60862
2023-05-30 15:18:40,18,25,13404,60862
2023-05-30 15:18:48,19,25,13404,60862
2023-05-30 15:18:51,19,27,13404,60862
2023-05-30 15:18:53,19,26,13404,60862
2023-05-30 15:19:16,19,25,13404,60862
2023-05-30 15:19:29,17,25,13404,60862
2023-05-30 15:19:29,17,24,13404,60862
2023-05-30 15:19:29,17,23,13404,60862
2023-05-30 15:19:31,18,23,13404,60862
2023-05-30 15:19:36,17,23,13404,60862
2023-05-30 15:19:36,17,25,13404,60862
2023-05-30 15:19:36,17,24,13404,60862
2023-05-30 15:19:36,17,25,13404,60862
2023-05-30 15:19:38,18,25,13404,60862
2023-05-30 15:19:46,17,25,13404,60862
2023-05-30 15:19:55,16,25,13404,60862
2023-05-30 15:20:02,15,25,13404,60862
2023-05-30 15:20:02,15,24,13404,60862
2023-05-30 15:20:06,14,24,13404,60862
2023-05-30 15:20:06,14,23,13404,60862
2023-05-30 15:20:12,14,22,13404,60862
2023-05-30 15:20:14,17,22,13404,60862
2023-05-30 15:20:15,17,21,13404,60862
2023-05-30 15:20:49,18,21,13404,60862
2023-05-30 15:20:54,17,21,13404,60862
2023-05-30 15:21:39,19,21,13404,60862
2023-05-30 15:22:07,16,21,13604,61062
2023-05-30 15:22:09,16,19,13604,61062
2023-05-30 15:22:12,14,19,13604,61062
2023-05-30 15:22:12,14,18,13604,61062
2023-05-30 15:22:34,16,18,13604,61062
2023-05-30 15:22:54,17,18,13604,61062
2023-05-30 15:22:59,18,22,13604,61064
2023-05-30 15:22:59,17,22,13604,61064
2023-05-30 15:22:59,17,21,13604,61064
2023-05-30 15:22:59,18,21,13604,61064
2023-05-30 15:23:00,19,21,13604,61064
2023-05-30 15:23:00,19,22,13604,61064
2023-05-30 15:23:05,18,22,13604,61064
2023-05-30 15:23:14,17,22,13604,61064
2023-05-30 15:23:15,18,22,13604,61064
2023-05-30 15:23:17,19,22,13604,61064
2023-05-30 15:23:19,19,24,13604,61064
2023-05-30 15:23:19,19,23,13604,61064
2023-05-30 15:23:21,20,23,13604,61064
2023-05-30 15:23:23,20,24,13604,61064
2023-05-30 15:23:32,19,24,13604,61064
2023-05-30 15:23:32,19,25,13604,61064
2023-05-30 15:23:33,19,24,13604,61064
2023-05-30 15:23:33,20,24,13604,61064
2023-05-30 15:23:33,20,25,13604,61064
2023-05-30 15:23:34,20,24,13604,61064
2023-05-30 15:23:43,20,23,13604,61064
2023-05-30 15:23:45,18,23,13604,61064
2023-05-30 15:23:49,17,23,13604,61064
2023-05-30 15:23:50,17,22,13604,61064
2023-05-30 15:23:52,17,21,13604,61064
2023-05-30 15:23:54,16,21,13604,61064
2023-05-30 15:23:54,15,21,13604,61064
2023-05-30 15:24:00,16,21,13604,61064
2023-05-30 15:24:02,15,21,13604,61064
2023-05-30 15:24:05,15,20,13604,61064
2023-05-30 15:24:08,15,19,13604,61064
2023-05-30 15:24:09,15,18,13604,61064
2023-05-30 15:24:10,13,18,13604,61064
2023-05-30 15:24:21,13,18,13604,61164
2023-05-30 15:24:22,13,19,13604,61164
2023-05-30 15:24:27,14,19,13604,61164
2023-05-30 15:24:29,14,20,13604,61164
2023-05-30 15:24:29,14,19,13604,61164
2023-05-30 15:24:39,13,19,13604,61164
2023-05-30 15:24:43,14,19,13604,61164
2023-05-30 15:24:55,15,19,13604,61164
2023-05-30 15:24:59,15,22,13604,61164
2023-05-30 15:24:59,15,21,13604,61164
2023-05-30 15:25:03,15,20,13604,61164
2023-05-30 15:25:08,15,19,13604,61164
2023-05-30 15:25:09,13,19,13604,61164
2023-05-30 15:25:09,13,18,13604,61164
2023-05-30 15:25:57,13,17,13604,61164
2023-05-30 15:26:04,13,18,13604,61164
2023-05-30 15:26:11,12,18,13604,61164
2023-05-30 15:26:11,12,17,13604,61164
2023-05-30 15:26:13,11,17,13604,61164
2023-05-30 15:26:30,11,16,13604,61164
2023-05-30 15:26:30,11,17,13604,61164
2023-05-30 15:26:32,11,16,13604,61164
2023-05-30 15:26:38,11,14,13604,61164
2023-05-30 15:26:41,8,14,13604,61164
2023-05-30 15:26:41,8,13,13604,61164
2023-05-30 15:26:43,7,13,13604,61164
2023-05-30 15:26:51,8,13,13604,61164
2023-05-30 15:27:02,7,13,13604,61164
2023-05-30 15:27:07,8,13,13604,61164
2023-05-30 15:27:11,9,13,13604,61164
2023-05-30 15:27:14,9,12,13604,61164
2023-05-30 15:27:17,8,12,13604,61164
2023-05-30 15:27:44,9,12,13604,61164
2023-05-30 15:28:05,10,12,13604,61164
2023-05-30 15:28:16,9,12,13604,61164
2023-05-30 15:28:27,9,11,13604,61164
2023-05-30 15:28:45,8,11,13604,61164
2023-05-30 15:29:15,8,10,13604,61164
2023-05-30 15:29:42,9,10,13604,61164
2023-05-30 15:29:44,9,12,13606,61166
2023-05-30 15:29:44,9,11,13606,61166
2023-05-30 15:29:47,10,11,13606,61166
2023-05-30 15:29:56,10,13,13608,61168
2023-05-30 15:29:56,10,12,13608,61168
2023-05-30 15:29:59,10,12,13612,61172
2023-05-30 15:30:04,10,11,13612,61172
2023-05-30 15:30:05,10,11,13608,61176
2023-05-30 15:30:05,10,11,13608,61178
2023-05-30 15:30:07,10,12,13608,61178
2023-05-30 15:30:09,9,12,13608,61178
2023-05-30 15:30:10,8,12,13608,61178
2023-05-30 15:30:16,7,12,13608,61178
2023-05-30 15:30:20,7,11,13608,61178
2023-05-30 15:30:20,7,10,13608,61178
2023-05-30 15:30:59,7,10,13608,61182
2023-05-30 15:31:05,7,9,13608,61182
2023-05-30 15:31:05,7,8,13608,61182
2023-05-30 15:31:20,6,8,13608,61182
2023-05-30 15:31:28,6,7,13608,61182
2023-05-30 15:32:32,7,8,13608,61184
2023-05-30 15:32:32,6,8,13608,61184
2023-05-30 15:32:32,7,8,13608,61184
2023-05-30 15:32:36,7,8,13628,61264
2023-05-30 15:32:43,7,9,13630,61364
2023-05-30 15:33:23,8,9,13630,61364
2023-05-30 15:33:49,8,9,13630,61375
2023-05-30 15:33:49,8,9,13630,61386
2023-05-30 15:33:49,8,9,13630,61397
2023-05-30 15:34:30,8,9,13630,61417
2023-05-30 15:34:36,8,9,13567,61480
2023-05-30 15:34:36,7,9,13567,61547
2023-05-30 15:34:56,6,9,13567,61547
2023-05-30 15:35:01,6,9,13641,61697
2023-05-30 15:35:01,8,9,13641,61697
2023-05-30 15:35:01,6,9,13641,61705
2023-05-30 15:35:02,5,9,13641,61705
2023-05-30 15:35:17,6,9,13641,61705
2023-05-30 15:35:41,6,8,13641,61705
2023-05-30 15:35:45,6,8,13641,61715
2023-05-30 15:36:12,7,8,13641,61715
2023-05-30 15:36:20,7,8,13456,61915
2023-05-30 15:36:21,8,11,13456,61973
2023-05-30 15:36:21,7,11,13456,61973
2023-05-30 15:36:21,7,10,13456,61973
2023-05-30 15:36:21,8,10,13456,61973
2023-05-30 15:36:21,7,10,13476,61993
2023-05-30 15:36:23,7,9,13476,61993
2023-05-30 15:36:23,7,8,13476,61993
2023-05-30 15:36:23,7,9,13476,61993
2023-05-30 15:36:23,8,9,13476,61993
2023-05-30 15:36:23,7,9,13476,61993
2023-05-30 15:36:24,7,10,13476,61993
2023-05-30 15:36:24,8,9,13476,61993
2023-05-30 15:36:25,9,10,13594,62149
2023-05-30 15:36:25,8,10,13594,62149
2023-05-30 15:36:25,8,9,13594,62149
2023-05-30 15:36:26,9,10,13647,62202
2023-05-30 15:36:26,8,10,13647,62202
2023-05-30 15:36:26,8,9,13647,62202
2023-05-30 15:36:27,9,10,13656,62211
2023-05-30 15:36:27,8,10,13656,62211
2023-05-30 15:36:27,8,9,13656,62211
2023-05-30 15:36:28,8,10,13856,62411
2023-05-30 15:36:28,8,9,13856,62411
2023-05-30 15:36:38,9,10,13867,62422
2023-05-30 15:36:38,8,10,13867,62422
2023-05-30 15:36:39,8,9,13867,62422
2023-05-30 15:36:39,8,10,13876,62431
2023-05-30 15:36:40,8,9,13876,62431
2023-05-30 15:36:40,9,10,13885,62440
2023-05-30 15:36:40,8,10,13896,62451
2023-05-30 15:36:40,8,9,13896,62451
2023-05-30 15:36:41,9,10,13905,62460
2023-05-30 15:36:41,8,10,13905,62460
2023-05-30 15:36:42,8,10,13959,62514
2023-05-30 15:36:52,8,9,13959,62514
2023-05-30 15:36:56,8,10,13959,62514
2023-05-30 15:36:57,8,9,13959,62514
2023-05-30 15:36:58,9,10,13961,62516
2023-05-30 15:36:58,8,10,13961,62516
2023-05-30 15:37:02,8,9,13961,62516
2023-05-30 15:37:02,9,10,13961,62545
2023-05-30 15:37:02,8,10,13961,62545
2023-05-30 15:37:14,8,9,13961,62545
2023-05-30 15:37:26,8,9,13921,62585
2023-05-30 15:37:32,8,9,13921,62604
2023-05-30 15:39:02,7,9,13921,62733
2023-05-30 15:39:12,8,9,13921,62733
2023-05-30 15:39:12,7,8,13941,62753
2023-05-30 15:40:11,8,9,13943,62755
2023-05-30 15:40:11,7,9,13943,62755
2023-05-30 15:40:11,8,9,13943,62755
2023-05-30 15:40:12,8,10,13943,62755
2023-05-30 15:40:16,8,11,13943,62755
2023-05-30 15:40:16,7,11,13943,62755
2023-05-30 15:40:16,8,11,13943,62755
2023-05-30 15:40:32,9,11,13945,62777
2023-05-30 15:40:33,9,10,13945,62777
2023-05-30 15:40:36,9,11,13945,62777
2023-05-30 15:40:36,9,10,13945,62777
2023-05-30 15:41:10,8,9,14121,62980
2023-05-30 15:41:14,6,9,14121,62980
2023-05-30 15:41:33,6,8,14121,62980
2023-05-30 15:41:33,6,9,14121,62980
2023-05-30 15:41:36,9,10,14163,63022
2023-05-30 15:41:36,7,9,14163,63180
2023-05-30 15:41:36,7,10,14163,63180
2023-05-30 15:41:36,7,9,14163,63180
2023-05-30 15:41:37,7,10,14163,63200
2023-05-30 15:41:40,7,9,14163,63200
2023-05-30 15:41:51,8,9,14163,63200
2023-05-30 15:42:12,9,10,14163,63220
2023-05-30 15:42:12,9,10,14163,63222
2023-05-30 15:42:14,9,10,14163,63240
2023-05-30 15:42:18,8,10,14163,63240
2023-05-30 15:42:23,8,11,14165,63375
2023-05-30 15:42:26,8,10,14165,63375
2023-05-30 15:42:29,8,9,14165,63375
2023-05-30 15:42:30,7,9,14165,63415
2023-05-30 15:42:31,7,8,14165,63415
2023-05-30 15:42:36,5,7,14165,63455
2023-05-30 15:43:20,6,7,14165,63455
2023-05-30 15:43:31,7,8,14225,63515
2023-05-30 15:43:31,6,8,14225,63515
2023-05-30 15:43:37,7,8,14225,63515
2023-05-30 15:43:40,8,10,14285,63575
2023-05-30 15:43:40,7,10,14285,63575
2023-05-30 15:43:40,7,9,14285,63575
2023-05-30 15:43:43,7,9,14296,63586
2023-05-30 15:43:46,7,8,14296,63586
2023-05-30 15:43:54,7,10,14298,63599
2023-05-30 15:44:00,7,10,14298,63600
2023-05-30 15:44:11,7,9,14298,63600
2023-05-30 15:44:17,7,8,14298,63600
2023-05-30 15:44:21,6,8,14298,63600
2023-05-30 15:44:21,6,7,14298,63600
2023-05-30 15:44:22,6,8,14298,63600
2023-05-30 15:44:48,5,8,14298,63684
2023-05-30 15:44:55,5,8,14303,63689
2023-05-30 15:45:01,5,8,14314,63700
2023-05-30 15:45:05,5,7,14314,63700
2023-05-30 15:45:15,5,6,14314,63700
2023-05-30 15:45:21,5,7,14314,63700
2023-05-30 15:45:21,5,6,14314,63700
2023-05-30 15:45:32,4,6,14264,64017
2023-05-30 15:45:59,4,5,14264,64017
2023-05-30 15:46:02,4,6,14264,64017
2023-05-30 15:46:03,4,6,14265,64018
2023-05-30 15:46:18,4,5,14265,64018
2023-05-30 15:46:29,3,4,14534,64287
2023-05-30 15:46:56,1,3,15054,64807
2023-05-30 15:47:17,2,3,15054,64807
2023-05-30 15:47:45,2,3,15254,65007
2023-05-30 15:47:47,2,3,15454,65207
2023-05-30 15:47:48,3,7,16607,66433
2023-05-30 15:47:48,3,7,16611,66437
2023-05-30 15:47:48,3,6,16611,66437
2023-05-30 15:47:48,3,7,16611,66437
2023-05-30 15:47:51,4,7,16611,66437
2023-05-30 15:47:53,4,8,16611,66437
2023-05-30 15:47:54,4,7,16611,66437
2023-05-30 15:47:54,4,6,16611,66437
2023-05-30 15:48:05,5,6,16611,66437
2023-05-30 15:48:14,4,6,16611,66437
2023-05-30 15:48:20,5,6,16611,66437
2023-05-30 15:48:23,5,6,16616,66442
2023-05-30 15:48:35,5,6,16616,66447
2023-05-30 15:48:35,5,6,16616,66452
2023-05-30 15:48:44,4,6,16616,66464
2023-05-30 15:48:49,3,5,16616,66486
2023-05-30 15:49:07,3,4,16616,66486
2023-05-30 15:49:47,2,3,16886,66779
2023-05-30 15:50:29,2,5,16950,66843
2023-05-30 15:50:30,3,5,16950,66843
2023-05-30 15:50:34,3,4,16950,66843
2023-05-30 15:50:35,2,4,16950,66843
2023-05-30 15:50:46,3,4,16950,66843
2023-05-30 15:50:51,3,5,17000,66893
2023-05-30 15:50:51,4,5,17000,66893
2023-05-30 15:50:52,3,5,17024,66917
2023-05-30 15:50:55,3,7,17035,66928
2023-05-30 15:50:56,4,7,17035,66928
2023-05-30 15:50:56,5,7,17035,66928
2023-05-30 15:51:00,6,7,17035,66928
2023-05-30 15:51:00,6,8,17035,66928
2023-05-30 15:51:00,5,8,17035,66928
2023-05-30 15:51:01,5,7,17035,66928
2023-05-30 15:51:03,4,7,17035,66948
2023-05-30 15:51:05,4,8,17035,66948
2023-05-30 15:51:05,5,8,17035,66948
2023-05-30 15:51:06,6,8,17035,66948
2023-05-30 15:51:07,7,8,17035,66948
2023-05-30 15:51:09,7,9,17035,66948
2023-05-30 15:51:09,7,11,17035,66948
2023-05-30 15:51:09,7,10,17035,66948
2023-05-30 15:51:12,7,11,17035,66948
2023-05-30 15:51:12,7,9,17035,66948
2023-05-30 15:51:13,6,7,17055,66968
2023-05-30 15:51:15,6,9,17135,67048
2023-05-30 15:51:15,7,9,17135,67048
2023-05-30 15:51:16,6,9,17135,67048
2023-05-30 15:51:17,5,9,17135,67048
2023-05-30 15:51:17,5,7,17135,67048
2023-05-30 15:51:18,6,7,17135,67048
2023-05-30 15:51:20,6,9,17135,67117
2023-05-30 15:51:21,6,8,17135,67117
2023-05-30 15:51:21,6,8,17135,67119
2023-05-30 15:51:21,6,7,17135,67119
2023-05-30 15:51:21,6,8,17135,67119
2023-05-30 15:51:22,6,8,17091,67163
2023-05-30 15:51:22,6,7,17091,67163
2023-05-30 15:51:24,6,8,17091,67163
2023-05-30 15:51:31,7,8,17091,67163
2023-05-30 15:51:31,7,9,17091,67213
2023-05-30 15:51:31,7,8,17091,67213
2023-05-30 15:51:32,7,9,17091,67213
2023-05-30 15:51:33,7,10,17091,67213
2023-05-30 15:51:33,6,10,17091,67213
2023-05-30 15:51:33,6,9,17091,67213
2023-05-30 15:51:33,6,10,17091,67213
2023-05-30 15:51:33,7,10,17091,67213
2023-05-30 15:51:34,7,9,17091,67213
2023-05-30 15:51:36,7,8,17091,67213
2023-05-30 15:51:39,7,9,17091,67213
2023-05-30 15:51:40,6,9,17091,67221
2023-05-30 15:51:41,6,10,17091,67221
2023-05-30 15:51:43,6,9,17091,67221
2023-05-30 15:51:49,6,10,17091,67221
2023-05-30 15:51:53,6,9,17091,67221
2023-05-30 15:51:54,6,10,17091,67221
2023-05-30 15:51:56,5,10,17091,67225
2023-05-30 15:52:02,5,11,17113,67261
2023-05-30 15:52:02,7,11,17113,67261
2023-05-30 15:52:03,5,11,17113,67261
2023-05-30 15:52:03,5,9,17113,67261
2023-05-30 15:52:03,6,9,17113,67261
2023-05-30 15:52:06,6,10,17113,67261
2023-05-30 15:52:06,6,8,17113,67261
2023-05-30 15:52:06,7,8,17113,67261
2023-05-30 15:52:10,6,8,17113,67261
2023-05-30 15:52:13,5,8,17113,67263
2023-05-30 15:52:16,6,8,17113,67263
2023-05-30 15:52:19,5,8,17113,67263
2023-05-30 15:52:19,7,8,17113,67263
2023-05-30 15:52:19,7,10,17117,67359
2023-05-30 15:52:19,7,9,17117,67359
2023-05-30 15:52:19,5,9,17117,67359
2023-05-30 15:52:19,8,9,17117,67359
2023-05-30 15:52:22,9,10,17117,67376
2023-05-30 15:52:22,8,10,17117,67379
2023-05-30 15:52:22,8,9,17117,67379
2023-05-30 15:52:23,8,14,17128,67456
2023-05-30 15:52:23,8,9,17128,67456
2023-05-30 15:52:23,8,14,17128,67456
2023-05-30 15:52:25,8,11,17128,67456
2023-05-30 15:52:25,8,10,17128,67456
2023-05-30 15:52:26,8,11,17128,67456
2023-05-30 15:52:27,7,11,17128,67456
2023-05-30 15:52:29,6,11,17128,67456
2023-05-30 15:52:36,6,11,17127,67457
2023-05-30 15:52:41,7,11,17127,67457
2023-05-30 15:52:42,7,11,17133,67463
2023-05-30 15:52:42,7,10,17133,67463
2023-05-30 15:52:44,7,11,17133,67463
2023-05-30 15:52:44,6,11,17133,67463
2023-05-30 15:52:44,6,9,17133,67463
2023-05-30 15:52:44,7,9,17133,67463
2023-05-30 15:52:46,7,11,17133,67469
2023-05-30 15:52:48,6,11,17133,67474
2023-05-30 15:52:49,7,11,17133,67474
2023-05-30 15:52:51,8,11,17133,67474
2023-05-30 15:52:52,8,12,17133,67493
2023-05-30 15:52:53,11,12,17133,67493
2023-05-30 15:52:55,11,13,17133,67556
2023-05-30 15:52:55,11,12,17133,67556
2023-05-30 15:52:55,11,15,17133,67556
2023-05-30 15:52:55,11,14,17133,67556
2023-05-30 15:53:09,11,14,17135,67558
2023-05-30 15:53:10,11,14,17137,67601
2023-05-30 15:53:13,12,14,17137,67601
2023-05-30 15:53:14,13,14,17137,67601
2023-05-30 15:53:14,13,17,17139,67603
2023-05-30 15:53:16,14,17,17139,67603
2023-05-30 15:53:18,15,17,17139,67603
2023-05-30 15:53:18,16,17,17139,67603
2023-05-30 15:53:18,16,19,17139,67631
2023-05-30 15:53:19,17,19,17139,67631
2023-05-30 15:53:20,18,19,17139,67631
2023-05-30 15:53:20,18,20,17139,67739
2023-05-30 15:53:20,19,20,17139,67739
2023-05-30 15:53:20,19,24,17139,67739
2023-05-30 15:53:20,19,23,17139,67739
2023-05-30 15:53:20,19,24,17139,67739
2023-05-30 15:53:20,19,23,17139,67739
2023-05-30 15:53:21,20,23,17139,67739
2023-05-30 15:53:21,21,23,17139,67739
2023-05-30 15:53:21,21,23,17150,67750
2023-05-30 15:53:21,20,21,17159,67759
2023-05-30 15:53:23,22,23,17179,67779
2023-05-30 15:53:25,22,23,17179,67879
2023-05-30 15:53:27,22,25,17179,67923
2023-05-30 15:53:30,22,24,17179,67923
2023-05-30 15:53:34,19,24,17179,67923
2023-05-30 15:53:36,19,24,17183,67927
2023-05-30 15:53:39,19,22,17183,67927
2023-05-30 15:53:40,19,23,17183,67927
2023-05-30 15:53:41,19,22,17183,67927
2023-05-30 15:53:44,19,23,17183,67927
2023-05-30 15:53:45,17,23,17200,67948
2023-05-30 15:53:47,17,22,17200,67948
2023-05-30 15:53:49,17,21,17200,67948
2023-05-30 15:53:50,17,20,17200,67948
2023-05-30 15:53:51,12,20,17200,67948
2023-05-30 15:53:52,13,20,17200,67948
2023-05-30 15:53:52,13,19,17200,67948
2023-05-30 15:53:52,17,19,17200,67948
2023-05-30 15:53:53,13,17,17200,67952
2023-05-30 15:53:56,14,17,17200,67952
2023-05-30 15:53:57,15,17,17200,67952
2023-05-30 15:53:57,15,19,17254,68006
2023-05-30 15:53:58,16,19,17254,68006
2023-05-30 15:53:58,17,19,17254,68006
2023-05-30 15:53:58,18,19,17254,68006
2023-05-30 15:53:59,18,19,17260,68012
2023-05-30 15:53:59,18,21,17260,68027
2023-05-30 15:53:59,18,22,17260,68027
2023-05-30 15:53:59,18,26,17260,68027
2023-05-30 15:53:59,18,23,17260,68027
2023-05-30 15:53:59,18,21,17260,68027
2023-05-30 15:53:59,19,21,17260,68027
2023-05-30 15:53:59,19,22,17260,68027
2023-05-30 15:53:59,19,23,17260,68027
2023-05-30 15:53:59,19,23,17260,68027
2023-05-30 15:53:59,19,22,17260,68027
2023-05-30 15:54:01,19,23,17260,68027
2023-05-30 15:54:02,19,22,17260,68027
2023-05-30 15:54:03,20,22,17260,68027
2023-05-30 15:54:05,17,22,17260,68027
2023-05-30 15:54:07,18,22,17260,68027
2023-05-30 15:54:08,19,22,17260,68027
2023-05-30 15:54:08,19,24,17262,68029
2023-05-30 15:54:09,19,30,17262,68029
2023-05-30 15:54:09,19,29,17262,68029
2023-05-30 15:54:09,20,29,17262,68029
2023-05-30 15:54:09,20,25,17262,68029
2023-05-30 15:54:10,21,25,17262,68029
2023-05-30 15:54:10,21,31,17262,68029
2023-05-30 15:54:10,21,30,17262,68029
2023-05-30 15:54:10,21,27,17262,68029
2023-05-30 15:54:10,21,26,17262,68029
2023-05-30 15:54:10,21,27,17262,68029
2023-05-30 15:54:13,22,27,17262,68029
2023-05-30 15:54:13,22,31,17262,68029
2023-05-30 15:54:13,22,28,17262,68029
2023-05-30 15:54:14,23,28,17262,68029
2023-05-30 15:54:14,23,31,17262,68029
2023-05-30 15:54:14,23,30,17262,68029
2023-05-30 15:54:14,23,31,17262,68029
2023-05-30 15:54:16,22,29,17262,68029
2023-05-30 15:54:17,22,26,17262,68029
2023-05-30 15:54:18,22,29,17262,68029
2023-05-30 15:54:18,22,28,17262,68029
2023-05-30 15:54:18,22,29,17262,68029
2023-05-30 15:54:18,22,27,17262,68029
2023-05-30 15:54:20,22,29,17262,68029
2023-05-30 15:54:20,22,28,17262,68029
2023-05-30 15:54:21,15,28,17262,68029
2023-05-30 15:54:21,15,23,17262,68029
2023-05-30 15:54:21,15,22,17262,68029
2023-05-30 15:54:21,14,22,17262,68029
2023-05-30 15:54:21,18,22,17262,68029
2023-05-30 15:54:21,18,21,17262,68029
2023-05-30 15:54:22,18,29,17262,68029
2023-05-30 15:54:22,18,28,17262,68029
2023-05-30 15:54:22,18,22,17262,68029
2023-05-30 15:54:23,18,29,17262,68029
2023-05-30 15:54:23,18,28,17262,68029
2023-05-30 15:54:23,18,23,17262,68029
2023-05-30 15:54:24,18,29,17262,68029
2023-05-30 15:54:24,18,28,17262,68029
2023-05-30 15:54:24,18,24,17262,68029
2023-05-30 15:54:26,18,29,17262,68029
2023-05-30 15:54:26,18,28,17262,68029
2023-05-30 15:54:26,18,25,17262,68029
2023-05-30 15:54:29,18,23,17262,68029
2023-05-30 15:54:33,18,25,17262,68029
2023-05-30 15:54:33,18,24,17262,68029
2023-05-30 15:54:33,18,20,17262,68029
2023-05-30 15:54:34,18,23,17262,68029
2023-05-30 15:54:34,18,22,17262,68029
2023-05-30 15:54:34,8,18,17258,68033
2023-05-30 15:54:34,8,23,17258,68033
2023-05-30 15:54:34,8,22,17258,68033
2023-05-30 15:54:35,8,17,17258,68033
2023-05-30 15:54:37,9,17,17258,68033
2023-05-30 15:54:37,9,23,17258,68033
2023-05-30 15:54:37,9,22,17258,68033
2023-05-30 15:54:37,9,18,17258,68033
2023-05-30 15:54:40,13,18,17258,68033
2023-05-30 15:54:41,13,28,17258,68033
2023-05-30 15:54:41,13,27,17258,68033
2023-05-30 15:54:42,13,31,17259,68034
2023-05-30 15:54:42,13,26,17259,68034
2023-05-30 15:54:42,13,30,17259,68034
2023-05-30 15:54:42,13,31,17259,68034
2023-05-30 15:54:42,13,29,17259,68034
2023-05-30 15:54:42,13,31,17259,68034
2023-05-30 15:54:43,13,22,17259,68034
2023-05-30 15:54:43,17,22,17259,68034
2023-05-30 15:54:43,18,22,17259,68034
2023-05-30 15:54:43,19,22,17259,68034
2023-05-30 15:54:43,20,22,17259,68034
2023-05-30 15:54:43,21,22,17259,68034
2023-05-30 15:54:44,21,31,17259,68034
2023-05-30 15:54:44,21,30,17259,68034
2023-05-30 15:54:46,22,30,17259,68034
2023-05-30 15:54:46,22,29,17259,68034
2023-05-30 15:54:46,22,28,17259,68034
2023-05-30 15:54:46,22,29,17259,68034
2023-05-30 15:54:46,22,28,17259,68034
2023-05-30 15:54:47,21,28,17259,68034
2023-05-30 15:54:47,21,29,17259,68034
2023-05-30 15:54:51,22,29,17259,68034
2023-05-30 15:54:51,23,29,17259,68034
2023-05-30 15:54:51,24,29,17259,68034
2023-05-30 15:54:52,23,29,17259,68034
2023-05-30 15:54:54,22,29,17259,68034
2023-05-30 15:54:55,23,29,17259,68034
2023-05-30 15:54:57,22,29,17259,68034
2023-05-30 15:54:58,23,29,17259,68034
2023-05-30 15:55:00,23,28,17259,68034
2023-05-30 15:55:01,23,32,17267,68612
2023-05-30 15:55:01,23,29,17267,68612
2023-05-30 15:55:01,24,29,17267,68612
2023-05-30 15:55:01,25,29,17267,68612
2023-05-30 15:55:01,26,29,17267,68612
2023-05-30 15:55:01,27,29,17267,68612
2023-05-30 15:55:02,23,29,17267,68612
2023-05-30 15:55:03,23,39,17267,68612
2023-05-30 15:55:03,23,38,17267,68612
2023-05-30 15:55:03,23,33,17267,68612
2023-05-30 15:55:03,23,32,17267,68612
2023-05-30 15:55:05,22,32,17267,68612
2023-05-30 15:55:06,19,32,17267,68612
2023-05-30 15:55:06,22,32,17267,68612
2023-05-30 15:55:06,22,31,17267,68612
2023-05-30 15:55:06,22,30,17267,68612
2023-05-30 15:55:07,22,29,17267,68612
2023-05-30 15:55:07,22,28,17267,68612
2023-05-30 15:55:08,22,26,17267,68612
2023-05-30 15:55:09,22,29,17267,68612
2023-05-30 15:55:09,22,28,17267,68612
2023-05-30 15:55:09,22,23,17267,68612
2023-05-30 15:55:11,15,23,17267,68620
2023-05-30 15:55:11,15,22,17267,68620
2023-05-30 15:55:13,15,21,17267,68620
2023-05-30 15:55:13,17,21,17267,68620
2023-05-30 15:55:15,17,22,17267,68620
2023-05-30 15:55:15,17,20,17267,68620
2023-05-30 15:55:18,17,22,17267,68620
2023-05-30 15:55:18,17,21,17267,68620
2023-05-30 15:55:19,17,22,17267,68620
2023-05-30 15:55:19,17,21,17267,68620
2023-05-30 15:55:32,16,21,17267,68628
2023-05-30 15:55:32,16,19,17267,68628
2023-05-30 15:55:33,16,21,17267,68628
2023-05-30 15:55:33,16,18,17267,68628
2023-05-30 15:55:33,15,18,17267,68630
2023-05-30 15:55:34,12,18,17267,68630
2023-05-30 15:55:34,8,18,17267,68630
2023-05-30 15:55:35,7,18,17267,68630
2023-05-30 15:55:35,7,15,17267,68630
2023-05-30 15:55:36,8,15,17267,68630
2023-05-30 15:55:36,9,15,17267,68630
2023-05-30 15:55:36,10,15,17267,68630
2023-05-30 15:55:38,10,20,17267,68656
2023-05-30 15:55:39,11,20,17267,68656
2023-05-30 15:55:39,12,20,17267,68656
2023-05-30 15:55:39,13,20,17267,68656
2023-05-30 15:55:39,14,20,17267,68656
2023-05-30 15:55:39,14,22,17267,68656
2023-05-30 15:55:39,14,15,17267,68656
2023-05-30 15:55:40,14,22,17269,68658
2023-05-30 15:55:40,15,22,17269,68658
2023-05-30 15:55:41,16,22,17269,68658
2023-05-30 15:55:42,17,22,17269,68658
2023-05-30 15:55:42,18,22,17269,68658
2023-05-30 15:55:44,18,23,17277,68666
2023-05-30 15:55:44,17,23,17277,68666
2023-05-30 15:55:44,17,24,17277,68666
2023-05-30 15:55:44,17,25,17277,68666
2023-05-30 15:55:44,17,28,17277,68666
2023-05-30 15:55:45,17,22,17277,68666
2023-05-30 15:55:46,17,22,17279,68668
2023-05-30 15:55:47,17,28,17289,68678
2023-05-30 15:55:47,17,31,17289,68678
2023-05-30 15:55:47,17,27,17289,68678
2023-05-30 15:55:48,15,27,17289,68678
2023-05-30 15:55:48,14,27,17289,68678
2023-05-30 15:55:48,14,30,17289,68678
2023-05-30 15:55:48,14,25,17289,68678
2023-05-30 15:55:50,15,25,17289,68678
2023-05-30 15:55:50,15,30,17289,68678
2023-05-30 15:55:50,15,26,17289,68678
2023-05-30 15:55:51,13,26,17289,68678
2023-05-30 15:55:51,13,30,17289,68678
2023-05-30 15:55:51,13,24,17289,68678
2023-05-30 15:55:52,12,24,17289,68678
2023-05-30 15:55:52,12,28,17289,68678
2023-05-30 15:55:52,12,23,17289,68678
2023-05-30 15:55:57,13,23,17289,68678
2023-05-30 15:55:57,13,28,17289,68678
2023-05-30 15:55:57,13,24,17289,68678
2023-05-30 15:55:58,12,24,17289,68678
2023-05-30 15:55:58,12,28,17289,68678
2023-05-30 15:55:58,12,23,17289,68678
2023-05-30 15:55:59,11,23,17289,68678
2023-05-30 15:55:59,17,23,17289,68678
2023-05-30 15:56:00,17,25,17289,68678
2023-05-30 15:56:00,17,23,17289,68678
2023-05-30 15:56:00,17,21,17289,68678
2023-05-30 15:56:01,17,23,17289,68678
2023-05-30 15:56:01,17,19,17289,68678
2023-05-30 15:56:03,8,19,17289,68680
2023-05-30 15:56:03,7,19,17289,68680
2023-05-30 15:56:03,7,17,17289,68680
2023-05-30 15:56:03,4,17,17289,68680
2023-05-30 15:56:04,3,17,17289,68680
2023-05-30 15:56:04,3,15,17289,68680
2023-05-30 15:56:05,4,15,17289,68680
2023-05-30 15:56:07,5,15,17289,68680
2023-05-30 15:56:07,6,15,17289,68680
2023-05-30 15:56:07,6,17,17289,68680
2023-05-30 15:56:07,10,17,17289,68680
2023-05-30 15:56:13,9,17,17289,68680
2023-05-30 15:56:13,12,17,17289,68680
2023-05-30 15:56:17,13,17,17289,68680
2023-05-30 15:56:17,13,22,17293,68684
2023-05-30 15:56:19,13,24,17293,68684
2023-05-30 15:56:20,14,24,17293,68684
2023-05-30 15:56:20,15,24,17293,68684
2023-05-30 15:56:20,15,27,17293,68684
2023-05-30 15:56:20,15,25,17293,68684
2023-05-30 15:56:21,15,24,17293,68684
2023-05-30 15:56:22,16,24,17293,68684
2023-05-30 15:56:24,15,24,17293,68684
2023-05-30 15:56:27,16,24,17293,68684
2023-05-30 15:56:27,17,24,17293,68684
2023-05-30 15:56:33,16,24,17293,68684
2023-05-30 15:56:39,16,23,17293,68684
2023-05-30 15:56:40,16,24,17293,68684
2023-05-30 15:56:40,16,20,17293,68684
2023-05-30 15:56:41,16,22,17293,68684
2023-05-30 15:56:41,16,19,17293,68684
2023-05-30 15:56:42,16,22,17293,68684
2023-05-30 15:56:42,16,20,17293,68684
2023-05-30 15:56:47,16,24,17293,68684
2023-05-30 15:56:47,16,21,17293,68684
2023-05-30 15:56:48,16,24,17293,68684
2023-05-30 15:56:48,16,20,17293,68684
2023-05-30 15:56:50,16,24,17293,68684
2023-05-30 15:56:50,16,21,17293,68684
2023-05-30 15:56:51,16,24,17293,68684
2023-05-30 15:56:51,16,22,17293,68684
2023-05-30 15:56:52,16,24,17293,68684
2023-05-30 15:56:53,16,20,17293,68684
2023-05-30 15:56:54,16,20,17293,68784
2023-05-30 15:56:55,17,20,17293,68784
2023-05-30 15:56:55,17,24,17293,68828
2023-05-30 15:56:58,16,24,17293,68828
2023-05-30 15:57:02,16,21,17293,68828
2023-05-30 15:57:04,16,22,17293,68828
2023-05-30 15:57:04,16,20,17293,68828
2023-05-30 15:57:05,16,17,17293,68828
2023-05-30 15:57:05,15,17,17293,68830
2023-05-30 15:57:05,10,15,17293,68832
2023-05-30 15:57:08,10,13,17293,68832
2023-05-30 15:57:08,8,13,17293,68832
2023-05-30 15:57:08,3,13,17293,68832
2023-05-30 15:57:08,10,13,17293,68832
2023-05-30 15:57:09,10,15,17293,68832
2023-05-30 15:57:09,10,12,17293,68832
2023-05-30 15:57:10,10,13,17293,68832
2023-05-30 15:57:10,10,11,17293,68832
2023-05-30 15:57:13,2,11,17293,68834
2023-05-30 15:57:14,6,11,17293,68834
2023-05-30 15:57:23,6,10,17293,68834
2023-05-30 15:57:25,6,11,17293,68834
2023-05-30 15:57:26,6,13,17293,68834
2023-05-30 15:57:27,6,10,17293,68834
2023-05-30 15:57:29,6,10,17293,68838
2023-05-30 15:57:29,6,14,17299,68844
2023-05-30 15:57:30,7,14,17299,68844
2023-05-30 15:57:30,7,15,17299,68844
2023-05-30 15:57:31,6,15,17319,68864
2023-05-30 15:57:32,6,13,17319,68864
2023-05-30 15:57:32,5,13,17319,68864
2023-05-30 15:57:32,5,12,17319,68864
2023-05-30 15:57:32,4,12,17319,68864
2023-05-30 15:57:33,4,13,17319,68964
2023-05-30 15:57:33,10,13,17319,68964
2023-05-30 15:57:34,10,15,17319,68964
2023-05-30 15:57:35,10,14,17319,68964
2023-05-30 15:57:36,10,12,17319,68964
2023-05-30 15:57:39,4,12,17317,68966
2023-05-30 15:57:39,4,10,17317,68966
2023-05-30 15:57:42,5,10,17317,68966
2023-05-30 15:57:45,5,9,17317,68966
2023-05-30 15:57:48,5,8,17317,68966
2023-05-30 15:57:54,4,8,17317,68968
2023-05-30 15:57:57,2,8,17317,68970
2023-05-30 15:57:57,2,4,17317,68970
2023-05-30 15:57:57,3,4,17317,68970
2023-05-30 15:57:57,3,8,17321,68974
2023-05-30 15:58:05,2,8,17321,68976
2023-05-30 15:58:05,2,3,17321,68976
2023-05-30 15:58:08,2,8,17323,68978
2023-05-30 15:58:11,2,6,17323,68978
2023-05-30 15:58:13,2,8,17328,68983
2023-05-30 15:58:26,2,6,17328,68983
2023-05-30 15:58:37,2,6,17333,68988
2023-05-30 15:58:37,2,4,17333,68988
2023-05-30 15:58:38,1,2,17578,69237
2023-05-30 15:58:52,1,2,17578,70164
2023-05-30 15:58:54,0,2,17578,70166
2023-05-30 15:59:00,0,1,17578,70166
2023-05-30 15:59:52,0,1,17578,70421
