datetime,bid,ask,open_interest,volume
2023-09-19 09:30:22,1,61,34,34
2023-09-19 09:30:32,1,62,34,34
2023-09-19 09:30:33,1,61,34,34
2023-09-19 09:31:00,22,61,34,34
2023-09-19 09:31:00,22,24,34,34
2023-09-19 09:31:01,23,24,34,34
2023-09-19 09:31:02,23,25,34,34
2023-09-19 09:31:03,23,26,34,34
2023-09-19 09:31:06,24,26,34,34
2023-09-19 09:31:07,24,27,34,34
2023-09-19 09:31:42,24,26,34,34
2023-09-19 09:31:44,23,26,34,34
2023-09-19 09:31:47,23,25,34,34
2023-09-19 09:31:53,22,25,34,34
2023-09-19 09:31:55,23,25,34,34
2023-09-19 09:31:55,23,25,59,59
2023-09-19 09:31:55,23,25,84,84
2023-09-19 09:31:56,22,25,84,84
2023-09-19 09:32:05,22,24,84,84
2023-09-19 09:32:12,21,24,84,84
2023-09-19 09:32:20,21,24,84,84
2023-09-19 09:32:22,21,23,84,84
2023-09-19 09:32:25,21,24,84,84
2023-09-19 09:32:26,21,23,84,84
2023-09-19 09:32:41,21,24,84,84
2023-09-19 09:32:42,22,24,84,84
2023-09-19 09:32:45,23,24,84,84
2023-09-19 09:32:49,23,25,84,84
2023-09-19 09:32:53,22,25,84,84
2023-09-19 09:32:59,22,24,84,84
2023-09-19 09:33:01,21,24,84,84
2023-09-19 09:33:02,21,23,84,84
2023-09-19 09:33:04,21,22,84,84
2023-09-19 09:33:07,20,22,84,84
2023-09-19 09:33:11,20,21,84,84
2023-09-19 09:33:23,20,22,84,84
2023-09-19 09:33:27,20,23,84,84
2023-09-19 09:33:41,21,23,84,84
2023-09-19 09:33:45,21,24,84,84
2023-09-19 09:33:49,22,24,84,84
2023-09-19 09:34:14,21,24,84,84
2023-09-19 09:34:15,21,23,84,84
2023-09-19 09:34:34,20,23,84,84
2023-09-19 09:34:34,20,22,84,84
2023-09-19 09:34:41,20,23,84,84
2023-09-19 09:34:50,20,22,84,84
2023-09-19 09:34:54,20,21,84,84
2023-09-19 09:35:01,20,22,84,84
2023-09-19 09:35:10,19,22,84,84
2023-09-19 09:35:10,19,21,84,84
2023-09-19 09:35:12,19,20,84,84
2023-09-19 09:35:20,19,21,84,84
2023-09-19 09:35:28,19,20,84,84
2023-09-19 09:36:01,19,21,84,84
2023-09-19 09:36:02,19,22,84,84
2023-09-19 09:36:06,20,22,84,84
2023-09-19 09:36:10,19,22,84,84
2023-09-19 09:36:11,19,21,84,84
2023-09-19 09:36:20,19,22,84,84
2023-09-19 09:36:23,19,21,84,84
2023-09-19 09:36:27,19,22,84,84
2023-09-19 09:36:29,20,22,84,84
2023-09-19 09:37:02,20,23,84,84
2023-09-19 09:37:05,21,23,84,84
2023-09-19 09:37:08,20,23,84,84
2023-09-19 09:37:09,20,22,84,84
2023-09-19 09:37:20,20,21,84,84
2023-09-19 09:37:21,19,21,84,84
2023-09-19 09:37:23,19,22,84,84
2023-09-19 09:37:30,20,22,84,84
2023-09-19 09:37:36,20,23,84,84
2023-09-19 09:37:42,20,22,84,84
2023-09-19 09:37:54,20,23,84,84
2023-09-19 09:37:56,20,22,84,84
2023-09-19 09:38:02,19,22,84,84
2023-09-19 09:38:04,20,22,84,84
2023-09-19 09:38:11,19,22,84,84
2023-09-19 09:38:14,19,21,84,84
2023-09-19 09:38:37,19,22,84,84
2023-09-19 09:38:40,20,22,84,84
2023-09-19 09:38:41,20,23,84,84
2023-09-19 09:38:47,21,23,84,84
2023-09-19 09:38:49,21,22,84,84
2023-09-19 09:38:54,19,22,84,84
2023-09-19 09:38:57,20,22,84,84
2023-09-19 09:38:59,20,23,84,84
2023-09-19 09:39:12,20,22,84,84
2023-09-19 09:39:13,20,23,84,84
2023-09-19 09:39:15,21,23,84,84
2023-09-19 09:39:29,20,23,84,84
2023-09-19 09:39:30,20,22,84,84
2023-09-19 09:39:45,19,22,84,84
2023-09-19 09:39:55,20,22,84,84
2023-09-19 09:39:56,19,22,84,84
2023-09-19 09:40:01,20,22,84,84
2023-09-19 09:40:05,19,22,84,84
2023-09-19 09:40:09,19,21,84,84
2023-09-19 09:40:11,19,22,84,84
2023-09-19 09:40:15,19,21,84,84
2023-09-19 09:40:31,19,22,84,84
2023-09-19 09:40:31,20,22,84,84
2023-09-19 09:40:36,20,23,84,84
2023-09-19 09:40:39,20,22,84,84
2023-09-19 09:40:44,20,23,84,84
2023-09-19 09:40:45,20,22,84,84
2023-09-19 09:41:10,19,22,84,84
2023-09-19 09:41:10,19,21,84,84
2023-09-19 09:41:13,19,20,84,84
2023-09-19 09:41:15,18,20,84,84
2023-09-19 09:41:25,18,19,84,84
2023-09-19 09:41:27,17,19,84,84
2023-09-19 09:41:34,17,18,84,84
2023-09-19 09:41:37,16,18,84,84
2023-09-19 09:41:39,16,17,84,84
2023-09-19 09:41:44,15,17,84,84
2023-09-19 09:41:44,15,17,264,264
2023-09-19 09:41:44,15,16,264,264
2023-09-19 09:41:44,15,16,384,384
2023-09-19 09:41:51,15,17,384,384
2023-09-19 09:41:56,15,16,384,384
2023-09-19 09:42:01,15,17,384,384
2023-09-19 09:42:08,16,17,384,384
2023-09-19 09:42:41,16,17,384,584
2023-09-19 09:42:41,16,19,384,584
2023-09-19 09:42:41,16,18,384,584
2023-09-19 09:42:42,17,18,384,584
2023-09-19 09:42:43,18,20,384,684
2023-09-19 09:42:47,17,20,384,684
2023-09-19 09:42:47,17,19,384,684
2023-09-19 09:42:53,16,19,384,684
2023-09-19 09:43:02,17,19,384,684
2023-09-19 09:43:08,17,20,384,684
2023-09-19 09:43:17,18,20,384,684
2023-09-19 09:43:18,19,20,384,684
2023-09-19 09:43:19,19,21,384,684
2023-09-19 09:43:22,20,21,384,684
2023-09-19 09:43:25,19,21,384,684
2023-09-19 09:44:24,18,21,384,684
2023-09-19 09:44:24,18,20,384,684
2023-09-19 09:44:26,18,21,384,684
2023-09-19 09:44:32,19,21,384,684
2023-09-19 09:44:38,18,21,384,684
2023-09-19 09:44:42,19,21,384,684
2023-09-19 09:44:54,18,21,384,684
2023-09-19 09:44:55,18,20,384,684
2023-09-19 09:44:58,18,21,384,684
2023-09-19 09:45:01,18,20,384,684
2023-09-19 09:45:04,18,19,384,684
2023-09-19 09:45:19,17,19,384,684
2023-09-19 09:45:22,17,18,384,684
2023-09-19 09:45:24,17,19,384,684
2023-09-19 09:45:32,17,18,384,684
2023-09-19 09:45:35,16,18,384,684
2023-09-19 09:45:38,16,17,384,684
2023-09-19 09:45:46,16,18,384,684
2023-09-19 09:45:52,16,19,384,684
2023-09-19 09:45:56,17,19,384,684
2023-09-19 09:46:03,17,20,384,684
2023-09-19 09:46:04,18,20,384,684
2023-09-19 09:46:12,19,20,384,684
2023-09-19 09:46:12,19,21,384,684
2023-09-19 09:46:15,20,21,384,684
2023-09-19 09:46:36,20,22,384,684
2023-09-19 09:46:40,21,22,384,684
2023-09-19 09:46:55,20,22,384,684
2023-09-19 09:47:19,19,22,384,684
2023-09-19 09:47:29,20,22,384,684
2023-09-19 09:47:33,19,22,384,684
2023-09-19 09:47:42,20,22,384,684
2023-09-19 09:47:43,19,22,384,684
2023-09-19 09:48:06,19,21,384,684
2023-09-19 09:48:13,19,22,384,684
2023-09-19 09:48:15,20,22,384,684
2023-09-19 09:48:30,19,22,384,684
2023-09-19 09:48:32,20,22,384,684
2023-09-19 09:49:00,21,22,384,684
2023-09-19 09:49:05,21,23,384,684
2023-09-19 09:49:25,20,23,384,684
2023-09-19 09:49:25,20,22,384,684
2023-09-19 09:49:26,19,22,384,684
2023-09-19 09:49:33,19,21,384,684
2023-09-19 09:49:39,19,22,384,684
2023-09-19 09:49:57,19,23,384,684
2023-09-19 09:49:57,20,23,384,684
2023-09-19 09:50:00,20,22,384,684
2023-09-19 09:50:08,20,23,384,684
2023-09-19 09:50:11,21,23,384,684
2023-09-19 09:50:14,22,23,384,684
2023-09-19 09:50:16,22,24,384,684
2023-09-19 09:50:42,23,24,384,684
2023-09-19 09:50:43,23,25,384,684
2023-09-19 09:50:52,24,25,384,684
2023-09-19 09:50:54,24,26,384,684
2023-09-19 09:50:55,24,27,384,684
2023-09-19 09:50:55,25,27,384,684
2023-09-19 09:51:04,24,27,384,684
2023-09-19 09:51:09,25,27,384,684
2023-09-19 09:51:12,24,27,384,684
2023-09-19 09:51:15,25,27,384,684
2023-09-19 09:51:19,24,27,384,684
2023-09-19 09:51:26,24,26,384,684
2023-09-19 09:51:33,23,26,384,684
2023-09-19 09:51:33,23,25,384,684
2023-09-19 09:51:46,22,25,384,684
2023-09-19 09:51:46,22,24,384,684
2023-09-19 09:51:52,22,23,384,684
2023-09-19 09:51:53,21,23,384,684
2023-09-19 09:52:04,21,24,384,684
2023-09-19 09:52:04,22,24,384,684
2023-09-19 09:52:08,21,24,384,684
2023-09-19 09:52:08,21,23,384,684
2023-09-19 09:52:15,21,24,384,684
2023-09-19 09:52:18,22,24,384,684
2023-09-19 09:52:22,22,25,384,684
2023-09-19 09:52:30,22,26,384,684
2023-09-19 09:52:30,23,26,384,684
2023-09-19 09:52:30,23,25,384,684
2023-09-19 09:52:36,23,26,384,684
2023-09-19 09:52:36,23,25,384,684
2023-09-19 09:52:40,23,26,384,684
2023-09-19 09:52:52,23,25,384,684
2023-09-19 09:52:54,23,26,384,684
2023-09-19 09:52:55,23,25,384,684
2023-09-19 09:52:57,23,26,384,684
2023-09-19 09:53:14,24,26,384,684
2023-09-19 09:53:39,24,27,384,684
2023-09-19 09:53:43,25,27,384,684
2023-09-19 09:53:49,24,27,384,684
2023-09-19 09:53:51,25,27,384,684
2023-09-19 09:54:10,26,27,384,684
2023-09-19 09:54:12,26,28,384,684
2023-09-19 09:54:48,25,28,384,684
2023-09-19 09:54:48,25,27,384,684
2023-09-19 09:55:05,25,28,384,684
2023-09-19 09:55:06,26,28,384,684
2023-09-19 09:55:09,25,28,384,684
2023-09-19 09:55:13,25,27,384,684
2023-09-19 09:55:38,25,28,384,684
2023-09-19 09:56:17,26,28,384,684
2023-09-19 09:56:19,27,28,384,684
2023-09-19 09:56:49,27,29,384,684
2023-09-19 09:56:50,28,29,384,684
2023-09-19 09:56:56,28,30,384,684
2023-09-19 09:57:07,29,30,384,684
2023-09-19 09:57:10,28,30,384,684
2023-09-19 09:57:19,29,30,384,684
2023-09-19 09:57:25,28,30,384,684
2023-09-19 09:57:32,29,30,384,684
2023-09-19 09:57:36,28,30,384,684
2023-09-19 09:58:20,27,30,384,684
2023-09-19 09:58:37,28,30,384,684
2023-09-19 09:58:39,27,30,384,684
2023-09-19 09:58:56,28,30,384,684
2023-09-19 09:59:30,29,30,384,684
2023-09-19 09:59:49,29,31,384,684
2023-09-19 09:59:49,30,31,384,684
2023-09-19 09:59:51,30,31,384,685
2023-09-19 09:59:54,30,31,384,686
2023-09-19 10:00:21,30,32,384,686
2023-09-19 10:00:21,30,31,384,686
2023-09-19 10:00:22,30,32,384,686
2023-09-19 10:00:23,31,32,384,686
2023-09-19 10:01:04,32,33,384,687
2023-09-19 10:01:10,32,34,384,687
2023-09-19 10:01:10,33,34,384,687
2023-09-19 10:01:57,34,35,384,688
2023-09-19 10:01:58,33,35,384,688
2023-09-19 10:01:58,34,35,384,688
2023-09-19 10:01:59,34,36,384,688
2023-09-19 10:02:02,35,36,384,688
2023-09-19 10:02:08,35,37,384,688
2023-09-19 10:02:09,36,37,384,688
2023-09-19 10:02:11,36,37,384,689
2023-09-19 10:02:20,35,37,384,689
2023-09-19 10:02:26,36,37,384,689
2023-09-19 10:02:28,36,37,384,690
2023-09-19 10:02:58,36,37,384,691
2023-09-19 10:03:23,36,37,384,692
2023-09-19 10:04:04,36,38,384,692
2023-09-19 10:04:50,37,38,384,692
2023-09-19 10:05:02,36,38,384,692
2023-09-19 10:05:03,37,38,384,692
2023-09-19 10:10:14,35,37,384,693
2023-09-19 10:10:33,35,38,384,693
2023-09-19 10:10:33,36,38,384,693
2023-09-19 10:11:23,35,38,384,693
2023-09-19 10:11:23,36,38,384,693
2023-09-19 10:11:25,35,38,384,693
2023-09-19 10:11:28,36,38,384,693
2023-09-19 10:11:38,35,38,384,693
2023-09-19 10:11:44,35,37,384,693
2023-09-19 10:12:01,35,38,384,693
2023-09-19 10:12:03,35,37,384,693
2023-09-19 10:12:32,35,38,384,693
2023-09-19 10:12:36,36,38,384,693
2023-09-19 10:12:41,35,38,384,693
2023-09-19 10:12:49,35,37,384,693
2023-09-19 10:12:54,34,37,384,693
2023-09-19 10:12:57,35,37,384,693
2023-09-19 10:13:15,35,38,384,693
2023-09-19 10:13:21,36,38,384,693
2023-09-19 10:13:25,35,38,384,693
2023-09-19 10:13:39,36,38,384,693
2023-09-19 10:14:10,36,37,384,693
2023-09-19 10:14:19,35,37,384,693
2023-09-19 10:14:21,36,37,384,693
2023-09-19 10:14:38,35,37,384,693
2023-09-19 10:14:39,36,37,384,693
2023-09-19 10:14:40,35,37,384,693
2023-09-19 10:14:47,36,37,384,693
2023-09-19 10:15:04,35,37,384,693
2023-09-19 10:15:31,34,37,384,693
2023-09-19 10:15:35,35,37,384,693
2023-09-19 10:15:39,34,37,384,693
2023-09-19 10:15:43,35,37,384,693
2023-09-19 10:15:46,34,37,384,693
2023-09-19 10:15:47,35,37,384,693
2023-09-19 10:15:50,34,37,384,693
2023-09-19 10:15:51,35,37,384,693
2023-09-19 10:15:55,34,37,384,693
2023-09-19 10:15:59,35,37,384,693
2023-09-19 10:16:02,34,37,384,693
2023-09-19 10:16:06,35,37,384,693
2023-09-19 10:16:07,34,37,384,693
2023-09-19 10:16:07,35,37,384,693
2023-09-19 10:16:08,34,37,384,693
2023-09-19 10:16:10,35,37,384,693
2023-09-19 10:16:38,36,37,384,693
2023-09-19 10:17:03,37,38,484,793
2023-09-19 10:17:08,37,39,484,793
2023-09-19 10:17:22,37,38,484,793
2023-09-19 10:17:25,36,38,484,793
2023-09-19 10:17:25,35,38,484,793
2023-09-19 10:17:28,35,37,484,793
2023-09-19 10:17:29,36,37,484,793
2023-09-19 10:17:30,36,37,384,893
2023-09-19 10:17:31,35,36,384,894
2023-09-19 10:17:35,35,36,385,895
2023-09-19 10:17:45,34,36,385,895
2023-09-19 10:18:05,34,35,385,895
2023-09-19 10:18:07,33,34,585,1095
2023-09-19 10:18:12,32,34,585,1095
2023-09-19 10:18:27,32,33,585,1095
2023-09-19 10:18:44,31,33,585,1095
2023-09-19 10:19:16,32,33,585,1095
2023-09-19 10:19:17,32,34,585,1095
2023-09-19 10:19:30,31,34,585,1095
2023-09-19 10:19:32,31,33,585,1095
2023-09-19 10:19:35,32,33,585,1095
2023-09-19 10:19:37,31,33,585,1095
2023-09-19 10:19:38,32,33,585,1095
2023-09-19 10:19:42,31,33,585,1095
2023-09-19 10:19:47,31,34,585,1095
2023-09-19 10:19:48,31,33,585,1095
2023-09-19 10:19:49,31,34,585,1095
2023-09-19 10:19:51,31,33,585,1095
2023-09-19 10:19:58,31,34,585,1095
2023-09-19 10:19:59,31,33,585,1095
2023-09-19 10:20:03,31,34,585,1095
2023-09-19 10:20:06,31,33,585,1095
2023-09-19 10:20:12,31,34,585,1095
2023-09-19 10:20:13,32,34,585,1095
2023-09-19 10:20:18,31,34,585,1095
2023-09-19 10:20:26,32,34,585,1095
2023-09-19 10:20:29,32,35,585,1095
2023-09-19 10:20:30,32,34,585,1095
2023-09-19 10:20:31,32,35,585,1095
2023-09-19 10:20:31,32,34,585,1095
2023-09-19 10:20:34,32,35,585,1095
2023-09-19 10:20:38,32,34,585,1095
2023-09-19 10:20:42,33,34,585,1095
2023-09-19 10:20:43,33,35,585,1095
2023-09-19 10:21:03,33,34,585,1095
2023-09-19 10:21:12,33,35,585,1095
2023-09-19 10:21:17,33,34,585,1095
2023-09-19 10:21:55,31,34,385,1295
2023-09-19 10:21:58,31,33,385,1295
2023-09-19 10:22:05,31,32,385,1295
2023-09-19 10:22:30,31,33,385,1295
2023-09-19 10:22:45,31,32,385,1295
2023-09-19 10:22:49,31,33,385,1295
2023-09-19 10:22:50,31,32,385,1295
2023-09-19 10:22:51,31,33,385,1295
2023-09-19 10:22:52,31,32,385,1295
2023-09-19 10:22:54,31,33,385,1295
2023-09-19 10:22:55,32,33,385,1295
2023-09-19 10:23:04,31,33,385,1295
2023-09-19 10:23:06,31,32,385,1295
2023-09-19 10:23:21,31,33,385,1295
2023-09-19 10:23:23,31,32,385,1295
2023-09-19 10:23:24,31,33,385,1295
2023-09-19 10:23:41,31,32,385,1295
2023-09-19 10:23:47,31,33,385,1295
2023-09-19 10:23:54,31,34,385,1295
2023-09-19 10:24:08,31,33,385,1295
2023-09-19 10:24:09,31,34,385,1295
2023-09-19 10:24:10,31,33,385,1295
2023-09-19 10:24:52,31,32,385,1295
2023-09-19 10:25:16,29,30,1385,2295
2023-09-19 10:25:21,29,30,1385,2355
2023-09-19 10:25:40,28,30,1385,2355
2023-09-19 10:25:57,29,30,1385,2355
2023-09-19 10:25:59,28,30,1385,2355
2023-09-19 10:26:01,29,30,1385,2355
2023-09-19 10:26:11,28,30,1385,2355
2023-09-19 10:26:41,28,31,1385,2355
2023-09-19 10:26:47,28,30,1385,2355
2023-09-19 10:26:48,28,31,1385,2355
2023-09-19 10:26:52,28,30,1385,2355
2023-09-19 10:26:53,28,31,1385,2355
2023-09-19 10:27:02,28,30,1385,2355
2023-09-19 10:27:13,28,31,1385,2355
2023-09-19 10:27:21,29,31,1385,2355
2023-09-19 10:27:23,29,32,1385,2355
2023-09-19 10:27:36,30,32,1385,2355
2023-09-19 10:27:40,30,33,1385,2355
2023-09-19 10:27:42,31,33,1385,2355
2023-09-19 10:28:20,32,33,1385,2355
2023-09-19 10:28:21,31,33,1385,2355
2023-09-19 10:28:32,32,33,1385,2355
2023-09-19 10:28:40,33,35,1385,2362
2023-09-19 10:28:48,34,35,1385,2362
2023-09-19 10:29:17,33,35,1385,2362
2023-09-19 10:29:19,34,35,1385,2362
2023-09-19 10:29:21,33,35,1385,2362
2023-09-19 10:29:24,34,35,1385,2362
2023-09-19 10:29:26,33,35,1385,2362
2023-09-19 10:29:37,34,35,1385,2362
2023-09-19 10:29:39,33,35,1385,2362
2023-09-19 10:29:57,33,34,1385,2362
2023-09-19 10:29:57,32,34,1385,2362
2023-09-19 10:30:02,32,35,1385,2362
2023-09-19 10:30:02,33,35,1385,2362
2023-09-19 10:30:21,34,35,1385,2362
2023-09-19 10:30:35,33,35,1385,2362
2023-09-19 10:31:19,32,35,1385,2362
2023-09-19 10:31:21,32,34,1385,2362
2023-09-19 10:31:22,32,35,1385,2362
2023-09-19 10:31:23,32,34,1385,2362
2023-09-19 10:31:29,32,35,1385,2362
2023-09-19 10:31:34,32,34,1385,2362
2023-09-19 10:31:35,32,35,1385,2362
2023-09-19 10:31:43,33,35,1385,2362
2023-09-19 10:31:45,32,35,1385,2362
2023-09-19 10:31:46,33,35,1385,2362
2023-09-19 10:31:47,32,35,1385,2362
2023-09-19 10:31:56,33,35,1385,2362
2023-09-19 10:32:29,34,35,1385,2362
2023-09-19 10:32:43,34,36,1385,2362
2023-09-19 10:33:00,35,36,1385,2362
2023-09-19 10:33:03,35,36,1585,2562
2023-09-19 10:33:46,35,37,1585,2762
2023-09-19 10:33:46,36,37,1585,2762
2023-09-19 10:33:57,35,37,1585,2762
2023-09-19 10:33:58,36,37,1585,2762
2023-09-19 10:34:13,36,38,1585,2762
2023-09-19 10:34:43,37,38,1585,2762
2023-09-19 10:35:10,37,39,1585,2762
2023-09-19 10:35:10,38,39,1585,2762
2023-09-19 10:35:24,38,39,1585,2763
2023-09-19 10:35:27,38,39,1585,2764
2023-09-19 10:35:41,38,39,1585,2765
2023-09-19 10:36:12,38,39,1585,2766
2023-09-19 10:37:15,37,38,1586,2767
2023-09-19 10:38:37,37,39,1685,2866
2023-09-19 10:38:37,38,39,1685,2866
2023-09-19 10:38:51,39,40,1685,2871
2023-09-19 10:38:51,39,41,1685,2871
2023-09-19 10:38:58,39,42,1685,2871
2023-09-19 10:38:58,40,41,1685,2871
2023-09-19 10:38:59,40,42,1685,2871
2023-09-19 10:39:04,41,42,1685,2871
2023-09-19 10:39:05,41,43,1685,2871
2023-09-19 10:39:06,42,43,1685,2871
2023-09-19 10:39:14,42,44,1685,2871
2023-09-19 10:39:15,43,44,1685,2871
2023-09-19 10:39:16,42,44,1685,2871
2023-09-19 10:39:17,43,44,1685,2871
2023-09-19 10:39:18,43,44,1685,2872
2023-09-19 10:39:19,42,44,1685,2872
2023-09-19 10:39:35,43,44,1685,2872
2023-09-19 10:39:38,42,44,1685,2872
2023-09-19 10:39:39,43,44,1685,2872
2023-09-19 10:39:40,42,44,1685,2872
2023-09-19 10:39:44,43,44,1685,2872
2023-09-19 10:39:45,42,44,1685,2872
2023-09-19 10:39:46,43,44,1685,2872
2023-09-19 10:39:54,43,44,1685,2873
2023-09-19 10:40:00,43,44,1685,2874
2023-09-19 10:40:38,43,44,1684,3274
2023-09-19 10:40:39,43,45,1684,3471
2023-09-19 10:40:40,44,45,1684,3471
2023-09-19 10:41:21,44,45,1684,3472
2023-09-19 10:41:27,43,45,1684,3472
2023-09-19 10:41:28,44,45,1684,3472
2023-09-19 10:41:29,43,45,1684,3472
2023-09-19 10:41:35,44,45,1684,3472
2023-09-19 10:41:55,43,45,1684,3472
2023-09-19 10:41:56,44,45,1684,3472
2023-09-19 10:42:02,43,45,1684,3472
2023-09-19 10:42:02,43,45,1684,3872
2023-09-19 10:42:03,44,45,1684,3872
2023-09-19 10:42:03,44,45,1684,3873
2023-09-19 10:42:56,42,44,1684,3874
2023-09-19 10:42:57,43,44,1684,3874
2023-09-19 10:42:58,42,44,1684,3874
2023-09-19 10:43:03,42,45,1684,3874
2023-09-19 10:43:11,43,45,1684,3874
2023-09-19 10:44:34,44,45,1684,3874
2023-09-19 10:44:36,43,45,1684,3874
2023-09-19 10:44:37,44,45,1684,3874
2023-09-19 10:44:41,43,45,1684,3874
2023-09-19 10:44:56,42,45,1684,3874
2023-09-19 10:44:57,43,45,1684,3874
2023-09-19 10:44:59,42,45,1684,3874
2023-09-19 10:45:07,42,44,1684,3874
2023-09-19 10:45:21,42,44,2084,4274
2023-09-19 10:45:22,42,43,2084,4274
2023-09-19 10:45:25,41,43,2084,4274
2023-09-19 10:45:27,42,43,2084,4274
2023-09-19 10:45:32,41,43,2084,4274
2023-09-19 10:45:48,40,43,2884,5074
2023-09-19 10:45:49,40,42,2884,5074
2023-09-19 10:45:59,41,42,2884,5074
2023-09-19 10:46:19,40,42,2884,5074
2023-09-19 10:46:20,41,42,2884,5074
2023-09-19 10:46:21,40,42,2884,5074
2023-09-19 10:46:23,41,42,2884,5074
2023-09-19 10:46:31,41,43,2884,5074
2023-09-19 10:47:08,41,42,2884,5074
2023-09-19 10:47:13,41,43,2884,5074
2023-09-19 10:47:34,42,43,2884,5074
2023-09-19 10:47:55,41,43,2884,5074
2023-09-19 10:47:59,42,43,2884,5074
2023-09-19 10:48:01,41,43,2884,5074
2023-09-19 10:48:06,42,43,2884,5074
2023-09-19 10:48:07,41,43,2884,5074
2023-09-19 10:48:08,42,43,2884,5074
2023-09-19 10:49:09,41,43,2884,5074
2023-09-19 10:49:10,42,43,2884,5074
2023-09-19 10:49:15,41,43,2884,5074
2023-09-19 10:49:16,42,43,2884,5074
2023-09-19 10:49:58,42,44,2884,5270
2023-09-19 10:50:00,42,44,2884,5274
2023-09-19 10:50:26,43,44,2884,5274
2023-09-19 10:50:31,43,45,2884,5274
2023-09-19 10:50:40,43,44,2884,5274
2023-09-19 10:50:51,42,44,2884,5274
2023-09-19 10:50:54,43,44,2884,5274
2023-09-19 10:51:00,43,45,2884,5274
2023-09-19 10:51:01,43,44,2884,5274
2023-09-19 10:51:08,43,45,2884,5274
2023-09-19 10:51:35,43,44,2884,5274
2023-09-19 10:51:39,42,44,2884,5274
2023-09-19 10:51:44,42,45,2884,5274
2023-09-19 10:51:46,43,45,2884,5274
2023-09-19 10:52:07,44,45,2884,5274
2023-09-19 10:52:26,44,46,2884,5472
2023-09-19 10:52:27,45,46,2884,5472
2023-09-19 10:53:47,43,45,2884,5661
2023-09-19 10:53:47,44,45,2884,5661
2023-09-19 10:53:48,44,46,2884,5661
2023-09-19 10:53:48,45,46,2884,5661
2023-09-19 10:53:50,44,46,2884,5661
2023-09-19 10:53:56,43,46,2884,5661
2023-09-19 10:53:57,44,46,2884,5661
2023-09-19 10:54:04,45,46,2884,5661
2023-09-19 10:54:05,44,46,2884,5661
2023-09-19 10:54:06,44,45,2884,5661
2023-09-19 10:54:10,43,45,2884,5661
2023-09-19 10:54:11,44,45,2884,5661
2023-09-19 10:54:12,43,45,2884,5661
2023-09-19 10:54:14,43,46,2884,5661
2023-09-19 10:54:14,43,45,2884,5661
2023-09-19 10:54:24,44,45,2884,5661
2023-09-19 10:54:41,44,46,2884,5661
2023-09-19 10:54:44,44,45,2884,5661
2023-09-19 10:54:47,43,45,2884,5661
2023-09-19 10:54:56,43,46,2884,5661
2023-09-19 10:54:56,44,46,2884,5661
2023-09-19 10:55:04,45,46,2884,5661
2023-09-19 10:57:30,44,46,2884,5661
2023-09-19 10:57:31,45,46,2884,5661
2023-09-19 10:57:37,44,46,2884,5661
2023-09-19 10:57:39,45,46,2884,5661
2023-09-19 10:57:43,44,46,2884,5661
2023-09-19 10:57:45,45,46,2884,5661
2023-09-19 10:57:49,44,46,2884,5661
2023-09-19 10:57:50,45,46,2884,5661
2023-09-19 10:57:52,44,46,2884,5661
2023-09-19 10:58:02,45,46,2884,5661
2023-09-19 10:58:03,44,46,2884,5661
2023-09-19 10:58:05,45,46,2884,5661
2023-09-19 11:00:26,44,46,2884,5661
2023-09-19 11:00:40,44,45,2884,5661
2023-09-19 11:00:42,44,46,2884,5661
2023-09-19 11:00:43,44,45,2884,5661
2023-09-19 11:00:53,43,45,2884,5661
2023-09-19 11:00:55,44,45,2884,5661
2023-09-19 11:00:56,43,45,2884,5661
2023-09-19 11:01:15,44,45,2884,5661
2023-09-19 11:01:23,43,45,2884,5661
2023-09-19 11:01:24,44,45,2884,5661
2023-09-19 11:01:51,44,46,2884,5661
2023-09-19 11:01:58,45,46,2884,5661
2023-09-19 11:03:06,46,47,2884,5664
2023-09-19 11:03:27,45,47,2884,5664
2023-09-19 11:03:29,45,46,2884,5664
2023-09-19 11:03:35,44,46,2884,5664
2023-09-19 11:03:45,45,46,2884,5664
2023-09-19 11:04:07,44,46,2884,5664
2023-09-19 11:04:28,45,46,2884,5664
2023-09-19 11:04:36,44,46,2884,5664
2023-09-19 11:04:55,45,46,2884,5664
2023-09-19 11:05:09,44,46,2884,5664
2023-09-19 11:05:16,45,46,2884,5664
2023-09-19 11:05:22,45,46,2884,5864
2023-09-19 11:05:22,44,46,2884,5864
2023-09-19 11:05:24,45,46,2884,5864
2023-09-19 11:05:26,44,46,2884,5864
2023-09-19 11:05:27,44,45,2884,5864
2023-09-19 11:05:38,44,45,2944,5924
2023-09-19 11:06:01,44,45,3064,6044
2023-09-19 11:06:20,44,46,3064,6044
2023-09-19 11:06:30,45,46,3064,6044
2023-09-19 11:06:31,44,46,3064,6044
2023-09-19 11:06:33,45,46,3064,6044
2023-09-19 11:06:41,44,46,3064,6044
2023-09-19 11:06:52,44,47,3064,6044
2023-09-19 11:07:04,45,47,3064,6044
2023-09-19 11:07:05,44,47,3064,6044
2023-09-19 11:07:06,45,47,3064,6044
2023-09-19 11:07:07,44,47,3064,6044
2023-09-19 11:07:08,45,47,3064,6044
2023-09-19 11:07:09,45,46,3064,6044
2023-09-19 11:07:10,44,46,3064,6044
2023-09-19 11:07:11,45,46,3064,6044
2023-09-19 11:07:16,45,46,3064,6045
2023-09-19 11:07:19,45,46,3064,6046
2023-09-19 11:08:22,45,46,3064,6047
2023-09-19 11:08:23,43,46,3064,6048
2023-09-19 11:08:24,43,45,3064,6048
2023-09-19 11:09:17,44,45,3064,6048
2023-09-19 11:09:18,43,45,3064,6048
2023-09-19 11:09:22,44,45,3064,6048
2023-09-19 11:09:29,43,45,3064,6048
2023-09-19 11:09:41,44,45,3064,6048
2023-09-19 11:09:43,43,45,3064,6048
2023-09-19 11:09:45,44,45,3064,6048
2023-09-19 11:09:48,43,45,3064,6048
2023-09-19 11:10:52,43,46,3064,6048
2023-09-19 11:10:53,44,46,3064,6048
2023-09-19 11:10:54,45,46,3064,6048
2023-09-19 11:11:01,45,46,3064,6049
2023-09-19 11:11:08,43,45,3064,6230
2023-09-19 11:11:09,43,46,3064,6230
2023-09-19 11:11:10,44,46,3064,6230
2023-09-19 11:11:11,44,45,3064,6230
2023-09-19 11:11:12,43,45,3064,6230
2023-09-19 11:11:18,44,45,3064,6230
2023-09-19 11:11:21,43,45,3064,6230
2023-09-19 11:11:24,43,44,3064,6230
2023-09-19 11:11:28,43,44,3064,6231
2023-09-19 11:13:22,43,44,3064,6232
2023-09-19 11:13:26,43,44,3064,6233
2023-09-19 11:13:39,43,44,3064,6566
2023-09-19 11:13:45,43,45,3064,6590
2023-09-19 11:13:49,44,45,3064,6590
2023-09-19 11:14:50,44,45,3064,6591
2023-09-19 11:14:51,44,45,3064,6592
2023-09-19 11:15:10,43,44,3064,6593
2023-09-19 11:15:26,43,45,3064,6593
2023-09-19 11:15:33,44,45,3064,6593
2023-09-19 11:15:58,45,47,3064,6603
2023-09-19 11:15:58,46,47,3064,6603
2023-09-19 11:16:51,46,47,3064,6604
2023-09-19 11:16:54,46,47,3064,6605
2023-09-19 11:17:05,45,47,3064,6605
2023-09-19 11:17:14,46,47,3064,6605
2023-09-19 11:17:51,46,47,3064,7005
2023-09-19 11:17:52,46,48,3081,7203
2023-09-19 11:17:53,47,48,3081,7203
2023-09-19 11:17:54,47,48,3082,7204
2023-09-19 11:18:18,46,48,3082,7204
2023-09-19 11:18:25,47,48,3082,7204
2023-09-19 11:18:54,47,48,3083,7205
2023-09-19 11:19:12,46,48,3083,7205
2023-09-19 11:19:37,46,47,3083,7205
2023-09-19 11:19:41,46,48,3083,7205
2023-09-19 11:19:43,46,47,3083,7205
2023-09-19 11:19:53,46,48,3083,7205
2023-09-19 11:19:54,46,47,3083,7205
2023-09-19 11:19:55,46,48,3083,7205
2023-09-19 11:19:58,46,47,3083,7205
2023-09-19 11:20:05,46,48,3083,7205
2023-09-19 11:20:15,46,47,3083,7205
2023-09-19 11:20:16,45,47,3083,7205
2023-09-19 11:21:27,45,48,3083,7205
2023-09-19 11:21:32,45,47,3083,7205
2023-09-19 11:21:33,45,48,3083,7205
2023-09-19 11:21:47,45,47,3083,7205
2023-09-19 11:22:19,45,48,3083,7205
2023-09-19 11:22:21,46,48,3083,7205
2023-09-19 11:22:22,46,47,3083,7205
2023-09-19 11:22:33,46,48,3083,7205
2023-09-19 11:22:36,47,48,3083,7205
2023-09-19 11:23:14,47,48,3084,7206
2023-09-19 11:25:10,47,48,3085,7207
2023-09-19 11:25:17,46,47,3086,7208
2023-09-19 11:26:07,44,46,3087,7209
2023-09-19 11:26:18,45,46,3087,7209
2023-09-19 11:26:18,45,47,3087,7209
2023-09-19 11:26:26,44,47,3087,7209
2023-09-19 11:26:31,44,46,3087,7209
2023-09-19 11:27:26,44,45,3087,7209
2023-09-19 11:27:26,43,45,3087,7209
2023-09-19 11:27:37,43,46,3087,7209
2023-09-19 11:27:37,44,46,3087,7209
2023-09-19 11:27:43,44,47,3087,7209
2023-09-19 11:28:00,44,46,3087,7209
2023-09-19 11:28:04,43,46,3087,7209
2023-09-19 11:28:36,43,45,3087,7209
2023-09-19 11:28:42,43,44,3087,7209
2023-09-19 11:28:45,43,45,3087,7209
2023-09-19 11:30:21,44,45,3087,7209
2023-09-19 11:30:21,44,46,3087,7209
2023-09-19 11:30:28,44,45,3087,7209
2023-09-19 11:30:29,44,46,3087,7209
2023-09-19 11:30:30,43,46,3087,7209
2023-09-19 11:30:30,43,45,3087,7209
2023-09-19 11:30:36,43,46,3087,7209
2023-09-19 11:30:38,44,46,3087,7209
2023-09-19 11:30:40,44,45,3087,7209
2023-09-19 11:30:53,44,46,3087,7209
2023-09-19 11:31:13,44,45,3087,7209
2023-09-19 11:31:14,43,45,3087,7209
2023-09-19 11:31:46,43,44,3087,7209
2023-09-19 11:31:53,42,44,3087,7209
2023-09-19 11:31:55,42,43,3087,7209
2023-09-19 11:32:01,42,44,3087,7209
2023-09-19 11:32:02,42,43,3087,7209
2023-09-19 11:32:12,41,43,3087,7209
2023-09-19 11:32:13,41,42,3087,7209
2023-09-19 11:32:15,41,43,3087,7209
2023-09-19 11:32:18,41,44,3087,7209
2023-09-19 11:32:19,41,43,3087,7209
2023-09-19 11:32:29,41,42,3087,7209
2023-09-19 11:32:37,41,43,3087,7209
2023-09-19 11:32:38,41,42,3087,7209
2023-09-19 11:32:39,41,43,3087,7209
2023-09-19 11:32:48,41,42,3087,7209
2023-09-19 11:33:25,41,43,3087,7209
2023-09-19 11:33:26,41,42,3087,7209
2023-09-19 11:33:31,40,42,3087,7209
2023-09-19 11:33:51,40,41,3087,7209
2023-09-19 11:34:07,40,42,3087,7209
2023-09-19 11:34:19,40,41,3087,7209
2023-09-19 11:34:27,40,42,3087,7209
2023-09-19 11:34:56,40,41,3087,7209
2023-09-19 11:35:08,39,41,3087,7209
2023-09-19 11:36:11,39,42,3087,7209
2023-09-19 11:36:13,39,41,3087,7209
2023-09-19 11:36:17,40,41,3087,7209
2023-09-19 11:36:18,40,42,3087,7209
2023-09-19 11:36:33,41,42,3087,7209
2023-09-19 11:36:34,41,43,3087,7209
2023-09-19 11:36:38,41,42,3087,7209
2023-09-19 11:36:38,40,42,3087,7209
2023-09-19 11:36:45,40,43,3087,7209
2023-09-19 11:36:47,40,42,3087,7209
2023-09-19 11:36:51,40,43,3087,7209
2023-09-19 11:36:51,41,43,3087,7209
2023-09-19 11:37:09,40,43,3087,7209
2023-09-19 11:37:18,40,42,3087,7209
2023-09-19 11:38:17,39,42,3087,7209
2023-09-19 11:38:18,40,42,3087,7209
2023-09-19 11:38:21,39,42,3087,7209
2023-09-19 11:38:28,40,42,3087,7209
2023-09-19 11:38:30,39,42,3087,7209
2023-09-19 11:38:32,40,42,3087,7209
2023-09-19 11:38:35,39,42,3087,7209
2023-09-19 11:38:41,40,42,3087,7209
2023-09-19 11:38:45,39,42,3087,7209
2023-09-19 11:39:04,39,41,3087,7209
2023-09-19 11:39:09,39,40,3087,7209
2023-09-19 11:39:11,39,41,3087,7209
2023-09-19 11:39:33,38,41,3087,7209
2023-09-19 11:39:47,39,41,3087,7209
2023-09-19 11:40:07,39,42,3087,7209
2023-09-19 11:40:08,39,41,3087,7209
2023-09-19 11:40:26,39,42,3087,7209
2023-09-19 11:40:27,39,41,3087,7209
2023-09-19 11:40:29,39,42,3087,7209
2023-09-19 11:40:30,39,41,3087,7209
2023-09-19 11:40:45,39,42,3087,7209
2023-09-19 11:40:57,39,41,3087,7209
2023-09-19 11:41:12,39,42,3087,7209
2023-09-19 11:41:14,40,42,3087,7209
2023-09-19 11:41:17,41,42,3087,7209
2023-09-19 11:41:17,41,43,3087,7209
2023-09-19 11:42:04,42,43,3087,7209
2023-09-19 11:42:04,42,44,3087,7209
2023-09-19 11:42:28,41,44,3087,7209
2023-09-19 11:42:28,41,43,3087,7209
2023-09-19 11:42:29,42,43,3087,7209
2023-09-19 11:42:31,42,44,3087,7209
2023-09-19 11:42:32,42,43,3087,7209
2023-09-19 11:42:33,42,44,3087,7209
2023-09-19 11:42:45,41,44,3087,7209
2023-09-19 11:42:45,43,44,3087,7209
2023-09-19 11:42:45,41,44,3088,7210
2023-09-19 11:42:48,41,43,3088,7210
2023-09-19 11:42:49,42,43,3088,7210
2023-09-19 11:42:58,42,43,3088,7211
2023-09-19 11:43:02,42,44,3088,7211
2023-09-19 11:43:09,42,43,3088,7211
2023-09-19 11:43:11,42,44,3088,7211
2023-09-19 11:43:11,43,44,3088,7211
2023-09-19 11:43:50,43,45,3088,7211
2023-09-19 11:44:07,43,44,3088,7211
2023-09-19 11:44:09,43,45,3088,7211
2023-09-19 11:44:10,43,44,3088,7211
2023-09-19 11:44:12,43,45,3088,7211
2023-09-19 11:44:13,43,44,3088,7211
2023-09-19 11:44:19,43,45,3088,7211
2023-09-19 11:44:21,43,44,3088,7211
2023-09-19 11:44:35,43,44,3088,7212
2023-09-19 11:44:38,43,44,3088,7213
2023-09-19 11:44:47,43,45,3088,7213
2023-09-19 11:45:19,44,45,3088,7213
2023-09-19 11:46:05,45,47,3072,7229
2023-09-19 11:46:10,46,47,3072,7229
2023-09-19 11:46:15,45,47,3072,7229
2023-09-19 11:46:25,46,47,3072,7229
2023-09-19 11:46:26,45,47,3072,7229
2023-09-19 11:46:27,46,47,3072,7229
2023-09-19 11:46:34,46,47,3073,7230
2023-09-19 11:46:35,45,46,3073,7231
2023-09-19 11:46:35,45,46,3073,7232
2023-09-19 11:46:45,45,47,3073,7232
2023-09-19 11:47:02,46,47,3073,7232
2023-09-19 11:47:04,45,46,3073,7233
2023-09-19 11:47:08,44,46,3073,7233
2023-09-19 11:47:20,45,46,3073,7233
2023-09-19 11:47:25,45,47,3073,7233
2023-09-19 11:47:32,46,47,3073,7233
2023-09-19 11:48:07,44,46,3073,7234
2023-09-19 11:48:22,43,46,3073,7234
2023-09-19 11:48:39,43,45,3073,7234
2023-09-19 11:48:44,43,46,3073,7234
2023-09-19 11:48:57,44,46,3073,7234
2023-09-19 11:49:02,43,46,3073,7234
2023-09-19 11:49:23,44,46,3073,7234
2023-09-19 11:49:44,45,46,3073,7234
2023-09-19 11:49:45,45,47,3073,7234
2023-09-19 11:50:05,46,47,3073,7234
2023-09-19 11:50:05,46,47,3260,7428
2023-09-19 11:50:06,45,47,3260,7428
2023-09-19 11:50:07,46,47,3260,7428
2023-09-19 11:50:08,45,47,3260,7428
2023-09-19 11:50:09,46,47,3260,7428
2023-09-19 11:50:10,45,47,3260,7428
2023-09-19 11:50:45,46,47,3260,7428
2023-09-19 11:50:48,45,47,3260,7428
2023-09-19 11:50:50,46,47,3260,7428
2023-09-19 11:51:06,47,48,3260,7434
2023-09-19 11:51:21,47,49,3260,7434
2023-09-19 11:51:21,48,49,3260,7434
2023-09-19 11:51:28,48,49,3260,7435
2023-09-19 11:52:04,47,49,3260,7435
2023-09-19 11:52:04,48,49,3260,7435
2023-09-19 11:52:30,46,48,3260,7436
2023-09-19 11:52:32,45,48,3260,7436
2023-09-19 11:52:41,46,48,3260,7436
2023-09-19 11:52:47,46,47,3260,7436
2023-09-19 11:52:58,44,46,3260,7437
2023-09-19 11:53:14,44,47,3260,7437
2023-09-19 11:53:16,45,47,3260,7437
2023-09-19 11:53:16,45,48,3260,7437
2023-09-19 11:53:22,46,48,3260,7437
2023-09-19 11:53:25,46,49,3260,7437
2023-09-19 11:53:43,47,49,3260,7437
2023-09-19 11:54:23,46,49,3260,7437
2023-09-19 11:54:26,47,49,3260,7437
2023-09-19 11:54:47,46,49,3260,7437
2023-09-19 11:54:56,46,48,3260,7437
2023-09-19 11:54:58,47,48,3260,7437
2023-09-19 11:55:06,47,48,3260,7438
2023-09-19 11:55:22,47,49,3260,7438
2023-09-19 11:55:30,47,48,3260,7438
2023-09-19 11:55:32,47,49,3260,7438
2023-09-19 11:55:33,47,48,3260,7438
2023-09-19 11:55:43,46,48,3260,7438
2023-09-19 11:55:46,45,48,3260,7438
2023-09-19 11:55:55,46,48,3260,7438
2023-09-19 11:56:03,46,49,3260,7438
2023-09-19 11:56:13,46,48,3260,7438
2023-09-19 11:56:23,45,48,3260,7438
2023-09-19 11:56:32,45,47,3260,7438
2023-09-19 11:56:36,45,48,3260,7438
2023-09-19 11:56:50,45,47,3260,7438
2023-09-19 11:56:51,44,47,3260,7438
2023-09-19 11:56:51,45,47,3260,7438
2023-09-19 11:56:55,44,47,3260,7438
2023-09-19 11:56:57,45,47,3260,7438
2023-09-19 11:57:00,44,47,3260,7438
2023-09-19 11:57:05,44,46,3260,7438
2023-09-19 11:57:21,43,46,3260,7438
2023-09-19 11:57:21,43,45,3260,7438
2023-09-19 11:57:28,43,44,3260,7438
2023-09-19 11:57:30,42,44,3260,7438
2023-09-19 11:57:40,41,44,3260,7438
2023-09-19 11:57:40,41,43,3260,7438
2023-09-19 11:58:11,41,42,3260,7438
2023-09-19 11:58:13,40,42,3260,7438
2023-09-19 11:59:03,41,42,3260,7438
2023-09-19 11:59:20,41,43,3260,7438
2023-09-19 11:59:20,41,43,3260,7438
2023-09-19 11:59:21,41,44,3260,7438
2023-09-19 11:59:26,41,43,3260,7438
2023-09-19 11:59:28,40,43,3260,7438
2023-09-19 11:59:32,40,42,3260,7438
2023-09-19 12:00:09,40,43,3260,7438
2023-09-19 12:00:14,41,43,3260,7438
2023-09-19 12:00:22,41,44,3260,7438
2023-09-19 12:00:42,42,44,3260,7438
2023-09-19 12:00:47,42,45,3260,7438
2023-09-19 12:00:56,43,45,3260,7438
2023-09-19 12:01:04,42,45,3260,7438
2023-09-19 12:01:17,43,45,3260,7438
2023-09-19 12:01:19,42,45,3260,7438
2023-09-19 12:01:22,42,44,3260,7438
2023-09-19 12:01:23,42,45,3260,7438
2023-09-19 12:01:24,42,44,3260,7438
2023-09-19 12:01:26,41,44,3260,7438
2023-09-19 12:01:32,42,44,3260,7438
2023-09-19 12:01:32,42,45,3260,7438
2023-09-19 12:01:36,42,44,3260,7438
2023-09-19 12:01:36,41,44,3260,7438
2023-09-19 12:01:39,42,44,3260,7438
2023-09-19 12:01:41,42,45,3260,7438
2023-09-19 12:01:54,43,45,3260,7438
2023-09-19 12:01:56,43,46,3260,7438
2023-09-19 12:01:56,44,46,3260,7438
2023-09-19 12:02:05,44,47,3260,7438
2023-09-19 12:02:07,44,46,3260,7438
2023-09-19 12:02:09,44,47,3260,7438
2023-09-19 12:02:09,45,47,3260,7438
2023-09-19 12:02:16,44,47,3260,7438
2023-09-19 12:02:16,45,47,3260,7438
2023-09-19 12:02:35,45,48,3260,7438
2023-09-19 12:02:35,46,48,3260,7438
2023-09-19 12:03:03,46,48,3261,7439
2023-09-19 12:03:32,47,48,3261,7439
2023-09-19 12:03:32,47,49,3261,7439
2023-09-19 12:03:32,48,49,3261,7439
2023-09-19 12:03:35,47,48,3262,7440
2023-09-19 12:03:36,47,49,3262,7440
2023-09-19 12:03:40,48,49,3262,7440
2023-09-19 12:03:41,48,49,3262,7441
2023-09-19 12:04:00,47,49,3262,7441
2023-09-19 12:04:02,48,49,3262,7441
2023-09-19 12:04:11,47,48,3262,7442
2023-09-19 12:04:12,47,49,3262,7442
2023-09-19 12:05:33,48,49,3262,7442
2023-09-19 12:05:42,49,50,3262,7444
2023-09-19 12:05:42,49,51,3262,7444
2023-09-19 12:05:43,50,51,3262,7444
2023-09-19 12:05:45,49,51,3262,7444
2023-09-19 12:05:50,50,51,3262,7444
2023-09-19 12:06:04,50,52,3262,7444
2023-09-19 12:06:08,51,52,3262,7444
2023-09-19 12:06:13,51,52,3322,7504
2023-09-19 12:06:13,51,52,3382,7564
2023-09-19 12:06:13,51,52,3447,7629
2023-09-19 12:06:15,51,52,3447,7630
2023-09-19 12:06:25,50,52,3447,7630
2023-09-19 12:06:33,49,52,3447,7630
2023-09-19 12:06:35,49,51,3447,7630
2023-09-19 12:06:40,49,52,3447,7630
2023-09-19 12:06:41,49,51,3447,7630
2023-09-19 12:06:42,49,52,3447,7630
2023-09-19 12:06:43,49,51,3447,7630
2023-09-19 12:06:44,49,52,3447,7630
2023-09-19 12:06:44,49,51,3447,7630
2023-09-19 12:07:11,49,52,3447,7630
2023-09-19 12:07:12,50,52,3447,7630
2023-09-19 12:07:16,50,51,3447,7630
2023-09-19 12:07:17,50,51,3447,7631
2023-09-19 12:07:38,50,52,3447,7631
2023-09-19 12:07:44,50,51,3447,7631
2023-09-19 12:08:11,50,52,3447,7631
2023-09-19 12:08:21,51,52,3447,7631
2023-09-19 12:08:33,51,52,3512,7696
2023-09-19 12:08:33,51,52,3577,7761
2023-09-19 12:08:33,51,52,3642,7826
2023-09-19 12:08:34,51,52,3670,7854
2023-09-19 12:08:47,50,52,3670,7854
2023-09-19 12:09:08,50,51,3670,7854
2023-09-19 12:09:14,50,51,3670,7855
2023-09-19 12:09:19,48,50,3670,7856
2023-09-19 12:09:28,49,50,3670,7856
2023-09-19 12:09:29,49,51,3670,7856
2023-09-19 12:10:10,49,50,3670,7856
2023-09-19 12:10:15,49,51,3670,7856
2023-09-19 12:10:16,49,50,3670,7856
2023-09-19 12:10:17,49,51,3670,7856
2023-09-19 12:10:18,48,51,3670,7856
2023-09-19 12:10:25,48,50,3670,7856
2023-09-19 12:10:26,48,51,3670,7856
2023-09-19 12:10:37,48,50,3670,7856
2023-09-19 12:10:48,48,51,3670,7856
2023-09-19 12:10:54,48,50,3670,7856
2023-09-19 12:11:04,48,50,3677,7863
2023-09-19 12:11:14,48,49,3677,7863
2023-09-19 12:11:16,48,50,3677,7863
2023-09-19 12:11:24,48,49,3677,7863
2023-09-19 12:11:29,48,50,3677,7863
2023-09-19 12:11:48,48,51,3677,7863
2023-09-19 12:12:01,48,50,3677,7863
2023-09-19 12:12:19,48,49,3677,7863
2023-09-19 12:12:23,47,49,3677,7863
2023-09-19 12:12:35,46,49,3677,7863
2023-09-19 12:12:51,47,49,3677,7863
2023-09-19 12:13:03,46,49,3677,7863
2023-09-19 12:13:04,47,49,3677,7863
2023-09-19 12:13:05,46,49,3677,7863
2023-09-19 12:13:10,47,49,3677,7863
2023-09-19 12:13:13,46,49,3677,7863
2023-09-19 12:13:14,47,49,3677,7863
2023-09-19 12:13:15,46,49,3677,7863
2023-09-19 12:13:27,46,48,3677,7863
2023-09-19 12:13:34,47,48,3677,7863
2023-09-19 12:13:35,46,47,3677,7864
2023-09-19 12:13:55,45,47,3677,7864
2023-09-19 12:14:09,44,47,3677,7864
2023-09-19 12:14:09,44,45,3677,7864
2023-09-19 12:14:13,43,45,3677,7864
2023-09-19 12:14:26,44,45,3677,7864
2023-09-19 12:14:36,43,45,3677,7864
2023-09-19 12:16:19,43,44,3677,7864
2023-09-19 12:16:22,43,45,3677,7864
2023-09-19 12:16:44,43,44,3677,7864
2023-09-19 12:17:02,42,44,3677,7864
2023-09-19 12:17:40,42,43,3677,7864
2023-09-19 12:17:42,41,43,3677,7864
2023-09-19 12:17:57,40,43,3677,7864
2023-09-19 12:17:57,40,42,3677,7864
2023-09-19 12:18:08,40,43,3677,7864
2023-09-19 12:18:15,40,42,3677,7864
2023-09-19 12:18:42,40,41,3677,7864
2023-09-19 12:18:42,39,41,3677,7864
2023-09-19 12:18:45,39,42,3677,7864
2023-09-19 12:18:47,40,43,3677,7864
2023-09-19 12:18:54,41,43,3677,7864
2023-09-19 12:19:21,40,43,3677,7864
2023-09-19 12:19:45,40,42,3677,7864
2023-09-19 12:19:46,39,42,3677,7864
2023-09-19 12:19:55,40,42,3677,7864
2023-09-19 12:20:16,40,43,3677,7864
2023-09-19 12:20:16,40,42,3677,7864
2023-09-19 12:20:25,40,43,3677,7864
2023-09-19 12:20:53,41,43,3677,7864
2023-09-19 12:20:54,40,43,3677,7864
2023-09-19 12:21:35,41,43,3677,7864
2023-09-19 12:21:36,41,44,3677,7864
2023-09-19 12:21:41,42,44,3677,7864
2023-09-19 12:21:44,41,44,3677,7864
2023-09-19 12:21:47,41,43,3677,7864
2023-09-19 12:21:48,42,43,3677,7864
2023-09-19 12:21:56,42,43,3677,7865
2023-09-19 12:22:00,42,44,3677,7865
2023-09-19 12:23:50,42,43,3677,7865
2023-09-19 12:24:01,42,44,3677,7865
2023-09-19 12:24:28,43,44,3677,7865
2023-09-19 12:25:21,42,44,3677,7865
2023-09-19 12:25:21,41,44,3677,7865
2023-09-19 12:25:33,41,43,3677,7865
2023-09-19 12:25:33,42,43,3677,7865
2023-09-19 12:27:07,42,44,3677,7865
2023-09-19 12:27:57,42,45,3677,7865
2023-09-19 12:28:03,43,45,3677,7865
2023-09-19 12:28:11,42,45,3677,7865
2023-09-19 12:28:14,42,44,3677,7865
2023-09-19 12:28:18,42,43,3677,7865
2023-09-19 12:28:20,41,42,3677,7866
2023-09-19 12:28:20,40,42,3677,7866
2023-09-19 12:28:21,39,42,3677,7866
2023-09-19 12:28:21,40,42,3677,7866
2023-09-19 12:28:23,39,42,3677,7866
2023-09-19 12:28:24,40,42,3677,7866
2023-09-19 12:28:36,40,43,3677,7866
2023-09-19 12:28:50,41,43,3677,7866
2023-09-19 12:30:39,43,45,3677,7878
2023-09-19 12:31:21,43,47,3677,7878
2023-09-19 12:31:23,44,47,3677,7878
2023-09-19 12:31:23,45,47,3677,7878
2023-09-19 12:31:24,45,46,3677,7878
2023-09-19 12:31:24,45,46,3677,7879
2023-09-19 12:31:34,43,45,3677,7880
2023-09-19 12:31:35,43,46,3677,7880
2023-09-19 12:31:36,43,45,3677,7880
2023-09-19 12:31:40,43,46,3677,7880
2023-09-19 12:31:44,43,45,3677,7880
2023-09-19 12:31:46,43,46,3677,7880
2023-09-19 12:31:48,43,45,3677,7880
2023-09-19 12:31:52,44,45,3677,7880
2023-09-19 12:32:02,44,46,3677,7880
2023-09-19 12:32:16,44,47,3677,7880
2023-09-19 12:32:42,44,46,3677,7880
2023-09-19 12:32:49,44,45,3677,7880
2023-09-19 12:33:11,44,46,3677,7880
2023-09-19 12:33:52,44,47,3677,7880
2023-09-19 12:33:54,44,46,3677,7880
2023-09-19 12:33:56,45,46,3677,7880
2023-09-19 12:33:58,45,47,3677,7880
2023-09-19 12:34:07,45,46,3677,7880
2023-09-19 12:35:52,45,47,3677,7880
2023-09-19 12:36:08,46,47,3677,7880
2023-09-19 12:36:11,46,48,3677,7880
2023-09-19 12:36:14,47,48,3677,7880
2023-09-19 12:37:16,45,47,3677,7881
2023-09-19 12:37:23,45,46,3677,7881
2023-09-19 12:37:24,44,46,3677,7881
2023-09-19 12:37:25,45,46,3677,7881
2023-09-19 12:37:28,45,47,3677,7881
2023-09-19 12:37:45,45,46,3677,7881
2023-09-19 12:38:09,45,47,3677,7881
2023-09-19 12:38:39,45,48,3677,7881
2023-09-19 12:38:49,46,48,3677,7881
2023-09-19 12:39:18,47,48,3677,7881
2023-09-19 12:39:23,47,49,3677,7881
2023-09-19 12:39:39,48,49,3677,7881
2023-09-19 12:39:39,48,50,3677,7881
2023-09-19 12:40:02,49,50,3677,7881
2023-09-19 12:40:02,49,50,3677,7882
2023-09-19 12:40:07,48,50,3677,7882
2023-09-19 12:40:07,49,50,3677,7882
2023-09-19 12:40:33,49,50,3677,7883
2023-09-19 12:40:43,47,49,3677,7884
2023-09-19 12:40:46,48,49,3677,7884
2023-09-19 12:41:09,48,50,3677,7884
2023-09-19 12:41:10,49,50,3677,7884
2023-09-19 12:42:32,48,49,3677,7885
2023-09-19 12:42:36,46,49,3677,7886
2023-09-19 12:42:36,45,49,3677,7886
2023-09-19 12:42:36,46,49,3677,7886
2023-09-19 12:42:37,46,48,3677,7886
2023-09-19 12:42:40,46,49,3677,7886
2023-09-19 12:42:41,46,48,3677,7886
2023-09-19 12:42:45,47,48,3677,7886
2023-09-19 12:42:46,46,47,3677,7887
2023-09-19 12:42:46,45,47,3677,7887
2023-09-19 12:43:24,46,47,3677,7887
2023-09-19 12:43:27,46,48,3677,7887
2023-09-19 12:44:43,47,48,3677,7887
2023-09-19 12:45:13,46,48,3677,7887
2023-09-19 12:45:22,47,48,3677,7887
2023-09-19 12:45:26,46,48,3677,7887
2023-09-19 12:45:34,47,48,3677,7887
2023-09-19 12:46:27,48,50,3677,7896
2023-09-19 12:46:28,48,51,3677,7896
2023-09-19 12:46:29,49,51,3677,7896
2023-09-19 12:47:10,50,51,3677,7896
2023-09-19 12:47:13,50,51,3677,7897
2023-09-19 12:47:18,50,52,3677,7897
2023-09-19 12:47:22,50,53,3677,7897
2023-09-19 12:47:22,51,53,3677,7897
2023-09-19 12:47:24,52,53,3677,7897
2023-09-19 12:47:32,51,53,3677,7897
2023-09-19 12:47:35,50,53,3677,7897
2023-09-19 12:47:40,52,53,3677,7897
2023-09-19 12:47:40,52,53,3677,7898
2023-09-19 12:47:41,51,53,3677,7898
2023-09-19 12:47:53,52,53,3677,7898
2023-09-19 12:47:54,52,54,3677,7898
2023-09-19 12:48:28,51,54,3677,7898
2023-09-19 12:48:39,51,53,3677,7898
2023-09-19 12:48:40,51,54,3677,7898
2023-09-19 12:48:42,51,53,3677,7898
2023-09-19 12:48:42,52,53,3677,7898
2023-09-19 12:48:54,52,54,3677,7898
2023-09-19 12:48:54,52,53,3677,7898
2023-09-19 12:48:55,52,54,3677,7898
2023-09-19 12:48:56,53,54,3677,7898
2023-09-19 12:49:00,52,53,3677,7899
2023-09-19 12:49:01,52,54,3677,7899
2023-09-19 12:49:06,52,53,3677,7899
2023-09-19 12:49:39,51,52,3677,7900
2023-09-19 12:49:39,50,52,3677,7900
2023-09-19 12:49:46,50,51,3677,7900
2023-09-19 12:49:47,49,51,3677,7900
2023-09-19 12:50:00,49,51,3677,7910
2023-09-19 12:50:02,50,51,3677,7910
2023-09-19 12:50:04,49,50,3677,7911
2023-09-19 12:50:05,48,50,3677,7911
2023-09-19 12:50:06,48,50,3677,7912
2023-09-19 12:50:07,49,50,3677,7912
2023-09-19 12:50:21,48,49,3677,7913
2023-09-19 12:50:51,48,50,3677,7913
2023-09-19 12:50:56,48,49,3677,7913
2023-09-19 12:50:59,47,49,3677,7913
2023-09-19 12:51:00,48,49,3677,7913
2023-09-19 12:51:02,47,49,3677,7913
2023-09-19 12:51:04,48,49,3677,7913
2023-09-19 12:51:05,47,49,3677,7913
2023-09-19 12:51:15,47,48,3677,7913
2023-09-19 12:51:35,47,49,3677,7913
2023-09-19 12:51:36,48,49,3677,7913
2023-09-19 12:51:40,48,50,3677,7913
2023-09-19 12:51:45,48,49,3677,7913
2023-09-19 12:51:53,47,49,3677,7913
2023-09-19 12:52:21,48,49,3677,7913
2023-09-19 12:52:27,47,49,3677,7913
2023-09-19 12:52:40,47,48,3677,7913
2023-09-19 12:52:40,46,48,3677,7913
2023-09-19 12:52:45,46,47,3677,7913
2023-09-19 12:52:45,45,47,3677,7913
2023-09-19 12:52:45,45,47,3677,7914
2023-09-19 12:52:46,45,46,3677,7914
2023-09-19 12:53:11,45,46,3677,8114
2023-09-19 12:53:16,45,46,3677,8314
2023-09-19 12:53:18,43,45,3677,8414
2023-09-19 12:53:19,43,46,3677,8414
2023-09-19 12:53:43,43,45,3677,8414
2023-09-19 12:53:46,43,46,3677,8414
2023-09-19 12:53:48,44,46,3677,8414
2023-09-19 12:53:53,44,45,3677,8414
2023-09-19 12:53:55,42,44,3677,8415
2023-09-19 12:53:59,42,43,3677,8415
2023-09-19 12:54:01,42,44,3677,8415
2023-09-19 12:54:02,42,43,3677,8415
2023-09-19 12:54:04,42,44,3677,8415
2023-09-19 12:55:25,41,44,3677,8415
2023-09-19 12:55:25,41,43,3677,8415
2023-09-19 12:55:26,41,44,3677,8415
2023-09-19 12:55:42,41,43,3677,8415
2023-09-19 12:55:48,41,42,3677,8415
2023-09-19 12:55:50,41,43,3677,8415
2023-09-19 12:56:06,40,43,3677,8415
2023-09-19 12:56:06,40,42,3677,8415
2023-09-19 12:56:07,40,41,3677,8415
2023-09-19 12:56:11,39,41,3677,8415
2023-09-19 12:56:12,38,40,3677,8415
2023-09-19 12:56:14,38,39,3677,8415
2023-09-19 12:56:36,37,39,3677,8415
2023-09-19 12:56:37,37,38,3677,8415
2023-09-19 12:56:40,36,38,3577,8515
2023-09-19 12:56:41,36,37,3577,8515
2023-09-19 12:56:54,36,38,3577,8515
2023-09-19 12:57:03,36,37,3577,8515
2023-09-19 12:57:04,36,38,3577,8515
2023-09-19 12:57:24,36,37,3577,8515
2023-09-19 12:57:56,35,37,3577,8515
2023-09-19 12:58:55,35,36,3577,8515
2023-09-19 12:58:59,35,37,3379,8713
2023-09-19 12:58:59,35,36,3379,8713
2023-09-19 12:59:17,35,37,3147,8945
2023-09-19 12:59:17,35,36,3147,8945
2023-09-19 12:59:44,34,36,3147,9045
2023-09-19 12:59:45,34,35,3147,9045
2023-09-19 12:59:52,34,36,3147,9045
2023-09-19 13:00:05,34,35,3147,9045
2023-09-19 13:00:21,34,36,3147,9045
2023-09-19 13:00:21,35,36,3147,9045
2023-09-19 13:00:27,35,38,3147,9045
2023-09-19 13:00:27,36,38,3147,9045
2023-09-19 13:00:28,36,37,3147,9045
2023-09-19 13:00:32,36,37,3147,9046
2023-09-19 13:00:37,36,38,3147,9046
2023-09-19 13:01:04,36,37,3147,9046
2023-09-19 13:01:15,36,37,3147,9047
2023-09-19 13:01:22,35,36,3147,9048
2023-09-19 13:01:24,35,36,2899,9296
2023-09-19 13:01:28,34,36,2714,9481
2023-09-19 13:01:29,34,37,2714,9481
2023-09-19 13:01:29,34,35,2714,9481
2023-09-19 13:01:33,33,35,2714,9681
2023-09-19 13:01:34,33,36,2714,9681
2023-09-19 13:01:34,33,34,2714,9681
2023-09-19 13:01:39,33,35,2714,9681
2023-09-19 13:01:42,34,35,2714,9681
2023-09-19 13:01:45,34,35,2714,9881
2023-09-19 13:01:48,33,35,2714,9881
2023-09-19 13:01:53,32,35,2714,9881
2023-09-19 13:01:55,32,34,2714,9881
2023-09-19 13:01:59,32,33,2714,9881
2023-09-19 13:02:01,32,33,2714,9882
2023-09-19 13:02:07,32,34,2714,9882
2023-09-19 13:02:10,33,34,2714,9882
2023-09-19 13:02:11,33,35,2714,9882
2023-09-19 13:02:15,34,35,2714,9882
2023-09-19 13:02:15,33,34,2714,9883
2023-09-19 13:02:21,32,33,2714,9884
2023-09-19 13:02:31,31,33,2714,9884
2023-09-19 13:02:50,31,32,2714,9884
2023-09-19 13:02:59,30,32,2714,9884
2023-09-19 13:03:13,30,33,2415,10288
2023-09-19 13:03:13,30,32,2415,10288
2023-09-19 13:03:29,30,31,2415,10288
2023-09-19 13:03:35,29,31,2415,10288
2023-09-19 13:03:37,29,30,2415,10288
2023-09-19 13:03:39,28,30,2415,10288
2023-09-19 13:03:41,28,29,2415,10288
2023-09-19 13:03:54,28,30,2415,10288
2023-09-19 13:03:56,29,30,2415,10288
2023-09-19 13:03:57,29,32,2415,10288
2023-09-19 13:03:58,29,31,2415,10288
2023-09-19 13:03:59,29,30,2415,10288
2023-09-19 13:04:05,28,30,2415,10288
2023-09-19 13:04:06,30,31,2233,10470
2023-09-19 13:04:07,30,31,1833,10870
2023-09-19 13:04:11,30,31,1823,10880
2023-09-19 13:04:23,28,31,1818,10885
2023-09-19 13:04:24,28,30,1818,10885
2023-09-19 13:04:33,28,29,1818,10885
2023-09-19 13:04:37,27,29,1818,10885
2023-09-19 13:04:44,27,28,1818,10885
2023-09-19 13:05:03,26,28,1818,10885
2023-09-19 13:05:03,26,27,1818,10885
2023-09-19 13:05:06,26,28,1818,10885
2023-09-19 13:05:10,26,29,1818,10885
2023-09-19 13:05:14,26,28,1818,10885
2023-09-19 13:05:34,26,29,1818,10885
2023-09-19 13:05:39,27,29,1818,10885
2023-09-19 13:05:41,26,29,1818,10885
2023-09-19 13:05:44,26,28,1818,10885
2023-09-19 13:05:45,26,29,1818,10885
2023-09-19 13:05:48,26,28,1818,10885
2023-09-19 13:06:07,26,27,1818,10885
2023-09-19 13:06:26,26,28,1818,10885
2023-09-19 13:06:34,26,28,1803,10900
2023-09-19 13:06:34,26,27,1803,10900
2023-09-19 13:06:36,26,28,1803,10900
2023-09-19 13:06:43,27,28,1803,10900
2023-09-19 13:06:43,27,29,1803,10900
2023-09-19 13:06:45,27,28,1803,10900
2023-09-19 13:06:46,27,29,1803,10900
2023-09-19 13:06:49,27,28,1803,10900
2023-09-19 13:06:52,26,28,1803,10900
2023-09-19 13:07:02,26,27,1803,10900
2023-09-19 13:07:04,26,27,1707,10996
2023-09-19 13:07:22,27,28,1617,11168
2023-09-19 13:07:23,26,28,1617,11168
2023-09-19 13:07:24,26,29,1617,11168
2023-09-19 13:07:24,26,30,1617,11168
2023-09-19 13:07:25,26,29,1617,11168
2023-09-19 13:07:28,26,28,1617,11168
2023-09-19 13:07:59,26,29,1617,11168
2023-09-19 13:08:00,26,28,1617,11168
2023-09-19 13:08:08,26,29,1617,11168
2023-09-19 13:08:14,26,28,1617,11168
2023-09-19 13:08:18,27,28,1617,11168
2023-09-19 13:08:25,27,29,1617,11168
2023-09-19 13:08:52,27,28,1617,11168
2023-09-19 13:09:00,27,28,1572,11568
2023-09-19 13:09:02,25,28,1572,11668
2023-09-19 13:09:03,25,27,1572,11668
2023-09-19 13:09:03,25,26,1572,11668
2023-09-19 13:09:04,24,26,1572,11668
2023-09-19 13:09:04,24,25,1572,11668
2023-09-19 13:09:10,24,26,1572,11668
2023-09-19 13:09:12,24,25,1572,11668
2023-09-19 13:09:26,24,26,1572,11668
2023-09-19 13:09:31,24,25,1572,11668
2023-09-19 13:09:55,23,25,1572,11668
2023-09-19 13:09:58,23,24,1572,11668
2023-09-19 13:10:04,23,25,1572,11668
2023-09-19 13:10:05,23,24,1572,11668
2023-09-19 13:10:08,23,25,1572,11668
2023-09-19 13:10:10,23,26,1572,11668
2023-09-19 13:10:12,23,25,1572,11668
2023-09-19 13:10:16,24,25,1572,11668
2023-09-19 13:10:17,23,25,1572,11668
2023-09-19 13:10:43,24,25,1572,11668
2023-09-19 13:10:44,24,26,1572,11668
2023-09-19 13:10:45,23,26,1572,11668
2023-09-19 13:10:46,23,25,1572,11668
2023-09-19 13:10:52,23,24,1572,11668
2023-09-19 13:11:25,22,24,1572,11668
2023-09-19 13:11:25,22,23,1572,11668
2023-09-19 13:11:37,20,23,1572,11668
2023-09-19 13:11:39,20,22,1572,11668
2023-09-19 13:11:46,20,23,1572,11668
2023-09-19 13:11:51,21,23,1572,11668
2023-09-19 13:11:51,21,24,1572,11668
2023-09-19 13:11:57,22,24,1572,11668
2023-09-19 13:12:03,22,23,1572,11668
2023-09-19 13:12:04,22,24,1572,11668
2023-09-19 13:12:09,23,24,1572,11668
2023-09-19 13:12:09,23,26,1572,11668
2023-09-19 13:12:10,23,25,1572,11668
2023-09-19 13:12:14,22,25,1572,11668
2023-09-19 13:12:20,22,24,1572,11668
2023-09-19 13:12:28,22,25,1572,11668
2023-09-19 13:12:30,23,25,1572,11668
2023-09-19 13:12:31,22,25,1572,11668
2023-09-19 13:12:33,23,25,1572,11668
2023-09-19 13:12:34,22,25,1572,11668
2023-09-19 13:12:36,23,25,1572,11668
2023-09-19 13:12:37,22,25,1572,11668
2023-09-19 13:12:38,23,25,1572,11668
2023-09-19 13:12:46,23,26,1572,11668
2023-09-19 13:12:47,23,25,1572,11668
2023-09-19 13:13:03,22,25,1572,11668
2023-09-19 13:13:12,22,24,1572,11668
2023-09-19 13:13:13,21,24,1572,11668
2023-09-19 13:13:18,20,24,1572,11668
2023-09-19 13:13:20,20,23,1572,11668
2023-09-19 13:13:25,21,23,1572,11668
2023-09-19 13:13:25,21,24,1572,11668
2023-09-19 13:13:29,22,24,1572,11668
2023-09-19 13:13:30,21,24,1572,11668
2023-09-19 13:13:31,22,24,1572,11668
2023-09-19 13:13:32,22,25,1572,11668
2023-09-19 13:13:39,23,25,1572,11668
2023-09-19 13:13:39,22,25,1572,11668
2023-09-19 13:13:48,22,24,1572,11668
2023-09-19 13:13:51,21,24,1572,11668
2023-09-19 13:13:54,20,24,1572,11668
2023-09-19 13:14:01,21,24,1572,11668
2023-09-19 13:14:02,20,24,1572,11668
2023-09-19 13:14:03,21,24,1572,11668
2023-09-19 13:14:20,20,24,1572,11668
2023-09-19 13:14:24,21,24,1572,11668
2023-09-19 13:14:31,20,24,1572,11668
2023-09-19 13:14:34,20,23,1572,11668
2023-09-19 13:14:38,20,22,1572,11668
2023-09-19 13:14:39,21,22,1572,11668
2023-09-19 13:14:40,20,22,1572,11668
2023-09-19 13:14:41,21,22,1572,11668
2023-09-19 13:14:42,20,22,1572,11668
2023-09-19 13:14:43,21,22,1572,11668
2023-09-19 13:14:43,21,23,1572,11668
2023-09-19 13:14:44,20,23,1572,11668
2023-09-19 13:14:45,21,23,1572,11668
2023-09-19 13:14:54,21,24,1572,11668
2023-09-19 13:15:04,21,23,1572,11668
2023-09-19 13:15:16,20,23,1572,11668
2023-09-19 13:15:17,20,22,1572,11668
2023-09-19 13:15:26,21,22,1572,11668
2023-09-19 13:15:26,21,23,1572,11668
2023-09-19 13:15:38,21,22,1572,11668
2023-09-19 13:15:39,21,22,1672,11768
2023-09-19 13:15:41,20,22,1672,11768
2023-09-19 13:15:47,20,23,1672,11768
2023-09-19 13:15:52,21,23,1672,11768
2023-09-19 13:15:58,20,23,1672,11768
2023-09-19 13:16:04,21,23,1672,11768
2023-09-19 13:16:22,21,24,1672,11768
2023-09-19 13:16:49,21,23,1672,11768
2023-09-19 13:16:53,21,24,1672,11768
2023-09-19 13:16:57,21,23,1672,11768
2023-09-19 13:17:03,20,23,1672,11768
2023-09-19 13:17:06,21,23,1672,11768
2023-09-19 13:17:08,21,24,1672,11768
2023-09-19 13:17:11,21,25,1672,11768
2023-09-19 13:17:11,22,25,1672,11768
2023-09-19 13:17:11,22,24,1672,11768
2023-09-19 13:17:14,22,25,1672,11768
2023-09-19 13:17:14,22,24,1672,11768
2023-09-19 13:17:20,23,24,1672,11768
2023-09-19 13:17:23,22,24,1672,11768
2023-09-19 13:17:28,21,24,1672,11768
2023-09-19 13:17:33,21,23,1672,11768
2023-09-19 13:17:36,20,23,1672,11768
2023-09-19 13:17:48,21,23,1672,11768
2023-09-19 13:18:05,21,22,1672,11768
2023-09-19 13:18:06,21,22,1673,11769
2023-09-19 13:18:08,20,21,1674,11770
2023-09-19 13:18:18,20,21,1674,11795
2023-09-19 13:18:18,18,21,1674,11795
2023-09-19 13:18:19,18,20,1674,11795
2023-09-19 13:18:19,18,19,1674,11795
2023-09-19 13:18:27,18,20,1674,11795
2023-09-19 13:18:29,18,19,1674,11795
2023-09-19 13:18:33,17,19,1674,11795
2023-09-19 13:18:34,17,18,1674,11795
2023-09-19 13:18:58,16,18,1674,11795
2023-09-19 13:19:24,16,19,1674,11795
2023-09-19 13:19:31,16,18,1674,11795
2023-09-19 13:19:40,16,19,1674,11795
2023-09-19 13:19:51,17,19,1674,11795
2023-09-19 13:19:56,16,19,1674,11795
2023-09-19 13:20:05,17,19,1674,11795
2023-09-19 13:20:06,16,19,1674,11795
2023-09-19 13:20:09,17,19,1674,11795
2023-09-19 13:20:11,17,20,1674,11795
2023-09-19 13:20:31,17,19,1674,11795
2023-09-19 13:20:34,16,19,1674,11795
2023-09-19 13:20:44,16,18,1674,11795
2023-09-19 13:21:56,15,18,1674,11795
2023-09-19 13:21:56,15,17,1674,11795
2023-09-19 13:22:00,15,17,1674,11797
2023-09-19 13:22:05,15,18,1674,11797
2023-09-19 13:22:08,15,17,1674,11797
2023-09-19 13:22:21,15,18,1674,11797
2023-09-19 13:22:37,16,18,1674,11797
2023-09-19 13:22:41,16,19,1674,11797
2023-09-19 13:22:51,16,18,1674,11797
2023-09-19 13:23:01,16,19,1674,11797
2023-09-19 13:23:06,17,19,1674,11797
2023-09-19 13:23:08,17,20,1674,11797
2023-09-19 13:23:14,17,19,1674,11797
2023-09-19 13:23:16,17,20,1674,11797
2023-09-19 13:23:28,17,19,1674,11797
2023-09-19 13:23:29,17,20,1674,11797
2023-09-19 13:23:40,17,19,1674,11797
2023-09-19 13:24:21,17,20,1674,11797
2023-09-19 13:25:01,17,19,1674,11797
2023-09-19 13:25:02,17,20,1674,11797
2023-09-19 13:25:03,17,19,1674,11797
2023-09-19 13:25:06,16,19,1674,11797
2023-09-19 13:25:10,17,19,1674,11797
2023-09-19 13:25:12,16,19,1674,11797
2023-09-19 13:25:15,17,19,1674,11797
2023-09-19 13:25:16,17,20,1674,11797
2023-09-19 13:25:28,18,20,1674,11797
2023-09-19 13:25:53,18,19,1674,11797
2023-09-19 13:26:00,18,20,1674,11797
2023-09-19 13:26:13,18,19,1674,11797
2023-09-19 13:26:16,18,20,1674,11797
2023-09-19 13:26:17,18,19,1674,11797
2023-09-19 13:26:44,18,20,1674,11797
2023-09-19 13:26:45,19,20,1674,11797
2023-09-19 13:26:46,19,22,1674,11797
2023-09-19 13:26:49,20,22,1674,11797
2023-09-19 13:26:49,20,22,1675,11798
2023-09-19 13:26:53,20,23,1675,11798
2023-09-19 13:26:53,20,22,1675,11798
2023-09-19 13:26:55,20,23,1675,11798
2023-09-19 13:26:58,20,22,1675,11798
2023-09-19 13:27:00,20,23,1675,11798
2023-09-19 13:27:02,20,22,1675,11798
2023-09-19 13:27:06,21,22,1675,11798
2023-09-19 13:27:06,21,22,1676,11799
2023-09-19 13:27:06,21,23,1676,11799
2023-09-19 13:27:07,22,23,1676,11799
2023-09-19 13:27:14,20,22,1677,11800
2023-09-19 13:27:15,21,22,1677,11800
2023-09-19 13:27:15,21,23,1677,11800
2023-09-19 13:27:16,22,23,1677,11800
2023-09-19 13:27:18,21,22,1678,11801
2023-09-19 13:27:18,21,22,1679,11802
2023-09-19 13:27:55,21,23,1679,11802
2023-09-19 13:27:55,22,23,1679,11802
2023-09-19 13:28:09,22,23,1679,11803
2023-09-19 13:28:24,22,23,1679,11804
2023-09-19 13:28:28,22,24,1679,11804
2023-09-19 13:28:37,23,24,1679,11804
2023-09-19 13:28:40,23,24,1679,11805
2023-09-19 13:28:43,23,24,1679,11806
2023-09-19 13:28:51,23,24,1679,11807
2023-09-19 13:28:52,23,24,1754,11937
2023-09-19 13:28:56,23,24,1755,11938
2023-09-19 13:29:23,22,24,1755,11938
2023-09-19 13:29:23,22,25,1755,11938
2023-09-19 13:29:23,23,25,1755,11938
2023-09-19 13:29:26,23,24,1755,11938
2023-09-19 13:29:27,23,24,1756,11939
2023-09-19 13:29:30,23,25,1756,11939
2023-09-19 13:29:32,24,25,1756,11939
2023-09-19 13:29:49,23,24,1757,11940
2023-09-19 13:29:50,21,24,1758,11941
2023-09-19 13:29:52,22,24,1758,11941
2023-09-19 13:29:56,22,25,1758,11941
2023-09-19 13:29:57,22,24,1758,11941
2023-09-19 13:30:03,22,23,1758,11941
2023-09-19 13:30:06,20,22,1759,11942
2023-09-19 13:30:09,19,22,1759,11942
2023-09-19 13:30:10,19,21,1759,11942
2023-09-19 13:30:14,19,20,1759,11942
2023-09-19 13:30:30,18,20,1759,11942
2023-09-19 13:30:45,17,20,1759,11942
2023-09-19 13:30:45,18,20,1759,11942
2023-09-19 13:30:46,18,19,1759,11942
2023-09-19 13:30:46,18,19,1760,11943
2023-09-19 13:30:48,17,18,1761,11944
2023-09-19 13:30:51,16,18,1761,11944
2023-09-19 13:30:58,16,17,1761,11944
2023-09-19 13:31:11,15,17,1761,11944
2023-09-19 13:31:13,15,16,1761,11944
2023-09-19 13:31:19,14,16,1761,11944
2023-09-19 13:31:21,14,15,1761,11944
2023-09-19 13:31:28,13,15,1761,11944
2023-09-19 13:31:35,13,16,1761,11944
2023-09-19 13:31:38,14,16,1761,11944
2023-09-19 13:32:00,14,15,1761,11944
2023-09-19 13:32:03,13,15,1761,11944
2023-09-19 13:32:04,14,15,1761,11944
2023-09-19 13:32:06,14,16,1761,11944
2023-09-19 13:32:33,14,17,1761,11944
2023-09-19 13:32:41,14,16,1761,11944
2023-09-19 13:33:06,14,17,1761,11944
2023-09-19 13:33:18,14,16,1761,11944
2023-09-19 13:33:40,14,17,1761,11944
2023-09-19 13:33:41,15,17,1761,11944
2023-09-19 13:33:46,14,17,1761,11944
2023-09-19 13:33:49,14,16,1761,11944
2023-09-19 13:33:51,14,17,1761,11944
2023-09-19 13:33:52,15,17,1761,11944
2023-09-19 13:33:54,14,17,1761,11944
2023-09-19 13:34:05,14,16,1761,11944
2023-09-19 13:34:11,14,16,1811,11994
2023-09-19 13:34:17,13,16,1811,11994
2023-09-19 13:34:18,13,15,1811,11994
2023-09-19 13:34:34,14,15,1811,11994
2023-09-19 13:34:35,14,16,1811,11994
2023-09-19 13:35:14,15,16,1811,11994
2023-09-19 13:35:15,15,17,1811,11994
2023-09-19 13:35:16,14,17,1811,11994
2023-09-19 13:35:18,15,17,1811,11994
2023-09-19 13:35:19,14,17,1811,11994
2023-09-19 13:35:19,14,16,1811,11994
2023-09-19 13:35:42,14,17,1811,11994
2023-09-19 13:35:53,14,16,1811,11994
2023-09-19 13:36:10,14,17,1811,11994
2023-09-19 13:36:21,15,17,1811,11994
2023-09-19 13:36:28,14,17,1811,11994
2023-09-19 13:36:37,14,16,1811,11994
2023-09-19 13:36:48,14,15,1811,11994
2023-09-19 13:36:49,14,16,1811,11994
2023-09-19 13:36:50,13,16,1811,11994
2023-09-19 13:36:58,13,15,1811,11994
2023-09-19 13:37:01,13,16,1811,11994
2023-09-19 13:37:03,13,15,1811,11994
2023-09-19 13:37:09,13,16,1811,11994
2023-09-19 13:37:13,14,16,1811,11994
2023-09-19 13:37:27,15,16,1811,11994
2023-09-19 13:37:35,15,17,1811,11994
2023-09-19 13:37:35,16,17,1811,11994
2023-09-19 13:38:05,15,16,1812,11995
2023-09-19 13:38:25,15,17,1812,11995
2023-09-19 13:38:27,15,16,1812,11995
2023-09-19 13:38:28,15,17,1812,11995
2023-09-19 13:38:29,15,16,1812,11995
2023-09-19 13:38:33,15,16,1813,11996
2023-09-19 13:38:55,14,15,1814,11997
2023-09-19 13:39:15,14,15,1795,12016
2023-09-19 13:39:19,12,14,1796,12017
2023-09-19 13:39:21,12,13,1796,12017
2023-09-19 13:39:23,12,14,1796,12017
2023-09-19 13:40:15,12,13,1796,12017
2023-09-19 13:40:24,11,13,1796,12017
2023-09-19 13:40:32,11,12,1796,12017
2023-09-19 13:40:47,10,12,1796,12017
2023-09-19 13:41:04,10,13,1796,12017
2023-09-19 13:41:08,11,13,1796,12017
2023-09-19 13:41:13,11,14,1796,12017
2023-09-19 13:41:22,12,14,1796,12017
2023-09-19 13:41:23,12,15,1796,12017
2023-09-19 13:41:34,12,14,1796,12017
2023-09-19 13:42:14,11,14,1796,12017
2023-09-19 13:42:31,11,13,1796,12017
2023-09-19 13:42:32,11,14,1796,12017
2023-09-19 13:43:27,12,14,1796,12017
2023-09-19 13:43:31,12,15,1796,12017
2023-09-19 13:43:53,12,14,1796,12017
2023-09-19 13:43:54,13,14,1796,12017
2023-09-19 13:44:24,11,13,1797,12018
2023-09-19 13:44:24,12,13,1797,12018
2023-09-19 13:44:31,11,12,1798,12019
2023-09-19 13:44:35,11,13,1798,12019
2023-09-19 13:44:37,10,13,1798,12019
2023-09-19 13:45:09,10,12,1798,12019
2023-09-19 13:45:14,9,10,1898,12119
2023-09-19 13:45:14,8,10,2298,12519
2023-09-19 13:45:14,8,10,2298,12740
2023-09-19 13:45:15,8,10,2298,12768
2023-09-19 13:45:15,8,10,2398,12868
2023-09-19 13:45:16,8,9,2398,12868
2023-09-19 13:45:25,7,9,2398,13040
2023-09-19 13:45:25,7,8,2398,13040
2023-09-19 13:45:46,6,8,2398,13040
2023-09-19 13:45:46,6,7,2398,13040
2023-09-19 13:47:03,5,7,2398,13040
2023-09-19 13:47:03,5,6,2398,13040
2023-09-19 13:47:35,4,6,2398,13040
2023-09-19 13:47:35,4,5,2398,13040
2023-09-19 13:49:12,3,5,2398,13040
2023-09-19 13:49:12,3,4,2398,13040
2023-09-19 13:50:11,3,4,2198,13240
2023-09-19 13:50:13,4,5,2198,13440
2023-09-19 13:51:40,5,6,2195,13443
2023-09-19 13:51:43,4,6,2195,13443
2023-09-19 13:51:44,5,6,2195,13443
2023-09-19 13:51:47,5,6,2196,13444
2023-09-19 13:51:52,5,6,2197,13445
2023-09-19 13:52:08,4,6,2197,13445
2023-09-19 13:52:21,5,6,2197,13445
2023-09-19 13:52:37,4,6,2197,13445
2023-09-19 13:52:50,5,6,2197,13445
2023-09-19 13:52:58,4,5,2198,13446
2023-09-19 13:56:44,5,6,2598,13846
2023-09-19 13:56:45,5,6,2598,13946
2023-09-19 13:56:46,4,6,2598,14046
2023-09-19 13:57:11,4,5,2598,14046
2023-09-19 13:57:43,3,4,3898,15346
2023-09-19 13:57:49,3,4,3899,15347
2023-09-19 13:58:13,3,4,3900,15348
2023-09-19 13:58:16,3,4,3901,15349
2023-09-19 13:59:02,3,4,3901,15350
2023-09-19 13:59:17,3,4,3901,15395
2023-09-19 14:00:08,3,4,3901,15549
2023-09-19 14:02:13,2,4,3901,15549
2023-09-19 14:02:34,2,3,3901,15549
2023-09-19 14:09:16,2,4,3901,15549
2023-09-19 14:09:17,3,4,3901,15549
2023-09-19 14:09:56,3,5,3901,15549
2023-09-19 14:10:01,4,5,3901,15549
2023-09-19 14:10:12,2,4,3902,15550
2023-09-19 14:11:56,2,5,3902,15550
2023-09-19 14:11:58,3,5,3902,15550
2023-09-19 14:11:58,2,5,3902,15550
2023-09-19 14:12:03,2,4,3902,15550
2023-09-19 14:13:11,2,5,3902,15550
2023-09-19 14:13:23,3,5,3902,15550
2023-09-19 14:13:30,4,5,3902,15550
2023-09-19 14:13:54,4,5,3903,15551
2023-09-19 14:14:02,4,5,3904,15552
2023-09-19 14:14:03,3,4,3905,15553
2023-09-19 14:14:06,3,4,3906,15554
2023-09-19 14:14:19,2,4,3906,15554
2023-09-19 14:14:46,3,4,3906,15554
2023-09-19 14:14:47,3,4,3906,15555
2023-09-19 14:14:54,3,5,3906,15555
2023-09-19 14:14:54,4,5,3906,15555
2023-09-19 14:15:03,4,5,3907,15556
2023-09-19 14:15:03,4,5,3908,15557
2023-09-19 14:15:07,3,5,3908,15557
2023-09-19 14:15:08,4,5,3908,15557
2023-09-19 14:15:08,4,5,3909,15558
2023-09-19 14:15:10,4,5,3910,15559
2023-09-19 14:16:05,2,5,3910,15559
2023-09-19 14:17:33,2,4,3910,15559
2023-09-19 14:17:34,2,5,3910,15559
2023-09-19 14:17:48,3,5,3910,15559
2023-09-19 14:17:57,2,5,3910,15559
2023-09-19 14:18:16,2,4,3910,15559
2023-09-19 14:18:17,2,5,3910,15559
2023-09-19 14:18:18,2,4,3910,15559
2023-09-19 14:18:37,2,5,3910,15559
2023-09-19 14:18:46,2,4,3910,15559
2023-09-19 14:20:27,2,3,3910,15559
2023-09-19 14:29:22,2,4,3910,15559
2023-09-19 14:30:07,3,4,3910,15559
2023-09-19 14:30:08,3,4,3911,15560
2023-09-19 14:30:15,3,4,3912,15561
2023-09-19 14:30:27,3,4,3913,15562
2023-09-19 14:31:08,2,4,3913,15562
2023-09-19 14:32:46,2,3,3913,15562
2023-09-19 14:34:20,0,3,3913,15562
2023-09-19 14:34:21,1,3,3913,15562
2023-09-19 14:34:22,0,3,3913,15562
2023-09-19 14:35:02,0,2,3913,15562
2023-09-19 14:48:46,1,2,3913,15562
2023-09-19 14:48:53,1,2,4331,15998
2023-09-19 14:49:00,1,3,4406,16073
2023-09-19 14:50:00,1,3,4406,16091
2023-09-19 14:50:01,1,2,4406,16091
2023-09-19 14:51:43,1,3,4406,16109
2023-09-19 14:51:43,2,3,4406,16109
2023-09-19 14:51:49,2,3,4406,16145
2023-09-19 14:52:05,2,3,4406,16146
2023-09-19 14:52:05,2,3,4406,16147
2023-09-19 14:55:20,2,4,5273,17014
2023-09-19 14:55:20,2,3,5273,17014
2023-09-19 14:57:05,2,4,5273,17014
2023-09-19 14:57:05,2,3,5273,17014
2023-09-19 14:57:07,2,3,5733,17511
2023-09-19 14:57:08,2,3,5733,17511
2023-09-19 14:57:13,2,4,5733,17511
2023-09-19 14:57:34,2,3,5733,17511
2023-09-19 14:57:38,2,4,5733,17511
2023-09-19 14:59:36,3,4,5733,17511
2023-09-19 14:59:36,3,4,5733,17586
2023-09-19 14:59:36,3,4,5733,17661
2023-09-19 14:59:37,3,5,5733,17661
2023-09-19 14:59:37,3,5,5733,17711
2023-09-19 14:59:42,4,5,5733,17711
2023-09-19 14:59:47,3,5,5733,17711
2023-09-19 15:00:01,4,5,5733,17711
2023-09-19 15:00:02,4,5,5733,17771
2023-09-19 15:00:03,4,5,5533,17971
2023-09-19 15:00:22,4,5,5333,18171
2023-09-19 15:00:41,4,5,5233,18271
2023-09-19 15:00:44,3,5,5233,18271
2023-09-19 15:00:56,2,5,5233,18271
2023-09-19 15:01:00,3,5,5233,18271
2023-09-19 15:01:12,2,5,5233,18271
2023-09-19 15:01:34,3,5,5233,18271
2023-09-19 15:01:39,2,5,5233,18271
2023-09-19 15:01:43,2,4,5233,18271
2023-09-19 15:02:03,3,4,5233,18271
2023-09-19 15:02:31,2,4,5233,18271
2023-09-19 15:02:31,3,4,5233,18271
2023-09-19 15:02:34,2,4,5233,18271
2023-09-19 15:02:41,3,4,5233,18271
2023-09-19 15:02:42,2,4,5233,18271
2023-09-19 15:02:46,2,3,5233,18271
2023-09-19 15:03:39,2,4,5233,18271
2023-09-19 15:05:36,3,4,5233,18271
2023-09-19 15:05:37,2,4,5233,18271
2023-09-19 15:05:57,3,4,5233,18271
2023-09-19 15:05:58,2,4,5233,18271
2023-09-19 15:06:21,3,4,5233,18271
2023-09-19 15:06:24,3,4,5233,18346
2023-09-19 15:06:24,2,4,5233,18346
2023-09-19 15:06:29,3,4,5233,18346
2023-09-19 15:06:30,2,4,5233,18346
2023-09-19 15:06:50,2,3,5233,18346
2023-09-19 15:06:51,2,4,5233,18346
2023-09-19 15:07:02,3,4,5233,18346
2023-09-19 15:07:02,3,4,5233,18406
2023-09-19 15:07:03,2,4,5233,18406
2023-09-19 15:07:16,3,4,5233,18406
2023-09-19 15:07:18,3,5,5233,18506
2023-09-19 15:07:24,3,4,5233,18506
2023-09-19 15:07:33,2,4,5233,18506
2023-09-19 15:08:06,2,5,5233,18506
2023-09-19 15:08:11,3,5,5233,18506
2023-09-19 15:08:58,3,5,5185,18556
2023-09-19 15:08:59,2,5,5185,18556
2023-09-19 15:09:01,3,5,5185,18556
2023-09-19 15:09:10,2,5,5185,18556
2023-09-19 15:09:50,3,5,5185,18556
2023-09-19 15:09:56,2,5,5185,18556
2023-09-19 15:09:59,3,5,5185,18556
2023-09-19 15:10:06,2,5,5185,18556
2023-09-19 15:10:22,2,4,5185,18556
2023-09-19 15:11:11,2,5,5185,18556
2023-09-19 15:11:13,3,5,5185,18556
2023-09-19 15:11:21,4,5,5185,18556
2023-09-19 15:11:24,3,5,5185,18556
2023-09-19 15:12:16,4,5,5185,18556
2023-09-19 15:12:30,3,5,5185,18556
2023-09-19 15:12:31,4,5,5185,18556
2023-09-19 15:12:36,4,5,5707,20778
2023-09-19 15:12:47,4,6,5707,20778
2023-09-19 15:12:50,5,6,5707,20778
2023-09-19 15:12:51,4,6,5707,20778
2023-09-19 15:12:59,3,6,5707,20778
2023-09-19 15:13:20,4,6,5707,20778
2023-09-19 15:14:09,5,6,5707,20778
2023-09-19 15:14:09,5,6,5708,20779
2023-09-19 15:14:27,4,6,5708,20779
2023-09-19 15:14:40,3,6,5708,20779
2023-09-19 15:14:43,3,5,5708,20779
2023-09-19 15:15:09,4,5,5708,20779
2023-09-19 15:15:11,3,5,5708,20779
2023-09-19 15:15:31,2,5,5708,20779
2023-09-19 15:15:45,2,4,5708,20779
2023-09-19 15:16:21,2,5,5708,20779
2023-09-19 15:16:34,2,4,5708,20779
2023-09-19 15:16:53,2,5,5708,20779
2023-09-19 15:17:02,3,5,5708,20779
2023-09-19 15:17:04,4,5,5708,20779
2023-09-19 15:17:13,4,5,5709,20780
2023-09-19 15:17:16,4,6,5709,20780
2023-09-19 15:18:18,4,5,5709,20780
2023-09-19 15:18:33,4,6,5709,20780
2023-09-19 15:18:37,4,5,5709,20780
2023-09-19 15:18:42,4,6,5709,20780
2023-09-19 15:18:44,4,5,5709,20780
2023-09-19 15:19:07,2,5,5709,20780
2023-09-19 15:19:21,2,4,5709,20780
2023-09-19 15:19:33,2,5,5709,20780
2023-09-19 15:19:33,2,4,5709,20780
2023-09-19 15:20:13,2,3,5709,20780
2023-09-19 15:20:14,2,3,5710,20781
2023-09-19 15:20:16,2,3,5711,20782
2023-09-19 15:20:25,2,3,5712,20783
2023-09-19 15:20:28,2,3,5713,20784
2023-09-19 15:20:29,2,4,5713,20784
2023-09-19 15:22:08,2,3,5713,20784
2023-09-19 15:23:17,2,3,5714,20785
2023-09-19 15:23:26,2,3,5714,21285
2023-09-19 15:23:37,1,2,5754,21325
2023-09-19 15:24:31,1,3,5754,21325
2023-09-19 15:24:36,1,2,5754,21325
2023-09-19 15:24:46,1,3,5754,21325
2023-09-19 15:25:04,1,2,5754,21325
2023-09-19 15:27:09,1,2,5779,21350
2023-09-19 15:30:32,1,2,5847,21418
2023-09-19 15:33:47,1,2,5967,21538
2023-09-19 15:37:36,1,2,5968,21539
2023-09-19 15:37:36,1,2,5970,21541
2023-09-19 15:37:36,1,2,5972,21543
2023-09-19 15:38:25,1,2,6008,21579
2023-09-19 15:38:27,1,2,6044,21615
2023-09-19 15:39:53,0,2,6754,22325
2023-09-19 15:44:06,0,1,6754,22325
2023-09-19 15:44:06,0,2,6754,22325
2023-09-19 15:54:22,0,1,6754,22325
2023-09-19 15:55:05,0,2,6754,22330
2023-09-19 15:55:44,0,1,6754,22330
