datetime,bid,ask,open_interest,volume
2023-09-19 09:30:01,2,99,42,42
2023-09-19 09:30:01,2,98,42,42
2023-09-19 09:30:02,2,97,42,42
2023-09-19 09:30:32,2,98,42,42
2023-09-19 09:30:32,2,97,42,42
2023-09-19 09:30:42,1,97,42,42
2023-09-19 09:30:43,2,97,42,42
2023-09-19 09:30:43,2,100,42,42
2023-09-19 09:30:43,2,99,42,42
2023-09-19 09:30:43,2,96,42,42
2023-09-19 09:30:58,2,99,42,42
2023-09-19 09:30:58,2,98,42,42
2023-09-19 09:31:00,2,39,42,42
2023-09-19 09:31:00,36,39,42,42
2023-09-19 09:31:00,36,38,42,42
2023-09-19 09:31:44,36,39,42,42
2023-09-19 09:31:44,36,38,42,42
2023-09-19 09:31:55,36,38,67,67
2023-09-19 09:31:55,36,38,92,92
2023-09-19 09:32:41,36,39,92,92
2023-09-19 09:33:10,35,38,92,92
2023-09-19 09:33:23,36,38,92,92
2023-09-19 09:34:19,36,38,92,111
2023-09-19 09:34:51,35,38,92,111
2023-09-19 09:35:33,35,37,92,111
2023-09-19 09:36:03,36,37,92,111
2023-09-19 09:36:04,35,37,92,111
2023-09-19 09:36:05,36,37,92,111
2023-09-19 09:36:10,35,37,92,111
2023-09-19 09:36:20,36,37,92,111
2023-09-19 09:36:22,35,37,92,111
2023-09-19 09:36:27,36,37,92,111
2023-09-19 09:37:21,35,37,92,111
2023-09-19 09:37:23,36,37,92,111
2023-09-19 09:41:01,36,38,97,116
2023-09-19 09:41:36,36,37,97,116
2023-09-19 09:41:37,35,37,97,116
2023-09-19 09:42:03,36,37,97,116
2023-09-19 09:42:03,36,38,97,116
2023-09-19 09:43:18,37,38,97,116
2023-09-19 09:44:21,36,38,97,116
2023-09-19 09:44:55,36,38,97,116
2023-09-19 09:44:55,37,38,97,116
2023-09-19 09:45:07,36,38,97,116
2023-09-19 09:45:07,37,38,97,116
2023-09-19 09:45:19,36,38,97,116
2023-09-19 09:45:30,37,38,97,116
2023-09-19 09:45:32,36,38,97,116
2023-09-19 09:45:52,37,38,97,116
2023-09-19 09:45:53,36,38,97,116
2023-09-19 09:45:56,37,38,97,116
2023-09-19 09:48:36,37,40,116,135
2023-09-19 09:48:39,38,40,116,135
2023-09-19 09:49:39,37,40,116,135
2023-09-19 09:49:39,39,40,116,135
2023-09-19 09:50:13,37,40,116,144
2023-09-19 09:52:05,38,40,116,144
2023-09-19 09:52:33,39,40,116,144
2023-09-19 09:54:14,39,40,176,204
2023-09-19 09:54:15,39,40,236,264
2023-09-19 09:56:56,39,40,296,324
2023-09-19 09:56:57,38,40,296,324
2023-09-19 09:59:33,38,39,296,324
2023-09-19 09:59:44,38,40,296,324
2023-09-19 09:59:45,38,39,296,324
2023-09-19 09:59:47,38,40,296,324
2023-09-19 09:59:48,38,39,296,324
2023-09-19 09:59:49,38,40,296,324
2023-09-19 09:59:50,38,39,296,324
2023-09-19 09:59:52,38,40,296,324
2023-09-19 10:00:06,38,39,296,324
2023-09-19 10:00:08,38,39,485,513
2023-09-19 10:00:11,37,39,485,513
2023-09-19 10:00:16,37,40,485,513
2023-09-19 10:00:20,37,39,485,513
2023-09-19 10:00:21,38,39,485,513
2023-09-19 10:00:21,38,40,485,913
2023-09-19 10:00:22,39,40,485,913
2023-09-19 10:00:23,38,40,485,913
2023-09-19 10:00:23,38,39,485,913
2023-09-19 10:00:26,37,39,485,913
2023-09-19 10:01:08,36,39,485,913
2023-09-19 10:01:10,36,38,485,913
2023-09-19 10:01:10,37,38,485,913
2023-09-19 10:01:14,36,38,485,913
2023-09-19 10:01:18,36,39,485,913
2023-09-19 10:01:26,37,39,485,913
2023-09-19 10:01:27,36,39,485,913
2023-09-19 10:01:42,36,38,485,913
2023-09-19 10:01:43,36,39,485,913
2023-09-19 10:01:44,36,38,485,913
2023-09-19 10:01:48,36,39,485,913
2023-09-19 10:01:49,36,38,485,913
2023-09-19 10:01:50,36,39,485,913
2023-09-19 10:01:51,36,38,485,913
2023-09-19 10:02:00,36,37,485,913
2023-09-19 10:02:07,35,37,485,913
2023-09-19 10:02:08,35,36,485,913
2023-09-19 10:02:09,34,36,485,913
2023-09-19 10:02:25,35,36,485,913
2023-09-19 10:02:28,35,37,485,913
2023-09-19 10:02:29,34,37,485,913
2023-09-19 10:02:31,35,37,485,913
2023-09-19 10:02:42,35,36,485,913
2023-09-19 10:02:44,35,37,485,913
2023-09-19 10:02:52,35,36,485,913
2023-09-19 10:02:59,35,37,485,913
2023-09-19 10:03:01,35,36,485,913
2023-09-19 10:03:04,34,36,485,913
2023-09-19 10:03:06,34,37,485,913
2023-09-19 10:03:07,35,37,485,913
2023-09-19 10:03:14,34,37,485,913
2023-09-19 10:03:17,35,37,485,913
2023-09-19 10:03:19,34,37,485,913
2023-09-19 10:03:23,35,37,485,913
2023-09-19 10:03:32,34,37,485,913
2023-09-19 10:03:34,34,36,485,913
2023-09-19 10:03:35,34,37,485,913
2023-09-19 10:03:38,35,37,485,913
2023-09-19 10:03:39,34,37,485,913
2023-09-19 10:03:41,35,37,485,913
2023-09-19 10:03:43,35,36,485,913
2023-09-19 10:03:43,34,36,485,913
2023-09-19 10:03:44,34,37,485,913
2023-09-19 10:03:45,35,37,485,913
2023-09-19 10:03:46,34,37,485,913
2023-09-19 10:03:47,35,37,485,913
2023-09-19 10:03:53,34,37,485,913
2023-09-19 10:04:04,34,36,485,913
2023-09-19 10:04:12,35,36,485,913
2023-09-19 10:04:18,34,36,485,913
2023-09-19 10:04:20,35,36,485,913
2023-09-19 10:04:24,34,36,485,913
2023-09-19 10:04:26,35,36,485,913
2023-09-19 10:04:32,34,36,485,913
2023-09-19 10:04:37,35,36,485,913
2023-09-19 10:04:39,34,36,485,913
2023-09-19 10:04:42,35,36,485,913
2023-09-19 10:04:55,35,37,485,913
2023-09-19 10:05:02,35,36,485,913
2023-09-19 10:05:03,35,37,485,913
2023-09-19 10:05:03,34,37,485,913
2023-09-19 10:05:04,35,37,485,913
2023-09-19 10:05:23,36,37,485,913
2023-09-19 10:06:07,36,38,485,913
2023-09-19 10:06:09,37,38,485,913
2023-09-19 10:06:24,36,38,485,913
2023-09-19 10:06:31,36,37,485,913
2023-09-19 10:06:39,36,38,485,913
2023-09-19 10:06:54,36,39,485,913
2023-09-19 10:07:04,37,39,485,913
2023-09-19 10:07:11,38,39,485,913
2023-09-19 10:07:15,37,39,485,913
2023-09-19 10:07:25,37,38,485,913
2023-09-19 10:07:27,36,38,485,913
2023-09-19 10:07:30,37,38,485,913
2023-09-19 10:07:31,36,38,485,913
2023-09-19 10:07:32,37,38,485,913
2023-09-19 10:07:33,36,38,485,913
2023-09-19 10:07:39,36,39,485,913
2023-09-19 10:07:40,37,39,485,913
2023-09-19 10:07:56,36,39,485,913
2023-09-19 10:08:02,37,39,485,913
2023-09-19 10:08:03,36,39,485,913
2023-09-19 10:08:04,37,39,485,913
2023-09-19 10:08:06,36,39,485,913
2023-09-19 10:08:08,37,39,485,913
2023-09-19 10:08:47,37,38,485,913
2023-09-19 10:08:48,37,39,485,913
2023-09-19 10:09:21,36,39,485,913
2023-09-19 10:09:22,37,39,485,913
2023-09-19 10:09:26,37,38,485,913
2023-09-19 10:09:27,36,38,485,913
2023-09-19 10:09:30,36,39,485,913
2023-09-19 10:09:31,37,39,485,913
2023-09-19 10:09:34,36,39,485,913
2023-09-19 10:09:42,37,39,485,913
2023-09-19 10:09:44,36,39,485,913
2023-09-19 10:09:45,37,39,485,913
2023-09-19 10:09:46,36,39,485,913
2023-09-19 10:10:01,37,39,485,913
2023-09-19 10:10:04,36,39,485,913
2023-09-19 10:10:05,37,39,485,913
2023-09-19 10:10:14,38,39,485,913
2023-09-19 10:10:49,37,39,485,913
2023-09-19 10:10:53,36,39,485,913
2023-09-19 10:10:55,37,39,485,913
2023-09-19 10:11:48,37,40,485,913
2023-09-19 10:11:59,38,40,485,913
2023-09-19 10:12:00,39,40,485,913
2023-09-19 10:12:10,39,40,486,914
2023-09-19 10:12:36,39,40,487,915
2023-09-19 10:13:16,39,40,488,916
2023-09-19 10:14:11,39,40,489,917
2023-09-19 10:17:03,37,39,490,918
2023-09-19 10:17:04,37,39,497,925
2023-09-19 10:17:22,37,40,497,925
2023-09-19 10:17:23,38,40,497,925
2023-09-19 10:17:29,39,40,497,925
2023-09-19 10:17:48,40,41,497,926
2023-09-19 10:18:12,41,42,494,935
2023-09-19 10:18:39,42,43,498,939
2023-09-19 10:18:49,42,43,499,940
2023-09-19 10:19:02,41,43,499,940
2023-09-19 10:19:05,42,43,499,940
2023-09-19 10:19:21,42,43,500,941
2023-09-19 10:19:58,42,43,501,942
2023-09-19 10:20:02,42,43,502,943
2023-09-19 10:20:05,42,43,502,944
2023-09-19 10:20:10,42,43,502,945
2023-09-19 10:20:13,42,43,503,946
2023-09-19 10:21:57,42,44,503,946
2023-09-19 10:22:04,43,44,503,946
2023-09-19 10:22:06,42,44,503,946
2023-09-19 10:22:08,43,44,503,946
2023-09-19 10:22:50,43,44,504,947
2023-09-19 10:22:55,42,44,504,947
2023-09-19 10:22:55,43,44,504,947
2023-09-19 10:22:56,42,44,504,947
2023-09-19 10:22:59,43,44,504,947
2023-09-19 10:23:03,42,44,504,947
2023-09-19 10:23:10,43,44,504,947
2023-09-19 10:23:19,42,44,504,947
2023-09-19 10:23:25,43,44,504,947
2023-09-19 10:23:49,42,44,504,947
2023-09-19 10:24:26,43,44,504,947
2023-09-19 10:26:15,44,45,505,949
2023-09-19 10:26:15,44,45,506,950
2023-09-19 10:26:16,43,45,506,950
2023-09-19 10:26:23,44,45,506,950
2023-09-19 10:26:25,43,44,506,951
2023-09-19 10:26:26,43,45,506,951
2023-09-19 10:26:26,44,45,506,951
2023-09-19 10:27:43,42,44,506,952
2023-09-19 10:27:46,42,45,506,952
2023-09-19 10:27:57,42,44,506,952
2023-09-19 10:28:34,41,44,506,952
2023-09-19 10:28:40,41,43,506,952
2023-09-19 10:29:06,41,42,506,952
2023-09-19 10:29:15,41,43,506,952
2023-09-19 10:29:52,41,44,506,952
2023-09-19 10:29:53,41,43,506,952
2023-09-19 10:29:55,41,44,506,952
2023-09-19 10:29:56,41,43,506,952
2023-09-19 10:29:57,41,44,506,952
2023-09-19 10:29:59,42,44,506,952
2023-09-19 10:29:59,42,43,506,952
2023-09-19 10:30:00,42,44,506,952
2023-09-19 10:30:02,41,44,506,952
2023-09-19 10:30:02,41,43,506,952
2023-09-19 10:31:20,41,44,506,952
2023-09-19 10:31:23,41,43,506,952
2023-09-19 10:31:24,41,44,506,952
2023-09-19 10:31:28,41,43,506,952
2023-09-19 10:31:29,41,44,506,952
2023-09-19 10:31:31,41,43,506,952
2023-09-19 10:31:34,41,44,506,952
2023-09-19 10:31:35,41,43,506,952
2023-09-19 10:32:43,41,43,531,977
2023-09-19 10:33:00,40,43,531,977
2023-09-19 10:33:01,40,41,531,977
2023-09-19 10:34:08,39,41,531,977
2023-09-19 10:34:13,39,40,531,977
2023-09-19 10:34:13,39,40,531,978
2023-09-19 10:34:43,38,40,531,978
2023-09-19 10:35:39,38,39,531,978
2023-09-19 10:35:47,38,39,591,1038
2023-09-19 10:35:48,37,39,591,1038
2023-09-19 10:36:08,37,40,591,1038
2023-09-19 10:36:09,38,40,591,1038
2023-09-19 10:36:21,37,40,591,1038
2023-09-19 10:36:22,38,40,591,1038
2023-09-19 10:36:34,38,41,591,1038
2023-09-19 10:36:38,38,40,591,1038
2023-09-19 10:36:53,37,40,591,1038
2023-09-19 10:36:54,38,40,591,1038
2023-09-19 10:36:58,37,40,591,1038
2023-09-19 10:36:59,38,40,591,1038
2023-09-19 10:37:03,37,40,591,1038
2023-09-19 10:37:05,38,40,591,1038
2023-09-19 10:37:05,37,40,591,1038
2023-09-19 10:37:07,38,40,591,1038
2023-09-19 10:37:14,38,41,591,1038
2023-09-19 10:37:44,38,40,591,1038
2023-09-19 10:37:45,38,41,591,1038
2023-09-19 10:37:53,38,40,591,1038
2023-09-19 10:38:15,37,40,591,1038
2023-09-19 10:38:37,37,39,591,1038
2023-09-19 10:38:51,36,39,591,1038
2023-09-19 10:38:51,35,39,591,1038
2023-09-19 10:38:51,35,38,591,1038
2023-09-19 10:38:51,35,37,591,1038
2023-09-19 10:38:52,35,36,591,1038
2023-09-19 10:38:59,34,36,591,1038
2023-09-19 10:39:02,34,35,591,1038
2023-09-19 10:39:05,32,35,591,1038
2023-09-19 10:39:05,32,34,591,1038
2023-09-19 10:39:07,32,34,591,1083
2023-09-19 10:39:08,32,33,591,1083
2023-09-19 10:39:12,31,33,591,1083
2023-09-19 10:39:16,31,32,591,1083
2023-09-19 10:39:18,31,33,591,1083
2023-09-19 10:39:21,31,32,591,1083
2023-09-19 10:39:24,31,33,591,1083
2023-09-19 10:39:35,31,32,591,1083
2023-09-19 10:39:38,31,33,591,1083
2023-09-19 10:39:49,31,32,591,1083
2023-09-19 10:39:50,31,33,591,1083
2023-09-19 10:39:58,31,32,591,1083
2023-09-19 10:40:11,31,33,591,1083
2023-09-19 10:40:20,31,32,591,1083
2023-09-19 10:40:24,31,33,591,1083
2023-09-19 10:40:32,31,32,591,1083
2023-09-19 10:40:35,31,33,591,1083
2023-09-19 10:40:37,30,33,591,1083
2023-09-19 10:40:37,30,32,591,1083
2023-09-19 10:40:38,30,31,591,1083
2023-09-19 10:40:50,29,31,591,1083
2023-09-19 10:40:51,29,30,591,1083
2023-09-19 10:41:13,29,31,591,1083
2023-09-19 10:41:14,30,31,591,1083
2023-09-19 10:41:14,29,30,591,1084
2023-09-19 10:41:15,29,31,591,1084
2023-09-19 10:41:17,29,30,591,1084
2023-09-19 10:41:19,29,31,591,1084
2023-09-19 10:41:30,30,31,591,1084
2023-09-19 10:41:39,30,33,591,1096
2023-09-19 10:41:39,30,32,591,1096
2023-09-19 10:41:42,30,31,591,1096
2023-09-19 10:41:44,30,31,591,1196
2023-09-19 10:41:44,30,32,591,1196
2023-09-19 10:41:59,30,31,591,1196
2023-09-19 10:42:00,30,31,591,1296
2023-09-19 10:42:00,30,32,591,1296
2023-09-19 10:42:01,30,31,591,1296
2023-09-19 10:42:02,30,31,591,1396
2023-09-19 10:42:02,30,33,591,1396
2023-09-19 10:42:02,30,33,890,1796
2023-09-19 10:42:02,30,32,890,1796
2023-09-19 10:42:03,30,31,890,1796
2023-09-19 10:42:03,30,31,990,1896
2023-09-19 10:42:04,30,32,1080,1986
2023-09-19 10:42:05,30,31,1080,1986
2023-09-19 10:42:07,30,31,1180,2086
2023-09-19 10:42:09,30,32,1180,2086
2023-09-19 10:42:20,31,32,1180,2086
2023-09-19 10:42:50,31,33,1180,2086
2023-09-19 10:42:52,32,33,1180,2086
2023-09-19 10:42:57,32,33,1180,2286
2023-09-19 10:42:57,32,34,1180,2286
2023-09-19 10:42:59,33,34,1180,2286
2023-09-19 10:43:05,32,34,1180,2286
2023-09-19 10:43:18,32,33,1180,2286
2023-09-19 10:43:26,32,34,1180,2286
2023-09-19 10:43:37,32,33,1180,2286
2023-09-19 10:43:52,31,33,1180,2286
2023-09-19 10:44:00,32,33,1180,2286
2023-09-19 10:44:02,31,33,1180,2286
2023-09-19 10:44:19,31,32,1180,2286
2023-09-19 10:44:33,31,33,1180,2286
2023-09-19 10:44:55,32,33,1180,2286
2023-09-19 10:45:02,32,34,1180,2286
2023-09-19 10:45:07,33,34,1180,2286
2023-09-19 10:45:09,33,35,1180,2286
2023-09-19 10:45:10,34,35,1180,2286
2023-09-19 10:45:11,33,35,1180,2286
2023-09-19 10:45:12,34,35,1180,2286
2023-09-19 10:45:37,35,36,1179,2287
2023-09-19 10:45:38,34,36,1179,2287
2023-09-19 10:45:39,35,36,1179,2287
2023-09-19 10:45:49,35,37,1179,2287
2023-09-19 10:46:26,34,37,1179,2287
2023-09-19 10:46:27,34,36,1179,2287
2023-09-19 10:46:40,34,35,1179,2287
2023-09-19 10:46:41,34,36,1179,2287
2023-09-19 10:47:29,33,36,1179,2287
2023-09-19 10:47:30,33,35,1179,2287
2023-09-19 10:47:45,33,36,1179,2287
2023-09-19 10:48:01,34,36,1179,2287
2023-09-19 10:48:03,33,36,1179,2287
2023-09-19 10:48:09,33,35,1179,2287
2023-09-19 10:48:24,33,36,1179,2287
2023-09-19 10:48:24,33,35,1179,2287
2023-09-19 10:48:25,33,36,1179,2287
2023-09-19 10:48:26,33,35,1179,2287
2023-09-19 10:48:42,33,36,1179,2287
2023-09-19 10:48:49,33,35,1179,2287
2023-09-19 10:49:00,33,36,1179,2287
2023-09-19 10:49:03,34,36,1179,2287
2023-09-19 10:49:13,33,36,1179,2287
2023-09-19 10:49:15,34,36,1179,2287
2023-09-19 10:49:18,33,36,1179,2287
2023-09-19 10:49:20,33,35,1179,2287
2023-09-19 10:49:28,32,35,1179,2287
2023-09-19 10:49:41,32,35,1179,2292
2023-09-19 10:49:53,33,35,1179,2292
2023-09-19 10:50:12,32,35,1179,2292
2023-09-19 10:50:29,32,34,1179,2292
2023-09-19 10:50:33,32,33,1179,2292
2023-09-19 10:50:39,32,34,1179,2292
2023-09-19 10:50:47,32,35,1179,2292
2023-09-19 10:50:59,32,34,1179,2292
2023-09-19 10:51:35,32,35,1179,2292
2023-09-19 10:51:39,33,35,1179,2292
2023-09-19 10:51:43,32,35,1179,2292
2023-09-19 10:51:45,32,34,1179,2292
2023-09-19 10:51:51,32,33,1179,2292
2023-09-19 10:51:53,31,33,1179,2292
2023-09-19 10:52:03,31,32,1179,2292
2023-09-19 10:52:20,30,32,1179,2292
2023-09-19 10:52:25,30,31,1179,2292
2023-09-19 10:52:58,29,31,1179,2328
2023-09-19 10:52:59,29,30,1179,2328
2023-09-19 10:53:12,29,31,1179,2328
2023-09-19 10:53:13,30,31,1179,2328
2023-09-19 10:53:24,30,32,1179,2328
2023-09-19 10:53:28,29,32,1179,2328
2023-09-19 10:53:29,29,31,1179,2328
2023-09-19 10:53:39,30,31,1179,2328
2023-09-19 10:53:41,30,32,1179,2328
2023-09-19 10:53:44,30,31,1179,2328
2023-09-19 10:53:45,30,31,1379,2528
2023-09-19 10:53:46,30,32,1379,2528
2023-09-19 10:53:47,31,32,1379,2528
2023-09-19 10:53:47,31,33,1379,2528
2023-09-19 10:53:56,32,33,1379,2528
2023-09-19 10:53:57,31,33,1379,2528
2023-09-19 10:54:06,32,33,1379,2528
2023-09-19 10:54:07,32,34,1379,2528
2023-09-19 10:54:41,32,33,1379,2528
2023-09-19 10:54:42,32,34,1379,2528
2023-09-19 10:54:46,32,35,1379,2528
2023-09-19 10:54:49,33,35,1379,2528
2023-09-19 10:54:50,33,34,1379,2528
2023-09-19 10:54:50,32,34,1379,2528
2023-09-19 10:54:54,33,34,1379,2528
2023-09-19 10:54:56,32,33,1158,2749
2023-09-19 10:54:57,30,33,1158,2749
2023-09-19 10:54:58,30,32,1158,2749
2023-09-19 10:54:58,31,32,1158,2749
2023-09-19 10:55:18,31,33,1158,2749
2023-09-19 10:55:28,31,32,1158,2749
2023-09-19 10:55:34,30,32,1158,2749
2023-09-19 10:56:36,29,32,1158,2749
2023-09-19 10:56:50,29,31,1158,2749
2023-09-19 10:57:11,30,31,1158,2749
2023-09-19 10:57:11,30,32,1158,2749
2023-09-19 10:57:14,30,33,1158,2749
2023-09-19 10:57:15,30,32,1158,2749
2023-09-19 10:57:16,30,33,1158,2749
2023-09-19 10:57:32,31,33,1158,2749
2023-09-19 10:57:38,30,33,1158,2749
2023-09-19 10:57:44,30,32,1158,2749
2023-09-19 10:58:06,29,32,1158,2749
2023-09-19 10:58:08,29,31,1158,2749
2023-09-19 10:58:12,29,30,1158,2749
2023-09-19 10:58:26,29,31,1158,2749
2023-09-19 10:58:30,29,30,1158,2749
2023-09-19 10:59:01,29,31,1158,2749
2023-09-19 10:59:07,29,30,1158,2749
2023-09-19 10:59:08,29,31,1158,2749
2023-09-19 10:59:17,29,30,1158,2749
2023-09-19 10:59:19,29,31,1158,2749
2023-09-19 10:59:24,29,32,1158,2749
2023-09-19 10:59:34,29,31,1158,2749
2023-09-19 11:00:10,30,31,1158,2749
2023-09-19 11:00:10,30,32,1158,2749
2023-09-19 11:00:23,30,33,1158,2749
2023-09-19 11:00:25,31,33,1158,2749
2023-09-19 11:00:40,31,34,1158,2749
2023-09-19 11:00:40,32,34,1158,2749
2023-09-19 11:00:46,32,35,1158,2749
2023-09-19 11:00:51,33,35,1158,2749
2023-09-19 11:01:49,33,34,1158,2749
2023-09-19 11:01:51,32,34,1158,2749
2023-09-19 11:02:05,32,33,1158,2749
2023-09-19 11:02:19,31,33,1158,2749
2023-09-19 11:02:19,31,32,1158,2749
2023-09-19 11:02:25,30,32,1158,2749
2023-09-19 11:03:08,30,31,1158,2749
2023-09-19 11:03:09,30,32,1158,2749
2023-09-19 11:03:09,30,31,1158,2749
2023-09-19 11:03:24,30,32,1158,2749
2023-09-19 11:03:26,30,33,1158,2749
2023-09-19 11:03:28,31,33,1158,2749
2023-09-19 11:03:29,31,34,1158,2749
2023-09-19 11:04:09,32,34,1158,2749
2023-09-19 11:04:26,31,34,1158,2749
2023-09-19 11:04:30,32,34,1158,2749
2023-09-19 11:05:02,32,33,1158,2749
2023-09-19 11:05:04,32,34,1158,2749
2023-09-19 11:05:06,32,33,1158,2749
2023-09-19 11:05:09,32,34,1158,2749
2023-09-19 11:05:16,32,33,1158,2749
2023-09-19 11:05:22,32,34,1158,2749
2023-09-19 11:05:24,32,33,1158,2749
2023-09-19 11:05:26,32,34,1158,2749
2023-09-19 11:05:27,33,34,1158,2749
2023-09-19 11:05:39,33,34,1358,2949
2023-09-19 11:05:55,33,35,1558,3149
2023-09-19 11:06:00,34,35,1558,3149
2023-09-19 11:06:01,33,35,1558,3149
2023-09-19 11:06:02,34,35,1558,3149
2023-09-19 11:06:27,32,34,1558,3244
2023-09-19 11:06:32,32,35,1558,3244
2023-09-19 11:06:35,32,34,1558,3244
2023-09-19 11:06:40,32,35,1558,3244
2023-09-19 11:06:42,33,35,1558,3244
2023-09-19 11:06:50,33,34,1558,3244
2023-09-19 11:06:50,32,34,1558,3244
2023-09-19 11:07:04,31,34,1558,3244
2023-09-19 11:07:04,31,33,1558,3244
2023-09-19 11:07:05,31,34,1558,3244
2023-09-19 11:07:09,32,34,1558,3244
2023-09-19 11:07:12,32,35,1558,3244
2023-09-19 11:07:29,33,35,1558,3244
2023-09-19 11:08:12,34,35,1558,3244
2023-09-19 11:08:29,34,36,1558,3244
2023-09-19 11:08:34,35,36,1558,3244
2023-09-19 11:08:34,35,36,1558,3245
2023-09-19 11:09:01,35,36,1558,3246
2023-09-19 11:09:17,34,36,1558,3246
2023-09-19 11:09:21,35,36,1558,3246
2023-09-19 11:10:07,35,36,1558,3247
2023-09-19 11:10:16,35,36,1558,3347
2023-09-19 11:10:54,35,36,1158,3747
2023-09-19 11:10:59,35,37,1158,3747
2023-09-19 11:11:19,36,37,1158,3747
2023-09-19 11:11:46,36,38,1158,3747
2023-09-19 11:13:49,37,38,1158,3747
2023-09-19 11:14:06,36,37,1158,3748
2023-09-19 11:14:07,34,37,1158,3748
2023-09-19 11:14:08,35,37,1158,3748
2023-09-19 11:14:09,34,37,1158,3748
2023-09-19 11:14:10,35,37,1158,3748
2023-09-19 11:14:27,35,38,1158,3748
2023-09-19 11:14:27,36,38,1158,3748
2023-09-19 11:14:35,36,37,1158,3748
2023-09-19 11:14:37,36,38,1158,3748
2023-09-19 11:14:50,37,38,1158,3748
2023-09-19 11:15:03,37,39,1158,3748
2023-09-19 11:15:12,38,39,1158,3748
2023-09-19 11:15:14,37,39,1158,3748
2023-09-19 11:15:19,38,39,1158,3748
2023-09-19 11:15:26,37,39,1158,3748
2023-09-19 11:15:33,37,38,1158,3748
2023-09-19 11:15:51,36,37,1158,3749
2023-09-19 11:15:51,35,36,1159,3750
2023-09-19 11:15:55,34,35,1160,3751
2023-09-19 11:15:56,34,35,1260,3851
2023-09-19 11:16:03,34,36,1260,3851
2023-09-19 11:16:09,34,35,1260,3851
2023-09-19 11:16:49,34,36,1260,3851
2023-09-19 11:16:55,34,35,1260,3851
2023-09-19 11:16:56,34,36,1260,3851
2023-09-19 11:17:07,35,36,1260,3851
2023-09-19 11:17:08,34,36,1260,3851
2023-09-19 11:17:27,34,35,1260,3851
2023-09-19 11:17:52,33,35,1460,4051
2023-09-19 11:17:53,33,34,1460,4051
2023-09-19 11:18:10,33,34,1560,4151
2023-09-19 11:18:15,33,35,1560,4151
2023-09-19 11:18:23,34,35,1560,4151
2023-09-19 11:18:24,34,36,1560,4151
2023-09-19 11:18:31,33,36,1560,4151
2023-09-19 11:18:38,33,35,1560,4151
2023-09-19 11:18:39,33,36,1560,4151
2023-09-19 11:18:43,34,36,1560,4151
2023-09-19 11:18:46,33,36,1560,4151
2023-09-19 11:18:48,33,35,1560,4151
2023-09-19 11:19:11,33,36,1560,4151
2023-09-19 11:19:17,33,37,1560,4151
2023-09-19 11:19:17,34,37,1560,4151
2023-09-19 11:19:19,34,36,1560,4151
2023-09-19 11:19:22,34,37,1560,4151
2023-09-19 11:19:24,34,36,1560,4151
2023-09-19 11:19:27,34,37,1560,4151
2023-09-19 11:19:36,34,36,1560,4151
2023-09-19 11:19:37,34,37,1560,4151
2023-09-19 11:19:41,34,36,1560,4151
2023-09-19 11:19:43,34,37,1560,4151
2023-09-19 11:20:00,34,36,1560,4151
2023-09-19 11:20:05,34,37,1560,4151
2023-09-19 11:20:06,35,37,1560,4151
2023-09-19 11:20:10,35,36,1560,4151
2023-09-19 11:20:15,35,37,1560,4151
2023-09-19 11:20:17,36,37,1560,4151
2023-09-19 11:20:22,36,37,1560,4152
2023-09-19 11:22:00,35,37,1560,4152
2023-09-19 11:22:00,35,38,1560,4152
2023-09-19 11:22:01,36,38,1560,4152
2023-09-19 11:22:04,36,37,1560,4152
2023-09-19 11:22:09,36,38,1560,4152
2023-09-19 11:22:30,37,38,1560,4152
2023-09-19 11:22:32,36,37,1560,4153
2023-09-19 11:22:36,36,37,1560,4154
2023-09-19 11:22:42,36,37,1560,4155
2023-09-19 11:22:51,35,36,1560,4156
2023-09-19 11:22:52,35,37,1560,4156
2023-09-19 11:22:52,35,36,1560,4156
2023-09-19 11:22:56,34,36,1560,4156
2023-09-19 11:23:07,34,35,1560,4156
2023-09-19 11:23:13,34,36,1560,4156
2023-09-19 11:23:58,33,36,1560,4156
2023-09-19 11:24:23,34,36,1560,4156
2023-09-19 11:25:06,34,37,1560,4156
2023-09-19 11:25:15,35,37,1560,4156
2023-09-19 11:25:16,36,37,1560,4156
2023-09-19 11:26:07,37,39,1572,4180
2023-09-19 11:26:07,38,39,1572,4180
2023-09-19 11:26:08,38,39,1572,4181
2023-09-19 11:26:14,37,39,1572,4181
2023-09-19 11:26:20,37,38,1572,4181
2023-09-19 11:26:22,37,39,1572,4181
2023-09-19 11:27:23,38,39,1572,4181
2023-09-19 11:27:26,38,40,1572,4181
2023-09-19 11:27:28,39,40,1572,4181
2023-09-19 11:27:30,38,40,1572,4181
2023-09-19 11:27:39,37,40,1572,4181
2023-09-19 11:27:44,37,39,1572,4181
2023-09-19 11:27:59,37,40,1572,4181
2023-09-19 11:28:00,38,40,1572,4181
2023-09-19 11:28:43,39,40,1572,4181
2023-09-19 11:28:44,39,41,1572,4181
2023-09-19 11:28:48,40,41,1572,4181
2023-09-19 11:28:54,39,41,1572,4181
2023-09-19 11:30:21,39,40,1572,4181
2023-09-19 11:30:21,38,40,1572,4181
2023-09-19 11:30:26,39,40,1572,4181
2023-09-19 11:30:30,39,41,1572,4181
2023-09-19 11:30:36,39,40,1572,4181
2023-09-19 11:30:42,38,40,1572,4181
2023-09-19 11:30:43,39,40,1572,4181
2023-09-19 11:31:01,38,40,1572,4181
2023-09-19 11:31:11,39,40,1572,4181
2023-09-19 11:31:14,39,41,1572,4181
2023-09-19 11:31:44,40,41,1572,4181
2023-09-19 11:31:46,40,42,1572,4181
2023-09-19 11:31:55,40,43,1572,4181
2023-09-19 11:31:55,41,43,1572,4181
2023-09-19 11:32:01,40,43,1572,4181
2023-09-19 11:32:07,41,43,1572,4181
2023-09-19 11:32:14,42,43,1572,4181
2023-09-19 11:32:17,41,43,1572,4181
2023-09-19 11:32:18,40,43,1572,4181
2023-09-19 11:32:18,41,43,1572,4181
2023-09-19 11:32:55,42,43,1572,4181
2023-09-19 11:33:28,42,44,1572,4181
2023-09-19 11:33:32,43,44,1572,4181
2023-09-19 11:33:47,43,45,1572,4181
2023-09-19 11:33:55,44,45,1572,4181
2023-09-19 11:33:56,43,45,1572,4181
2023-09-19 11:34:06,44,45,1572,4181
2023-09-19 11:34:07,43,45,1572,4181
2023-09-19 11:34:17,44,45,1572,4181
2023-09-19 11:34:23,43,45,1572,4181
2023-09-19 11:35:00,44,45,1572,4181
2023-09-19 11:35:02,43,45,1572,4181
2023-09-19 11:35:05,44,45,1572,4181
2023-09-19 11:36:18,43,45,1572,4181
2023-09-19 11:36:34,42,45,1572,4181
2023-09-19 11:36:41,43,45,1572,4181
2023-09-19 11:36:44,42,45,1572,4181
2023-09-19 11:36:48,43,45,1572,4181
2023-09-19 11:36:51,42,45,1572,4181
2023-09-19 11:36:52,42,44,1572,4181
2023-09-19 11:37:09,42,45,1572,4181
2023-09-19 11:37:18,43,45,1572,4181
2023-09-19 11:37:21,42,45,1572,4181
2023-09-19 11:37:28,43,45,1572,4181
2023-09-19 11:37:29,42,45,1572,4181
2023-09-19 11:37:37,43,45,1572,4181
2023-09-19 11:37:39,42,45,1572,4181
2023-09-19 11:37:41,43,45,1572,4181
2023-09-19 11:37:42,42,45,1572,4181
2023-09-19 11:37:43,43,45,1572,4181
2023-09-19 11:39:04,44,45,1572,4181
2023-09-19 11:39:05,45,46,1572,4183
2023-09-19 11:39:11,44,46,1572,4183
2023-09-19 11:39:23,45,46,1572,4183
2023-09-19 11:39:53,44,46,1572,4183
2023-09-19 11:40:14,45,46,1572,4183
2023-09-19 11:40:26,44,46,1572,4183
2023-09-19 11:41:14,43,46,1572,4183
2023-09-19 11:41:17,43,45,1572,4183
2023-09-19 11:41:19,43,45,1560,4195
2023-09-19 11:41:25,44,45,1560,4195
2023-09-19 11:41:54,43,44,1560,4196
2023-09-19 11:41:55,43,45,1560,4196
2023-09-19 11:42:04,43,44,1560,4196
2023-09-19 11:42:05,43,44,1560,4197
2023-09-19 11:42:11,42,44,1560,4197
2023-09-19 11:42:12,43,44,1560,4197
2023-09-19 11:42:17,42,44,1560,4197
2023-09-19 11:42:18,43,44,1560,4197
2023-09-19 11:42:26,42,44,1560,4197
2023-09-19 11:42:28,42,45,1560,4197
2023-09-19 11:42:28,43,45,1560,4197
2023-09-19 11:42:29,42,45,1560,4197
2023-09-19 11:42:30,42,44,1560,4197
2023-09-19 11:42:33,42,45,1560,4197
2023-09-19 11:42:35,42,44,1560,4197
2023-09-19 11:42:35,43,44,1560,4197
2023-09-19 11:42:37,43,45,1560,4197
2023-09-19 11:42:42,43,44,1560,4197
2023-09-19 11:42:43,43,45,1560,4197
2023-09-19 11:42:45,43,44,1560,4197
2023-09-19 11:42:45,42,44,1561,4198
2023-09-19 11:42:45,42,45,1561,4198
2023-09-19 11:42:52,43,45,1561,4198
2023-09-19 11:42:53,42,45,1561,4198
2023-09-19 11:42:54,43,45,1561,4198
2023-09-19 11:43:11,43,44,1561,4198
2023-09-19 11:43:25,42,44,1561,4198
2023-09-19 11:43:26,43,44,1561,4198
2023-09-19 11:43:29,42,44,1561,4198
2023-09-19 11:44:21,42,43,1561,4198
2023-09-19 11:44:30,42,44,1561,4198
2023-09-19 11:44:33,42,43,1561,4198
2023-09-19 11:44:34,42,44,1561,4198
2023-09-19 11:44:35,43,44,1561,4198
2023-09-19 11:44:47,42,43,1344,4415
2023-09-19 11:44:47,41,43,1344,4415
2023-09-19 11:45:23,41,42,1344,4415
2023-09-19 11:45:31,40,42,1344,4415
2023-09-19 11:45:41,40,42,1344,4510
2023-09-19 11:45:56,41,42,1344,4510
2023-09-19 11:45:57,40,42,1344,4510
2023-09-19 11:46:05,40,41,1344,4510
2023-09-19 11:46:05,39,41,1344,4510
2023-09-19 11:46:10,39,40,1344,4510
2023-09-19 11:46:27,39,41,1344,4510
2023-09-19 11:46:29,40,41,1344,4510
2023-09-19 11:46:34,40,42,1344,4510
2023-09-19 11:46:35,40,41,1344,4510
2023-09-19 11:46:37,40,42,1344,4510
2023-09-19 11:46:40,40,41,1344,4510
2023-09-19 11:47:01,40,42,1344,4510
2023-09-19 11:47:12,41,42,1344,4510
2023-09-19 11:47:20,40,42,1344,4510
2023-09-19 11:47:25,40,41,1344,4510
2023-09-19 11:47:31,40,41,1344,4610
2023-09-19 11:47:35,40,42,1344,4610
2023-09-19 11:48:08,41,42,1344,4610
2023-09-19 11:48:11,41,43,1344,4610
2023-09-19 11:48:24,42,43,1344,4610
2023-09-19 11:48:29,42,44,1344,4610
2023-09-19 11:48:35,43,44,1344,4610
2023-09-19 11:49:25,42,43,1344,4611
2023-09-19 11:49:26,41,43,1344,4611
2023-09-19 11:49:27,42,43,1344,4611
2023-09-19 11:49:27,42,44,1344,4611
2023-09-19 11:49:35,41,44,1344,4611
2023-09-19 11:49:42,42,44,1344,4611
2023-09-19 11:49:44,41,44,1344,4611
2023-09-19 11:49:44,41,43,1344,4611
2023-09-19 11:49:55,41,42,1344,4611
2023-09-19 11:50:05,40,42,1344,4805
2023-09-19 11:50:18,41,42,1344,4805
2023-09-19 11:50:20,40,42,1344,4805
2023-09-19 11:50:24,40,43,1344,4805
2023-09-19 11:50:24,41,43,1344,4805
2023-09-19 11:50:33,40,43,1344,4805
2023-09-19 11:50:37,41,43,1344,4805
2023-09-19 11:50:38,41,42,1344,4805
2023-09-19 11:50:38,40,42,1344,4805
2023-09-19 11:50:57,39,42,1344,4805
2023-09-19 11:50:58,39,41,1344,4805
2023-09-19 11:51:28,39,40,1344,4805
2023-09-19 11:51:33,37,39,1342,4807
2023-09-19 11:52:00,37,40,1342,4807
2023-09-19 11:52:02,38,40,1342,4807
2023-09-19 11:52:03,38,41,1342,4807
2023-09-19 11:52:26,39,41,1342,4807
2023-09-19 11:52:30,39,42,1342,4807
2023-09-19 11:52:32,40,42,1342,4807
2023-09-19 11:52:45,40,43,1342,4807
2023-09-19 11:52:49,41,43,1342,4807
2023-09-19 11:53:16,40,43,1342,4807
2023-09-19 11:53:18,41,43,1342,4807
2023-09-19 11:53:20,41,42,1342,4807
2023-09-19 11:53:24,39,41,1342,4808
2023-09-19 11:53:27,38,41,1342,4808
2023-09-19 11:53:38,38,40,1342,4808
2023-09-19 11:53:42,39,40,1342,4808
2023-09-19 11:54:04,37,39,1343,4809
2023-09-19 11:54:07,38,39,1343,4809
2023-09-19 11:54:07,38,40,1343,4809
2023-09-19 11:54:25,38,41,1343,4809
2023-09-19 11:54:26,38,40,1343,4809
2023-09-19 11:54:45,38,41,1343,4809
2023-09-19 11:54:56,39,41,1343,4809
2023-09-19 11:54:58,39,42,1343,4809
2023-09-19 11:55:06,39,41,1343,4809
2023-09-19 11:55:19,38,41,1343,4809
2023-09-19 11:55:35,39,41,1343,4809
2023-09-19 11:55:39,39,42,1343,4809
2023-09-19 11:55:46,40,42,1343,4809
2023-09-19 11:55:47,40,43,1343,4809
2023-09-19 11:55:50,40,42,1343,4809
2023-09-19 11:55:57,39,42,1343,4809
2023-09-19 11:56:23,40,42,1343,4809
2023-09-19 11:56:24,40,43,1343,4809
2023-09-19 11:56:29,41,43,1343,4809
2023-09-19 11:57:09,42,43,1343,4809
2023-09-19 11:57:21,43,45,1343,4813
2023-09-19 11:57:28,44,45,1343,4813
2023-09-19 11:57:30,44,46,1343,4813
2023-09-19 11:57:35,45,46,1343,4813
2023-09-19 11:58:08,46,47,1346,4816
2023-09-19 11:58:16,47,48,1346,4819
2023-09-19 11:58:43,46,48,1346,4819
2023-09-19 11:59:03,45,48,1346,4819
2023-09-19 11:59:15,45,47,1346,4819
2023-09-19 11:59:18,45,48,1346,4819
2023-09-19 11:59:31,46,48,1346,4819
2023-09-19 12:00:14,45,48,1346,4819
2023-09-19 12:00:23,45,47,1346,4819
2023-09-19 12:00:53,45,46,1346,4819
2023-09-19 12:01:20,45,47,1346,4819
2023-09-19 12:01:35,45,47,1346,4869
2023-09-19 12:01:54,44,45,1340,4875
2023-09-19 12:01:54,43,45,1340,4875
2023-09-19 12:02:03,42,45,1340,4875
2023-09-19 12:02:09,42,44,1340,4875
2023-09-19 12:02:09,41,44,1340,4875
2023-09-19 12:02:09,41,43,1340,4875
2023-09-19 12:02:17,41,44,1340,4875
2023-09-19 12:02:34,41,43,1340,4875
2023-09-19 12:02:36,40,43,1340,4875
2023-09-19 12:02:36,40,42,1340,4875
2023-09-19 12:03:28,40,41,1340,4875
2023-09-19 12:03:35,40,41,1341,4876
2023-09-19 12:03:36,39,41,1341,4876
2023-09-19 12:03:40,39,40,1341,4876
2023-09-19 12:03:47,39,41,1341,4876
2023-09-19 12:04:33,39,40,1341,4876
2023-09-19 12:04:42,39,41,1341,4876
2023-09-19 12:05:03,38,41,1341,4876
2023-09-19 12:05:22,39,41,1341,4876
2023-09-19 12:05:25,38,41,1341,4876
2023-09-19 12:05:26,39,41,1341,4876
2023-09-19 12:05:30,38,41,1341,4876
2023-09-19 12:05:30,38,40,1341,4876
2023-09-19 12:05:41,37,40,1341,4876
2023-09-19 12:05:41,37,39,1341,4876
2023-09-19 12:05:42,37,38,1341,4876
2023-09-19 12:05:42,36,38,1341,4876
2023-09-19 12:05:42,37,38,1341,4876
2023-09-19 12:05:43,36,38,1341,4876
2023-09-19 12:05:44,36,37,1341,4876
2023-09-19 12:05:45,36,38,1341,4876
2023-09-19 12:05:49,36,37,1341,4876
2023-09-19 12:05:50,36,38,1341,4876
2023-09-19 12:05:51,36,37,1341,4876
2023-09-19 12:05:57,35,37,1341,4876
2023-09-19 12:06:08,34,37,1341,4876
2023-09-19 12:06:08,34,36,1341,4876
2023-09-19 12:06:13,34,36,1401,4936
2023-09-19 12:06:13,34,35,1401,4936
2023-09-19 12:06:13,34,35,1461,4996
2023-09-19 12:06:13,34,35,1526,5061
2023-09-19 12:06:14,34,36,1526,5061
2023-09-19 12:06:14,35,36,1526,5061
2023-09-19 12:06:25,35,37,1526,5061
2023-09-19 12:06:34,35,38,1526,5061
2023-09-19 12:06:39,35,37,1526,5061
2023-09-19 12:06:41,35,38,1526,5061
2023-09-19 12:07:02,36,38,1526,5061
2023-09-19 12:07:09,35,38,1526,5061
2023-09-19 12:07:12,35,37,1526,5061
2023-09-19 12:07:14,35,38,1526,5061
2023-09-19 12:07:16,36,38,1526,5061
2023-09-19 12:07:37,35,38,1526,5061
2023-09-19 12:07:48,36,38,1526,5061
2023-09-19 12:07:56,35,38,1526,5061
2023-09-19 12:07:58,36,38,1526,5061
2023-09-19 12:08:09,35,38,1526,5061
2023-09-19 12:08:12,35,37,1526,5061
2023-09-19 12:08:14,34,37,1526,5061
2023-09-19 12:08:20,34,36,1526,5061
2023-09-19 12:08:21,34,35,1526,5061
2023-09-19 12:08:21,33,35,1526,5061
2023-09-19 12:08:23,33,34,1526,5061
2023-09-19 12:08:25,33,35,1526,5061
2023-09-19 12:08:29,33,36,1526,5061
2023-09-19 12:08:32,33,36,1526,5161
2023-09-19 12:08:33,34,36,1526,5161
2023-09-19 12:08:33,34,36,1526,5226
2023-09-19 12:08:33,34,36,1526,5291
2023-09-19 12:08:33,34,36,1526,5356
2023-09-19 12:08:34,33,36,1526,5356
2023-09-19 12:08:34,33,34,1526,5356
2023-09-19 12:08:55,34,36,1554,5384
2023-09-19 12:08:56,34,37,1554,5384
2023-09-19 12:09:08,35,37,1554,5384
2023-09-19 12:09:10,35,38,1554,5384
2023-09-19 12:09:19,35,39,1554,5384
2023-09-19 12:09:19,36,39,1554,5384
2023-09-19 12:09:28,36,38,1554,5384
2023-09-19 12:09:29,37,38,1554,5384
2023-09-19 12:09:55,37,39,1554,5384
2023-09-19 12:10:10,38,39,1554,5384
2023-09-19 12:10:17,37,39,1554,5384
2023-09-19 12:10:18,36,39,1554,5384
2023-09-19 12:10:22,37,39,1554,5384
2023-09-19 12:10:25,38,39,1554,5384
2023-09-19 12:10:40,38,39,1554,5385
2023-09-19 12:10:48,37,38,1554,5386
2023-09-19 12:10:54,37,39,1554,5386
2023-09-19 12:11:02,37,38,1554,5386
2023-09-19 12:11:04,37,39,1554,5386
2023-09-19 12:11:10,37,40,1554,5386
2023-09-19 12:11:19,37,39,1554,5386
2023-09-19 12:11:22,38,39,1554,5386
2023-09-19 12:11:22,38,40,1554,5386
2023-09-19 12:11:24,39,40,1554,5386
2023-09-19 12:11:28,38,39,1555,5387
2023-09-19 12:11:29,38,40,1555,5387
2023-09-19 12:11:31,38,39,1555,5387
2023-09-19 12:11:34,37,39,1555,5387
2023-09-19 12:11:49,36,39,1555,5387
2023-09-19 12:12:17,37,39,1555,5387
2023-09-19 12:12:19,37,40,1555,5387
2023-09-19 12:12:23,38,40,1555,5387
2023-09-19 12:12:23,39,40,1555,5387
2023-09-19 12:13:33,40,41,1555,5392
2023-09-19 12:13:34,40,41,1555,5393
2023-09-19 12:13:35,40,42,1555,5393
2023-09-19 12:14:03,41,42,1555,5393
2023-09-19 12:14:03,41,42,1555,5394
2023-09-19 12:14:04,41,43,1555,5394
2023-09-19 12:14:09,41,44,1555,5394
2023-09-19 12:14:09,42,44,1555,5394
2023-09-19 12:14:10,43,44,1555,5394
2023-09-19 12:14:49,43,45,1555,5394
2023-09-19 12:15:02,44,45,1555,5394
2023-09-19 12:16:24,44,45,1555,5395
2023-09-19 12:17:05,44,46,1555,5395
2023-09-19 12:17:42,44,47,1555,5395
2023-09-19 12:17:43,45,47,1555,5395
2023-09-19 12:17:58,46,47,1555,5395
2023-09-19 12:18:09,46,47,1555,5396
2023-09-19 12:18:18,46,47,1555,5397
2023-09-19 12:18:20,46,48,1555,5397
2023-09-19 12:18:21,47,48,1555,5397
2023-09-19 12:18:32,47,48,1555,5398
2023-09-19 12:18:34,47,48,1555,5399
2023-09-19 12:21:11,46,48,1555,5399
2023-09-19 12:21:12,45,48,1555,5399
2023-09-19 12:21:21,46,48,1555,5399
2023-09-19 12:21:21,46,49,1555,5399
2023-09-19 12:21:21,47,49,1555,5399
2023-09-19 12:21:35,47,48,1555,5399
2023-09-19 12:21:36,45,47,1555,5400
2023-09-19 12:21:36,46,47,1555,5400
2023-09-19 12:21:47,46,48,1555,5400
2023-09-19 12:21:47,47,48,1555,5400
2023-09-19 12:21:48,47,48,1555,5401
2023-09-19 12:22:06,46,47,1555,5402
2023-09-19 12:23:46,46,48,1555,5402
2023-09-19 12:24:27,46,47,1555,5402
2023-09-19 12:24:28,46,48,1555,5402
2023-09-19 12:24:29,46,47,1555,5402
2023-09-19 12:24:35,46,48,1555,5402
2023-09-19 12:24:38,46,47,1555,5402
2023-09-19 12:25:20,46,48,1555,5402
2023-09-19 12:25:22,45,48,1555,5402
2023-09-19 12:25:34,45,49,1555,5402
2023-09-19 12:25:35,46,49,1555,5402
2023-09-19 12:26:00,46,48,1555,5402
2023-09-19 12:26:01,46,49,1555,5402
2023-09-19 12:26:02,46,48,1555,5402
2023-09-19 12:26:03,46,49,1555,5402
2023-09-19 12:26:55,46,48,1555,5402
2023-09-19 12:26:56,46,49,1555,5402
2023-09-19 12:27:09,46,48,1555,5402
2023-09-19 12:27:11,45,48,1555,5402
2023-09-19 12:27:57,44,48,1555,5402
2023-09-19 12:27:59,44,46,1555,5402
2023-09-19 12:28:02,45,46,1555,5402
2023-09-19 12:28:12,45,47,1555,5402
2023-09-19 12:28:17,46,47,1555,5402
2023-09-19 12:28:20,46,49,1555,5402
2023-09-19 12:28:21,47,49,1555,5402
2023-09-19 12:28:36,46,49,1555,5402
2023-09-19 12:28:45,47,49,1555,5402
2023-09-19 12:28:52,46,49,1555,5402
2023-09-19 12:29:02,46,48,1555,5402
2023-09-19 12:29:04,47,48,1555,5402
2023-09-19 12:29:20,45,48,1556,5403
2023-09-19 12:29:22,45,47,1556,5403
2023-09-19 12:30:30,45,48,1556,5403
2023-09-19 12:30:31,45,47,1556,5403
2023-09-19 12:30:33,46,47,1556,5403
2023-09-19 12:30:39,45,46,1556,5404
2023-09-19 12:30:55,45,47,1556,5404
2023-09-19 12:30:57,45,46,1556,5404
2023-09-19 12:31:05,45,47,1556,5404
2023-09-19 12:31:17,45,46,1556,5404
2023-09-19 12:31:26,45,47,1556,5404
2023-09-19 12:31:35,44,47,1556,5404
2023-09-19 12:32:09,44,46,1556,5404
2023-09-19 12:32:10,43,46,1556,5404
2023-09-19 12:32:42,44,46,1556,5404
2023-09-19 12:32:48,44,47,1556,5404
2023-09-19 12:33:12,43,47,1556,5404
2023-09-19 12:33:12,43,46,1556,5404
2023-09-19 12:34:09,44,46,1556,5404
2023-09-19 12:34:27,45,46,1556,5404
2023-09-19 12:35:38,45,46,1556,5604
2023-09-19 12:35:42,45,46,1556,5704
2023-09-19 12:35:43,45,46,1556,5804
2023-09-19 12:35:52,43,45,1556,5904
2023-09-19 12:35:53,43,46,1556,5904
2023-09-19 12:35:57,44,46,1556,5904
2023-09-19 12:36:00,44,45,1556,5904
2023-09-19 12:36:02,43,44,1557,5905
2023-09-19 12:36:07,42,44,1557,5905
2023-09-19 12:36:14,42,43,1557,5905
2023-09-19 12:36:25,41,43,1557,5905
2023-09-19 12:36:27,41,44,1557,5905
2023-09-19 12:36:32,42,44,1557,5905
2023-09-19 12:36:39,41,44,1557,5905
2023-09-19 12:36:41,41,43,1557,5905
2023-09-19 12:36:42,41,44,1557,5905
2023-09-19 12:36:43,41,43,1557,5905
2023-09-19 12:36:45,41,44,1557,5905
2023-09-19 12:36:52,42,44,1557,5905
2023-09-19 12:36:53,41,44,1557,5905
2023-09-19 12:37:02,42,44,1557,5905
2023-09-19 12:37:16,43,44,1557,5905
2023-09-19 12:37:23,44,47,1557,5918
2023-09-19 12:37:24,44,46,1557,5918
2023-09-19 12:37:31,43,46,1557,5918
2023-09-19 12:37:38,43,45,1557,5918
2023-09-19 12:37:39,43,46,1557,5918
2023-09-19 12:37:42,44,46,1557,5918
2023-09-19 12:37:48,44,47,1557,5918
2023-09-19 12:38:06,44,46,1557,5918
2023-09-19 12:38:16,43,46,1557,5918
2023-09-19 12:38:32,44,46,1557,5918
2023-09-19 12:38:33,43,46,1557,5918
2023-09-19 12:38:47,43,45,1557,5918
2023-09-19 12:38:49,43,46,1557,5918
2023-09-19 12:38:50,43,45,1557,5918
2023-09-19 12:38:51,42,45,1557,5918
2023-09-19 12:38:54,42,43,1557,5918
2023-09-19 12:39:06,42,45,1557,5918
2023-09-19 12:39:07,42,44,1557,5918
2023-09-19 12:39:07,41,44,1557,5918
2023-09-19 12:39:23,41,43,1557,5918
2023-09-19 12:39:39,40,43,1557,5918
2023-09-19 12:39:39,40,42,1557,5918
2023-09-19 12:40:01,40,41,1557,5918
2023-09-19 12:40:02,39,41,1557,5918
2023-09-19 12:40:07,39,42,1557,5918
2023-09-19 12:40:14,40,42,1557,5918
2023-09-19 12:40:19,39,42,1557,5918
2023-09-19 12:40:20,40,42,1557,5918
2023-09-19 12:40:30,40,43,1557,5918
2023-09-19 12:40:43,41,43,1557,5918
2023-09-19 12:40:56,41,43,1573,5934
2023-09-19 12:41:09,40,43,1573,5934
2023-09-19 12:41:10,40,42,1573,5934
2023-09-19 12:41:27,39,42,1573,5934
2023-09-19 12:41:58,39,41,1573,5934
2023-09-19 12:42:04,39,42,1573,5934
2023-09-19 12:42:29,40,42,1573,5934
2023-09-19 12:42:30,41,42,1573,5934
2023-09-19 12:42:30,41,43,1573,5934
2023-09-19 12:42:33,41,44,1573,5934
2023-09-19 12:42:35,42,44,1573,5934
2023-09-19 12:42:36,42,45,1573,5934
2023-09-19 12:42:39,43,45,1573,5934
2023-09-19 12:42:46,43,46,1573,5934
2023-09-19 12:42:47,43,47,1573,5934
2023-09-19 12:42:47,44,47,1573,5934
2023-09-19 12:42:53,44,46,1573,5934
2023-09-19 12:42:54,44,47,1573,5934
2023-09-19 12:43:03,44,46,1573,5934
2023-09-19 12:43:07,45,46,1573,5934
2023-09-19 12:43:41,42,45,1573,5935
2023-09-19 12:43:42,43,45,1573,5935
2023-09-19 12:44:02,43,44,1573,5935
2023-09-19 12:44:08,43,45,1573,5935
2023-09-19 12:44:09,43,44,1573,5935
2023-09-19 12:44:09,43,44,1573,5936
2023-09-19 12:44:09,43,44,1573,5937
2023-09-19 12:44:46,41,43,1574,5938
2023-09-19 12:44:46,42,43,1574,5938
2023-09-19 12:44:50,42,44,1574,5938
2023-09-19 12:45:33,42,45,1574,5938
2023-09-19 12:45:59,42,44,1574,5938
2023-09-19 12:46:25,42,43,1574,5938
2023-09-19 12:46:28,40,42,1574,5939
2023-09-19 12:46:32,39,42,1574,5939
2023-09-19 12:46:39,40,42,1574,5939
2023-09-19 12:46:40,39,42,1574,5939
2023-09-19 12:46:47,39,41,1574,5939
2023-09-19 12:47:10,39,42,1574,5939
2023-09-19 12:47:18,39,40,1574,5939
2023-09-19 12:47:19,38,40,1574,5939
2023-09-19 12:47:22,38,39,1574,5939
2023-09-19 12:47:23,37,38,1574,5939
2023-09-19 12:47:32,36,39,1574,5939
2023-09-19 12:47:39,36,38,1574,5939
2023-09-19 12:47:40,36,39,1574,5939
2023-09-19 12:47:44,36,38,1574,5939
2023-09-19 12:47:55,36,37,1574,5939
2023-09-19 12:47:56,36,38,1574,5939
2023-09-19 12:48:11,36,37,1574,5939
2023-09-19 12:48:11,35,37,1574,5939
2023-09-19 12:48:14,35,38,1574,5939
2023-09-19 12:48:35,36,38,1574,5939
2023-09-19 12:48:36,35,38,1574,5939
2023-09-19 12:48:38,36,38,1574,5939
2023-09-19 12:48:38,36,39,1574,5939
2023-09-19 12:48:59,36,38,1574,5939
2023-09-19 12:49:03,36,39,1574,5939
2023-09-19 12:49:39,37,39,1574,5939
2023-09-19 12:49:39,38,39,1574,5939
2023-09-19 12:49:47,39,41,1574,5944
2023-09-19 12:49:47,39,42,1574,5944
2023-09-19 12:49:47,39,41,1574,5944
2023-09-19 12:49:54,39,42,1574,5944
2023-09-19 12:49:56,39,41,1574,5944
2023-09-19 12:49:59,39,42,1574,5944
2023-09-19 12:50:04,40,42,1574,5944
2023-09-19 12:50:06,41,42,1574,5944
2023-09-19 12:50:06,41,43,1574,5944
2023-09-19 12:50:56,42,43,1574,5944
2023-09-19 12:51:05,42,44,1574,5944
2023-09-19 12:51:14,43,44,1574,5944
2023-09-19 12:51:46,42,44,1574,5944
2023-09-19 12:51:46,41,44,1574,5944
2023-09-19 12:51:51,42,44,1574,5944
2023-09-19 12:52:21,41,44,1574,5944
2023-09-19 12:52:27,42,44,1574,5944
2023-09-19 12:52:36,42,45,1574,5944
2023-09-19 12:52:36,43,45,1574,5944
2023-09-19 12:52:45,44,45,1574,5944
2023-09-19 12:52:45,44,46,1574,5944
2023-09-19 12:52:53,44,47,1574,5944
2023-09-19 12:52:53,45,47,1574,5944
2023-09-19 12:53:10,45,48,1574,5944
2023-09-19 12:53:10,46,48,1574,5944
2023-09-19 12:53:10,46,47,1574,5944
2023-09-19 12:53:18,46,48,1574,5944
2023-09-19 12:53:29,47,48,1574,5944
2023-09-19 12:53:45,47,48,1574,5945
2023-09-19 12:53:48,47,48,1574,5946
2023-09-19 12:53:54,47,49,1574,5946
2023-09-19 12:53:55,48,49,1574,5946
2023-09-19 12:54:01,48,49,1574,5947
2023-09-19 12:54:02,48,49,1574,5948
2023-09-19 12:54:05,48,49,1574,5949
2023-09-19 12:55:16,49,50,1572,5951
2023-09-19 12:55:35,48,50,1572,5951
2023-09-19 12:55:39,49,50,1572,5951
2023-09-19 12:55:44,49,51,1572,5951
2023-09-19 12:55:46,50,51,1572,5951
2023-09-19 12:56:03,50,51,1572,5952
2023-09-19 12:56:06,50,52,1572,5952
2023-09-19 12:56:06,50,51,1572,5952
2023-09-19 12:56:06,50,52,1572,5952
2023-09-19 12:56:10,51,52,1572,5952
2023-09-19 12:56:11,51,53,1572,5952
2023-09-19 12:56:12,52,53,1572,5952
2023-09-19 12:56:26,52,54,1572,6152
2023-09-19 12:56:28,53,54,1572,6152
2023-09-19 12:56:36,53,55,1572,6152
2023-09-19 12:56:39,54,55,1572,6152
2023-09-19 12:56:46,54,55,1572,6153
2023-09-19 12:56:53,53,55,1572,6153
2023-09-19 12:57:03,54,55,1572,6153
2023-09-19 12:57:05,54,55,1572,6154
2023-09-19 12:57:24,54,56,1572,6154
2023-09-19 12:58:20,55,56,1572,6154
2023-09-19 12:58:24,54,56,1572,6154
2023-09-19 12:59:29,55,56,1572,6154
2023-09-19 12:59:44,55,57,1572,6154
2023-09-19 12:59:54,54,57,1572,6154
2023-09-19 13:00:05,55,57,1572,6154
2023-09-19 13:00:21,54,57,1572,6154
2023-09-19 13:00:27,54,56,1572,6154
2023-09-19 13:00:27,55,56,1572,6154
2023-09-19 13:00:28,55,56,1572,6155
2023-09-19 13:00:38,55,56,1573,6156
2023-09-19 13:01:01,55,56,1574,6157
2023-09-19 13:01:05,55,56,1575,6158
2023-09-19 13:01:08,55,57,1575,6158
2023-09-19 13:01:10,55,56,1575,6158
2023-09-19 13:01:11,55,57,1575,6158
2023-09-19 13:01:12,55,56,1575,6158
2023-09-19 13:01:13,55,57,1575,6158
2023-09-19 13:01:14,55,56,1575,6158
2023-09-19 13:01:16,55,57,1575,6158
2023-09-19 13:01:29,56,57,1575,6158
2023-09-19 13:01:30,56,58,1511,6359
2023-09-19 13:01:31,55,58,1511,6359
2023-09-19 13:01:31,57,58,1511,6359
2023-09-19 13:01:34,55,58,1511,6359
2023-09-19 13:01:34,55,58,1750,6759
2023-09-19 13:01:35,56,58,1750,6759
2023-09-19 13:01:35,57,58,1750,6759
2023-09-19 13:01:36,58,59,1949,6958
2023-09-19 13:01:38,57,59,1949,6958
2023-09-19 13:01:39,56,59,1949,6958
2023-09-19 13:01:40,56,58,1949,6958
2023-09-19 13:01:43,56,57,1949,6958
2023-09-19 13:01:45,57,59,1695,7212
2023-09-19 13:01:45,57,58,1695,7212
2023-09-19 13:01:46,57,58,1695,7213
2023-09-19 13:01:46,57,59,1695,7213
2023-09-19 13:01:46,56,59,1512,7413
2023-09-19 13:01:46,58,59,1512,7413
2023-09-19 13:01:47,56,58,1513,7414
2023-09-19 13:01:48,56,59,1513,7414
2023-09-19 13:01:48,56,57,1513,7414
2023-09-19 13:01:49,56,57,1514,7415
2023-09-19 13:01:50,56,57,1515,7416
2023-09-19 13:01:57,56,59,1515,7416
2023-09-19 13:01:58,56,58,1515,7416
2023-09-19 13:01:59,56,59,1515,7416
2023-09-19 13:02:01,57,59,1515,7416
2023-09-19 13:02:02,56,59,1515,7416
2023-09-19 13:02:08,56,58,1515,7416
2023-09-19 13:02:09,57,58,1515,7416
2023-09-19 13:02:13,56,57,1516,7417
2023-09-19 13:02:16,56,57,1516,7617
2023-09-19 13:02:16,56,58,1516,7617
2023-09-19 13:02:19,56,59,1516,7617
2023-09-19 13:02:21,57,59,1516,7617
2023-09-19 13:02:50,58,59,1516,7617
2023-09-19 13:03:00,58,60,1516,7617
2023-09-19 13:03:11,58,59,1516,7617
2023-09-19 13:03:13,58,60,1516,7617
2023-09-19 13:03:14,58,59,1516,7617
2023-09-19 13:03:17,58,60,1516,7617
2023-09-19 13:03:35,59,60,1516,7617
2023-09-19 13:03:56,58,60,1516,7617
2023-09-19 13:04:07,59,60,1516,7617
2023-09-19 13:04:15,58,60,1516,7617
2023-09-19 13:04:19,59,60,1516,7617
2023-09-19 13:04:20,59,60,1516,7627
2023-09-19 13:04:37,60,61,1514,7629
2023-09-19 13:06:41,60,61,1509,7634
2023-09-19 13:07:07,60,62,1509,7634
2023-09-19 13:07:08,61,62,1509,7634
2023-09-19 13:07:09,60,62,1509,7634
2023-09-19 13:08:56,61,62,1509,7634
2023-09-19 13:09:05,61,63,1509,7634
2023-09-19 13:09:54,62,63,1509,7634
2023-09-19 13:10:08,61,63,1509,7634
2023-09-19 13:10:31,62,63,1509,7634
2023-09-19 13:10:43,61,63,1509,7634
2023-09-19 13:10:47,62,63,1509,7634
2023-09-19 13:11:18,62,64,1509,7634
2023-09-19 13:11:37,63,64,1509,7634
2023-09-19 13:11:51,62,64,1509,7634
2023-09-19 13:14:35,63,64,1509,7634
2023-09-19 13:17:03,63,65,1509,7634
2023-09-19 13:17:09,64,65,1509,7634
2023-09-19 13:17:14,63,64,1510,7635
2023-09-19 13:17:14,63,64,1511,7636
2023-09-19 13:17:15,63,65,1511,7636
2023-09-19 13:17:15,64,65,1511,7636
2023-09-19 13:17:16,63,64,1512,7637
2023-09-19 13:17:20,63,65,1512,7637
2023-09-19 13:17:20,63,64,1512,7637
2023-09-19 13:17:23,63,65,1512,7637
2023-09-19 13:17:33,64,65,1512,7637
2023-09-19 13:17:48,64,65,1513,7638
2023-09-19 13:18:18,64,65,1514,7698
2023-09-19 13:18:32,64,66,1514,7698
2023-09-19 13:18:56,65,66,1514,7698
2023-09-19 13:20:39,65,66,1515,7699
2023-09-19 13:20:45,65,66,1516,7700
2023-09-19 13:24:05,65,67,1516,7700
2023-09-19 13:24:06,66,67,1516,7700
2023-09-19 13:24:15,66,67,1517,7701
2023-09-19 13:24:18,65,67,1517,7701
2023-09-19 13:24:22,66,67,1517,7701
2023-09-19 13:24:23,65,67,1517,7701
2023-09-19 13:24:58,66,67,1517,7701
2023-09-19 13:25:02,66,67,1518,7702
2023-09-19 13:25:04,66,67,1519,7703
2023-09-19 13:25:18,66,67,1520,7704
2023-09-19 13:25:28,66,67,1521,7705
2023-09-19 13:26:49,65,66,1522,7706
2023-09-19 13:26:55,64,66,1522,7706
2023-09-19 13:26:55,64,67,1522,7706
2023-09-19 13:26:56,65,67,1522,7706
2023-09-19 13:27:06,64,67,1522,7706
2023-09-19 13:27:09,65,67,1522,7706
2023-09-19 13:27:11,64,67,1522,7706
2023-09-19 13:27:12,65,67,1522,7706
2023-09-19 13:27:16,66,67,1522,7706
2023-09-19 13:28:01,65,66,1523,7707
2023-09-19 13:28:05,65,67,1523,7707
2023-09-19 13:28:06,65,66,1523,7707
2023-09-19 13:28:09,65,67,1523,7707
2023-09-19 13:28:24,65,66,1523,7707
2023-09-19 13:28:27,64,66,1523,7707
2023-09-19 13:28:35,64,67,1523,7707
2023-09-19 13:28:35,64,66,1523,7707
2023-09-19 13:28:35,64,67,1523,7707
2023-09-19 13:28:36,64,66,1523,7707
2023-09-19 13:28:41,64,67,1523,7707
2023-09-19 13:28:42,64,66,1523,7707
2023-09-19 13:28:46,64,67,1523,7707
2023-09-19 13:28:48,64,66,1523,7707
2023-09-19 13:28:50,64,67,1523,7707
2023-09-19 13:28:57,64,66,1523,7707
2023-09-19 13:29:02,64,67,1523,7707
2023-09-19 13:29:06,64,66,1523,7707
2023-09-19 13:29:07,64,67,1523,7707
2023-09-19 13:29:22,64,66,1523,7707
2023-09-19 13:29:25,64,67,1523,7707
2023-09-19 13:29:30,64,66,1523,7707
2023-09-19 13:29:41,64,67,1523,7707
2023-09-19 13:29:41,64,66,1523,7707
2023-09-19 13:29:49,65,66,1523,7707
2023-09-19 13:29:49,65,67,1523,7707
2023-09-19 13:29:50,66,67,1523,7707
2023-09-19 13:29:50,65,67,1524,7708
2023-09-19 13:29:56,64,67,1524,7708
2023-09-19 13:29:56,64,66,1524,7708
2023-09-19 13:29:57,64,67,1524,7708
2023-09-19 13:30:02,64,66,1524,7708
2023-09-19 13:30:03,64,67,1524,7708
2023-09-19 13:30:04,65,67,1524,7708
2023-09-19 13:30:17,66,67,1524,7708
2023-09-19 13:34:30,66,67,1525,7709
2023-09-19 13:35:05,66,67,1625,7809
2023-09-19 13:36:10,66,67,1742,8009
2023-09-19 13:38:09,66,67,1942,8209
2023-09-19 13:40:47,65,67,1942,8209
2023-09-19 13:40:50,66,67,1942,8209
2023-09-19 13:44:03,66,67,2085,8352
2023-09-19 13:44:52,65,67,2085,8352
2023-09-19 13:44:54,66,67,2085,8352
2023-09-19 13:44:55,65,67,2085,8352
2023-09-19 13:44:56,66,67,2085,8352
2023-09-19 13:45:04,65,67,2085,8352
2023-09-19 13:45:14,64,67,2085,8352
2023-09-19 13:45:15,64,65,2257,8524
2023-09-19 13:45:15,63,65,2285,8552
2023-09-19 13:45:16,63,64,2285,8552
2023-09-19 13:45:17,63,64,2313,8580
2023-09-19 13:45:25,63,64,2485,8752
2023-09-19 13:45:41,61,64,2485,8752
2023-09-19 13:45:41,61,63,2485,8752
2023-09-19 13:45:44,61,62,2485,8752
2023-09-19 13:45:46,60,62,2485,8752
2023-09-19 13:45:49,60,61,2485,8752
2023-09-19 13:45:58,60,62,2485,8752
2023-09-19 13:45:59,60,62,2485,8767
2023-09-19 13:45:59,60,61,2485,8767
2023-09-19 13:46:11,60,62,2485,8767
2023-09-19 13:46:20,60,61,2485,8767
2023-09-19 13:47:03,59,61,2485,8767
2023-09-19 13:47:03,59,60,2485,8767
2023-09-19 13:47:04,59,60,2485,8782
2023-09-19 13:47:05,58,60,2495,8792
2023-09-19 13:47:09,58,59,2495,8792
2023-09-19 13:47:34,57,59,2495,8792
2023-09-19 13:47:35,57,58,2495,8792
2023-09-19 13:47:35,56,58,2495,8792
2023-09-19 13:47:35,56,57,2495,8792
2023-09-19 13:47:35,55,57,2495,8792
2023-09-19 13:47:35,55,58,2495,8792
2023-09-19 13:47:37,55,57,2495,8792
2023-09-19 13:47:38,55,56,2495,8792
2023-09-19 13:47:39,55,57,2495,8792
2023-09-19 13:47:42,55,56,2495,8792
2023-09-19 13:47:51,55,56,2535,8832
2023-09-19 13:47:58,55,57,2535,8832
2023-09-19 13:48:00,55,56,2535,8832
2023-09-19 13:48:05,54,56,2535,8832
2023-09-19 13:48:22,55,56,2535,8832
2023-09-19 13:48:23,54,56,2535,8832
2023-09-19 13:48:25,55,56,2535,8832
2023-09-19 13:48:26,55,56,2552,8889
2023-09-19 13:48:27,55,57,2552,8889
2023-09-19 13:48:27,55,57,2552,8939
2023-09-19 13:48:31,56,57,2552,8939
2023-09-19 13:48:32,56,58,2552,8939
2023-09-19 13:48:34,55,58,2552,8939
2023-09-19 13:48:45,55,57,2552,8939
2023-09-19 13:48:47,54,57,2552,8939
2023-09-19 13:48:48,55,57,2552,8939
2023-09-19 13:48:51,55,57,2552,8956
2023-09-19 13:48:52,54,57,2552,8956
2023-09-19 13:49:06,54,57,2582,8986
2023-09-19 13:49:06,54,56,2582,8986
2023-09-19 13:49:11,54,56,2612,9016
2023-09-19 13:49:12,53,56,2612,9016
2023-09-19 13:49:12,53,55,2612,9016
2023-09-19 13:49:12,53,54,2612,9016
2023-09-19 13:49:21,53,54,2812,9216
2023-09-19 13:49:37,53,56,2812,9216
2023-09-19 13:49:38,53,55,2812,9216
2023-09-19 13:49:56,54,55,2812,9216
2023-09-19 13:49:56,54,57,2812,9216
2023-09-19 13:49:57,54,56,2812,9216
2023-09-19 13:50:11,55,56,2812,9216
2023-09-19 13:50:11,55,58,2812,9216
2023-09-19 13:50:12,55,57,2812,9216
2023-09-19 13:50:24,54,57,2812,9216
2023-09-19 13:50:30,54,56,2812,9216
2023-09-19 13:50:32,55,56,2812,9216
2023-09-19 13:50:45,53,55,2813,9217
2023-09-19 13:50:49,54,55,2813,9217
2023-09-19 13:50:51,54,56,2813,9217
2023-09-19 13:50:52,54,55,2813,9217
2023-09-19 13:50:53,54,56,2813,9217
2023-09-19 13:50:55,54,55,2813,9217
2023-09-19 13:51:00,54,56,2813,9217
2023-09-19 13:51:03,54,57,2813,9217
2023-09-19 13:51:07,55,57,2813,9217
2023-09-19 13:51:08,56,57,2813,9217
2023-09-19 13:51:38,57,58,2813,9218
2023-09-19 13:51:40,57,60,2813,9218
2023-09-19 13:51:41,57,59,2813,9218
2023-09-19 13:51:45,58,59,2813,9218
2023-09-19 13:51:47,58,59,2814,9219
2023-09-19 13:51:47,58,61,2814,9219
2023-09-19 13:51:47,58,60,2814,9219
2023-09-19 13:51:47,58,61,2814,9219
2023-09-19 13:51:48,58,60,2814,9219
2023-09-19 13:51:49,58,61,2814,9219
2023-09-19 13:51:51,58,60,2814,9219
2023-09-19 13:51:52,59,60,2814,9219
2023-09-19 13:52:10,59,60,2815,9220
2023-09-19 13:52:18,57,59,2815,9221
2023-09-19 13:52:19,56,59,2815,9221
2023-09-19 13:52:20,56,58,2815,9221
2023-09-19 13:52:22,55,58,2815,9221
2023-09-19 13:52:22,55,57,2815,9221
2023-09-19 13:52:24,56,57,2815,9221
2023-09-19 13:52:30,55,56,2816,9222
2023-09-19 13:52:56,54,56,2816,9222
2023-09-19 13:52:58,53,56,2816,9222
2023-09-19 13:52:58,53,55,2816,9222
2023-09-19 13:52:58,54,55,2816,9222
2023-09-19 13:53:02,53,54,2817,9223
2023-09-19 13:53:03,52,54,2817,9223
2023-09-19 13:53:17,52,53,2817,9223
2023-09-19 13:53:36,52,54,2817,9223
2023-09-19 13:53:43,52,53,2817,9223
2023-09-19 13:53:48,52,54,2817,9223
2023-09-19 13:53:53,52,53,2817,9223
2023-09-19 13:53:54,52,54,2817,9223
2023-09-19 13:53:58,52,53,2817,9223
2023-09-19 13:53:59,52,54,2817,9223
2023-09-19 13:54:02,53,54,2817,9223
2023-09-19 13:54:03,53,56,2817,9223
2023-09-19 13:54:04,53,55,2817,9223
2023-09-19 13:54:08,52,55,2817,9223
2023-09-19 13:54:13,53,55,2817,9223
2023-09-19 13:54:15,54,55,2817,9223
2023-09-19 13:54:17,54,56,2817,9223
2023-09-19 13:54:20,54,55,2817,9223
2023-09-19 13:54:22,54,56,2817,9223
2023-09-19 13:54:23,54,55,2817,9223
2023-09-19 13:54:58,52,54,2818,9224
2023-09-19 13:55:01,52,53,2818,9224
2023-09-19 13:55:07,52,54,2818,9224
2023-09-19 13:55:08,53,54,2818,9224
2023-09-19 13:55:11,53,56,2818,9224
2023-09-19 13:55:12,53,55,2818,9224
2023-09-19 13:55:13,53,54,2818,9224
2023-09-19 13:55:13,52,54,2818,9224
2023-09-19 13:55:39,52,55,2818,9224
2023-09-19 13:56:05,52,54,2818,9224
2023-09-19 13:56:05,52,54,2918,9324
2023-09-19 13:56:06,52,55,2918,9324
2023-09-19 13:56:08,52,54,2918,9324
2023-09-19 13:56:11,52,55,2918,9324
2023-09-19 13:56:13,52,54,2918,9324
2023-09-19 13:56:14,52,55,2918,9324
2023-09-19 13:56:21,52,56,2918,9324
2023-09-19 13:56:21,53,56,2918,9324
2023-09-19 13:56:25,54,56,2918,9324
2023-09-19 13:56:34,53,56,2918,9324
2023-09-19 13:56:34,54,56,2918,9324
2023-09-19 13:56:42,55,56,2918,9324
2023-09-19 13:56:45,55,58,2918,9330
2023-09-19 13:56:45,55,57,2918,9330
2023-09-19 13:56:50,56,57,2918,9330
2023-09-19 13:56:51,56,58,2918,9330
2023-09-19 13:57:02,56,57,2918,9330
2023-09-19 13:57:04,56,57,2919,9331
2023-09-19 13:57:05,55,57,2919,9331
2023-09-19 13:57:24,54,57,2919,9331
2023-09-19 13:57:26,54,56,2919,9331
2023-09-19 13:57:27,54,55,2919,9331
2023-09-19 13:57:28,54,55,3019,9431
2023-09-19 13:57:29,54,55,3119,9531
2023-09-19 13:57:33,54,55,3120,9532
2023-09-19 13:57:33,52,54,3121,9533
2023-09-19 13:57:34,52,54,3221,9633
2023-09-19 13:57:36,52,55,3221,9633
2023-09-19 13:57:43,53,55,3221,9633
2023-09-19 13:57:45,53,56,3221,9633
2023-09-19 13:57:47,53,55,3221,9633
2023-09-19 13:57:49,54,55,3221,9633
2023-09-19 13:57:53,54,56,3221,9633
2023-09-19 13:57:58,55,56,3221,9633
2023-09-19 13:58:12,54,55,3222,9634
2023-09-19 13:58:13,54,55,3223,9635
2023-09-19 13:58:16,54,55,3224,9636
2023-09-19 13:58:21,54,56,3224,9636
2023-09-19 13:58:35,54,56,3663,10075
2023-09-19 13:58:35,55,56,3663,10075
2023-09-19 13:58:47,55,57,3663,10075
2023-09-19 13:58:49,55,56,3663,10075
2023-09-19 13:58:56,55,57,3663,10075
2023-09-19 13:59:00,55,56,3663,10075
2023-09-19 13:59:01,55,57,3663,10075
2023-09-19 13:59:02,54,57,3663,10075
2023-09-19 13:59:02,56,57,3663,10075
2023-09-19 13:59:02,56,57,3663,10076
2023-09-19 13:59:17,56,57,3663,10121
2023-09-19 14:00:08,56,57,3463,10321
2023-09-19 14:00:08,54,57,3463,10321
2023-09-19 14:00:08,54,56,3463,10321
2023-09-19 14:00:08,55,56,3463,10321
2023-09-19 14:00:39,55,57,3463,10475
2023-09-19 14:00:39,55,58,3463,10475
2023-09-19 14:00:42,56,58,3463,10475
2023-09-19 14:00:54,57,58,3463,10475
2023-09-19 14:00:56,57,59,3463,10475
2023-09-19 14:01:04,57,58,3463,10475
2023-09-19 14:01:09,57,59,3463,10475
2023-09-19 14:01:12,57,58,3463,10475
2023-09-19 14:01:19,57,59,3463,10475
2023-09-19 14:01:25,58,59,3463,10475
2023-09-19 14:01:27,57,58,3464,10476
2023-09-19 14:01:28,57,59,3464,10476
2023-09-19 14:01:36,58,59,3464,10476
2023-09-19 14:01:43,58,59,3465,10477
2023-09-19 14:01:55,58,60,3465,10477
2023-09-19 14:02:02,58,59,3465,10477
2023-09-19 14:02:02,58,59,3466,10478
2023-09-19 14:02:03,58,59,3566,10578
2023-09-19 14:02:05,58,59,3567,10579
2023-09-19 14:02:07,57,59,3567,10579
2023-09-19 14:02:08,57,58,3567,10579
2023-09-19 14:02:11,56,58,3567,10579
2023-09-19 14:02:12,56,57,3567,10579
2023-09-19 14:02:13,55,57,3567,10579
2023-09-19 14:02:13,55,56,3567,10579
2023-09-19 14:02:13,53,56,3567,10579
2023-09-19 14:02:14,54,56,3567,10579
2023-09-19 14:02:15,55,56,3567,10579
2023-09-19 14:02:17,54,56,3567,10579
2023-09-19 14:02:21,55,56,3567,10579
2023-09-19 14:02:22,54,55,3568,10580
2023-09-19 14:02:28,54,55,3569,10581
2023-09-19 14:02:34,51,54,3569,10582
2023-09-19 14:02:34,50,53,3569,10582
2023-09-19 14:02:35,50,52,3569,10582
2023-09-19 14:02:36,50,53,3569,10582
2023-09-19 14:02:43,51,53,3569,10582
2023-09-19 14:03:08,52,53,3569,10582
2023-09-19 14:03:14,54,55,3582,10608
2023-09-19 14:03:14,54,56,3582,10608
2023-09-19 14:03:24,54,57,3582,10608
2023-09-19 14:03:28,55,57,3582,10608
2023-09-19 14:03:30,56,57,3582,10608
2023-09-19 14:03:30,56,58,3582,10608
2023-09-19 14:03:57,56,59,3582,10608
2023-09-19 14:04:00,57,59,3582,10608
2023-09-19 14:04:01,56,59,3582,10608
2023-09-19 14:04:02,56,58,3582,10608
2023-09-19 14:04:11,55,58,3582,10608
2023-09-19 14:04:16,55,57,3582,10608
2023-09-19 14:04:16,55,56,3582,10608
2023-09-19 14:04:19,54,56,3582,10608
2023-09-19 14:04:22,54,57,3582,10608
2023-09-19 14:04:24,54,57,3582,10621
2023-09-19 14:04:25,55,57,3582,10621
2023-09-19 14:04:28,55,56,3582,10621
2023-09-19 14:04:29,55,56,3583,10622
2023-09-19 14:04:30,55,57,3583,10622
2023-09-19 14:04:35,55,56,3583,10622
2023-09-19 14:04:45,55,57,3583,10622
2023-09-19 14:04:56,55,56,3583,10622
2023-09-19 14:05:05,55,57,3583,10622
2023-09-19 14:05:06,54,57,3583,10622
2023-09-19 14:05:06,55,57,3583,10622
2023-09-19 14:05:06,56,57,3583,10622
2023-09-19 14:05:10,54,57,3583,10622
2023-09-19 14:05:10,55,57,3583,10622
2023-09-19 14:05:12,55,56,3583,10622
2023-09-19 14:05:17,55,57,3583,10622
2023-09-19 14:05:17,56,57,3583,10622
2023-09-19 14:08:36,56,57,3584,10623
2023-09-19 14:09:11,57,58,3583,10624
2023-09-19 14:09:12,57,59,3583,10624
2023-09-19 14:09:13,56,59,3583,10624
2023-09-19 14:09:13,58,59,3583,10624
2023-09-19 14:09:16,58,60,3583,10624
2023-09-19 14:09:16,59,60,3583,10624
2023-09-19 14:09:23,59,60,3584,10625
2023-09-19 14:09:56,59,61,3584,10625
2023-09-19 14:09:56,60,61,3584,10625
2023-09-19 14:10:01,60,61,3585,10626
2023-09-19 14:10:03,60,61,3586,10627
2023-09-19 14:10:04,58,61,3586,10627
2023-09-19 14:10:04,59,61,3586,10627
2023-09-19 14:10:04,59,60,3586,10627
2023-09-19 14:10:27,58,60,3586,10627
2023-09-19 14:10:28,58,59,3586,10627
2023-09-19 14:11:18,58,59,3586,10639
2023-09-19 14:11:18,58,60,3586,10639
2023-09-19 14:11:20,59,60,3586,10639
2023-09-19 14:11:28,58,60,3586,10639
2023-09-19 14:11:29,59,60,3586,10639
2023-09-19 14:11:40,58,60,3586,10639
2023-09-19 14:11:45,59,60,3586,10639
2023-09-19 14:11:56,59,62,3586,10639
2023-09-19 14:11:58,59,61,3586,10639
2023-09-19 14:12:01,59,60,3586,10639
2023-09-19 14:12:04,58,60,3586,10639
2023-09-19 14:12:04,58,60,3586,10643
2023-09-19 14:12:09,57,60,3586,10643
2023-09-19 14:12:11,57,59,3586,10643
2023-09-19 14:12:25,57,60,3586,10643
2023-09-19 14:12:32,58,60,3586,10643
2023-09-19 14:12:34,58,61,3586,10643
2023-09-19 14:12:48,58,60,3586,10643
2023-09-19 14:12:51,58,61,3586,10643
2023-09-19 14:13:01,59,61,3586,10643
2023-09-19 14:13:02,59,60,3586,10643
2023-09-19 14:13:03,59,60,3612,10669
2023-09-19 14:13:03,59,61,3612,10669
2023-09-19 14:13:04,60,61,3612,10669
2023-09-19 14:13:05,60,62,3612,10669
2023-09-19 14:13:07,60,61,3612,10669
2023-09-19 14:13:08,60,62,3612,10669
2023-09-19 14:13:22,60,63,3612,10669
2023-09-19 14:13:23,61,63,3612,10669
2023-09-19 14:13:26,62,63,3612,10669
2023-09-19 14:13:26,62,64,3612,10669
2023-09-19 14:13:30,63,64,3612,10669
2023-09-19 14:13:49,62,63,3613,10670
2023-09-19 14:13:52,61,63,3613,10670
2023-09-19 14:14:02,62,63,3613,10670
2023-09-19 14:14:02,61,62,3614,10671
2023-09-19 14:14:05,61,62,3615,10672
2023-09-19 14:14:06,59,61,3616,10673
2023-09-19 14:14:21,60,61,3616,10673
2023-09-19 14:14:21,60,62,3616,10673
2023-09-19 14:14:32,60,61,3616,10673
2023-09-19 14:14:47,60,61,3617,10674
2023-09-19 14:14:54,61,62,3816,10873
2023-09-19 14:14:54,60,61,3817,10874
2023-09-19 14:14:59,60,62,3817,10874
2023-09-19 14:15:03,61,62,3817,10874
2023-09-19 14:15:06,61,63,3817,10874
2023-09-19 14:15:07,61,64,3817,10874
2023-09-19 14:15:07,61,63,3817,10874
2023-09-19 14:15:08,62,63,3817,10874
2023-09-19 14:15:08,62,63,3818,10875
2023-09-19 14:15:09,62,63,4018,11075
2023-09-19 14:15:09,62,65,4018,11075
2023-09-19 14:15:10,63,65,4018,11075
2023-09-19 14:15:16,63,66,4018,11075
2023-09-19 14:15:16,64,66,4018,11075
2023-09-19 14:15:25,63,66,4018,11075
2023-09-19 14:15:38,63,65,4018,11075
2023-09-19 14:15:43,63,64,4018,11075
2023-09-19 14:15:46,63,64,4018,11076
2023-09-19 14:15:53,63,65,4018,11076
2023-09-19 14:16:05,63,64,4018,11076
2023-09-19 14:16:05,62,64,4018,11076
2023-09-19 14:16:06,62,65,4018,11076
2023-09-19 14:16:07,63,65,4018,11076
2023-09-19 14:16:08,63,64,4018,11076
2023-09-19 14:16:17,61,63,4019,11077
2023-09-19 14:16:18,61,64,4019,11077
2023-09-19 14:16:19,61,63,4019,11077
2023-09-19 14:16:24,62,63,4019,11077
2023-09-19 14:16:25,62,64,4019,11077
2023-09-19 14:16:44,63,64,4019,11077
2023-09-19 14:16:45,62,64,4019,11077
2023-09-19 14:17:00,63,64,4019,11077
2023-09-19 14:17:01,62,64,4019,11077
2023-09-19 14:17:02,63,64,4019,11077
2023-09-19 14:17:05,62,64,4019,11077
2023-09-19 14:17:06,63,64,4019,11077
2023-09-19 14:17:09,62,64,4019,11077
2023-09-19 14:17:23,63,64,4019,11077
2023-09-19 14:17:32,62,64,4019,11077
2023-09-19 14:17:34,63,64,4019,11077
2023-09-19 14:17:46,62,64,4019,11077
2023-09-19 14:17:47,63,64,4019,11077
2023-09-19 14:17:49,62,64,4019,11077
2023-09-19 14:18:02,63,64,4019,11077
2023-09-19 14:18:11,62,64,4019,11077
2023-09-19 14:18:22,62,63,4019,11077
2023-09-19 14:18:24,62,64,4019,11077
2023-09-19 14:18:24,63,64,4019,11077
2023-09-19 14:18:45,61,63,4019,11078
2023-09-19 14:18:46,61,62,4019,11078
2023-09-19 14:18:47,60,62,4019,11078
2023-09-19 14:19:04,60,63,4019,11078
2023-09-19 14:19:04,61,63,4019,11078
2023-09-19 14:19:16,61,62,4019,11078
2023-09-19 14:19:18,60,62,4019,11078
2023-09-19 14:19:22,59,62,4019,11078
2023-09-19 14:19:23,59,61,4019,11078
2023-09-19 14:19:25,59,62,4019,11078
2023-09-19 14:19:28,59,61,4019,11078
2023-09-19 14:19:33,58,61,4019,11078
2023-09-19 14:19:35,58,59,4019,11078
2023-09-19 14:19:35,57,59,4019,11078
2023-09-19 14:19:58,56,59,4019,11078
2023-09-19 14:20:04,56,57,4019,11078
2023-09-19 14:20:04,55,57,4019,11078
2023-09-19 14:20:09,55,56,4019,11078
2023-09-19 14:20:10,54,56,4019,11078
2023-09-19 14:20:14,55,56,4019,11078
2023-09-19 14:20:14,55,57,4019,11078
2023-09-19 14:20:24,54,57,4019,11078
2023-09-19 14:20:24,54,56,4019,11078
2023-09-19 14:20:37,53,56,4019,11078
2023-09-19 14:20:40,54,56,4019,11078
2023-09-19 14:20:47,54,57,4019,11078
2023-09-19 14:20:48,55,57,4019,11078
2023-09-19 14:21:02,54,57,4019,11078
2023-09-19 14:21:08,55,57,4019,11078
2023-09-19 14:21:11,55,58,4019,11078
2023-09-19 14:21:14,56,58,4019,11078
2023-09-19 14:21:21,57,58,4019,11078
2023-09-19 14:21:29,57,60,4019,11086
2023-09-19 14:22:00,57,59,4019,11086
2023-09-19 14:22:01,57,60,4019,11086
2023-09-19 14:22:02,58,60,4019,11086
2023-09-19 14:22:11,58,59,4019,11086
2023-09-19 14:22:17,58,60,4019,11086
2023-09-19 14:22:18,59,60,4019,11086
2023-09-19 14:22:23,58,59,4019,11087
2023-09-19 14:22:29,58,59,4019,11088
2023-09-19 14:22:39,58,60,4019,11088
2023-09-19 14:22:45,59,60,4019,11088
2023-09-19 14:22:50,58,59,4019,11089
2023-09-19 14:23:01,58,60,4019,11089
2023-09-19 14:23:02,57,60,4019,11089
2023-09-19 14:23:04,57,59,4019,11089
2023-09-19 14:23:20,57,60,4019,11089
2023-09-19 14:23:30,57,59,4019,11089
2023-09-19 14:23:30,58,59,4019,11089
2023-09-19 14:23:32,58,60,4019,11089
2023-09-19 14:23:46,58,61,4019,11089
2023-09-19 14:23:54,58,60,4019,11089
2023-09-19 14:23:56,58,61,4019,11089
2023-09-19 14:24:01,58,60,4019,11089
2023-09-19 14:24:10,58,59,4019,11089
2023-09-19 14:24:13,58,60,4019,11089
2023-09-19 14:24:16,59,60,4019,11089
2023-09-19 14:24:28,59,61,4019,11089
2023-09-19 14:24:35,59,62,4019,11089
2023-09-19 14:24:37,60,62,4019,11089
2023-09-19 14:24:40,59,62,4019,11089
2023-09-19 14:24:43,60,62,4019,11089
2023-09-19 14:24:45,59,62,4019,11089
2023-09-19 14:24:46,60,62,4019,11089
2023-09-19 14:24:48,61,62,4019,11089
2023-09-19 14:25:04,59,61,4020,11090
2023-09-19 14:25:05,59,62,4020,11090
2023-09-19 14:25:08,59,61,4020,11090
2023-09-19 14:25:09,59,62,4020,11090
2023-09-19 14:25:15,59,61,4020,11090
2023-09-19 14:25:18,59,62,4020,11090
2023-09-19 14:25:20,59,61,4020,11090
2023-09-19 14:25:21,59,62,4020,11090
2023-09-19 14:25:29,59,61,4020,11090
2023-09-19 14:25:34,58,61,4020,11090
2023-09-19 14:25:52,59,61,4020,11090
2023-09-19 14:25:52,59,62,4020,11090
2023-09-19 14:26:07,59,61,4020,11090
2023-09-19 14:26:15,59,62,4020,11090
2023-09-19 14:26:17,59,61,4020,11090
2023-09-19 14:26:22,58,61,4020,11090
2023-09-19 14:26:25,58,60,4020,11090
2023-09-19 14:26:25,57,60,4020,11090
2023-09-19 14:26:27,57,59,4020,11090
2023-09-19 14:26:39,57,58,4020,11090
2023-09-19 14:26:39,56,58,4020,11090
2023-09-19 14:27:31,56,59,4020,11090
2023-09-19 14:27:32,56,58,4020,11090
2023-09-19 14:27:37,55,58,4020,11090
2023-09-19 14:27:40,56,58,4020,11090
2023-09-19 14:27:58,56,59,4020,11090
2023-09-19 14:28:00,57,59,4020,11090
2023-09-19 14:28:01,58,59,4020,11090
2023-09-19 14:28:07,58,61,4020,11094
2023-09-19 14:28:09,58,62,4020,11094
2023-09-19 14:28:10,59,62,4020,11094
2023-09-19 14:28:12,60,62,4020,11094
2023-09-19 14:28:18,60,64,4095,11562
2023-09-19 14:28:18,61,64,4095,11562
2023-09-19 14:28:18,61,63,4095,11562
2023-09-19 14:28:18,61,64,4095,11562
2023-09-19 14:28:18,61,63,4095,11562
2023-09-19 14:28:32,61,62,4095,11562
2023-09-19 14:28:33,60,62,4095,11562
2023-09-19 14:28:33,61,62,4096,11563
2023-09-19 14:28:42,60,62,4096,11563
2023-09-19 14:28:42,61,62,4096,11563
2023-09-19 14:28:49,60,61,4097,11564
2023-09-19 14:28:50,60,62,4097,11564
2023-09-19 14:28:52,60,61,4097,11564
2023-09-19 14:28:55,60,62,4097,11564
2023-09-19 14:29:00,60,61,4097,11564
2023-09-19 14:29:03,60,62,4097,11564
2023-09-19 14:29:04,60,61,4097,11564
2023-09-19 14:29:17,61,62,4344,11811
2023-09-19 14:29:18,61,63,4344,11811
2023-09-19 14:29:19,62,63,4344,11811
2023-09-19 14:29:22,63,65,4344,11812
2023-09-19 14:29:23,64,65,4344,11812
2023-09-19 14:29:23,64,66,4344,11812
2023-09-19 14:29:25,63,66,4344,11812
2023-09-19 14:29:25,65,66,4344,11812
2023-09-19 14:29:26,63,66,4344,11812
2023-09-19 14:29:26,64,66,4344,11812
2023-09-19 14:29:27,65,66,4344,11812
2023-09-19 14:29:37,65,67,4344,11812
2023-09-19 14:29:38,66,67,4344,11812
2023-09-19 14:29:40,65,67,4344,11812
2023-09-19 14:29:42,66,67,4344,11812
2023-09-19 14:29:44,65,67,4344,11812
2023-09-19 14:29:47,66,67,4344,11812
2023-09-19 14:30:07,64,67,4344,11812
2023-09-19 14:30:07,65,67,4344,11812
2023-09-19 14:30:08,65,66,4344,11812
2023-09-19 14:30:12,65,67,4344,11812
2023-09-19 14:30:18,66,67,4344,11812
2023-09-19 14:30:34,64,67,4344,11812
2023-09-19 14:30:34,63,67,4344,11812
2023-09-19 14:30:34,65,67,4344,11812
2023-09-19 14:30:35,65,66,4344,11812
2023-09-19 14:31:06,63,65,4269,11887
2023-09-19 14:31:06,62,65,4269,11887
2023-09-19 14:31:07,62,64,4269,11887
2023-09-19 14:31:07,61,64,4269,11887
2023-09-19 14:31:07,61,63,4269,11887
2023-09-19 14:31:08,61,63,4369,11987
2023-09-19 14:31:08,61,62,4369,11987
2023-09-19 14:31:09,61,62,4469,12087
2023-09-19 14:31:11,61,63,4469,12087
2023-09-19 14:31:11,62,63,4469,12087
2023-09-19 14:31:15,62,63,4470,12088
2023-09-19 14:31:18,62,64,4470,12088
2023-09-19 14:31:37,63,64,4470,12088
2023-09-19 14:31:41,62,64,4470,12088
2023-09-19 14:32:05,61,64,4470,12088
2023-09-19 14:32:09,61,63,4470,12088
2023-09-19 14:32:26,61,62,4470,12088
2023-09-19 14:32:34,61,63,4470,12088
2023-09-19 14:32:35,61,62,4470,12088
2023-09-19 14:32:42,60,62,4470,12088
2023-09-19 14:32:47,59,62,4470,12088
2023-09-19 14:32:47,59,61,4470,12088
2023-09-19 14:33:00,60,61,4470,12088
2023-09-19 14:33:02,60,62,4470,12088
2023-09-19 14:33:06,60,61,4470,12088
2023-09-19 14:33:32,59,61,4470,12088
2023-09-19 14:33:38,59,62,4470,12088
2023-09-19 14:33:41,59,61,4470,12088
2023-09-19 14:34:18,59,62,4470,12088
2023-09-19 14:34:25,59,61,4470,12088
2023-09-19 14:34:27,59,60,4470,12088
2023-09-19 14:34:27,58,60,4470,12088
2023-09-19 14:34:30,58,59,4470,12088
2023-09-19 14:34:36,57,59,4470,12088
2023-09-19 14:34:37,56,59,4470,12088
2023-09-19 14:34:41,55,59,4470,12088
2023-09-19 14:34:41,55,58,4470,12088
2023-09-19 14:34:42,55,57,4470,12088
2023-09-19 14:35:00,54,57,4470,12088
2023-09-19 14:35:01,54,56,4470,12088
2023-09-19 14:35:02,54,56,4470,12163
2023-09-19 14:35:02,54,55,4470,12163
2023-09-19 14:35:02,52,55,4470,12163
2023-09-19 14:35:02,50,55,4470,12163
2023-09-19 14:35:02,48,55,4470,12163
2023-09-19 14:35:02,48,51,4470,12163
2023-09-19 14:35:03,48,50,4470,12163
2023-09-19 14:35:03,47,50,4470,12163
2023-09-19 14:35:03,47,49,4470,12163
2023-09-19 14:35:03,47,49,4670,12363
2023-09-19 14:35:14,46,49,4670,12363
2023-09-19 14:35:14,46,48,4670,12363
2023-09-19 14:35:15,46,47,4670,12363
2023-09-19 14:35:15,44,47,4670,12363
2023-09-19 14:35:16,44,46,4670,12363
2023-09-19 14:35:16,44,47,4670,12438
2023-09-19 14:35:16,44,46,4670,12438
2023-09-19 14:35:17,45,46,4670,12438
2023-09-19 14:35:17,45,47,4670,12438
2023-09-19 14:35:19,45,46,4670,12438
2023-09-19 14:35:20,45,47,4670,12438
2023-09-19 14:35:23,46,47,4670,12438
2023-09-19 14:35:23,46,48,4670,12438
2023-09-19 14:35:30,44,48,4670,12438
2023-09-19 14:35:30,45,48,4670,12438
2023-09-19 14:35:31,45,47,4670,12438
2023-09-19 14:35:38,45,48,4670,12438
2023-09-19 14:35:42,46,48,4670,12438
2023-09-19 14:35:42,46,49,4670,12438
2023-09-19 14:36:02,47,49,4670,12438
2023-09-19 14:36:10,46,49,4670,12438
2023-09-19 14:36:10,45,49,4670,12438
2023-09-19 14:36:10,45,48,4670,12438
2023-09-19 14:36:16,43,48,4670,12438
2023-09-19 14:36:16,44,48,4670,12438
2023-09-19 14:36:17,44,47,4670,12438
2023-09-19 14:36:21,44,46,4670,12438
2023-09-19 14:36:21,43,46,4670,12438
2023-09-19 14:36:22,43,45,4670,12438
2023-09-19 14:36:22,41,45,4670,12438
2023-09-19 14:36:22,42,44,4670,12438
2023-09-19 14:36:23,42,43,4670,12438
2023-09-19 14:36:23,41,43,4670,12438
2023-09-19 14:36:23,40,43,4670,12438
2023-09-19 14:36:23,40,42,4670,12438
2023-09-19 14:36:24,40,42,4770,12538
2023-09-19 14:36:25,40,42,4870,12638
2023-09-19 14:36:28,40,43,4870,12638
2023-09-19 14:36:30,40,42,4870,12638
2023-09-19 14:36:31,41,42,4870,12638
2023-09-19 14:36:37,41,43,4870,12638
2023-09-19 14:36:39,41,42,4870,12638
2023-09-19 14:36:40,40,42,4870,12638
2023-09-19 14:36:41,40,43,4870,12638
2023-09-19 14:36:43,40,42,4870,12638
2023-09-19 14:36:46,39,42,4870,12638
2023-09-19 14:36:48,39,41,4870,12638
2023-09-19 14:36:48,36,41,4870,12638
2023-09-19 14:36:48,38,41,4870,12638
2023-09-19 14:36:50,38,40,4870,12638
2023-09-19 14:36:53,37,40,4870,12638
2023-09-19 14:36:53,37,40,4870,12638
2023-09-19 14:36:53,38,40,4870,12638
2023-09-19 14:36:53,39,40,4870,12638
2023-09-19 14:36:53,38,40,4870,12638
2023-09-19 14:36:53,39,40,4870,12638
2023-09-19 14:36:54,39,42,4870,12638
2023-09-19 14:36:55,39,41,4870,12638
2023-09-19 14:36:55,38,41,4870,12638
2023-09-19 14:36:56,38,40,4870,12638
2023-09-19 14:36:56,38,39,4870,12638
2023-09-19 14:36:56,37,39,4870,12638
2023-09-19 14:36:57,37,40,4870,12638
2023-09-19 14:36:58,37,39,4870,12638
2023-09-19 14:37:00,36,39,4870,12638
2023-09-19 14:37:03,36,38,4870,12638
2023-09-19 14:37:07,36,37,4870,12638
2023-09-19 14:37:13,36,38,4870,12638
2023-09-19 14:37:19,36,39,4870,12638
2023-09-19 14:37:22,36,38,4870,12638
2023-09-19 14:37:23,35,38,4870,12713
2023-09-19 14:37:23,32,36,4870,12713
2023-09-19 14:37:23,32,34,4870,12713
2023-09-19 14:37:23,31,34,4870,12713
2023-09-19 14:37:23,31,35,4870,12713
2023-09-19 14:37:24,31,33,4870,12713
2023-09-19 14:37:24,32,33,4870,12713
2023-09-19 14:37:24,30,32,4642,12941
2023-09-19 14:37:25,30,33,4642,12941
2023-09-19 14:37:25,30,31,4642,12941
2023-09-19 14:37:25,30,31,4742,13041
2023-09-19 14:37:32,30,31,4742,13088
2023-09-19 14:37:33,30,32,4742,13088
2023-09-19 14:37:33,28,32,4790,13136
2023-09-19 14:37:34,28,31,4790,13136
2023-09-19 14:37:35,28,30,4790,13136
2023-09-19 14:37:37,29,30,4790,13136
2023-09-19 14:37:41,29,31,4790,13136
2023-09-19 14:37:42,30,31,4790,13136
2023-09-19 14:37:42,30,33,4790,13136
2023-09-19 14:37:42,30,34,4790,13136
2023-09-19 14:37:43,30,33,4790,13136
2023-09-19 14:37:44,30,32,4790,13136
2023-09-19 14:38:00,29,32,4790,13136
2023-09-19 14:38:04,30,32,4790,13136
2023-09-19 14:38:06,30,33,4790,13136
2023-09-19 14:38:06,31,33,4790,13136
2023-09-19 14:38:10,32,33,4790,13136
2023-09-19 14:38:10,32,34,4790,13136
2023-09-19 14:38:11,32,36,4790,13136
2023-09-19 14:38:11,32,35,4790,13136
2023-09-19 14:38:12,32,35,4790,13137
2023-09-19 14:38:13,33,35,4790,13137
2023-09-19 14:38:16,33,36,4790,13137
2023-09-19 14:38:19,34,36,4790,13137
2023-09-19 14:38:20,34,38,4790,13137
2023-09-19 14:38:20,34,37,4790,13137
2023-09-19 14:38:23,34,36,4790,13137
2023-09-19 14:38:27,33,36,4790,13137
2023-09-19 14:38:27,33,35,4790,13137
2023-09-19 14:38:29,32,35,4790,13137
2023-09-19 14:38:30,32,34,4790,13137
2023-09-19 14:38:34,31,34,4790,13137
2023-09-19 14:38:48,32,34,4790,13137
2023-09-19 14:38:53,32,35,4790,13137
2023-09-19 14:39:01,32,34,4790,13137
2023-09-19 14:39:14,31,34,4790,13137
2023-09-19 14:39:16,31,33,4790,13137
2023-09-19 14:39:31,32,33,4790,13137
2023-09-19 14:39:31,32,34,4790,13137
2023-09-19 14:39:33,31,34,4790,13137
2023-09-19 14:39:39,32,34,4790,13137
2023-09-19 14:39:44,32,35,4790,13137
2023-09-19 14:39:44,32,35,4788,13139
2023-09-19 14:39:47,32,37,4788,13139
2023-09-19 14:39:47,33,36,4788,13139
2023-09-19 14:39:47,34,36,4788,13139
2023-09-19 14:39:54,34,37,4788,13139
2023-09-19 14:39:55,35,37,4788,13139
2023-09-19 14:39:57,35,38,4788,13139
2023-09-19 14:39:57,35,36,4788,13139
2023-09-19 14:39:57,34,36,4788,13139
2023-09-19 14:39:59,35,36,4788,13139
2023-09-19 14:40:03,34,36,4788,13139
2023-09-19 14:40:09,35,36,4788,13139
2023-09-19 14:40:14,34,36,4788,13139
2023-09-19 14:40:15,33,36,4788,13139
2023-09-19 14:40:19,33,37,4788,13139
2023-09-19 14:40:19,33,35,4788,13139
2023-09-19 14:40:22,32,35,4788,13139
2023-09-19 14:40:31,34,35,4788,13139
2023-09-19 14:40:40,33,35,4788,13139
2023-09-19 14:40:40,32,35,4788,13139
2023-09-19 14:40:53,32,34,4788,13139
2023-09-19 14:40:57,31,34,4788,13139
2023-09-19 14:40:59,31,33,4788,13139
2023-09-19 14:41:05,30,33,4788,13139
2023-09-19 14:41:06,30,32,4788,13139
2023-09-19 14:41:07,30,32,4788,13139
2023-09-19 14:41:14,31,32,4788,13139
2023-09-19 14:41:19,31,33,4788,13139
2023-09-19 14:41:20,31,35,4788,13139
2023-09-19 14:41:20,31,36,4788,13139
2023-09-19 14:41:20,31,34,4788,13139
2023-09-19 14:41:21,33,34,4788,13139
2023-09-19 14:41:21,33,35,4788,13139
2023-09-19 14:41:23,33,34,4788,13139
2023-09-19 14:41:24,33,35,4788,13139
2023-09-19 14:41:25,33,34,4788,13139
2023-09-19 14:41:37,31,34,4788,13139
2023-09-19 14:41:38,32,34,4788,13139
2023-09-19 14:41:48,31,34,4788,13139
2023-09-19 14:41:52,32,34,4788,13139
2023-09-19 14:41:54,31,34,4788,13139
2023-09-19 14:42:01,30,34,4788,13139
2023-09-19 14:42:01,30,33,4788,13139
2023-09-19 14:42:09,31,33,4788,13139
2023-09-19 14:42:20,31,34,4788,13139
2023-09-19 14:42:22,32,34,4788,13139
2023-09-19 14:42:42,33,34,4788,13139
2023-09-19 14:42:42,33,35,4788,13139
2023-09-19 14:42:43,32,35,4788,13139
2023-09-19 14:42:45,33,35,4788,13139
2023-09-19 14:42:46,33,37,4788,13139
2023-09-19 14:42:46,33,39,4788,13139
2023-09-19 14:42:46,33,36,4788,13139
2023-09-19 14:42:47,34,36,4788,13139
2023-09-19 14:42:48,34,37,4788,13139
2023-09-19 14:42:50,35,37,4788,13139
2023-09-19 14:42:53,34,37,4788,13139
2023-09-19 14:42:57,34,36,4788,13139
2023-09-19 14:43:05,34,37,4788,13139
2023-09-19 14:43:09,35,37,4788,13139
2023-09-19 14:43:09,35,38,4788,13139
2023-09-19 14:43:10,36,38,4788,13139
2023-09-19 14:43:11,37,38,4788,13139
2023-09-19 14:43:11,37,40,4788,13139
2023-09-19 14:43:11,37,39,4788,13139
2023-09-19 14:43:27,36,39,4788,13139
2023-09-19 14:43:27,36,38,4788,13139
2023-09-19 14:43:31,35,38,4788,13139
2023-09-19 14:44:01,36,38,4788,13139
2023-09-19 14:44:01,36,39,4788,13139
2023-09-19 14:44:02,37,39,4788,13139
2023-09-19 14:44:15,37,40,4788,13139
2023-09-19 14:44:18,38,40,4788,13139
2023-09-19 14:44:26,38,41,4788,13139
2023-09-19 14:44:33,38,40,4788,13139
2023-09-19 14:45:02,39,40,4788,13139
2023-09-19 14:45:02,39,41,4788,13139
2023-09-19 14:45:03,38,41,4788,13139
2023-09-19 14:45:03,38,40,4788,13139
2023-09-19 14:45:23,38,41,4788,13139
2023-09-19 14:45:25,39,41,4788,13139
2023-09-19 14:45:44,39,43,4788,13139
2023-09-19 14:45:44,39,42,4788,13139
2023-09-19 14:45:45,40,42,4788,13139
2023-09-19 14:45:46,40,43,4788,13139
2023-09-19 14:45:50,41,43,4788,13139
2023-09-19 14:46:00,41,44,4788,13139
2023-09-19 14:46:03,43,44,4788,13139
2023-09-19 14:46:03,43,45,4788,13139
2023-09-19 14:46:03,43,47,4788,13139
2023-09-19 14:46:03,43,45,4788,13139
2023-09-19 14:46:16,43,46,4788,13139
2023-09-19 14:46:17,44,46,4788,13139
2023-09-19 14:46:21,44,45,4788,13139
2023-09-19 14:46:31,44,46,4788,13139
2023-09-19 14:46:31,44,46,4788,13140
2023-09-19 14:46:36,44,45,4788,13140
2023-09-19 14:46:37,44,46,4788,13140
2023-09-19 14:46:42,44,47,4788,13140
2023-09-19 14:46:43,44,48,4788,13140
2023-09-19 14:46:43,44,47,4788,13140
2023-09-19 14:46:46,45,47,4788,13140
2023-09-19 14:46:46,45,49,4788,13140
2023-09-19 14:46:47,45,48,4788,13140
2023-09-19 14:46:48,45,49,4788,13140
2023-09-19 14:46:49,46,49,4788,13140
2023-09-19 14:46:50,45,49,4788,13140
2023-09-19 14:46:50,45,48,4788,13140
2023-09-19 14:47:03,45,47,4788,13140
2023-09-19 14:47:07,44,47,4788,13140
2023-09-19 14:47:20,44,47,4788,13141
2023-09-19 14:47:21,44,46,4788,13141
2023-09-19 14:47:30,44,47,4788,13141
2023-09-19 14:47:35,45,47,4788,13141
2023-09-19 14:47:35,45,48,4788,13141
2023-09-19 14:47:52,46,48,4788,13141
2023-09-19 14:47:53,46,50,4788,13141
2023-09-19 14:47:53,47,50,4788,13141
2023-09-19 14:47:53,48,53,4788,13141
2023-09-19 14:47:53,48,52,4788,13141
2023-09-19 14:47:54,48,51,4788,13141
2023-09-19 14:47:54,50,51,4788,13141
2023-09-19 14:47:55,50,53,4788,13141
2023-09-19 14:47:55,50,52,4788,13141
2023-09-19 14:47:55,50,53,4788,13141
2023-09-19 14:48:05,51,53,4788,13141
2023-09-19 14:48:06,51,55,4788,13141
2023-09-19 14:48:07,51,54,4788,13141
2023-09-19 14:48:16,50,54,4788,13141
2023-09-19 14:48:16,50,53,4788,13141
2023-09-19 14:48:26,51,53,4788,13141
2023-09-19 14:48:27,51,54,4788,13141
2023-09-19 14:48:31,51,55,4788,13141
2023-09-19 14:48:32,52,55,4788,13141
2023-09-19 14:48:38,53,55,4788,13141
2023-09-19 14:48:38,54,55,4788,13141
2023-09-19 14:48:38,54,56,4788,13141
2023-09-19 14:48:38,54,58,4788,13141
2023-09-19 14:48:38,54,57,4788,13141
2023-09-19 14:48:38,54,58,4788,13141
2023-09-19 14:48:39,54,57,4788,13141
2023-09-19 14:48:44,54,58,4788,13141
2023-09-19 14:48:44,55,58,4788,13141
2023-09-19 14:48:44,55,59,4788,13141
2023-09-19 14:48:45,55,58,4788,13141
2023-09-19 14:48:46,54,58,4788,13141
2023-09-19 14:48:46,54,57,4788,13141
2023-09-19 14:48:47,54,58,4788,13141
2023-09-19 14:48:47,55,58,4788,13141
2023-09-19 14:49:02,54,58,4788,13141
2023-09-19 14:49:02,54,57,4788,13141
2023-09-19 14:49:12,54,56,4788,13141
2023-09-19 14:49:12,52,56,4788,13141
2023-09-19 14:49:13,53,56,4788,13141
2023-09-19 14:49:31,52,56,4788,13141
2023-09-19 14:49:32,52,55,4788,13141
2023-09-19 14:49:38,51,55,4788,13141
2023-09-19 14:49:39,51,54,4788,13141
2023-09-19 14:50:00,51,55,4788,13141
2023-09-19 14:50:00,52,55,4788,13141
2023-09-19 14:50:03,51,55,4788,13141
2023-09-19 14:50:07,51,54,4788,13141
2023-09-19 14:50:14,50,54,4788,13141
2023-09-19 14:50:14,50,53,4788,13141
2023-09-19 14:50:19,51,53,4788,13141
2023-09-19 14:50:19,51,54,4788,13141
2023-09-19 14:50:24,52,54,4788,13141
2023-09-19 14:50:24,53,54,4788,13141
2023-09-19 14:50:24,53,55,4788,13141
2023-09-19 14:50:25,53,57,4788,13141
2023-09-19 14:50:25,53,56,4788,13141
2023-09-19 14:50:29,53,57,4788,13141
2023-09-19 14:50:30,54,57,4788,13141
2023-09-19 14:50:36,54,58,4788,13141
2023-09-19 14:50:36,54,57,4788,13141
2023-09-19 14:50:36,54,58,4788,13141
2023-09-19 14:50:42,55,58,4788,13141
2023-09-19 14:50:42,55,57,4788,13141
2023-09-19 14:50:42,55,58,4788,13141
2023-09-19 14:50:43,56,58,4788,13141
2023-09-19 14:50:44,56,59,4788,13141
2023-09-19 14:50:44,56,58,4788,13141
2023-09-19 14:50:44,56,59,4788,13141
2023-09-19 14:50:44,56,58,4788,13141
2023-09-19 14:50:45,56,59,4788,13141
2023-09-19 14:50:51,56,58,4788,13141
2023-09-19 14:51:02,57,58,4788,13141
2023-09-19 14:51:02,57,61,4788,13141
2023-09-19 14:51:03,58,61,4788,13141
2023-09-19 14:51:04,59,61,4788,13141
2023-09-19 14:51:23,60,61,4788,13141
2023-09-19 14:51:23,60,61,4863,13216
2023-09-19 14:51:23,60,67,4863,13216
2023-09-19 14:51:23,60,66,4863,13216
2023-09-19 14:51:23,63,66,4863,13216
2023-09-19 14:51:23,64,66,4863,13216
2023-09-19 14:51:24,64,65,4863,13216
2023-09-19 14:51:25,64,67,4863,13216
2023-09-19 14:51:25,63,67,4863,13216
2023-09-19 14:51:25,65,67,4863,13216
2023-09-19 14:51:29,66,67,4863,13216
2023-09-19 14:51:32,66,67,4863,13291
2023-09-19 14:51:34,66,67,4863,13691
2023-09-19 14:51:41,66,67,5063,13891
2023-09-19 14:51:43,66,67,5263,14091
2023-09-19 14:51:43,66,67,5263,14109
2023-09-19 14:51:44,66,67,5263,14509
2023-09-19 14:51:45,66,70,5263,14572
2023-09-19 14:51:45,67,70,5263,14572
2023-09-19 14:51:46,68,70,5263,14572
2023-09-19 14:51:46,68,69,5263,14572
2023-09-19 14:51:49,68,69,5063,14772
2023-09-19 14:51:49,66,68,5063,14808
2023-09-19 14:51:49,66,69,5063,14808
2023-09-19 14:51:50,67,69,5063,14808
2023-09-19 14:51:53,68,69,5063,14808
2023-09-19 14:51:59,68,70,5063,14808
2023-09-19 14:51:59,68,69,5063,14808
2023-09-19 14:51:59,68,70,5063,14808
2023-09-19 14:52:02,68,69,5063,14808
2023-09-19 14:52:04,67,69,5063,14808
2023-09-19 14:52:04,68,69,5063,14808
2023-09-19 14:52:05,66,68,5065,14810
2023-09-19 14:52:08,66,67,5065,14810
2023-09-19 14:52:09,64,66,5065,14811
2023-09-19 14:52:09,63,66,5065,14811
2023-09-19 14:52:12,64,66,5065,14811
2023-09-19 14:52:17,63,66,5065,14811
2023-09-19 14:52:18,64,66,5065,14811
2023-09-19 14:52:39,64,67,5065,14811
2023-09-19 14:52:44,65,67,5065,14811
2023-09-19 14:52:47,66,67,5065,14811
2023-09-19 14:52:50,66,68,5065,14811
2023-09-19 14:52:53,65,68,5065,14811
2023-09-19 14:52:54,65,67,5065,14811
2023-09-19 14:52:57,64,67,5065,14811
2023-09-19 14:53:01,65,67,5065,14811
2023-09-19 14:53:04,65,68,5065,14811
2023-09-19 14:53:10,65,67,5065,14811
2023-09-19 14:53:10,64,67,5065,14811
2023-09-19 14:53:14,64,66,5065,14811
2023-09-19 14:53:14,63,66,5065,14811
2023-09-19 14:53:15,63,65,5065,14811
2023-09-19 14:53:15,61,65,5065,14811
2023-09-19 14:53:16,62,66,5065,14811
2023-09-19 14:53:16,62,65,5065,14811
2023-09-19 14:53:17,62,66,5065,14811
2023-09-19 14:53:17,63,66,5065,14811
2023-09-19 14:53:18,62,66,5065,14811
2023-09-19 14:53:18,62,65,5065,14811
2023-09-19 14:53:24,62,66,5065,14811
2023-09-19 14:53:24,63,66,5065,14811
2023-09-19 14:53:27,63,65,5065,14811
2023-09-19 14:53:27,63,66,5065,14811
2023-09-19 14:53:51,63,65,5065,14811
2023-09-19 14:53:51,62,65,5065,14811
2023-09-19 14:54:01,63,65,5065,14811
2023-09-19 14:54:02,63,66,5065,14811
2023-09-19 14:54:09,63,65,5065,14811
2023-09-19 14:54:14,62,65,5065,14811
2023-09-19 14:54:16,63,65,5065,14811
2023-09-19 14:54:17,62,65,5065,14811
2023-09-19 14:54:20,63,65,5065,14811
2023-09-19 14:54:31,62,65,5065,14811
2023-09-19 14:54:38,63,65,5065,14811
2023-09-19 14:54:46,63,66,5065,14811
2023-09-19 14:54:49,64,66,5065,14811
2023-09-19 14:54:50,64,67,5065,14811
2023-09-19 14:54:50,64,66,5065,14811
2023-09-19 14:55:05,63,66,5065,14811
2023-09-19 14:55:13,64,66,5065,14811
2023-09-19 14:55:21,64,67,5065,14811
2023-09-19 14:55:21,64,66,5065,14811
2023-09-19 14:55:26,65,66,5065,14811
2023-09-19 14:55:26,65,68,5065,14811
2023-09-19 14:55:26,65,67,5065,14811
2023-09-19 14:55:26,65,68,5065,14811
2023-09-19 14:55:31,65,67,5065,14811
2023-09-19 14:55:32,64,67,5065,14811
2023-09-19 14:55:44,64,66,5065,14811
2023-09-19 14:55:48,64,67,5065,14811
2023-09-19 14:55:51,65,67,5065,14811
2023-09-19 14:55:52,65,68,5065,14811
2023-09-19 14:55:52,66,68,5065,14811
2023-09-19 14:55:54,67,68,5065,14811
2023-09-19 14:55:58,66,68,5065,14811
2023-09-19 14:56:02,67,68,5065,14811
2023-09-19 14:56:06,66,68,5065,14811
2023-09-19 14:56:08,65,68,5065,14811
2023-09-19 14:56:09,65,67,5065,14811
2023-09-19 14:56:15,64,67,5065,14811
2023-09-19 14:56:25,65,67,5065,14811
2023-09-19 14:56:26,64,67,5065,14811
2023-09-19 14:56:31,64,66,5065,14811
2023-09-19 14:56:34,64,67,5065,14811
2023-09-19 14:56:34,65,67,5065,14811
2023-09-19 14:56:37,65,68,5065,14811
2023-09-19 14:56:38,66,68,5065,14811
2023-09-19 14:56:40,67,68,5065,14811
2023-09-19 14:56:42,67,69,5065,14811
2023-09-19 14:56:42,67,68,5065,14811
2023-09-19 14:57:06,67,69,5065,14811
2023-09-19 14:57:06,68,69,5065,14811
2023-09-19 14:57:07,66,69,5140,15308
2023-09-19 14:57:07,67,69,5140,15308
2023-09-19 14:57:13,66,69,5140,15308
2023-09-19 14:57:17,66,68,5140,15308
2023-09-19 14:57:25,65,68,5140,15308
2023-09-19 14:57:25,65,67,5140,15308
2023-09-19 14:57:27,64,67,5140,15308
2023-09-19 14:57:29,64,66,5140,15308
2023-09-19 14:57:43,64,68,5140,15308
2023-09-19 14:57:43,64,67,5140,15308
2023-09-19 14:57:43,64,68,5140,15308
2023-09-19 14:57:43,64,67,5140,15308
2023-09-19 14:57:43,65,67,5140,15308
2023-09-19 14:57:55,64,67,5140,15308
2023-09-19 14:57:57,65,67,5140,15308
2023-09-19 14:57:59,64,67,5140,15308
2023-09-19 14:58:00,65,67,5140,15308
2023-09-19 14:58:06,64,67,5140,15308
2023-09-19 14:58:07,64,66,5140,15308
2023-09-19 14:58:10,64,67,5140,15308
2023-09-19 14:58:10,65,67,5140,15308
2023-09-19 14:58:14,65,69,5140,15308
2023-09-19 14:58:14,65,68,5140,15308
2023-09-19 14:58:15,67,68,5140,15308
2023-09-19 14:58:15,67,69,5140,15308
2023-09-19 14:58:15,67,71,5140,15308
2023-09-19 14:58:15,67,70,5140,15308
2023-09-19 14:58:15,67,71,5140,15308
2023-09-19 14:58:15,67,70,5140,15308
2023-09-19 14:58:15,68,70,5140,15308
2023-09-19 14:58:16,69,70,5140,15308
2023-09-19 14:58:24,68,70,5140,15308
2023-09-19 14:58:25,69,70,5140,15308
2023-09-19 14:58:31,69,71,5140,15308
2023-09-19 14:58:58,70,71,5140,15308
2023-09-19 14:59:01,70,72,5140,15308
2023-09-19 14:59:02,71,72,5140,15308
2023-09-19 14:59:02,71,73,5140,15308
2023-09-19 14:59:04,72,73,5140,15308
2023-09-19 14:59:12,72,75,5140,15308
2023-09-19 14:59:12,72,74,5140,15308
2023-09-19 14:59:25,73,74,5140,15308
2023-09-19 14:59:26,73,75,5140,15308
2023-09-19 14:59:28,74,75,5140,15308
2023-09-19 14:59:36,75,77,5140,15383
2023-09-19 14:59:36,75,76,5140,15383
2023-09-19 14:59:36,75,78,5140,15383
2023-09-19 14:59:36,75,78,5215,15458
2023-09-19 14:59:36,75,76,5215,15458
2023-09-19 14:59:36,75,77,5215,15458
2023-09-19 14:59:36,75,78,5215,15458
2023-09-19 14:59:37,77,78,5215,15458
2023-09-19 14:59:37,77,78,5265,15508
2023-09-19 14:59:38,77,79,5265,15508
2023-09-19 14:59:38,77,78,5265,15508
2023-09-19 14:59:38,77,78,5340,15583
2023-09-19 14:59:39,77,78,5340,15683
2023-09-19 14:59:40,77,79,5340,15683
2023-09-19 14:59:42,77,78,5340,15683
2023-09-19 14:59:43,76,78,5340,15683
2023-09-19 14:59:46,77,78,5340,15683
2023-09-19 14:59:47,77,79,5340,15683
2023-09-19 14:59:52,77,78,5340,15683
2023-09-19 14:59:54,76,78,5340,15683
2023-09-19 14:59:59,76,79,5340,15683
2023-09-19 15:00:00,77,79,5340,15683
2023-09-19 15:00:01,77,80,5340,15683
2023-09-19 15:00:01,78,80,5340,15683
2023-09-19 15:00:02,79,80,5340,15683
2023-09-19 15:00:02,79,80,5340,15683
2023-09-19 15:00:02,79,80,5400,15743
2023-09-19 15:00:03,79,80,5600,15943
2023-09-19 15:00:03,79,81,5600,15943
2023-09-19 15:00:22,80,81,5600,15943
2023-09-19 15:00:27,79,81,5600,15943
2023-09-19 15:00:34,78,81,5600,15943
2023-09-19 15:00:38,78,80,5600,15943
2023-09-19 15:00:44,78,81,5600,15943
2023-09-19 15:00:45,78,80,5600,15943
2023-09-19 15:00:48,78,81,5600,15943
2023-09-19 15:00:54,78,80,5600,15943
2023-09-19 15:00:59,78,80,5600,15946
2023-09-19 15:01:00,78,79,5600,15946
2023-09-19 15:01:01,78,80,5600,15946
2023-09-19 15:01:18,78,79,5600,15946
2023-09-19 15:01:27,77,79,5600,15946
2023-09-19 15:01:35,77,80,5600,15946
2023-09-19 15:01:35,78,80,5600,15946
2023-09-19 15:01:36,78,79,5600,15946
2023-09-19 15:01:42,77,79,5600,15946
2023-09-19 15:01:55,78,79,5600,15946
2023-09-19 15:01:56,77,79,5600,15946
2023-09-19 15:02:01,77,80,5600,15946
2023-09-19 15:02:02,78,80,5600,15946
2023-09-19 15:02:03,78,81,5600,15946
2023-09-19 15:02:29,78,80,5600,15946
2023-09-19 15:03:11,77,80,5600,15946
2023-09-19 15:03:11,77,79,5600,15946
2023-09-19 15:03:11,77,78,5600,15946
2023-09-19 15:03:12,76,78,5600,15946
2023-09-19 15:03:14,76,78,5475,16146
2023-09-19 15:03:14,76,77,5475,16146
2023-09-19 15:03:15,74,77,5475,16146
2023-09-19 15:03:15,74,78,5475,16146
2023-09-19 15:03:15,74,76,5475,16146
2023-09-19 15:03:16,75,76,5475,16146
2023-09-19 15:03:26,74,76,5475,16146
2023-09-19 15:03:29,75,76,5475,16146
2023-09-19 15:03:31,75,78,5475,16146
2023-09-19 15:03:31,75,77,5475,16146
2023-09-19 15:03:34,76,77,5475,16146
2023-09-19 15:03:42,75,77,5475,16146
2023-09-19 15:03:42,75,78,5475,16146
2023-09-19 15:03:42,75,76,5475,16146
2023-09-19 15:03:48,74,76,5475,16146
2023-09-19 15:03:56,74,77,5475,16146
2023-09-19 15:03:56,74,75,5475,16146
2023-09-19 15:04:04,74,77,5475,16146
2023-09-19 15:04:04,74,78,5475,16146
2023-09-19 15:04:04,74,76,5475,16146
2023-09-19 15:04:05,75,76,5475,16146
2023-09-19 15:04:20,75,78,5475,16146
2023-09-19 15:04:20,75,79,5475,16146
2023-09-19 15:04:20,75,77,5475,16146
2023-09-19 15:04:21,76,77,5475,16146
2023-09-19 15:04:29,76,79,5475,16146
2023-09-19 15:04:29,76,80,5475,16146
2023-09-19 15:04:29,76,78,5475,16146
2023-09-19 15:04:30,77,78,5475,16146
2023-09-19 15:06:02,76,78,5475,16146
2023-09-19 15:06:02,76,79,5475,16146
2023-09-19 15:06:02,76,77,5475,16146
2023-09-19 15:06:21,76,79,5475,16146
2023-09-19 15:06:21,76,80,5475,16146
2023-09-19 15:06:21,76,78,5475,16146
2023-09-19 15:06:21,77,78,5475,16146
2023-09-19 15:06:23,78,80,5475,16221
2023-09-19 15:06:23,78,81,5475,16221
2023-09-19 15:06:23,78,80,5475,16221
2023-09-19 15:06:24,78,80,5550,16296
2023-09-19 15:06:25,78,81,5550,16296
2023-09-19 15:06:25,78,80,5550,16296
2023-09-19 15:06:29,78,81,5550,16296
2023-09-19 15:06:32,79,81,5550,16296
2023-09-19 15:06:34,80,81,5550,16296
2023-09-19 15:06:47,80,82,5550,16296
2023-09-19 15:06:50,81,82,5550,16296
2023-09-19 15:06:51,80,82,5550,16296
2023-09-19 15:06:52,79,82,5550,16296
2023-09-19 15:06:54,80,82,5550,16296
2023-09-19 15:07:02,80,83,5550,16296
2023-09-19 15:07:02,81,83,5550,16296
2023-09-19 15:07:02,81,82,5550,16296
2023-09-19 15:07:02,81,82,5610,16356
2023-09-19 15:07:02,81,83,5610,16356
2023-09-19 15:07:10,80,83,5610,16356
2023-09-19 15:07:19,80,82,5610,16356
2023-09-19 15:07:26,80,83,5610,16356
2023-09-19 15:07:44,80,82,5610,16356
2023-09-19 15:07:49,80,83,5610,16356
2023-09-19 15:08:06,81,83,5610,16356
2023-09-19 15:08:21,82,83,5610,16356
2023-09-19 15:08:38,82,84,5610,16356
2023-09-19 15:08:53,81,84,5610,16356
2023-09-19 15:09:01,82,84,5610,16356
2023-09-19 15:09:14,82,83,5610,16356
2023-09-19 15:09:23,81,83,5610,16356
2023-09-19 15:09:28,81,84,5610,16356
2023-09-19 15:09:38,81,83,5610,16356
2023-09-19 15:09:44,81,84,5610,16356
2023-09-19 15:09:50,82,84,5610,16356
2023-09-19 15:10:20,81,84,5610,16356
2023-09-19 15:10:22,81,83,5610,16356
2023-09-19 15:10:23,80,83,5610,16356
2023-09-19 15:10:24,80,82,5610,16356
2023-09-19 15:10:31,80,83,5610,16356
2023-09-19 15:10:50,80,84,5610,16356
2023-09-19 15:10:53,81,84,5610,16356
2023-09-19 15:11:11,82,84,5610,16356
2023-09-19 15:11:16,82,85,5610,16356
2023-09-19 15:11:19,83,85,5610,16356
2023-09-19 15:11:21,83,86,5610,16356
2023-09-19 15:11:21,84,86,5610,16356
2023-09-19 15:12:13,84,87,5610,16356
2023-09-19 15:12:14,85,87,5610,16356
2023-09-19 15:12:23,85,87,5810,16556
2023-09-19 15:12:27,84,87,5810,16556
2023-09-19 15:12:47,86,87,5810,16556
2023-09-19 15:14:09,86,87,5810,16557
2023-09-19 15:14:43,85,87,5810,16557
2023-09-19 15:14:43,84,87,5810,16557
2023-09-19 15:14:49,85,87,5810,16557
2023-09-19 15:15:09,86,87,5810,16557
2023-09-19 15:15:32,85,87,5810,16557
2023-09-19 15:15:45,85,86,5810,16557
2023-09-19 15:15:49,85,87,5810,16557
2023-09-19 15:15:56,85,86,5810,16557
2023-09-19 15:15:56,85,86,5810,16607
2023-09-19 15:15:59,85,87,5810,16607
2023-09-19 15:16:01,85,86,5810,16607
2023-09-19 15:16:09,84,86,5811,16608
2023-09-19 15:16:10,84,87,5811,16608
2023-09-19 15:16:21,85,87,5811,16608
2023-09-19 15:16:27,85,87,5811,16628
2023-09-19 15:16:28,86,87,5811,16628
2023-09-19 15:18:18,88,89,5811,16629
2023-09-19 15:18:19,88,89,5811,16630
2023-09-19 15:18:33,88,89,5811,16631
2023-09-19 15:18:35,88,89,5811,16632
2023-09-19 15:19:32,88,89,5811,16633
2023-09-19 15:19:49,86,89,5811,16633
2023-09-19 15:19:51,87,89,5811,16633
2023-09-19 15:19:53,87,89,5811,16803
2023-09-19 15:20:10,88,89,5811,16803
2023-09-19 15:20:14,88,89,5812,16804
2023-09-19 15:20:16,88,89,5813,16805
2023-09-19 15:20:26,88,89,5814,16806
2023-09-19 15:20:28,88,89,5815,16807
2023-09-19 15:20:49,88,89,5815,16808
2023-09-19 15:20:50,88,89,5815,16809
2023-09-19 15:20:51,88,89,5815,16810
2023-09-19 15:20:52,88,89,5815,16811
2023-09-19 15:20:53,88,91,5815,16812
2023-09-19 15:20:54,89,91,5815,16812
2023-09-19 15:21:13,90,91,5815,16812
2023-09-19 15:22:06,89,90,5825,16822
2023-09-19 15:22:08,88,90,5825,16822
2023-09-19 15:22:14,89,90,5825,16822
2023-09-19 15:22:29,90,91,5840,16837
2023-09-19 15:22:50,90,91,5841,16838
2023-09-19 15:22:51,90,91,5841,16848
2023-09-19 15:23:11,89,91,5841,16848
2023-09-19 15:23:12,88,91,5841,16848
2023-09-19 15:23:13,87,91,5841,16848
2023-09-19 15:23:13,87,89,5841,16848
2023-09-19 15:23:14,88,89,5841,16848
2023-09-19 15:23:15,88,89,5841,16849
2023-09-19 15:23:29,87,89,5842,16850
2023-09-19 15:23:31,87,89,5868,16876
2023-09-19 15:23:37,86,89,5868,16876
2023-09-19 15:23:39,86,88,5868,16876
2023-09-19 15:23:40,87,88,5868,16876
2023-09-19 15:23:46,87,89,5868,16877
2023-09-19 15:23:49,88,89,5868,16877
2023-09-19 15:23:49,87,89,5869,16878
2023-09-19 15:23:52,86,89,5870,16879
2023-09-19 15:23:56,85,89,5870,16879
2023-09-19 15:24:12,86,89,5870,16879
2023-09-19 15:24:15,87,89,5870,16879
2023-09-19 15:24:23,88,89,5870,16879
2023-09-19 15:25:51,87,89,5870,16879
2023-09-19 15:25:51,86,89,5870,16879
2023-09-19 15:26:01,86,88,5870,16879
2023-09-19 15:26:01,85,88,5870,16879
2023-09-19 15:26:03,85,88,5870,16885
2023-09-19 15:26:29,85,87,5870,16885
2023-09-19 15:26:29,84,87,5870,16885
2023-09-19 15:26:48,85,87,5870,16885
2023-09-19 15:26:56,84,87,5870,16885
2023-09-19 15:26:59,84,86,5870,16885
2023-09-19 15:27:00,84,85,5870,16885
2023-09-19 15:27:02,84,86,5870,16885
2023-09-19 15:27:05,84,85,5870,16885
2023-09-19 15:27:06,83,85,5870,16885
2023-09-19 15:27:09,82,85,5870,16960
2023-09-19 15:27:09,81,83,5870,16960
2023-09-19 15:27:09,78,82,5870,16960
2023-09-19 15:27:10,79,82,5870,16960
2023-09-19 15:27:11,81,82,5870,16960
2023-09-19 15:27:23,80,82,5870,16960
2023-09-19 15:27:40,78,82,5870,16960
2023-09-19 15:27:40,79,82,5870,16960
2023-09-19 15:27:45,79,81,5870,16960
2023-09-19 15:27:53,78,81,5870,16960
2023-09-19 15:27:57,78,80,5870,16960
2023-09-19 15:28:14,78,82,5870,16960
2023-09-19 15:28:14,78,81,5870,16960
2023-09-19 15:28:36,79,81,5870,16960
2023-09-19 15:28:38,78,81,5870,16960
2023-09-19 15:28:41,79,81,5870,16960
2023-09-19 15:28:42,78,81,5870,16960
2023-09-19 15:28:48,78,82,5870,16960
2023-09-19 15:28:48,78,80,5870,16960
2023-09-19 15:29:13,77,80,5870,16960
2023-09-19 15:29:19,76,80,5870,16960
2023-09-19 15:29:19,76,79,5870,16960
2023-09-19 15:29:22,75,79,5870,16960
2023-09-19 15:29:22,75,78,5870,16960
2023-09-19 15:29:30,74,78,5870,16960
2023-09-19 15:29:32,74,79,5870,16960
2023-09-19 15:29:32,74,77,5870,16960
2023-09-19 15:29:34,74,79,5870,16960
2023-09-19 15:29:34,74,78,5870,16960
2023-09-19 15:29:35,75,78,5870,16960
2023-09-19 15:29:35,75,80,5870,16960
2023-09-19 15:29:35,75,79,5870,16960
2023-09-19 15:29:36,76,79,5870,16960
2023-09-19 15:29:40,76,79,5870,16970
2023-09-19 15:29:43,78,79,5870,16970
2023-09-19 15:29:43,78,81,5870,16970
2023-09-19 15:29:43,78,82,5870,16970
2023-09-19 15:29:43,78,80,5870,16970
2023-09-19 15:29:45,78,82,5870,16970
2023-09-19 15:29:45,78,81,5870,16970
2023-09-19 15:30:00,78,82,5870,16970
2023-09-19 15:30:00,78,80,5870,16970
2023-09-19 15:30:01,78,82,5870,16970
2023-09-19 15:30:01,78,81,5870,16970
2023-09-19 15:30:09,78,82,5870,16970
2023-09-19 15:30:09,78,80,5870,16970
2023-09-19 15:30:10,78,80,5870,16975
2023-09-19 15:30:10,77,80,5870,16975
2023-09-19 15:30:11,77,81,5870,16975
2023-09-19 15:30:11,77,79,5870,16975
2023-09-19 15:30:17,77,81,5870,16975
2023-09-19 15:30:17,77,80,5870,16975
2023-09-19 15:30:28,78,80,5870,16975
2023-09-19 15:30:30,78,82,5870,16975
2023-09-19 15:30:30,78,81,5870,16975
2023-09-19 15:30:32,82,83,5810,17135
2023-09-19 15:30:32,78,83,5810,17203
2023-09-19 15:30:32,79,82,5810,17203
2023-09-19 15:30:34,78,82,5810,17203
2023-09-19 15:30:44,79,82,5810,17203
2023-09-19 15:30:45,79,83,5810,17203
2023-09-19 15:30:47,78,83,5810,17203
2023-09-19 15:30:47,79,83,5810,17203
2023-09-19 15:30:47,80,83,5810,17203
2023-09-19 15:31:01,81,83,5810,17203
2023-09-19 15:31:02,81,84,5810,17203
2023-09-19 15:31:02,81,85,5810,17203
2023-09-19 15:31:02,81,84,5810,17203
2023-09-19 15:31:02,81,85,5810,17203
2023-09-19 15:31:05,81,84,5810,17203
2023-09-19 15:31:07,81,85,5810,17203
2023-09-19 15:31:08,82,85,5810,17203
2023-09-19 15:31:08,83,85,5810,17203
2023-09-19 15:31:09,85,86,5810,17208
2023-09-19 15:31:09,85,87,5810,17208
2023-09-19 15:31:13,85,88,5810,17208
2023-09-19 15:31:18,86,88,5810,17208
2023-09-19 15:31:20,86,90,5810,17208
2023-09-19 15:31:22,87,89,5810,17208
2023-09-19 15:31:23,86,89,5810,17208
2023-09-19 15:31:29,87,89,5810,17208
2023-09-19 15:31:30,87,90,5885,17358
2023-09-19 15:31:31,87,91,5885,17358
2023-09-19 15:31:31,87,90,5885,17358
2023-09-19 15:31:37,87,89,5885,17358
2023-09-19 15:31:54,87,90,5885,17358
2023-09-19 15:32:05,87,89,5885,17358
2023-09-19 15:32:05,86,89,5885,17358
2023-09-19 15:32:07,86,88,5885,17358
2023-09-19 15:32:07,85,88,5885,17358
2023-09-19 15:32:10,86,88,5885,17358
2023-09-19 15:32:12,86,89,5885,17358
2023-09-19 15:32:12,86,88,5885,17358
2023-09-19 15:32:12,86,89,5885,17358
2023-09-19 15:32:15,87,89,5885,17358
2023-09-19 15:32:17,85,89,5885,17358
2023-09-19 15:32:17,86,89,5885,17358
2023-09-19 15:32:21,86,88,5885,17358
2023-09-19 15:32:26,85,88,5885,17358
2023-09-19 15:32:27,85,87,5885,17358
