datetime,bid,ask,open_interest,volume
2023-09-20 09:30:02,20,37,675,775
2023-09-20 09:31:00,20,26,675,775
2023-09-20 09:31:00,22,26,675,775
2023-09-20 09:31:00,22,25,675,775
2023-09-20 09:31:10,22,26,675,775
2023-09-20 09:31:10,22,25,675,775
2023-09-20 09:31:13,22,26,675,775
2023-09-20 09:31:13,22,25,675,775
2023-09-20 09:31:20,23,25,675,775
2023-09-20 09:31:28,22,25,675,775
2023-09-20 09:32:05,22,25,675,775
2023-09-20 09:35:37,22,24,675,775
2023-09-20 09:35:37,22,25,675,775
2023-09-20 09:35:39,22,24,675,775
2023-09-20 09:35:43,22,25,675,775
2023-09-20 09:35:43,22,24,675,775
2023-09-20 09:35:58,22,24,775,875
2023-09-20 09:36:03,22,25,775,875
2023-09-20 09:36:14,22,25,875,975
2023-09-20 09:36:15,22,24,875,975
2023-09-20 09:37:42,22,24,975,1075
2023-09-20 09:38:53,22,24,975,1225
2023-09-20 09:40:03,22,23,975,1225
2023-09-20 09:40:03,21,23,975,1225
2023-09-20 09:42:46,21,24,975,1225
2023-09-20 09:42:46,22,24,975,1225
2023-09-20 09:42:52,21,24,975,1225
2023-09-20 09:43:00,22,24,975,1225
2023-09-20 09:43:19,21,24,975,1225
2023-09-20 09:43:20,22,24,975,1225
2023-09-20 09:43:21,21,24,975,1225
2023-09-20 09:43:26,22,24,975,1225
2023-09-20 09:43:31,21,24,975,1225
2023-09-20 09:43:39,22,24,975,1225
2023-09-20 09:43:45,21,24,975,1225
2023-09-20 09:44:09,22,24,975,1225
2023-09-20 09:44:10,21,24,975,1225
2023-09-20 09:44:11,22,24,975,1225
2023-09-20 09:44:12,21,24,975,1225
2023-09-20 09:44:13,22,24,975,1225
2023-09-20 09:44:16,21,24,975,1225
2023-09-20 09:44:19,22,24,975,1225
2023-09-20 09:44:20,21,24,975,1225
2023-09-20 09:45:41,21,24,1125,1375
2023-09-20 09:45:42,21,23,1125,1375
2023-09-20 09:48:30,21,24,1125,1375
2023-09-20 09:48:40,22,24,1125,1375
2023-09-20 09:48:45,21,24,1125,1375
2023-09-20 09:48:50,21,24,1143,1393
2023-09-20 09:49:08,22,24,1143,1393
2023-09-20 09:49:15,21,24,1143,1393
2023-09-20 09:49:53,22,24,1143,1393
2023-09-20 09:50:08,21,24,1143,1393
2023-09-20 09:50:32,22,24,1143,1393
2023-09-20 09:50:36,21,24,1143,1393
2023-09-20 09:50:37,22,24,1143,1393
2023-09-20 09:50:58,22,25,1143,1393
2023-09-20 09:50:58,22,24,1143,1393
2023-09-20 09:51:48,21,24,1143,1393
2023-09-20 09:51:56,22,24,1143,1393
2023-09-20 09:51:58,21,24,1143,1393
2023-09-20 09:52:06,22,24,1143,1393
2023-09-20 09:52:12,21,24,1143,1393
2023-09-20 09:52:13,22,24,1143,1393
2023-09-20 09:52:15,21,24,1143,1393
2023-09-20 09:52:16,22,24,1143,1393
2023-09-20 09:53:47,21,24,1143,1393
2023-09-20 09:53:48,22,24,1143,1393
2023-09-20 09:53:50,21,24,1143,1393
2023-09-20 09:53:53,22,24,1143,1393
2023-09-20 09:53:55,21,24,1143,1393
2023-09-20 09:57:03,21,23,1143,1393
2023-09-20 09:57:17,21,24,1143,1393
2023-09-20 09:57:24,22,24,1143,1393
2023-09-20 09:58:06,22,25,1143,1393
2023-09-20 09:58:17,22,24,1143,1393
2023-09-20 09:58:18,22,25,1143,1393
2023-09-20 09:58:24,22,24,1143,1393
2023-09-20 09:58:29,22,25,1143,1393
2023-09-20 09:58:35,22,24,1143,1393
2023-09-20 10:00:06,22,25,1143,1393
2023-09-20 10:00:35,23,25,1143,1393
2023-09-20 10:01:09,22,25,1143,1393
2023-09-20 10:01:49,22,24,1143,1393
2023-09-20 10:02:01,22,25,1143,1393
2023-09-20 10:02:02,22,24,1143,1393
2023-09-20 10:02:44,22,25,1143,1393
2023-09-20 10:05:17,23,25,1143,1393
2023-09-20 10:05:19,24,25,1143,1393
2023-09-20 10:05:38,24,26,1143,1393
2023-09-20 10:08:38,24,25,1143,1393
2023-09-20 10:08:40,24,26,1143,1393
2023-09-20 10:08:45,24,25,1143,1393
2023-09-20 10:09:06,24,25,1203,1453
2023-09-20 10:11:28,24,26,1203,1453
2023-09-20 10:12:09,24,26,1398,1648
2023-09-20 10:12:09,24,25,1398,1648
2023-09-20 10:12:34,23,25,1398,1648
2023-09-20 10:12:49,24,25,1398,1648
2023-09-20 10:14:22,25,26,1398,1703
2023-09-20 10:14:39,25,26,1398,1704
2023-09-20 10:16:33,25,26,1398,1705
2023-09-20 10:16:33,25,26,1398,1706
2023-09-20 10:16:55,25,26,1398,1709
2023-09-20 10:16:57,25,27,1201,1906
2023-09-20 10:22:24,26,27,1201,1906
2023-09-20 10:34:17,25,26,1201,1910
2023-09-20 10:34:35,24,26,1201,1910
2023-09-20 10:35:08,24,26,1201,2060
2023-09-20 10:38:03,24,26,1201,2070
2023-09-20 10:38:45,24,27,1201,2070
2023-09-20 10:38:59,25,27,1201,2070
2023-09-20 10:39:10,24,27,1201,2070
2023-09-20 10:39:15,25,27,1201,2070
2023-09-20 10:39:22,24,27,1201,2070
2023-09-20 10:39:26,25,27,1201,2070
2023-09-20 10:39:34,24,27,1201,2070
2023-09-20 10:39:45,25,27,1201,2070
2023-09-20 10:39:47,24,27,1201,2070
2023-09-20 10:40:16,25,27,1201,2070
2023-09-20 10:40:24,24,27,1201,2070
2023-09-20 10:41:05,25,27,1201,2070
2023-09-20 10:42:00,25,27,1201,2170
2023-09-20 10:44:39,24,27,1201,2170
2023-09-20 10:46:07,25,27,1201,2170
2023-09-20 10:52:53,26,27,1201,2170
2023-09-20 10:54:55,25,27,1201,2170
2023-09-20 10:56:42,25,28,1101,2270
2023-09-20 10:56:42,26,28,1101,2270
2023-09-20 10:56:50,27,28,1101,2270
2023-09-20 10:58:06,27,28,1101,2271
2023-09-20 10:58:11,27,28,1341,2511
2023-09-20 10:58:13,27,28,1341,2512
2023-09-20 10:59:14,27,28,1341,2612
2023-09-20 11:04:32,27,28,1341,2613
2023-09-20 11:04:46,27,28,1251,2835
2023-09-20 11:05:56,27,28,1291,2875
2023-09-20 11:08:03,27,28,1292,2876
2023-09-20 11:10:40,27,28,1293,2877
2023-09-20 11:14:50,27,28,1294,2878
2023-09-20 11:18:35,27,29,1802,3390
2023-09-20 11:18:35,27,28,1802,3390
2023-09-20 11:19:52,27,29,1802,3390
2023-09-20 11:19:58,27,28,1802,3390
2023-09-20 11:20:07,27,29,1802,3390
2023-09-20 11:20:08,27,28,1802,3390
2023-09-20 11:20:39,27,28,1914,3790
2023-09-20 11:22:03,26,28,2114,3990
2023-09-20 11:22:04,26,27,2114,3990
2023-09-20 11:22:17,26,28,2114,3990
2023-09-20 11:22:18,26,27,2114,3990
2023-09-20 11:23:28,26,28,2114,3990
2023-09-20 11:24:12,26,27,2114,3990
2023-09-20 11:24:14,26,28,2114,3990
2023-09-20 11:24:15,27,28,2114,3990
2023-09-20 11:24:19,26,28,2114,3990
2023-09-20 11:25:08,27,28,2114,3990
2023-09-20 11:25:08,27,28,2114,3991
2023-09-20 11:25:12,26,28,2114,3991
2023-09-20 11:25:13,27,28,2114,3991
2023-09-20 11:26:42,26,27,2115,3992
2023-09-20 11:26:45,26,28,2115,3992
2023-09-20 11:27:11,27,28,2115,3992
2023-09-20 11:27:22,26,28,2115,3992
2023-09-20 11:27:26,27,28,2115,3992
2023-09-20 11:27:30,26,28,2115,3992
2023-09-20 11:27:35,27,28,2115,3992
2023-09-20 11:27:41,26,28,2115,3992
2023-09-20 11:27:44,27,28,2115,3992
2023-09-20 11:27:52,26,28,2115,3992
2023-09-20 11:27:53,27,28,2115,3992
2023-09-20 11:27:54,26,28,2115,3992
2023-09-20 11:29:31,27,28,2115,3992
2023-09-20 11:29:41,26,28,2115,3992
2023-09-20 11:30:08,27,28,2115,3992
2023-09-20 11:30:10,26,28,2115,3992
2023-09-20 11:31:13,27,28,2115,3992
2023-09-20 11:31:21,26,27,2116,3993
2023-09-20 11:31:28,26,28,2116,3993
2023-09-20 11:31:53,27,28,2116,3993
2023-09-20 11:31:54,26,28,2116,3993
2023-09-20 11:33:00,26,27,2116,3993
2023-09-20 11:33:11,26,28,2116,3993
2023-09-20 11:33:24,26,27,2116,3993
2023-09-20 11:33:28,26,28,2116,3993
2023-09-20 11:33:29,26,27,2116,3993
2023-09-20 11:34:00,26,28,2116,3993
2023-09-20 11:34:01,26,27,2116,3993
2023-09-20 11:34:18,26,28,2116,3993
2023-09-20 11:34:19,26,27,2116,3993
2023-09-20 11:34:24,26,28,2116,3993
2023-09-20 11:35:00,26,27,2116,3993
2023-09-20 11:35:01,26,28,2116,3993
2023-09-20 11:35:27,26,27,2116,3993
2023-09-20 11:35:30,26,28,2116,3993
2023-09-20 11:35:34,26,27,2116,3993
2023-09-20 11:35:37,26,28,2116,3993
2023-09-20 11:35:39,26,27,2116,3993
2023-09-20 11:35:41,26,28,2116,3993
2023-09-20 11:36:07,27,28,2116,3993
2023-09-20 11:36:09,26,28,2116,3993
2023-09-20 11:36:10,27,28,2116,3993
2023-09-20 11:36:11,26,28,2116,3993
2023-09-20 11:36:34,26,27,2116,3993
2023-09-20 11:36:35,26,28,2116,3993
2023-09-20 11:37:21,26,28,2116,3999
2023-09-20 11:37:23,26,27,2116,3999
2023-09-20 11:37:25,26,28,2116,3999
2023-09-20 11:37:26,26,27,2116,3999
2023-09-20 11:37:32,26,28,2116,3999
2023-09-20 11:37:56,26,28,2116,4554
2023-09-20 11:38:08,27,28,2116,4554
2023-09-20 11:38:14,26,28,2116,4554
2023-09-20 11:38:22,27,28,2116,4554
2023-09-20 11:38:23,27,29,2116,4554
2023-09-20 11:38:23,27,29,1916,4754
2023-09-20 11:38:24,26,29,1916,4754
2023-09-20 11:38:43,26,28,1916,4754
2023-09-20 11:38:51,26,27,1916,4754
2023-09-20 11:39:04,26,28,1916,4754
2023-09-20 11:39:06,26,27,1916,4754
2023-09-20 11:39:12,26,28,1916,4754
2023-09-20 11:39:16,26,29,1916,4754
2023-09-20 11:39:17,26,28,1916,4754
2023-09-20 11:39:17,27,28,1916,4754
2023-09-20 11:39:18,27,28,1917,4755
2023-09-20 11:39:19,26,27,1918,4756
2023-09-20 11:39:19,26,27,1919,4757
2023-09-20 11:40:24,26,28,1919,4757
2023-09-20 11:40:25,26,27,1919,4757
2023-09-20 11:41:24,26,27,2319,5157
2023-09-20 11:42:26,26,28,2319,5157
2023-09-20 11:42:27,26,27,2319,5157
2023-09-20 11:43:28,26,28,2319,5157
2023-09-20 11:43:28,26,27,2319,5157
2023-09-20 11:44:29,26,28,2319,5157
2023-09-20 11:44:29,26,27,2319,5157
2023-09-20 11:44:30,26,27,2319,5158
2023-09-20 11:46:43,26,27,2319,5159
2023-09-20 11:47:30,26,28,2319,5159
2023-09-20 11:47:31,26,27,2319,5159
2023-09-20 11:49:33,26,28,2319,5159
2023-09-20 11:49:33,26,27,2319,5159
2023-09-20 11:53:11,26,28,2319,5159
2023-09-20 11:53:11,26,27,2319,5159
2023-09-20 11:54:11,26,28,2319,5159
2023-09-20 11:54:12,26,27,2319,5159
2023-09-20 11:54:27,26,27,2319,5160
2023-09-20 11:54:59,26,27,2319,5161
2023-09-20 11:55:12,26,28,2319,5161
2023-09-20 11:55:13,26,27,2319,5161
2023-09-20 11:56:14,26,28,2319,5161
2023-09-20 11:56:14,26,27,2319,5161
2023-09-20 11:57:14,26,28,2319,5161
2023-09-20 11:57:15,26,27,2319,5161
2023-09-20 11:58:15,26,28,2319,5161
2023-09-20 11:58:16,26,27,2319,5161
2023-09-20 11:58:23,26,27,2319,5162
2023-09-20 11:59:17,26,28,2319,5162
2023-09-20 11:59:17,26,27,2319,5162
2023-09-20 11:59:30,26,27,2319,5163
2023-09-20 11:59:42,26,27,2319,5164
2023-09-20 12:00:10,26,27,2320,5165
2023-09-20 12:00:18,26,28,2320,5165
2023-09-20 12:00:18,26,27,2320,5165
2023-09-20 12:01:19,26,28,2320,5165
2023-09-20 12:01:19,26,27,2320,5165
2023-09-20 12:01:38,26,27,2320,5175
2023-09-20 12:02:19,26,28,2320,5175
2023-09-20 12:02:20,26,27,2320,5175
2023-09-20 12:03:21,26,28,2320,5175
2023-09-20 12:03:22,26,27,2320,5175
2023-09-20 12:03:46,26,27,2421,5675
2023-09-20 12:04:23,26,28,2421,5675
2023-09-20 12:04:23,26,27,2421,5675
2023-09-20 12:05:23,26,28,2421,5675
2023-09-20 12:05:25,26,27,2421,5675
2023-09-20 12:07:28,26,28,2421,5675
2023-09-20 12:07:28,26,27,2421,5675
2023-09-20 12:10:31,26,28,2421,5675
2023-09-20 12:10:32,26,27,2421,5675
2023-09-20 12:11:34,26,28,2421,5675
2023-09-20 12:11:34,26,27,2421,5675
2023-09-20 12:12:34,26,28,2421,5675
2023-09-20 12:12:35,26,27,2421,5675
2023-09-20 12:17:43,26,28,2421,5675
2023-09-20 12:17:43,26,27,2421,5675
2023-09-20 12:18:44,26,28,2421,5675
2023-09-20 12:18:44,26,27,2421,5675
2023-09-20 12:19:44,26,28,2421,5675
2023-09-20 12:19:46,26,27,2421,5675
2023-09-20 12:20:47,26,28,2421,5675
2023-09-20 12:20:47,26,27,2421,5675
2023-09-20 12:21:49,26,28,2421,5675
2023-09-20 12:21:49,26,27,2421,5675
2023-09-20 12:22:50,26,28,2421,5675
2023-09-20 12:22:50,26,27,2421,5675
2023-09-20 12:23:16,26,27,2521,5775
2023-09-20 12:23:17,26,27,2621,5875
2023-09-20 12:23:17,26,27,2721,5975
2023-09-20 12:23:19,26,27,2821,6075
2023-09-20 12:23:51,26,28,2821,6075
2023-09-20 12:24:06,26,27,2821,6075
2023-09-20 12:24:32,26,28,2821,6075
2023-09-20 12:25:50,26,27,2821,6075
2023-09-20 12:25:50,26,27,2921,6175
2023-09-20 12:25:51,26,28,2921,6175
2023-09-20 12:25:56,27,28,2921,6175
2023-09-20 12:25:57,26,28,2921,6175
2023-09-20 12:30:03,26,27,2921,6175
2023-09-20 12:36:57,26,28,2971,6225
2023-09-20 12:39:14,26,27,2971,6225
2023-09-20 12:40:16,26,28,2971,6225
2023-09-20 12:51:52,26,27,2971,6225
2023-09-20 12:51:57,26,27,3071,6325
2023-09-20 12:51:57,26,28,3071,6325
2023-09-20 12:52:26,27,28,3071,6325
2023-09-20 12:52:29,26,28,3071,6325
2023-09-20 12:52:30,27,28,3071,6325
2023-09-20 12:52:31,26,28,3071,6325
2023-09-20 12:52:41,26,28,3741,7195
2023-09-20 12:52:41,27,28,3741,7195
2023-09-20 12:53:43,27,28,3741,7196
2023-09-20 12:53:44,27,28,3741,7197
2023-09-20 12:54:01,27,28,3741,7198
2023-09-20 13:01:59,27,28,3741,7372
2023-09-20 13:02:51,27,29,3741,7372
2023-09-20 13:03:03,28,29,3741,7372
2023-09-20 13:04:35,28,29,3599,7572
2023-09-20 13:04:51,27,29,3602,7773
2023-09-20 13:05:03,27,28,3602,7773
2023-09-20 13:05:08,27,29,3602,7773
2023-09-20 13:05:10,26,29,3602,7773
2023-09-20 13:05:12,27,29,3602,7773
2023-09-20 13:05:15,26,29,3602,7773
2023-09-20 13:05:20,26,28,3602,7773
2023-09-20 13:05:25,26,29,3602,7773
2023-09-20 13:05:28,27,29,3602,7773
2023-09-20 13:05:29,26,29,3602,7773
2023-09-20 13:05:31,26,28,3602,7773
2023-09-20 13:05:33,26,29,3602,7773
2023-09-20 13:05:33,27,29,3602,7773
2023-09-20 13:05:38,26,29,3602,7773
2023-09-20 13:05:39,26,28,3602,7773
2023-09-20 13:05:52,26,29,3938,8109
2023-09-20 13:05:53,26,28,3938,8109
2023-09-20 13:06:12,26,29,3938,8109
2023-09-20 13:06:16,27,29,3938,8109
2023-09-20 13:06:17,26,29,3938,8109
2023-09-20 13:06:18,26,28,3938,8109
2023-09-20 13:06:31,26,29,3938,8109
2023-09-20 13:06:33,27,29,3938,8109
2023-09-20 13:06:34,26,29,3938,8109
2023-09-20 13:06:35,27,29,3938,8109
2023-09-20 13:06:36,26,29,3938,8109
2023-09-20 13:06:38,26,28,3938,8109
2023-09-20 13:06:39,26,29,3938,8109
2023-09-20 13:06:41,26,28,3938,8109
2023-09-20 13:06:46,26,29,3938,8109
2023-09-20 13:06:47,26,28,3938,8109
2023-09-20 13:06:50,26,29,3938,8109
2023-09-20 13:06:56,27,29,3938,8109
2023-09-20 13:06:59,26,29,3938,8109
2023-09-20 13:07:04,26,28,3938,8109
2023-09-20 13:07:05,26,29,3938,8109
2023-09-20 13:07:06,26,28,3938,8109
2023-09-20 13:07:11,26,29,3938,8109
2023-09-20 13:07:15,26,28,3938,8109
2023-09-20 13:07:22,26,29,3938,8109
2023-09-20 13:07:22,27,29,3938,8109
2023-09-20 13:07:30,26,29,3938,8109
2023-09-20 13:07:30,26,28,3938,8109
2023-09-20 13:07:34,26,29,3938,8109
2023-09-20 13:07:36,26,28,3938,8109
2023-09-20 13:07:37,26,29,3938,8109
2023-09-20 13:07:42,27,29,3938,8109
2023-09-20 13:07:45,26,29,3938,8109
2023-09-20 13:07:45,26,28,3938,8109
2023-09-20 13:07:49,26,29,3938,8109
2023-09-20 13:07:55,27,29,3938,8109
2023-09-20 13:07:55,26,29,3938,8109
2023-09-20 13:07:57,26,28,3938,8109
2023-09-20 13:08:02,27,28,3938,8109
2023-09-20 13:08:06,26,28,3938,8109
2023-09-20 13:08:07,27,28,3938,8109
2023-09-20 13:08:15,26,28,3938,8109
2023-09-20 13:08:39,27,28,3938,8109
2023-09-20 13:08:59,27,29,3938,8109
2023-09-20 13:08:59,27,28,3938,8109
2023-09-20 13:09:04,26,28,3938,8109
2023-09-20 13:09:05,27,28,3938,8109
2023-09-20 13:09:29,26,28,3938,8109
2023-09-20 13:12:19,27,28,3938,8109
2023-09-20 13:14:03,27,28,4035,8209
2023-09-20 13:14:04,27,28,4135,8309
2023-09-20 13:14:11,27,29,4135,8309
2023-09-20 13:14:24,27,28,4135,8309
2023-09-20 13:14:26,27,29,4135,8309
2023-09-20 13:14:29,27,28,4135,8309
2023-09-20 13:14:34,27,29,4135,8309
2023-09-20 13:14:35,27,28,4135,8309
2023-09-20 13:14:36,27,29,4135,8309
2023-09-20 13:14:40,27,28,4135,8309
2023-09-20 13:14:45,27,29,4135,8309
2023-09-20 13:14:53,27,28,4135,8309
2023-09-20 13:14:54,27,29,4135,8309
2023-09-20 13:15:06,27,28,4135,8309
2023-09-20 13:15:07,27,28,4235,8409
2023-09-20 13:15:07,27,29,4235,8409
2023-09-20 13:15:10,27,28,4235,8409
2023-09-20 13:15:12,27,28,4335,8509
2023-09-20 13:15:19,27,29,4335,8509
2023-09-20 13:15:20,27,28,4335,8509
2023-09-20 13:15:24,27,29,4335,8509
2023-09-20 13:15:36,27,28,4335,8509
2023-09-20 13:15:37,27,29,4335,8509
2023-09-20 13:15:41,27,28,4335,8509
2023-09-20 13:15:44,27,29,4335,8509
2023-09-20 13:15:46,27,28,4335,8509
2023-09-20 13:15:46,27,29,4335,8509
2023-09-20 13:15:48,27,28,4335,8509
2023-09-20 13:15:51,27,29,4335,8509
2023-09-20 13:15:53,27,28,4335,8509
2023-09-20 13:15:57,27,29,4335,8509
2023-09-20 13:15:58,27,28,4335,8509
2023-09-20 13:16:02,27,29,4335,8509
2023-09-20 13:16:03,27,28,4335,8509
2023-09-20 13:16:04,27,29,4335,8509
2023-09-20 13:16:12,27,28,4335,8509
2023-09-20 13:16:17,27,29,4335,8509
2023-09-20 13:16:21,27,28,4335,8509
2023-09-20 13:16:40,27,29,4335,8509
2023-09-20 13:16:41,27,28,4335,8509
2023-09-20 13:16:57,27,29,4335,8509
2023-09-20 13:16:58,27,28,4335,8509
2023-09-20 13:17:20,27,29,4335,8509
2023-09-20 13:17:21,27,28,4335,8509
2023-09-20 13:17:24,27,29,4335,8509
2023-09-20 13:17:25,27,28,4335,8509
2023-09-20 13:17:26,27,29,4335,8509
2023-09-20 13:17:27,27,28,4335,8509
2023-09-20 13:17:33,27,29,4335,8509
2023-09-20 13:17:40,27,28,4335,8509
2023-09-20 13:18:10,27,29,4335,8509
2023-09-20 13:18:15,27,28,4335,8509
2023-09-20 13:18:16,27,29,4335,8509
2023-09-20 13:18:23,27,28,4335,8509
2023-09-20 13:18:25,27,29,4335,8509
2023-09-20 13:18:30,28,29,4335,8509
2023-09-20 13:18:40,28,29,4335,8909
2023-09-20 13:18:41,28,29,4335,9309
2023-09-20 13:18:42,28,29,4335,9709
2023-09-20 13:18:43,28,29,4335,10109
2023-09-20 13:18:46,28,29,4501,10509
2023-09-20 13:18:49,28,29,4901,10909
2023-09-20 13:18:50,28,29,5301,11309
2023-09-20 13:18:51,28,30,5301,11309
2023-09-20 13:18:52,29,30,5301,11309
2023-09-20 13:18:59,28,29,5592,11600
2023-09-20 13:19:59,29,30,5592,11600
2023-09-20 13:20:00,28,29,5807,11815
2023-09-20 13:20:38,28,30,5807,11815
2023-09-20 13:20:39,28,29,5807,11815
2023-09-20 13:29:47,28,30,5807,11815
2023-09-20 13:29:47,28,29,5807,11815
2023-09-20 13:37:18,28,30,5807,11815
2023-09-20 13:37:21,28,29,5807,11815
2023-09-20 13:38:33,28,29,5607,12015
2023-09-20 13:38:59,28,30,5607,12015
2023-09-20 13:39:00,29,30,5607,12015
2023-09-20 13:39:09,29,30,5607,12162
2023-09-20 13:39:46,29,30,5607,12220
2023-09-20 13:40:02,29,30,5607,12349
2023-09-20 13:40:08,29,30,5607,12409
2023-09-20 13:40:12,28,30,5345,12672
2023-09-20 13:40:13,29,30,5345,12672
2023-09-20 13:41:58,29,30,5078,13539
2023-09-20 13:42:15,30,31,4877,13740
2023-09-20 13:42:43,30,31,4877,13844
2023-09-20 13:42:57,29,31,4682,14039
2023-09-20 13:42:58,29,30,4682,14039
2023-09-20 13:44:02,29,31,4418,14303
2023-09-20 13:44:02,29,30,4418,14303
2023-09-20 13:46:55,29,30,4335,14703
2023-09-20 13:47:04,29,31,4335,14703
2023-09-20 13:47:04,29,31,4335,15103
2023-09-20 13:47:05,29,30,4335,15103
2023-09-20 13:47:12,29,30,4335,15136
2023-09-20 13:47:19,29,30,4335,15169
2023-09-20 13:47:26,28,30,4336,15486
2023-09-20 13:47:27,29,30,4336,15486
2023-09-20 13:47:27,28,29,4336,15539
2023-09-20 13:47:28,28,29,4336,15592
2023-09-20 13:47:29,28,29,4336,15645
2023-09-20 13:48:56,28,30,4336,15645
2023-09-20 13:48:57,28,29,4336,15645
2023-09-20 13:49:01,28,30,4336,15645
2023-09-20 13:55:28,27,30,4336,15645
2023-09-20 13:56:51,28,30,4336,15645
2023-09-20 13:56:53,27,30,4336,15645
2023-09-20 13:56:54,28,30,4336,15645
2023-09-20 13:57:05,27,30,4336,15645
2023-09-20 13:57:12,28,30,4336,15645
2023-09-20 13:59:50,28,30,4492,16001
2023-09-20 13:59:57,27,30,4492,16001
2023-09-20 14:00:01,28,30,4492,16001
2023-09-20 14:00:14,28,31,4492,16001
2023-09-20 14:00:18,29,31,4492,16001
2023-09-20 14:01:09,28,29,4897,16406
2023-09-20 14:01:13,28,30,4897,16406
2023-09-20 14:01:16,28,29,4897,16406
2023-09-20 14:01:21,27,29,4897,16406
2023-09-20 14:01:22,28,29,4897,16406
2023-09-20 14:01:49,28,29,5100,16609
2023-09-20 14:01:50,28,29,5103,16612
2023-09-20 14:01:51,28,29,5106,16615
2023-09-20 14:01:52,28,29,5109,16618
2023-09-20 14:01:53,28,29,5112,16621
2023-09-20 14:01:54,28,29,5115,16624
2023-09-20 14:01:55,28,29,5118,16627
2023-09-20 14:02:02,28,29,5118,16665
2023-09-20 14:02:19,29,31,5264,16811
2023-09-20 14:02:20,28,31,5264,16811
2023-09-20 14:02:41,29,31,5264,16811
2023-09-20 14:02:46,28,31,5664,17211
2023-09-20 14:02:51,29,31,5664,17211
2023-09-20 14:03:21,29,30,5664,17211
2023-09-20 14:03:25,29,31,5664,17211
2023-09-20 14:03:26,29,30,5664,17211
2023-09-20 14:03:27,29,31,5664,17419
2023-09-20 14:03:29,29,30,5664,17419
2023-09-20 14:03:30,29,31,5664,17419
2023-09-20 14:03:31,29,31,6064,17819
2023-09-20 14:03:31,29,30,6064,17819
2023-09-20 14:03:33,29,31,6064,17819
2023-09-20 14:03:33,28,31,6139,17894
2023-09-20 14:03:33,28,30,6139,17894
2023-09-20 14:03:34,27,30,6339,18094
2023-09-20 14:03:34,27,29,6339,18094
2023-09-20 14:03:35,27,30,6339,18094
2023-09-20 14:03:35,27,30,6739,18494
2023-09-20 14:03:36,27,28,6839,18594
2023-09-20 14:03:36,27,30,6839,18594
2023-09-20 14:03:36,26,30,7193,18948
2023-09-20 14:03:36,28,30,7193,18948
2023-09-20 14:03:37,26,30,7268,19023
2023-09-20 14:03:37,26,29,7268,19023
2023-09-20 14:03:38,26,30,7268,19023
2023-09-20 14:03:38,26,28,7268,19023
2023-09-20 14:03:38,25,28,7268,19073
2023-09-20 14:03:39,25,28,7368,19173
2023-09-20 14:03:39,25,30,7368,19173
2023-09-20 14:03:39,20,30,7368,19223
2023-09-20 14:03:39,20,27,7368,19223
2023-09-20 14:03:39,26,27,7368,19223
2023-09-20 14:03:40,26,30,7368,19223
2023-09-20 14:03:40,20,30,7443,19298
2023-09-20 14:03:40,27,30,7443,19298
2023-09-20 14:03:41,27,29,7443,19298
2023-09-20 14:03:42,27,28,7443,19298
2023-09-20 14:03:43,27,29,7443,19298
2023-09-20 14:03:43,27,30,7443,19298
2023-09-20 14:03:49,27,29,7443,19298
2023-09-20 14:03:58,27,30,7443,19298
2023-09-20 14:04:02,27,29,7443,19298
2023-09-20 14:04:39,27,28,7443,19298
2023-09-20 14:04:51,27,28,7443,19358
2023-09-20 14:04:54,27,28,7443,19418
2023-09-20 14:04:57,27,28,7443,19478
2023-09-20 14:05:30,27,28,7443,19498
2023-09-20 14:05:30,27,28,7443,19518
2023-09-20 14:05:41,24,25,7443,19728
2023-09-20 14:05:41,24,25,7443,19848
2023-09-20 14:05:43,24,25,7443,19898
2023-09-20 14:05:44,24,25,7543,19998
2023-09-20 14:05:45,24,28,7563,20018
2023-09-20 14:05:49,24,29,7563,20018
2023-09-20 14:05:51,26,29,7563,20018
2023-09-20 14:05:52,24,29,7563,20018
2023-09-20 14:05:52,25,29,7563,20018
2023-09-20 14:05:58,24,29,7563,20018
2023-09-20 14:05:58,27,29,7563,20018
2023-09-20 14:06:03,24,29,7563,20018
2023-09-20 14:06:03,26,29,7563,20018
2023-09-20 14:06:10,24,29,7563,20018
2023-09-20 14:06:10,26,29,7563,20018
2023-09-20 14:06:14,25,29,7563,20018
2023-09-20 14:06:14,27,29,7563,20018
2023-09-20 14:06:17,25,29,7563,20018
2023-09-20 14:06:17,27,29,7563,20018
2023-09-20 14:06:34,25,29,7563,20018
2023-09-20 14:06:34,28,29,7563,20018
2023-09-20 14:06:35,28,30,7563,20018
2023-09-20 14:06:35,25,30,7563,20018
2023-09-20 14:06:35,27,30,7563,20018
2023-09-20 14:06:36,25,30,7563,20018
2023-09-20 14:06:36,28,30,7563,20018
2023-09-20 14:06:37,25,30,7563,20018
2023-09-20 14:06:37,28,30,7563,20018
2023-09-20 14:06:46,26,30,7563,20018
2023-09-20 14:06:46,27,30,7563,20018
2023-09-20 14:06:47,26,30,7563,20018
2023-09-20 14:06:47,28,30,7563,20018
2023-09-20 14:06:52,26,30,7563,20018
2023-09-20 14:06:52,28,30,7563,20018
2023-09-20 14:07:06,26,30,7563,20018
2023-09-20 14:07:06,28,30,7563,20018
2023-09-20 14:07:23,26,30,7563,20018
2023-09-20 14:07:23,28,30,7563,20018
2023-09-20 14:07:30,28,31,7563,20018
2023-09-20 14:07:30,28,29,7563,20018
2023-09-20 14:07:30,26,29,7563,20018
2023-09-20 14:07:30,27,29,7563,20018
2023-09-20 14:07:36,26,29,7563,20018
2023-09-20 14:07:36,28,29,7563,20018
2023-09-20 14:07:39,28,31,7563,20018
2023-09-20 14:07:39,28,30,7563,20018
2023-09-20 14:07:56,26,30,7563,20018
2023-09-20 14:07:56,28,30,7563,20018
2023-09-20 14:08:10,26,30,7563,20018
2023-09-20 14:08:10,28,30,7563,20018
2023-09-20 14:08:35,26,30,7563,20018
2023-09-20 14:08:35,28,30,7563,20018
2023-09-20 14:08:36,26,30,7563,20018
2023-09-20 14:08:36,28,30,7563,20018
2023-09-20 14:08:43,29,30,7563,20018
2023-09-20 14:08:44,28,31,7263,20318
2023-09-20 14:08:44,28,31,6863,20718
2023-09-20 14:08:44,30,31,6863,20718
2023-09-20 14:08:45,30,31,6463,21118
2023-09-20 14:08:56,30,32,6263,21318
2023-09-20 14:08:57,31,32,6263,21318
2023-09-20 14:09:00,30,32,6263,21318
2023-09-20 14:09:02,31,32,6263,21318
2023-09-20 14:09:06,30,32,6263,21318
2023-09-20 14:09:09,30,31,6263,21318
2023-09-20 14:09:10,30,32,6263,21318
2023-09-20 14:09:18,30,31,6263,21318
2023-09-20 14:09:21,30,32,6263,21318
2023-09-20 14:09:23,30,31,6263,21318
2023-09-20 14:09:34,30,32,6263,21318
2023-09-20 14:09:40,30,31,6263,21318
2023-09-20 14:09:41,30,32,6263,21318
2023-09-20 14:09:45,30,31,6263,21318
2023-09-20 14:09:46,30,32,6263,21318
2023-09-20 14:10:09,30,31,6263,21318
2023-09-20 14:10:10,30,32,6263,21318
2023-09-20 14:10:11,30,31,6263,21318
2023-09-20 14:10:18,29,31,6263,21318
2023-09-20 14:10:18,29,32,6263,21318
2023-09-20 14:10:21,30,32,6263,21318
2023-09-20 14:10:21,30,31,6263,21318
2023-09-20 14:10:22,30,32,6263,21318
2023-09-20 14:10:34,29,32,6263,21318
2023-09-20 14:10:35,29,31,6263,21318
2023-09-20 14:10:36,29,32,6263,21318
2023-09-20 14:10:39,30,32,6263,21318
2023-09-20 14:10:40,29,32,6263,21318
2023-09-20 14:10:42,30,32,6263,21318
2023-09-20 14:11:01,31,32,6263,21318
2023-09-20 14:11:08,30,32,6263,21318
2023-09-20 14:11:10,31,32,6263,21318
2023-09-20 14:11:27,30,32,6263,21318
2023-09-20 14:11:28,31,32,6263,21318
2023-09-20 14:11:32,30,32,6263,21318
2023-09-20 14:11:35,30,31,6263,21318
2023-09-20 14:11:36,30,32,6263,21318
2023-09-20 14:11:39,30,32,6263,21324
2023-09-20 14:11:39,31,32,6263,21324
2023-09-20 14:11:48,30,32,6263,21324
2023-09-20 14:11:48,30,32,5863,21724
2023-09-20 14:11:49,31,32,5863,21724
2023-09-20 14:12:01,30,32,5863,21724
2023-09-20 14:12:10,31,32,5863,21724
2023-09-20 14:12:11,30,32,5863,21724
2023-09-20 14:12:17,31,32,5863,21724
2023-09-20 14:12:22,30,32,5863,21724
2023-09-20 14:12:25,31,32,5863,21724
2023-09-20 14:12:26,30,32,5863,21724
2023-09-20 14:12:30,31,32,5863,21724
2023-09-20 14:12:33,30,32,5863,21724
2023-09-20 14:12:34,31,32,5863,21724
2023-09-20 14:12:45,30,32,5863,21724
2023-09-20 14:12:49,31,32,5863,21724
2023-09-20 14:12:50,30,32,5863,21724
2023-09-20 14:12:54,31,32,5863,21724
2023-09-20 14:12:56,30,32,5863,21724
2023-09-20 14:13:14,31,32,5863,21724
2023-09-20 14:13:15,30,32,5863,21724
2023-09-20 14:13:34,31,32,5863,21724
2023-09-20 14:13:36,30,32,5863,21724
2023-09-20 14:13:37,31,32,5863,21724
2023-09-20 14:13:42,30,32,5863,21724
2023-09-20 14:13:53,31,32,5863,21724
2023-09-20 14:13:55,30,32,5863,21724
2023-09-20 14:13:57,31,32,5863,21724
2023-09-20 14:13:59,30,32,5863,21724
2023-09-20 14:14:07,31,32,5863,21724
2023-09-20 14:14:09,30,32,5863,21724
2023-09-20 14:14:11,31,32,5863,21724
2023-09-20 14:14:14,30,32,5863,21724
2023-09-20 14:14:16,30,31,5863,21724
2023-09-20 14:14:17,30,32,5863,21724
2023-09-20 14:14:30,31,32,5863,21724
2023-09-20 14:14:44,30,32,5863,21724
2023-09-20 14:14:46,31,32,5863,21724
2023-09-20 14:15:06,30,32,5863,21724
2023-09-20 14:15:07,31,32,5863,21724
2023-09-20 14:15:08,30,32,5863,21724
2023-09-20 14:15:16,31,32,5863,21724
2023-09-20 14:15:21,30,32,5863,21724
2023-09-20 14:15:22,31,32,5863,21724
2023-09-20 14:15:25,30,32,5863,21724
2023-09-20 14:15:26,31,32,5863,21724
2023-09-20 14:15:27,30,32,5863,21724
2023-09-20 14:15:46,31,32,5863,21724
2023-09-20 14:15:59,30,32,5863,21724
2023-09-20 14:16:00,31,32,5863,21724
2023-09-20 14:16:07,30,32,5863,21724
2023-09-20 14:16:16,30,31,5863,21724
2023-09-20 14:16:20,30,32,5863,21724
2023-09-20 14:16:26,31,32,5863,21724
2023-09-20 14:16:53,30,32,5863,21724
2023-09-20 14:16:54,31,32,5863,21724
2023-09-20 14:17:10,30,32,5863,21724
2023-09-20 14:17:38,30,31,5863,21724
2023-09-20 14:17:41,30,32,5863,21724
2023-09-20 14:17:48,30,31,5863,21724
2023-09-20 14:17:49,30,32,5863,21724
2023-09-20 14:17:53,30,31,5863,21724
2023-09-20 14:18:08,30,32,5863,21724
2023-09-20 14:18:09,30,31,5863,21724
2023-09-20 14:18:13,30,32,5863,21724
2023-09-20 14:18:20,30,31,5863,21724
2023-09-20 14:18:22,30,32,5863,21724
2023-09-20 14:18:23,31,32,5863,21724
2023-09-20 14:18:31,30,32,5863,21724
2023-09-20 14:18:35,31,32,5863,21724
2023-09-20 14:19:17,30,32,5863,21724
2023-09-20 14:19:20,31,32,5863,21724
2023-09-20 14:19:22,30,32,5863,21724
2023-09-20 14:19:26,31,32,5863,21724
2023-09-20 14:19:36,30,32,5863,21724
2023-09-20 14:19:37,31,32,5863,21724
2023-09-20 14:19:51,30,32,5863,21724
2023-09-20 14:19:52,31,32,5863,21724
2023-09-20 14:20:02,30,32,5863,21724
2023-09-20 14:20:03,31,32,5863,21724
2023-09-20 14:20:20,30,32,5863,21724
2023-09-20 14:20:27,31,32,5863,21724
2023-09-20 14:20:30,30,32,5863,21724
2023-09-20 14:20:31,31,32,5863,21724
2023-09-20 14:20:32,30,32,5863,21724
2023-09-20 14:20:37,31,32,5863,21724
2023-09-20 14:20:44,30,32,5863,21724
2023-09-20 14:20:45,31,32,5863,21724
2023-09-20 14:20:56,30,32,5863,21724
2023-09-20 14:20:57,31,32,5863,21724
2023-09-20 14:24:39,31,33,5863,21724
2023-09-20 14:24:47,31,32,5863,21724
2023-09-20 14:24:48,31,33,5863,21724
2023-09-20 14:24:57,31,33,5463,22124
2023-09-20 14:24:58,32,33,5463,22124
2023-09-20 14:25:48,32,34,5063,22524
2023-09-20 14:25:56,33,34,5063,22524
2023-09-20 14:26:05,32,34,5063,22524
2023-09-20 14:26:07,33,34,5063,22524
2023-09-20 14:26:10,32,34,5063,22524
2023-09-20 14:26:42,32,33,5063,22524
2023-09-20 14:27:19,32,33,5263,22724
2023-09-20 14:29:25,32,33,5463,22924
2023-09-20 14:30:04,33,34,5563,23024
2023-09-20 14:30:05,32,34,5563,23024
2023-09-20 14:30:26,32,34,5563,23059
2023-09-20 14:30:27,33,34,5563,23059
2023-09-20 14:31:07,33,35,5563,23059
2023-09-20 14:31:29,33,34,5563,23059
2023-09-20 14:31:29,33,35,5563,23059
2023-09-20 14:31:35,33,34,5563,23059
2023-09-20 14:31:46,32,34,6563,24059
2023-09-20 14:31:46,31,34,6563,24059
2023-09-20 14:31:46,31,33,6563,24059
2023-09-20 14:31:52,31,32,6563,24059
2023-09-20 14:31:58,31,33,6563,24059
2023-09-20 14:32:11,31,34,6563,24061
2023-09-20 14:32:40,31,33,6563,24061
2023-09-20 14:33:45,31,32,6563,24061
2023-09-20 14:33:46,31,32,6663,24161
2023-09-20 14:33:47,31,33,6663,24161
2023-09-20 14:33:48,31,34,6663,24161
2023-09-20 14:34:07,32,34,6663,24161
2023-09-20 14:34:08,32,35,6663,24161
2023-09-20 14:34:11,33,35,6663,24161
2023-09-20 14:34:15,33,34,6663,24161
2023-09-20 14:34:15,33,35,6663,24161
2023-09-20 14:35:01,33,36,6663,24161
2023-09-20 14:35:20,33,35,6663,24161
2023-09-20 14:35:21,33,34,6663,24161
2023-09-20 14:35:22,33,35,6663,24161
2023-09-20 14:35:23,33,36,6663,24161
2023-09-20 14:35:24,33,35,6663,24161
2023-09-20 14:35:25,33,36,6663,24161
2023-09-20 14:35:27,33,35,6663,24161
2023-09-20 14:35:29,33,36,6663,24161
2023-09-20 14:35:29,34,36,6663,24161
2023-09-20 14:35:30,33,36,6663,24161
2023-09-20 14:35:30,33,35,6663,24161
2023-09-20 14:35:30,34,35,6663,24161
2023-09-20 14:35:32,33,34,6665,24163
2023-09-20 14:35:33,33,34,6765,24263
2023-09-20 14:35:34,33,35,6765,24263
2023-09-20 14:35:35,33,36,6765,24263
2023-09-20 14:35:35,34,36,6765,24263
2023-09-20 14:35:38,33,36,6765,24263
2023-09-20 14:35:40,34,36,6765,24263
2023-09-20 14:35:41,34,35,6765,24263
2023-09-20 14:35:42,33,35,6765,24263
2023-09-20 14:35:47,34,35,6765,24263
2023-09-20 14:35:48,33,35,6765,24263
2023-09-20 14:35:49,34,35,6765,24263
2023-09-20 14:36:07,34,36,6765,24263
2023-09-20 14:36:12,34,35,6765,24263
2023-09-20 14:37:20,35,36,6563,24465
2023-09-20 14:37:21,34,35,6554,24474
2023-09-20 14:37:28,33,34,6554,24477
2023-09-20 14:37:28,34,35,6357,24674
2023-09-20 14:37:34,33,35,6357,24674
2023-09-20 14:37:35,34,35,6357,24674
2023-09-20 14:37:35,33,35,6357,24871
2023-09-20 14:37:35,33,34,6357,24871
2023-09-20 14:37:55,34,36,6751,25265
2023-09-20 14:37:55,35,36,6751,25265
2023-09-20 14:37:58,33,36,6751,25265
2023-09-20 14:37:59,34,36,6751,25265
2023-09-20 14:38:07,35,36,6751,25265
2023-09-20 14:38:13,35,36,6474,25665
2023-09-20 14:38:41,35,37,6474,25665
2023-09-20 14:38:42,36,37,6474,25665
2023-09-20 14:38:43,35,37,6474,25665
2023-09-20 14:38:44,36,37,6474,25665
2023-09-20 14:38:45,35,37,6474,25665
2023-09-20 14:38:51,36,37,6474,25665
2023-09-20 14:38:52,35,37,6474,25665
2023-09-20 14:38:53,35,36,6474,25665
2023-09-20 14:39:07,35,37,6474,25665
2023-09-20 14:39:09,35,36,6474,25665
2023-09-20 14:39:11,35,37,6474,25665
2023-09-20 14:39:13,36,37,6474,25665
2023-09-20 14:39:14,35,37,6474,25665
2023-09-20 14:39:22,36,37,6474,25665
2023-09-20 14:39:23,35,37,6474,25665
2023-09-20 14:39:27,35,36,6474,25665
2023-09-20 14:39:34,35,37,6474,25665
2023-09-20 14:39:38,36,37,6474,25665
2023-09-20 14:39:45,35,37,6474,25665
2023-09-20 14:39:54,36,37,6474,25665
2023-09-20 14:39:55,35,37,6474,25665
2023-09-20 14:39:56,35,36,6474,25665
2023-09-20 14:40:00,35,37,6474,25665
2023-09-20 14:40:01,35,36,6474,25665
2023-09-20 14:40:05,35,36,6474,25668
2023-09-20 14:40:06,35,36,6474,25671
2023-09-20 14:40:07,35,36,6474,25674
2023-09-20 14:40:08,35,36,6474,25677
2023-09-20 14:40:09,35,36,6474,25680
2023-09-20 14:40:10,35,36,6474,25683
2023-09-20 14:40:11,35,36,6474,25686
2023-09-20 14:40:12,35,36,6474,25689
2023-09-20 14:40:13,35,36,6474,25692
2023-09-20 14:40:13,35,37,6474,25692
2023-09-20 14:40:14,36,37,6474,25692
2023-09-20 14:40:14,35,36,6474,25695
2023-09-20 14:40:15,36,37,6570,25887
2023-09-20 14:40:15,35,37,6581,25898
2023-09-20 14:40:16,36,37,6581,25898
2023-09-20 14:40:36,37,38,6581,25899
2023-09-20 14:40:38,36,38,6581,25899
2023-09-20 14:40:39,36,37,6581,25899
2023-09-20 14:40:42,36,38,6581,25899
2023-09-20 14:40:45,37,38,6581,25899
2023-09-20 14:41:04,37,38,6581,25954
2023-09-20 14:41:16,37,38,6941,26409
2023-09-20 14:41:52,36,37,7342,26810
2023-09-20 14:42:00,36,37,7441,26909
2023-09-20 14:42:03,37,38,7441,26910
2023-09-20 14:42:09,36,38,7496,26965
2023-09-20 14:42:10,36,37,7496,26965
2023-09-20 14:42:14,36,38,7496,26965
2023-09-20 14:42:21,37,38,7496,26965
2023-09-20 14:42:43,37,38,7496,27020
2023-09-20 14:42:57,36,38,7496,27020
2023-09-20 14:43:00,37,38,7496,27020
2023-09-20 14:43:02,36,38,7496,27020
2023-09-20 14:43:03,37,38,7496,27020
2023-09-20 14:43:06,36,38,7496,27020
2023-09-20 14:43:07,37,38,7496,27020
2023-09-20 14:43:11,36,38,7496,27020
2023-09-20 14:43:12,36,37,7496,27020
2023-09-20 14:43:14,36,38,7496,27020
2023-09-20 14:43:18,36,37,7496,27020
2023-09-20 14:43:18,36,37,7626,27150
2023-09-20 14:43:25,36,37,7608,27168
2023-09-20 14:43:26,35,36,7686,27246
2023-09-20 14:43:27,35,36,7689,27249
2023-09-20 14:43:27,35,37,7713,27273
2023-09-20 14:43:28,36,37,7713,27273
2023-09-20 14:43:30,36,38,7713,27273
2023-09-20 14:43:31,37,38,7713,27273
2023-09-20 14:43:34,36,38,7713,27273
2023-09-20 14:43:36,37,38,7713,27273
2023-09-20 14:43:49,37,38,7748,27308
2023-09-20 14:43:50,37,38,7748,27508
2023-09-20 14:43:51,36,37,7748,27510
2023-09-20 14:44:18,36,38,7748,27510
2023-09-20 14:44:24,36,37,7748,27510
2023-09-20 14:44:28,36,38,7748,27510
2023-09-20 14:44:30,36,37,7748,27510
2023-09-20 14:44:32,36,38,7748,27510
2023-09-20 14:44:43,36,37,7748,27510
2023-09-20 14:44:51,36,38,7748,27510
2023-09-20 14:44:59,37,38,7748,27510
2023-09-20 14:44:59,37,38,7748,27702
2023-09-20 14:45:00,36,38,7748,27702
2023-09-20 14:45:00,37,38,7748,27702
2023-09-20 14:45:03,36,38,7748,27702
2023-09-20 14:45:18,37,38,7748,27702
2023-09-20 14:45:25,37,39,7748,27792
2023-09-20 14:45:26,38,39,7748,27792
2023-09-20 14:45:26,38,39,7786,28192
2023-09-20 14:45:27,37,39,7786,28192
2023-09-20 14:45:27,37,39,7786,28592
2023-09-20 14:45:28,38,39,7786,28592
2023-09-20 14:45:28,38,40,7786,28615
2023-09-20 14:45:29,39,40,7786,28615
2023-09-20 14:45:50,38,40,7786,28615
2023-09-20 14:45:51,39,40,7786,28615
2023-09-20 14:45:55,39,40,7786,28670
2023-09-20 14:46:19,38,40,7786,28670
2023-09-20 14:46:20,38,39,7786,28670
2023-09-20 14:46:21,38,39,7786,29070
2023-09-20 14:46:24,38,40,7786,29070
2023-09-20 14:46:26,39,40,7786,29070
2023-09-20 14:47:44,39,40,7786,29470
2023-09-20 14:47:45,39,41,7786,29815
2023-09-20 14:47:46,40,41,7786,29815
2023-09-20 14:48:06,39,41,7786,29815
2023-09-20 14:48:08,40,41,7786,29815
2023-09-20 14:48:22,39,41,7786,29815
2023-09-20 14:48:23,40,41,7786,29815
2023-09-20 14:48:25,39,41,7786,29815
2023-09-20 14:48:26,40,41,7786,29815
2023-09-20 14:48:30,40,41,7461,30140
2023-09-20 14:48:44,40,41,7461,30540
2023-09-20 14:49:18,40,42,7461,30615
2023-09-20 14:49:19,41,42,7461,30615
2023-09-20 14:49:23,41,42,7681,31015
2023-09-20 14:49:49,40,42,7681,31015
2023-09-20 14:49:50,41,42,7681,31015
2023-09-20 14:49:53,40,42,7681,31015
2023-09-20 14:49:55,40,41,7681,31015
2023-09-20 14:49:56,40,42,7681,31015
2023-09-20 14:49:56,40,42,7461,31415
2023-09-20 14:49:57,40,41,7461,31415
2023-09-20 14:49:59,40,42,7461,31415
2023-09-20 14:50:01,41,42,7461,31415
2023-09-20 14:50:02,40,42,7461,31415
2023-09-20 14:50:03,41,42,7461,31415
2023-09-20 14:50:04,40,42,7461,31415
2023-09-20 14:50:06,41,42,7461,31415
2023-09-20 14:50:08,40,42,7461,31415
2023-09-20 14:50:09,40,41,7461,31415
2023-09-20 14:50:16,40,42,7461,31415
2023-09-20 14:50:16,41,42,7461,31415
2023-09-20 14:50:18,41,42,7461,31560
2023-09-20 14:50:18,39,42,7461,31560
2023-09-20 14:50:19,39,41,7461,31560
2023-09-20 14:50:20,39,42,7461,31560
2023-09-20 14:50:21,40,42,7461,31560
2023-09-20 14:50:33,41,42,7461,31560
2023-09-20 14:50:34,40,41,7667,31801
2023-09-20 14:50:35,39,41,8436,32776
2023-09-20 14:50:37,40,41,8436,32776
2023-09-20 14:50:55,40,42,8436,32976
2023-09-20 14:50:56,40,41,8436,32976
2023-09-20 14:50:56,39,41,8436,32976
2023-09-20 14:50:56,40,41,8436,32976
2023-09-20 14:50:58,39,41,8436,32976
2023-09-20 14:50:58,39,42,8436,33176
2023-09-20 14:50:59,40,42,8436,33176
2023-09-20 14:51:00,40,41,8436,33176
2023-09-20 14:51:00,40,41,8409,33203
2023-09-20 14:51:00,40,42,8488,33431
2023-09-20 14:51:01,40,41,8488,33431
2023-09-20 14:51:08,39,41,8488,33431
2023-09-20 14:51:14,40,41,8488,33431
2023-09-20 14:51:15,39,41,8488,33431
2023-09-20 14:51:17,39,41,8488,33432
2023-09-20 14:51:18,39,42,8488,33432
2023-09-20 14:51:20,39,41,8488,33432
2023-09-20 14:51:21,40,41,8488,33432
2023-09-20 14:51:23,39,41,8488,33432
2023-09-20 14:51:34,40,41,8488,33432
2023-09-20 14:51:35,39,41,8488,33432
2023-09-20 14:51:41,40,41,8488,33432
2023-09-20 14:51:44,40,42,8488,33432
2023-09-20 14:51:45,40,41,8488,33432
2023-09-20 14:51:46,40,42,8488,33432
2023-09-20 14:52:02,41,42,8488,33432
2023-09-20 14:52:18,41,42,8888,33832
2023-09-20 14:52:20,41,42,8964,33947
2023-09-20 14:52:23,41,43,9165,34223
2023-09-20 14:52:24,42,43,9165,34223
2023-09-20 14:52:29,41,43,9165,34223
2023-09-20 14:52:29,41,43,9565,34623
2023-09-20 14:52:30,42,43,9565,34623
2023-09-20 14:52:35,43,44,9565,34624
2023-09-20 14:52:37,43,44,9625,34684
2023-09-20 14:52:43,43,44,9754,34813
2023-09-20 14:52:53,43,44,10154,35213
2023-09-20 14:52:58,43,45,10225,35284
2023-09-20 14:53:00,44,45,10225,35284
2023-09-20 14:53:08,43,45,10225,35284
2023-09-20 14:53:31,43,44,10225,35284
2023-09-20 14:53:32,43,45,10225,35284
2023-09-20 14:53:43,44,45,10225,35284
2023-09-20 14:54:01,43,44,10225,35286
2023-09-20 14:54:33,42,44,10225,35286
2023-09-20 14:54:33,42,43,10225,35286
2023-09-20 14:54:34,42,44,10225,35286
2023-09-20 14:54:36,43,44,10225,35286
2023-09-20 14:54:41,43,44,10225,35287
2023-09-20 14:55:09,43,44,10225,35290
2023-09-20 14:55:17,42,44,10225,35290
2023-09-20 14:55:18,42,43,10225,35290
2023-09-20 14:55:19,42,44,10225,35290
2023-09-20 14:55:20,42,43,10225,35290
2023-09-20 14:55:37,42,43,10025,35490
2023-09-20 14:55:39,42,44,10025,35490
2023-09-20 14:55:44,42,44,10025,35491
2023-09-20 14:55:46,43,44,10025,35491
2023-09-20 14:55:54,43,44,9808,35708
2023-09-20 14:55:55,43,44,9760,35756
2023-09-20 14:55:56,44,45,9739,35779
2023-09-20 14:56:00,44,46,9739,35779
2023-09-20 14:56:01,45,46,9739,35779
2023-09-20 14:56:07,45,47,9739,35779
2023-09-20 14:56:10,46,47,9739,35779
2023-09-20 14:56:19,46,47,9739,35781
2023-09-20 14:56:28,45,47,9739,35781
2023-09-20 14:56:30,46,47,9739,35781
2023-09-20 14:57:15,46,47,10139,36181
2023-09-20 14:57:19,46,48,10139,36181
2023-09-20 14:57:31,47,48,10139,36181
2023-09-20 14:58:08,46,48,10139,36181
2023-09-20 14:58:09,47,48,10139,36181
2023-09-20 14:58:12,46,48,10139,36181
2023-09-20 14:58:13,46,47,10139,36181
2023-09-20 14:58:18,46,48,10139,36181
2023-09-20 14:58:20,46,47,10139,36181
2023-09-20 14:58:22,46,48,10139,36181
2023-09-20 14:58:25,46,47,10139,36181
2023-09-20 14:58:28,46,48,10139,36181
2023-09-20 14:58:30,47,48,10139,36181
2023-09-20 14:59:23,46,48,10139,36181
2023-09-20 14:59:28,46,47,10139,36181
2023-09-20 14:59:35,46,48,10139,36181
2023-09-20 14:59:37,46,47,10139,36181
2023-09-20 14:59:38,46,48,10139,36181
2023-09-20 14:59:43,46,47,10139,36181
2023-09-20 15:00:01,45,47,10139,36181
2023-09-20 15:00:04,44,47,10139,36181
2023-09-20 15:00:06,44,46,10139,36181
2023-09-20 15:00:06,45,46,10139,36181
2023-09-20 15:00:19,45,47,10139,36181
2023-09-20 15:00:21,45,46,10139,36181
2023-09-20 15:00:22,45,47,10139,36181
2023-09-20 15:00:22,46,47,10139,36181
2023-09-20 15:00:35,46,48,10139,36181
2023-09-20 15:00:42,46,47,10139,36181
2023-09-20 15:00:46,46,48,10139,36181
2023-09-20 15:00:47,46,47,10139,36181
2023-09-20 15:00:48,46,47,9970,36350
2023-09-20 15:00:49,47,48,9896,36424
2023-09-20 15:00:51,47,48,9965,36499
2023-09-20 15:01:13,47,49,9965,36499
2023-09-20 15:01:14,48,49,9965,36499
2023-09-20 15:01:17,47,49,9965,36499
2023-09-20 15:01:22,47,48,9965,36499
2023-09-20 15:01:28,47,49,9965,36499
2023-09-20 15:01:38,48,49,9965,36499
2023-09-20 15:02:09,47,49,9965,36499
2023-09-20 15:02:09,48,49,9965,36499
2023-09-20 15:02:10,47,49,9965,36499
2023-09-20 15:02:13,48,49,9965,36499
2023-09-20 15:02:23,48,50,9965,36499
2023-09-20 15:02:29,49,50,9965,36499
2023-09-20 15:03:08,48,50,9965,36499
2023-09-20 15:03:11,49,50,9965,36499
2023-09-20 15:03:15,48,50,9965,36499
2023-09-20 15:03:24,48,49,9965,36499
2023-09-20 15:03:28,48,50,9965,36499
2023-09-20 15:03:36,49,50,9965,36499
2023-09-20 15:03:38,48,50,9965,36499
2023-09-20 15:03:45,47,50,9965,36499
2023-09-20 15:03:45,47,49,9965,36499
2023-09-20 15:03:52,47,48,9965,36499
2023-09-20 15:04:03,46,48,9965,36499
2023-09-20 15:04:03,46,47,9965,36499
2023-09-20 15:04:23,47,48,9682,36782
2023-09-20 15:04:23,47,49,9682,36782
2023-09-20 15:04:24,47,48,9682,36782
2023-09-20 15:04:25,47,49,9682,36782
2023-09-20 15:04:29,47,48,9682,36782
2023-09-20 15:04:31,47,49,9682,36782
2023-09-20 15:04:32,47,48,9682,36782
2023-09-20 15:04:33,47,49,9682,36782
2023-09-20 15:04:36,48,49,9682,36782
2023-09-20 15:04:38,47,49,9682,36782
2023-09-20 15:04:40,47,48,9682,36782
2023-09-20 15:04:44,47,49,9682,36782
2023-09-20 15:04:47,47,48,9682,36782
2023-09-20 15:04:50,48,49,9498,36966
2023-09-20 15:04:51,47,49,9498,36966
2023-09-20 15:04:53,47,48,9498,36966
2023-09-20 15:04:54,47,48,9298,37166
2023-09-20 15:04:54,47,49,9298,37166
2023-09-20 15:04:59,47,48,9298,37166
2023-09-20 15:05:00,47,49,9298,37166
2023-09-20 15:05:00,47,50,9298,37166
2023-09-20 15:05:00,47,50,8898,37566
2023-09-20 15:05:01,47,49,8898,37566
2023-09-20 15:05:01,46,49,8898,37566
2023-09-20 15:05:01,46,48,8898,37566
2023-09-20 15:05:02,46,47,8898,37566
2023-09-20 15:05:05,46,48,8898,37566
2023-09-20 15:05:07,47,48,8898,37566
2023-09-20 15:05:09,47,49,8898,37566
2023-09-20 15:05:10,47,50,8898,37566
2023-09-20 15:05:17,47,50,8898,37566
2023-09-20 15:05:17,47,49,8898,37566
2023-09-20 15:05:18,47,50,8898,37566
2023-09-20 15:05:21,48,50,8898,37566
2023-09-20 15:05:52,49,50,8898,37566
2023-09-20 15:06:03,48,50,8898,37566
2023-09-20 15:06:07,48,49,8898,37566
2023-09-20 15:06:16,48,50,8898,37566
2023-09-20 15:06:22,49,50,8898,37566
2023-09-20 15:06:24,47,50,8898,37566
2023-09-20 15:06:25,47,49,8898,37566
2023-09-20 15:06:35,46,49,8898,37566
2023-09-20 15:06:43,47,49,8898,37566
2023-09-20 15:06:46,47,48,8898,37566
2023-09-20 15:06:48,47,48,8848,37616
2023-09-20 15:07:01,46,48,8848,37616
2023-09-20 15:07:02,47,48,8848,37616
2023-09-20 15:07:21,46,48,8848,37616
2023-09-20 15:07:26,47,48,8848,37616
2023-09-20 15:07:27,46,48,8848,37616
2023-09-20 15:07:27,46,47,8848,37616
2023-09-20 15:07:28,45,47,8848,37616
2023-09-20 15:07:30,45,46,8848,37616
2023-09-20 15:07:30,44,46,8848,37616
2023-09-20 15:07:31,44,45,8848,37616
2023-09-20 15:07:43,43,45,8848,37616
2023-09-20 15:07:43,43,44,8848,37616
2023-09-20 15:07:50,43,44,8648,37816
2023-09-20 15:07:54,43,45,8648,37816
2023-09-20 15:07:55,43,44,8648,37816
2023-09-20 15:07:57,42,44,8648,37816
2023-09-20 15:08:01,42,43,8648,37816
2023-09-20 15:08:03,42,44,8648,37816
2023-09-20 15:08:10,42,43,8648,37816
2023-09-20 15:08:11,42,43,8591,38016
2023-09-20 15:08:39,42,43,8610,38035
2023-09-20 15:08:39,41,42,8772,38197
2023-09-20 15:09:07,41,43,8972,38397
2023-09-20 15:09:10,42,43,8972,38397
2023-09-20 15:09:13,41,43,8972,38397
2023-09-20 15:09:17,42,43,8972,38397
2023-09-20 15:09:18,44,45,8972,38497
2023-09-20 15:09:34,43,45,8972,38497
2023-09-20 15:09:34,43,44,8972,38497
2023-09-20 15:09:35,42,44,8972,38497
2023-09-20 15:09:44,43,44,8972,38497
2023-09-20 15:09:45,42,44,8972,38497
2023-09-20 15:09:51,41,44,8972,38497
2023-09-20 15:09:53,41,43,8972,38497
2023-09-20 15:09:58,41,44,8972,38497
2023-09-20 15:10:02,42,44,8972,38497
2023-09-20 15:10:03,41,44,8972,38497
2023-09-20 15:10:06,42,44,8972,38497
2023-09-20 15:10:07,41,44,8972,38497
2023-09-20 15:10:08,41,43,8972,38497
2023-09-20 15:10:09,41,42,8972,38497
2023-09-20 15:10:18,41,42,8972,38697
2023-09-20 15:10:18,41,44,8972,38697
2023-09-20 15:10:19,41,43,8972,38697
2023-09-20 15:10:22,42,43,8972,38697
2023-09-20 15:10:22,42,44,8972,38697
2023-09-20 15:10:33,43,44,8972,38697
2023-09-20 15:10:33,43,45,8972,38697
2023-09-20 15:10:42,43,44,8972,38697
2023-09-20 15:10:44,43,45,8972,38697
2023-09-20 15:10:51,42,45,8972,38697
2023-09-20 15:10:55,42,44,8972,38697
2023-09-20 15:11:04,43,44,8972,38697
2023-09-20 15:11:05,43,45,8972,38697
2023-09-20 15:11:10,43,44,8972,38697
2023-09-20 15:11:11,43,45,8972,38697
2023-09-20 15:11:12,43,44,8972,38697
2023-09-20 15:11:13,43,45,8972,38697
2023-09-20 15:11:32,42,45,8972,38697
2023-09-20 15:11:32,42,44,8972,38697
2023-09-20 15:11:54,43,44,8972,38697
2023-09-20 15:11:56,43,45,8972,38697
2023-09-20 15:12:01,42,45,8972,38697
2023-09-20 15:12:01,42,44,8972,38697
2023-09-20 15:12:09,41,44,8972,38697
2023-09-20 15:12:11,41,43,8972,38697
2023-09-20 15:12:12,41,42,8972,38697
2023-09-20 15:12:19,40,42,8972,38697
2023-09-20 15:12:19,39,42,8972,38697
2023-09-20 15:12:19,39,41,8972,38697
2023-09-20 15:12:19,39,40,8972,38697
2023-09-20 15:12:21,38,40,8972,38697
2023-09-20 15:12:21,38,39,8972,38697
2023-09-20 15:12:22,38,39,9032,38757
2023-09-20 15:12:26,37,39,9032,38757
2023-09-20 15:12:27,37,38,9032,38757
2023-09-20 15:12:42,37,40,9032,38757
2023-09-20 15:12:43,37,39,9032,38757
2023-09-20 15:13:02,37,38,9032,38757
2023-09-20 15:13:14,36,38,9032,38757
2023-09-20 15:13:15,36,37,9032,38757
2023-09-20 15:13:18,35,37,9032,38757
2023-09-20 15:13:25,35,36,9032,38757
2023-09-20 15:13:27,35,36,8882,38907
2023-09-20 15:13:30,34,36,8857,38932
2023-09-20 15:13:31,33,36,8857,38932
2023-09-20 15:13:31,33,34,8857,38932
2023-09-20 15:13:38,32,34,8857,38932
2023-09-20 15:13:40,32,35,8857,38932
2023-09-20 15:13:40,33,35,8857,38932
2023-09-20 15:13:47,33,34,8857,38932
2023-09-20 15:13:48,33,34,8953,39028
2023-09-20 15:13:49,32,34,8953,39028
2023-09-20 15:13:52,32,33,8953,39028
2023-09-20 15:13:55,32,34,8953,39028
2023-09-20 15:13:57,32,33,8953,39028
2023-09-20 15:13:59,32,34,8953,39028
2023-09-20 15:14:00,32,33,8953,39028
2023-09-20 15:14:05,31,33,8953,39163
2023-09-20 15:14:06,31,32,8953,39163
2023-09-20 15:14:11,30,32,8953,39163
2023-09-20 15:14:12,30,33,8953,39163
2023-09-20 15:14:12,30,31,8953,39163
2023-09-20 15:14:31,30,31,8928,39188
2023-09-20 15:14:34,29,31,8928,39388
2023-09-20 15:14:35,29,30,8928,39388
2023-09-20 15:14:44,29,31,8928,39388
2023-09-20 15:14:44,28,31,8928,39588
2023-09-20 15:14:45,28,30,8928,39588
2023-09-20 15:14:46,28,29,8928,39588
2023-09-20 15:14:47,28,29,8928,39788
2023-09-20 15:14:49,28,30,8928,39788
2023-09-20 15:14:49,29,30,8928,39788
2023-09-20 15:14:59,28,30,8928,39788
2023-09-20 15:15:01,28,29,8928,39788
2023-09-20 15:15:04,28,30,8928,39788
2023-09-20 15:15:05,29,30,8928,39788
2023-09-20 15:15:07,28,30,8928,39788
2023-09-20 15:15:08,28,29,8928,39788
2023-09-20 15:15:15,28,30,8928,39788
2023-09-20 15:15:20,29,30,8928,39788
2023-09-20 15:15:20,29,32,8928,39788
2023-09-20 15:15:21,29,31,8928,39788
2023-09-20 15:15:25,30,31,8928,39788
2023-09-20 15:15:26,30,32,8928,39788
2023-09-20 15:15:27,30,33,8928,39788
2023-09-20 15:15:27,30,32,8928,39788
2023-09-20 15:15:29,30,31,8928,39788
2023-09-20 15:15:31,29,31,8928,39788
2023-09-20 15:16:29,30,31,8928,39788
2023-09-20 15:16:29,30,32,8928,39788
2023-09-20 15:16:30,29,32,8928,39788
2023-09-20 15:16:31,29,31,8928,39788
2023-09-20 15:16:34,28,31,8928,39788
2023-09-20 15:16:35,28,30,8928,39788
2023-09-20 15:16:37,28,30,8928,39888
2023-09-20 15:16:44,30,31,8928,40040
2023-09-20 15:16:45,30,31,8928,40240
2023-09-20 15:16:45,30,33,8928,40240
2023-09-20 15:16:46,31,33,8928,40240
2023-09-20 15:16:54,31,34,8928,40240
2023-09-20 15:16:58,31,33,8928,40240
2023-09-20 15:17:03,30,33,8928,40240
2023-09-20 15:17:04,31,33,8928,40240
2023-09-20 15:17:05,30,33,8928,40240
2023-09-20 15:17:08,31,33,8928,40240
2023-09-20 15:17:08,31,32,8928,40240
2023-09-20 15:17:08,30,32,8928,40240
2023-09-20 15:17:10,29,32,8928,40240
2023-09-20 15:17:12,29,31,8928,40240
2023-09-20 15:17:14,29,30,8928,40240
2023-09-20 15:17:15,29,30,8928,40340
2023-09-20 15:17:16,29,30,8895,40373
2023-09-20 15:17:35,28,29,8895,40374
2023-09-20 15:17:35,27,28,8780,40489
2023-09-20 15:17:35,26,28,8780,40489
2023-09-20 15:17:36,26,27,8780,40489
2023-09-20 15:17:36,26,27,8632,40637
2023-09-20 15:17:36,25,27,8632,40637
2023-09-20 15:17:37,25,26,8632,40637
2023-09-20 15:17:49,24,26,8632,40637
2023-09-20 15:17:49,23,26,8632,40637
2023-09-20 15:17:50,23,25,8632,40637
2023-09-20 15:17:52,23,24,8632,40637
2023-09-20 15:17:58,23,24,8665,40670
2023-09-20 15:18:02,22,24,8665,40670
2023-09-20 15:18:16,22,23,8665,40670
2023-09-20 15:18:21,20,22,8665,40685
2023-09-20 15:18:21,20,21,8665,40685
2023-09-20 15:18:23,19,21,8665,40685
2023-09-20 15:18:23,19,20,8665,40685
2023-09-20 15:18:40,19,20,8665,40686
2023-09-20 15:19:01,18,19,8665,40687
2023-09-20 15:19:05,19,20,8665,40877
2023-09-20 15:19:06,18,20,8665,40877
2023-09-20 15:19:06,18,19,8665,40877
2023-09-20 15:19:08,18,20,8665,40877
2023-09-20 15:19:09,19,20,8665,40877
2023-09-20 15:19:11,20,22,8665,41080
2023-09-20 15:19:11,20,21,8665,41080
2023-09-20 15:19:14,19,21,8665,41080
2023-09-20 15:19:14,19,20,8665,41080
2023-09-20 15:19:20,19,21,8665,41080
2023-09-20 15:19:24,19,22,8665,41080
2023-09-20 15:19:28,19,21,8665,41080
2023-09-20 15:19:34,18,21,8665,41080
2023-09-20 15:19:34,18,20,8665,41080
2023-09-20 15:19:35,18,19,8665,41080
2023-09-20 15:19:39,18,19,8665,41180
2023-09-20 15:19:39,18,20,8665,41180
2023-09-20 15:19:50,18,21,8665,41180
2023-09-20 15:19:50,19,21,8665,41180
2023-09-20 15:19:51,18,21,8665,41180
2023-09-20 15:19:51,18,20,8665,41180
2023-09-20 15:19:59,18,21,8665,41180
2023-09-20 15:20:01,18,20,8665,41180
2023-09-20 15:20:03,18,21,8665,41180
2023-09-20 15:20:03,19,21,8665,41180
2023-09-20 15:20:04,19,22,8665,41180
2023-09-20 15:20:06,20,22,8665,41180
2023-09-20 15:20:10,21,22,8665,41180
2023-09-20 15:20:14,21,24,8665,41180
2023-09-20 15:20:14,22,24,8665,41180
2023-09-20 15:20:18,22,23,8665,41180
2023-09-20 15:20:19,21,23,8665,41180
2023-09-20 15:20:24,22,23,8665,41180
2023-09-20 15:20:24,21,22,8665,41372
2023-09-20 15:20:24,20,22,8665,41372
2023-09-20 15:20:26,21,22,8665,41372
2023-09-20 15:20:26,20,22,8665,41372
2023-09-20 15:20:30,21,22,8665,41372
2023-09-20 15:20:31,20,22,8665,41372
2023-09-20 15:20:35,20,21,8665,41372
2023-09-20 15:20:46,20,22,8665,41372
2023-09-20 15:20:47,21,22,8665,41372
2023-09-20 15:20:49,21,22,8665,41382
2023-09-20 15:20:50,20,22,8665,41382
2023-09-20 15:20:52,20,23,8665,41382
2023-09-20 15:20:53,20,22,8665,41382
2023-09-20 15:20:58,20,23,8665,41382
2023-09-20 15:20:58,21,23,8665,41382
2023-09-20 15:21:06,21,22,8665,41382
2023-09-20 15:21:06,20,22,8665,41382
2023-09-20 15:21:14,20,21,8665,41382
2023-09-20 15:21:25,19,21,8665,41382
2023-09-20 15:21:39,19,22,8665,41382
2023-09-20 15:21:40,19,21,8665,41382
2023-09-20 15:21:42,20,21,8665,41382
2023-09-20 15:21:42,20,22,8665,41382
2023-09-20 15:21:56,21,22,8665,41382
2023-09-20 15:21:57,21,23,8665,41382
2023-09-20 15:22:00,20,23,8665,41382
2023-09-20 15:22:00,20,22,8665,41382
2023-09-20 15:22:04,19,22,8665,41382
2023-09-20 15:22:05,19,21,8665,41382
2023-09-20 15:22:06,19,20,8665,41382
2023-09-20 15:22:08,19,22,8665,41382
2023-09-20 15:22:09,19,21,8665,41382
2023-09-20 15:22:15,20,21,8665,41382
2023-09-20 15:22:16,19,20,8660,41387
2023-09-20 15:22:17,18,20,8660,41387
2023-09-20 15:22:17,18,19,8660,41387
2023-09-20 15:22:34,18,20,8660,41387
2023-09-20 15:22:35,18,21,8660,41387
2023-09-20 15:22:35,18,20,8660,41387
2023-09-20 15:23:01,18,19,8660,41387
2023-09-20 15:23:06,18,20,8660,41387
2023-09-20 15:23:12,18,21,8660,41387
2023-09-20 15:23:15,18,20,8660,41387
2023-09-20 15:23:40,18,20,8660,41388
2023-09-20 15:23:49,18,21,8660,41388
2023-09-20 15:23:49,19,21,8660,41388
2023-09-20 15:23:50,19,22,8660,41388
2023-09-20 15:23:50,20,22,8660,41388
2023-09-20 15:23:51,19,22,8660,41388
2023-09-20 15:23:52,20,22,8660,41388
2023-09-20 15:23:55,19,22,8660,41388
2023-09-20 15:23:56,20,22,8660,41388
2023-09-20 15:23:58,20,23,8660,41388
2023-09-20 15:23:59,21,23,8660,41388
2023-09-20 15:24:00,21,24,8660,41388
2023-09-20 15:24:00,22,24,8660,41388
2023-09-20 15:24:05,21,24,8660,41388
2023-09-20 15:24:06,21,23,8660,41388
2023-09-20 15:24:07,21,24,8660,41388
2023-09-20 15:24:08,22,24,8660,41388
2023-09-20 15:24:09,21,24,8660,41388
2023-09-20 15:24:11,21,23,8660,41388
2023-09-20 15:24:14,21,24,8660,41388
2023-09-20 15:24:15,22,24,8660,41388
2023-09-20 15:24:18,22,25,8660,41388
2023-09-20 15:24:20,23,25,8660,41388
2023-09-20 15:24:21,24,25,8660,41388
2023-09-20 15:24:21,25,27,8660,41388
2023-09-20 15:24:23,25,26,8660,41388
2023-09-20 15:24:23,24,26,8660,41388
2023-09-20 15:24:29,24,25,8660,41388
2023-09-20 15:24:32,24,26,8660,41388
2023-09-20 15:24:44,24,27,8660,41388
2023-09-20 15:24:44,25,27,8660,41388
2023-09-20 15:24:46,25,26,8660,41388
2023-09-20 15:24:51,24,26,8660,41388
2023-09-20 15:24:54,24,27,8660,41388
2023-09-20 15:24:54,25,27,8660,41388
2023-09-20 15:25:06,25,28,8660,41388
2023-09-20 15:25:06,26,28,8660,41388
2023-09-20 15:25:07,27,28,8660,41388
2023-09-20 15:25:08,27,29,8660,41388
2023-09-20 15:25:08,28,29,8660,41388
2023-09-20 15:25:09,28,30,8660,41388
2023-09-20 15:25:10,29,30,8660,41388
2023-09-20 15:25:16,29,31,8660,41388
2023-09-20 15:25:16,30,31,8660,41388
2023-09-20 15:25:21,30,33,8660,41388
2023-09-20 15:25:21,31,33,8660,41388
2023-09-20 15:25:22,32,33,8660,41388
2023-09-20 15:25:24,31,33,8660,41388
2023-09-20 15:25:24,31,34,8660,41788
2023-09-20 15:25:25,32,34,8660,41788
2023-09-20 15:25:26,32,33,8660,41788
2023-09-20 15:25:26,30,33,8660,41788
2023-09-20 15:25:27,30,32,8660,41788
2023-09-20 15:25:31,30,31,8660,41788
2023-09-20 15:25:33,29,31,8660,41788
2023-09-20 15:25:33,28,31,8660,41788
2023-09-20 15:25:34,28,30,8660,41788
2023-09-20 15:25:36,28,29,8660,41788
2023-09-20 15:25:54,28,30,8660,41788
2023-09-20 15:25:56,28,29,8660,41788
2023-09-20 15:25:59,28,30,8660,41788
2023-09-20 15:26:00,29,30,8660,41788
2023-09-20 15:26:08,28,30,8660,41788
2023-09-20 15:26:08,28,29,8660,41788
2023-09-20 15:26:19,27,29,8660,41788
2023-09-20 15:26:19,26,29,8660,41788
2023-09-20 15:26:20,25,29,8660,41788
2023-09-20 15:26:20,25,28,8660,41788
2023-09-20 15:26:20,24,28,8660,41788
2023-09-20 15:26:20,24,27,8660,41788
2023-09-20 15:26:21,24,26,8660,41788
2023-09-20 15:26:21,23,26,8660,41788
2023-09-20 15:26:21,23,25,8660,41788
2023-09-20 15:26:22,23,24,8660,41788
2023-09-20 15:26:23,23,24,8660,41888
2023-09-20 15:26:25,23,24,8660,41988
2023-09-20 15:26:26,22,24,8660,41988
2023-09-20 15:26:26,22,23,8660,41988
2023-09-20 15:26:27,21,23,8660,41988
2023-09-20 15:26:27,21,22,8660,41988
2023-09-20 15:26:34,21,22,8660,42188
2023-09-20 15:26:34,21,23,8660,42188
2023-09-20 15:26:35,22,23,8660,42188
2023-09-20 15:26:35,22,24,8660,42188
2023-09-20 15:26:36,22,23,8660,42188
2023-09-20 15:26:38,22,24,8660,42188
2023-09-20 15:26:39,22,23,8660,42188
2023-09-20 15:26:42,21,23,8660,42188
2023-09-20 15:26:43,21,22,8660,42188
2023-09-20 15:26:44,21,23,8660,42188
2023-09-20 15:26:45,21,22,8660,42188
2023-09-20 15:26:52,21,23,8660,42188
2023-09-20 15:26:54,22,23,8660,42188
2023-09-20 15:27:01,21,23,8660,42188
2023-09-20 15:27:06,22,23,8660,42188
2023-09-20 15:27:09,22,23,8660,42388
2023-09-20 15:27:10,22,26,8660,42388
2023-09-20 15:27:10,22,25,8660,42388
2023-09-20 15:27:14,22,24,8660,42388
2023-09-20 15:27:16,23,24,8660,42388
2023-09-20 15:27:17,23,25,8660,42388
2023-09-20 15:27:18,23,26,8660,42388
2023-09-20 15:27:21,23,25,8660,42388
2023-09-20 15:27:22,23,26,8660,42388
2023-09-20 15:27:23,24,26,8660,42388
2023-09-20 15:27:24,24,27,8660,42388
2023-09-20 15:27:24,25,27,8660,42388
2023-09-20 15:27:26,25,28,8660,42388
2023-09-20 15:27:30,26,28,8660,42388
2023-09-20 15:27:32,25,28,8660,42388
2023-09-20 15:27:33,26,28,8660,42388
2023-09-20 15:27:41,25,28,8660,42388
2023-09-20 15:27:41,25,27,8660,42388
2023-09-20 15:27:49,24,27,8660,42388
2023-09-20 15:27:55,25,27,8660,42388
2023-09-20 15:27:58,24,27,8660,42388
2023-09-20 15:27:59,24,26,8660,42388
2023-09-20 15:28:00,24,25,8660,42388
2023-09-20 15:28:04,23,25,8660,42388
2023-09-20 15:28:05,23,24,8660,42388
2023-09-20 15:28:06,23,25,8660,42388
2023-09-20 15:28:07,23,24,8660,42388
2023-09-20 15:28:08,23,25,8660,42388
2023-09-20 15:28:09,23,24,8660,42388
2023-09-20 15:28:12,22,24,8660,42388
2023-09-20 15:28:18,21,24,8660,42388
2023-09-20 15:28:22,21,23,8660,42388
2023-09-20 15:28:23,21,24,8660,42388
2023-09-20 15:28:23,21,23,8660,42388
2023-09-20 15:28:34,22,23,8660,42388
2023-09-20 15:28:34,22,24,8660,42388
2023-09-20 15:28:41,22,25,8660,42388
2023-09-20 15:28:43,23,25,8660,42388
2023-09-20 15:28:46,24,25,8660,42388
2023-09-20 15:28:46,24,26,8660,42388
2023-09-20 15:28:49,23,26,8660,42388
2023-09-20 15:28:49,23,25,8660,42388
2023-09-20 15:28:52,23,26,8660,42388
2023-09-20 15:29:07,24,26,8660,42388
2023-09-20 15:29:09,24,27,8660,42388
2023-09-20 15:29:10,25,27,8660,42388
2023-09-20 15:29:11,26,27,8660,42388
2023-09-20 15:29:18,25,27,8660,42388
2023-09-20 15:29:19,26,27,8660,42388
2023-09-20 15:29:20,25,27,8660,42388
2023-09-20 15:29:28,24,27,8660,42388
2023-09-20 15:29:30,25,27,8660,42388
2023-09-20 15:29:33,25,26,8660,42388
2023-09-20 15:29:33,24,26,8660,42388
2023-09-20 15:29:34,24,25,8660,42388
2023-09-20 15:29:34,23,25,8660,42388
2023-09-20 15:29:35,24,25,8660,42388
2023-09-20 15:29:36,23,25,8660,42388
2023-09-20 15:29:58,23,26,8660,42388
2023-09-20 15:29:58,24,26,8660,42388
2023-09-20 15:30:00,25,26,8660,42388
2023-09-20 15:30:00,25,27,8660,42388
2023-09-20 15:30:01,25,28,8660,42388
2023-09-20 15:30:03,25,27,8660,42388
2023-09-20 15:30:05,25,28,8660,42388
2023-09-20 15:30:05,26,28,8660,42388
2023-09-20 15:30:05,26,29,8660,42388
2023-09-20 15:30:07,27,29,8660,42388
2023-09-20 15:30:08,26,29,8660,42388
2023-09-20 15:30:09,26,28,8660,42388
2023-09-20 15:30:09,25,28,8660,42388
2023-09-20 15:30:09,26,28,8660,42388
2023-09-20 15:30:13,26,27,8660,42388
2023-09-20 15:30:13,25,27,8660,42388
2023-09-20 15:30:16,24,27,8660,42388
2023-09-20 15:30:18,24,26,8660,42388
2023-09-20 15:30:18,24,25,8660,42388
2023-09-20 15:30:19,22,25,8660,42388
2023-09-20 15:30:19,23,25,8660,42388
2023-09-20 15:30:20,22,25,8660,42388
2023-09-20 15:30:21,22,24,8660,42388
2023-09-20 15:30:25,21,24,8660,42388
2023-09-20 15:30:25,21,23,8660,42388
2023-09-20 15:30:26,20,23,8660,42388
2023-09-20 15:30:28,21,23,8660,42388
2023-09-20 15:30:28,21,24,8660,42388
2023-09-20 15:30:39,21,23,8660,42388
2023-09-20 15:30:40,20,23,8660,42388
2023-09-20 15:30:43,21,23,8660,42388
2023-09-20 15:30:44,21,24,8660,42388
2023-09-20 15:30:47,21,22,8660,42388
2023-09-20 15:30:48,20,22,8660,42388
2023-09-20 15:30:48,19,22,8660,42388
2023-09-20 15:30:49,19,21,8660,42388
2023-09-20 15:30:58,19,22,8660,42388
2023-09-20 15:30:59,19,21,8660,42388
2023-09-20 15:31:05,18,21,8660,42388
2023-09-20 15:31:05,18,20,8660,42388
2023-09-20 15:31:08,18,21,8660,42388
2023-09-20 15:31:08,19,21,8660,42388
2023-09-20 15:31:11,18,21,8660,42388
2023-09-20 15:31:11,18,20,8660,42388
2023-09-20 15:31:18,18,19,8660,42388
2023-09-20 15:31:18,17,19,8660,42388
2023-09-20 15:31:20,17,18,8660,42388
2023-09-20 15:31:20,16,18,8660,42388
2023-09-20 15:31:22,15,18,8660,42388
2023-09-20 15:31:22,15,17,8660,42388
2023-09-20 15:31:26,15,18,8660,42388
2023-09-20 15:31:27,16,18,8660,42388
2023-09-20 15:31:29,15,18,8660,42388
2023-09-20 15:31:29,15,17,8660,42388
2023-09-20 15:31:34,15,18,8660,42388
2023-09-20 15:31:34,16,18,8660,42388
2023-09-20 15:31:36,16,19,8660,42388
2023-09-20 15:31:48,17,19,8660,42388
2023-09-20 15:31:49,17,20,8660,42388
2023-09-20 15:31:50,18,20,8660,42388
2023-09-20 15:31:53,17,20,8660,42388
2023-09-20 15:31:54,18,20,8660,42388
2023-09-20 15:31:57,17,20,8660,42388
2023-09-20 15:32:04,17,21,8660,42388
2023-09-20 15:32:04,18,21,8660,42388
2023-09-20 15:32:05,18,20,8660,42388
2023-09-20 15:32:05,17,20,8660,42388
2023-09-20 15:32:07,17,19,8660,42388
2023-09-20 15:32:08,16,19,8660,42388
2023-09-20 15:32:09,16,18,8660,42388
2023-09-20 15:32:09,15,18,8660,42388
2023-09-20 15:32:10,15,17,8660,42388
2023-09-20 15:32:12,15,18,8660,42388
2023-09-20 15:32:12,16,18,8660,42388
2023-09-20 15:32:13,16,17,8660,42388
2023-09-20 15:32:13,15,17,8660,42388
2023-09-20 15:32:14,15,16,8660,42388
2023-09-20 15:32:14,14,16,8660,42388
2023-09-20 15:32:14,13,16,8660,42388
2023-09-20 15:32:14,14,16,8660,42388
2023-09-20 15:32:17,14,15,8660,42388
2023-09-20 15:32:19,13,14,8660,42390
2023-09-20 15:32:19,12,14,8660,42390
2023-09-20 15:32:35,12,14,8660,42590
2023-09-20 15:32:35,12,13,8660,42590
2023-09-20 15:32:36,10,12,8660,42640
2023-09-20 15:32:38,9,12,8660,42640
2023-09-20 15:32:38,9,11,8660,42640
2023-09-20 15:32:45,9,10,8660,42640
2023-09-20 15:32:53,8,10,8660,42640
2023-09-20 15:33:02,8,9,8660,42640
2023-09-20 15:33:08,8,9,8660,42840
2023-09-20 15:33:09,7,8,8660,42890
2023-09-20 15:33:19,6,8,8660,42890
2023-09-20 15:33:34,6,7,8660,42890
2023-09-20 15:33:40,5,7,8660,43090
2023-09-20 15:33:58,5,6,8660,43090
2023-09-20 15:34:00,4,6,8660,43090
2023-09-20 15:34:26,4,5,8660,43090
2023-09-20 15:34:39,4,6,8660,43090
2023-09-20 15:35:11,4,5,8660,43090
2023-09-20 15:35:19,4,6,8660,43090
2023-09-20 15:36:58,4,5,8660,43090
2023-09-20 15:37:23,4,5,8660,43290
2023-09-20 15:37:25,3,4,8660,43390
2023-09-20 15:37:31,3,4,8660,43590
2023-09-20 15:37:33,3,4,8760,43690
2023-09-20 15:37:34,3,4,8841,43771
2023-09-20 15:37:35,3,4,8841,43971
2023-09-20 15:37:35,2,4,8841,43971
2023-09-20 15:37:48,2,3,8841,43971
2023-09-20 15:37:58,1,3,8841,43971
2023-09-20 15:38:09,1,2,8841,43971
2023-09-20 15:38:23,1,2,8941,44071
2023-09-20 15:39:08,1,2,9072,44202
2023-09-20 15:39:50,1,2,9172,44302
2023-09-20 15:40:43,1,2,9173,44303
2023-09-20 15:40:54,0,2,10341,45471
2023-09-20 15:41:17,0,2,10341,45496
2023-09-20 15:41:48,0,1,10341,45496
