datetime,bid,ask,open_interest,volume
2023-01-31 09:30:16,17,22,577,1463
2023-01-31 09:30:21,17,24,577,1463
2023-01-31 09:30:57,18,24,577,1463
2023-01-31 09:31:23,20,24,577,1463
2023-01-31 09:31:37,17,24,577,1463
2023-01-31 09:31:37,18,24,577,1463
2023-01-31 09:31:53,18,23,577,1463
2023-01-31 09:32:12,20,23,577,1463
2023-01-31 09:32:18,20,24,577,1463
2023-01-31 09:32:59,17,24,577,1463
2023-01-31 09:32:59,18,24,577,1463
2023-01-31 09:33:23,20,24,577,1463
2023-01-31 09:34:06,20,28,577,1463
2023-01-31 09:34:08,22,28,577,1463
2023-01-31 09:34:09,22,29,577,1463
2023-01-31 09:34:09,22,27,577,1463
2023-01-31 09:36:23,22,27,477,1563
2023-01-31 09:40:10,22,26,477,1563
2023-01-31 09:40:38,20,26,93,1947
2023-01-31 09:41:05,20,27,93,1947
2023-01-31 09:41:35,22,27,93,1947
2023-01-31 09:42:51,22,27,103,1957
2023-01-31 09:43:29,20,27,103,1957
2023-01-31 09:43:29,24,27,103,1957
2023-01-31 09:44:33,22,27,103,1957
2023-01-31 09:45:03,20,27,103,1957
2023-01-31 09:45:53,22,27,103,1957
2023-01-31 09:47:52,24,27,103,1957
2023-01-31 09:49:16,24,27,436,2290
2023-01-31 09:49:24,24,29,492,2346
2023-01-31 09:49:45,26,29,492,2346
2023-01-31 09:49:59,20,22,507,2361
2023-01-31 09:50:03,22,24,580,2434
2023-01-31 09:50:12,24,28,580,2444
2023-01-31 09:50:23,22,29,580,2449
2023-01-31 09:50:24,26,29,580,2449
2023-01-31 09:51:31,20,29,580,2449
2023-01-31 09:51:32,24,29,580,2449
2023-01-31 09:52:37,22,29,580,2449
2023-01-31 09:53:04,24,29,580,2449
2023-01-31 09:58:15,22,29,580,2449
2023-01-31 09:58:59,22,28,580,2449
2023-01-31 09:58:59,20,28,580,2449
2023-01-31 09:59:06,21,28,580,2449
2023-01-31 10:00:12,22,28,580,2449
2023-01-31 10:00:14,22,29,580,2449
2023-01-31 10:00:32,21,29,580,2449
2023-01-31 10:00:32,21,28,580,2449
2023-01-31 10:00:53,21,26,580,2449
2023-01-31 10:01:54,21,28,580,2449
2023-01-31 10:04:35,21,26,580,2449
2023-01-31 10:05:10,21,28,580,2449
2023-01-31 10:06:10,22,28,580,2449
2023-01-31 10:06:18,22,30,580,2449
2023-01-31 10:06:34,25,30,580,2449
2023-01-31 10:07:18,25,32,580,2449
2023-01-31 10:07:43,24,32,580,2449
2023-01-31 10:08:16,24,34,580,2449
2023-01-31 10:08:16,24,30,580,2449
2023-01-31 10:08:16,22,30,580,2449
2023-01-31 10:09:20,20,30,580,2449
2023-01-31 10:09:21,20,27,580,2449
2023-01-31 10:09:37,20,29,580,2449
2023-01-31 10:09:37,20,25,580,2449
2023-01-31 10:09:45,17,25,580,2449
2023-01-31 10:10:12,17,30,580,2449
2023-01-31 10:10:12,14,30,580,2449
2023-01-31 10:10:12,19,30,580,2449
2023-01-31 10:10:12,19,27,580,2449
2023-01-31 10:10:59,17,27,580,2449
2023-01-31 10:10:59,21,27,580,2449
2023-01-31 10:11:08,19,27,580,2449
2023-01-31 10:11:14,16,27,580,2449
2023-01-31 10:11:14,17,27,580,2449
2023-01-31 10:11:14,21,27,580,2449
2023-01-31 10:11:22,21,29,580,2449
2023-01-31 10:11:40,17,29,580,2449
2023-01-31 10:11:40,19,29,580,2449
2023-01-31 10:11:40,19,33,580,2449
2023-01-31 10:11:40,23,31,580,2449
2023-01-31 10:13:40,23,33,580,2449
2023-01-31 10:13:41,21,33,580,2449
2023-01-31 10:13:42,25,33,580,2449
2023-01-31 10:21:46,25,35,580,2449
2023-01-31 10:21:46,22,35,580,2449
2023-01-31 10:21:46,23,35,580,2449
2023-01-31 10:24:12,25,35,580,2449
2023-01-31 10:24:13,25,33,580,2449
2023-01-31 10:25:04,25,35,580,2449
2023-01-31 10:25:04,23,35,580,2449
2023-01-31 10:25:06,27,35,580,2449
2023-01-31 10:26:16,27,33,580,2449
2023-01-31 10:26:16,25,33,580,2449
2023-01-31 10:28:24,27,33,580,2449
2023-01-31 10:28:24,27,35,580,2449
2023-01-31 10:29:28,29,35,580,2449
2023-01-31 10:29:41,29,37,580,2449
2023-01-31 10:30:14,31,37,580,2449
2023-01-31 10:30:14,31,39,580,2449
2023-01-31 10:31:45,31,37,580,2449
2023-01-31 10:31:46,29,37,580,2449
2023-01-31 10:34:35,29,40,580,2449
2023-01-31 10:34:36,27,40,580,2449
2023-01-31 10:34:37,31,40,580,2449
2023-01-31 10:34:39,31,39,580,2449
2023-01-31 10:40:07,31,37,580,2449
2023-01-31 10:40:08,29,37,580,2449
2023-01-31 10:40:41,29,41,580,2449
2023-01-31 10:40:41,29,39,580,2449
2023-01-31 10:40:42,31,39,580,2449
2023-01-31 10:43:19,31,37,580,2449
2023-01-31 10:43:19,25,37,580,2449
2023-01-31 10:43:19,29,37,580,2449
2023-01-31 10:44:01,31,37,580,2449
2023-01-31 10:44:01,31,39,580,2449
2023-01-31 10:50:11,31,40,580,2449
2023-01-31 10:50:12,29,40,580,2449
2023-01-31 10:50:12,33,40,580,2449
2023-01-31 10:50:49,33,41,580,2449
2023-01-31 10:52:12,25,41,580,2449
2023-01-31 10:52:12,31,41,580,2449
2023-01-31 10:52:13,31,39,580,2449
2023-01-31 10:53:03,31,37,580,2449
2023-01-31 10:53:03,31,35,580,2449
2023-01-31 10:55:27,33,35,580,2449
2023-01-31 10:55:30,33,37,580,2449
2023-01-31 10:55:31,33,41,580,2449
2023-01-31 10:55:31,33,40,580,2449
2023-01-31 10:55:32,33,36,580,2449
2023-01-31 10:55:32,33,34,580,2449
2023-01-31 10:58:23,33,41,580,2449
2023-01-31 10:58:23,33,39,580,2449
2023-01-31 10:58:24,33,37,580,2449
2023-01-31 10:58:24,33,35,580,2449
2023-01-31 11:00:04,33,35,585,2454
2023-01-31 11:00:04,31,35,585,2454
2023-01-31 11:01:00,31,37,585,2454
2023-01-31 11:01:03,31,36,585,2454
2023-01-31 11:07:15,32,36,585,2454
2023-01-31 11:07:16,32,37,585,2454
2023-01-31 11:12:49,32,33,585,2454
2023-01-31 11:12:49,31,33,585,2454
2023-01-31 11:14:32,31,37,585,2454
2023-01-31 11:14:33,31,38,585,2454
2023-01-31 11:22:14,38,43,585,2459
2023-01-31 11:24:09,38,45,585,2459
2023-01-31 11:24:29,38,44,585,2459
2023-01-31 11:25:27,38,44,585,2614
2023-01-31 11:25:30,38,44,585,2769
2023-01-31 11:28:25,36,44,585,2769
2023-01-31 11:28:25,33,44,585,2769
2023-01-31 11:28:25,38,44,585,2769
2023-01-31 11:28:37,39,44,585,2769
2023-01-31 11:28:44,39,40,585,2769
2023-01-31 11:32:59,40,45,586,2770
2023-01-31 11:34:33,40,47,586,2770
2023-01-31 11:34:34,40,45,586,2770
2023-01-31 11:36:16,39,45,586,2770
2023-01-31 11:36:20,28,35,601,2786
2023-01-31 11:36:20,30,35,601,2786
2023-01-31 11:36:41,35,37,792,2977
2023-01-31 11:36:48,30,37,792,2977
2023-01-31 11:37:12,22,37,929,3660
2023-01-31 11:37:17,37,39,1093,3834
2023-01-31 11:37:21,37,39,1294,4035
2023-01-31 11:37:21,37,39,1316,4057
2023-01-31 11:37:47,37,41,1316,4057
2023-01-31 11:37:48,37,40,1316,4057
2023-01-31 11:37:49,37,40,1489,4230
2023-01-31 11:37:49,37,38,1489,4230
2023-01-31 11:38:03,35,38,1489,4230
2023-01-31 11:38:08,38,40,1662,4403
2023-01-31 11:38:18,38,40,1838,4579
2023-01-31 11:38:18,38,41,1838,4579
2023-01-31 11:38:19,38,41,1999,4740
2023-01-31 11:38:19,38,39,1999,4740
2023-01-31 11:38:33,35,39,1999,4740
2023-01-31 11:38:46,35,41,1999,4740
2023-01-31 11:38:48,35,40,1999,4740
2023-01-31 11:38:48,35,38,1999,4740
2023-01-31 11:38:48,35,36,1999,4740
2023-01-31 11:39:01,36,38,2169,4910
2023-01-31 11:39:20,36,40,2169,4910
2023-01-31 11:39:30,36,38,2169,4910
2023-01-31 11:39:42,37,38,2169,4910
2023-01-31 11:40:37,38,40,2170,4911
2023-01-31 11:41:57,40,41,2340,5081
2023-01-31 11:42:32,37,41,2340,5081
2023-01-31 11:42:40,40,41,2340,5081
2023-01-31 11:42:48,40,41,2407,5153
2023-01-31 11:43:00,39,41,2407,5153
2023-01-31 11:43:14,39,44,2407,5153
2023-01-31 11:43:15,39,42,2407,5153
2023-01-31 11:45:49,39,44,2407,5153
2023-01-31 11:45:49,39,45,2407,5153
2023-01-31 11:45:50,39,43,2407,5153
2023-01-31 11:45:50,39,41,2407,5153
2023-01-31 11:48:08,39,42,2407,5153
2023-01-31 11:48:26,38,42,2407,5153
2023-01-31 11:49:24,37,42,2407,5171
2023-01-31 11:49:45,37,40,2407,5171
2023-01-31 11:49:47,38,40,2407,5171
2023-01-31 11:50:11,38,41,2407,5171
2023-01-31 11:50:49,38,40,2407,5171
2023-01-31 11:50:53,38,41,2407,5171
2023-01-31 11:51:50,37,41,2407,5171
2023-01-31 11:51:51,39,41,2407,5171
2023-01-31 11:53:50,37,41,2407,5171
2023-01-31 11:53:51,39,41,2407,5171
2023-01-31 11:53:51,40,41,2407,5171
2023-01-31 11:54:50,39,41,2407,5171
2023-01-31 11:54:50,41,43,2656,5420
2023-01-31 11:54:51,41,44,2656,5420
2023-01-31 11:54:53,41,42,2656,5420
2023-01-31 11:55:19,40,42,2656,5420
2023-01-31 11:57:36,39,42,2656,5420
2023-01-31 11:57:37,40,42,2656,5420
2023-01-31 11:57:56,41,42,2656,5420
2023-01-31 11:58:37,40,42,2656,5420
2023-01-31 11:59:18,39,42,2656,5420
2023-01-31 12:01:20,38,42,2656,5420
2023-01-31 12:01:40,37,42,2656,5420
2023-01-31 12:02:17,37,42,2596,5485
2023-01-31 12:02:18,37,39,2596,5485
2023-01-31 12:02:21,35,37,2596,5623
2023-01-31 12:02:21,36,37,2596,5623
2023-01-31 12:02:28,36,39,2596,5623
2023-01-31 12:02:42,37,39,2596,5623
2023-01-31 12:02:52,37,39,2596,5628
2023-01-31 12:02:53,37,42,2596,5628
2023-01-31 12:03:02,35,42,2596,5628
2023-01-31 12:03:02,35,41,2596,5628
2023-01-31 12:03:22,35,40,2596,5628
2023-01-31 12:03:44,36,40,2596,5628
2023-01-31 12:04:02,34,40,2596,5628
2023-01-31 12:04:03,36,40,2596,5628
2023-01-31 12:04:10,36,39,2596,5628
2023-01-31 12:04:11,36,37,2596,5628
2023-01-31 12:04:23,36,37,2614,5646
2023-01-31 12:04:32,32,36,2619,5651
2023-01-31 12:04:32,31,36,2619,5651
2023-01-31 12:04:44,31,36,2637,5669
2023-01-31 12:05:04,31,36,2655,5687
2023-01-31 12:05:14,33,36,2655,5687
2023-01-31 12:05:15,33,38,2655,5687
2023-01-31 12:05:24,33,38,2673,5705
2023-01-31 12:05:45,37,38,2673,5705
2023-01-31 12:06:03,33,38,2673,5705
2023-01-31 12:06:05,33,38,2691,5723
2023-01-31 12:06:25,33,38,2709,5741
2023-01-31 12:06:46,33,39,2709,5741
2023-01-31 12:06:48,37,39,2709,5741
2023-01-31 12:07:06,38,39,2709,5741
2023-01-31 12:07:22,38,39,2709,5746
2023-01-31 12:07:24,33,39,2709,5746
2023-01-31 12:07:24,35,39,2709,5746
2023-01-31 12:07:26,36,39,2709,5746
2023-01-31 12:08:03,35,39,2709,5746
2023-01-31 12:08:08,36,39,2709,5746
2023-01-31 12:08:16,38,39,2709,5746
2023-01-31 12:08:26,38,41,2709,5746
2023-01-31 12:08:27,38,43,2709,5746
2023-01-31 12:08:27,35,38,2727,5764
2023-01-31 12:08:29,35,38,2745,5782
2023-01-31 12:08:31,33,38,2745,5782
2023-01-31 12:08:31,37,38,2745,5782
2023-01-31 12:08:48,37,38,2763,5800
2023-01-31 12:09:08,37,38,2781,5818
2023-01-31 12:09:29,37,38,2799,5836
2023-01-31 12:09:50,37,38,2817,5854
2023-01-31 12:10:09,37,38,2835,5872
2023-01-31 12:10:30,37,38,2853,5890
2023-01-31 12:10:50,37,38,2871,5908
2023-01-31 12:11:10,37,38,2889,5926
2023-01-31 12:11:15,37,40,2950,5987
2023-01-31 12:11:27,33,40,2950,5987
2023-01-31 12:11:28,39,40,2950,5987
2023-01-31 12:11:31,39,40,2968,6005
2023-01-31 12:11:53,39,40,2986,6023
2023-01-31 12:12:12,39,40,3004,6041
2023-01-31 12:12:15,39,40,3065,6102
2023-01-31 12:12:20,35,40,3065,6102
2023-01-31 12:12:20,33,40,3065,6102
2023-01-31 12:12:20,37,40,3065,6102
2023-01-31 12:12:33,39,40,3065,6102
2023-01-31 12:14:13,38,40,3065,6102
2023-01-31 12:14:54,39,40,3065,6102
2023-01-31 12:15:15,37,40,3083,6120
2023-01-31 12:15:35,39,40,3083,6120
2023-01-31 12:15:55,37,40,3101,6138
2023-01-31 12:16:16,37,40,3119,6156
2023-01-31 12:16:17,34,40,3119,6156
2023-01-31 12:16:17,35,40,3119,6156
2023-01-31 12:16:17,39,40,3119,6156
2023-01-31 12:16:36,39,40,3137,6174
2023-01-31 12:16:57,39,40,3155,6192
2023-01-31 12:17:01,40,42,3292,6329
2023-01-31 12:17:17,40,42,3310,6347
2023-01-31 12:17:37,40,42,3328,6365
2023-01-31 12:17:57,40,42,3346,6383
2023-01-31 12:18:18,40,42,3364,6401
2023-01-31 12:18:40,40,42,3382,6419
2023-01-31 12:18:48,41,42,3382,6419
2023-01-31 12:18:59,41,42,3400,6437
2023-01-31 12:19:11,41,49,3400,6437
2023-01-31 12:19:12,41,48,3400,6437
2023-01-31 12:19:12,41,47,3400,6437
2023-01-31 12:19:13,41,46,3400,6437
2023-01-31 12:19:15,41,45,3400,6437
2023-01-31 12:19:19,41,45,3418,6455
2023-01-31 12:19:40,41,45,3436,6473
2023-01-31 12:20:00,44,45,3436,6473
2023-01-31 12:20:07,44,47,3436,6473
2023-01-31 12:20:39,41,47,3436,6473
2023-01-31 12:20:41,44,47,3436,6473
2023-01-31 12:20:47,41,44,3436,6491
2023-01-31 12:20:59,41,47,3436,6491
2023-01-31 12:21:01,44,47,3436,6491
2023-01-31 12:21:03,41,44,3436,6509
2023-01-31 12:21:21,44,47,3436,6509
2023-01-31 12:21:26,41,44,3436,6527
2023-01-31 12:21:36,41,47,3436,6527
2023-01-31 12:21:39,41,46,3436,6527
2023-01-31 12:21:42,44,46,3436,6527
2023-01-31 12:21:52,41,44,3436,6545
2023-01-31 12:22:02,44,46,3436,6545
2023-01-31 12:22:57,41,46,3436,6545
2023-01-31 12:26:44,41,45,3436,6545
2023-01-31 12:30:12,41,46,3436,6545
2023-01-31 12:36:17,41,48,3436,6545
2023-01-31 12:36:19,41,47,3436,6545
2023-01-31 12:36:46,45,47,3436,6545
2023-01-31 12:37:07,46,47,3436,6545
2023-01-31 12:37:28,43,47,3454,6563
2023-01-31 12:37:49,43,47,3472,6581
2023-01-31 12:38:09,43,47,3490,6599
2023-01-31 12:38:30,46,47,3490,6599
2023-01-31 12:38:50,43,47,3508,6617
2023-01-31 12:39:04,43,49,3508,6617
2023-01-31 12:39:04,43,50,3508,6617
2023-01-31 12:39:06,43,48,3508,6617
2023-01-31 12:39:10,47,48,3508,6617
2023-01-31 12:39:27,43,47,3508,6635
2023-01-31 12:39:31,43,47,3508,6653
2023-01-31 12:39:51,47,48,3508,6653
2023-01-31 12:40:37,47,51,3508,6653
2023-01-31 12:40:38,47,49,3508,6653
2023-01-31 12:41:33,48,49,3508,6653
2023-01-31 12:41:36,43,48,3508,6671
2023-01-31 12:41:53,43,49,3508,6671
2023-01-31 12:43:03,44,49,3508,6671
2023-01-31 12:45:43,45,49,3508,6671
2023-01-31 12:46:44,49,51,3678,6841
2023-01-31 12:46:52,49,51,3689,6941
2023-01-31 12:47:00,49,51,3789,7041
2023-01-31 12:47:09,49,51,3889,7141
2023-01-31 12:47:17,49,51,3989,7241
2023-01-31 12:47:35,49,51,3989,7271
2023-01-31 12:48:07,49,53,3989,7271
2023-01-31 12:48:08,49,50,3989,7271
2023-01-31 12:48:18,49,50,3989,7371
2023-01-31 12:49:11,49,52,3989,7371
2023-01-31 12:49:11,49,51,3989,7371
2023-01-31 12:50:22,50,51,3989,7371
2023-01-31 12:51:25,49,51,3989,7371
2023-01-31 12:52:12,48,51,3989,7371
2023-01-31 12:52:24,49,51,3989,7371
2023-01-31 12:53:01,48,51,3989,7371
2023-01-31 12:54:26,50,51,3989,7371
2023-01-31 12:56:01,50,53,3989,7371
2023-01-31 12:56:02,50,52,3989,7371
2023-01-31 12:56:43,50,52,3989,7445
2023-01-31 12:56:45,52,53,4231,7687
2023-01-31 12:56:47,52,53,4331,7787
2023-01-31 12:56:51,52,53,4765,8231
2023-01-31 12:56:57,52,53,4865,8331
2023-01-31 12:57:05,50,52,4893,8359
2023-01-31 12:57:09,46,52,4893,8359
2023-01-31 12:57:30,46,53,4893,8359
2023-01-31 12:59:38,46,52,4893,8359
2023-01-31 13:01:07,46,53,4893,8359
2023-01-31 13:01:07,45,53,4893,8359
2023-01-31 13:01:08,47,53,4893,8359
2023-01-31 13:01:18,49,53,4893,8359
2023-01-31 13:02:55,50,53,4893,8359
2023-01-31 13:03:15,49,53,4893,8359
2023-01-31 13:03:36,50,53,4893,8359
2023-01-31 13:04:35,49,53,4893,8359
2023-01-31 13:04:38,50,53,4893,8359
2023-01-31 13:05:33,49,53,4893,8359
2023-01-31 13:17:14,49,52,4893,8359
2023-01-31 13:19:32,49,50,4893,8359
2023-01-31 13:24:01,49,51,4893,8359
2023-01-31 13:24:01,45,51,5093,8559
2023-01-31 13:24:18,45,49,5093,8559
2023-01-31 13:25:55,45,51,5093,8559
2023-01-31 13:26:19,43,51,5093,8559
2023-01-31 13:26:19,43,50,5093,8559
2023-01-31 13:26:19,43,48,5093,8559
2023-01-31 13:28:16,43,50,5093,8744
2023-01-31 13:28:52,43,51,5093,8744
2023-01-31 13:28:52,43,49,5093,8744
2023-01-31 13:29:18,45,49,5093,8744
2023-01-31 13:29:18,45,51,5093,8744
2023-01-31 13:31:01,46,51,5093,8744
2023-01-31 13:31:24,47,51,5093,8744
2023-01-31 13:32:49,49,51,5093,8744
2023-01-31 13:33:30,47,51,5093,8744
2023-01-31 13:34:43,50,51,5093,8744
2023-01-31 13:35:48,51,52,5093,8748
2023-01-31 13:37:06,50,52,5093,8748
2023-01-31 13:37:12,50,51,5093,8748
2023-01-31 13:37:28,46,51,5093,8748
2023-01-31 13:37:41,48,51,5093,8748
2023-01-31 13:39:27,45,51,5093,8748
2023-01-31 13:39:36,45,50,5093,8748
2023-01-31 13:39:54,45,51,5093,8748
2023-01-31 13:40:01,46,51,5093,8748
2023-01-31 13:40:30,49,51,5093,8748
2023-01-31 13:40:52,51,53,5236,8891
2023-01-31 13:42:23,53,55,5372,9027
2023-01-31 13:43:37,53,54,5372,9027
2023-01-31 13:43:52,54,55,5554,9209
2023-01-31 13:44:35,53,55,5554,9209
2023-01-31 13:44:35,51,55,5554,9209
2023-01-31 13:45:14,52,55,5554,9209
2023-01-31 13:45:34,54,55,5554,9209
2023-01-31 13:45:36,55,57,5707,9362
2023-01-31 13:46:35,55,57,5725,9380
2023-01-31 13:46:50,57,59,5840,9495
2023-01-31 13:47:07,57,59,5855,9510
2023-01-31 13:47:12,57,59,5955,9610
2023-01-31 13:47:12,57,59,6005,9660
2023-01-31 13:47:13,57,58,6005,9660
2023-01-31 13:47:13,57,59,6005,9660
2023-01-31 13:48:29,59,61,6141,9796
2023-01-31 13:49:22,57,61,6141,9796
2023-01-31 13:49:38,56,61,6141,9796
2023-01-31 13:49:53,57,61,6141,9796
2023-01-31 13:50:19,58,61,6141,9796
2023-01-31 13:50:33,59,61,6141,9796
2023-01-31 13:50:54,61,62,6268,9923
2023-01-31 13:51:00,61,62,6377,10032
2023-01-31 13:51:16,61,62,6498,10153
2023-01-31 13:51:20,59,62,6641,10296
2023-01-31 13:52:12,60,62,6641,10296
2023-01-31 13:55:18,62,65,6646,10301
2023-01-31 13:56:09,63,65,6646,10301
2023-01-31 13:59:00,63,72,6628,10984
2023-01-31 13:59:00,63,67,6628,10984
2023-01-31 13:59:00,63,72,6628,10984
2023-01-31 13:59:07,63,71,6628,10984
2023-01-31 13:59:08,63,72,6628,10984
2023-01-31 13:59:08,63,71,6628,10984
2023-01-31 13:59:09,63,65,6628,10984
2023-01-31 13:59:27,63,72,6628,10984
2023-01-31 13:59:27,63,71,6916,11272
2023-01-31 13:59:27,63,74,6916,11272
2023-01-31 13:59:28,63,73,6916,11272
2023-01-31 13:59:28,63,74,6916,11272
2023-01-31 13:59:29,63,73,6916,11272
2023-01-31 13:59:29,63,66,6916,11272
2023-01-31 13:59:48,63,73,6916,11272
2023-01-31 13:59:49,63,74,6916,11272
2023-01-31 13:59:49,63,72,6916,11272
2023-01-31 13:59:49,63,74,6916,11272
2023-01-31 13:59:49,63,66,6916,11272
2023-01-31 14:00:08,63,70,6916,11272
2023-01-31 14:00:08,66,69,6916,11272
2023-01-31 14:00:10,66,70,6916,11272
2023-01-31 14:00:10,66,68,6916,11272
2023-01-31 14:00:10,66,70,6916,11272
2023-01-31 14:00:10,63,66,6916,11277
2023-01-31 14:00:28,63,69,6916,11277
2023-01-31 14:00:30,63,70,6916,11277
2023-01-31 14:00:30,63,69,6916,11277
2023-01-31 14:00:30,63,66,6916,11277
2023-01-31 14:00:49,63,69,6916,11277
2023-01-31 14:00:50,63,70,6916,11277
2023-01-31 14:00:50,63,69,6916,11277
2023-01-31 14:00:51,63,66,6916,11277
2023-01-31 14:01:09,63,74,6916,11277
2023-01-31 14:01:10,63,75,6916,11277
2023-01-31 14:01:11,63,74,6916,11277
2023-01-31 14:01:11,63,65,6916,11277
2023-01-31 14:01:29,63,74,6916,11277
2023-01-31 14:01:31,63,75,6916,11277
2023-01-31 14:01:31,63,74,6916,11277
2023-01-31 14:01:31,63,66,6916,11277
2023-01-31 14:01:50,63,74,6916,11277
2023-01-31 14:01:51,63,75,6916,11277
2023-01-31 14:01:51,63,74,6916,11277
2023-01-31 14:01:52,63,66,6916,11277
2023-01-31 14:02:10,63,73,6916,11277
2023-01-31 14:02:11,63,74,6916,11277
2023-01-31 14:02:12,63,73,6916,11277
2023-01-31 14:02:12,63,66,6916,11277
2023-01-31 14:02:31,63,73,6916,11277
2023-01-31 14:02:32,63,66,6916,11277
2023-01-31 14:02:50,63,73,6916,11277
2023-01-31 14:02:53,63,66,6916,11277
2023-01-31 14:03:11,63,73,6916,11277
2023-01-31 14:03:12,63,74,6916,11277
2023-01-31 14:03:12,63,72,6916,11277
2023-01-31 14:03:12,63,74,6916,11277
2023-01-31 14:03:13,63,71,6916,11277
2023-01-31 14:03:13,63,74,6916,11277
2023-01-31 14:03:13,63,65,6916,11277
2023-01-31 14:03:32,63,73,6916,11277
2023-01-31 14:03:33,63,66,6916,11277
2023-01-31 14:03:52,63,73,6916,11277
2023-01-31 14:03:54,63,66,6916,11277
2023-01-31 14:04:12,63,73,6916,11277
2023-01-31 14:04:15,63,66,6916,11277
2023-01-31 14:04:33,63,73,6916,11277
2023-01-31 14:04:35,63,66,6916,11277
2023-01-31 14:04:37,63,65,6916,11277
2023-01-31 14:05:57,63,66,6916,11277
2023-01-31 14:13:36,63,68,6916,11277
2023-01-31 14:13:38,64,68,6916,11277
2023-01-31 14:14:05,64,67,6916,11277
2023-01-31 14:14:24,64,69,6916,11277
2023-01-31 14:14:26,64,68,6916,11277
2023-01-31 14:14:45,64,69,6916,11277
2023-01-31 14:14:46,64,68,6916,11277
2023-01-31 14:15:05,64,69,6916,11277
2023-01-31 14:15:07,64,68,6916,11277
2023-01-31 14:15:25,64,69,6916,11277
2023-01-31 14:15:27,64,68,6916,11277
2023-01-31 14:15:46,64,69,6916,11277
2023-01-31 14:15:47,64,66,6916,11277
2023-01-31 14:15:54,64,66,6896,11297
2023-01-31 14:16:01,64,66,6856,11337
2023-01-31 14:16:06,64,69,6856,11337
2023-01-31 14:16:08,64,68,6856,11337
2023-01-31 14:16:26,64,69,6856,11337
2023-01-31 14:16:27,64,70,6856,11337
2023-01-31 14:16:27,64,69,6856,11337
2023-01-31 14:16:28,64,67,6856,11337
2023-01-31 14:16:46,64,69,6856,11337
2023-01-31 14:16:48,64,70,6856,11337
2023-01-31 14:16:48,64,69,6856,11337
2023-01-31 14:16:48,64,68,6856,11337
2023-01-31 14:17:08,64,69,6856,11337
2023-01-31 14:17:09,64,70,6856,11337
2023-01-31 14:17:09,64,68,6856,11337
2023-01-31 14:17:09,64,70,6856,11337
2023-01-31 14:17:10,64,69,6856,11337
2023-01-31 14:17:10,64,67,6856,11337
2023-01-31 14:17:28,64,69,6856,11337
2023-01-31 14:17:29,64,68,6856,11337
2023-01-31 14:17:49,64,70,6856,11337
2023-01-31 14:17:49,64,67,6856,11337
2023-01-31 14:18:04,65,67,6856,11337
2023-01-31 14:18:10,65,70,6856,11337
2023-01-31 14:18:10,65,68,6856,11337
2023-01-31 14:18:30,65,70,6856,11337
2023-01-31 14:18:30,65,68,6856,11337
2023-01-31 14:18:50,65,70,6856,11337
2023-01-31 14:18:50,65,68,6856,11337
2023-01-31 14:19:10,65,70,6856,11337
2023-01-31 14:19:11,65,68,6856,11337
2023-01-31 14:19:31,65,70,6856,11337
2023-01-31 14:19:31,65,68,6856,11337
2023-01-31 14:19:47,63,68,6856,11337
2023-01-31 14:19:51,63,69,6856,11337
2023-01-31 14:19:52,63,67,6856,11337
2023-01-31 14:20:13,63,69,6856,11337
2023-01-31 14:20:13,63,68,6856,11337
2023-01-31 14:20:32,63,69,6856,11337
2023-01-31 14:20:32,63,68,6856,11337
2023-01-31 14:20:53,63,69,6856,11337
2023-01-31 14:20:53,63,68,6856,11337
2023-01-31 14:21:13,63,69,6856,11337
2023-01-31 14:21:13,63,68,6856,11337
2023-01-31 14:21:33,63,69,6856,11337
2023-01-31 14:21:33,63,68,6856,11337
2023-01-31 14:22:01,64,68,6856,11337
2023-01-31 14:22:02,65,68,6856,11337
2023-01-31 14:22:14,65,69,6856,11337
2023-01-31 14:22:35,65,68,6856,11337
2023-01-31 14:24:16,65,69,6856,11337
2023-01-31 14:25:18,65,68,6856,11337
2023-01-31 14:26:17,65,69,6856,11337
2023-01-31 14:26:17,65,70,6856,11337
2023-01-31 14:26:19,65,69,6856,11337
2023-01-31 14:28:55,66,69,6856,11337
2023-01-31 14:30:01,66,71,6856,11337
2023-01-31 14:30:03,66,69,6856,11337
2023-01-31 14:31:25,66,70,6856,11337
2023-01-31 14:32:24,66,71,6856,11337
2023-01-31 14:32:27,66,70,6856,11337
2023-01-31 14:32:48,66,73,6968,11467
2023-01-31 14:32:48,66,72,6968,11467
2023-01-31 14:33:01,66,72,6980,11479
2023-01-31 14:33:05,66,73,6980,11479
2023-01-31 14:33:06,66,72,6980,11479
2023-01-31 14:33:07,66,70,6980,11479
2023-01-31 14:33:12,66,73,6980,11497
2023-01-31 14:33:18,66,72,6980,11497
2023-01-31 14:33:28,66,70,6980,11497
2023-01-31 14:33:46,66,71,6980,11497
2023-01-31 14:33:48,66,69,6980,11497
2023-01-31 14:34:06,66,71,6980,11497
2023-01-31 14:34:08,66,70,6980,11497
2023-01-31 14:34:26,66,71,6980,11497
2023-01-31 14:34:28,66,70,6980,11497
2023-01-31 14:34:39,66,72,6987,11522
2023-01-31 14:34:39,66,71,6987,11522
2023-01-31 14:34:46,66,72,6987,11522
2023-01-31 14:34:48,66,70,6987,11522
2023-01-31 14:34:56,66,72,6987,11540
2023-01-31 14:35:09,66,70,6987,11540
2023-01-31 14:35:14,66,72,6987,11558
2023-01-31 14:35:29,66,71,6987,11558
2023-01-31 14:35:49,66,72,6987,11558
2023-01-31 14:35:50,66,70,6987,11558
2023-01-31 14:35:55,66,72,6987,11576
2023-01-31 14:36:06,65,72,6987,11576
2023-01-31 14:36:09,67,72,6987,11576
2023-01-31 14:36:10,67,70,6987,11576
2023-01-31 14:36:24,67,72,6987,11594
2023-01-31 14:36:30,67,71,6987,11594
2023-01-31 14:36:51,67,72,6987,11594
2023-01-31 14:36:51,67,71,6987,11594
2023-01-31 14:37:12,67,72,6987,11594
2023-01-31 14:37:12,67,71,6987,11594
2023-01-31 14:37:31,67,72,6987,11594
2023-01-31 14:37:32,67,71,6987,11594
2023-01-31 14:37:52,67,72,6987,11594
2023-01-31 14:37:53,67,70,6987,11594
2023-01-31 14:38:13,67,72,6987,11594
2023-01-31 14:38:13,67,70,6987,11594
2023-01-31 14:38:21,67,72,6987,11612
2023-01-31 14:38:33,67,71,6987,11612
2023-01-31 14:38:53,67,72,6987,11612
2023-01-31 14:38:54,67,70,6987,11612
2023-01-31 14:38:55,66,70,6987,11612
2023-01-31 14:38:55,68,70,6987,11612
2023-01-31 14:39:00,68,73,6987,11630
2023-01-31 14:39:14,68,71,6987,11630
2023-01-31 14:39:23,68,73,6987,11630
2023-01-31 14:39:35,68,71,6987,11630
2023-01-31 14:39:37,68,73,6987,11630
2023-01-31 14:39:55,68,71,6987,11630
2023-01-31 14:40:02,68,73,6987,11630
2023-01-31 14:40:15,68,71,6987,11630
2023-01-31 14:40:30,70,71,6987,11630
2023-01-31 14:40:35,70,73,6987,11630
2023-01-31 14:40:35,70,71,6987,11630
2023-01-31 14:40:44,68,71,6987,11630
2023-01-31 14:41:16,68,73,6987,11630
2023-01-31 14:41:16,68,71,6987,11630
2023-01-31 14:41:19,68,70,6987,11630
2023-01-31 14:41:32,68,71,6997,11640
2023-01-31 14:41:36,68,73,6997,11640
2023-01-31 14:41:36,68,71,6997,11640
2023-01-31 14:41:57,68,73,6997,11640
2023-01-31 14:41:57,68,71,6997,11640
2023-01-31 14:42:19,68,73,6997,11640
2023-01-31 14:42:20,68,71,6997,11640
2023-01-31 14:42:38,68,73,6997,11640
2023-01-31 14:42:38,68,71,6997,11640
2023-01-31 14:42:52,69,71,6997,11640
2023-01-31 14:42:58,69,74,6997,11640
2023-01-31 14:42:58,69,72,6997,11640
2023-01-31 14:43:18,69,74,6997,11640
2023-01-31 14:43:19,69,72,6997,11640
2023-01-31 14:43:41,69,74,6997,11640
2023-01-31 14:43:41,69,72,6997,11640
2023-01-31 14:44:01,69,74,6997,11640
2023-01-31 14:44:01,69,72,6997,11640
2023-01-31 14:44:21,69,74,6997,11640
2023-01-31 14:44:21,69,72,6997,11640
2023-01-31 14:44:41,69,74,6997,11640
2023-01-31 14:44:42,69,72,6997,11640
2023-01-31 14:44:47,69,74,6997,11658
2023-01-31 14:45:02,69,72,6997,11658
2023-01-31 14:45:22,69,73,6997,11658
2023-01-31 14:45:22,69,72,6997,11658
2023-01-31 14:45:26,69,73,6997,11676
2023-01-31 14:45:43,69,72,6997,11676
2023-01-31 14:45:47,69,73,6997,11694
2023-01-31 14:46:03,69,72,6997,11694
2023-01-31 14:46:23,69,73,6997,11694
2023-01-31 14:46:24,72,73,6997,11694
2023-01-31 14:46:24,69,72,6997,11697
2023-01-31 14:46:44,69,73,6997,11697
2023-01-31 14:46:48,68,69,6917,11777
2023-01-31 14:48:09,68,69,6845,11849
2023-01-31 14:49:01,68,69,6745,11949
2023-01-31 14:49:04,68,69,6638,12056
2023-01-31 14:49:09,68,69,6538,12156
2023-01-31 14:49:46,68,69,6443,12251
2023-01-31 14:50:01,68,69,6438,12256
2023-01-31 14:50:19,68,69,6365,12329
2023-01-31 14:51:46,68,69,6294,12400
2023-01-31 14:52:05,68,69,6294,12401
2023-01-31 14:54:33,68,69,6290,12405
2023-01-31 14:55:28,68,73,6290,12405
2023-01-31 14:55:47,68,72,6290,12405
2023-01-31 14:55:59,67,72,6290,12405
2023-01-31 14:56:20,68,72,6290,12405
2023-01-31 14:56:40,67,72,6290,12405
2023-01-31 14:57:01,68,72,6290,12405
2023-01-31 14:58:01,67,72,6290,12405
2023-01-31 14:58:21,68,72,6290,12405
2023-01-31 14:59:23,69,72,6290,12405
2023-01-31 14:59:41,66,72,6290,12405
2023-01-31 14:59:43,70,72,6290,12405
2023-01-31 15:00:04,69,72,6290,12405
2023-01-31 15:00:25,68,72,6290,12405
2023-01-31 15:00:44,67,72,6290,12405
2023-01-31 15:01:05,68,72,6290,12405
2023-01-31 15:01:25,67,72,6290,12405
2023-01-31 15:03:07,66,72,6290,12405
2023-01-31 15:03:27,68,72,6290,12405
2023-01-31 15:04:08,67,72,6290,12405
2023-01-31 15:05:03,68,72,6290,12405
2023-01-31 15:05:12,68,72,6290,12455
2023-01-31 15:06:20,68,73,6290,12455
2023-01-31 15:06:25,68,75,6290,12455
2023-01-31 15:06:25,68,73,6290,12455
2023-01-31 15:06:35,68,75,6290,12455
2023-01-31 15:06:35,68,72,6290,12455
2023-01-31 15:06:45,68,75,6290,12455
2023-01-31 15:06:46,68,73,6290,12455
2023-01-31 15:06:55,68,75,6290,12455
2023-01-31 15:06:56,68,74,6290,12455
2023-01-31 15:07:16,70,74,6290,12455
2023-01-31 15:07:37,71,74,6290,12455
2023-01-31 15:07:57,70,74,6290,12455
2023-01-31 15:08:29,71,74,6290,12455
2023-01-31 15:08:39,70,74,6290,12455
2023-01-31 15:09:27,68,75,6290,12455
2023-01-31 15:09:27,70,75,6290,12455
2023-01-31 15:09:33,70,78,6290,12455
2023-01-31 15:09:33,70,77,6290,12455
2023-01-31 15:09:56,71,77,6290,12455
2023-01-31 15:10:08,72,77,6290,12455
2023-01-31 15:10:17,71,77,6290,12455
2023-01-31 15:10:35,72,77,6290,12455
2023-01-31 15:10:52,72,78,6290,12455
2023-01-31 15:10:56,73,78,6290,12455
2023-01-31 15:11:16,75,78,6290,12455
2023-01-31 15:11:26,72,78,6290,12455
2023-01-31 15:11:37,73,78,6290,12455
2023-01-31 15:11:47,72,78,6290,12455
2023-01-31 15:11:57,73,78,6290,12455
2023-01-31 15:12:01,73,78,6295,12460
2023-01-31 15:12:39,72,78,6295,12460
2023-01-31 15:13:00,74,78,6295,12460
2023-01-31 15:13:12,73,78,6295,12460
2023-01-31 15:13:20,74,78,6295,12460
2023-01-31 15:13:32,73,78,6295,12460
2023-01-31 15:13:52,72,78,6295,12460
2023-01-31 15:14:02,73,78,6295,12460
2023-01-31 15:14:12,74,78,6295,12460
2023-01-31 15:14:43,73,78,6295,12460
2023-01-31 15:14:53,74,78,6295,12460
2023-01-31 15:15:03,72,78,6295,12460
2023-01-31 15:15:04,74,78,6295,12460
2023-01-31 15:15:24,73,78,6295,12460
2023-01-31 15:16:06,72,78,6295,12460
2023-01-31 15:16:29,72,77,6295,12460
2023-01-31 15:18:09,72,76,6295,12460
2023-01-31 15:18:17,72,76,6297,12462
2023-01-31 15:18:17,72,77,6297,12462
2023-01-31 15:18:18,72,78,6297,12462
2023-01-31 15:18:18,72,77,6297,12462
2023-01-31 15:18:19,72,75,6297,12462
2023-01-31 15:18:25,72,74,6297,12462
2023-01-31 15:18:35,72,75,6297,12462
2023-01-31 15:18:35,72,76,6297,12462
2023-01-31 15:18:38,72,75,6297,12462
2023-01-31 15:18:39,70,75,6297,12462
2023-01-31 15:18:52,70,77,6297,12462
2023-01-31 15:19:00,70,76,6297,12462
2023-01-31 15:19:06,70,75,6297,12462
2023-01-31 15:19:07,70,74,6297,12462
2023-01-31 15:19:21,70,76,6297,12462
2023-01-31 15:19:27,70,75,6297,12462
2023-01-31 15:19:35,70,76,6297,12462
2023-01-31 15:19:47,63,76,6297,12462
2023-01-31 15:19:47,72,76,6297,12462
2023-01-31 15:19:47,72,79,6297,12462
2023-01-31 15:19:47,72,78,6297,12462
2023-01-31 15:19:58,72,77,6297,12462
2023-01-31 15:20:16,69,77,6297,12462
2023-01-31 15:20:17,74,77,6297,12462
2023-01-31 15:20:37,74,80,6297,12462
2023-01-31 15:21:21,74,79,6297,12462
2023-01-31 15:21:26,71,79,6297,12462
2023-01-31 15:21:26,71,78,6297,12462
2023-01-31 15:21:26,72,78,6297,12462
2023-01-31 15:21:31,72,77,6297,12462
2023-01-31 15:21:38,73,77,6297,12462
2023-01-31 15:21:40,73,78,6297,12462
2023-01-31 15:22:23,73,79,6297,12462
2023-01-31 15:22:29,73,78,6297,12462
2023-01-31 15:22:45,74,78,6297,12462
2023-01-31 15:22:46,74,79,6297,12462
2023-01-31 15:22:54,74,78,6297,12462
2023-01-31 15:23:32,74,79,6297,12462
2023-01-31 15:24:04,76,79,6297,12462
2023-01-31 15:24:11,76,80,6297,12462
2023-01-31 15:24:31,74,80,6297,12462
2023-01-31 15:24:38,74,79,6297,12462
2023-01-31 15:24:48,74,80,6297,12462
2023-01-31 15:24:52,74,79,6297,12462
2023-01-31 15:25:09,74,80,6297,12462
2023-01-31 15:25:16,73,80,6297,12462
2023-01-31 15:25:16,76,80,6297,12462
2023-01-31 15:25:44,76,79,6297,12462
2023-01-31 15:25:52,76,80,6297,12462
2023-01-31 15:25:54,76,79,6297,12462
2023-01-31 15:25:57,74,79,6297,12462
2023-01-31 15:26:02,74,78,6297,12462
2023-01-31 15:26:02,74,81,6297,12462
2023-01-31 15:26:03,74,80,6297,12462
2023-01-31 15:26:03,74,79,6297,12462
2023-01-31 15:26:04,74,78,6297,12462
2023-01-31 15:26:04,73,78,6297,12462
2023-01-31 15:26:25,73,76,6297,12462
2023-01-31 15:26:25,72,76,6297,12462
2023-01-31 15:26:33,72,78,6297,12462
2023-01-31 15:26:35,72,77,6297,12462
2023-01-31 15:26:36,72,76,6297,12462
2023-01-31 15:26:50,70,76,6297,12467
2023-01-31 15:26:51,70,75,6297,12467
2023-01-31 15:27:04,69,75,6297,12467
2023-01-31 15:27:23,69,74,6297,12467
2023-01-31 15:27:24,69,72,6297,12467
2023-01-31 15:27:29,64,72,6297,12467
2023-01-31 15:27:30,64,69,6297,12467
2023-01-31 15:27:31,68,69,6297,12467
2023-01-31 15:27:33,68,72,6297,12467
2023-01-31 15:27:36,68,74,6297,12467
2023-01-31 15:27:37,68,73,6297,12467
2023-01-31 15:27:39,66,72,6297,12467
2023-01-31 15:27:45,67,72,6297,12467
2023-01-31 15:27:55,66,74,6297,12467
2023-01-31 15:27:58,66,73,6297,12467
2023-01-31 15:28:00,68,73,6297,12467
2023-01-31 15:28:08,70,76,6297,12467
2023-01-31 15:28:19,68,76,6297,12467
2023-01-31 15:28:29,68,75,6297,12467
2023-01-31 15:28:37,68,76,6297,12467
2023-01-31 15:28:50,70,76,6297,12467
2023-01-31 15:29:00,68,76,6297,12467
2023-01-31 15:29:01,65,76,6297,12467
2023-01-31 15:29:01,65,78,6297,12467
2023-01-31 15:29:01,66,78,6297,12467
2023-01-31 15:29:01,71,78,6297,12467
2023-01-31 15:29:10,72,78,6297,12467
2023-01-31 15:29:11,72,75,6297,12467
2023-01-31 15:29:21,67,75,6297,12467
2023-01-31 15:29:31,68,75,6297,12467
2023-01-31 15:29:41,67,75,6297,12467
2023-01-31 15:29:52,67,74,6297,12467
2023-01-31 15:30:02,67,75,6297,12467
2023-01-31 15:30:09,69,75,6297,12467
2023-01-31 15:30:13,69,77,6297,12467
2023-01-31 15:30:24,71,77,6297,12467
2023-01-31 15:30:25,71,79,6297,12467
2023-01-31 15:30:34,73,79,6297,12467
2023-01-31 15:30:44,74,79,6297,12467
2023-01-31 15:30:48,74,81,6297,12467
2023-01-31 15:30:52,75,81,6297,12467
2023-01-31 15:31:16,74,81,6297,12467
2023-01-31 15:31:26,75,81,6297,12467
2023-01-31 15:31:57,76,81,6297,12467
2023-01-31 15:32:07,77,81,6297,12467
2023-01-31 15:32:44,77,87,6579,13267
2023-01-31 15:32:44,77,83,6579,13267
2023-01-31 15:32:44,77,87,6579,13267
2023-01-31 15:32:45,77,86,6579,13267
2023-01-31 15:32:45,81,86,6579,13267
2023-01-31 15:32:49,81,84,6579,13267
2023-01-31 15:32:50,81,83,6579,13267
2023-01-31 15:33:20,81,87,6579,13267
2023-01-31 15:33:20,81,86,6579,13267
2023-01-31 15:33:41,81,87,6579,13267
2023-01-31 15:33:51,81,86,6579,13267
2023-01-31 15:34:43,83,86,6579,13267
2023-01-31 15:35:30,83,87,6579,13267
2023-01-31 15:36:48,85,87,6579,13267
2023-01-31 15:37:37,82,87,6579,13267
2023-01-31 15:37:37,82,87,6579,13272
2023-01-31 15:39:05,83,87,6579,13272
2023-01-31 15:40:25,84,87,6579,13272
2023-01-31 15:40:36,83,87,6579,13272
2023-01-31 15:40:59,85,87,6579,13272
2023-01-31 15:41:06,86,87,6579,13272
2023-01-31 15:41:12,86,92,6579,13272
2023-01-31 15:41:20,86,89,6579,13272
2023-01-31 15:41:26,88,89,6579,13272
2023-01-31 15:42:28,85,89,6579,13272
2023-01-31 15:43:37,87,89,6579,13272
2023-01-31 15:44:01,87,93,6579,13272
2023-01-31 15:44:53,89,93,6579,13272
2023-01-31 15:45:01,89,93,6679,13372
2023-01-31 15:46:26,90,93,6679,13372
2023-01-31 15:46:47,91,93,6679,13372
2023-01-31 15:48:35,91,93,6684,13377
2023-01-31 15:48:36,89,93,6684,13377
2023-01-31 15:48:51,88,93,6684,13377
2023-01-31 15:49:10,87,93,6684,13377
2023-01-31 15:49:18,89,93,6684,13377
2023-01-31 15:50:34,87,93,6684,13377
2023-01-31 15:50:40,89,93,6684,13377
2023-01-31 15:51:51,89,93,6734,13427
2023-01-31 15:52:00,89,93,6754,13447
2023-01-31 15:52:07,90,93,6754,13447
2023-01-31 15:52:12,90,96,6854,13547
2023-01-31 15:52:12,91,96,6854,13547
2023-01-31 15:53:13,91,96,6958,13651
2023-01-31 15:53:17,96,98,7079,13772
2023-01-31 15:53:53,96,97,7079,13772
2023-01-31 15:54:02,96,98,7079,13772
2023-01-31 15:54:13,96,97,7079,13772
2023-01-31 15:54:23,96,98,7079,13772
2023-01-31 15:54:23,96,97,7079,13772
2023-01-31 15:54:33,96,98,7079,13772
2023-01-31 15:54:33,96,98,7079,13790
2023-01-31 15:54:41,96,98,7079,13795
2023-01-31 15:54:42,89,96,7160,13876
2023-01-31 15:54:42,31,96,7160,13876
2023-01-31 15:54:43,90,96,7160,13876
2023-01-31 15:54:44,90,95,7160,13876
2023-01-31 15:54:49,90,94,7160,13876
2023-01-31 15:54:51,87,90,7165,13881
2023-01-31 15:54:53,79,90,7165,13881
2023-01-31 15:54:54,87,90,7165,13881
2023-01-31 15:54:54,87,90,7165,13886
2023-01-31 15:55:00,84,87,7178,13899
2023-01-31 15:55:00,79,87,7178,13899
2023-01-31 15:55:00,82,87,7178,13899
2023-01-31 15:55:01,84,87,7178,13899
2023-01-31 15:55:01,84,87,7183,13904
2023-01-31 15:55:02,86,87,7183,13904
2023-01-31 15:55:04,86,92,7183,13904
2023-01-31 15:55:04,77,85,7183,13914
2023-01-31 15:55:13,31,92,7183,13914
2023-01-31 15:55:13,31,91,7183,13914
2023-01-31 15:55:15,86,91,7183,13914
2023-01-31 15:55:15,86,94,7183,13914
2023-01-31 15:55:23,31,93,7183,13914
2023-01-31 15:55:28,31,92,7183,13914
2023-01-31 15:55:31,88,92,7183,13914
2023-01-31 15:55:41,87,92,7183,13914
2023-01-31 15:55:43,87,91,7183,13914
2023-01-31 15:55:50,58,91,7183,13914
2023-01-31 15:55:50,58,90,7183,13914
2023-01-31 15:55:52,86,90,7183,13914
2023-01-31 15:55:54,86,93,7183,13914
2023-01-31 15:55:54,86,92,7183,13914
2023-01-31 15:55:55,86,93,7183,13914
2023-01-31 15:56:02,87,93,7183,13914
2023-01-31 15:56:02,87,92,7183,13914
2023-01-31 15:56:04,87,91,7183,13914
2023-01-31 15:56:08,87,90,7183,13914
2023-01-31 15:56:10,58,90,7183,13914
2023-01-31 15:56:13,86,90,7183,13914
2023-01-31 15:56:13,86,89,7183,13914
2023-01-31 15:56:16,86,88,7183,13914
2023-01-31 15:56:18,86,89,7183,13914
2023-01-31 15:56:23,84,89,7183,13914
2023-01-31 15:56:26,84,88,7183,13914
2023-01-31 15:56:36,84,89,7183,13914
2023-01-31 15:56:36,84,88,7183,13914
2023-01-31 15:56:36,84,89,7183,13914
2023-01-31 15:56:44,83,89,7183,13914
2023-01-31 15:56:47,83,88,7183,13914
2023-01-31 15:56:47,83,87,7183,13914
2023-01-31 15:56:52,58,88,7183,13914
2023-01-31 15:56:53,58,87,7183,13914
2023-01-31 15:56:54,82,87,7183,13914
2023-01-31 15:56:58,82,88,7183,13914
2023-01-31 15:56:58,82,87,7183,13914
2023-01-31 15:57:00,58,87,7201,13932
2023-01-31 15:57:03,58,89,7201,13932
2023-01-31 15:57:04,82,89,7201,13932
2023-01-31 15:57:05,82,90,7201,13932
2023-01-31 15:57:06,82,89,7201,13932
2023-01-31 15:57:06,82,90,7201,13932
2023-01-31 15:57:15,84,93,7201,13932
2023-01-31 15:57:15,84,92,7201,13932
2023-01-31 15:57:21,84,91,7201,13932
2023-01-31 15:57:24,93,95,7201,13942
2023-01-31 15:57:24,93,94,7201,13942
2023-01-31 15:57:24,93,94,7211,13952
2023-01-31 15:57:24,93,95,7211,13952
2023-01-31 15:57:25,88,93,7211,13960
2023-01-31 15:57:32,85,93,7221,13970
2023-01-31 15:57:32,85,92,7221,13970
2023-01-31 15:57:33,58,90,7221,13970
2023-01-31 15:57:33,58,89,7221,13970
2023-01-31 15:57:35,83,89,7221,13970
2023-01-31 15:57:37,83,90,7221,13970
2023-01-31 15:57:41,83,89,7221,13970
2023-01-31 15:57:45,58,89,7221,13970
2023-01-31 15:57:46,58,90,7221,13970
2023-01-31 15:57:46,81,90,7221,13970
2023-01-31 15:57:46,81,89,7221,13970
2023-01-31 15:57:54,58,92,7221,13970
2023-01-31 15:57:54,58,89,7221,13970
2023-01-31 15:57:56,81,89,7221,13970
2023-01-31 15:58:05,58,91,7221,13970
2023-01-31 15:58:07,82,91,7221,13970
2023-01-31 15:58:07,82,90,7221,13970
2023-01-31 15:58:12,82,89,7221,13970
2023-01-31 15:58:15,58,89,7221,13970
2023-01-31 15:58:15,58,88,7221,13970
2023-01-31 15:58:16,58,87,7221,13970
2023-01-31 15:58:17,79,87,7221,13970
2023-01-31 15:58:25,58,87,7221,13970
2023-01-31 15:58:27,78,79,7221,13970
2023-01-31 15:58:28,78,86,7221,13970
2023-01-31 15:58:30,78,85,7221,13970
2023-01-31 15:58:34,78,86,7221,13970
2023-01-31 15:58:38,74,87,7221,13970
2023-01-31 15:58:38,74,82,7221,13970
2023-01-31 15:58:46,58,87,7221,13970
2023-01-31 15:58:46,58,80,7221,13970
2023-01-31 15:58:48,58,79,7221,13970
2023-01-31 15:58:48,72,79,7221,13970
2023-01-31 15:58:49,72,76,7221,13970
2023-01-31 15:58:50,72,80,7221,13970
2023-01-31 15:58:50,72,80,7221,13980
2023-01-31 15:58:50,72,75,7221,13980
2023-01-31 15:58:53,68,72,7229,13988
2023-01-31 15:58:54,63,72,7229,13988
2023-01-31 15:58:54,63,70,7229,13988
2023-01-31 15:58:55,63,70,7239,13998
2023-01-31 15:58:56,58,70,7239,13998
2023-01-31 15:58:56,58,72,7239,13998
2023-01-31 15:58:58,58,86,7239,13998
2023-01-31 15:58:59,63,86,7239,13998
2023-01-31 15:58:59,63,95,7239,13998
2023-01-31 15:58:59,63,93,7239,13998
2023-01-31 15:59:00,63,71,7239,13998
2023-01-31 15:59:07,58,71,7239,13998
2023-01-31 15:59:08,58,80,7239,13998
2023-01-31 15:59:08,58,76,7239,13998
2023-01-31 15:59:10,58,74,7239,13998
2023-01-31 15:59:10,58,70,7239,13998
2023-01-31 15:59:11,70,74,7239,14008
2023-01-31 15:59:11,70,73,7239,14008
2023-01-31 15:59:13,70,74,7239,14008
2023-01-31 15:59:14,67,74,7247,14016
2023-01-31 15:59:17,58,74,7257,14026
2023-01-31 15:59:18,58,78,7257,14026
2023-01-31 15:59:19,58,83,7257,14026
2023-01-31 15:59:20,58,87,7257,14026
2023-01-31 15:59:20,58,93,7257,14026
2023-01-31 15:59:21,58,92,7257,14026
2023-01-31 15:59:21,58,93,7257,14026
2023-01-31 15:59:22,58,89,7257,14026
2023-01-31 15:59:22,58,66,7257,14026
2023-01-31 15:59:27,58,91,7257,14044
2023-01-31 15:59:28,58,90,7257,14044
2023-01-31 15:59:28,58,87,7257,14044
2023-01-31 15:59:28,58,86,7257,14044
2023-01-31 15:59:30,64,86,7257,14044
2023-01-31 15:59:30,64,72,7257,14044
2023-01-31 15:59:30,64,71,7257,14044
2023-01-31 15:59:30,58,71,7275,14062
2023-01-31 15:59:31,58,72,7275,14062
2023-01-31 15:59:37,58,71,7275,14062
2023-01-31 15:59:39,58,80,7275,14062
2023-01-31 15:59:40,58,73,7275,14062
2023-01-31 15:59:41,58,72,7275,14062
2023-01-31 15:59:42,58,73,7275,14062
2023-01-31 15:59:42,58,65,7275,14062
2023-01-31 15:59:43,58,61,7275,14062
2023-01-31 15:59:43,65,73,7275,14077
2023-01-31 15:59:43,58,73,7278,14087
2023-01-31 15:59:43,58,72,7278,14087
2023-01-31 15:59:44,58,70,7278,14087
2023-01-31 15:59:44,31,58,7278,14090
2023-01-31 15:59:44,46,58,7278,14090
2023-01-31 15:59:45,46,54,7278,14090
2023-01-31 15:59:45,46,73,7278,14090
2023-01-31 15:59:45,46,57,7278,14090
2023-01-31 15:59:45,34,57,7278,14090
2023-01-31 15:59:45,34,73,7278,14090
2023-01-31 15:59:46,34,72,7278,14090
2023-01-31 15:59:46,34,73,7278,14090
2023-01-31 15:59:46,34,36,7278,14090
2023-01-31 15:59:48,31,36,7278,14090
2023-01-31 15:59:48,32,36,7278,14090
2023-01-31 15:59:49,32,73,7278,14090
2023-01-31 15:59:50,36,73,7278,14090
2023-01-31 15:59:50,31,73,7278,14100
2023-01-31 15:59:51,31,98,7278,14102
2023-01-31 15:59:51,31,97,7278,14102
2023-01-31 15:59:52,31,97,7250,14130
2023-01-31 15:59:52,31,98,7250,14130
2023-01-31 15:59:53,46,98,7250,14130
2023-01-31 15:59:53,46,54,7250,14130
2023-01-31 15:59:55,31,54,7268,14148
2023-01-31 15:59:56,31,40,7268,14148
