datetime,bid,ask,open_interest,volume
2023-12-14 09:30:01,0,99,0,0
2023-12-14 09:30:01,0,98,0,0
2023-12-14 09:30:34,0,97,0,0
2023-12-14 09:30:34,0,96,0,0
2023-12-14 09:31:00,0,7,0,0
2023-12-14 09:31:00,1,7,0,0
2023-12-14 09:31:00,1,5,0,0
2023-12-14 09:31:01,2,6,0,0
2023-12-14 09:31:01,2,5,0,0
2023-12-14 09:31:10,1,5,0,0
2023-12-14 09:31:10,2,5,0,0
2023-12-14 09:31:11,1,5,0,0
2023-12-14 09:31:11,2,5,0,0
2023-12-14 09:31:24,1,5,0,0
2023-12-14 09:31:24,2,5,0,0
2023-12-14 09:31:34,1,5,0,0
2023-12-14 09:31:34,2,5,0,0
2023-12-14 09:31:42,1,5,0,0
2023-12-14 09:31:42,2,5,0,0
2023-12-14 09:32:01,1,5,0,0
2023-12-14 09:32:08,1,4,0,0
2023-12-14 09:32:15,2,4,0,0
2023-12-14 09:32:52,1,4,0,0
2023-12-14 09:34:31,2,4,0,0
2023-12-14 09:34:34,1,4,0,0
2023-12-14 09:35:35,2,4,0,0
2023-12-14 09:35:37,1,4,0,0
2023-12-14 09:35:40,2,4,0,0
2023-12-14 09:38:19,1,4,0,0
2023-12-14 09:38:32,2,4,0,0
2023-12-14 09:38:33,1,4,0,0
2023-12-14 09:39:10,2,4,0,0
2023-12-14 09:39:59,1,4,0,0
2023-12-14 09:40:12,2,4,0,0
2023-12-14 09:40:13,1,4,0,0
2023-12-14 09:40:29,0,4,0,0
2023-12-14 09:40:29,1,4,0,0
2023-12-14 09:41:08,0,4,0,0
2023-12-14 09:41:08,1,4,0,0
2023-12-14 09:41:37,0,4,0,0
2023-12-14 09:41:37,1,4,0,0
2023-12-14 09:41:51,0,4,0,0
2023-12-14 09:41:51,1,4,0,0
2023-12-14 09:41:58,0,4,0,0
2023-12-14 09:42:04,1,4,0,0
2023-12-14 09:42:18,0,4,0,0
2023-12-14 09:42:38,0,3,0,0
2023-12-14 09:43:26,0,4,0,0
2023-12-14 09:44:04,0,3,0,0
2023-12-14 09:52:16,1,2,0,0
2023-12-14 09:52:22,0,2,0,0
2023-12-14 10:01:29,1,2,0,0
2023-12-14 10:02:06,0,2,0,0
2023-12-14 10:02:20,1,2,0,0
2023-12-14 10:02:33,1,2,5,5
2023-12-14 10:02:49,0,2,5,5
2023-12-14 10:02:53,1,2,5,5
2023-12-14 10:04:07,1,2,10,10
2023-12-14 10:05:02,1,3,10,10
2023-12-14 10:05:18,1,4,10,10
2023-12-14 10:05:31,2,4,10,10
2023-12-14 10:05:55,1,4,10,10
2023-12-14 10:05:57,2,4,10,10
2023-12-14 10:06:04,1,4,10,10
2023-12-14 10:07:40,1,3,10,10
2023-12-14 10:08:10,1,4,10,10
2023-12-14 10:08:13,1,3,10,10
2023-12-14 10:08:18,1,4,10,10
2023-12-14 10:08:19,1,3,10,10
2023-12-14 10:08:23,1,4,10,10
2023-12-14 10:08:26,1,3,10,10
2023-12-14 10:08:44,1,4,10,10
2023-12-14 10:08:58,1,3,10,10
2023-12-14 10:09:03,1,4,10,10
2023-12-14 10:09:09,1,3,10,10
2023-12-14 10:10:14,0,3,10,10
2023-12-14 10:10:15,1,3,10,10
2023-12-14 10:10:31,0,3,10,10
2023-12-14 10:10:39,1,3,10,10
2023-12-14 10:11:00,0,3,10,10
2023-12-14 10:11:10,1,3,10,10
2023-12-14 10:11:15,0,3,10,10
2023-12-14 10:12:31,1,3,10,10
2023-12-14 10:12:37,0,3,10,10
2023-12-14 10:12:38,1,3,10,10
2023-12-14 10:12:42,0,3,10,10
2023-12-14 10:13:52,0,2,10,10
2023-12-14 10:15:07,1,2,10,10
2023-12-14 10:15:09,0,2,10,10
2023-12-14 10:15:12,0,3,10,10
2023-12-14 10:15:12,1,3,10,10
2023-12-14 10:16:45,1,4,10,10
2023-12-14 10:16:55,1,3,10,10
2023-12-14 10:16:56,1,4,10,10
2023-12-14 10:16:57,1,3,10,10
2023-12-14 10:17:34,1,4,10,10
2023-12-14 10:17:35,2,4,10,10
2023-12-14 10:18:10,2,3,10,10
2023-12-14 10:18:52,1,3,10,10
2023-12-14 10:18:56,2,3,10,10
2023-12-14 10:19:02,1,3,10,10
2023-12-14 10:20:43,2,3,10,10
2023-12-14 10:20:45,1,3,10,10
2023-12-14 10:20:52,2,3,10,10
2023-12-14 10:21:36,1,3,10,10
2023-12-14 10:26:40,0,3,10,10
2023-12-14 10:26:45,1,3,10,10
2023-12-14 10:26:46,0,3,10,10
2023-12-14 10:27:04,1,3,10,10
2023-12-14 10:27:06,0,3,10,10
2023-12-14 10:27:10,1,3,10,10
2023-12-14 10:29:26,2,3,10,10
2023-12-14 10:29:33,1,3,10,10
2023-12-14 10:29:35,2,3,10,10
2023-12-14 10:29:52,2,4,2010,2010
2023-12-14 10:33:38,2,3,2010,2010
2023-12-14 10:33:42,2,4,2010,2010
2023-12-14 10:33:43,2,3,2010,2010
2023-12-14 10:34:05,2,4,2010,2010
2023-12-14 10:34:06,2,3,2010,2010
2023-12-14 10:34:13,2,4,2010,2010
2023-12-14 10:34:14,2,3,2010,2010
2023-12-14 10:34:15,2,4,2010,2010
2023-12-14 10:34:20,2,3,2010,2010
2023-12-14 10:36:29,2,4,2010,2010
2023-12-14 10:38:39,2,5,2010,2010
2023-12-14 10:38:42,3,5,2010,2010
2023-12-14 10:39:31,4,5,2010,2010
2023-12-14 10:39:31,3,5,2210,2210
2023-12-14 10:40:18,2,5,2210,2210
2023-12-14 10:40:32,3,5,2210,2210
2023-12-14 10:40:32,3,5,2310,2310
2023-12-14 10:40:36,2,5,2310,2310
2023-12-14 10:41:01,2,4,2310,2310
2023-12-14 10:43:14,2,3,2310,2310
2023-12-14 10:43:26,2,4,2310,2310
2023-12-14 10:50:49,2,4,2370,2370
2023-12-14 10:50:54,2,3,2370,2370
2023-12-14 10:52:40,2,3,2510,2510
2023-12-14 10:54:02,2,3,2510,2710
2023-12-14 10:54:02,1,2,2610,2810
2023-12-14 11:00:10,0,2,2610,2810
2023-12-14 11:00:17,1,2,2610,2810
2023-12-14 11:08:22,1,4,2630,2830
2023-12-14 11:08:59,2,4,2630,2830
2023-12-14 11:09:00,1,4,2630,2830
2023-12-14 11:09:04,2,4,2630,2830
2023-12-14 11:10:06,1,4,2630,2830
2023-12-14 11:10:07,2,4,2630,2830
2023-12-14 11:10:12,1,4,2630,2830
2023-12-14 11:10:29,1,3,2630,2830
2023-12-14 11:10:49,1,4,2630,2830
2023-12-14 11:10:50,1,3,2630,2830
2023-12-14 11:13:16,1,4,2630,2830
2023-12-14 11:13:17,1,3,2630,2830
2023-12-14 11:13:20,1,4,2630,2830
2023-12-14 11:13:24,2,4,2630,2830
2023-12-14 11:14:04,2,5,2630,2830
2023-12-14 11:14:32,3,5,2630,2830
2023-12-14 11:14:33,4,5,2630,2830
2023-12-14 11:14:33,4,5,2635,2835
2023-12-14 11:14:33,4,5,2835,3035
2023-12-14 11:14:34,3,5,3035,3235
2023-12-14 11:14:34,3,6,3035,3435
2023-12-14 11:14:35,4,6,3035,3435
2023-12-14 11:14:37,4,6,3040,3440
2023-12-14 11:14:42,4,6,3042,3442
2023-12-14 11:14:50,4,6,3044,3444
2023-12-14 11:16:24,4,6,3104,3504
2023-12-14 11:16:25,4,5,3104,3504
2023-12-14 11:16:26,3,5,3242,3642
2023-12-14 11:16:39,2,5,3242,3642
2023-12-14 11:17:27,2,4,3242,3642
2023-12-14 11:17:56,3,4,3242,3642
2023-12-14 11:17:57,3,5,3242,3642
2023-12-14 11:18:07,3,6,3242,3642
2023-12-14 11:18:10,3,5,3242,3642
2023-12-14 11:19:05,2,5,3242,3642
2023-12-14 11:19:42,2,4,3242,3642
2023-12-14 11:20:45,2,5,3242,3642
2023-12-14 11:21:15,3,5,3242,3642
2023-12-14 11:21:16,3,5,3422,3822
2023-12-14 11:21:20,2,5,3422,3822
2023-12-14 11:21:33,3,5,3422,3822
2023-12-14 11:21:42,2,5,3422,3822
2023-12-14 11:22:05,2,4,3422,3822
2023-12-14 11:22:17,2,5,3422,3822
2023-12-14 11:22:20,2,4,3422,3822
2023-12-14 11:22:21,2,5,3422,3822
2023-12-14 11:22:34,2,4,3422,3822
2023-12-14 11:23:09,2,5,3422,3822
2023-12-14 11:23:32,3,5,3422,3822
2023-12-14 11:23:32,3,5,3482,3882
2023-12-14 11:23:33,2,5,3482,3882
2023-12-14 11:23:34,3,5,3482,3882
2023-12-14 11:23:37,2,5,3482,3882
2023-12-14 11:23:47,3,5,3482,3882
2023-12-14 11:24:01,2,5,3482,3882
2023-12-14 11:24:04,3,5,3482,3882
2023-12-14 11:24:07,3,5,3602,4002
2023-12-14 11:24:44,2,5,3602,4002
2023-12-14 11:25:07,3,5,3602,4002
2023-12-14 11:25:47,2,5,3602,4002
2023-12-14 11:26:00,3,5,3602,4002
2023-12-14 11:26:01,2,5,3602,4002
2023-12-14 11:26:17,3,5,3602,4002
2023-12-14 11:26:25,2,5,3602,4002
2023-12-14 11:26:27,3,5,3602,4002
2023-12-14 11:26:28,2,5,3602,4002
2023-12-14 11:27:12,2,4,3602,4002
2023-12-14 11:28:41,2,3,3602,4002
2023-12-14 11:30:34,1,3,3602,4002
2023-12-14 11:36:26,2,3,3602,4002
2023-12-14 11:36:27,2,4,3602,4002
2023-12-14 11:37:34,2,5,3602,4002
2023-12-14 11:37:53,2,4,3602,4002
2023-12-14 11:38:17,2,5,3602,4002
2023-12-14 11:38:30,2,4,3602,4002
2023-12-14 11:39:56,1,4,3602,4002
2023-12-14 11:39:58,2,4,3602,4002
2023-12-14 11:40:06,1,4,3602,4002
2023-12-14 11:40:46,1,3,3602,4002
2023-12-14 11:40:49,1,4,3602,4002
2023-12-14 11:40:51,1,3,3602,4002
2023-12-14 11:40:52,1,4,3602,4002
2023-12-14 11:40:53,1,3,3602,4002
2023-12-14 11:44:36,1,2,3602,4002
2023-12-14 11:44:38,1,2,3662,4062
2023-12-14 11:45:01,1,2,3722,4122
2023-12-14 11:46:39,1,2,3727,4127
2023-12-14 11:46:46,1,2,3732,4132
2023-12-14 11:47:11,1,2,3737,4137
2023-12-14 11:48:15,1,2,3742,4142
2023-12-14 11:48:30,1,2,3862,4262
2023-12-14 11:48:44,1,2,3922,4322
2023-12-14 11:48:56,1,2,3927,4327
2023-12-14 11:49:10,1,2,3927,4527
2023-12-14 11:49:16,1,2,4047,4647
2023-12-14 11:49:54,1,2,4162,4762
2023-12-14 11:51:20,1,2,4167,4767
2023-12-14 11:51:47,1,2,4172,4772
2023-12-14 11:53:59,1,2,4172,4972
2023-12-14 11:53:59,1,2,4177,4977
2023-12-14 11:56:22,1,2,4242,5042
2023-12-14 11:56:43,1,2,4242,5242
2023-12-14 12:00:00,0,2,4242,5242
2023-12-14 12:03:15,1,2,4242,5242
2023-12-14 12:03:26,1,2,4247,5247
2023-12-14 12:03:32,1,2,4252,5252
2023-12-14 12:03:37,1,2,4298,5298
2023-12-14 12:05:25,1,2,4298,5498
2023-12-14 12:13:19,1,2,4416,5698
2023-12-14 12:14:55,1,2,4476,5758
2023-12-14 12:14:56,1,2,4596,5878
2023-12-14 12:23:04,1,2,4796,6078
2023-12-14 12:28:33,1,2,4801,6083
2023-12-14 12:30:00,0,2,4801,6083
2023-12-14 12:59:08,1,2,4801,6083
2023-12-14 12:59:39,1,3,4801,6083
2023-12-14 13:00:06,2,3,4801,6083
2023-12-14 13:00:19,2,3,5301,6583
2023-12-14 13:00:20,2,3,5801,7083
2023-12-14 13:00:21,2,3,6301,7583
2023-12-14 13:00:23,2,4,6801,8083
2023-12-14 13:00:25,3,4,6801,8083
2023-12-14 13:00:26,3,4,6801,8203
2023-12-14 13:00:27,3,5,7001,8403
2023-12-14 13:00:34,3,5,7501,8903
2023-12-14 13:00:35,3,6,7501,8903
2023-12-14 13:00:35,4,6,7501,8903
2023-12-14 13:00:35,5,6,7501,9023
2023-12-14 13:00:36,5,6,7501,9025
2023-12-14 13:00:36,5,6,7501,9145
2023-12-14 13:00:39,4,6,7501,9145
2023-12-14 13:00:42,4,5,7501,9145
2023-12-14 13:00:44,4,6,7602,9246
2023-12-14 13:00:44,4,5,7602,9246
2023-12-14 13:00:45,4,6,7778,9422
2023-12-14 13:00:45,4,5,7778,9422
2023-12-14 13:00:46,4,6,7965,9609
2023-12-14 13:00:50,5,6,7965,9609
2023-12-14 13:00:52,5,6,8465,10109
2023-12-14 13:00:54,5,7,8665,10309
2023-12-14 13:01:02,5,7,8665,10311
2023-12-14 13:01:08,5,7,8665,10371
2023-12-14 13:01:09,5,7,9165,10871
2023-12-14 13:01:10,5,8,9565,11271
2023-12-14 13:01:11,6,8,9565,11271
2023-12-14 13:01:28,7,8,9565,11271
2023-12-14 13:01:28,7,9,9887,11593
2023-12-14 13:01:35,8,9,9887,11593
2023-12-14 13:01:37,8,9,10387,12093
2023-12-14 13:01:55,8,10,10387,12093
2023-12-14 13:02:13,9,10,10387,12093
2023-12-14 13:02:14,8,10,10387,12093
2023-12-14 13:02:33,8,10,10387,12098
2023-12-14 13:02:46,9,10,10387,12098
2023-12-14 13:03:22,9,11,10450,12161
2023-12-14 13:04:16,8,11,10450,12161
2023-12-14 13:04:27,8,10,10450,12161
2023-12-14 13:04:28,7,10,10450,12161
2023-12-14 13:04:38,7,9,10450,12161
2023-12-14 13:04:43,6,9,10450,12161
2023-12-14 13:04:51,7,9,10450,12161
2023-12-14 13:04:55,6,7,10450,13861
2023-12-14 13:04:57,6,9,10750,14161
2023-12-14 13:05:13,6,7,10750,14161
2023-12-14 13:05:30,6,7,11250,14661
2023-12-14 13:07:02,6,7,11750,15161
2023-12-14 13:07:10,6,7,11750,15361
2023-12-14 13:07:11,6,7,11750,15561
2023-12-14 13:07:11,6,7,12250,16061
2023-12-14 13:07:13,6,9,12350,16161
2023-12-14 13:07:13,7,9,12350,16161
2023-12-14 13:07:29,8,9,12350,16161
2023-12-14 13:07:32,7,9,12350,16161
2023-12-14 13:07:39,6,9,12350,16161
2023-12-14 13:07:44,6,8,12350,16161
2023-12-14 13:07:50,6,9,12350,16161
2023-12-14 13:07:53,7,9,12350,16161
2023-12-14 13:08:17,8,9,12350,16161
2023-12-14 13:08:41,7,9,12350,16161
2023-12-14 13:08:41,8,9,12350,16161
2023-12-14 13:08:48,7,9,12350,16301
2023-12-14 13:08:48,8,9,12350,16301
2023-12-14 13:08:57,7,9,12350,16301
2023-12-14 13:08:59,8,9,12350,16301
2023-12-14 13:09:01,7,9,12350,16301
2023-12-14 13:09:14,6,9,12350,16301
2023-12-14 13:09:26,7,9,12350,16301
2023-12-14 13:09:28,6,9,12350,16301
2023-12-14 13:09:28,7,9,12350,16301
2023-12-14 13:09:46,6,7,12350,16460
2023-12-14 13:09:52,7,9,12350,16461
2023-12-14 13:10:00,6,9,12350,16461
2023-12-14 13:10:12,6,8,12350,16461
2023-12-14 13:10:16,6,8,12350,16521
2023-12-14 13:10:36,5,8,12350,16521
2023-12-14 13:10:51,6,8,12350,16521
2023-12-14 13:11:24,5,8,12350,16521
2023-12-14 13:11:25,6,8,12350,16521
2023-12-14 13:12:30,5,8,12350,16521
2023-12-14 13:12:45,5,7,12350,16521
2023-12-14 13:12:49,5,8,12350,16521
2023-12-14 13:12:50,6,8,12350,16521
2023-12-14 13:13:00,6,8,12350,16526
2023-12-14 13:13:32,6,9,12350,16526
2023-12-14 13:13:33,7,9,12350,16526
2023-12-14 13:13:49,7,10,12350,16526
2023-12-14 13:13:49,8,10,12350,16526
2023-12-14 13:14:12,8,10,12850,17026
2023-12-14 13:14:12,9,10,12850,17026
2023-12-14 13:14:13,9,11,12850,17026
2023-12-14 13:14:37,9,10,12850,17026
2023-12-14 13:14:37,8,10,12850,17026
2023-12-14 13:14:50,8,10,12851,17027
2023-12-14 13:15:03,9,10,12851,17027
2023-12-14 13:15:03,9,11,12851,17027
2023-12-14 13:15:37,10,11,12851,17027
2023-12-14 13:16:47,10,12,12851,17027
2023-12-14 13:16:49,10,11,12851,17027
2023-12-14 13:17:05,9,11,12450,17438
2023-12-14 13:17:06,8,11,12450,17438
2023-12-14 13:17:14,9,11,12450,17438
2023-12-14 13:17:15,8,11,12450,17448
2023-12-14 13:17:17,9,11,12450,17448
2023-12-14 13:17:28,9,10,12450,17448
2023-12-14 13:17:32,8,10,12450,17458
2023-12-14 13:17:52,8,9,12450,17458
2023-12-14 13:17:58,8,11,12450,17458
2023-12-14 13:17:58,8,10,12450,17458
2023-12-14 13:18:23,8,11,12450,17458
2023-12-14 13:18:24,8,10,12450,17458
2023-12-14 13:18:42,9,10,12450,17458
2023-12-14 13:18:42,9,11,12450,17458
2023-12-14 13:18:56,9,12,12450,17458
2023-12-14 13:18:57,9,11,12450,17458
2023-12-14 13:18:59,10,11,12450,17458
2023-12-14 13:19:15,10,12,12600,17608
2023-12-14 13:19:15,10,11,12600,17608
2023-12-14 13:19:36,10,12,12600,17608
2023-12-14 13:19:36,10,11,12600,17608
2023-12-14 13:19:41,10,12,12600,17608
2023-12-14 13:19:48,10,11,12600,17608
2023-12-14 13:19:50,10,12,12600,17608
2023-12-14 13:19:50,10,11,12600,17608
2023-12-14 13:19:51,10,12,12600,17608
2023-12-14 13:19:51,10,11,12600,17608
2023-12-14 13:19:52,10,12,12600,17608
2023-12-14 13:19:56,10,11,12600,17608
2023-12-14 13:19:58,10,12,12600,17608
2023-12-14 13:20:19,11,12,12600,17608
2023-12-14 13:20:20,10,12,12600,17618
2023-12-14 13:20:24,10,11,12600,17618
2023-12-14 13:20:26,9,11,12600,17628
2023-12-14 13:20:32,8,11,12600,17638
2023-12-14 13:20:40,8,10,12600,17638
2023-12-14 13:20:51,9,10,12600,17638
2023-12-14 13:20:51,9,11,12600,17638
2023-12-14 13:20:59,9,12,12600,17638
2023-12-14 13:21:08,10,12,12600,17638
2023-12-14 13:21:14,10,11,12600,17638
2023-12-14 13:21:26,9,11,12610,17648
2023-12-14 13:22:00,10,11,12610,17648
2023-12-14 13:22:15,9,11,12610,17658
2023-12-14 13:22:32,9,12,12610,17658
2023-12-14 13:22:33,10,12,12610,17658
2023-12-14 13:22:39,10,11,12610,17658
2023-12-14 13:22:58,9,11,12610,17668
2023-12-14 13:23:07,10,11,12610,17668
2023-12-14 13:23:09,9,11,12610,17678
2023-12-14 13:23:10,9,10,12610,17678
2023-12-14 13:23:25,9,11,12610,17678
2023-12-14 13:23:44,9,10,12610,17678
2023-12-14 13:23:46,9,12,12610,17678
2023-12-14 13:23:46,9,11,12610,17678
2023-12-14 13:23:57,10,11,12610,17678
2023-12-14 13:24:02,10,11,12612,17680
2023-12-14 13:24:22,10,11,12811,17879
2023-12-14 13:24:23,9,11,12811,17879
2023-12-14 13:24:31,9,11,12811,18022
2023-12-14 13:24:32,10,11,12811,18022
2023-12-14 13:24:33,10,11,12816,18170
2023-12-14 13:24:36,10,11,12849,18203
2023-12-14 13:24:36,10,12,12849,18203
2023-12-14 13:24:38,10,12,12879,18233
2023-12-14 13:24:39,9,12,12879,18233
2023-12-14 13:24:39,9,11,12879,18233
2023-12-14 13:24:54,9,11,12958,18369
2023-12-14 13:25:03,10,11,12958,18369
2023-12-14 13:25:24,10,12,12958,18369
2023-12-14 13:25:26,10,11,12958,18369
2023-12-14 13:25:27,10,12,12958,18369
2023-12-14 13:25:29,11,12,12958,18369
2023-12-14 13:25:29,10,12,12968,18379
2023-12-14 13:25:34,10,12,13468,18879
2023-12-14 13:25:34,11,12,13468,18879
2023-12-14 13:25:46,11,12,13478,18889
2023-12-14 13:26:20,11,13,13478,18889
2023-12-14 13:26:21,12,13,13478,18889
2023-12-14 13:26:22,11,13,13538,18949
2023-12-14 13:26:24,11,12,13538,18949
2023-12-14 13:26:25,11,13,13538,18949
2023-12-14 13:26:29,11,12,13538,18949
2023-12-14 13:26:49,11,13,13538,18949
2023-12-14 13:26:52,12,13,13538,18949
2023-12-14 13:27:00,11,13,13538,18949
2023-12-14 13:27:11,11,12,13538,18949
2023-12-14 13:27:17,11,13,13538,18949
2023-12-14 13:27:30,12,13,13538,18949
2023-12-14 13:27:32,11,13,13538,18949
2023-12-14 13:27:48,11,12,13538,18949
2023-12-14 13:28:07,11,13,13538,18949
2023-12-14 13:28:07,12,13,13538,18949
2023-12-14 13:28:09,11,13,13538,18949
2023-12-14 13:28:09,11,12,13538,18949
2023-12-14 13:28:17,11,13,13538,18949
2023-12-14 13:28:17,12,13,13538,18949
2023-12-14 13:28:44,11,13,13538,18949
2023-12-14 13:28:44,11,12,13538,18949
2023-12-14 13:29:38,11,14,13538,18949
2023-12-14 13:29:38,11,13,13538,18949
2023-12-14 13:29:44,11,12,13538,18949
2023-12-14 13:29:47,11,14,13538,18949
2023-12-14 13:29:47,11,13,13538,18949
2023-12-14 13:29:56,12,13,13538,18949
2023-12-14 13:30:06,12,13,13537,18950
2023-12-14 13:30:09,11,13,13537,18950
2023-12-14 13:30:09,11,12,13537,18950
2023-12-14 13:30:23,11,13,13537,18950
2023-12-14 13:30:24,11,12,13537,18950
2023-12-14 13:30:28,11,13,13537,18950
2023-12-14 13:30:31,11,12,13537,18950
2023-12-14 13:31:02,11,13,13537,18950
2023-12-14 13:31:02,11,12,13537,18950
2023-12-14 13:31:02,10,11,13537,18960
2023-12-14 13:31:16,9,11,13537,18960
2023-12-14 13:31:16,9,12,13537,18960
2023-12-14 13:31:16,9,10,13537,18960
2023-12-14 13:31:16,9,10,13477,19020
2023-12-14 13:31:20,9,12,13477,19020
2023-12-14 13:31:20,9,11,13477,19020
2023-12-14 13:31:23,9,10,13477,19020
2023-12-14 13:31:34,9,12,13477,19020
2023-12-14 13:31:34,9,11,13477,19020
2023-12-14 13:31:44,9,10,13477,19020
2023-12-14 13:33:20,10,11,13467,19030
2023-12-14 13:33:22,10,12,13467,19030
2023-12-14 13:33:22,10,13,13467,19030
2023-12-14 13:33:22,10,12,13467,19030
2023-12-14 13:33:27,10,13,13467,19030
2023-12-14 13:33:27,10,12,13467,19030
2023-12-14 13:33:27,10,11,13467,19030
2023-12-14 13:33:35,10,13,13467,19030
2023-12-14 13:33:35,10,12,13467,19030
2023-12-14 13:33:49,10,11,13467,19030
2023-12-14 13:34:01,9,11,13467,19030
2023-12-14 13:34:03,9,12,13467,19030
2023-12-14 13:34:03,9,10,13467,19030
2023-12-14 13:34:12,8,10,13467,19030
2023-12-14 13:34:15,8,11,13467,19030
2023-12-14 13:34:15,8,9,13467,19030
2023-12-14 13:34:34,7,9,13467,19030
2023-12-14 13:34:48,7,10,13467,19030
2023-12-14 13:34:48,7,8,13467,19030
2023-12-14 13:35:29,7,9,13467,19030
2023-12-14 13:35:29,7,10,13467,19030
2023-12-14 13:35:29,7,9,13467,19030
2023-12-14 13:35:31,8,9,13467,19030
2023-12-14 13:35:42,7,9,13467,19030
2023-12-14 13:35:42,8,9,13467,19030
2023-12-14 13:35:46,7,9,13467,19030
2023-12-14 13:35:48,8,9,13467,19030
2023-12-14 13:36:19,7,9,13467,19030
2023-12-14 13:36:21,8,9,13467,19030
2023-12-14 13:36:30,7,9,13467,19030
2023-12-14 13:36:31,8,9,13467,19030
2023-12-14 13:36:44,7,9,13467,19030
2023-12-14 13:36:48,8,9,13467,19030
2023-12-14 13:36:51,7,9,13467,19030
2023-12-14 13:36:59,8,9,13467,19030
2023-12-14 13:37:00,7,9,13467,19030
2023-12-14 13:37:01,7,10,13467,19030
2023-12-14 13:37:01,7,8,13467,19030
2023-12-14 13:37:05,7,10,13467,19030
2023-12-14 13:37:05,7,9,13467,19030
2023-12-14 13:37:05,8,9,13467,19030
2023-12-14 13:37:08,7,9,13467,19030
2023-12-14 13:37:12,7,10,13467,19030
2023-12-14 13:37:12,7,8,13467,19030
2023-12-14 13:37:16,7,10,13467,19030
2023-12-14 13:37:16,7,9,13467,19030
2023-12-14 13:37:19,7,10,13467,19030
2023-12-14 13:37:19,7,8,13467,19030
2023-12-14 13:37:23,7,10,13467,19030
2023-12-14 13:37:23,7,9,13467,19030
2023-12-14 13:37:29,8,9,13467,19030
2023-12-14 13:37:39,7,9,13467,19030
2023-12-14 13:37:42,8,9,13467,19030
2023-12-14 13:37:58,8,10,13467,19030
2023-12-14 13:37:58,8,11,13467,19030
2023-12-14 13:37:58,8,10,13467,19030
2023-12-14 13:38:01,8,11,13467,19030
2023-12-14 13:38:01,8,9,13467,19030
2023-12-14 13:39:31,7,9,13467,19030
2023-12-14 13:39:37,8,9,13467,19030
2023-12-14 13:40:04,8,11,13467,19030
2023-12-14 13:40:04,9,11,13467,19030
2023-12-14 13:40:04,9,10,13467,19030
2023-12-14 13:40:07,8,10,13467,19030
2023-12-14 13:40:13,8,9,13467,19030
2023-12-14 13:40:51,7,9,13467,19030
2023-12-14 13:40:52,7,10,13467,19030
2023-12-14 13:40:52,7,8,13467,19030
2023-12-14 13:42:06,7,8,13467,19189
2023-12-14 13:42:34,7,8,13467,19249
2023-12-14 13:43:13,7,9,13467,19249
2023-12-14 13:43:16,8,9,13467,19249
2023-12-14 13:43:16,7,9,13467,19364
2023-12-14 13:43:24,8,9,13467,19364
2023-12-14 13:43:28,7,9,13467,19364
2023-12-14 13:43:29,8,9,13467,19364
2023-12-14 13:43:30,7,9,13467,19364
2023-12-14 13:43:30,8,9,13467,19364
2023-12-14 13:43:31,7,9,13467,19364
2023-12-14 13:43:44,8,9,13467,19364
2023-12-14 13:43:45,7,9,13467,19364
2023-12-14 13:43:45,7,10,13467,19364
2023-12-14 13:43:45,7,8,13467,19364
2023-12-14 13:44:12,7,10,13467,19632
2023-12-14 13:44:20,8,10,13467,19632
2023-12-14 13:44:51,7,10,13467,19632
2023-12-14 13:45:02,8,10,13467,19632
2023-12-14 13:45:03,7,10,13467,19632
2023-12-14 13:45:07,8,10,13467,19632
2023-12-14 13:45:29,7,10,13467,19632
2023-12-14 13:45:34,8,10,13467,19632
2023-12-14 13:45:38,7,10,13467,19632
2023-12-14 13:45:38,8,10,13467,19632
2023-12-14 13:45:49,7,10,13467,19632
2023-12-14 13:46:05,7,9,13467,19632
2023-12-14 13:46:08,7,10,13467,19632
2023-12-14 13:46:11,8,10,13467,19632
2023-12-14 13:47:12,8,11,13467,19632
2023-12-14 13:47:21,8,10,13467,19632
2023-12-14 13:47:23,8,11,13467,19632
2023-12-14 13:47:39,9,11,13467,19632
2023-12-14 13:47:40,8,11,13467,19632
2023-12-14 13:47:42,9,11,13467,19632
2023-12-14 13:48:10,10,11,13467,19632
2023-12-14 13:48:15,9,11,13467,19632
2023-12-14 13:48:30,10,11,13467,19632
2023-12-14 13:48:35,10,12,13467,19632
2023-12-14 13:48:59,11,12,13467,19632
2023-12-14 13:49:01,10,12,13467,19632
2023-12-14 13:49:03,11,12,13467,19632
2023-12-14 13:49:04,11,13,13467,19632
2023-12-14 13:49:24,12,13,13467,19632
2023-12-14 13:49:24,12,14,13467,19632
2023-12-14 13:49:27,13,14,13467,19632
2023-12-14 13:49:28,13,15,13667,19832
2023-12-14 13:50:02,14,15,13667,19832
2023-12-14 13:50:03,14,16,13667,20082
2023-12-14 13:50:04,14,17,13867,20282
2023-12-14 13:50:05,15,17,13867,20282
2023-12-14 13:50:06,14,17,13867,20282
2023-12-14 13:50:16,15,17,13867,20282
2023-12-14 13:50:24,16,17,13867,20282
2023-12-14 13:50:25,16,17,13867,20482
2023-12-14 13:50:25,16,18,13867,20482
2023-12-14 13:50:27,16,19,13867,20482
2023-12-14 13:50:28,18,19,13867,20482
2023-12-14 13:50:33,18,20,13867,20732
2023-12-14 13:50:37,19,20,13867,20732
2023-12-14 13:50:39,19,21,13867,20732
2023-12-14 13:50:39,19,22,13867,20732
2023-12-14 13:50:39,20,22,13867,20732
2023-12-14 13:50:39,20,21,13867,20732
2023-12-14 13:50:39,20,22,13867,20732
2023-12-14 13:50:55,20,21,13867,20732
2023-12-14 13:51:01,20,21,13867,20912
2023-12-14 13:51:12,21,22,13867,21102
2023-12-14 13:51:19,21,23,14252,21487
2023-12-14 13:51:20,22,23,14252,21487
2023-12-14 13:51:27,22,23,14242,21497
2023-12-14 13:51:28,22,25,14242,21737
2023-12-14 13:51:28,23,25,14242,21737
2023-12-14 13:51:30,24,25,14242,21737
2023-12-14 13:51:32,23,25,14242,21737
2023-12-14 13:51:34,22,25,14242,21737
2023-12-14 13:51:34,23,25,14242,21737
2023-12-14 13:51:35,22,25,14242,21737
2023-12-14 13:51:38,23,25,14242,21737
2023-12-14 13:51:39,22,25,14242,21737
2023-12-14 13:51:40,22,25,14242,21737
2023-12-14 13:51:43,22,24,14242,21737
2023-12-14 13:51:45,23,24,14242,21737
2023-12-14 13:51:45,23,25,14242,21737
2023-12-14 13:51:48,23,24,14242,21737
2023-12-14 13:51:52,23,25,14242,21737
2023-12-14 13:51:54,24,25,14242,21737
2023-12-14 13:51:54,24,26,14242,21737
2023-12-14 13:51:57,25,26,14242,21737
2023-12-14 13:51:57,25,27,14242,21737
2023-12-14 13:51:59,26,27,14242,21737
2023-12-14 13:52:06,26,27,14042,21937
2023-12-14 13:52:06,26,29,13992,21987
2023-12-14 13:52:07,27,29,13992,21987
2023-12-14 13:52:10,27,30,13992,21987
2023-12-14 13:52:14,29,30,13992,21987
2023-12-14 13:52:16,28,30,13992,21987
2023-12-14 13:52:25,29,30,13992,21987
2023-12-14 13:52:25,29,31,13992,21987
2023-12-14 13:52:25,29,30,13992,21987
2023-12-14 13:52:26,29,31,13992,21987
2023-12-14 13:52:26,30,31,13992,21987
2023-12-14 13:52:29,30,31,13992,22091
2023-12-14 13:52:31,30,31,13932,22151
2023-12-14 13:52:38,29,31,13932,22151
2023-12-14 13:52:39,30,31,13932,22151
2023-12-14 13:52:41,30,31,13812,22271
2023-12-14 13:52:44,30,31,13622,22461
2023-12-14 13:52:44,31,33,13572,22511
2023-12-14 13:52:44,31,32,13572,22511
2023-12-14 13:52:45,30,32,13572,22511
2023-12-14 13:52:45,30,33,13572,22511
2023-12-14 13:52:47,30,32,13572,22668
2023-12-14 13:52:47,30,31,13572,22668
2023-12-14 13:52:49,30,31,13572,22691
2023-12-14 13:52:54,29,31,13572,22691
2023-12-14 13:52:56,28,31,13572,22691
2023-12-14 13:53:01,29,31,13572,22691
2023-12-14 13:53:04,30,31,13572,22691
2023-12-14 13:53:10,30,31,13572,22691
2023-12-14 13:53:10,30,32,13572,22691
2023-12-14 13:53:11,30,31,13572,22691
2023-12-14 13:53:11,30,32,13572,22691
2023-12-14 13:53:13,31,32,13572,22691
2023-12-14 13:53:13,31,33,13572,22691
2023-12-14 13:53:22,31,33,13600,22811
2023-12-14 13:53:30,31,32,13600,22811
2023-12-14 13:53:30,31,33,13600,22922
2023-12-14 13:53:30,31,32,13600,22922
2023-12-14 13:53:37,31,32,13600,22982
2023-12-14 13:53:37,31,33,13600,22982
2023-12-14 13:53:38,32,33,13600,22982
2023-12-14 13:53:38,32,34,13600,22982
2023-12-14 13:53:38,32,33,13600,22982
2023-12-14 13:53:38,32,33,13800,23182
2023-12-14 13:53:38,32,34,13800,23182
2023-12-14 13:53:40,32,34,13772,23242
2023-12-14 13:53:41,33,34,13772,23242
2023-12-14 13:53:42,33,34,13860,23362
2023-12-14 13:53:42,32,34,13860,23362
2023-12-14 13:53:51,32,34,13800,23422
2023-12-14 13:53:59,33,34,13800,23422
2023-12-14 13:54:00,33,35,13800,23422
2023-12-14 13:54:00,34,35,13800,23422
2023-12-14 13:54:05,32,34,13794,23428
2023-12-14 13:54:09,32,33,13794,23428
2023-12-14 13:54:10,31,33,13794,23428
2023-12-14 13:54:12,31,34,13794,23428
2023-12-14 13:54:12,31,33,13794,23428
2023-12-14 13:54:12,30,33,13794,23428
2023-12-14 13:54:12,30,32,13794,23428
2023-12-14 13:54:14,30,33,13794,23428
2023-12-14 13:54:14,30,32,13794,23428
2023-12-14 13:54:14,29,31,13794,23428
2023-12-14 13:54:26,29,31,13854,23488
2023-12-14 13:54:27,28,31,13854,23488
2023-12-14 13:54:27,28,30,13854,23488
2023-12-14 13:54:32,28,31,13854,23488
2023-12-14 13:54:33,28,30,13854,23488
2023-12-14 13:54:37,28,30,13854,23490
2023-12-14 13:54:39,29,30,13854,23490
2023-12-14 13:54:39,29,30,13914,23550
2023-12-14 13:54:40,28,30,13914,23550
2023-12-14 13:54:44,29,30,13914,23550
2023-12-14 13:54:51,29,30,13914,23552
2023-12-14 13:54:55,28,30,13914,23552
2023-12-14 13:55:01,28,29,13914,23552
2023-12-14 13:55:02,27,29,13914,23552
2023-12-14 13:55:02,27,28,13914,23552
2023-12-14 13:55:03,26,28,13914,23552
2023-12-14 13:55:07,26,27,13914,23552
2023-12-14 13:55:08,25,27,13914,23552
2023-12-14 13:55:08,25,26,13914,23552
2023-12-14 13:55:09,24,26,13914,23552
2023-12-14 13:55:20,24,25,13914,23552
2023-12-14 13:55:21,23,25,13914,23752
2023-12-14 13:55:27,23,26,13914,23752
2023-12-14 13:55:27,23,25,13914,23752
2023-12-14 13:55:28,22,24,13914,23752
2023-12-14 13:55:31,22,25,13914,23752
2023-12-14 13:55:35,22,24,13914,23752
2023-12-14 13:55:41,23,24,13914,23752
2023-12-14 13:55:41,23,25,13914,23752
2023-12-14 13:55:50,22,25,13914,23752
2023-12-14 13:55:56,23,25,13914,23752
2023-12-14 13:56:03,22,25,13914,23752
2023-12-14 13:56:05,22,24,13914,23752
2023-12-14 13:56:14,21,24,13914,23752
2023-12-14 13:56:14,21,23,13914,23752
2023-12-14 13:56:24,20,23,13914,23752
2023-12-14 13:56:34,20,22,13914,23754
2023-12-14 13:56:46,19,22,13717,24849
2023-12-14 13:56:46,20,22,13717,24849
2023-12-14 13:56:47,20,21,13717,24849
2023-12-14 13:57:02,20,21,13715,24851
2023-12-14 13:57:04,19,21,13715,24851
2023-12-14 13:57:06,20,21,13715,24851
2023-12-14 13:57:10,19,21,13715,24851
2023-12-14 13:57:18,19,21,13715,25351
2023-12-14 13:57:19,19,22,13715,25351
2023-12-14 13:57:25,19,21,13715,25351
2023-12-14 13:57:30,19,22,13715,25351
2023-12-14 13:57:32,20,22,13715,25351
2023-12-14 13:57:45,20,23,13715,25551
2023-12-14 13:57:52,21,23,13715,25551
2023-12-14 13:57:58,21,23,13713,25553
2023-12-14 13:58:00,20,23,13713,25553
2023-12-14 13:58:00,21,23,13713,25553
2023-12-14 13:58:03,21,22,13713,25553
2023-12-14 13:58:03,20,22,13713,25553
2023-12-14 13:58:04,19,22,13713,25553
2023-12-14 13:58:11,19,20,13713,25553
2023-12-14 13:58:11,19,22,13713,25555
2023-12-14 13:58:12,20,22,13713,25555
2023-12-14 13:58:14,20,23,13713,25555
2023-12-14 13:58:18,20,21,13713,25555
2023-12-14 13:58:18,20,22,13713,25557
2023-12-14 13:58:21,20,23,13713,25757
2023-12-14 13:58:25,20,22,13713,25757
2023-12-14 13:58:27,20,23,13713,25759
2023-12-14 13:58:29,21,23,13713,25759
2023-12-14 13:58:32,20,23,13713,25759
2023-12-14 13:58:33,20,22,13713,25759
2023-12-14 13:58:33,19,22,13713,25759
2023-12-14 13:58:49,20,22,13713,25759
2023-12-14 13:59:00,19,22,13713,25759
2023-12-14 13:59:07,19,21,13713,25759
2023-12-14 13:59:16,19,20,13713,25759
2023-12-14 13:59:17,18,20,13713,25759
2023-12-14 13:59:27,17,20,13713,25759
2023-12-14 14:00:00,17,18,13713,25759
2023-12-14 14:00:04,16,18,13713,25759
2023-12-14 14:00:06,16,17,13713,25759
2023-12-14 14:00:11,15,17,13713,25759
2023-12-14 14:00:12,14,17,13713,25759
2023-12-14 14:00:12,14,16,13713,25759
2023-12-14 14:00:14,14,17,13713,25759
2023-12-14 14:00:14,15,17,13713,25759
2023-12-14 14:00:14,15,17,13893,25939
2023-12-14 14:00:16,14,17,13893,25939
2023-12-14 14:00:17,14,16,13893,25939
2023-12-14 14:00:25,14,16,13893,25941
2023-12-14 14:00:32,13,16,13893,25941
2023-12-14 14:00:32,13,15,13893,25941
2023-12-14 14:00:33,12,15,13893,25941
2023-12-14 14:00:33,12,14,13893,25941
2023-12-14 14:00:34,12,14,13893,25941
2023-12-14 14:00:43,12,14,13893,25943
2023-12-14 14:00:46,12,15,13893,25943
2023-12-14 14:00:46,12,14,13893,25943
2023-12-14 14:00:55,13,14,13893,25943
2023-12-14 14:00:55,13,14,13893,26005
2023-12-14 14:00:56,12,14,13893,26005
2023-12-14 14:00:56,13,14,13893,26005
2023-12-14 14:01:02,12,14,13893,26005
2023-12-14 14:01:02,13,14,13893,26005
2023-12-14 14:01:04,12,14,14556,26813
2023-12-14 14:01:04,13,14,14556,26813
2023-12-14 14:01:04,12,14,14556,26813
2023-12-14 14:01:09,12,13,14556,26813
2023-12-14 14:01:09,11,13,14556,26813
2023-12-14 14:01:12,11,12,14556,26813
2023-12-14 14:01:19,10,12,14556,26813
2023-12-14 14:01:35,11,12,14556,26813
2023-12-14 14:01:37,11,12,14556,26873
2023-12-14 14:01:40,10,11,14427,27002
2023-12-14 14:01:41,10,12,14427,27002
2023-12-14 14:01:41,11,12,14427,27002
2023-12-14 14:01:42,10,11,14289,27142
2023-12-14 14:01:43,10,12,14289,27142
2023-12-14 14:01:58,10,11,14289,27142
2023-12-14 14:01:58,10,11,14289,27323
2023-12-14 14:01:59,10,12,14289,27323
2023-12-14 14:02:01,10,11,14289,27323
2023-12-14 14:02:16,10,12,14289,27323
2023-12-14 14:02:22,10,11,14289,27323
2023-12-14 14:02:23,9,11,14289,27323
2023-12-14 14:02:37,9,10,14289,27323
2023-12-14 14:02:58,9,11,14289,27323
2023-12-14 14:02:58,10,11,14289,27323
2023-12-14 14:03:02,9,11,14289,27323
2023-12-14 14:03:05,10,11,14289,27323
2023-12-14 14:03:19,9,11,14289,27323
2023-12-14 14:03:27,10,11,14289,27323
2023-12-14 14:03:28,9,11,14289,27323
2023-12-14 14:03:34,9,10,14289,27323
2023-12-14 14:03:34,8,10,14289,27323
2023-12-14 14:03:50,9,10,14289,27323
2023-12-14 14:04:06,9,11,14289,27323
2023-12-14 14:04:07,8,11,14289,27323
2023-12-14 14:04:07,9,11,14289,27323
2023-12-14 14:04:08,8,11,14289,27323
2023-12-14 14:04:10,9,11,14289,27323
2023-12-14 14:04:21,10,11,14289,27323
2023-12-14 14:04:26,8,10,14289,27500
2023-12-14 14:04:26,9,10,14289,27500
2023-12-14 14:04:29,8,10,14289,27500
2023-12-14 14:04:31,9,10,14289,27500
2023-12-14 14:04:32,8,10,14289,27500
2023-12-14 14:04:37,8,11,14289,27500
2023-12-14 14:04:37,9,11,14289,27500
2023-12-14 14:04:56,9,10,14289,27500
2023-12-14 14:05:00,9,11,14289,27500
2023-12-14 14:05:16,9,10,14289,27500
2023-12-14 14:05:16,8,10,14289,27500
2023-12-14 14:05:31,9,10,14289,27500
2023-12-14 14:05:45,8,10,14289,27500
2023-12-14 14:05:49,8,9,14289,27500
2023-12-14 14:06:22,8,10,14289,27500
2023-12-14 14:06:22,8,11,14289,27500
2023-12-14 14:06:22,8,10,14289,27500
2023-12-14 14:06:22,9,10,14289,27500
2023-12-14 14:06:31,8,10,14289,27500
2023-12-14 14:06:31,9,10,14289,27500
2023-12-14 14:06:35,8,10,14289,27500
2023-12-14 14:06:35,9,10,14289,27500
2023-12-14 14:06:36,8,10,14289,27500
2023-12-14 14:06:38,9,10,14289,27500
2023-12-14 14:06:39,8,10,14289,27500
2023-12-14 14:06:41,8,9,14289,27500
2023-12-14 14:06:57,7,9,14289,27500
2023-12-14 14:06:57,7,8,14289,27500
2023-12-14 14:07:09,6,8,14539,27750
2023-12-14 14:07:09,6,7,14539,27750
2023-12-14 14:07:27,6,8,14539,27750
2023-12-14 14:07:27,7,8,14539,27750
2023-12-14 14:07:47,7,8,14539,27785
2023-12-14 14:08:17,7,9,14539,27785
2023-12-14 14:08:17,8,9,14539,27785
2023-12-14 14:08:17,8,9,14659,27905
2023-12-14 14:09:35,8,10,14659,27905
2023-12-14 14:09:35,9,10,14659,27905
2023-12-14 14:09:37,8,10,14659,27905
2023-12-14 14:09:39,8,11,14659,27905
2023-12-14 14:09:47,8,10,14659,27905
2023-12-14 14:09:51,9,10,14659,27905
2023-12-14 14:10:02,9,10,14659,28405
2023-12-14 14:10:03,9,11,14659,28550
2023-12-14 14:10:06,8,11,14659,28550
2023-12-14 14:10:06,10,11,14659,28550
2023-12-14 14:10:08,10,12,14659,28550
2023-12-14 14:10:08,9,12,14659,28550
2023-12-14 14:10:13,10,12,14659,28550
2023-12-14 14:10:24,11,12,14659,28550
2023-12-14 14:10:28,10,12,14659,28550
2023-12-14 14:10:28,10,12,14659,28575
2023-12-14 14:10:34,9,12,14659,28575
2023-12-14 14:10:40,9,11,14659,28575
2023-12-14 14:10:40,8,11,14659,28575
2023-12-14 14:10:46,8,10,14659,28575
2023-12-14 14:10:52,7,10,14659,28575
2023-12-14 14:10:53,7,9,14659,28575
2023-12-14 14:10:58,6,9,14659,28575
2023-12-14 14:10:59,6,8,14659,28575
2023-12-14 14:11:20,7,8,14659,28575
2023-12-14 14:11:45,7,9,14659,28575
2023-12-14 14:12:04,7,8,14659,28575
2023-12-14 14:12:07,6,8,14659,28575
2023-12-14 14:12:21,7,8,14659,28575
2023-12-14 14:12:34,6,7,14659,28690
2023-12-14 14:12:47,5,7,14659,28690
2023-12-14 14:12:50,6,7,14659,28690
2023-12-14 14:13:04,5,7,14659,28690
2023-12-14 14:13:04,6,7,14659,28690
2023-12-14 14:13:08,5,7,14659,28690
2023-12-14 14:13:08,6,7,14659,28690
2023-12-14 14:14:21,5,7,14659,28690
2023-12-14 14:14:22,6,7,14659,28690
2023-12-14 14:14:23,5,7,14659,28690
2023-12-14 14:14:28,6,7,14659,28690
2023-12-14 14:15:13,6,7,14669,28700
2023-12-14 14:16:04,5,7,14669,28700
2023-12-14 14:16:11,5,6,14669,28700
2023-12-14 14:16:14,4,6,14669,28700
2023-12-14 14:16:20,4,5,14669,28700
2023-12-14 14:16:27,4,6,14669,28700
2023-12-14 14:16:28,5,6,14669,28700
2023-12-14 14:16:29,4,6,14794,28825
2023-12-14 14:16:30,5,6,14794,28825
2023-12-14 14:16:31,5,6,14854,28885
2023-12-14 14:16:31,4,6,14854,28885
2023-12-14 14:16:31,5,6,14854,28885
2023-12-14 14:16:34,5,6,14854,28910
2023-12-14 14:16:34,4,6,14854,28910
2023-12-14 14:16:37,5,6,14854,28910
2023-12-14 14:16:56,4,6,14854,28910
2023-12-14 14:17:06,4,5,14854,28910
2023-12-14 14:17:09,4,5,14914,28970
2023-12-14 14:17:16,3,5,15020,29076
2023-12-14 14:17:20,4,5,15020,29076
2023-12-14 14:17:21,4,5,15154,29210
2023-12-14 14:17:21,3,5,15154,29210
2023-12-14 14:17:23,4,5,15154,29210
2023-12-14 14:17:28,3,5,15154,29210
2023-12-14 14:17:28,4,5,15154,29210
2023-12-14 14:18:02,3,5,15154,29210
2023-12-14 14:18:03,4,5,15154,29210
2023-12-14 14:18:04,3,5,15154,29210
2023-12-14 14:18:45,3,4,15154,29210
2023-12-14 14:19:18,2,4,15154,29210
2023-12-14 14:19:19,3,4,15154,29210
2023-12-14 14:19:33,2,4,15280,29336
2023-12-14 14:20:00,2,3,15280,29336
2023-12-14 14:22:27,1,3,15280,29336
2023-12-14 14:23:09,1,2,15280,29336
2023-12-14 14:23:38,1,3,15280,29336
2023-12-14 14:24:21,1,2,15280,29336
2023-12-14 14:29:56,1,2,15280,29341
2023-12-14 14:34:00,1,2,15280,29346
2023-12-14 14:34:17,1,2,15280,29351
2023-12-14 14:35:29,1,2,15280,29356
2023-12-14 14:36:09,1,2,15280,29361
2023-12-14 14:36:13,1,2,15280,29366
2023-12-14 14:36:14,1,2,15080,29566
2023-12-14 14:36:47,1,2,15080,29621
2023-12-14 14:36:48,0,1,15080,29646
2023-12-14 14:37:01,1,2,15200,29766
2023-12-14 14:38:11,1,2,15205,29771
2023-12-14 14:38:41,1,2,15210,29776
2023-12-14 14:38:43,1,2,15215,29781
2023-12-14 14:39:35,1,2,15221,29787
2023-12-14 14:40:51,1,2,15226,29792
2023-12-14 14:41:30,1,2,15231,29797
2023-12-14 14:43:38,1,2,15236,29802
2023-12-14 14:43:39,1,2,15241,29807
2023-12-14 14:46:42,1,2,15241,29812
2023-12-14 14:50:01,0,2,15241,29812
2023-12-14 14:50:08,0,1,15241,29812
2023-12-14 15:47:41,0,1,15241,29887
