datetime,bid,ask,open_interest,volume
2023-08-28 09:30:03,74,92,395,404
2023-08-28 09:30:03,70,92,395,404
2023-08-28 09:30:03,66,92,395,404
2023-08-28 09:30:03,0,92,395,404
2023-08-28 09:30:04,78,92,395,404
2023-08-28 09:30:13,74,92,395,404
2023-08-28 09:30:13,70,92,395,404
2023-08-28 09:30:13,66,92,395,404
2023-08-28 09:30:13,0,92,395,404
2023-08-28 09:30:14,76,92,395,404
2023-08-28 09:30:21,72,92,395,404
2023-08-28 09:30:21,68,92,395,404
2023-08-28 09:30:21,64,92,395,404
2023-08-28 09:30:21,0,92,395,404
2023-08-28 09:31:22,77,99,395,404
2023-08-28 09:31:28,77,87,395,404
2023-08-28 09:31:29,77,91,395,404
2023-08-28 09:31:29,77,95,395,404
2023-08-28 09:31:29,77,99,395,404
2023-08-28 09:31:33,77,88,395,404
2023-08-28 09:32:22,77,92,395,404
2023-08-28 09:32:22,77,96,395,404
2023-08-28 09:32:22,77,99,395,404
2023-08-28 09:32:24,77,89,395,404
2023-08-28 09:32:48,77,93,395,404
2023-08-28 09:32:48,77,97,395,404
2023-08-28 09:32:48,77,99,395,404
2023-08-28 09:32:49,0,90,395,404
2023-08-28 09:33:11,0,94,395,404
2023-08-28 09:33:11,0,98,395,404
2023-08-28 09:33:11,0,99,395,404
2023-08-28 09:33:12,0,91,395,404
2023-08-28 09:33:15,0,95,395,404
2023-08-28 09:33:15,0,99,395,404
2023-08-28 09:33:17,0,92,395,404
2023-08-28 09:33:36,0,96,395,404
2023-08-28 09:33:36,0,99,395,404
2023-08-28 09:33:37,0,93,395,404
2023-08-28 09:34:03,84,93,395,404
2023-08-28 09:34:08,84,97,395,404
2023-08-28 09:34:08,84,99,395,404
2023-08-28 09:34:09,84,94,395,404
2023-08-28 09:34:41,84,98,395,404
2023-08-28 09:34:41,84,99,395,404
2023-08-28 09:34:42,84,95,395,404
2023-08-28 09:35:23,84,99,395,404
2023-08-28 09:35:26,84,97,395,404
2023-08-28 09:37:04,86,97,395,404
2023-08-28 09:37:12,82,97,395,404
2023-08-28 09:37:12,78,97,395,404
2023-08-28 09:37:12,74,97,395,404
2023-08-28 09:37:12,0,97,395,404
2023-08-28 09:37:13,85,97,395,404
2023-08-28 09:37:16,81,97,395,404
2023-08-28 09:37:16,77,97,395,404
2023-08-28 09:37:16,73,97,395,404
2023-08-28 09:37:16,0,97,395,404
2023-08-28 09:37:17,84,97,395,404
2023-08-28 09:38:25,80,99,395,404
2023-08-28 09:38:25,76,99,395,404
2023-08-28 09:38:25,72,99,395,404
2023-08-28 09:38:25,0,99,395,404
2023-08-28 09:38:26,0,93,395,404
2023-08-28 09:38:28,83,93,395,404
2023-08-28 09:38:37,79,93,395,404
2023-08-28 09:38:37,75,93,395,404
2023-08-28 09:38:37,71,93,395,404
2023-08-28 09:38:37,0,93,395,404
2023-08-28 09:38:40,81,93,395,404
2023-08-28 09:39:46,77,93,395,404
2023-08-28 09:39:46,73,93,395,404
2023-08-28 09:39:46,69,93,395,404
2023-08-28 09:39:46,0,93,395,404
2023-08-28 09:39:50,80,93,395,404
2023-08-28 09:41:22,80,91,395,404
2023-08-28 09:42:51,77,91,395,404
2023-08-28 09:44:22,77,92,395,404
2023-08-28 09:45:06,0,96,395,404
2023-08-28 09:45:06,0,99,395,404
2023-08-28 09:45:07,0,93,395,404
2023-08-28 09:45:51,81,93,395,404
2023-08-28 09:48:07,0,94,395,404
2023-08-28 09:48:51,81,94,395,404
2023-08-28 09:49:15,77,94,395,404
2023-08-28 09:49:15,73,94,395,404
2023-08-28 09:49:15,69,94,395,404
2023-08-28 09:49:15,0,94,395,404
2023-08-28 09:49:16,80,94,395,404
2023-08-28 09:49:33,76,94,395,404
2023-08-28 09:49:33,72,94,395,404
2023-08-28 09:49:33,68,94,395,404
2023-08-28 09:49:33,0,94,395,404
2023-08-28 09:51:07,0,90,395,404
2023-08-28 09:51:51,77,90,395,404
2023-08-28 09:52:07,73,90,395,404
2023-08-28 09:52:07,69,90,395,404
2023-08-28 09:52:07,65,90,395,404
2023-08-28 09:52:07,0,90,395,404
2023-08-28 09:52:08,75,90,395,404
2023-08-28 09:52:25,71,90,395,404
2023-08-28 09:52:25,67,90,395,404
2023-08-28 09:52:25,63,90,395,404
2023-08-28 09:52:25,0,90,395,404
2023-08-28 09:52:27,73,90,395,404
2023-08-28 09:54:07,0,86,395,404
2023-08-28 09:54:12,0,90,395,404
2023-08-28 09:54:12,0,94,395,404
2023-08-28 09:54:12,0,98,395,404
2023-08-28 09:54:12,0,99,395,404
2023-08-28 09:54:14,0,87,395,404
2023-08-28 09:54:27,0,91,395,404
2023-08-28 09:54:27,0,95,395,404
2023-08-28 09:54:27,0,99,395,404
2023-08-28 09:54:35,0,89,395,404
2023-08-28 09:55:28,79,89,395,404
2023-08-28 09:55:42,79,93,395,404
2023-08-28 09:55:42,79,97,395,404
2023-08-28 09:55:42,79,99,395,404
2023-08-28 09:55:46,79,90,395,404
2023-08-28 09:56:09,79,94,395,404
2023-08-28 09:56:09,79,98,395,404
2023-08-28 09:56:09,79,99,395,404
2023-08-28 09:56:11,79,91,395,404
2023-08-28 09:58:28,81,99,395,404
2023-08-28 09:59:11,81,92,395,404
2023-08-28 10:00:13,0,96,395,404
2023-08-28 10:00:13,0,99,395,404
2023-08-28 10:00:14,0,93,395,404
2023-08-28 10:01:06,82,93,395,404
2023-08-28 10:01:22,78,93,395,404
2023-08-28 10:01:22,74,93,395,404
2023-08-28 10:01:22,70,93,395,404
2023-08-28 10:01:22,0,93,395,404
2023-08-28 10:01:23,81,93,395,404
2023-08-28 10:03:14,0,92,395,404
2023-08-28 10:03:31,0,96,395,404
2023-08-28 10:03:32,0,99,395,404
2023-08-28 10:03:32,0,93,395,404
2023-08-28 10:03:47,80,93,395,404
2023-08-28 10:04:05,76,93,395,404
2023-08-28 10:04:05,72,93,395,404
2023-08-28 10:04:05,68,93,395,404
2023-08-28 10:04:05,0,93,395,404
2023-08-28 10:04:06,79,93,395,404
2023-08-28 10:06:34,0,89,395,404
2023-08-28 10:06:40,0,93,395,404
2023-08-28 10:06:40,0,97,395,404
2023-08-28 10:06:40,0,99,395,404
2023-08-28 10:06:41,0,90,395,404
2023-08-28 10:07:02,82,90,395,404
2023-08-28 10:07:03,82,94,395,404
2023-08-28 10:07:03,82,98,395,404
2023-08-28 10:07:03,82,99,395,404
2023-08-28 10:07:04,82,91,395,404
2023-08-28 10:07:35,78,91,395,404
2023-08-28 10:07:35,74,91,395,404
2023-08-28 10:07:35,70,91,395,404
2023-08-28 10:07:35,0,91,395,404
2023-08-28 10:07:37,81,91,395,404
2023-08-28 10:07:47,77,91,395,404
2023-08-28 10:07:47,73,91,395,404
2023-08-28 10:07:47,69,91,395,404
2023-08-28 10:07:47,0,91,395,404
2023-08-28 10:08:16,0,95,395,404
2023-08-28 10:08:16,0,99,395,404
2023-08-28 10:08:21,0,93,395,404
2023-08-28 10:09:52,83,93,395,404
2023-08-28 10:11:21,0,93,395,404
2023-08-28 10:12:54,80,99,395,404
2023-08-28 10:14:22,0,89,395,404
2023-08-28 10:14:36,0,93,395,404
2023-08-28 10:14:36,0,97,395,404
2023-08-28 10:14:36,0,99,395,404
2023-08-28 10:14:39,0,90,395,404
2023-08-28 10:15:55,85,90,395,404
2023-08-28 10:16:24,81,90,395,404
2023-08-28 10:16:24,77,90,395,404
2023-08-28 10:16:24,73,90,395,404
2023-08-28 10:16:24,0,90,395,404
2023-08-28 10:16:24,84,90,395,404
2023-08-28 10:16:43,80,90,395,404
2023-08-28 10:16:43,76,90,395,404
2023-08-28 10:16:43,72,90,395,404
2023-08-28 10:16:43,0,90,395,404
2023-08-28 10:16:46,83,90,395,404
2023-08-28 10:17:11,79,90,395,404
2023-08-28 10:17:11,75,90,395,404
2023-08-28 10:17:11,71,90,395,404
2023-08-28 10:17:11,0,90,395,404
2023-08-28 10:17:13,82,90,395,404
2023-08-28 10:17:19,78,90,395,404
2023-08-28 10:17:19,74,90,395,404
2023-08-28 10:17:19,70,90,395,404
2023-08-28 10:17:19,0,90,395,404
2023-08-28 10:17:20,81,90,395,404
2023-08-28 10:17:47,81,89,395,404
2023-08-28 10:17:47,82,89,395,404
2023-08-28 10:17:48,82,88,395,404
2023-08-28 10:17:49,83,88,395,404
2023-08-28 10:18:30,83,86,395,404
2023-08-28 10:19:48,83,89,495,504
2023-08-28 10:19:58,83,88,495,504
2023-08-28 10:19:59,83,89,495,504
2023-08-28 10:20:05,83,88,495,504
2023-08-28 10:20:06,83,89,495,504
2023-08-28 10:20:13,83,88,495,504
2023-08-28 10:20:14,83,89,495,504
2023-08-28 10:20:56,83,88,495,504
2023-08-28 10:20:58,83,89,495,504
2023-08-28 10:20:59,83,88,495,504
2023-08-28 10:21:00,83,89,495,504
2023-08-28 10:21:17,83,99,495,504
2023-08-28 10:21:48,83,95,495,504
2023-08-28 10:21:49,83,94,495,504
2023-08-28 10:21:50,83,93,495,504
2023-08-28 10:22:45,84,93,495,504
2023-08-28 10:23:22,86,93,495,504
2023-08-28 10:24:23,87,93,495,504
2023-08-28 10:24:51,88,93,495,504
2023-08-28 10:24:57,89,93,495,504
2023-08-28 10:26:26,88,93,495,504
2023-08-28 10:26:28,89,93,495,504
2023-08-28 10:26:37,88,93,495,504
2023-08-28 10:27:04,89,93,495,504
2023-08-28 10:27:05,88,93,495,504
2023-08-28 10:27:21,89,93,495,504
2023-08-28 10:27:23,88,93,495,504
2023-08-28 10:27:32,89,93,495,504
2023-08-28 10:27:39,88,93,495,504
2023-08-28 10:27:59,89,93,495,504
2023-08-28 10:30:02,89,94,495,504
2023-08-28 10:30:03,89,93,495,504
2023-08-28 10:30:06,89,94,495,504
2023-08-28 10:30:09,89,93,495,504
2023-08-28 10:30:14,89,94,495,504
2023-08-28 10:30:18,89,93,495,504
2023-08-28 10:30:20,89,94,495,504
2023-08-28 10:30:24,89,93,495,504
2023-08-28 10:30:26,89,94,495,504
2023-08-28 10:30:28,89,93,495,504
2023-08-28 10:30:36,89,94,495,504
2023-08-28 10:30:45,89,93,495,504
2023-08-28 10:31:18,88,93,495,504
2023-08-28 10:31:37,89,93,495,504
2023-08-28 10:32:24,89,94,495,504
2023-08-28 10:32:27,89,93,495,504
2023-08-28 10:32:31,89,94,495,504
2023-08-28 10:32:32,89,93,495,504
2023-08-28 10:33:03,89,94,495,504
2023-08-28 10:33:07,89,93,495,504
2023-08-28 10:34:01,89,94,495,504
2023-08-28 10:34:07,89,93,495,504
2023-08-28 10:34:08,89,94,495,504
2023-08-28 10:34:09,89,93,495,504
2023-08-28 10:34:10,89,94,495,504
2023-08-28 10:34:12,89,93,495,504
2023-08-28 10:34:14,89,94,495,504
2023-08-28 10:34:19,89,93,495,504
2023-08-28 10:34:24,89,94,495,504
2023-08-28 10:34:28,89,93,495,504
2023-08-28 10:34:29,89,94,495,504
2023-08-28 10:34:41,89,93,495,504
2023-08-28 10:34:42,89,94,495,504
2023-08-28 10:34:47,89,93,495,504
2023-08-28 10:35:33,89,94,495,504
2023-08-28 10:35:34,89,93,495,504
2023-08-28 10:36:58,89,94,495,504
2023-08-28 10:36:59,89,93,495,504
2023-08-28 10:37:00,89,94,495,504
2023-08-28 10:37:01,89,93,495,504
2023-08-28 10:37:03,89,94,495,504
2023-08-28 10:37:09,89,93,495,504
2023-08-28 10:37:10,89,94,495,504
2023-08-28 10:37:17,89,93,495,504
2023-08-28 10:37:41,89,94,495,504
2023-08-28 10:37:42,89,93,495,504
2023-08-28 10:37:46,89,94,495,504
2023-08-28 10:37:52,89,93,495,504
2023-08-28 10:38:58,88,93,495,504
2023-08-28 10:39:09,89,93,495,504
2023-08-28 10:39:10,88,93,495,504
2023-08-28 10:39:47,87,93,495,504
2023-08-28 10:39:51,0,93,495,504
2023-08-28 10:40:13,0,90,495,504
2023-08-28 10:40:36,0,93,495,504
2023-08-28 10:40:55,83,93,495,504
2023-08-28 10:40:56,83,92,495,504
2023-08-28 10:40:56,84,92,495,504
2023-08-28 10:40:57,85,92,495,504
2023-08-28 10:41:29,84,92,495,504
2023-08-28 10:41:30,85,92,495,504
2023-08-28 10:41:31,84,92,495,504
2023-08-28 10:41:32,85,92,495,504
2023-08-28 10:41:33,84,92,495,504
2023-08-28 10:41:33,83,92,495,504
2023-08-28 10:41:36,83,93,495,504
2023-08-28 10:41:46,79,93,495,504
2023-08-28 10:41:46,75,93,495,504
2023-08-28 10:41:46,71,93,495,504
2023-08-28 10:41:46,0,93,495,504
2023-08-28 10:41:48,82,93,495,504
2023-08-28 10:41:50,78,93,495,504
2023-08-28 10:41:50,74,93,495,504
2023-08-28 10:41:50,70,93,495,504
2023-08-28 10:41:50,0,93,495,504
2023-08-28 10:43:34,81,99,495,504
2023-08-28 10:43:36,81,91,495,504
2023-08-28 10:43:37,81,90,495,504
2023-08-28 10:43:37,82,90,495,504
2023-08-28 10:43:38,83,90,495,504
2023-08-28 10:43:38,83,89,495,504
2023-08-28 10:43:49,82,89,495,504
2023-08-28 10:44:01,83,89,495,504
2023-08-28 10:44:03,82,89,495,504
2023-08-28 10:44:15,83,89,495,504
2023-08-28 10:45:27,82,89,495,504
2023-08-28 10:45:59,83,89,495,504
2023-08-28 10:47:45,83,90,495,504
2023-08-28 10:47:49,83,89,495,504
2023-08-28 10:47:50,83,90,495,504
2023-08-28 10:47:51,83,89,495,504
2023-08-28 10:49:10,82,89,495,504
2023-08-28 10:49:11,83,89,495,504
2023-08-28 10:49:31,82,89,495,504
2023-08-28 10:49:57,83,89,495,504
2023-08-28 10:50:03,82,89,495,504
2023-08-28 10:50:17,83,89,495,504
2023-08-28 10:50:18,82,89,495,504
2023-08-28 10:50:24,83,89,495,504
2023-08-28 10:50:51,82,89,495,504
2023-08-28 10:50:59,83,89,495,504
2023-08-28 10:51:22,82,89,495,504
2023-08-28 10:51:23,83,89,495,504
2023-08-28 10:51:28,82,89,495,504
2023-08-28 10:51:35,83,89,495,504
2023-08-28 10:51:37,82,89,495,504
2023-08-28 10:51:43,0,89,495,504
2023-08-28 10:52:14,80,89,495,504
2023-08-28 10:52:15,81,89,495,504
2023-08-28 10:52:15,81,88,495,504
2023-08-28 10:52:16,82,88,495,504
2023-08-28 10:53:18,81,88,495,504
2023-08-28 10:53:21,79,88,495,504
2023-08-28 10:53:21,75,88,495,504
2023-08-28 10:53:21,71,88,495,504
2023-08-28 10:53:21,67,88,495,504
2023-08-28 10:53:21,0,88,495,504
2023-08-28 10:53:23,78,88,495,504
2023-08-28 10:53:24,79,88,495,504
2023-08-28 10:53:25,80,88,495,504
2023-08-28 10:53:32,79,88,495,504
2023-08-28 10:53:32,79,87,495,504
2023-08-28 10:53:34,79,86,495,504
2023-08-28 10:53:36,79,85,495,504
2023-08-28 10:53:44,76,85,495,504
2023-08-28 10:53:45,76,86,495,504
2023-08-28 10:53:46,76,85,495,504
2023-08-28 10:53:47,76,86,495,504
2023-08-28 10:53:47,76,84,495,504
2023-08-28 10:53:48,76,83,495,504
2023-08-28 10:53:49,0,83,495,504
2023-08-28 10:53:50,73,83,495,504
2023-08-28 10:53:51,73,82,495,504
2023-08-28 10:53:51,74,82,495,504
2023-08-28 10:53:52,75,82,495,504
2023-08-28 10:54:19,75,83,495,504
2023-08-28 10:54:22,76,83,495,504
2023-08-28 10:54:22,76,82,495,504
2023-08-28 10:54:25,76,83,495,504
2023-08-28 10:54:35,76,82,495,504
2023-08-28 10:57:28,76,83,495,504
2023-08-28 10:57:48,76,85,495,504
2023-08-28 10:57:49,76,84,495,504
2023-08-28 10:57:50,76,83,495,504
2023-08-28 10:57:51,76,84,495,504
2023-08-28 10:57:52,76,83,495,504
2023-08-28 10:58:00,76,84,495,504
2023-08-28 10:58:04,77,84,495,504
2023-08-28 10:58:06,77,85,495,504
2023-08-28 10:58:08,78,85,495,504
2023-08-28 10:58:10,78,99,495,504
2023-08-28 10:58:10,78,88,495,504
2023-08-28 10:58:11,78,87,495,504
2023-08-28 10:58:13,80,87,495,504
2023-08-28 10:58:14,81,87,495,504
2023-08-28 10:58:28,81,86,495,504
2023-08-28 10:58:30,81,87,495,504
2023-08-28 10:58:36,81,86,495,504
2023-08-28 10:59:53,81,87,495,504
2023-08-28 11:00:52,81,86,495,504
2023-08-28 11:01:42,80,86,495,504
2023-08-28 11:01:42,74,88,495,504
2023-08-28 11:01:42,70,88,495,504
2023-08-28 11:01:42,66,88,495,504
2023-08-28 11:01:42,0,88,495,504
2023-08-28 11:01:44,77,88,495,504
2023-08-28 11:01:45,77,87,495,504
2023-08-28 11:01:45,78,87,495,504
2023-08-28 11:01:46,78,86,495,504
2023-08-28 11:02:16,78,86,495,504
2023-08-28 11:02:18,79,86,495,504
2023-08-28 11:05:29,78,86,495,504
2023-08-28 11:05:33,79,86,495,504
2023-08-28 11:05:34,78,86,495,504
2023-08-28 11:05:40,79,86,495,504
2023-08-28 11:05:43,78,86,495,504
2023-08-28 11:05:43,75,86,495,504
2023-08-28 11:05:44,75,87,495,504
2023-08-28 11:05:44,75,85,495,504
2023-08-28 11:05:44,76,85,495,504
2023-08-28 11:05:45,77,85,495,504
2023-08-28 11:05:48,76,84,495,504
2023-08-28 11:05:52,77,84,495,504
2023-08-28 11:05:52,77,83,495,504
2023-08-28 11:05:53,76,83,495,504
2023-08-28 11:05:56,77,83,495,504
2023-08-28 11:06:02,76,83,495,504
2023-08-28 11:06:03,77,83,495,504
2023-08-28 11:06:09,76,83,495,504
2023-08-28 11:06:13,76,82,495,504
2023-08-28 11:06:16,77,82,495,504
2023-08-28 11:06:27,76,82,495,504
2023-08-28 11:06:35,77,82,495,504
2023-08-28 11:06:36,76,82,495,504
2023-08-28 11:06:43,77,82,495,504
2023-08-28 11:06:47,76,82,495,504
2023-08-28 11:06:53,73,82,495,504
2023-08-28 11:06:54,74,82,495,504
2023-08-28 11:06:55,75,82,495,504
2023-08-28 11:07:06,74,82,495,504
2023-08-28 11:07:08,75,82,495,504
2023-08-28 11:07:08,75,81,495,504
2023-08-28 11:07:48,74,81,495,504
2023-08-28 11:07:50,74,80,495,504
2023-08-28 11:07:58,0,80,495,504
2023-08-28 11:08:30,0,81,495,504
2023-08-28 11:09:07,72,81,495,504
2023-08-28 11:09:08,73,81,495,504
2023-08-28 11:09:09,74,81,495,504
2023-08-28 11:09:21,74,80,495,504
2023-08-28 11:09:29,74,81,495,504
2023-08-28 11:09:35,74,82,495,504
2023-08-28 11:09:40,75,82,495,504
2023-08-28 11:09:45,75,83,495,504
2023-08-28 11:09:50,75,82,495,504
2023-08-28 11:09:51,75,83,495,504
2023-08-28 11:09:52,75,82,495,504
2023-08-28 11:09:53,75,83,495,504
2023-08-28 11:09:59,75,82,495,504
2023-08-28 11:10:54,74,82,495,504
2023-08-28 11:11:00,75,82,495,504
2023-08-28 11:11:24,70,82,495,504
2023-08-28 11:11:24,70,85,495,504
2023-08-28 11:11:25,71,85,495,504
2023-08-28 11:11:25,71,84,495,504
2023-08-28 11:11:26,70,84,495,504
2023-08-28 11:11:26,70,83,495,504
2023-08-28 11:11:26,72,83,495,504
2023-08-28 11:11:27,73,83,495,504
2023-08-28 11:11:29,74,83,495,504
2023-08-28 11:11:35,75,83,495,504
2023-08-28 11:11:49,76,83,495,504
2023-08-28 11:11:52,77,83,495,504
2023-08-28 11:13:23,76,83,495,504
2023-08-28 11:13:34,77,83,495,504
2023-08-28 11:16:02,77,84,495,504
2023-08-28 11:16:13,77,83,495,504
2023-08-28 11:17:36,76,83,495,504
2023-08-28 11:17:41,77,83,495,504
2023-08-28 11:18:02,76,83,495,504
2023-08-28 11:18:19,77,83,495,504
2023-08-28 11:18:22,76,83,495,504
2023-08-28 11:18:39,77,83,495,504
2023-08-28 11:19:14,76,83,495,504
2023-08-28 11:19:19,77,83,495,504
2023-08-28 11:19:25,76,83,495,504
2023-08-28 11:19:35,75,83,495,504
2023-08-28 11:19:39,76,83,495,504
2023-08-28 11:21:49,76,84,495,504
2023-08-28 11:21:59,76,85,495,504
2023-08-28 11:21:59,75,85,495,504
2023-08-28 11:21:59,73,85,495,504
2023-08-28 11:23:19,73,84,495,504
2023-08-28 11:23:20,75,84,495,504
2023-08-28 11:23:20,75,83,495,504
2023-08-28 11:24:15,76,83,495,504
2023-08-28 11:24:21,77,83,495,504
2023-08-28 11:26:25,77,83,499,508
2023-08-28 11:26:58,77,84,499,508
2023-08-28 11:27:00,78,84,499,508
2023-08-28 11:27:04,78,83,499,508
2023-08-28 11:27:13,78,84,499,508
2023-08-28 11:27:23,78,99,499,508
2023-08-28 11:27:33,78,87,499,508
2023-08-28 11:27:34,78,86,499,508
2023-08-28 11:27:35,78,85,499,508
2023-08-28 11:27:37,79,85,499,508
2023-08-28 11:28:11,79,86,499,508
2023-08-28 11:28:16,80,86,499,508
2023-08-28 11:28:33,80,85,499,508
2023-08-28 11:28:54,79,85,499,508
2023-08-28 11:28:55,78,85,499,508
2023-08-28 11:28:56,78,99,499,508
2023-08-28 11:28:56,0,99,499,508
2023-08-28 11:29:18,73,99,499,508
2023-08-28 11:29:50,69,99,499,508
2023-08-28 11:29:50,65,99,499,508
2023-08-28 11:29:50,61,99,499,508
2023-08-28 11:29:50,0,99,499,508
2023-08-28 11:29:51,71,99,499,508
2023-08-28 11:30:07,71,81,499,508
2023-08-28 11:30:08,72,81,499,508
2023-08-28 11:30:09,73,81,499,508
2023-08-28 11:30:10,74,81,499,508
2023-08-28 11:30:16,74,80,499,508
2023-08-28 11:30:17,74,81,499,508
2023-08-28 11:30:20,74,82,499,508
2023-08-28 11:30:21,75,82,499,508
2023-08-28 11:30:25,75,86,499,508
2023-08-28 11:30:25,75,90,499,508
2023-08-28 11:30:25,75,94,499,508
2023-08-28 11:30:25,75,99,499,508
2023-08-28 11:30:25,75,83,499,508
2023-08-28 11:30:26,76,83,499,508
2023-08-28 11:30:30,76,99,499,508
2023-08-28 11:30:30,76,84,499,508
2023-08-28 11:30:31,77,84,499,508
2023-08-28 11:30:31,77,83,499,508
2023-08-28 11:30:34,77,84,499,508
2023-08-28 11:30:41,77,88,499,508
2023-08-28 11:30:41,77,92,499,508
2023-08-28 11:30:41,77,96,499,508
2023-08-28 11:30:41,77,99,499,508
2023-08-28 11:30:42,77,85,499,508
2023-08-28 11:30:43,78,85,499,508
2023-08-28 11:30:49,78,99,499,508
2023-08-28 11:32:58,78,84,499,508
2023-08-28 11:32:59,78,83,499,508
2023-08-28 11:33:02,79,84,499,508
2023-08-28 11:33:23,79,85,499,508
2023-08-28 11:33:40,79,84,499,508
2023-08-28 11:33:41,79,85,499,508
2023-08-28 11:33:57,78,85,499,508
2023-08-28 11:33:58,76,86,499,508
2023-08-28 11:33:58,76,85,499,508
2023-08-28 11:33:59,77,85,499,508
2023-08-28 11:33:59,77,84,499,508
2023-08-28 11:34:46,77,85,499,508
2023-08-28 11:34:47,78,85,499,508
2023-08-28 11:34:48,78,85,499,508
2023-08-28 11:34:49,78,84,499,508
2023-08-28 11:35:05,79,84,499,508
2023-08-28 11:35:23,79,85,499,508
2023-08-28 11:35:28,79,84,499,508
2023-08-28 11:35:59,79,85,499,508
2023-08-28 11:36:19,79,86,499,508
2023-08-28 11:36:21,78,86,499,508
2023-08-28 11:36:22,78,90,499,508
2023-08-28 11:36:22,78,94,499,508
2023-08-28 11:36:22,78,98,499,508
2023-08-28 11:36:22,78,99,499,508
2023-08-28 11:36:23,78,87,499,508
2023-08-28 11:36:26,76,87,499,508
2023-08-28 11:36:37,77,87,499,508
2023-08-28 11:36:38,77,87,499,508
2023-08-28 11:36:38,78,87,499,508
2023-08-28 11:36:39,76,87,499,508
2023-08-28 11:36:39,79,87,499,508
2023-08-28 11:36:40,80,87,499,508
2023-08-28 11:36:45,80,89,499,508
2023-08-28 11:36:46,81,89,499,508
2023-08-28 11:36:47,81,87,499,508
2023-08-28 11:37:48,81,88,499,508
2023-08-28 11:38:20,81,87,499,508
2023-08-28 11:38:21,81,88,499,508
2023-08-28 11:38:35,81,87,499,508
2023-08-28 11:38:36,81,88,499,508
2023-08-28 11:38:37,81,87,499,508
2023-08-28 11:38:40,81,88,499,508
2023-08-28 11:39:27,81,87,499,508
2023-08-28 11:40:19,81,88,499,508
2023-08-28 11:40:24,81,87,499,508
2023-08-28 11:40:25,81,88,499,508
2023-08-28 11:40:34,81,87,499,508
2023-08-28 11:40:40,81,88,499,508
2023-08-28 11:40:41,81,87,499,508
2023-08-28 11:41:17,81,86,499,508
2023-08-28 11:41:56,80,86,499,508
2023-08-28 11:42:02,0,86,499,508
2023-08-28 11:42:49,67,86,499,508
2023-08-28 11:42:50,68,86,499,508
2023-08-28 11:42:50,68,85,499,508
2023-08-28 11:42:51,68,86,499,508
2023-08-28 11:42:51,68,84,499,508
2023-08-28 11:42:52,69,86,499,508
2023-08-28 11:42:52,69,83,499,508
2023-08-28 11:42:53,69,86,499,508
2023-08-28 11:42:53,69,82,499,508
2023-08-28 11:42:54,69,86,499,508
2023-08-28 11:42:54,69,81,499,508
2023-08-28 11:42:55,69,80,499,508
2023-08-28 11:43:01,70,80,499,508
2023-08-28 11:43:07,71,80,499,508
2023-08-28 11:43:15,72,80,499,508
2023-08-28 11:43:17,73,80,499,508
2023-08-28 11:44:09,73,81,499,508
2023-08-28 11:44:09,73,99,499,508
2023-08-28 11:44:09,67,99,499,508
2023-08-28 11:44:57,0,77,499,508
2023-08-28 11:45:00,0,81,499,508
2023-08-28 11:45:00,0,85,499,508
2023-08-28 11:45:00,0,89,499,508
2023-08-28 11:45:00,0,99,499,508
2023-08-28 11:45:01,0,78,499,508
2023-08-28 11:45:39,69,78,499,508
2023-08-28 11:45:40,70,78,499,508
2023-08-28 11:45:41,71,78,499,508
2023-08-28 11:45:43,71,77,499,508
2023-08-28 11:45:52,72,77,499,508
2023-08-28 11:46:23,71,77,499,508
2023-08-28 11:46:42,70,77,495,701
2023-08-28 11:46:43,71,77,495,701
2023-08-28 11:46:43,70,77,656,894
2023-08-28 11:46:44,71,77,656,894
2023-08-28 11:46:44,71,77,906,1144
2023-08-28 11:46:49,70,77,944,1182
2023-08-28 11:46:50,71,77,944,1182
2023-08-28 11:46:51,70,77,1182,1420
2023-08-28 11:46:52,71,77,1182,1420
2023-08-28 11:46:53,70,77,1429,1667
2023-08-28 11:47:49,70,78,1429,1667
2023-08-28 11:47:50,70,77,1429,1667
2023-08-28 11:47:51,70,78,1429,1667
2023-08-28 11:47:53,66,78,1429,1667
2023-08-28 11:48:01,66,80,1429,1667
2023-08-28 11:48:02,67,80,1429,1667
2023-08-28 11:48:02,67,79,1429,1667
2023-08-28 11:48:03,66,79,1429,1667
2023-08-28 11:48:03,66,78,1429,1667
2023-08-28 11:48:04,67,78,1429,1667
2023-08-28 11:48:05,66,78,1429,1667
2023-08-28 11:48:06,67,78,1429,1667
2023-08-28 11:48:08,66,78,1429,1667
2023-08-28 11:48:09,67,78,1429,1667
2023-08-28 11:48:10,66,78,1429,1667
2023-08-28 11:48:11,67,78,1429,1667
2023-08-28 11:48:12,66,78,1429,1667
2023-08-28 11:48:13,67,78,1429,1667
2023-08-28 11:48:14,66,78,1429,1667
2023-08-28 11:49:25,68,78,1429,1667
2023-08-28 11:49:26,69,78,1429,1667
2023-08-28 11:50:33,69,75,1429,1667
2023-08-28 11:50:44,69,74,1429,1667
2023-08-28 11:51:33,69,73,1429,1667
2023-08-28 11:51:42,69,74,1429,1667
2023-08-28 11:51:45,69,73,1429,1667
2023-08-28 11:51:46,69,74,1429,1667
2023-08-28 11:51:48,69,73,1429,1667
2023-08-28 11:51:50,69,74,1429,1667
2023-08-28 11:52:00,69,73,1429,1667
2023-08-28 11:52:02,69,74,1429,1667
2023-08-28 11:52:17,69,75,1429,1667
2023-08-28 11:52:18,69,74,1429,1667
2023-08-28 11:52:19,69,75,1429,1667
2023-08-28 11:52:29,69,78,1429,1667
2023-08-28 11:52:30,69,77,1429,1667
2023-08-28 11:52:45,0,77,1429,1667
2023-08-28 11:52:47,0,78,1429,1667
2023-08-28 11:53:13,69,78,1429,1667
2023-08-28 11:53:14,69,77,1429,1667
2023-08-28 11:53:14,70,77,1429,1667
2023-08-28 11:53:20,70,76,1429,1667
2023-08-28 11:53:25,70,77,1429,1667
2023-08-28 11:53:29,70,76,1429,1667
2023-08-28 11:53:39,70,77,1429,1667
2023-08-28 11:53:56,70,78,1429,1667
2023-08-28 11:54:01,69,78,1429,1667
2023-08-28 11:54:02,70,78,1429,1667
2023-08-28 11:54:04,69,78,1429,1667
2023-08-28 11:54:05,70,78,1429,1667
2023-08-28 11:54:06,70,79,1429,1667
2023-08-28 11:54:06,69,79,1429,1667
2023-08-28 11:54:07,70,79,1429,1667
2023-08-28 11:54:08,69,79,1429,1667
2023-08-28 11:54:09,70,79,1429,1667
2023-08-28 11:54:10,69,79,1429,1667
2023-08-28 11:54:11,70,79,1429,1667
2023-08-28 11:54:11,70,78,1429,1667
2023-08-28 11:54:48,69,78,1429,1667
2023-08-28 11:54:49,70,79,1429,1667
2023-08-28 11:54:50,69,79,1429,1667
2023-08-28 11:54:51,70,79,1429,1667
2023-08-28 11:54:52,70,78,1429,1667
2023-08-28 11:55:05,70,79,1429,1667
2023-08-28 11:55:05,0,79,1429,1667
2023-08-28 11:55:42,0,99,1429,1667
2023-08-28 11:56:11,0,80,1429,1667
2023-08-28 11:56:13,72,80,1429,1667
2023-08-28 11:56:14,73,80,1429,1667
2023-08-28 11:56:16,73,79,1429,1667
2023-08-28 11:57:24,73,80,1429,1667
2023-08-28 11:57:34,73,81,1429,1667
2023-08-28 11:57:36,73,80,1429,1667
2023-08-28 11:57:38,73,81,1429,1667
2023-08-28 11:57:42,73,80,1429,1667
2023-08-28 11:58:21,73,81,1429,1667
2023-08-28 11:58:23,0,81,1429,1667
2023-08-28 11:58:24,0,99,1429,1667
2023-08-28 11:58:27,0,83,1429,1667
2023-08-28 11:59:29,75,83,1429,1667
2023-08-28 11:59:30,75,82,1429,1667
2023-08-28 11:59:30,76,82,1429,1667
2023-08-28 11:59:31,76,83,1429,1667
2023-08-28 11:59:33,76,82,1429,1667
2023-08-28 11:59:34,76,83,1429,1667
2023-08-28 12:00:02,76,82,1429,1667
2023-08-28 12:00:09,76,83,1429,1667
2023-08-28 12:00:23,76,82,1429,1667
2023-08-28 12:05:10,76,83,1429,1667
2023-08-28 12:05:21,76,84,1429,1667
2023-08-28 12:05:22,76,83,1429,1667
2023-08-28 12:05:25,76,84,1429,1667
2023-08-28 12:05:37,76,83,1429,1667
2023-08-28 12:05:38,76,84,1429,1667
2023-08-28 12:05:39,76,83,1429,1667
2023-08-28 12:05:42,76,82,1429,1667
2023-08-28 12:05:43,76,83,1429,1667
2023-08-28 12:05:51,76,82,1429,1667
2023-08-28 12:06:35,0,82,1429,1667
2023-08-28 12:06:35,0,85,1429,1667
2023-08-28 12:07:09,73,85,1429,1667
2023-08-28 12:07:10,74,85,1429,1667
2023-08-28 12:07:10,74,84,1429,1667
2023-08-28 12:07:11,74,83,1429,1667
2023-08-28 12:08:32,74,82,1429,1667
2023-08-28 12:09:15,74,83,1429,1667
2023-08-28 12:09:21,0,83,1429,1667
2023-08-28 12:10:25,76,83,1429,1667
2023-08-28 12:10:26,77,83,1429,1667
2023-08-28 12:11:20,77,84,1429,1667
2023-08-28 12:11:30,77,99,1429,1667
2023-08-28 12:12:25,0,99,1429,1667
2023-08-28 12:13:09,0,87,1429,1667
2023-08-28 12:13:11,78,87,1429,1667
2023-08-28 12:13:12,78,86,1429,1667
2023-08-28 12:13:12,79,86,1429,1667
2023-08-28 12:13:31,79,85,1429,1667
2023-08-28 12:13:32,79,86,1429,1667
2023-08-28 12:13:33,79,85,1429,1667
2023-08-28 12:13:44,79,86,1429,1667
2023-08-28 12:13:45,79,85,1429,1667
2023-08-28 12:13:47,79,86,1429,1667
2023-08-28 12:13:48,79,85,1429,1667
2023-08-28 12:14:00,79,86,1429,1667
2023-08-28 12:14:02,79,85,1429,1667
2023-08-28 12:14:04,79,86,1429,1667
2023-08-28 12:14:08,79,85,1429,1667
2023-08-28 12:15:16,79,86,1429,1667
2023-08-28 12:15:22,79,85,1429,1667
2023-08-28 12:17:54,0,85,1429,1667
2023-08-28 12:18:10,75,85,1429,1667
2023-08-28 12:18:11,76,85,1429,1667
2023-08-28 12:19:40,76,84,1429,1667
2023-08-28 12:20:03,76,83,1429,1667
2023-08-28 12:20:07,76,82,1429,1667
2023-08-28 12:20:13,0,82,1429,1667
2023-08-28 12:20:20,0,99,1429,1667
2023-08-28 12:21:07,0,80,1429,1667
2023-08-28 12:21:10,71,80,1429,1667
2023-08-28 12:21:11,72,80,1429,1667
2023-08-28 12:21:12,72,78,1429,1667
2023-08-28 12:24:59,72,79,1429,1667
2023-08-28 12:25:05,72,78,1429,1667
2023-08-28 12:26:43,72,79,1429,1667
2023-08-28 12:26:50,72,99,1429,1667
2023-08-28 12:27:10,72,81,1429,1667
2023-08-28 12:27:11,72,80,1429,1667
2023-08-28 12:27:22,69,80,1429,1667
2023-08-28 12:27:23,69,81,1429,1667
2023-08-28 12:27:23,70,81,1429,1667
2023-08-28 12:27:24,69,81,1429,1667
2023-08-28 12:27:24,69,80,1429,1667
2023-08-28 12:27:25,70,80,1429,1667
2023-08-28 12:27:26,0,80,1429,1667
2023-08-28 12:27:39,0,82,1429,1667
2023-08-28 12:29:09,73,99,1429,1667
2023-08-28 12:29:18,73,82,1429,1667
2023-08-28 12:29:19,74,82,1429,1667
2023-08-28 12:29:19,74,81,1429,1667
2023-08-28 12:29:20,74,80,1429,1667
2023-08-28 12:29:26,74,81,1429,1667
2023-08-28 12:29:46,74,80,1429,1667
2023-08-28 12:29:53,74,81,1429,1667
2023-08-28 12:29:54,74,80,1429,1667
2023-08-28 12:31:43,74,80,1429,1677
2023-08-28 12:32:37,74,81,1429,1677
2023-08-28 12:33:12,74,80,1429,1677
2023-08-28 12:33:25,74,81,1429,1677
2023-08-28 12:33:33,74,99,1429,1677
2023-08-28 12:34:13,74,82,1429,1677
2023-08-28 12:34:14,74,81,1429,1677
2023-08-28 12:34:15,74,80,1429,1677
2023-08-28 12:34:56,74,81,1429,1677
2023-08-28 12:34:57,74,80,1429,1677
2023-08-28 12:34:58,74,81,1429,1677
2023-08-28 12:35:13,74,80,1429,1677
2023-08-28 12:35:14,74,81,1429,1677
2023-08-28 12:35:31,74,83,1429,1677
2023-08-28 12:35:32,74,82,1429,1677
2023-08-28 12:35:33,74,81,1429,1677
2023-08-28 12:36:37,74,82,1429,1677
2023-08-28 12:37:00,0,82,1429,1677
2023-08-28 12:37:02,0,83,1429,1677
2023-08-28 12:37:02,0,87,1429,1677
2023-08-28 12:37:02,0,91,1429,1677
2023-08-28 12:37:02,0,95,1429,1677
2023-08-28 12:37:02,0,99,1429,1677
2023-08-28 12:37:05,0,84,1429,1677
2023-08-28 12:37:09,75,84,1429,1677
2023-08-28 12:37:10,76,84,1429,1677
2023-08-28 12:37:11,76,82,1429,1677
2023-08-28 12:37:14,76,83,1429,1677
2023-08-28 12:37:15,76,82,1429,1677
2023-08-28 12:37:29,76,83,1429,1677
2023-08-28 12:37:42,76,85,1429,1677
2023-08-28 12:37:43,76,84,1429,1677
2023-08-28 12:38:06,76,83,1429,1677
2023-08-28 12:38:16,76,84,1429,1677
2023-08-28 12:38:18,76,83,1429,1677
2023-08-28 12:38:21,76,84,1429,1677
2023-08-28 12:38:40,76,83,1429,1677
2023-08-28 12:38:41,76,84,1429,1677
2023-08-28 12:39:04,76,86,1429,1677
2023-08-28 12:39:04,0,86,1429,1677
2023-08-28 12:39:10,0,90,1429,1677
2023-08-28 12:39:10,0,94,1429,1677
2023-08-28 12:39:10,0,98,1429,1677
2023-08-28 12:39:10,0,99,1429,1677
2023-08-28 12:39:15,0,87,1429,1677
2023-08-28 12:39:17,0,91,1429,1677
2023-08-28 12:39:17,0,95,1429,1677
2023-08-28 12:39:17,0,99,1429,1677
2023-08-28 12:39:18,0,88,1429,1677
2023-08-28 12:39:20,0,92,1429,1677
2023-08-28 12:39:20,0,96,1429,1677
2023-08-28 12:39:20,0,99,1429,1677
2023-08-28 12:39:24,79,99,1429,1677
2023-08-28 12:40:27,79,88,1429,1677
2023-08-28 12:40:28,79,87,1429,1677
2023-08-28 12:40:28,80,87,1429,1677
2023-08-28 12:40:29,80,86,1429,1677
2023-08-28 12:42:23,80,87,1429,1677
2023-08-28 12:42:34,80,99,1429,1677
2023-08-28 12:42:50,79,99,1429,1677
2023-08-28 12:43:03,79,91,1429,1677
2023-08-28 12:43:04,79,90,1429,1677
2023-08-28 12:43:04,80,90,1429,1677
2023-08-28 12:43:05,79,90,1429,1677
2023-08-28 12:43:05,79,89,1429,1677
2023-08-28 12:43:06,80,89,1429,1677
2023-08-28 12:43:07,79,89,1429,1677
2023-08-28 12:43:08,80,89,1429,1677
2023-08-28 12:43:09,79,89,1429,1677
2023-08-28 12:43:10,80,90,1429,1677
2023-08-28 12:43:11,79,90,1429,1677
2023-08-28 12:43:12,80,90,1429,1677
2023-08-28 12:43:13,79,90,1429,1677
2023-08-28 12:43:14,80,90,1429,1677
2023-08-28 12:43:15,80,92,1429,1677
2023-08-28 12:43:16,79,91,1429,1677
2023-08-28 12:43:17,79,91,1429,1677
2023-08-28 12:43:18,80,91,1429,1677
2023-08-28 12:43:19,79,91,1429,1677
2023-08-28 12:43:20,80,91,1429,1677
2023-08-28 12:43:21,79,91,1429,1677
2023-08-28 12:43:22,80,91,1429,1677
2023-08-28 12:43:23,79,91,1429,1677
2023-08-28 12:43:23,79,90,1429,1677
2023-08-28 12:43:24,80,90,1429,1677
2023-08-28 12:43:25,79,90,1429,1677
2023-08-28 12:43:26,80,90,1429,1677
2023-08-28 12:43:27,79,90,1429,1677
2023-08-28 12:43:28,79,91,1429,1677
2023-08-28 12:43:28,80,91,1429,1677
2023-08-28 12:43:29,79,91,1429,1677
2023-08-28 12:43:30,80,91,1429,1677
2023-08-28 12:43:31,79,91,1429,1677
2023-08-28 12:43:32,79,90,1429,1677
2023-08-28 12:43:33,79,90,1429,1677
2023-08-28 12:43:34,80,90,1429,1677
2023-08-28 12:43:35,79,90,1429,1677
2023-08-28 12:43:36,80,90,1429,1677
2023-08-28 12:43:37,79,90,1429,1677
2023-08-28 12:43:38,80,90,1429,1677
2023-08-28 12:43:39,79,90,1429,1677
2023-08-28 12:43:40,80,90,1429,1677
2023-08-28 12:43:41,79,90,1429,1677
2023-08-28 12:43:42,80,90,1429,1677
2023-08-28 12:43:43,79,90,1429,1677
2023-08-28 12:43:44,80,90,1429,1677
2023-08-28 12:43:45,79,90,1429,1677
2023-08-28 12:43:46,80,90,1429,1677
2023-08-28 12:43:47,79,90,1429,1677
2023-08-28 12:43:48,80,90,1429,1677
2023-08-28 12:43:49,79,90,1429,1677
2023-08-28 12:43:50,80,90,1429,1677
2023-08-28 12:43:51,79,90,1429,1677
2023-08-28 12:43:52,80,90,1429,1677
2023-08-28 12:43:53,79,90,1429,1677
2023-08-28 12:43:54,80,90,1429,1677
2023-08-28 12:43:55,79,90,1429,1677
2023-08-28 12:43:56,80,90,1429,1677
2023-08-28 12:43:57,79,90,1429,1677
2023-08-28 12:43:58,80,90,1429,1677
2023-08-28 12:43:59,79,90,1429,1677
2023-08-28 12:44:00,80,90,1429,1677
2023-08-28 12:44:01,79,90,1429,1677
2023-08-28 12:44:02,80,90,1429,1677
2023-08-28 12:44:03,79,90,1429,1677
2023-08-28 12:44:04,80,90,1429,1677
2023-08-28 12:44:05,79,90,1429,1677
2023-08-28 12:44:06,80,90,1429,1677
2023-08-28 12:44:07,79,90,1429,1677
2023-08-28 12:44:08,80,90,1429,1677
2023-08-28 12:44:09,79,90,1429,1677
2023-08-28 12:44:10,80,90,1429,1677
2023-08-28 12:44:11,0,90,1429,1677
2023-08-28 12:44:51,83,90,1429,1677
2023-08-28 12:44:52,84,90,1429,1677
2023-08-28 12:51:48,84,91,1429,1677
2023-08-28 12:52:02,84,94,1429,1677
2023-08-28 12:52:03,84,93,1429,1677
2023-08-28 12:52:04,84,92,1429,1677
2023-08-28 12:52:13,84,91,1429,1677
2023-08-28 12:52:14,84,92,1429,1677
2023-08-28 12:52:34,83,92,1429,1677
2023-08-28 12:52:35,83,93,1429,1677
2023-08-28 12:52:35,84,93,1429,1677
2023-08-28 12:52:36,83,93,1429,1677
2023-08-28 12:52:37,84,93,1429,1677
2023-08-28 12:52:38,83,93,1429,1677
2023-08-28 12:52:39,84,93,1429,1677
2023-08-28 12:52:40,83,93,1429,1677
2023-08-28 12:52:41,84,93,1429,1677
2023-08-28 12:52:42,83,93,1429,1677
2023-08-28 12:52:43,84,93,1429,1677
2023-08-28 12:52:44,0,93,1429,1677
2023-08-28 12:52:44,0,92,1429,1677
2023-08-28 12:53:01,0,93,1429,1677
2023-08-28 12:53:52,86,93,1429,1677
2023-08-28 12:53:53,87,93,1429,1677
2023-08-28 12:54:03,87,92,1429,1677
2023-08-28 12:54:09,87,93,1429,1677
2023-08-28 12:54:14,87,92,1429,1677
2023-08-28 12:54:15,87,93,1429,1677
2023-08-28 12:54:32,87,92,1429,1677
2023-08-28 12:54:33,87,93,1429,1677
2023-08-28 12:55:44,87,99,1429,1677
2023-08-28 12:56:34,87,97,1429,1677
2023-08-28 12:56:35,87,96,1429,1677
2023-08-28 12:56:36,87,95,1429,1677
2023-08-28 12:56:47,89,95,1429,1677
2023-08-28 12:57:48,90,95,1429,1677
2023-08-28 12:57:49,90,96,1429,1677
2023-08-28 12:58:25,90,95,1429,1677
2023-08-28 12:58:55,90,96,1429,1677
2023-08-28 12:59:17,90,99,1429,1677
2023-08-28 12:59:47,91,99,1429,1677
2023-08-28 13:02:47,92,99,1429,1677
2023-08-28 13:05:17,0,99,1429,1677
2023-08-28 13:05:25,94,99,1429,1677
2023-08-28 13:09:34,90,99,1429,1677
2023-08-28 13:09:34,86,99,1429,1677
2023-08-28 13:09:34,82,99,1429,1677
2023-08-28 13:09:34,0,99,1429,1677
2023-08-28 13:09:35,93,99,1429,1677
2023-08-28 13:15:26,89,99,1429,1677
2023-08-28 13:15:26,85,99,1429,1677
2023-08-28 13:15:26,81,99,1429,1677
2023-08-28 13:15:26,0,99,1429,1677
2023-08-28 13:15:27,92,99,1429,1677
2023-08-28 13:21:07,93,99,1429,1677
2023-08-28 13:23:02,0,99,1429,1677
2023-08-28 13:23:28,93,99,1429,1677
2023-08-28 13:23:29,94,99,1429,1677
2023-08-28 13:25:18,94,99,1429,1687
2023-08-28 13:36:53,92,99,1429,1687
2023-08-28 13:36:54,93,99,1429,1687
2023-08-28 13:44:30,91,99,1429,1687
2023-08-28 13:44:31,92,99,1429,1687
2023-08-28 13:50:14,0,99,1429,1687
2023-08-28 13:50:15,89,99,1429,1687
2023-08-28 13:50:16,90,99,1429,1687
2023-08-28 13:54:27,89,99,1429,1687
2023-08-28 13:54:28,89,98,1429,1687
2023-08-28 13:54:29,89,97,1429,1687
2023-08-28 13:54:30,89,98,1429,1687
2023-08-28 13:54:30,89,96,1429,1687
2023-08-28 13:54:31,0,96,1429,1687
2023-08-28 13:54:31,0,95,1429,1687
2023-08-28 13:54:31,87,95,1429,1687
2023-08-28 13:54:32,88,95,1429,1687
2023-08-28 13:54:33,87,95,1429,1687
2023-08-28 13:54:34,87,94,1429,1687
2023-08-28 13:54:36,87,93,1429,1687
2023-08-28 13:54:37,0,93,1429,1687
2023-08-28 13:54:37,85,93,1429,1687
2023-08-28 13:54:39,85,98,1429,1687
2023-08-28 13:54:39,85,92,1429,1687
2023-08-28 13:54:40,85,91,1429,1687
2023-08-28 13:54:44,81,91,1429,1687
2023-08-28 13:54:44,77,91,1429,1687
2023-08-28 13:54:44,73,91,1429,1687
2023-08-28 13:54:44,0,91,1429,1687
2023-08-28 13:54:46,84,91,1429,1687
2023-08-28 13:54:47,85,91,1429,1687
2023-08-28 13:54:48,84,91,1429,1687
2023-08-28 13:55:01,0,91,1429,1687
2023-08-28 13:55:03,0,98,1429,1687
2023-08-28 13:56:27,75,99,1429,1687
2023-08-28 13:56:27,76,99,1429,1687
2023-08-28 13:57:05,75,99,1429,1687
2023-08-28 13:57:05,71,99,1429,1687
2023-08-28 13:57:05,67,99,1429,1687
2023-08-28 13:57:05,63,99,1429,1687
2023-08-28 13:57:05,0,99,1429,1687
2023-08-28 13:57:06,72,99,1429,1687
2023-08-28 13:57:07,73,99,1429,1687
2023-08-28 13:57:28,73,79,1429,1687
2023-08-28 13:57:29,73,78,1429,1687
2023-08-28 13:57:30,73,77,1429,1687
2023-08-28 13:57:33,73,78,1429,1687
2023-08-28 13:57:36,73,79,1429,1687
2023-08-28 13:57:45,73,78,1429,1687
2023-08-28 13:58:00,70,78,1429,1687
2023-08-28 13:58:01,71,78,1429,1687
2023-08-28 13:58:39,71,79,1429,1687
2023-08-28 13:58:42,0,79,1429,1687
2023-08-28 13:58:44,0,81,1429,1687
2023-08-28 13:58:47,0,85,1429,1687
2023-08-28 13:58:47,0,89,1429,1687
2023-08-28 13:58:47,0,93,1429,1687
2023-08-28 13:58:47,0,99,1429,1687
2023-08-28 13:58:49,0,82,1429,1687
2023-08-28 13:59:04,0,86,1429,1687
2023-08-28 13:59:04,0,90,1429,1687
2023-08-28 13:59:04,0,94,1429,1687
2023-08-28 13:59:04,0,99,1429,1687
2023-08-28 13:59:08,0,83,1429,1687
2023-08-28 13:59:30,73,83,1429,1687
2023-08-28 13:59:31,74,83,1429,1687
2023-08-28 13:59:31,74,82,1429,1687
2023-08-28 13:59:32,74,81,1429,1687
2023-08-28 13:59:59,74,82,1429,1687
2023-08-28 14:00:00,74,81,1429,1687
2023-08-28 14:01:33,74,82,1429,1687
2023-08-28 14:02:08,0,83,1429,1687
2023-08-28 14:02:27,74,83,1429,1687
2023-08-28 14:02:28,75,83,1429,1687
2023-08-28 14:02:31,75,81,1429,1687
2023-08-28 14:02:41,75,82,1429,1687
2023-08-28 14:02:51,75,81,1429,1687
2023-08-28 14:02:52,75,82,1429,1687
2023-08-28 14:03:09,75,81,1429,1687
2023-08-28 14:03:10,75,82,1429,1687
2023-08-28 14:03:16,75,99,1429,1687
2023-08-28 14:03:46,75,85,1429,1687
2023-08-28 14:03:47,75,84,1429,1687
2023-08-28 14:03:48,75,83,1429,1687
2023-08-28 14:04:19,0,83,1429,1687
2023-08-28 14:04:20,0,84,1429,1687
2023-08-28 14:04:32,77,84,1429,1687
2023-08-28 14:04:33,77,83,1429,1687
2023-08-28 14:04:50,78,84,1429,1687
2023-08-28 14:04:50,77,86,1429,1687
2023-08-28 14:04:51,73,86,1429,1687
2023-08-28 14:04:51,69,86,1429,1687
2023-08-28 14:04:51,65,86,1429,1687
2023-08-28 14:04:51,0,86,1429,1687
2023-08-28 14:04:51,78,86,1429,1687
2023-08-28 14:04:51,78,85,1429,1687
2023-08-28 14:04:52,78,84,1429,1687
2023-08-28 14:06:44,0,84,1429,1687
2023-08-28 14:07:19,76,84,1429,1687
2023-08-28 14:07:20,77,84,1429,1687
2023-08-28 14:09:32,77,85,1429,1687
2023-08-28 14:09:36,0,85,1429,1687
2023-08-28 14:10:19,81,99,1429,1687
2023-08-28 14:10:20,82,99,1429,1687
2023-08-28 14:10:55,81,99,1429,1687
2023-08-28 14:10:56,82,99,1429,1687
2023-08-28 14:10:57,81,99,1429,1687
2023-08-28 14:11:59,0,99,1429,1687
2023-08-28 14:12:01,0,88,1429,1687
2023-08-28 14:12:59,74,88,1429,1687
2023-08-28 14:13:00,74,87,1429,1687
2023-08-28 14:13:00,75,87,1429,1687
2023-08-28 14:13:01,75,88,1429,1687
2023-08-28 14:13:01,75,86,1429,1687
2023-08-28 14:13:02,75,88,1429,1687
2023-08-28 14:13:02,75,85,1429,1687
2023-08-28 14:13:03,75,88,1429,1687
2023-08-28 14:13:03,75,84,1429,1687
2023-08-28 14:13:04,75,83,1429,1687
2023-08-28 14:13:09,75,82,1429,1687
2023-08-28 14:15:03,75,83,1429,1687
2023-08-28 14:15:07,0,83,1429,1687
2023-08-28 14:15:08,0,84,1429,1687
2023-08-28 14:16:05,76,84,1429,1687
2023-08-28 14:16:06,76,83,1429,1687
2023-08-28 14:17:43,0,83,1429,1687
2023-08-28 14:18:17,0,84,1429,1687
2023-08-28 14:18:25,0,99,1429,1687
2023-08-28 14:18:31,79,99,1429,1687
2023-08-28 14:18:32,80,99,1429,1687
2023-08-28 14:19:13,80,88,1429,1687
2023-08-28 14:19:14,80,87,1429,1687
2023-08-28 14:19:15,0,87,1429,1687
2023-08-28 14:19:15,0,86,1429,1687
2023-08-28 14:19:16,77,86,1429,1687
2023-08-28 14:19:17,78,86,1429,1687
2023-08-28 14:19:25,78,85,1429,1687
2023-08-28 14:19:32,78,84,1429,1687
2023-08-28 14:19:34,76,84,1429,1687
2023-08-28 14:19:34,72,84,1429,1687
2023-08-28 14:19:34,68,84,1429,1687
2023-08-28 14:19:34,64,84,1429,1687
2023-08-28 14:19:34,0,84,1429,1687
2023-08-28 14:19:36,74,84,1429,1687
2023-08-28 14:19:37,75,84,1429,1687
2023-08-28 14:19:54,75,88,1429,1687
2023-08-28 14:19:54,75,83,1429,1687
2023-08-28 14:19:55,75,82,1429,1687
2023-08-28 14:19:59,75,81,1429,1687
2023-08-28 14:20:05,75,80,1429,1687
2023-08-28 14:20:33,75,81,1429,1687
2023-08-28 14:21:01,75,82,1429,1687
2023-08-28 14:21:03,75,99,1429,1687
2023-08-28 14:21:08,72,99,1429,1687
2023-08-28 14:21:09,72,86,1429,1687
2023-08-28 14:21:09,73,86,1429,1687
2023-08-28 14:21:10,72,86,1429,1687
2023-08-28 14:21:10,72,85,1429,1687
2023-08-28 14:21:11,72,84,1429,1687
2023-08-28 14:21:11,73,84,1429,1687
2023-08-28 14:21:12,72,84,1429,1687
2023-08-28 14:21:13,73,84,1429,1687
2023-08-28 14:21:14,72,84,1429,1687
2023-08-28 14:21:15,73,84,1429,1687
2023-08-28 14:21:16,72,84,1429,1687
2023-08-28 14:21:17,73,84,1429,1687
2023-08-28 14:21:18,72,84,1429,1687
2023-08-28 14:21:19,73,84,1429,1687
2023-08-28 14:21:20,72,84,1429,1687
2023-08-28 14:21:21,73,84,1429,1687
2023-08-28 14:21:22,72,84,1429,1687
2023-08-28 14:21:23,73,84,1429,1687
2023-08-28 14:21:24,0,84,1429,1687
2023-08-28 14:21:58,77,84,1429,1687
2023-08-28 14:21:59,78,84,1429,1687
2023-08-28 14:25:32,78,85,1429,1687
2023-08-28 14:25:36,78,84,1429,1687
2023-08-28 14:25:37,78,85,1429,1687
2023-08-28 14:25:38,78,84,1429,1687
2023-08-28 14:25:41,78,85,1429,1687
2023-08-28 14:25:43,78,84,1429,1687
2023-08-28 14:26:32,0,84,1429,1687
2023-08-28 14:27:33,77,84,1429,1687
2023-08-28 14:27:34,78,84,1429,1687
2023-08-28 14:27:36,78,99,1429,1687
2023-08-28 14:27:52,77,99,1429,1687
2023-08-28 14:27:53,78,99,1429,1687
2023-08-28 14:27:54,77,99,1429,1687
2023-08-28 14:27:54,77,89,1429,1687
2023-08-28 14:27:55,77,88,1429,1687
2023-08-28 14:27:55,78,88,1429,1687
2023-08-28 14:27:56,77,88,1429,1687
2023-08-28 14:27:56,77,87,1429,1687
2023-08-28 14:27:57,78,87,1429,1687
2023-08-28 14:27:58,77,87,1429,1687
2023-08-28 14:27:59,78,87,1429,1687
2023-08-28 14:28:00,77,87,1429,1687
2023-08-28 14:28:01,78,87,1429,1687
2023-08-28 14:28:02,77,87,1429,1687
2023-08-28 14:28:03,78,87,1429,1687
2023-08-28 14:28:04,77,87,1429,1687
2023-08-28 14:28:05,77,88,1429,1687
2023-08-28 14:28:05,78,88,1429,1687
2023-08-28 14:28:06,77,88,1429,1687
2023-08-28 14:28:07,78,88,1429,1687
2023-08-28 14:28:08,77,88,1429,1687
2023-08-28 14:28:08,77,87,1429,1687
2023-08-28 14:28:09,78,87,1429,1687
2023-08-28 14:28:10,77,87,1429,1687
2023-08-28 14:28:11,78,87,1429,1687
2023-08-28 14:28:12,77,87,1429,1687
2023-08-28 14:28:13,78,87,1429,1687
2023-08-28 14:28:14,77,87,1429,1687
2023-08-28 14:28:15,78,87,1429,1687
2023-08-28 14:28:16,77,87,1429,1687
2023-08-28 14:28:17,78,87,1429,1687
2023-08-28 14:28:19,77,87,1429,1687
2023-08-28 14:28:20,78,87,1429,1687
2023-08-28 14:30:06,80,87,1429,1687
2023-08-28 14:30:24,78,87,1429,1687
2023-08-28 14:30:26,79,87,1429,1687
2023-08-28 14:30:34,78,87,1429,1687
2023-08-28 14:31:01,0,87,1429,1687
2023-08-28 14:31:38,80,87,1429,1687
2023-08-28 14:31:39,81,87,1429,1687
2023-08-28 14:32:13,78,87,1429,1687
2023-08-28 14:32:14,79,87,1429,1687
2023-08-28 14:32:38,79,86,1429,1687
2023-08-28 14:32:59,77,86,1429,1687
2023-08-28 14:33:00,78,86,1429,1687
2023-08-28 14:33:00,78,85,1429,1687
2023-08-28 14:34:02,78,86,1429,1687
2023-08-28 14:34:05,76,86,1429,1687
2023-08-28 14:34:06,77,86,1429,1687
2023-08-28 14:34:07,76,86,1429,1687
2023-08-28 14:34:08,77,86,1429,1687
2023-08-28 14:34:09,76,86,1429,1687
2023-08-28 14:34:10,77,86,1429,1687
2023-08-28 14:34:11,76,86,1429,1687
2023-08-28 14:34:12,77,86,1429,1687
2023-08-28 14:34:13,76,86,1429,1687
2023-08-28 14:34:14,77,86,1429,1687
2023-08-28 14:34:15,76,86,1429,1687
2023-08-28 14:34:16,77,86,1429,1687
2023-08-28 14:34:17,76,86,1429,1687
2023-08-28 14:34:18,76,85,1429,1687
2023-08-28 14:34:35,76,85,1429,1687
2023-08-28 14:34:36,76,86,1429,1687
2023-08-28 14:34:36,77,86,1429,1687
2023-08-28 14:34:37,0,86,1429,1687
2023-08-28 14:35:10,0,90,1429,1687
2023-08-28 14:35:11,0,94,1429,1687
2023-08-28 14:35:11,0,98,1429,1687
2023-08-28 14:35:11,0,99,1429,1687
2023-08-28 14:35:22,81,99,1429,1687
2023-08-28 14:35:23,82,99,1429,1687
2023-08-28 14:35:56,82,92,1429,1687
2023-08-28 14:35:57,82,91,1429,1687
2023-08-28 14:35:58,82,90,1429,1687
2023-08-28 14:36:44,81,90,1429,1687
2023-08-28 14:36:45,82,91,1429,1687
2023-08-28 14:36:46,81,91,1429,1687
2023-08-28 14:36:46,81,90,1429,1687
2023-08-28 14:36:47,81,91,1429,1687
2023-08-28 14:36:47,82,91,1429,1687
2023-08-28 14:36:48,81,91,1429,1687
2023-08-28 14:36:49,82,91,1429,1687
2023-08-28 14:36:50,0,91,1429,1687
2023-08-28 14:37:08,85,91,1429,1687
2023-08-28 14:37:09,86,91,1429,1687
2023-08-28 14:37:18,86,99,1429,1687
2023-08-28 14:37:33,85,99,1429,1687
2023-08-28 14:37:34,86,99,1429,1687
2023-08-28 14:37:35,85,99,1429,1687
2023-08-28 14:37:36,86,99,1429,1687
2023-08-28 14:37:37,85,99,1429,1687
2023-08-28 14:37:37,85,98,1429,1687
2023-08-28 14:37:38,86,98,1429,1687
2023-08-28 14:37:39,85,97,1429,1687
2023-08-28 14:37:39,85,96,1429,1687
2023-08-28 14:37:40,86,96,1429,1687
2023-08-28 14:37:41,85,96,1429,1687
2023-08-28 14:37:42,86,96,1429,1687
2023-08-28 14:37:43,85,96,1429,1687
2023-08-28 14:37:44,86,96,1429,1687
2023-08-28 14:38:01,85,96,1429,1687
2023-08-28 14:38:02,86,96,1429,1687
2023-08-28 14:38:19,85,96,1429,1687
2023-08-28 14:38:20,85,97,1429,1687
2023-08-28 14:38:21,86,98,1429,1687
2023-08-28 14:38:21,86,96,1429,1687
2023-08-28 14:38:22,86,95,1429,1687
2023-08-28 14:38:28,86,94,1429,1687
2023-08-28 14:38:38,86,93,1429,1687
2023-08-28 14:38:43,84,93,1429,1687
2023-08-28 14:38:43,84,92,1429,1687
2023-08-28 14:38:44,85,92,1429,1687
2023-08-28 14:40:40,85,93,1429,1687
2023-08-28 14:40:46,85,92,1429,1687
2023-08-28 14:40:54,85,93,1429,1687
2023-08-28 14:41:02,85,92,1429,1687
2023-08-28 14:41:03,85,93,1429,1687
2023-08-28 14:41:04,85,92,1429,1687
2023-08-28 14:41:06,85,93,1429,1687
2023-08-28 14:41:07,85,92,1429,1687
2023-08-28 14:41:08,85,93,1429,1687
2023-08-28 14:41:23,85,92,1429,1687
2023-08-28 14:41:46,87,92,1429,1687
2023-08-28 14:41:48,87,93,1429,1687
2023-08-28 14:42:07,88,93,1429,1687
2023-08-28 14:42:09,88,97,1429,1687
2023-08-28 14:42:10,88,96,1429,1687
2023-08-28 14:42:11,88,95,1429,1687
2023-08-28 14:51:07,88,96,1429,1687
2023-08-28 14:51:09,88,95,1429,1687
2023-08-28 14:51:37,88,96,1429,1687
2023-08-28 14:51:38,88,95,1429,1687
2023-08-28 14:51:38,90,95,1429,1687
2023-08-28 14:51:48,90,96,1429,1687
2023-08-28 14:51:49,90,95,1429,1687
2023-08-28 14:51:51,90,96,1429,1687
2023-08-28 14:52:05,90,95,1429,1687
2023-08-28 14:52:06,90,96,1429,1687
2023-08-28 14:52:22,90,95,1429,1687
2023-08-28 14:52:40,90,96,1429,1687
2023-08-28 14:53:26,88,95,1429,1687
2023-08-28 14:53:28,88,96,1429,1687
2023-08-28 14:53:39,90,96,1429,1687
2023-08-28 14:53:45,90,95,1429,1687
2023-08-28 14:53:47,90,96,1429,1687
2023-08-28 14:54:26,91,96,1429,1687
2023-08-28 14:54:40,91,99,1429,1687
2023-08-28 14:55:43,93,99,1429,1687
2023-08-28 14:56:27,91,99,1429,1687
2023-08-28 14:56:28,92,99,1429,1687
2023-08-28 14:56:40,91,99,1429,1687
2023-08-28 14:57:04,92,99,1429,1687
2023-08-28 14:57:24,91,99,1429,1687
2023-08-28 15:00:25,93,99,1429,1687
2023-08-28 15:03:06,94,99,1429,1687
2023-08-28 15:07:37,95,99,1429,1687
2023-08-28 15:11:53,94,99,1429,1687
2023-08-28 15:12:23,95,99,1429,1687
2023-08-28 15:16:58,94,99,1429,1687
2023-08-28 15:19:23,95,99,1429,1687
2023-08-28 15:22:23,94,99,1429,1687
2023-08-28 15:23:31,0,99,1429,1687
2023-08-28 15:23:31,92,99,1429,1687
2023-08-28 15:23:45,88,99,1429,1687
2023-08-28 15:23:45,84,99,1429,1687
2023-08-28 15:23:45,80,99,1429,1687
2023-08-28 15:23:45,0,99,1429,1687
2023-08-28 15:23:46,91,99,1429,1687
2023-08-28 15:26:11,93,99,1429,1687
2023-08-28 15:28:26,95,99,1429,1687
