datetime,bid,ask,open_interest,volume
2023-07-26 09:31:00,19,22,1553,1555
2023-07-26 09:31:04,19,21,1553,1555
2023-07-26 09:33:14,20,21,1553,1555
2023-07-26 09:40:29,20,22,1754,1756
2023-07-26 09:40:38,20,21,1754,1756
2023-07-26 09:43:06,20,22,1755,1757
2023-07-26 09:44:17,20,22,1756,1758
2023-07-26 09:45:33,20,23,1758,1760
2023-07-26 09:46:26,21,23,1758,1760
2023-07-26 09:47:28,22,23,1758,1760
2023-07-26 09:59:23,22,23,2158,2160
2023-07-26 09:59:57,23,24,2159,2161
2023-07-26 10:00:07,22,24,2159,2161
2023-07-26 10:00:13,22,24,1760,2561
2023-07-26 10:00:14,22,23,1955,2961
2023-07-26 10:00:15,21,23,1955,2961
2023-07-26 10:00:15,22,23,1955,2961
2023-07-26 10:00:17,22,24,1955,2961
2023-07-26 10:04:00,22,24,1956,2962
2023-07-26 10:04:31,22,23,1956,2962
2023-07-26 10:04:34,22,24,1956,2962
2023-07-26 10:08:11,23,24,1956,2962
2023-07-26 10:08:51,23,24,1956,2964
2023-07-26 10:19:01,23,24,1961,2969
2023-07-26 10:23:51,22,23,1962,2971
2023-07-26 10:25:36,22,23,2107,3304
2023-07-26 10:30:21,21,23,2507,3704
2023-07-26 10:30:32,21,22,2507,3704
2023-07-26 10:30:32,21,22,2857,4054
2023-07-26 10:30:34,21,22,3207,4404
2023-07-26 10:30:47,21,22,3557,4754
2023-07-26 10:30:54,21,22,3618,4815
2023-07-26 10:31:07,21,22,3968,5165
2023-07-26 10:31:19,21,23,4168,5365
2023-07-26 10:31:31,21,24,4169,5366
2023-07-26 10:31:46,21,24,4171,5368
2023-07-26 10:31:47,22,24,4171,5368
2023-07-26 10:35:05,23,24,4171,5368
2023-07-26 10:39:50,23,24,3773,5768
2023-07-26 10:46:31,23,24,4024,6168
2023-07-26 10:46:32,23,24,4378,6568
2023-07-26 10:46:39,22,23,4376,6570
2023-07-26 10:46:54,22,23,4169,6970
2023-07-26 10:46:55,22,23,3920,7370
2023-07-26 10:46:56,21,23,4120,7571
2023-07-26 10:46:57,21,23,4517,7971
2023-07-26 10:46:58,21,23,4917,8371
2023-07-26 10:47:00,21,23,5317,8771
2023-07-26 10:47:02,21,23,5717,9171
2023-07-26 10:47:03,21,22,5717,9171
2023-07-26 10:47:14,20,22,5772,9228
2023-07-26 10:47:15,21,22,5772,9228
2023-07-26 10:47:18,21,23,5572,9429
2023-07-26 10:47:19,21,23,5173,9829
2023-07-26 10:47:19,22,23,5173,9829
2023-07-26 10:47:22,22,23,4773,10229
2023-07-26 10:51:09,21,23,4773,10229
2023-07-26 10:51:09,21,22,4773,10229
2023-07-26 10:54:17,20,21,4771,10231
2023-07-26 10:57:17,19,20,4770,10232
2023-07-26 10:57:58,18,19,4769,10233
2023-07-26 10:58:11,18,19,4668,10617
2023-07-26 10:58:46,17,18,4667,10618
2023-07-26 11:00:17,16,18,4666,10819
2023-07-26 11:00:31,16,17,4666,10819
2023-07-26 11:00:49,16,17,4665,10820
2023-07-26 11:02:24,16,17,4540,10945
2023-07-26 11:08:39,17,18,4489,10997
2023-07-26 11:09:17,18,19,3689,11798
2023-07-26 11:10:36,19,20,3087,12401
2023-07-26 11:10:37,19,20,3085,12403
2023-07-26 11:10:38,19,20,3083,12405
2023-07-26 11:10:39,19,20,3081,12407
2023-07-26 11:10:40,19,20,3081,12607
2023-07-26 11:10:52,19,20,3079,12609
2023-07-26 11:10:53,19,20,3077,12611
2023-07-26 11:10:54,19,20,3075,12613
2023-07-26 11:10:56,19,20,3073,12615
2023-07-26 11:10:57,19,20,3071,12617
2023-07-26 11:10:58,19,20,3069,12619
2023-07-26 11:10:59,19,20,3067,12621
2023-07-26 11:10:59,19,20,2717,12971
2023-07-26 11:11:00,19,20,2715,12973
2023-07-26 11:11:01,19,20,2713,12975
2023-07-26 11:11:05,19,20,2711,12977
2023-07-26 11:11:06,19,20,2709,12979
2023-07-26 11:11:07,19,20,2707,12981
2023-07-26 11:11:08,18,19,2691,12997
2023-07-26 11:12:09,19,20,2691,12998
2023-07-26 11:12:11,19,20,2643,13198
2023-07-26 11:15:39,19,20,2642,13199
2023-07-26 11:17:05,19,20,2613,13228
2023-07-26 11:17:54,20,21,2614,13229
2023-07-26 11:18:48,20,21,2714,13329
2023-07-26 11:19:18,21,22,3615,14230
2023-07-26 11:19:20,21,22,3615,14580
2023-07-26 11:19:23,21,22,3615,14930
2023-07-26 11:19:31,21,22,3615,15280
2023-07-26 11:19:31,21,22,3615,15319
2023-07-26 11:20:06,20,22,3615,15328
2023-07-26 11:21:25,20,22,3614,15329
2023-07-26 11:21:43,20,21,3614,15329
2023-07-26 11:22:58,20,21,3504,15439
2023-07-26 11:25:14,20,21,3503,15839
2023-07-26 11:26:32,20,21,3499,15843
2023-07-26 11:27:41,21,22,3499,15844
2023-07-26 11:34:08,22,23,3499,15845
2023-07-26 11:41:10,22,24,3700,16046
2023-07-26 11:47:04,22,24,3701,16047
2023-07-26 11:49:39,23,24,3701,16047
2023-07-26 11:53:11,24,25,3701,16048
2023-07-26 11:54:23,24,25,4101,16448
2023-07-26 12:11:08,24,25,4101,16548
2023-07-26 12:14:09,24,26,5038,17485
2023-07-26 12:14:39,24,25,5038,17485
2023-07-26 12:23:48,24,25,5038,17488
2023-07-26 12:25:09,23,25,4739,17787
2023-07-26 12:25:31,23,24,4739,17787
2023-07-26 12:25:40,23,24,4739,17987
2023-07-26 12:26:10,22,24,4737,17989
2023-07-26 12:26:41,22,23,4737,17989
2023-07-26 12:32:43,22,23,4737,18389
2023-07-26 12:34:03,22,24,4777,18429
2023-07-26 12:36:30,22,23,4777,18429
2023-07-26 12:36:32,22,24,4777,18429
2023-07-26 12:36:34,22,24,4476,18730
2023-07-26 12:36:36,22,23,4476,18730
2023-07-26 12:36:38,21,23,4476,18881
2023-07-26 12:37:11,22,23,4476,18881
2023-07-26 12:37:24,21,23,4476,18881
2023-07-26 12:41:40,22,23,4476,18881
2023-07-26 12:42:03,21,23,4476,18881
2023-07-26 12:43:46,21,22,4476,18881
2023-07-26 12:43:49,21,23,4476,18881
2023-07-26 12:45:10,21,22,4476,18881
2023-07-26 12:45:12,21,23,4476,18881
2023-07-26 12:45:49,21,22,4476,18881
2023-07-26 12:45:50,21,23,4476,18881
2023-07-26 12:45:55,21,22,4476,18881
2023-07-26 12:45:57,21,23,4476,18881
2023-07-26 12:46:08,21,22,4476,18881
2023-07-26 12:46:12,21,23,4476,18881
2023-07-26 12:46:15,21,22,4476,18881
2023-07-26 12:49:16,21,22,4476,19281
2023-07-26 12:49:22,21,22,4476,19681
2023-07-26 12:49:23,20,22,4476,19681
2023-07-26 12:49:32,21,22,4476,19681
2023-07-26 12:49:33,20,22,4476,19681
2023-07-26 12:49:34,21,22,4476,19681
2023-07-26 12:49:47,20,22,4476,19681
2023-07-26 12:49:49,21,22,4476,19681
2023-07-26 12:52:20,20,22,4476,19681
2023-07-26 12:52:48,20,21,4476,19681
2023-07-26 12:52:49,20,22,4476,19681
2023-07-26 12:53:15,20,21,4476,19681
2023-07-26 12:53:16,20,22,4476,19681
2023-07-26 12:53:26,20,21,4476,19681
2023-07-26 12:53:30,20,22,4476,19681
2023-07-26 12:53:52,20,21,4476,19681
2023-07-26 12:54:10,20,21,4476,20081
2023-07-26 12:59:44,20,21,4476,20481
2023-07-26 13:03:24,21,22,4476,20482
2023-07-26 13:04:28,20,22,4476,20682
2023-07-26 13:04:58,21,22,4476,20682
2023-07-26 13:05:08,20,22,4476,20682
2023-07-26 13:05:21,21,22,4476,20682
2023-07-26 13:05:22,20,22,4476,20682
2023-07-26 13:05:23,21,22,4476,20682
2023-07-26 13:05:31,20,22,4476,20682
2023-07-26 13:05:43,21,22,4476,20682
2023-07-26 13:05:44,20,22,4476,20682
2023-07-26 13:07:09,20,21,4476,20682
2023-07-26 13:07:11,20,22,4476,20682
2023-07-26 13:08:00,20,21,4476,20682
2023-07-26 13:08:23,20,22,4476,20682
2023-07-26 13:08:29,20,22,4187,20971
2023-07-26 13:09:39,21,22,4187,20971
2023-07-26 13:09:48,20,22,4187,20971
2023-07-26 13:09:48,21,22,4187,20971
2023-07-26 13:15:26,20,22,4187,20971
2023-07-26 13:15:34,21,22,4187,20971
2023-07-26 13:15:51,20,22,4187,20971
2023-07-26 13:17:15,21,22,4187,20971
2023-07-26 13:17:40,20,22,4187,20971
2023-07-26 13:17:42,21,22,4187,20971
2023-07-26 13:18:37,20,22,4187,20971
2023-07-26 13:23:11,20,21,4187,20971
2023-07-26 13:23:14,20,22,4187,20971
2023-07-26 13:25:24,21,22,4187,20971
2023-07-26 13:25:25,20,22,4187,20971
2023-07-26 13:25:35,21,22,4187,20971
2023-07-26 13:25:39,20,22,4187,20971
2023-07-26 13:25:52,21,22,4187,20971
2023-07-26 13:26:07,20,22,4187,20971
2023-07-26 13:28:35,20,21,4187,20971
2023-07-26 13:28:42,20,22,4187,20971
2023-07-26 13:28:53,21,22,4187,20971
2023-07-26 13:29:34,20,22,4187,20971
2023-07-26 13:29:35,21,22,4187,20971
2023-07-26 13:30:05,20,22,4187,20971
2023-07-26 13:30:06,21,22,4187,20971
2023-07-26 13:30:07,20,22,4187,20971
2023-07-26 13:30:08,21,22,4187,20971
2023-07-26 13:30:36,20,22,4187,20971
2023-07-26 13:30:47,21,22,4187,20971
2023-07-26 13:30:49,20,22,4187,20971
2023-07-26 13:30:52,21,22,4187,20971
2023-07-26 13:30:54,20,22,4187,20971
2023-07-26 13:31:01,21,22,4187,20971
2023-07-26 13:31:02,20,22,4187,20971
2023-07-26 13:32:38,21,22,4187,20971
2023-07-26 13:32:46,20,22,4187,20971
2023-07-26 13:32:56,21,22,4187,20971
2023-07-26 13:32:58,20,22,4187,20971
2023-07-26 13:32:59,21,22,4187,20971
2023-07-26 13:33:05,20,22,4187,20971
2023-07-26 13:33:06,21,22,4187,20971
2023-07-26 13:33:21,20,22,4187,20971
2023-07-26 13:33:36,21,22,4187,20971
2023-07-26 13:33:38,20,22,4187,20971
2023-07-26 13:34:53,21,22,4187,20971
2023-07-26 13:35:06,20,22,4187,20971
2023-07-26 13:35:28,21,22,4187,20971
2023-07-26 13:37:42,22,23,4187,20972
2023-07-26 13:37:54,21,23,4187,20972
2023-07-26 13:37:56,22,23,4187,20972
2023-07-26 13:38:03,21,23,4187,20972
2023-07-26 13:38:06,22,23,4187,20972
2023-07-26 13:38:09,21,23,4187,20972
2023-07-26 13:38:12,22,23,4187,20972
2023-07-26 13:38:14,21,23,4187,20972
2023-07-26 13:39:01,22,23,4187,20972
2023-07-26 13:39:03,22,23,4287,21072
2023-07-26 13:39:04,21,23,4287,21072
2023-07-26 13:39:04,22,23,4287,21072
2023-07-26 13:40:14,22,23,4287,21472
2023-07-26 13:41:22,22,23,4287,21872
2023-07-26 13:42:36,22,24,4287,22073
2023-07-26 13:42:38,22,23,4287,22073
2023-07-26 13:43:01,22,23,4287,22473
2023-07-26 13:43:02,22,24,4287,22674
2023-07-26 13:43:13,23,24,4287,22674
2023-07-26 13:43:16,22,23,4287,22774
2023-07-26 13:43:16,22,24,4287,22874
2023-07-26 13:44:08,22,24,4287,23274
2023-07-26 13:44:10,23,24,4287,23274
2023-07-26 13:44:12,22,24,4243,23474
2023-07-26 13:44:13,23,24,4243,23474
2023-07-26 13:44:14,22,24,4243,23574
2023-07-26 13:44:27,23,24,4243,23574
2023-07-26 13:44:29,23,24,4337,23974
2023-07-26 13:44:30,23,24,4737,24374
2023-07-26 13:44:31,23,24,5137,24774
2023-07-26 13:44:32,23,24,5189,24826
2023-07-26 13:44:32,22,24,5489,25127
2023-07-26 13:44:33,23,24,5489,25127
2023-07-26 13:44:34,22,25,5839,25477
2023-07-26 13:44:36,23,25,5839,25477
2023-07-26 13:44:38,22,25,5939,25577
2023-07-26 13:44:40,22,24,5939,25577
2023-07-26 13:44:42,23,24,5939,25577
2023-07-26 13:44:52,22,24,5939,25577
2023-07-26 13:44:56,23,24,5939,25577
2023-07-26 13:44:59,22,24,5939,25577
2023-07-26 13:44:59,23,24,5939,25577
2023-07-26 13:46:28,22,23,5938,25578
2023-07-26 13:46:37,22,23,5939,25579
2023-07-26 13:46:41,22,24,5939,25579
2023-07-26 13:47:02,23,24,5939,25579
2023-07-26 13:47:11,22,24,5939,25579
2023-07-26 13:47:30,23,24,5939,25579
2023-07-26 13:47:42,22,24,5939,25579
2023-07-26 13:49:01,23,24,5939,25579
2023-07-26 13:49:09,22,24,5939,25579
2023-07-26 13:49:34,23,24,5939,25579
2023-07-26 13:49:35,22,24,5939,25579
2023-07-26 13:49:36,23,24,5939,25579
2023-07-26 13:50:41,23,25,5940,25580
2023-07-26 13:51:06,23,25,6038,25678
2023-07-26 13:51:14,23,26,6038,25678
2023-07-26 13:51:15,23,24,6038,25678
2023-07-26 13:51:16,23,26,6038,25678
2023-07-26 13:51:17,23,24,6038,25678
2023-07-26 13:53:24,23,25,6038,25678
2023-07-26 13:54:25,24,25,6038,25678
2023-07-26 13:54:39,24,25,6038,26028
2023-07-26 13:58:02,23,25,6038,26028
2023-07-26 13:58:05,25,26,6038,26029
2023-07-26 13:58:06,23,26,6038,26277
2023-07-26 13:58:23,23,25,6038,26277
2023-07-26 13:58:24,23,26,6038,26277
2023-07-26 14:00:25,24,26,6038,26277
2023-07-26 14:00:25,24,26,5638,26677
2023-07-26 14:00:26,24,25,5638,26677
2023-07-26 14:00:29,24,26,5638,26677
2023-07-26 14:01:16,24,25,5638,26677
2023-07-26 14:01:22,24,26,5638,26677
2023-07-26 14:02:08,25,26,5638,26677
2023-07-26 14:02:31,24,26,5638,26677
2023-07-26 14:03:05,24,25,5638,26677
2023-07-26 14:03:06,23,24,5636,26679
2023-07-26 14:03:07,23,24,5236,27079
2023-07-26 14:03:11,23,24,4836,27479
2023-07-26 14:03:20,22,24,4836,27479
2023-07-26 14:03:20,22,24,4837,27480
2023-07-26 14:03:20,23,24,4837,27480
2023-07-26 14:03:21,23,25,4837,27480
2023-07-26 14:03:26,24,25,4837,27480
2023-07-26 14:03:30,24,25,5237,27880
2023-07-26 14:03:31,24,25,5483,28126
2023-07-26 14:03:32,24,26,5483,28126
2023-07-26 14:03:33,24,26,5438,28171
2023-07-26 14:03:33,24,25,5438,28171
2023-07-26 14:03:53,24,26,5438,28171
2023-07-26 14:04:01,24,25,5438,28171
2023-07-26 14:04:04,23,24,5436,28173
2023-07-26 14:04:06,23,25,5436,28173
2023-07-26 14:04:07,24,25,5436,28173
2023-07-26 14:04:07,24,25,5437,28174
2023-07-26 14:04:12,23,25,5437,28174
2023-07-26 14:04:13,24,25,5437,28174
2023-07-26 14:04:55,25,26,5438,28175
2023-07-26 14:05:01,24,26,5438,28175
2023-07-26 14:06:09,24,25,5438,28175
2023-07-26 14:06:12,24,26,5438,28175
2023-07-26 14:07:06,25,26,5438,28175
2023-07-26 14:07:10,24,26,5438,28175
2023-07-26 14:07:13,24,26,5438,28188
2023-07-26 14:08:11,24,27,5438,28834
2023-07-26 14:08:11,25,27,5438,28834
2023-07-26 14:08:38,26,27,5438,28834
2023-07-26 14:10:15,27,28,5433,28840
2023-07-26 14:10:19,27,29,5433,28840
2023-07-26 14:10:29,28,29,5433,28840
2023-07-26 14:10:30,27,29,5433,28840
2023-07-26 14:10:32,28,29,5433,28840
2023-07-26 14:11:00,27,29,5433,28840
2023-07-26 14:11:04,28,29,5433,28840
2023-07-26 14:11:05,27,29,5433,28840
2023-07-26 14:11:06,28,29,5433,28840
2023-07-26 14:11:09,27,29,5433,28840
2023-07-26 14:11:18,28,29,5433,28840
2023-07-26 14:11:30,27,29,5433,28840
2023-07-26 14:11:36,28,29,5433,28840
2023-07-26 14:11:38,28,30,5563,28970
2023-07-26 14:11:38,28,31,5563,28970
2023-07-26 14:11:39,28,30,5563,28970
2023-07-26 14:12:00,29,30,5563,28970
2023-07-26 14:12:24,29,31,5591,28998
2023-07-26 14:12:25,29,30,5591,28998
2023-07-26 14:12:26,28,30,5500,29089
2023-07-26 14:12:27,27,30,5299,29290
2023-07-26 14:12:33,27,29,5299,29290
2023-07-26 14:12:34,27,29,4899,29690
2023-07-26 14:12:34,27,28,4899,29690
2023-07-26 14:12:37,27,29,4899,29690
2023-07-26 14:12:39,27,28,4899,29690
2023-07-26 14:12:45,27,29,4499,30090
2023-07-26 14:12:48,27,28,4499,30090
2023-07-26 14:12:53,27,28,4620,30215
2023-07-26 14:13:47,28,29,4620,30216
2023-07-26 14:13:50,27,29,4620,30216
2023-07-26 14:13:52,27,30,4620,30817
2023-07-26 14:13:56,27,29,4620,30817
2023-07-26 14:14:57,27,28,4620,30817
2023-07-26 14:15:12,26,28,4521,30916
2023-07-26 14:15:35,27,28,4521,30916
2023-07-26 14:15:48,26,28,4521,30916
2023-07-26 14:20:50,27,28,4521,30916
2023-07-26 14:20:51,26,28,4521,30916
2023-07-26 14:20:53,27,28,4521,30916
2023-07-26 14:20:54,26,28,4521,30916
2023-07-26 14:20:55,27,28,4521,30916
2023-07-26 14:20:56,26,28,4521,30916
2023-07-26 14:21:02,26,27,4521,30916
2023-07-26 14:21:10,26,28,4521,30916
2023-07-26 14:23:07,26,27,4521,30916
2023-07-26 14:25:07,27,28,4522,30917
2023-07-26 14:25:28,27,28,4523,30918
2023-07-26 14:25:30,27,28,4622,31017
2023-07-26 14:25:30,27,28,4741,31136
2023-07-26 14:25:39,27,28,4801,31196
2023-07-26 14:25:56,27,28,4920,31315
2023-07-26 14:26:04,27,28,4980,31375
2023-07-26 14:26:06,26,28,5021,31416
2023-07-26 14:26:11,25,26,5021,31418
2023-07-26 14:26:28,24,25,5021,31419
2023-07-26 14:26:32,24,25,5021,31472
2023-07-26 14:26:33,23,25,5021,31472
2023-07-26 14:26:57,23,24,5021,31472
2023-07-26 14:26:58,23,25,5021,31472
2023-07-26 14:27:41,24,25,5021,31472
2023-07-26 14:30:03,23,25,5021,31472
2023-07-26 14:30:05,24,25,5021,31472
2023-07-26 14:31:36,25,26,5021,31473
2023-07-26 14:32:15,26,27,5021,31474
2023-07-26 14:32:22,27,28,5021,31475
2023-07-26 14:32:54,26,28,5021,31475
2023-07-26 14:33:11,27,28,5021,31475
2023-07-26 14:33:17,26,28,5021,31475
2023-07-26 14:33:26,26,27,5021,31475
2023-07-26 14:33:27,26,28,5021,31475
2023-07-26 14:33:29,26,27,5021,31475
2023-07-26 14:33:37,26,28,5021,31475
2023-07-26 14:34:12,26,27,5021,31475
2023-07-26 14:34:21,26,28,5021,31475
2023-07-26 14:35:19,27,28,5021,31475
2023-07-26 14:35:26,26,28,5021,31475
2023-07-26 14:35:39,27,28,5021,31475
2023-07-26 14:35:44,26,28,5021,31475
2023-07-26 14:35:48,27,28,5021,31475
2023-07-26 14:35:54,27,28,4821,31676
2023-07-26 14:35:54,27,29,4821,31676
2023-07-26 14:35:54,27,29,4821,31877
2023-07-26 14:35:54,27,28,4821,31877
2023-07-26 14:35:54,27,29,4821,31877
2023-07-26 14:36:06,28,29,4821,31877
2023-07-26 14:36:07,28,29,4821,31923
2023-07-26 14:37:02,29,30,4821,31924
2023-07-26 14:37:02,29,30,4821,31969
2023-07-26 14:37:03,28,30,4821,31969
2023-07-26 14:37:07,28,31,5465,32613
2023-07-26 14:37:07,28,30,5465,32613
2023-07-26 14:37:22,29,30,5465,32613
2023-07-26 14:37:38,30,31,5465,32614
2023-07-26 14:37:39,30,31,5465,32734
2023-07-26 14:37:57,30,31,5472,32741
2023-07-26 14:38:12,30,31,5472,32941
2023-07-26 14:38:17,30,32,5472,32941
2023-07-26 14:38:17,31,32,5472,32941
2023-07-26 14:38:33,31,32,5473,32942
2023-07-26 14:38:39,31,33,5473,32942
2023-07-26 14:38:39,31,32,5473,32942
2023-07-26 14:38:40,31,33,5473,32942
2023-07-26 14:38:44,32,33,5473,32942
2023-07-26 14:39:02,32,33,5473,32993
2023-07-26 14:39:18,32,34,5474,32994
2023-07-26 14:39:18,33,34,5474,32994
2023-07-26 14:39:19,32,34,5474,33033
2023-07-26 14:39:20,32,33,5474,33033
2023-07-26 14:39:22,32,34,5474,33033
2023-07-26 14:39:23,33,34,5474,33033
2023-07-26 14:39:26,33,34,5483,33042
2023-07-26 14:39:28,33,35,5483,33042
2023-07-26 14:39:28,33,34,5483,33042
2023-07-26 14:39:28,33,34,5484,33047
2023-07-26 14:39:28,33,35,5484,33047
2023-07-26 14:39:28,33,34,5484,33047
2023-07-26 14:39:29,33,35,5484,33047
2023-07-26 14:39:29,33,34,5484,33047
2023-07-26 14:39:29,33,35,5484,33047
2023-07-26 14:39:29,33,34,5484,33047
2023-07-26 14:39:29,33,35,5484,33047
2023-07-26 14:39:30,33,34,5484,33047
2023-07-26 14:39:34,33,35,5484,33047
2023-07-26 14:39:36,33,34,5484,33047
2023-07-26 14:39:42,34,35,5485,33048
2023-07-26 14:39:55,34,35,5491,33054
2023-07-26 14:40:21,34,35,5501,33064
2023-07-26 14:40:43,33,35,5519,33083
2023-07-26 14:40:43,33,34,5519,33083
2023-07-26 14:40:44,33,35,5519,33083
2023-07-26 14:40:46,34,35,5519,33083
2023-07-26 14:40:50,33,34,5519,33084
2023-07-26 14:40:51,33,35,5619,33184
2023-07-26 14:41:09,33,34,5619,33184
2023-07-26 14:41:13,34,35,5619,33284
2023-07-26 14:41:15,34,35,5619,33285
2023-07-26 14:41:41,34,35,5769,33435
2023-07-26 14:41:50,34,35,5769,33635
2023-07-26 14:42:55,34,35,5769,33679
2023-07-26 14:44:07,35,36,5769,33680
2023-07-26 14:44:59,35,36,5819,33730
2023-07-26 14:45:09,35,37,5819,33730
2023-07-26 14:45:41,36,37,5819,33730
2023-07-26 14:46:37,36,38,6076,33987
2023-07-26 14:46:38,37,38,6076,33987
2023-07-26 14:47:37,37,38,6036,34027
2023-07-26 14:49:18,37,38,6026,34037
2023-07-26 14:49:24,38,39,6026,34038
2023-07-26 14:51:00,39,40,6026,34049
2023-07-26 14:52:05,40,41,6026,34052
2023-07-26 14:54:24,40,42,6027,34053
2023-07-26 14:54:32,40,42,6077,34103
2023-07-26 14:54:33,41,42,6077,34103
2023-07-26 14:54:39,41,43,6077,34361
2023-07-26 14:55:49,42,43,6077,34361
2023-07-26 14:57:40,43,44,6077,34362
2023-07-26 14:58:20,44,45,6077,34363
2023-07-26 14:59:06,43,45,6077,34455
2023-07-26 14:59:06,43,44,6077,34455
2023-07-26 14:59:07,43,44,6077,34614
2023-07-26 14:59:14,43,45,6077,34614
2023-07-26 14:59:20,43,44,6077,34614
2023-07-26 14:59:21,43,45,6077,34614
2023-07-26 14:59:21,43,44,6077,34614
2023-07-26 14:59:25,43,45,6077,34614
2023-07-26 14:59:42,44,45,6077,34614
2023-07-26 15:00:11,44,45,6070,34621
2023-07-26 15:00:27,45,46,6070,34635
2023-07-26 15:01:11,46,47,6071,34636
2023-07-26 15:01:36,45,47,6071,34636
2023-07-26 15:01:38,45,46,6071,34636
2023-07-26 15:01:40,45,46,6071,34682
2023-07-26 15:01:50,45,47,6071,34682
2023-07-26 15:01:56,45,46,6071,34682
2023-07-26 15:01:58,45,47,6071,34682
2023-07-26 15:02:00,46,47,6071,34682
2023-07-26 15:02:14,45,46,6074,34685
2023-07-26 15:02:31,45,46,6074,34751
2023-07-26 15:02:51,46,47,6075,34752
2023-07-26 15:03:01,45,47,6154,34831
2023-07-26 15:03:01,45,46,6154,34831
2023-07-26 15:04:24,46,47,6154,34833
2023-07-26 15:04:24,46,47,6154,34859
2023-07-26 15:04:24,46,47,6154,34885
2023-07-26 15:04:26,46,47,6154,34984
2023-07-26 15:05:14,45,47,6154,34984
2023-07-26 15:05:22,45,46,6154,34984
2023-07-26 15:05:31,45,47,6154,34984
2023-07-26 15:05:33,46,47,6154,34984
2023-07-26 15:05:33,45,47,6154,35184
2023-07-26 15:05:33,45,46,6154,35184
2023-07-26 15:05:33,45,47,6154,35184
2023-07-26 15:05:35,45,46,6154,35184
2023-07-26 15:05:37,46,47,6154,35284
2023-07-26 15:05:38,46,47,6154,35501
2023-07-26 15:05:39,45,47,6154,35501
2023-07-26 15:05:39,46,47,6154,35501
2023-07-26 15:05:41,45,47,6154,35501
2023-07-26 15:05:41,46,47,6154,35501
2023-07-26 15:05:42,45,47,6154,35501
2023-07-26 15:06:09,45,46,6154,35501
2023-07-26 15:06:10,43,45,6154,35504
2023-07-26 15:06:11,43,44,6154,35504
2023-07-26 15:06:12,42,44,6154,35546
2023-07-26 15:06:15,42,43,6154,35546
2023-07-26 15:06:24,41,43,6154,35547
2023-07-26 15:06:24,41,42,6154,35547
2023-07-26 15:06:26,41,42,6154,35607
2023-07-26 15:06:45,40,41,6154,35608
2023-07-26 15:06:47,39,40,6154,35610
2023-07-26 15:06:47,39,40,6154,35611
2023-07-26 15:06:47,38,39,6154,35711
2023-07-26 15:06:47,38,39,6154,35812
2023-07-26 15:06:47,38,39,6154,35857
2023-07-26 15:06:50,37,39,6004,36007
2023-07-26 15:06:51,36,39,6004,36007
2023-07-26 15:06:51,36,38,6004,36007
2023-07-26 15:07:01,36,37,6004,36007
2023-07-26 15:07:01,36,37,6004,36094
2023-07-26 15:07:10,36,37,6004,36294
2023-07-26 15:07:10,35,36,6004,36311
2023-07-26 15:07:11,34,35,6004,36312
2023-07-26 15:07:13,33,35,5802,36514
2023-07-26 15:07:13,35,36,5802,36613
2023-07-26 15:07:13,35,37,5802,36613
2023-07-26 15:07:15,33,37,5802,36613
2023-07-26 15:07:15,33,36,5802,36613
2023-07-26 15:07:17,33,35,5802,36613
2023-07-26 15:07:18,33,34,5802,36613
2023-07-26 15:07:24,34,35,5802,36713
2023-07-26 15:07:26,33,35,5802,36713
2023-07-26 15:07:27,34,35,5802,36713
2023-07-26 15:07:30,32,35,5574,37357
2023-07-26 15:07:30,33,35,5574,37357
2023-07-26 15:07:33,33,34,5574,37357
2023-07-26 15:07:33,32,34,5574,37357
2023-07-26 15:07:45,33,34,5574,37357
2023-07-26 15:07:52,30,33,5574,37402
2023-07-26 15:07:52,31,33,5574,37402
2023-07-26 15:07:55,31,32,5574,37402
2023-07-26 15:07:55,29,32,5574,37402
2023-07-26 15:07:56,28,29,5574,37447
2023-07-26 15:08:01,26,27,5572,37449
2023-07-26 15:08:02,25,26,5572,37450
2023-07-26 15:08:10,25,27,5572,37450
2023-07-26 15:08:13,24,27,5520,37547
2023-07-26 15:08:13,24,26,5515,37552
2023-07-26 15:08:13,24,25,5515,37552
2023-07-26 15:08:13,22,25,5515,37552
2023-07-26 15:08:13,18,25,5515,37552
2023-07-26 15:08:14,18,23,5515,37552
2023-07-26 15:08:14,18,22,5515,37552
2023-07-26 15:08:15,18,21,5515,37552
2023-07-26 15:08:16,18,20,5515,37552
2023-07-26 15:08:20,17,20,5515,37552
2023-07-26 15:08:20,17,19,5515,37552
2023-07-26 15:08:21,17,18,5515,37552
2023-07-26 15:08:29,17,18,5188,37902
2023-07-26 15:08:30,17,20,5188,37902
2023-07-26 15:08:30,17,19,5188,37902
2023-07-26 15:08:31,18,19,5188,37902
2023-07-26 15:08:32,18,21,5188,37902
2023-07-26 15:08:32,18,20,5188,37902
2023-07-26 15:08:40,19,20,5188,37902
2023-07-26 15:08:40,19,21,5188,37902
2023-07-26 15:08:40,19,22,5188,37902
2023-07-26 15:08:40,19,21,5188,37902
2023-07-26 15:08:46,20,21,5188,37902
2023-07-26 15:08:47,19,21,5188,37902
2023-07-26 15:08:50,20,21,5188,37902
2023-07-26 15:08:51,20,23,5188,37902
2023-07-26 15:08:51,20,22,5188,37902
2023-07-26 15:08:55,21,22,5188,37902
2023-07-26 15:08:55,21,23,5188,37902
2023-07-26 15:08:55,21,24,5188,37902
2023-07-26 15:08:55,21,23,5188,37902
2023-07-26 15:08:57,21,24,5188,37902
2023-07-26 15:08:57,21,22,5188,37902
2023-07-26 15:08:59,20,22,5188,37902
2023-07-26 15:09:05,20,21,5188,37902
2023-07-26 15:09:09,19,20,5182,37913
2023-07-26 15:09:13,18,19,5183,37914
2023-07-26 15:09:14,16,17,5185,37916
2023-07-26 15:09:29,16,18,5385,38135
2023-07-26 15:09:32,16,19,5385,38135
2023-07-26 15:09:35,17,19,5385,38135
2023-07-26 15:09:36,18,20,5385,38135
2023-07-26 15:09:37,18,19,5385,38135
2023-07-26 15:09:48,19,20,5383,38137
2023-07-26 15:09:56,18,20,5383,38137
2023-07-26 15:10:01,18,19,5383,38137
2023-07-26 15:10:01,17,18,5383,38237
2023-07-26 15:10:01,15,16,5394,38248
2023-07-26 15:10:02,15,19,5844,38698
2023-07-26 15:10:02,16,19,5844,38698
2023-07-26 15:10:02,16,18,5844,38698
2023-07-26 15:10:09,17,18,5844,38698
2023-07-26 15:10:19,16,18,5844,38698
2023-07-26 15:10:28,17,18,5844,38698
2023-07-26 15:10:31,16,18,5844,38698
2023-07-26 15:10:37,16,17,5844,38698
2023-07-26 15:10:39,16,18,5844,38698
2023-07-26 15:10:41,17,18,5844,38698
2023-07-26 15:10:45,18,19,5842,38700
2023-07-26 15:10:48,18,19,5797,38745
2023-07-26 15:10:51,18,19,5597,38945
2023-07-26 15:10:51,18,21,5440,39145
2023-07-26 15:10:56,21,22,5406,39181
2023-07-26 15:11:09,22,23,5405,39182
2023-07-26 15:11:16,23,24,5403,39184
2023-07-26 15:11:43,24,25,5402,39185
2023-07-26 15:11:47,23,25,5402,39185
2023-07-26 15:11:47,22,25,5402,39185
2023-07-26 15:11:47,23,25,5402,39185
2023-07-26 15:11:50,24,25,5402,39185
2023-07-26 15:11:54,24,25,5396,39192
2023-07-26 15:12:18,23,24,5397,39194
2023-07-26 15:12:20,22,23,5399,39196
2023-07-26 15:12:21,21,22,5401,39198
2023-07-26 15:12:23,20,21,5401,39200
2023-07-26 15:12:32,18,19,5401,39247
2023-07-26 15:12:32,18,19,5401,39292
2023-07-26 15:12:36,19,21,5359,39447
2023-07-26 15:12:46,20,21,5359,39447
2023-07-26 15:12:50,19,21,5359,39447
2023-07-26 15:13:05,19,20,5359,39447
2023-07-26 15:13:40,20,21,5359,39448
2023-07-26 15:13:41,21,22,5359,39449
2023-07-26 15:13:47,21,23,5357,39451
2023-07-26 15:14:08,21,24,5353,39455
2023-07-26 15:14:08,21,23,5353,39455
2023-07-26 15:14:09,21,24,5353,39455
2023-07-26 15:14:09,21,22,5353,39455
2023-07-26 15:14:18,21,24,5353,39455
2023-07-26 15:14:18,21,23,5353,39455
2023-07-26 15:14:28,20,21,5353,39457
2023-07-26 15:14:30,20,23,5345,39465
2023-07-26 15:14:31,21,23,5345,39465
2023-07-26 15:14:40,21,22,5345,39465
2023-07-26 15:14:46,21,23,5345,39465
2023-07-26 15:14:54,21,22,5345,39465
2023-07-26 15:14:56,20,21,5345,39466
2023-07-26 15:15:00,19,20,5345,39467
2023-07-26 15:15:02,18,19,5345,39468
2023-07-26 15:15:05,17,18,5345,39469
2023-07-26 15:15:12,17,18,5345,39670
2023-07-26 15:15:23,17,19,5345,39670
2023-07-26 15:15:43,17,18,5345,39670
2023-07-26 15:15:44,16,17,5345,39751
2023-07-26 15:15:51,16,18,5345,39751
2023-07-26 15:16:11,17,18,5345,39751
2023-07-26 15:16:12,16,18,5345,39751
2023-07-26 15:16:12,16,19,5050,40046
2023-07-26 15:16:14,16,19,5050,40056
2023-07-26 15:16:16,18,19,5050,40056
2023-07-26 15:16:16,18,20,5050,40056
2023-07-26 15:16:22,17,20,5050,40056
2023-07-26 15:16:22,16,20,5050,40056
2023-07-26 15:16:22,17,20,5050,40056
2023-07-26 15:16:22,18,20,5050,40056
2023-07-26 15:16:22,18,19,5050,40056
2023-07-26 15:16:25,18,20,5050,40056
2023-07-26 15:16:38,19,20,5050,40056
2023-07-26 15:16:42,20,21,5050,40058
2023-07-26 15:16:43,20,21,5050,40060
2023-07-26 15:16:46,21,22,5050,40061
2023-07-26 15:16:48,20,22,5050,40061
2023-07-26 15:16:55,21,22,5050,40061
2023-07-26 15:17:51,20,21,5050,40062
2023-07-26 15:17:53,20,22,5041,40071
2023-07-26 15:17:54,20,21,5041,40071
2023-07-26 15:18:03,19,21,5041,40071
2023-07-26 15:18:03,19,22,5041,40071
2023-07-26 15:18:03,19,20,5041,40071
2023-07-26 15:18:06,18,19,5041,40072
2023-07-26 15:18:18,17,18,5041,40073
2023-07-26 15:18:20,16,17,5041,40074
2023-07-26 15:18:23,15,16,5041,40075
2023-07-26 15:18:25,15,16,5041,40151
2023-07-26 15:18:25,15,16,5100,40210
2023-07-26 15:18:26,14,15,5180,40326
2023-07-26 15:18:26,13,14,5182,40328
2023-07-26 15:18:30,13,15,5182,40427
2023-07-26 15:18:32,13,14,5182,40427
2023-07-26 15:18:39,13,15,5182,40427
2023-07-26 15:18:44,13,14,5182,40427
2023-07-26 15:18:46,12,13,5184,40429
2023-07-26 15:18:46,12,13,5384,40629
2023-07-26 15:18:46,11,13,5436,40681
2023-07-26 15:18:46,11,12,5436,40681
2023-07-26 15:18:46,10,12,5493,40738
2023-07-26 15:18:55,11,12,5493,40738
2023-07-26 15:18:58,10,12,5493,40738
2023-07-26 15:18:59,11,12,5493,40738
2023-07-26 15:19:09,10,12,5493,40738
2023-07-26 15:19:13,10,12,5552,40797
2023-07-26 15:19:13,10,11,5552,40797
2023-07-26 15:19:14,9,10,5689,40934
2023-07-26 15:19:14,8,10,5690,40937
2023-07-26 15:19:17,8,9,5690,40937
2023-07-26 15:19:17,8,10,5690,40937
2023-07-26 15:19:19,8,9,5690,40939
2023-07-26 15:19:19,8,9,5690,41038
2023-07-26 15:19:19,8,9,5690,41135
2023-07-26 15:19:19,8,10,5690,41135
2023-07-26 15:19:19,8,9,5690,41135
2023-07-26 15:19:26,8,10,5690,41135
2023-07-26 15:19:26,8,9,5690,41135
2023-07-26 15:19:26,8,9,5691,41140
2023-07-26 15:19:26,8,10,5691,41140
2023-07-26 15:19:26,8,9,5691,41140
2023-07-26 15:19:28,8,10,5691,41140
2023-07-26 15:19:30,8,11,5691,41140
2023-07-26 15:19:31,9,11,5691,41140
2023-07-26 15:19:33,8,11,5691,41140
2023-07-26 15:19:37,10,11,5691,41140
2023-07-26 15:19:37,9,11,5691,41340
2023-07-26 15:19:37,10,11,5691,41340
2023-07-26 15:19:37,10,12,5691,41340
2023-07-26 15:19:37,9,12,5736,41385
2023-07-26 15:19:37,9,11,5736,41385
2023-07-26 15:19:38,10,11,5736,41385
2023-07-26 15:19:38,10,11,5742,41406
2023-07-26 15:19:38,10,12,5742,41406
2023-07-26 15:19:41,11,12,5742,41406
2023-07-26 15:19:41,11,12,5742,41407
2023-07-26 15:19:43,11,12,5787,41452
2023-07-26 15:19:43,10,12,5986,41651
2023-07-26 15:19:43,11,12,5986,41651
2023-07-26 15:19:43,10,12,6031,41696
2023-07-26 15:19:44,11,12,6031,41696
2023-07-26 15:19:44,10,12,6076,41741
2023-07-26 15:19:46,11,12,6076,41741
2023-07-26 15:19:51,11,13,6072,41747
2023-07-26 15:20:00,14,15,6072,41931
2023-07-26 15:20:02,13,15,6272,42131
2023-07-26 15:20:03,11,15,6272,42131
2023-07-26 15:20:03,12,15,6272,42131
2023-07-26 15:20:04,14,15,6272,42131
2023-07-26 15:20:04,15,16,6272,42133
2023-07-26 15:20:04,14,16,6470,42331
2023-07-26 15:20:04,13,16,6670,42531
2023-07-26 15:20:05,14,16,6670,42531
2023-07-26 15:20:05,15,16,6670,42531
2023-07-26 15:20:07,13,16,6715,42576
2023-07-26 15:20:07,15,16,6715,42576
2023-07-26 15:20:08,13,16,6760,42621
2023-07-26 15:20:08,15,16,6760,42621
2023-07-26 15:20:08,13,16,6805,42666
2023-07-26 15:20:09,15,16,6805,42666
2023-07-26 15:20:09,13,16,6850,42711
2023-07-26 15:20:09,14,16,6850,42711
2023-07-26 15:20:09,13,16,7050,42911
2023-07-26 15:20:09,15,16,7050,42911
2023-07-26 15:20:10,15,19,7050,42914
2023-07-26 15:20:11,16,19,7050,42914
2023-07-26 15:20:11,17,19,7050,42914
2023-07-26 15:20:11,15,19,7095,42959
2023-07-26 15:20:11,17,19,7095,42959
2023-07-26 15:20:11,17,19,7098,42962
2023-07-26 15:20:12,17,18,7098,42962
2023-07-26 15:20:13,17,19,7098,42962
2023-07-26 15:20:14,17,19,7100,42964
2023-07-26 15:20:15,15,19,7100,42964
2023-07-26 15:20:15,16,19,7100,42964
2023-07-26 15:20:16,16,20,6898,43166
2023-07-26 15:20:18,17,20,6898,43166
2023-07-26 15:20:19,17,21,6697,43367
2023-07-26 15:20:19,18,21,6697,43367
2023-07-26 15:20:20,18,22,6697,43367
2023-07-26 15:20:20,19,22,6697,43367
2023-07-26 15:20:23,19,21,6697,43367
2023-07-26 15:20:26,19,22,6695,43370
2023-07-26 15:20:26,18,22,6695,43370
2023-07-26 15:20:34,19,22,6695,43370
2023-07-26 15:20:35,19,23,6694,43373
2023-07-26 15:20:36,21,23,6694,43373
2023-07-26 15:20:39,21,24,6868,43670
2023-07-26 15:20:40,20,24,6868,43670
2023-07-26 15:20:43,20,25,6870,43872
2023-07-26 15:20:43,21,25,6870,43872
2023-07-26 15:20:49,21,24,6870,43872
2023-07-26 15:20:51,21,24,6870,44222
2023-07-26 15:20:56,22,24,6870,44222
2023-07-26 15:21:00,22,25,6870,44256
2023-07-26 15:21:02,24,25,6870,44256
2023-07-26 15:21:04,24,26,6871,44257
2023-07-26 15:21:08,24,30,7114,44939
2023-07-26 15:21:08,24,27,7114,44939
2023-07-26 15:21:09,25,27,7114,44939
2023-07-26 15:21:17,26,27,7114,44939
2023-07-26 15:21:21,25,27,7114,44939
2023-07-26 15:21:21,26,27,7114,44939
2023-07-26 15:21:27,26,27,7120,45139
2023-07-26 15:21:40,27,28,7121,45140
2023-07-26 15:21:40,28,29,7121,45141
2023-07-26 15:21:44,28,30,7121,45141
2023-07-26 15:21:44,29,30,7121,45141
2023-07-26 15:21:50,28,30,7121,45141
2023-07-26 15:21:59,29,30,7121,45141
2023-07-26 15:22:00,29,31,7121,45141
2023-07-26 15:22:00,28,31,7121,45141
2023-07-26 15:22:04,28,30,7121,45141
2023-07-26 15:22:04,27,30,7121,45186
2023-07-26 15:22:04,27,29,7121,45186
2023-07-26 15:22:04,27,28,7121,45186
2023-07-26 15:22:12,26,28,7121,45186
2023-07-26 15:22:12,25,28,7121,45186
2023-07-26 15:22:12,25,27,7121,45186
2023-07-26 15:22:15,25,26,7121,45186
2023-07-26 15:22:15,24,25,7120,45187
2023-07-26 15:22:22,23,25,7120,45187
2023-07-26 15:22:22,22,25,7120,45187
2023-07-26 15:22:23,22,24,7120,45187
2023-07-26 15:22:24,22,25,7120,45187
2023-07-26 15:22:34,22,24,7120,45187
2023-07-26 15:22:35,22,25,7120,45187
2023-07-26 15:22:35,22,24,7120,45187
2023-07-26 15:22:37,22,23,7120,45187
2023-07-26 15:22:42,21,22,7114,45196
2023-07-26 15:22:42,20,21,7114,45197
2023-07-26 15:22:44,19,20,7114,45198
2023-07-26 15:22:50,21,22,7114,45452
2023-07-26 15:22:50,19,22,7114,45493
2023-07-26 15:22:50,19,20,7114,45493
2023-07-26 15:22:53,18,20,7114,45493
2023-07-26 15:22:53,18,19,7114,45493
2023-07-26 15:22:57,18,20,7114,45493
2023-07-26 15:22:57,18,19,7114,45493
2023-07-26 15:23:10,17,19,7114,45494
2023-07-26 15:23:10,17,18,7114,45494
2023-07-26 15:23:18,17,18,7115,45539
2023-07-26 15:23:18,16,17,7115,45540
2023-07-26 15:23:29,17,18,7114,45585
2023-07-26 15:24:19,18,19,7114,45587
2023-07-26 15:24:20,19,20,7114,45588
2023-07-26 15:24:24,19,20,7116,45591
2023-07-26 15:24:32,20,21,7116,45633
2023-07-26 15:24:39,19,21,7116,45633
2023-07-26 15:24:40,19,20,7116,45633
2023-07-26 15:24:43,18,20,7116,45633
2023-07-26 15:24:45,18,21,7116,45633
2023-07-26 15:24:45,19,21,7116,45633
2023-07-26 15:24:54,19,20,7116,45633
2023-07-26 15:24:55,18,19,7116,45634
2023-07-26 15:24:55,17,19,7161,45680
2023-07-26 15:24:55,18,19,7161,45680
2023-07-26 15:24:56,17,19,7161,45680
2023-07-26 15:25:34,17,18,7161,45680
2023-07-26 15:25:41,16,17,7160,45681
2023-07-26 15:25:57,17,18,7160,45682
2023-07-26 15:25:58,17,19,7160,45683
2023-07-26 15:25:58,18,19,7160,45683
2023-07-26 15:26:15,20,21,7160,45730
2023-07-26 15:26:15,20,21,7160,45777
2023-07-26 15:26:25,21,22,7160,45778
2023-07-26 15:26:26,19,20,7294,45929
2023-07-26 15:26:29,19,22,7387,46022
2023-07-26 15:26:29,20,22,7387,46022
2023-07-26 15:26:31,19,22,7387,46022
2023-07-26 15:26:36,20,22,7387,46022
2023-07-26 15:26:48,19,22,7387,46022
2023-07-26 15:26:51,19,21,7387,46022
2023-07-26 15:27:02,19,20,7387,46022
2023-07-26 15:27:05,19,22,7387,46022
2023-07-26 15:27:05,19,21,7387,46022
2023-07-26 15:27:09,17,21,7412,46051
2023-07-26 15:27:15,18,21,7412,46051
2023-07-26 15:27:18,19,21,7412,46051
2023-07-26 15:27:29,18,21,7412,46051
2023-07-26 15:27:29,17,21,7412,46051
2023-07-26 15:27:33,18,21,7412,46051
2023-07-26 15:27:40,19,21,7412,46051
2023-07-26 15:27:46,19,22,7413,46052
2023-07-26 15:27:47,19,23,7423,46062
2023-07-26 15:28:01,20,23,7423,46062
2023-07-26 15:28:07,19,23,7423,46062
2023-07-26 15:28:09,20,23,7423,46062
2023-07-26 15:28:10,20,22,7423,46062
2023-07-26 15:28:11,20,23,7423,46062
2023-07-26 15:28:20,21,23,7423,46062
2023-07-26 15:28:21,20,23,7423,46062
2023-07-26 15:28:23,21,23,7423,46062
2023-07-26 15:28:25,23,24,7424,46063
2023-07-26 15:28:28,23,25,7425,46064
2023-07-26 15:28:34,22,25,7425,46064
2023-07-26 15:28:36,22,24,7425,46064
2023-07-26 15:28:39,22,25,7425,46064
2023-07-26 15:28:43,21,25,7425,46064
2023-07-26 15:28:46,21,24,7425,46064
2023-07-26 15:28:48,21,23,7425,46064
2023-07-26 15:28:50,21,24,7425,46064
2023-07-26 15:28:50,21,23,7425,46064
2023-07-26 15:28:56,21,24,7425,46064
2023-07-26 15:29:05,21,23,7425,46064
2023-07-26 15:29:05,21,24,7425,46064
2023-07-26 15:29:05,21,23,7425,46064
2023-07-26 15:29:05,21,22,7425,46064
2023-07-26 15:29:09,21,23,7425,46064
2023-07-26 15:29:09,21,22,7425,46064
2023-07-26 15:29:09,20,21,7424,46065
2023-07-26 15:29:10,19,20,7423,46066
2023-07-26 15:29:23,18,20,7423,46066
2023-07-26 15:29:23,17,20,7423,46066
2023-07-26 15:29:51,17,21,7425,46148
2023-07-26 15:29:53,18,21,7425,46148
2023-07-26 15:29:56,18,22,7425,46148
2023-07-26 15:29:58,18,21,7425,46148
2023-07-26 15:30:01,18,22,7425,46148
2023-07-26 15:30:01,18,21,7425,46148
2023-07-26 15:30:09,18,20,7425,46148
2023-07-26 15:30:09,18,19,7425,46148
2023-07-26 15:30:10,17,19,7425,46148
2023-07-26 15:30:13,16,19,7425,46149
2023-07-26 15:30:13,16,17,7425,46149
2023-07-26 15:30:13,15,16,7425,46150
2023-07-26 15:30:15,15,16,7467,46192
2023-07-26 15:30:15,15,17,7467,46192
2023-07-26 15:30:55,14,16,7467,46193
2023-07-26 15:30:55,14,15,7467,46193
2023-07-26 15:30:55,13,14,7467,46194
2023-07-26 15:30:56,13,15,7467,46194
2023-07-26 15:30:56,13,14,7467,46194
2023-07-26 15:30:57,13,15,7510,46237
2023-07-26 15:30:57,13,14,7510,46237
2023-07-26 15:30:59,12,14,7510,46237
2023-07-26 15:30:59,11,14,7510,46237
2023-07-26 15:31:08,11,13,7510,46237
2023-07-26 15:31:08,11,12,7510,46237
2023-07-26 15:31:12,10,12,7510,46237
2023-07-26 15:31:18,9,10,7509,46238
2023-07-26 15:31:19,9,12,7509,46241
2023-07-26 15:31:22,8,12,7509,46399
2023-07-26 15:31:30,8,11,7509,46399
2023-07-26 15:31:46,8,10,7509,46399
2023-07-26 15:31:48,8,11,7509,46399
2023-07-26 15:31:56,9,11,7509,46399
2023-07-26 15:31:57,10,11,7509,46399
2023-07-26 15:31:57,9,11,7554,46444
2023-07-26 15:31:58,10,11,7554,46444
2023-07-26 15:31:58,10,11,7578,46468
2023-07-26 15:31:58,9,11,7599,46489
2023-07-26 15:32:00,10,11,7599,46489
2023-07-26 15:32:00,10,12,7599,46490
2023-07-26 15:32:01,11,12,7599,46490
2023-07-26 15:32:04,11,12,7604,46495
2023-07-26 15:32:05,11,13,7605,46496
2023-07-26 15:32:05,11,13,7645,46536
2023-07-26 15:32:07,11,14,7646,46537
2023-07-26 15:32:07,12,14,7646,46537
2023-07-26 15:32:13,12,15,7647,46538
2023-07-26 15:32:17,12,16,7649,46540
2023-07-26 15:32:19,12,17,7650,46541
2023-07-26 15:32:21,12,19,7652,46543
2023-07-26 15:32:21,12,18,7652,46543
2023-07-26 15:32:25,13,18,7652,46543
2023-07-26 15:32:32,12,18,7652,46543
2023-07-26 15:32:51,14,18,7652,46543
2023-07-26 15:32:51,14,19,7654,46545
2023-07-26 15:32:57,14,20,7656,46547
2023-07-26 15:32:58,14,21,7658,46549
2023-07-26 15:33:00,14,22,7660,46751
2023-07-26 15:33:01,17,22,7660,46751
2023-07-26 15:33:04,17,21,7660,46751
2023-07-26 15:33:05,17,22,7861,46952
2023-07-26 15:33:05,17,21,7861,46952
2023-07-26 15:33:08,17,22,8043,47134
2023-07-26 15:33:11,17,23,8045,47136
2023-07-26 15:33:11,17,22,8045,47136
2023-07-26 15:33:12,17,23,8163,47254
2023-07-26 15:33:24,19,23,8163,47254
2023-07-26 15:33:35,17,23,8163,47254
2023-07-26 15:33:37,17,24,8164,47505
2023-07-26 15:33:39,17,23,8164,47505
2023-07-26 15:33:40,17,24,8164,47505
2023-07-26 15:34:13,18,24,8164,47505
2023-07-26 15:34:13,17,24,8164,47505
2023-07-26 15:34:17,18,24,8164,47505
2023-07-26 15:34:22,19,24,8164,47505
2023-07-26 15:34:25,20,24,8164,47505
2023-07-26 15:34:25,19,24,8164,47505
2023-07-26 15:34:28,18,24,8164,47505
2023-07-26 15:34:31,17,24,8164,47505
2023-07-26 15:34:33,17,23,8164,47505
2023-07-26 15:34:34,17,22,8164,47505
2023-07-26 15:34:44,17,23,8164,47505
2023-07-26 15:34:48,17,24,8164,47505
2023-07-26 15:34:48,18,24,8164,47505
2023-07-26 15:34:48,19,24,8164,47505
2023-07-26 15:34:52,18,24,8164,47505
2023-07-26 15:34:52,20,24,8164,47505
2023-07-26 15:34:53,21,24,8164,47505
2023-07-26 15:34:53,22,24,8164,47505
2023-07-26 15:35:03,21,24,8164,47505
2023-07-26 15:35:09,23,25,8165,47506
2023-07-26 15:35:09,24,25,8165,47506
2023-07-26 15:35:10,25,26,8166,47507
2023-07-26 15:35:13,25,27,8167,47508
2023-07-26 15:35:14,26,27,8167,47508
2023-07-26 15:35:15,27,28,8168,47509
2023-07-26 15:35:18,27,29,8259,47600
2023-07-26 15:35:20,27,30,8260,47601
2023-07-26 15:35:21,27,31,8265,47606
2023-07-26 15:35:23,29,31,8265,47606
2023-07-26 15:35:23,30,31,8265,47606
2023-07-26 15:35:25,30,32,8266,47607
2023-07-26 15:35:26,30,33,8267,47608
2023-07-26 15:35:27,31,33,8267,47608
2023-07-26 15:35:27,32,33,8267,47608
2023-07-26 15:35:28,32,34,8269,47610
2023-07-26 15:35:32,32,34,8269,47960
2023-07-26 15:35:32,31,34,8269,47960
2023-07-26 15:35:34,31,35,8271,48294
2023-07-26 15:35:37,31,36,8274,48297
2023-07-26 15:35:38,31,39,8281,48304
2023-07-26 15:35:38,31,37,8281,48304
2023-07-26 15:35:38,32,37,8281,48304
2023-07-26 15:35:40,32,39,8281,48304
2023-07-26 15:35:40,32,38,8281,48304
2023-07-26 15:35:41,31,38,8281,48304
2023-07-26 15:35:41,33,38,8281,48304
2023-07-26 15:35:43,31,38,8281,48304
2023-07-26 15:35:43,32,38,8281,48304
2023-07-26 15:35:51,32,36,8281,48304
2023-07-26 15:35:51,31,36,8281,48304
2023-07-26 15:35:57,31,34,8281,48304
2023-07-26 15:35:59,31,35,8281,48304
2023-07-26 15:35:59,31,34,8281,48304
2023-07-26 15:36:01,29,34,8285,48314
2023-07-26 15:36:02,29,33,8285,48314
2023-07-26 15:36:03,29,36,8285,48314
2023-07-26 15:36:03,29,35,8285,48314
2023-07-26 15:36:03,28,32,8285,48314
2023-07-26 15:36:07,28,31,8285,48314
2023-07-26 15:36:09,28,32,8285,48314
2023-07-26 15:36:10,28,31,8285,48314
2023-07-26 15:36:11,28,32,8285,48314
2023-07-26 15:36:14,29,32,8285,48314
2023-07-26 15:36:16,30,32,8285,48314
2023-07-26 15:36:19,31,32,8285,48314
2023-07-26 15:36:30,30,32,8285,48323
2023-07-26 15:36:31,30,31,8285,48323
2023-07-26 15:36:33,29,30,8285,48324
2023-07-26 15:36:34,29,31,8384,48423
2023-07-26 15:36:34,28,29,8384,48424
2023-07-26 15:36:35,27,28,8384,48425
2023-07-26 15:36:35,27,31,8582,48627
2023-07-26 15:36:36,27,30,8582,48627
2023-07-26 15:36:36,27,29,8582,48627
2023-07-26 15:36:37,27,28,8582,48627
2023-07-26 15:36:38,26,27,8582,48628
2023-07-26 15:36:40,25,26,8582,48629
2023-07-26 15:36:41,24,25,8582,48630
2023-07-26 15:36:42,23,25,8582,48630
2023-07-26 15:36:42,23,24,8582,48630
2023-07-26 15:36:43,22,23,8582,48631
2023-07-26 15:36:50,21,23,8582,48643
2023-07-26 15:36:58,20,23,8582,48643
2023-07-26 15:37:15,21,23,8582,48643
2023-07-26 15:37:18,20,23,8582,48643
2023-07-26 15:37:25,20,22,8582,48643
2023-07-26 15:37:26,20,23,8582,48643
2023-07-26 15:37:38,19,23,8582,48643
2023-07-26 15:37:38,18,23,8582,48643
2023-07-26 15:37:52,18,22,8582,48643
2023-07-26 15:37:54,17,22,8582,48643
2023-07-26 15:38:01,17,21,8582,48643
2023-07-26 15:38:02,17,20,8582,48643
2023-07-26 15:38:06,17,19,8582,48643
2023-07-26 15:38:15,17,20,8582,48643
2023-07-26 15:38:15,17,21,8582,48643
2023-07-26 15:38:15,17,20,8582,48643
2023-07-26 15:38:18,17,21,8582,48643
2023-07-26 15:38:19,17,22,8582,48643
2023-07-26 15:38:19,17,21,8582,48643
2023-07-26 15:38:20,19,21,8582,48643
2023-07-26 15:38:26,17,21,8582,48643
2023-07-26 15:38:26,20,21,8582,48643
2023-07-26 15:38:28,20,21,8582,48650
2023-07-26 15:38:30,20,22,8582,48650
2023-07-26 15:38:31,17,22,8582,48650
2023-07-26 15:38:36,21,23,8583,48651
2023-07-26 15:38:40,22,23,8583,48651
2023-07-26 15:38:50,22,26,8583,48651
2023-07-26 15:38:50,20,26,8583,48651
2023-07-26 15:38:50,23,26,8583,48651
2023-07-26 15:38:59,24,26,8583,48651
2023-07-26 15:39:01,23,26,8583,48651
2023-07-26 15:39:04,21,26,8583,48651
2023-07-26 15:39:04,24,26,8583,48651
2023-07-26 15:39:06,25,26,8583,48651
2023-07-26 15:39:07,24,26,8583,48651
2023-07-26 15:39:09,25,26,8583,48651
2023-07-26 15:39:15,25,27,8584,48652
2023-07-26 15:39:15,22,27,8584,48652
2023-07-26 15:39:20,25,27,8584,48652
2023-07-26 15:39:26,26,27,8584,48652
2023-07-26 15:39:31,26,28,8584,48652
2023-07-26 15:39:37,27,28,8584,48652
2023-07-26 15:39:51,27,29,8585,48653
2023-07-26 15:39:51,26,29,8585,48653
2023-07-26 15:39:51,28,29,8585,48653
2023-07-26 15:39:57,28,30,8585,48653
2023-07-26 15:39:57,28,31,8585,48653
2023-07-26 15:40:02,30,31,8585,48653
2023-07-26 15:40:06,30,32,8586,48654
2023-07-26 15:40:06,28,32,8586,48654
2023-07-26 15:40:06,31,32,8586,48654
2023-07-26 15:40:08,31,33,8587,48655
2023-07-26 15:40:08,32,33,8587,48655
2023-07-26 15:40:10,32,34,8588,48656
2023-07-26 15:40:10,30,34,8588,48656
2023-07-26 15:40:11,33,35,8590,48658
2023-07-26 15:40:11,30,35,8590,48658
2023-07-26 15:40:11,34,35,8590,48658
2023-07-26 15:40:18,34,36,8592,48660
2023-07-26 15:40:22,31,36,8592,48660
2023-07-26 15:40:23,35,37,8594,48662
2023-07-26 15:40:23,36,37,8594,48662
2023-07-26 15:40:24,36,37,8595,48663
2023-07-26 15:40:24,36,38,8598,48666
2023-07-26 15:40:24,35,38,8598,48666
2023-07-26 15:40:24,37,38,8598,48666
2023-07-26 15:40:28,37,43,8598,48666
2023-07-26 15:40:28,37,42,8598,48666
2023-07-26 15:40:28,35,42,8598,48666
2023-07-26 15:40:28,38,42,8598,48666
2023-07-26 15:40:30,37,42,8598,48666
2023-07-26 15:40:32,38,42,8598,48666
2023-07-26 15:40:33,40,42,8598,48666
2023-07-26 15:40:33,41,42,8598,48666
2023-07-26 15:40:33,41,44,8600,48668
2023-07-26 15:40:33,41,42,8600,48668
2023-07-26 15:40:33,41,44,8600,48668
2023-07-26 15:40:33,40,44,8600,48668
2023-07-26 15:40:33,42,44,8600,48668
2023-07-26 15:40:33,43,44,8600,48668
2023-07-26 15:40:34,40,44,8600,48668
2023-07-26 15:40:34,41,44,8600,48668
2023-07-26 15:40:34,43,44,8600,48668
2023-07-26 15:40:35,43,45,8601,48669
2023-07-26 15:40:36,44,45,8601,48669
2023-07-26 15:40:36,44,48,8601,48669
2023-07-26 15:40:36,44,47,8601,48669
2023-07-26 15:40:36,40,47,8601,48669
2023-07-26 15:40:37,45,48,8601,48669
2023-07-26 15:40:39,43,48,8601,48669
2023-07-26 15:40:43,44,48,8601,48669
2023-07-26 15:40:47,43,48,8601,48669
2023-07-26 15:40:49,45,48,8601,48669
2023-07-26 15:40:50,44,48,8601,48669
2023-07-26 15:40:52,43,48,8601,48669
2023-07-26 15:40:52,43,47,8601,48669
2023-07-26 15:40:55,43,48,8601,48669
2023-07-26 15:41:00,43,47,8601,48669
2023-07-26 15:41:02,43,48,8601,48669
2023-07-26 15:41:03,43,48,8610,48679
2023-07-26 15:41:05,44,48,8610,48679
2023-07-26 15:41:06,47,48,8610,48679
2023-07-26 15:41:08,46,48,8610,48679
2023-07-26 15:41:11,46,48,8627,48696
2023-07-26 15:41:14,47,48,8627,48696
2023-07-26 15:41:19,47,50,8629,48698
2023-07-26 15:41:19,47,49,8629,48698
2023-07-26 15:41:19,45,49,8629,48698
2023-07-26 15:41:19,48,49,8629,48698
2023-07-26 15:41:19,48,49,8721,48790
2023-07-26 15:41:19,49,50,8729,48798
2023-07-26 15:41:19,48,50,8729,48798
2023-07-26 15:41:19,45,50,8729,48798
2023-07-26 15:41:19,49,50,8729,48798
2023-07-26 15:41:29,49,52,8731,48800
2023-07-26 15:41:29,50,52,8731,48800
2023-07-26 15:41:29,51,52,8731,48800
2023-07-26 15:41:34,51,57,8731,48800
2023-07-26 15:41:34,51,56,8731,48800
2023-07-26 15:41:34,52,56,8731,48800
2023-07-26 15:41:35,53,56,8731,48800
2023-07-26 15:41:39,55,56,8731,48800
2023-07-26 15:41:39,55,57,8731,48800
2023-07-26 15:41:39,52,57,8731,48800
2023-07-26 15:41:39,56,57,8731,48800
2023-07-26 15:42:02,59,60,8734,48803
2023-07-26 15:42:03,60,61,8735,48804
2023-07-26 15:42:03,60,62,8736,48805
2023-07-26 15:42:03,61,62,8736,48805
2023-07-26 15:42:04,61,66,8737,48806
2023-07-26 15:42:04,61,69,8737,48806
2023-07-26 15:42:04,61,70,8737,48806
2023-07-26 15:42:04,61,65,8737,48806
2023-07-26 15:42:04,61,70,8737,48806
2023-07-26 15:42:04,63,68,8737,48806
2023-07-26 15:42:04,63,70,8737,48806
2023-07-26 15:42:04,63,67,8737,48806
2023-07-26 15:42:04,63,66,8737,48806
2023-07-26 15:42:06,62,66,8737,48806
2023-07-26 15:42:08,63,66,8737,48806
2023-07-26 15:42:11,63,67,8737,48806
2023-07-26 15:42:11,63,66,8737,48806
2023-07-26 15:42:13,62,66,8737,48806
2023-07-26 15:42:15,61,66,8737,48806
2023-07-26 15:42:16,60,66,8737,48806
2023-07-26 15:42:16,60,65,8737,48806
2023-07-26 15:42:16,60,64,8737,48806
2023-07-26 15:42:17,59,64,8737,48806
2023-07-26 15:42:18,57,64,8737,48806
2023-07-26 15:42:18,57,63,8737,48806
2023-07-26 15:42:19,57,66,8737,48806
2023-07-26 15:42:19,57,65,8737,48806
2023-07-26 15:42:19,56,61,8737,48806
2023-07-26 15:42:20,55,61,8737,48806
2023-07-26 15:42:21,56,61,8737,48806
2023-07-26 15:42:21,56,64,8737,48806
2023-07-26 15:42:21,56,62,8737,48806
2023-07-26 15:42:28,56,64,8737,48806
2023-07-26 15:42:28,55,64,8737,48806
2023-07-26 15:42:28,55,61,8737,48806
2023-07-26 15:42:29,55,64,8737,48806
2023-07-26 15:42:29,55,63,8737,48806
2023-07-26 15:42:29,54,63,8737,48806
2023-07-26 15:42:29,54,60,8737,48806
2023-07-26 15:42:30,54,63,8737,48806
2023-07-26 15:42:30,54,59,8737,48806
2023-07-26 15:42:31,54,62,8737,48806
2023-07-26 15:42:31,54,58,8737,48806
2023-07-26 15:42:32,52,58,8737,48806
2023-07-26 15:42:38,53,58,8737,48806
2023-07-26 15:42:39,52,58,8737,48806
2023-07-26 15:42:42,53,58,8737,48806
2023-07-26 15:42:45,54,58,8737,48806
2023-07-26 15:42:46,55,58,8737,48806
2023-07-26 15:42:49,54,58,8737,48806
2023-07-26 15:43:06,54,57,8737,48806
2023-07-26 15:43:07,54,58,8737,48806
2023-07-26 15:43:08,54,57,8737,48806
2023-07-26 15:43:10,54,58,8737,48806
2023-07-26 15:43:10,54,56,8737,48806
2023-07-26 15:43:12,54,58,8737,48806
2023-07-26 15:43:12,54,57,8737,48806
2023-07-26 15:43:19,54,58,8737,48806
2023-07-26 15:43:29,54,57,8737,48806
2023-07-26 15:43:30,52,57,8737,48806
2023-07-26 15:43:31,52,58,8737,48806
2023-07-26 15:43:31,52,56,8737,48806
2023-07-26 15:43:43,52,58,8737,48806
2023-07-26 15:43:43,52,57,8737,48806
2023-07-26 15:43:44,52,58,8737,48806
2023-07-26 15:43:44,52,56,8737,48806
2023-07-26 15:43:47,52,58,8737,48806
2023-07-26 15:43:47,52,56,8737,48806
2023-07-26 15:44:05,53,56,8737,48806
2023-07-26 15:44:06,55,56,8737,48806
2023-07-26 15:44:06,55,57,8737,48806
2023-07-26 15:44:12,58,59,8739,48808
2023-07-26 15:44:20,60,61,8741,48810
2023-07-26 15:44:27,63,64,8745,48814
2023-07-26 15:44:28,64,65,8746,48815
2023-07-26 15:44:28,67,71,8749,48971
2023-07-26 15:44:28,67,75,8749,48971
2023-07-26 15:44:28,67,73,8749,48971
2023-07-26 15:44:28,67,70,8749,48971
2023-07-26 15:44:28,67,73,8749,48971
2023-07-26 15:44:28,67,72,8749,48971
2023-07-26 15:44:28,67,72,8750,48972
2023-07-26 15:44:28,67,72,8751,48973
2023-07-26 15:44:29,67,72,8752,48974
2023-07-26 15:44:29,67,72,8753,48975
2023-07-26 15:44:29,67,72,8754,48976
2023-07-26 15:44:29,67,68,8754,48976
2023-07-26 15:44:29,65,68,8754,48976
2023-07-26 15:44:32,64,68,8754,48976
2023-07-26 15:44:36,63,68,8754,48976
2023-07-26 15:44:37,64,68,8754,48976
2023-07-26 15:44:51,68,69,8754,48978
2023-07-26 15:45:00,68,71,8754,48978
2023-07-26 15:45:00,69,71,8754,48978
2023-07-26 15:45:01,70,71,8754,48978
2023-07-26 15:45:04,69,71,8754,48978
2023-07-26 15:45:05,68,71,8754,48978
2023-07-26 15:45:10,68,74,8745,48991
2023-07-26 15:45:10,68,73,8745,48991
2023-07-26 15:45:12,68,74,8745,48991
2023-07-26 15:45:13,71,74,8745,48991
2023-07-26 15:45:14,71,73,8745,48991
2023-07-26 15:45:19,71,74,8745,48991
2023-07-26 15:45:26,71,75,8745,48991
2023-07-26 15:45:26,71,74,8745,48991
2023-07-26 15:45:28,71,75,8745,48991
2023-07-26 15:45:32,71,74,8758,49004
2023-07-26 15:45:37,71,72,8758,49004
2023-07-26 15:45:37,71,72,8758,49048
2023-07-26 15:45:41,70,72,8758,49102
2023-07-26 15:45:41,68,70,8757,49103
2023-07-26 15:45:44,68,71,8757,49103
2023-07-26 15:45:44,67,68,8757,49104
2023-07-26 15:45:50,66,68,8755,49106
2023-07-26 15:45:51,64,65,8747,49114
2023-07-26 15:45:55,64,66,8747,49114
2023-07-26 15:45:55,58,63,8745,49116
2023-07-26 15:45:57,59,63,8745,49116
2023-07-26 15:45:57,60,63,8745,49116
2023-07-26 15:45:57,61,63,8745,49116
2023-07-26 15:45:57,62,63,8745,49116
2023-07-26 15:45:57,62,63,8744,49117
2023-07-26 15:46:03,62,63,8743,49118
2023-07-26 15:46:04,61,63,8742,49119
2023-07-26 15:46:05,61,64,8742,49119
2023-07-26 15:46:05,60,61,8740,49121
2023-07-26 15:46:05,60,61,8738,49123
2023-07-26 15:46:05,60,61,8736,49125
2023-07-26 15:46:09,60,63,8736,49125
2023-07-26 15:46:21,61,63,8736,49125
2023-07-26 15:46:24,62,63,8736,49125
2023-07-26 15:46:25,62,67,8736,49125
2023-07-26 15:46:34,63,67,8736,49125
2023-07-26 15:46:37,61,67,8736,49125
2023-07-26 15:46:41,61,67,8736,49125
2023-07-26 15:46:41,65,67,8736,49125
2023-07-26 15:46:44,63,67,8736,49125
2023-07-26 15:46:45,70,71,8742,49131
2023-07-26 15:46:45,70,71,8747,49136
2023-07-26 15:46:45,70,71,8752,49141
2023-07-26 15:46:45,70,71,8757,49146
2023-07-26 15:46:53,69,70,8757,49331
2023-07-26 15:46:54,69,71,8757,49331
2023-07-26 15:46:58,69,72,8804,49381
2023-07-26 15:46:59,69,71,8804,49381
2023-07-26 15:47:02,69,72,8804,49381
2023-07-26 15:47:03,69,71,8804,49381
2023-07-26 15:47:06,69,72,8804,49381
2023-07-26 15:47:06,72,73,8849,49426
2023-07-26 15:47:06,72,73,8909,49486
2023-07-26 15:47:06,72,73,8969,49546
2023-07-26 15:47:06,72,73,9014,49591
2023-07-26 15:47:30,70,71,9013,49624
2023-07-26 15:47:32,69,71,9013,49624
2023-07-26 15:47:32,68,71,9013,49624
2023-07-26 15:47:32,67,71,9013,49624
2023-07-26 15:47:32,65,71,9013,49624
2023-07-26 15:47:34,64,71,9013,49624
2023-07-26 15:47:34,66,71,9013,49624
2023-07-26 15:47:38,64,71,9013,49624
2023-07-26 15:47:38,67,71,9013,49624
2023-07-26 15:47:48,68,71,9013,49624
2023-07-26 15:47:50,67,71,9013,49624
2023-07-26 15:47:50,69,71,9013,49624
2023-07-26 15:47:53,69,73,9013,49624
2023-07-26 15:48:00,69,72,9013,49624
2023-07-26 15:48:05,69,73,9013,49624
2023-07-26 15:48:08,68,73,9013,49761
2023-07-26 15:48:08,69,73,9013,49761
2023-07-26 15:48:10,68,73,9013,49761
2023-07-26 15:48:15,68,74,9013,49761
2023-07-26 15:48:24,68,72,9013,49761
2023-07-26 15:48:24,68,71,9013,49761
2023-07-26 15:48:26,68,70,9013,49761
2023-07-26 15:48:26,68,69,9013,49761
2023-07-26 15:48:28,67,69,9013,49762
2023-07-26 15:48:28,67,70,9013,49762
2023-07-26 15:48:29,66,68,9013,49763
2023-07-26 15:48:29,66,67,9013,49763
2023-07-26 15:48:30,66,68,9058,49808
2023-07-26 15:48:30,62,68,9058,49811
2023-07-26 15:48:30,62,67,9058,49811
2023-07-26 15:48:33,60,67,9058,49811
2023-07-26 15:48:33,63,67,9058,49811
2023-07-26 15:48:34,63,68,9058,49811
2023-07-26 15:48:35,63,67,9058,49811
2023-07-26 15:48:36,60,67,9058,49811
2023-07-26 15:48:36,62,67,9058,49811
2023-07-26 15:48:38,62,68,9103,49856
2023-07-26 15:48:38,62,67,9103,49856
2023-07-26 15:48:39,62,66,9103,49856
2023-07-26 15:48:39,60,66,9103,49856
2023-07-26 15:48:39,61,66,9103,49856
2023-07-26 15:48:39,61,68,9169,49936
2023-07-26 15:48:39,61,67,9169,49936
2023-07-26 15:48:39,61,66,9169,49936
2023-07-26 15:48:44,60,66,9169,49936
2023-07-26 15:48:44,60,65,9169,49936
2023-07-26 15:48:44,57,65,9169,49936
2023-07-26 15:48:44,60,65,9169,49936
2023-07-26 15:48:45,60,66,9214,49981
2023-07-26 15:48:46,58,66,9214,49981
2023-07-26 15:48:46,58,67,9214,49981
2023-07-26 15:48:46,61,67,9214,49981
2023-07-26 15:48:48,61,66,9214,49981
2023-07-26 15:48:50,61,67,9214,49981
2023-07-26 15:48:52,58,67,9214,49981
2023-07-26 15:48:52,62,67,9214,49981
2023-07-26 15:48:52,66,67,9214,49981
2023-07-26 15:48:52,62,67,9262,50029
2023-07-26 15:48:53,58,67,9262,50029
2023-07-26 15:48:53,57,67,9262,50029
2023-07-26 15:48:53,57,66,9262,50029
2023-07-26 15:48:53,61,66,9262,50029
2023-07-26 15:48:54,61,67,9262,50029
2023-07-26 15:48:54,61,66,9262,50029
2023-07-26 15:48:57,57,66,9262,50029
2023-07-26 15:48:57,56,66,9262,50029
2023-07-26 15:48:57,57,66,9262,50029
2023-07-26 15:48:57,58,66,9262,50029
2023-07-26 15:48:57,62,66,9262,50029
2023-07-26 15:48:59,60,66,9262,50034
2023-07-26 15:49:11,58,66,9262,50034
2023-07-26 15:49:11,61,66,9262,50034
2023-07-26 15:49:13,58,66,9262,50034
2023-07-26 15:49:13,62,66,9262,50034
2023-07-26 15:49:14,59,66,9127,50169
2023-07-26 15:49:19,57,66,9127,50169
2023-07-26 15:49:19,60,66,9127,50169
2023-07-26 15:49:20,61,66,9127,50169
2023-07-26 15:49:24,61,67,9127,50169
2023-07-26 15:49:24,61,68,9127,50169
2023-07-26 15:49:24,61,67,9127,50169
2023-07-26 15:49:43,59,67,9127,50169
2023-07-26 15:49:43,60,67,9127,50169
2023-07-26 15:49:44,57,67,9127,50169
2023-07-26 15:49:47,59,66,9127,50169
2023-07-26 15:49:50,58,66,9127,50169
2023-07-26 15:49:51,57,66,9127,50169
2023-07-26 15:49:51,57,64,9127,50169
2023-07-26 15:49:55,57,66,9127,50169
2023-07-26 15:49:57,57,65,9127,50169
2023-07-26 15:49:58,57,66,9127,50169
2023-07-26 15:49:58,57,63,9135,50177
2023-07-26 15:49:59,57,66,9135,50177
2023-07-26 15:49:59,57,61,9135,50177
2023-07-26 15:50:00,48,51,9136,50181
2023-07-26 15:50:00,38,51,9136,50181
2023-07-26 15:50:01,37,51,9136,50181
2023-07-26 15:50:01,37,66,9136,50181
2023-07-26 15:50:01,37,64,9136,50181
2023-07-26 15:50:01,37,53,9136,50181
2023-07-26 15:50:01,41,53,9136,50181
2023-07-26 15:50:02,41,50,9136,50181
2023-07-26 15:50:02,38,50,9136,50181
2023-07-26 15:50:03,38,61,9136,50181
2023-07-26 15:50:03,38,52,9136,50181
2023-07-26 15:50:04,41,52,9136,50181
2023-07-26 15:50:04,41,50,9136,50181
2023-07-26 15:50:05,41,49,9136,50181
2023-07-26 15:50:05,38,49,9136,50184
2023-07-26 15:50:05,38,44,9136,50184
2023-07-26 15:50:06,38,45,9136,50184
2023-07-26 15:50:07,37,45,9136,50184
2023-07-26 15:50:07,37,47,9136,50184
2023-07-26 15:50:07,37,42,9136,50184
2023-07-26 15:50:07,37,47,9136,50184
2023-07-26 15:50:07,37,42,9136,50184
2023-07-26 15:50:09,37,43,9136,50184
2023-07-26 15:50:13,37,45,9136,50184
2023-07-26 15:50:13,37,42,9136,50184
2023-07-26 15:50:14,37,43,9136,50184
2023-07-26 15:50:18,37,42,9136,50184
2023-07-26 15:50:20,37,43,9136,50184
2023-07-26 15:50:25,37,45,9181,50229
2023-07-26 15:50:25,37,44,9181,50229
2023-07-26 15:50:25,37,42,9181,50229
2023-07-26 15:50:25,37,43,9181,50229
2023-07-26 15:50:25,37,42,9181,50229
2023-07-26 15:50:26,37,43,9181,50229
2023-07-26 15:50:26,38,43,9181,50229
2023-07-26 15:50:28,37,43,9181,50229
2023-07-26 15:50:28,37,38,9181,50229
2023-07-26 15:50:29,36,38,9181,50239
2023-07-26 15:50:29,35,38,9181,50245
2023-07-26 15:50:32,36,38,9181,50245
2023-07-26 15:50:33,35,38,9181,50245
2023-07-26 15:50:33,35,42,9181,50290
2023-07-26 15:50:34,35,36,9181,50290
2023-07-26 15:50:37,35,38,9226,50335
2023-07-26 15:50:45,33,38,9226,50335
2023-07-26 15:50:45,33,39,9226,50335
2023-07-26 15:50:52,33,38,9226,50335
2023-07-26 15:50:57,33,37,9226,50335
2023-07-26 15:50:58,32,37,9226,50335
2023-07-26 15:50:58,30,37,9186,50436
2023-07-26 15:50:59,31,37,9186,50436
2023-07-26 15:50:59,31,36,9186,50436
2023-07-26 15:51:00,31,35,9186,50436
2023-07-26 15:51:00,31,33,9186,50436
2023-07-26 15:51:01,31,34,9186,50436
2023-07-26 15:51:03,31,35,9186,50436
2023-07-26 15:51:03,31,33,9186,50436
2023-07-26 15:51:05,31,35,9186,50436
2023-07-26 15:51:05,31,34,9186,50436
2023-07-26 15:51:08,31,33,9186,50436
2023-07-26 15:51:09,31,32,9186,50436
2023-07-26 15:51:09,27,32,9186,50441
2023-07-26 15:51:09,27,31,9186,50441
2023-07-26 15:51:11,27,33,9186,50441
2023-07-26 15:51:11,27,32,9186,50441
2023-07-26 15:51:14,27,31,9186,50441
2023-07-26 15:51:16,24,31,9186,50441
2023-07-26 15:51:17,21,31,9186,50441
2023-07-26 15:51:17,25,31,9186,50441
2023-07-26 15:51:17,25,32,9186,50441
2023-07-26 15:51:18,25,31,9186,50441
2023-07-26 15:51:20,25,30,9186,50441
2023-07-26 15:51:22,25,31,9186,50441
2023-07-26 15:51:22,25,29,9186,50441
2023-07-26 15:51:24,25,28,9186,50441
2023-07-26 15:51:25,21,24,9182,50445
2023-07-26 15:51:25,21,23,9182,50445
2023-07-26 15:51:29,17,23,9180,50458
2023-07-26 15:51:29,17,21,9180,50458
2023-07-26 15:51:30,18,21,9180,50458
2023-07-26 15:51:30,18,23,9180,50458
2023-07-26 15:51:30,18,25,9180,50458
2023-07-26 15:51:30,18,23,9180,50458
2023-07-26 15:51:32,18,24,9180,50458
2023-07-26 15:51:32,18,22,9180,50458
2023-07-26 15:51:34,18,24,9180,50458
2023-07-26 15:51:34,18,25,9180,50458
2023-07-26 15:51:34,18,23,9180,50458
2023-07-26 15:51:35,17,23,9180,50458
2023-07-26 15:51:35,17,21,9180,50458
2023-07-26 15:51:38,17,23,9180,50458
2023-07-26 15:51:38,17,24,9180,50458
2023-07-26 15:51:38,17,22,9180,50458
2023-07-26 15:51:39,18,22,9180,50458
2023-07-26 15:51:39,19,22,9180,50458
2023-07-26 15:51:39,19,23,9180,50458
2023-07-26 15:51:40,20,23,9180,50458
2023-07-26 15:51:41,19,23,9180,50458
2023-07-26 15:51:46,18,23,9180,50458
2023-07-26 15:51:47,18,22,9180,50458
2023-07-26 15:51:49,18,23,9180,50458
2023-07-26 15:51:50,19,23,9180,50458
2023-07-26 15:51:53,20,23,9180,50458
2023-07-26 15:51:53,20,25,9180,50458
2023-07-26 15:52:01,22,25,9180,50458
2023-07-26 15:52:03,22,25,9211,50489
2023-07-26 15:52:05,21,25,9211,50489
2023-07-26 15:52:07,19,25,9211,50489
2023-07-26 15:52:07,19,23,9211,50489
2023-07-26 15:52:08,18,23,9211,50489
2023-07-26 15:52:09,18,24,9211,50489
2023-07-26 15:52:09,18,22,9211,50489
2023-07-26 15:52:10,18,24,9211,50489
2023-07-26 15:52:10,18,25,9211,50489
2023-07-26 15:52:10,18,23,9211,50489
2023-07-26 15:52:12,18,24,9211,50489
2023-07-26 15:52:12,18,22,9211,50489
2023-07-26 15:52:14,16,22,9211,50489
2023-07-26 15:52:14,17,22,9211,50489
2023-07-26 15:52:15,17,24,9211,50489
2023-07-26 15:52:15,16,23,9211,50489
2023-07-26 15:52:15,16,21,9211,50489
2023-07-26 15:52:17,16,18,9211,50489
2023-07-26 15:52:20,12,18,9207,50538
2023-07-26 15:52:21,15,18,9207,50538
2023-07-26 15:52:23,14,18,9207,50538
2023-07-26 15:52:29,12,18,9207,50538
2023-07-26 15:52:29,13,18,9207,50538
2023-07-26 15:52:30,14,18,9207,50538
2023-07-26 15:52:31,14,18,9218,50549
2023-07-26 15:52:32,16,18,9218,50549
2023-07-26 15:52:33,15,18,9218,50549
2023-07-26 15:52:34,14,18,9218,50549
2023-07-26 15:52:36,12,18,9218,50549
2023-07-26 15:52:36,13,18,9218,50549
2023-07-26 15:52:40,12,18,9218,50549
2023-07-26 15:52:40,12,16,9218,50549
2023-07-26 15:52:41,13,16,9218,50549
2023-07-26 15:52:41,13,18,9218,50549
2023-07-26 15:52:42,12,18,9218,50549
2023-07-26 15:52:42,12,17,9218,50549
2023-07-26 15:52:44,12,18,9218,50549
2023-07-26 15:52:44,12,17,9218,50549
2023-07-26 15:52:44,12,15,9218,50549
2023-07-26 15:52:45,12,13,9218,50549
2023-07-26 15:52:50,11,12,9217,50551
2023-07-26 15:52:51,11,13,9217,50551
2023-07-26 15:52:52,11,12,9217,50551
2023-07-26 15:52:54,11,13,9217,50551
2023-07-26 15:52:54,11,12,9217,50551
2023-07-26 15:52:54,10,11,9217,50552
2023-07-26 15:52:55,10,12,9217,50552
2023-07-26 15:52:55,9,10,9217,50553
2023-07-26 15:52:58,6,10,9217,50603
2023-07-26 15:53:03,7,10,9217,50603
2023-07-26 15:53:03,6,10,9550,50936
2023-07-26 15:53:04,7,10,9550,50936
2023-07-26 15:53:04,7,13,9550,50936
2023-07-26 15:53:04,7,11,9550,50936
2023-07-26 15:53:06,6,11,9550,50936
2023-07-26 15:53:06,6,10,9550,50936
2023-07-26 15:53:08,5,10,9550,51027
2023-07-26 15:53:10,5,11,9550,51061
2023-07-26 15:53:10,7,11,9550,51061
2023-07-26 15:53:13,6,11,9550,51061
2023-07-26 15:53:17,7,11,9550,51061
2023-07-26 15:53:27,8,11,9550,51061
2023-07-26 15:53:30,6,11,9550,51061
2023-07-26 15:53:30,9,11,9550,51061
2023-07-26 15:53:32,8,11,9550,51061
2023-07-26 15:53:35,9,11,9550,51061
2023-07-26 15:53:36,10,11,9550,51061
2023-07-26 15:53:36,10,13,9550,51063
2023-07-26 15:53:36,8,13,9550,51063
2023-07-26 15:53:36,11,13,9550,51063
2023-07-26 15:53:38,8,13,9550,51063
2023-07-26 15:53:38,12,14,9550,51064
2023-07-26 15:53:41,13,14,9550,51064
2023-07-26 15:53:41,13,15,9550,51065
2023-07-26 15:53:41,13,14,9550,51065
2023-07-26 15:53:41,13,15,9552,51067
2023-07-26 15:53:44,13,14,9552,51067
2023-07-26 15:53:44,13,15,9554,51069
2023-07-26 15:53:44,13,16,9554,51069
2023-07-26 15:53:44,13,20,9554,51069
2023-07-26 15:53:44,13,19,9554,51069
2023-07-26 15:53:47,15,19,9554,51069
2023-07-26 15:53:50,15,18,9554,51069
2023-07-26 15:53:50,15,17,9554,51069
2023-07-26 15:53:56,12,17,9218,51405
2023-07-26 15:54:03,12,16,9218,51405
2023-07-26 15:54:04,10,16,9223,51410
2023-07-26 15:54:09,10,19,9223,51410
2023-07-26 15:54:09,10,18,9223,51410
2023-07-26 15:54:09,10,17,9223,51410
2023-07-26 15:54:10,11,17,9223,51410
2023-07-26 15:54:18,10,17,9223,51410
2023-07-26 15:54:18,10,16,9223,51410
2023-07-26 15:54:19,11,16,9223,51410
2023-07-26 15:54:19,11,17,9223,51410
2023-07-26 15:54:20,11,16,9223,51410
2023-07-26 15:54:21,10,16,9268,51455
2023-07-26 15:54:22,11,16,9268,51455
2023-07-26 15:54:25,10,16,9268,51455
2023-07-26 15:54:28,11,16,9268,51455
2023-07-26 15:54:30,10,16,9268,51455
2023-07-26 15:54:31,10,14,9268,51455
2023-07-26 15:54:32,10,16,9268,51455
2023-07-26 15:54:32,10,13,9268,51455
2023-07-26 15:54:38,10,16,9268,51455
2023-07-26 15:54:38,10,15,9268,51455
2023-07-26 15:54:38,10,12,9268,51455
2023-07-26 15:54:39,8,12,9268,51455
2023-07-26 15:54:39,7,12,9268,51455
2023-07-26 15:54:47,7,13,9268,51455
2023-07-26 15:54:47,7,11,9268,51455
2023-07-26 15:54:48,7,13,9268,51455
2023-07-26 15:54:51,8,13,9268,51455
2023-07-26 15:54:54,7,13,9268,51455
2023-07-26 15:54:58,7,12,9268,51455
2023-07-26 15:55:01,7,9,9268,51455
2023-07-26 15:55:01,6,9,9268,51455
2023-07-26 15:55:02,6,11,9268,51455
2023-07-26 15:55:02,6,8,9268,51455
2023-07-26 15:55:03,6,11,9268,51455
2023-07-26 15:55:03,6,10,9268,51455
2023-07-26 15:55:04,6,9,9268,51455
2023-07-26 15:55:04,5,6,9268,51456
2023-07-26 15:55:11,5,8,9268,51456
2023-07-26 15:55:11,4,5,9268,51457
2023-07-26 15:55:16,4,7,9268,51457
2023-07-26 15:55:16,3,4,9268,51458
2023-07-26 15:55:28,3,5,9268,51458
2023-07-26 15:55:39,3,6,9268,51460
2023-07-26 15:55:39,3,5,9268,51460
2023-07-26 15:55:39,3,6,9268,51460
2023-07-26 15:55:47,3,5,9268,51460
2023-07-26 15:55:48,3,6,9268,51460
2023-07-26 15:55:51,3,5,9268,51460
2023-07-26 15:55:54,3,6,9268,51460
2023-07-26 15:55:54,3,4,9268,51460
2023-07-26 15:56:00,3,5,9268,51460
2023-07-26 15:56:00,3,5,9268,51733
2023-07-26 15:56:00,3,5,9268,51775
2023-07-26 15:56:00,3,4,9268,51775
2023-07-26 15:56:06,3,5,9268,51775
2023-07-26 15:56:07,3,6,9268,51775
2023-07-26 15:56:07,3,5,9268,51775
2023-07-26 15:56:08,3,6,9268,51775
2023-07-26 15:56:14,3,5,9268,51775
2023-07-26 15:56:20,3,6,9268,51775
2023-07-26 15:56:20,3,5,9268,51775
2023-07-26 15:56:32,3,5,9490,51997
2023-07-26 15:56:32,3,5,9505,52012
2023-07-26 15:56:32,3,5,9599,52106
2023-07-26 15:56:32,3,4,9599,52106
2023-07-26 15:56:32,3,5,9599,52106
2023-07-26 15:56:33,2,3,9620,52127
2023-07-26 15:56:42,2,4,9949,52456
2023-07-26 15:56:49,2,3,9949,52456
2023-07-26 15:56:50,2,3,9949,52806
2023-07-26 15:56:51,2,4,9949,52994
2023-07-26 15:56:53,3,4,9949,52994
2023-07-26 15:56:54,3,5,9949,52995
2023-07-26 15:56:55,4,5,9949,52995
2023-07-26 15:56:59,4,7,9949,52996
2023-07-26 15:56:59,4,6,9949,52996
2023-07-26 15:57:00,5,6,9949,52996
2023-07-26 15:57:00,4,6,9949,52996
2023-07-26 15:57:08,5,6,9949,52996
2023-07-26 15:57:09,5,6,9949,52997
2023-07-26 15:57:14,5,9,9949,52997
2023-07-26 15:57:14,5,8,9949,52997
2023-07-26 15:57:15,4,8,9949,52997
2023-07-26 15:57:17,6,9,9949,52997
2023-07-26 15:57:19,6,9,9949,53042
2023-07-26 15:57:43,6,10,9949,53042
2023-07-26 15:57:43,6,11,9949,53042
2023-07-26 15:57:44,6,12,9949,53042
2023-07-26 15:57:44,6,10,9949,53042
2023-07-26 15:57:51,6,12,9949,53042
2023-07-26 15:57:51,6,11,9949,53042
2023-07-26 15:57:53,6,12,9949,53042
2023-07-26 15:57:53,6,10,9949,53042
2023-07-26 15:57:54,5,6,9950,53043
2023-07-26 15:57:56,5,10,9995,53088
2023-07-26 15:57:57,5,11,9995,53088
2023-07-26 15:57:57,5,10,9995,53088
2023-07-26 15:57:57,5,9,9995,53088
2023-07-26 15:58:00,5,10,9995,53088
2023-07-26 15:58:00,5,8,9995,53088
2023-07-26 15:58:01,5,9,9995,53088
2023-07-26 15:58:01,5,7,9995,53088
2023-07-26 15:58:03,5,9,9995,53088
2023-07-26 15:58:03,5,6,9995,53088
2023-07-26 15:58:04,5,9,9995,53088
2023-07-26 15:58:04,5,7,9995,53088
2023-07-26 15:58:05,5,9,9995,53088
2023-07-26 15:58:05,5,8,9995,53088
2023-07-26 15:58:06,5,10,9995,53088
2023-07-26 15:58:06,5,9,9995,53088
2023-07-26 15:58:07,5,10,9995,53088
2023-07-26 15:58:09,7,10,9995,53088
2023-07-26 15:58:11,6,10,9995,53088
2023-07-26 15:58:12,5,10,9995,53088
2023-07-26 15:58:13,5,9,9995,53088
2023-07-26 15:58:14,5,10,9995,53088
2023-07-26 15:58:14,5,8,9995,53088
2023-07-26 15:58:16,5,9,9995,53088
2023-07-26 15:58:16,5,7,9995,53088
2023-07-26 15:58:20,5,8,9995,53088
2023-07-26 15:58:20,5,6,9995,53088
2023-07-26 15:58:25,5,8,9995,53088
2023-07-26 15:58:25,4,5,9995,53089
2023-07-26 15:58:29,4,8,9995,53089
2023-07-26 15:58:29,4,6,9995,53089
2023-07-26 15:58:31,3,6,9995,53089
2023-07-26 15:58:31,2,6,9995,53089
2023-07-26 15:58:31,2,9,9995,53089
2023-07-26 15:58:31,2,7,9995,53089
2023-07-26 15:58:31,2,6,9995,53089
2023-07-26 15:58:32,3,6,9995,53089
2023-07-26 15:58:35,3,7,9995,53090
2023-07-26 15:58:35,4,7,9995,53090
2023-07-26 15:58:36,5,7,9995,53090
2023-07-26 15:58:36,5,10,9995,53091
2023-07-26 15:58:38,4,10,9995,53091
2023-07-26 15:58:39,5,10,9995,53091
2023-07-26 15:58:42,5,11,9995,53092
2023-07-26 15:58:43,6,11,9995,53092
2023-07-26 15:58:43,6,12,10138,53297
2023-07-26 15:58:44,5,12,10138,53297
2023-07-26 15:58:44,5,10,10138,53297
2023-07-26 15:58:46,4,10,10138,53328
2023-07-26 15:58:46,4,12,10138,53328
2023-07-26 15:58:46,3,12,10138,53328
2023-07-26 15:58:46,3,9,10138,53328
2023-07-26 15:58:47,4,9,10138,53328
2023-07-26 15:58:47,4,11,10138,53328
2023-07-26 15:58:48,5,11,10138,53328
2023-07-26 15:58:49,4,12,10138,53328
2023-07-26 15:58:49,4,11,10138,53328
2023-07-26 15:58:52,4,12,10138,53402
2023-07-26 15:58:52,5,12,10138,53402
2023-07-26 15:58:52,3,12,10138,53402
2023-07-26 15:58:53,3,12,10138,53402
2023-07-26 15:58:53,7,12,10138,53402
2023-07-26 15:58:54,3,12,10138,53402
2023-07-26 15:58:54,8,12,10138,53402
2023-07-26 15:58:55,8,13,10138,53403
2023-07-26 15:58:56,8,14,10138,53405
2023-07-26 15:58:57,4,14,10138,53405
2023-07-26 15:58:57,7,14,10138,53405
2023-07-26 15:58:57,7,15,10140,53407
2023-07-26 15:58:59,7,16,10142,53409
2023-07-26 15:58:59,8,16,10142,53409
2023-07-26 15:59:00,4,16,10142,53409
2023-07-26 15:59:00,9,16,10142,53409
2023-07-26 15:59:00,9,16,10147,53414
2023-07-26 15:59:01,11,16,10147,53414
2023-07-26 15:59:02,11,16,10152,53419
2023-07-26 15:59:03,10,16,10152,53419
2023-07-26 15:59:04,9,16,10152,53419
2023-07-26 15:59:05,4,16,10152,53419
2023-07-26 15:59:06,9,16,10152,53419
2023-07-26 15:59:12,10,16,10152,53419
2023-07-26 15:59:13,11,16,10152,53419
2023-07-26 15:59:15,10,16,10152,53419
2023-07-26 15:59:16,9,16,10152,53419
2023-07-26 15:59:19,10,16,10152,53419
2023-07-26 15:59:20,7,16,10199,53527
2023-07-26 15:59:21,6,16,10199,53527
2023-07-26 15:59:22,10,16,10199,53527
2023-07-26 15:59:26,11,16,10199,53527
2023-07-26 15:59:26,11,17,10199,53529
2023-07-26 15:59:27,12,17,10199,53529
2023-07-26 15:59:27,13,17,10199,53529
2023-07-26 15:59:27,14,17,10199,53529
2023-07-26 15:59:29,14,19,10201,53531
2023-07-26 15:59:29,14,18,10201,53531
2023-07-26 15:59:29,14,19,10202,53532
2023-07-26 15:59:29,14,18,10202,53532
2023-07-26 15:59:29,14,19,10206,53536
2023-07-26 15:59:31,14,20,10207,53537
2023-07-26 15:59:31,14,19,10207,53537
2023-07-26 15:59:31,14,20,10213,53543
2023-07-26 15:59:32,19,20,10213,53543
2023-07-26 15:59:32,19,31,10216,53546
2023-07-26 15:59:33,18,31,10216,53546
2023-07-26 15:59:33,26,31,10216,53546
2023-07-26 15:59:33,26,31,10216,53708
2023-07-26 15:59:33,26,31,10216,53787
2023-07-26 15:59:34,26,31,10216,53788
2023-07-26 15:59:34,26,31,10216,53789
2023-07-26 15:59:34,26,31,10216,53790
2023-07-26 15:59:34,26,31,10133,53990
2023-07-26 15:59:34,27,31,10133,53990
2023-07-26 15:59:34,27,31,10133,54060
2023-07-26 15:59:37,25,31,10133,54060
2023-07-26 15:59:38,18,31,10133,54060
2023-07-26 15:59:38,24,31,10133,54060
2023-07-26 15:59:39,20,31,10133,54060
2023-07-26 15:59:39,20,31,10138,54065
2023-07-26 15:59:40,23,31,10138,54065
2023-07-26 15:59:40,25,31,10138,54065
2023-07-26 15:59:41,25,31,10034,54169
2023-07-26 15:59:42,26,31,10034,54169
2023-07-26 15:59:43,26,31,10034,54369
2023-07-26 15:59:43,29,31,10034,54369
2023-07-26 15:59:45,25,29,10034,54414
2023-07-26 15:59:46,25,31,10034,54414
2023-07-26 15:59:46,21,22,10031,54417
2023-07-26 15:59:46,9,22,10028,54620
2023-07-26 15:59:46,9,21,10028,54620
2023-07-26 15:59:46,9,20,10028,54620
2023-07-26 15:59:46,9,21,10028,54620
2023-07-26 15:59:46,9,19,10028,54620
2023-07-26 15:59:46,9,22,10028,54620
2023-07-26 15:59:46,9,20,10028,54620
2023-07-26 15:59:46,9,22,10028,54620
2023-07-26 15:59:47,13,21,10028,54620
2023-07-26 15:59:47,15,21,10028,54620
2023-07-26 15:59:47,15,31,10028,54620
2023-07-26 15:59:48,15,31,10028,54820
2023-07-26 15:59:48,23,31,10028,54820
2023-07-26 15:59:48,29,31,10028,55020
2023-07-26 15:59:49,29,31,10028,55220
2023-07-26 15:59:49,21,31,10028,55220
2023-07-26 15:59:49,26,31,10028,55220
2023-07-26 15:59:49,29,31,10028,55220
2023-07-26 15:59:51,29,31,10028,55320
2023-07-26 15:59:51,9,15,10028,55365
2023-07-26 15:59:51,9,15,10028,55410
2023-07-26 15:59:51,14,15,10028,55410
2023-07-26 15:59:52,14,28,10028,55410
2023-07-26 15:59:52,14,31,10028,55410
2023-07-26 15:59:52,14,22,10028,55410
2023-07-26 15:59:52,9,22,10028,55410
2023-07-26 15:59:53,18,31,10028,55410
2023-07-26 15:59:53,21,31,10028,55410
2023-07-26 15:59:53,26,31,10028,55410
2023-07-26 15:59:53,29,31,10028,55410
2023-07-26 15:59:54,30,31,10028,55410
2023-07-26 15:59:55,30,31,10028,55411
2023-07-26 15:59:55,30,31,10028,55412
2023-07-26 15:59:55,30,31,10028,55413
2023-07-26 15:59:56,41,46,10029,55417
2023-07-26 15:59:56,41,68,10029,55417
2023-07-26 15:59:56,45,68,10029,55417
2023-07-26 15:59:56,66,68,10029,55417
2023-07-26 15:59:57,28,56,10029,55462
2023-07-26 15:59:57,49,56,10029,55462
2023-07-26 15:59:57,48,56,10029,55462
2023-07-26 15:59:58,48,68,10029,55462
2023-07-26 15:59:58,48,90,10029,55462
2023-07-26 15:59:58,48,51,10029,55462
2023-07-26 15:59:58,33,51,10029,55462
2023-07-26 15:59:59,33,64,10029,55462
2023-07-26 15:59:59,33,68,10029,55462
2023-07-26 15:59:59,41,68,10029,55462
2023-07-26 15:59:59,48,68,10029,55462
2023-07-26 15:59:59,41,68,10029,55462
2023-07-26 15:59:59,53,68,10029,55462
2023-07-26 15:59:59,66,68,10029,55462
