datetime,bid,ask,open_interest,volume
2023-10-31 09:31:00,12,22,1,1
2023-10-31 09:31:00,12,16,1,1
2023-10-31 09:31:00,12,14,1,1
2023-10-31 09:31:22,13,14,1,1
2023-10-31 09:31:24,13,16,1,1
2023-10-31 09:31:24,13,15,1,1
2023-10-31 09:31:32,12,15,1,1
2023-10-31 09:31:33,12,14,1,1
2023-10-31 09:31:44,11,14,1,1
2023-10-31 09:31:46,12,14,1,1
2023-10-31 09:32:01,12,15,1,1
2023-10-31 09:32:11,12,15,1,1
2023-10-31 09:32:39,12,16,1,1
2023-10-31 09:32:39,12,15,1,1
2023-10-31 09:32:41,12,16,1,1
2023-10-31 09:32:44,12,15,1,1
2023-10-31 09:32:53,12,16,1,1
2023-10-31 09:32:57,14,16,1,1
2023-10-31 09:33:26,14,15,1,1
2023-10-31 09:33:27,14,16,1,1
2023-10-31 09:33:33,14,15,1,1
2023-10-31 09:33:39,14,16,1,1
2023-10-31 09:34:34,15,16,1,1
2023-10-31 09:34:41,15,17,1,1
2023-10-31 09:35:06,16,17,1,1
2023-10-31 09:35:21,16,18,1,1
2023-10-31 09:35:35,17,18,1,1
2023-10-31 09:35:40,17,19,1,1
2023-10-31 09:35:41,17,19,181,181
2023-10-31 09:36:01,18,19,181,181
2023-10-31 09:36:17,18,20,181,181
2023-10-31 09:36:46,19,20,181,181
2023-10-31 09:36:59,19,21,220,221
2023-10-31 09:37:14,20,21,220,221
2023-10-31 09:37:32,20,22,220,221
2023-10-31 09:37:34,21,22,220,221
2023-10-31 09:38:07,21,22,337,338
2023-10-31 09:38:09,21,22,541,542
2023-10-31 09:38:10,21,22,620,621
2023-10-31 09:38:15,20,22,620,621
2023-10-31 09:38:18,20,22,667,668
2023-10-31 09:38:33,20,22,719,720
2023-10-31 09:38:48,20,21,719,720
2023-10-31 09:38:49,20,22,719,720
2023-10-31 09:38:51,20,21,719,720
2023-10-31 09:38:55,20,22,719,720
2023-10-31 09:38:59,20,21,719,720
2023-10-31 09:39:00,20,22,719,720
2023-10-31 09:39:01,20,21,719,720
2023-10-31 09:39:06,20,22,719,720
2023-10-31 09:39:13,20,21,719,720
2023-10-31 09:39:14,20,22,719,720
2023-10-31 09:39:37,20,21,719,720
2023-10-31 09:39:51,19,21,719,720
2023-10-31 09:39:51,19,20,719,720
2023-10-31 09:39:52,19,21,719,720
2023-10-31 09:39:52,19,20,719,720
2023-10-31 09:40:04,19,21,719,720
2023-10-31 09:40:08,19,20,719,720
2023-10-31 09:40:09,19,21,719,720
2023-10-31 09:40:23,20,21,719,720
2023-10-31 09:40:24,19,21,719,720
2023-10-31 09:40:25,20,21,719,720
2023-10-31 09:40:26,19,21,719,720
2023-10-31 09:40:27,20,21,719,720
2023-10-31 09:40:29,19,21,719,720
2023-10-31 09:40:52,19,22,719,720
2023-10-31 09:40:52,20,22,719,720
2023-10-31 09:40:54,20,21,719,720
2023-10-31 09:40:55,20,22,719,720
2023-10-31 09:40:56,20,21,719,720
2023-10-31 09:41:00,20,22,719,720
2023-10-31 09:41:00,20,21,719,720
2023-10-31 09:41:03,20,22,719,720
2023-10-31 09:41:04,20,21,719,720
2023-10-31 09:41:11,20,22,719,720
2023-10-31 09:41:44,20,21,719,720
2023-10-31 09:41:52,19,21,719,720
2023-10-31 09:42:13,20,21,719,720
2023-10-31 09:42:13,19,21,719,720
2023-10-31 09:42:14,19,22,719,720
2023-10-31 09:42:14,20,22,719,720
2023-10-31 09:42:16,20,21,719,720
2023-10-31 09:42:16,20,22,719,720
2023-10-31 09:42:27,20,21,719,720
2023-10-31 09:42:29,20,22,719,720
2023-10-31 09:42:30,20,21,719,720
2023-10-31 09:42:32,20,22,719,720
2023-10-31 09:42:43,20,21,719,720
2023-10-31 09:42:46,20,22,719,720
2023-10-31 09:42:50,20,21,719,720
2023-10-31 09:42:51,20,22,719,720
2023-10-31 09:42:55,20,21,719,720
2023-10-31 09:42:56,20,22,719,720
2023-10-31 09:43:07,20,21,719,720
2023-10-31 09:43:14,19,21,719,720
2023-10-31 09:43:15,20,21,719,720
2023-10-31 09:44:15,20,22,719,720
2023-10-31 09:45:17,20,21,719,720
2023-10-31 09:45:27,19,21,719,720
2023-10-31 09:45:27,19,20,719,720
2023-10-31 09:45:28,19,21,719,720
2023-10-31 09:45:31,19,20,719,720
2023-10-31 09:45:35,18,20,1119,1160
2023-10-31 09:45:56,19,20,1119,1160
2023-10-31 09:45:57,18,20,1119,1160
2023-10-31 09:46:29,19,20,1119,1160
2023-10-31 09:46:50,18,20,1139,1180
2023-10-31 09:47:02,19,20,1139,1180
2023-10-31 09:47:03,18,20,1139,1180
2023-10-31 09:47:29,19,20,1139,1180
2023-10-31 09:47:30,19,20,1139,1190
2023-10-31 09:47:31,19,20,1139,1440
2023-10-31 09:47:38,18,20,1139,1440
2023-10-31 09:47:40,19,20,1139,1440
2023-10-31 09:47:42,19,20,1249,1690
2023-10-31 09:47:43,19,20,1627,2068
2023-10-31 09:47:43,18,20,1627,2068
2023-10-31 09:48:00,19,20,1627,2068
2023-10-31 09:48:09,19,20,1877,2318
2023-10-31 09:48:16,19,20,2127,2568
2023-10-31 09:48:17,19,20,2377,2818
2023-10-31 09:48:21,19,20,2387,2828
2023-10-31 09:48:21,20,22,2517,2958
2023-10-31 09:48:25,19,22,2517,2958
2023-10-31 09:48:26,19,21,2517,2958
2023-10-31 09:49:01,20,21,2517,2958
2023-10-31 09:49:51,19,21,2527,2968
2023-10-31 09:49:57,19,20,2527,2968
2023-10-31 09:49:57,18,20,2527,2968
2023-10-31 09:50:02,19,20,2527,2968
2023-10-31 09:50:13,19,21,2527,2968
2023-10-31 09:50:50,20,21,2527,2968
2023-10-31 09:50:51,20,22,2527,2968
2023-10-31 09:50:57,20,21,2527,2968
2023-10-31 09:51:03,19,21,2597,3038
2023-10-31 09:51:21,20,21,2597,3038
2023-10-31 09:51:21,20,22,2597,3038
2023-10-31 09:51:36,20,21,2597,3038
2023-10-31 09:51:48,20,22,2597,3038
2023-10-31 09:51:48,20,21,2597,3038
2023-10-31 09:51:49,20,22,2597,3038
2023-10-31 09:51:52,19,22,2797,3238
2023-10-31 09:51:52,20,22,2797,3238
2023-10-31 09:52:05,21,22,2797,3238
2023-10-31 09:52:06,20,22,2797,3238
2023-10-31 09:52:07,21,22,2797,3238
2023-10-31 09:52:17,21,22,2807,3248
2023-10-31 09:52:21,21,22,2827,3268
2023-10-31 09:52:21,22,23,2828,3269
2023-10-31 09:52:36,22,23,2828,3519
2023-10-31 09:52:38,23,24,2478,3869
2023-10-31 09:54:03,22,24,2478,3869
2023-10-31 09:54:17,23,24,2478,3869
2023-10-31 09:54:33,22,24,2478,3869
2023-10-31 09:54:36,22,23,2478,3869
2023-10-31 09:54:36,21,23,2478,3869
2023-10-31 09:54:40,21,22,2478,3869
2023-10-31 09:55:03,21,23,2478,3869
2023-10-31 09:55:16,22,23,2478,3869
2023-10-31 09:55:18,21,23,2478,3869
2023-10-31 09:56:01,22,23,2478,3869
2023-10-31 09:56:55,21,23,2478,3869
2023-10-31 09:56:56,21,22,2478,3869
2023-10-31 09:57:20,21,23,2478,3869
2023-10-31 09:57:20,21,22,2478,3869
2023-10-31 09:57:25,21,23,2478,3869
2023-10-31 09:57:47,21,22,2478,3869
2023-10-31 10:00:01,21,22,2478,3889
2023-10-31 10:00:23,21,22,2478,3939
2023-10-31 10:00:23,21,22,2478,3989
2023-10-31 10:00:23,21,22,2478,4039
2023-10-31 10:00:24,21,22,2478,4089
2023-10-31 10:00:24,21,22,2478,4139
2023-10-31 10:00:24,21,22,2498,4189
2023-10-31 10:00:24,21,22,2548,4239
2023-10-31 10:00:25,21,22,2598,4289
2023-10-31 10:00:25,21,22,2648,4339
2023-10-31 10:00:25,21,22,2698,4389
2023-10-31 10:00:26,21,22,2748,4439
2023-10-31 10:00:27,21,22,2798,4489
2023-10-31 10:00:27,21,22,2848,4539
2023-10-31 10:00:27,21,22,2898,4589
2023-10-31 10:00:27,21,22,3006,4697
2023-10-31 10:00:27,20,22,3028,4719
2023-10-31 10:00:28,20,21,3028,4719
2023-10-31 10:00:38,20,22,3171,4862
2023-10-31 10:00:38,20,21,3171,4862
2023-10-31 10:00:40,20,22,3343,5034
2023-10-31 10:00:41,20,21,3343,5034
2023-10-31 10:00:42,20,22,3549,5240
2023-10-31 10:00:44,20,22,3559,5250
2023-10-31 10:00:45,20,23,3559,5250
2023-10-31 10:00:46,20,22,3559,5250
2023-10-31 10:01:02,20,23,3559,5250
2023-10-31 10:01:03,21,23,3559,5250
2023-10-31 10:01:06,22,23,3559,5250
2023-10-31 10:01:23,20,23,3559,5250
2023-10-31 10:01:23,21,23,3559,5250
2023-10-31 10:01:23,21,22,3559,5250
2023-10-31 10:01:33,21,23,3559,5250
2023-10-31 10:01:33,20,23,3559,5250
2023-10-31 10:01:33,21,23,3559,5250
2023-10-31 10:01:33,21,22,3559,5250
2023-10-31 10:01:41,22,23,3539,5270
2023-10-31 10:01:41,22,23,3539,5280
2023-10-31 10:02:17,21,23,3539,5280
2023-10-31 10:02:19,20,23,3539,5280
2023-10-31 10:02:19,22,23,3539,5280
2023-10-31 10:02:19,20,23,3549,5290
2023-10-31 10:02:20,20,22,3549,5290
2023-10-31 10:02:23,20,23,3549,5290
2023-10-31 10:02:26,21,23,3549,5290
2023-10-31 10:02:45,22,23,3549,5290
2023-10-31 10:02:45,22,23,3549,5310
2023-10-31 10:03:28,21,23,3549,5360
2023-10-31 10:03:29,20,23,3549,5360
2023-10-31 10:03:31,20,22,3549,5360
2023-10-31 10:03:32,21,22,3549,5360
2023-10-31 10:04:04,21,23,3549,5360
2023-10-31 10:04:04,22,23,3549,5360
2023-10-31 10:04:11,22,23,3549,5380
2023-10-31 10:04:13,22,23,3549,5390
2023-10-31 10:05:05,21,23,3549,5390
2023-10-31 10:05:06,22,23,3549,5390
2023-10-31 10:05:12,21,23,3549,5390
2023-10-31 10:05:14,22,23,3549,5390
2023-10-31 10:05:47,22,23,3549,5440
2023-10-31 10:05:54,22,23,3549,5690
2023-10-31 10:05:55,22,24,3549,5760
2023-10-31 10:05:56,23,24,3549,5760
2023-10-31 10:05:56,23,24,3549,5810
2023-10-31 10:06:26,22,24,3549,5810
2023-10-31 10:06:26,23,24,3549,5810
2023-10-31 10:06:32,22,24,3549,5810
2023-10-31 10:06:40,21,24,3549,5810
2023-10-31 10:06:41,22,24,3549,5810
2023-10-31 10:06:41,21,24,3549,5810
2023-10-31 10:06:41,22,24,3549,5810
2023-10-31 10:06:48,23,24,3549,5810
2023-10-31 10:06:59,21,24,3549,5820
2023-10-31 10:07:02,21,23,3549,5820
2023-10-31 10:07:06,20,23,3549,5820
2023-10-31 10:07:06,21,23,3549,5820
2023-10-31 10:07:06,21,22,3549,5820
2023-10-31 10:07:08,20,22,3549,5820
2023-10-31 10:07:08,21,22,3549,5820
2023-10-31 10:07:09,20,22,3549,5820
2023-10-31 10:07:10,20,21,3549,5820
2023-10-31 10:07:19,19,21,4429,6700
2023-10-31 10:07:22,19,20,4429,6700
2023-10-31 10:07:31,19,20,4529,6800
2023-10-31 10:07:36,19,20,4544,6815
2023-10-31 10:07:37,18,20,4639,6910
2023-10-31 10:07:44,18,19,4639,6910
2023-10-31 10:07:47,18,19,4657,6928
2023-10-31 10:07:49,17,19,4657,6928
2023-10-31 10:07:55,17,18,4657,6928
2023-10-31 10:08:01,17,20,4657,6928
2023-10-31 10:08:01,18,20,4657,6928
2023-10-31 10:08:01,18,19,4657,6928
2023-10-31 10:08:04,18,20,4657,6928
2023-10-31 10:08:05,18,20,4657,6938
2023-10-31 10:08:10,18,19,4657,6938
2023-10-31 10:08:12,18,21,4657,6938
2023-10-31 10:08:12,18,20,4657,6938
2023-10-31 10:08:21,18,19,4657,6938
2023-10-31 10:08:36,17,19,4657,6938
2023-10-31 10:08:36,18,19,4657,6938
2023-10-31 10:09:36,17,19,4657,6938
2023-10-31 10:09:36,17,18,4657,6938
2023-10-31 10:09:37,18,19,4657,6946
2023-10-31 10:10:03,16,19,4657,7008
2023-10-31 10:10:03,16,18,4657,7008
2023-10-31 10:10:06,17,18,4657,7008
2023-10-31 10:10:09,15,18,4657,7008
2023-10-31 10:10:10,15,17,4657,7008
2023-10-31 10:10:10,16,17,4657,7008
2023-10-31 10:10:10,15,17,4707,7058
2023-10-31 10:10:13,15,16,4707,7058
2023-10-31 10:10:15,15,16,4727,7078
2023-10-31 10:10:38,15,16,4807,7158
2023-10-31 10:10:40,15,16,4817,7168
2023-10-31 10:10:43,15,16,4828,7179
2023-10-31 10:10:44,15,16,4845,7196
2023-10-31 10:10:46,15,16,4857,7208
2023-10-31 10:11:08,14,16,4857,7408
2023-10-31 10:11:08,14,15,4857,7408
2023-10-31 10:11:27,15,16,5079,7640
2023-10-31 10:11:33,14,16,5079,7658
2023-10-31 10:11:33,14,15,5079,7658
2023-10-31 10:11:42,13,15,5079,7658
2023-10-31 10:11:43,13,14,5079,7658
2023-10-31 10:11:47,12,14,5079,7658
2023-10-31 10:11:48,12,13,5079,7658
2023-10-31 10:11:52,12,13,5109,7688
2023-10-31 10:11:54,12,13,5127,7706
2023-10-31 10:12:18,12,14,5127,7706
2023-10-31 10:12:18,12,15,5127,7706
2023-10-31 10:12:18,13,15,5127,7706
2023-10-31 10:12:19,13,14,5127,7706
2023-10-31 10:12:33,12,14,5127,7706
2023-10-31 10:12:33,12,13,5127,7706
2023-10-31 10:12:54,12,15,5127,7866
2023-10-31 10:12:55,12,14,5127,7866
2023-10-31 10:12:58,12,15,5127,7866
2023-10-31 10:12:58,12,14,5127,7866
2023-10-31 10:12:59,13,14,5127,7866
2023-10-31 10:13:21,14,15,5007,8192
2023-10-31 10:13:28,14,15,4757,8442
2023-10-31 10:13:39,13,15,4715,8484
2023-10-31 10:13:40,13,14,4715,8484
2023-10-31 10:14:25,13,15,4715,8484
2023-10-31 10:14:25,14,15,4715,8484
2023-10-31 10:15:06,15,16,4515,9411
2023-10-31 10:15:08,15,16,4265,9661
2023-10-31 10:15:23,15,16,4015,9911
2023-10-31 10:15:26,15,16,3995,9931
2023-10-31 10:15:29,15,16,3745,10181
2023-10-31 10:15:30,15,16,3745,10200
2023-10-31 10:15:50,15,16,3745,10218
2023-10-31 10:15:56,15,16,3745,10268
2023-10-31 10:15:58,15,16,3745,10318
2023-10-31 10:15:58,15,16,3745,10368
2023-10-31 10:15:58,15,16,3745,10418
2023-10-31 10:15:59,14,16,3595,10578
2023-10-31 10:15:59,14,15,3595,10578
2023-10-31 10:16:00,14,15,3595,10595
2023-10-31 10:16:02,14,15,3595,10605
2023-10-31 10:16:04,14,15,3595,10624
2023-10-31 10:16:05,14,15,3595,10638
2023-10-31 10:16:37,13,15,3595,10638
2023-10-31 10:16:37,13,14,3595,10638
2023-10-31 10:16:42,12,14,3755,11154
2023-10-31 10:16:48,12,13,3755,11154
2023-10-31 10:17:49,12,13,3771,11170
2023-10-31 10:18:09,11,13,4137,11536
2023-10-31 10:18:12,11,12,4137,11536
2023-10-31 10:18:12,11,13,4137,11536
2023-10-31 10:18:12,11,12,4137,11536
2023-10-31 10:18:13,11,13,4137,11536
2023-10-31 10:18:21,12,13,4137,11536
2023-10-31 10:18:30,12,14,4137,11536
2023-10-31 10:18:30,13,14,4137,11536
2023-10-31 10:18:40,12,14,4297,11696
2023-10-31 10:18:40,12,13,4297,11696
2023-10-31 10:18:44,12,14,4297,11696
2023-10-31 10:18:56,13,14,4297,11696
2023-10-31 10:19:03,13,15,4297,11696
2023-10-31 10:19:04,14,15,4297,11696
2023-10-31 10:19:19,13,15,4397,11796
2023-10-31 10:19:59,13,14,4397,11796
2023-10-31 10:20:01,12,14,4897,12296
2023-10-31 10:20:02,13,14,4897,12296
2023-10-31 10:20:03,12,14,4897,12296
2023-10-31 10:20:05,12,14,4917,12316
2023-10-31 10:20:07,13,14,4917,12316
2023-10-31 10:20:07,13,14,4917,12336
2023-10-31 10:20:08,12,14,4917,12336
2023-10-31 10:20:09,13,14,4917,12336
2023-10-31 10:20:18,12,14,4917,12336
2023-10-31 10:20:19,13,14,4917,12336
2023-10-31 10:20:20,12,14,4917,12336
2023-10-31 10:20:21,12,13,4917,12336
2023-10-31 10:20:32,12,13,4917,12376
2023-10-31 10:21:09,11,12,4741,12802
2023-10-31 10:21:09,11,12,4741,13402
2023-10-31 10:21:10,11,13,4741,13402
2023-10-31 10:21:13,11,13,4741,13602
2023-10-31 10:21:13,12,13,4741,13602
2023-10-31 10:21:24,11,12,4581,13762
2023-10-31 10:21:24,10,12,4581,13762
2023-10-31 10:21:24,11,12,4581,13762
2023-10-31 10:21:33,11,12,4581,13862
2023-10-31 10:21:37,10,12,4581,13862
2023-10-31 10:21:37,11,12,4581,13862
2023-10-31 10:22:19,10,12,4581,13862
2023-10-31 10:22:19,10,11,4581,13862
2023-10-31 10:22:23,10,11,4582,13863
2023-10-31 10:22:23,10,11,4582,14113
2023-10-31 10:22:26,10,11,4582,14363
2023-10-31 10:22:27,10,11,4582,14613
2023-10-31 10:22:28,10,12,4582,14613
2023-10-31 10:22:28,11,12,4582,14613
2023-10-31 10:22:34,11,12,4582,14753
2023-10-31 10:22:39,10,12,4582,14753
2023-10-31 10:22:39,11,12,4582,14753
2023-10-31 10:23:09,10,12,4582,14753
2023-10-31 10:23:09,11,12,4582,14753
2023-10-31 10:23:22,11,12,4382,14953
2023-10-31 10:23:22,10,12,4382,14953
2023-10-31 10:23:22,9,12,4382,14953
2023-10-31 10:23:22,10,12,4382,14953
2023-10-31 10:23:22,10,11,4382,14953
2023-10-31 10:23:22,11,12,4382,14963
2023-10-31 10:23:43,11,12,4399,14980
2023-10-31 10:23:43,9,11,4452,15033
2023-10-31 10:23:43,10,11,4452,15033
2023-10-31 10:23:58,10,12,4469,15053
2023-10-31 10:23:59,11,12,4469,15053
2023-10-31 10:24:01,11,13,4469,15053
2023-10-31 10:24:08,11,12,4469,15053
2023-10-31 10:24:09,11,13,4469,15053
2023-10-31 10:24:09,12,13,4469,15053
2023-10-31 10:24:10,12,13,4529,15113
2023-10-31 10:24:15,11,13,4589,15173
2023-10-31 10:24:35,11,12,4589,15173
2023-10-31 10:24:35,10,12,4589,15173
2023-10-31 10:24:35,11,12,4589,15173
2023-10-31 10:24:43,11,13,4589,15173
2023-10-31 10:24:44,11,12,4589,15173
2023-10-31 10:24:47,11,13,4589,15173
2023-10-31 10:24:48,11,12,4589,15173
2023-10-31 10:24:49,11,13,4589,15173
2023-10-31 10:25:10,12,13,4589,15173
2023-10-31 10:26:22,12,13,4680,15423
2023-10-31 10:26:25,12,13,4930,15673
2023-10-31 10:27:11,11,13,4930,15673
2023-10-31 10:27:11,12,13,4930,15673
2023-10-31 10:27:31,11,13,5130,15873
2023-10-31 10:27:45,12,13,5130,15873
2023-10-31 10:27:54,12,13,5380,16123
2023-10-31 10:28:12,12,13,5540,16283
2023-10-31 10:28:13,12,13,5540,16573
2023-10-31 10:28:13,12,14,5631,16664
2023-10-31 10:28:16,13,14,5631,16664
2023-10-31 10:28:19,13,14,5631,16794
2023-10-31 10:28:21,13,14,5631,16854
2023-10-31 10:28:23,12,14,5631,16867
2023-10-31 10:28:23,13,14,5631,16867
2023-10-31 10:28:25,13,14,5631,16873
2023-10-31 10:28:27,13,14,5631,16892
2023-10-31 10:28:28,13,14,5631,16911
2023-10-31 10:28:30,13,14,5631,16925
2023-10-31 10:28:32,13,14,5631,16938
2023-10-31 10:28:32,12,14,5631,16938
2023-10-31 10:28:51,11,14,5631,16938
2023-10-31 10:28:54,12,14,5631,16938
2023-10-31 10:28:54,12,13,5631,16938
2023-10-31 10:29:10,12,13,5641,16948
2023-10-31 10:29:10,11,12,5771,17078
2023-10-31 10:29:33,10,12,5771,17078
2023-10-31 10:29:35,11,12,5771,17078
2023-10-31 10:29:41,11,12,5784,17091
2023-10-31 10:30:35,10,12,5784,17091
2023-10-31 10:30:36,11,12,5784,17091
2023-10-31 10:30:43,11,12,5796,17103
2023-10-31 10:31:07,10,12,5796,17103
2023-10-31 10:31:07,10,11,5796,17103
2023-10-31 10:31:17,10,12,5796,17163
2023-10-31 10:31:17,11,12,5796,17163
2023-10-31 10:31:26,11,13,5806,17253
2023-10-31 10:31:27,11,13,5824,17271
2023-10-31 10:31:28,11,14,5824,17271
2023-10-31 10:31:28,12,14,5824,17271
2023-10-31 10:31:28,12,13,5824,17271
2023-10-31 10:31:30,12,13,5838,17285
2023-10-31 10:31:32,12,13,5852,17299
2023-10-31 10:31:40,12,13,5871,17318
2023-10-31 10:31:41,12,13,5886,17333
2023-10-31 10:31:48,12,13,5901,17348
2023-10-31 10:31:50,12,13,5914,17361
2023-10-31 10:31:52,12,13,5924,17371
2023-10-31 10:31:58,12,14,5924,17471
2023-10-31 10:32:19,13,14,5924,17471
2023-10-31 10:32:21,13,14,5944,17491
2023-10-31 10:32:23,13,14,5946,17493
2023-10-31 10:32:24,13,14,5958,17505
2023-10-31 10:32:27,13,14,5972,17519
2023-10-31 10:32:35,13,14,5984,17531
2023-10-31 10:32:54,13,14,5995,17542
2023-10-31 10:32:56,13,14,6001,17548
2023-10-31 10:32:57,13,14,6008,17555
2023-10-31 10:33:06,12,14,6084,17631
2023-10-31 10:33:06,12,13,6084,17631
2023-10-31 10:33:10,11,13,6084,17631
2023-10-31 10:33:10,12,13,6084,17631
2023-10-31 10:33:21,12,13,6099,17646
2023-10-31 10:33:23,12,13,6111,17658
2023-10-31 10:33:24,12,13,6130,17677
2023-10-31 10:33:26,12,13,6140,17687
2023-10-31 10:33:28,12,13,6156,17703
2023-10-31 10:33:30,12,13,6172,17719
2023-10-31 10:33:31,12,13,6187,17734
2023-10-31 10:33:33,12,13,6204,17751
2023-10-31 10:33:41,12,14,6204,17851
2023-10-31 10:33:45,12,14,6217,17864
2023-10-31 10:33:52,12,14,6231,17878
2023-10-31 10:33:53,12,14,6243,17890
2023-10-31 10:34:05,13,14,6243,17890
2023-10-31 10:34:33,13,14,6259,17906
2023-10-31 10:34:34,13,14,6269,17916
2023-10-31 10:34:54,13,14,6283,17930
2023-10-31 10:34:56,13,14,6298,17945
2023-10-31 10:34:57,13,14,6317,17964
2023-10-31 10:34:59,13,14,6331,17978
2023-10-31 10:35:00,13,14,6350,17997
2023-10-31 10:35:02,13,14,6600,18247
2023-10-31 10:35:05,13,14,6760,18407
2023-10-31 10:35:09,13,14,7010,18657
2023-10-31 10:35:14,13,14,7260,18907
2023-10-31 10:35:19,13,15,7350,18997
2023-10-31 10:35:43,14,15,7350,18997
2023-10-31 10:35:43,14,15,7350,19117
2023-10-31 10:35:43,13,15,7350,19117
2023-10-31 10:35:46,14,15,7350,19117
2023-10-31 10:35:46,14,15,7550,19367
2023-10-31 10:35:50,14,16,7550,19377
2023-10-31 10:36:02,13,16,7550,19377
2023-10-31 10:36:03,13,15,7550,19377
2023-10-31 10:36:06,14,15,7550,19377
2023-10-31 10:36:19,14,16,7550,19497
2023-10-31 10:36:35,14,15,7550,19497
2023-10-31 10:36:49,14,16,7550,19497
2023-10-31 10:36:54,15,16,7550,19497
2023-10-31 10:36:55,15,16,7570,19517
2023-10-31 10:37:03,15,16,7771,19767
2023-10-31 10:37:11,15,18,7771,19818
2023-10-31 10:37:11,15,17,7771,19818
2023-10-31 10:37:25,14,17,7871,19918
2023-10-31 10:37:25,15,17,7871,19918
2023-10-31 10:37:38,16,17,7871,19918
2023-10-31 10:37:38,16,18,7871,19918
2023-10-31 10:37:39,16,17,7871,19918
2023-10-31 10:37:39,16,18,7871,19938
2023-10-31 10:37:40,16,18,7911,19978
2023-10-31 10:37:40,16,17,7911,19978
2023-10-31 10:37:42,16,19,7911,20018
2023-10-31 10:37:42,16,18,7911,20018
2023-10-31 10:37:42,16,17,7911,20018
2023-10-31 10:37:46,16,19,7911,20078
2023-10-31 10:37:46,16,18,7911,20078
2023-10-31 10:37:46,16,17,7911,20078
2023-10-31 10:37:48,16,19,7911,20118
2023-10-31 10:37:49,16,18,7911,20118
2023-10-31 10:37:59,16,19,7911,20118
2023-10-31 10:38:03,17,19,7911,20118
2023-10-31 10:38:03,17,18,7911,20118
2023-10-31 10:38:06,17,19,7911,20138
2023-10-31 10:38:27,17,18,7911,20138
2023-10-31 10:38:28,17,19,8126,20353
2023-10-31 10:38:34,17,18,8126,20353
2023-10-31 10:38:42,17,18,8145,20372
2023-10-31 10:38:47,17,19,8145,20372
2023-10-31 10:39:00,17,20,8375,20602
2023-10-31 10:39:01,17,19,8375,20602
2023-10-31 10:39:19,17,20,8375,20722
2023-10-31 10:39:53,17,19,8375,20722
2023-10-31 10:40:03,17,20,8568,20915
2023-10-31 10:40:04,18,20,8568,20915
2023-10-31 10:40:04,18,19,8568,20915
2023-10-31 10:40:05,18,19,8568,20933
2023-10-31 10:40:06,17,19,8588,20953
2023-10-31 10:40:09,18,19,8588,20953
2023-10-31 10:40:09,17,19,8588,21105
2023-10-31 10:40:15,18,19,8588,21105
2023-10-31 10:40:19,18,20,8588,21145
2023-10-31 10:40:21,18,21,8588,21145
2023-10-31 10:40:21,18,20,8588,21145
2023-10-31 10:40:22,18,21,8588,21145
2023-10-31 10:40:22,18,20,8588,21145
2023-10-31 10:41:14,18,19,8588,21145
2023-10-31 10:41:23,17,19,8588,21145
2023-10-31 10:41:27,16,17,8668,21225
2023-10-31 10:41:30,16,17,8918,21475
2023-10-31 10:41:32,16,17,9168,21725
2023-10-31 10:41:34,16,19,9366,21923
2023-10-31 10:41:34,17,19,9366,21923
2023-10-31 10:41:52,16,19,9366,21923
2023-10-31 10:41:56,16,18,9366,21923
2023-10-31 10:42:16,16,17,9366,21923
2023-10-31 10:42:19,15,17,9366,21923
2023-10-31 10:42:23,15,16,9366,21923
2023-10-31 10:42:24,15,17,9366,21923
2023-10-31 10:42:25,15,16,9366,21923
2023-10-31 10:42:29,13,16,9366,21923
2023-10-31 10:42:29,14,16,9366,21923
2023-10-31 10:42:30,13,16,9366,21923
2023-10-31 10:42:30,13,15,9366,21923
2023-10-31 10:42:55,12,13,9446,22003
2023-10-31 10:43:57,11,13,9446,22003
2023-10-31 10:43:57,12,13,9446,22003
2023-10-31 10:44:32,11,13,9446,22003
2023-10-31 10:44:32,10,13,9446,22003
2023-10-31 10:44:32,10,12,9446,22003
2023-10-31 10:44:38,10,11,9446,22003
2023-10-31 10:44:46,10,11,9386,22063
2023-10-31 10:45:25,10,11,9136,22313
2023-10-31 10:45:29,10,11,8886,22563
2023-10-31 10:45:31,10,11,8636,22813
2023-10-31 10:45:34,9,11,8446,23003
2023-10-31 10:45:35,9,10,8446,23003
2023-10-31 10:46:39,9,12,8446,23003
2023-10-31 10:46:39,9,11,8446,23003
2023-10-31 10:46:40,10,11,8446,23003
2023-10-31 10:46:54,9,11,8446,23003
2023-10-31 10:47:04,10,11,8446,23003
2023-10-31 10:47:09,10,12,8446,23003
2023-10-31 10:47:25,10,11,8446,23003
2023-10-31 10:47:38,10,12,8446,23003
2023-10-31 10:47:40,10,11,8446,23003
2023-10-31 10:47:42,10,12,8446,23003
2023-10-31 10:47:46,10,11,8446,23003
2023-10-31 10:47:47,10,12,8446,23003
2023-10-31 10:47:56,10,11,8446,23003
2023-10-31 10:48:04,10,12,8446,23003
2023-10-31 10:48:07,9,12,8446,23003
2023-10-31 10:48:07,10,12,8446,23003
2023-10-31 10:48:08,10,11,8446,23003
2023-10-31 10:48:08,10,12,8446,23003
2023-10-31 10:48:09,10,11,8446,23003
2023-10-31 10:48:11,10,12,8446,23003
2023-10-31 10:48:21,10,11,8446,23003
2023-10-31 10:48:29,10,12,8446,23003
2023-10-31 10:48:31,10,11,8446,23003
2023-10-31 10:48:42,9,11,8446,23003
2023-10-31 10:49:02,11,12,8306,23286
2023-10-31 10:49:24,11,12,8266,23529
2023-10-31 10:49:29,11,13,8166,23814
2023-10-31 10:49:35,13,14,7986,24665
2023-10-31 10:49:39,12,14,7878,24773
2023-10-31 10:49:40,12,13,7878,24773
2023-10-31 10:49:51,12,14,7878,24943
2023-10-31 10:49:51,12,13,7878,24943
2023-10-31 10:49:55,12,14,7878,25235
2023-10-31 10:49:55,12,13,7878,25235
2023-10-31 10:50:00,13,14,7878,25444
2023-10-31 10:50:02,13,14,7628,25694
2023-10-31 10:50:03,13,14,7378,25944
2023-10-31 10:50:07,12,14,7333,25989
2023-10-31 10:50:08,12,13,7333,25989
2023-10-31 10:50:15,11,13,7333,25989
2023-10-31 10:50:16,11,12,7333,25989
2023-10-31 10:51:09,11,12,7083,26239
2023-10-31 10:51:26,10,12,6833,26489
2023-10-31 10:51:36,10,11,6833,26489
2023-10-31 10:51:37,9,11,6833,26489
2023-10-31 10:51:40,10,11,6833,26489
2023-10-31 10:51:52,9,11,6833,26489
2023-10-31 10:51:56,10,11,6833,26489
2023-10-31 10:52:12,9,11,6833,26489
2023-10-31 10:52:26,10,11,6833,26489
2023-10-31 10:52:31,9,11,6833,26489
2023-10-31 10:52:34,9,10,6833,26489
2023-10-31 10:53:15,9,11,6833,26489
2023-10-31 10:53:15,9,10,6833,26489
2023-10-31 10:53:18,9,10,6833,26739
2023-10-31 10:53:20,9,10,6793,26779
2023-10-31 10:53:23,9,10,6543,27029
2023-10-31 10:53:33,9,10,6293,27279
2023-10-31 10:53:34,9,10,6043,27529
2023-10-31 10:53:37,9,10,5793,27779
2023-10-31 10:53:46,8,10,5633,27939
2023-10-31 10:53:54,8,9,5633,27939
2023-10-31 10:54:05,7,9,5633,27939
2023-10-31 10:54:07,8,9,5633,27939
2023-10-31 10:54:15,7,9,5633,27939
2023-10-31 10:54:22,7,8,5633,27939
2023-10-31 10:55:22,7,9,5633,27939
2023-10-31 10:55:23,7,8,5633,27939
2023-10-31 10:55:46,7,9,5633,27939
2023-10-31 10:55:47,8,9,5633,27939
2023-10-31 10:56:04,8,10,5633,27939
2023-10-31 10:56:07,9,10,5633,27939
2023-10-31 10:56:19,9,11,5633,27939
2023-10-31 10:56:19,9,10,5633,27939
2023-10-31 10:57:19,9,11,5633,27939
2023-10-31 10:57:20,9,10,5633,27939
2023-10-31 10:58:21,9,11,5633,27939
2023-10-31 10:58:21,9,10,5633,27939
2023-10-31 10:58:48,9,10,5633,27979
2023-10-31 10:58:48,8,10,5633,27979
2023-10-31 10:58:49,9,10,5633,27979
2023-10-31 10:58:54,9,10,5633,27999
2023-10-31 10:58:55,8,10,5633,27999
2023-10-31 10:58:57,8,9,5633,27999
2023-10-31 10:59:26,8,9,5633,28019
2023-10-31 10:59:49,7,9,5633,28019
2023-10-31 10:59:49,8,9,5633,28019
2023-10-31 10:59:49,7,9,5633,28019
2023-10-31 10:59:50,8,9,5633,28019
2023-10-31 10:59:52,7,9,5633,28019
2023-10-31 10:59:52,8,9,5633,28019
2023-10-31 10:59:53,8,10,5633,28019
2023-10-31 10:59:53,8,9,5633,28019
2023-10-31 11:00:35,7,9,5633,28019
2023-10-31 11:00:47,7,8,5633,28019
2023-10-31 11:00:49,7,9,5633,28019
2023-10-31 11:00:49,7,8,5633,28019
2023-10-31 11:00:54,7,8,5633,28031
2023-10-31 11:01:04,7,8,5633,28071
2023-10-31 11:01:15,7,8,5633,28096
2023-10-31 11:01:40,7,9,5633,28096
2023-10-31 11:01:41,7,8,5633,28096
2023-10-31 11:02:20,7,10,5633,28096
2023-10-31 11:02:20,7,9,5633,28096
2023-10-31 11:02:21,8,9,5633,28096
2023-10-31 11:03:09,8,10,5633,28096
2023-10-31 11:03:16,9,10,5633,28096
2023-10-31 11:03:27,8,10,5633,28096
2023-10-31 11:03:27,9,10,5633,28096
2023-10-31 11:03:27,8,10,5633,28096
2023-10-31 11:03:28,9,10,5633,28096
2023-10-31 11:03:30,8,10,5633,28096
2023-10-31 11:04:13,9,10,5633,28096
2023-10-31 11:04:34,8,10,5633,28096
2023-10-31 11:04:35,9,10,5633,28096
2023-10-31 11:04:36,8,10,5633,28096
2023-10-31 11:04:36,9,10,5633,28096
2023-10-31 11:04:43,8,10,5633,28096
2023-10-31 11:04:47,9,10,5633,28096
2023-10-31 11:04:47,8,10,5633,28096
2023-10-31 11:04:48,9,10,5633,28096
2023-10-31 11:04:54,8,10,5633,28096
2023-10-31 11:05:11,7,10,5633,28096
2023-10-31 11:05:12,8,10,5633,28096
2023-10-31 11:05:48,9,10,5633,28096
2023-10-31 11:05:54,8,10,5633,28096
2023-10-31 11:06:13,8,9,5633,28096
2023-10-31 11:06:25,8,11,5633,28096
2023-10-31 11:06:25,8,10,5633,28096
2023-10-31 11:06:26,9,10,5633,28096
2023-10-31 11:06:31,8,10,5633,28096
2023-10-31 11:06:40,9,10,5633,28096
2023-10-31 11:07:01,8,10,5633,28096
2023-10-31 11:07:23,9,10,5633,28096
2023-10-31 11:07:25,9,11,5633,28096
2023-10-31 11:07:26,9,10,5633,28096
2023-10-31 11:07:31,8,10,5633,28096
2023-10-31 11:07:32,9,10,5633,28096
2023-10-31 11:07:40,8,10,5633,28096
2023-10-31 11:07:42,9,10,5633,28096
2023-10-31 11:07:45,8,10,5633,28096
2023-10-31 11:08:00,9,10,5633,28096
2023-10-31 11:08:05,8,10,5633,28096
2023-10-31 11:08:09,9,10,5633,28096
2023-10-31 11:08:10,8,10,5633,28096
2023-10-31 11:08:27,8,9,5633,28096
2023-10-31 11:09:27,8,10,5633,28096
2023-10-31 11:09:28,8,9,5633,28096
2023-10-31 11:09:31,8,9,5633,28110
2023-10-31 11:09:34,8,10,5633,28110
2023-10-31 11:09:35,8,9,5633,28110
2023-10-31 11:09:46,7,9,5633,28110
2023-10-31 11:09:46,8,9,5633,28110
2023-10-31 11:10:00,7,9,5633,28110
2023-10-31 11:10:00,8,9,5633,28110
2023-10-31 11:10:34,8,10,5633,28110
2023-10-31 11:10:36,8,9,5633,28110
2023-10-31 11:10:39,7,9,5633,28110
2023-10-31 11:10:39,8,9,5633,28110
2023-10-31 11:10:41,7,9,5633,28110
2023-10-31 11:10:41,8,9,5633,28110
2023-10-31 11:10:54,8,9,5633,28164
2023-10-31 11:10:54,8,11,5633,28164
2023-10-31 11:10:55,8,10,5633,28164
2023-10-31 11:11:02,9,10,5633,28164
2023-10-31 11:11:08,8,10,5633,28164
2023-10-31 11:11:09,9,10,5633,28164
2023-10-31 11:11:15,9,11,5633,28164
2023-10-31 11:11:42,10,11,5633,28164
2023-10-31 11:11:43,9,11,5633,28164
2023-10-31 11:11:43,10,11,5633,28164
2023-10-31 11:11:50,9,11,5633,28164
2023-10-31 11:11:51,10,11,5633,28164
2023-10-31 11:11:58,9,11,5633,28164
2023-10-31 11:11:58,10,11,5633,28164
2023-10-31 11:12:00,9,11,5633,28164
2023-10-31 11:12:16,9,10,5633,28164
2023-10-31 11:13:10,7,10,5633,28164
2023-10-31 11:13:11,8,10,5633,28164
2023-10-31 11:13:11,8,9,5633,28164
2023-10-31 11:13:39,8,11,5633,28164
2023-10-31 11:13:39,9,11,5633,28164
2023-10-31 11:13:40,9,10,5633,28164
2023-10-31 11:14:21,9,10,5643,28174
2023-10-31 11:14:23,8,10,5653,28184
2023-10-31 11:14:41,8,9,5653,28184
2023-10-31 11:15:41,8,10,5653,28184
2023-10-31 11:16:06,8,9,5653,28184
2023-10-31 11:16:09,7,9,5653,28184
2023-10-31 11:16:09,8,9,5653,28184
2023-10-31 11:16:11,8,10,5653,28184
2023-10-31 11:16:14,8,11,5653,28184
2023-10-31 11:16:14,9,11,5653,28184
2023-10-31 11:16:14,9,10,5653,28184
2023-10-31 11:16:50,9,11,5653,28184
2023-10-31 11:17:02,10,11,5653,28184
2023-10-31 11:17:06,10,12,5653,28184
2023-10-31 11:17:16,10,11,5653,28184
2023-10-31 11:17:18,9,11,5653,28184
2023-10-31 11:17:25,9,10,5653,28184
2023-10-31 11:17:37,9,11,5653,28184
2023-10-31 11:17:59,9,10,5653,28184
2023-10-31 11:18:05,8,10,5653,28184
2023-10-31 11:18:05,9,10,5653,28184
2023-10-31 11:18:59,9,11,5653,28184
2023-10-31 11:19:55,8,11,5653,28184
2023-10-31 11:19:55,8,10,5653,28184
2023-10-31 11:19:58,9,10,5653,28184
2023-10-31 11:19:58,8,10,5653,28184
2023-10-31 11:20:16,9,10,5653,28184
2023-10-31 11:20:31,8,10,5653,28184
2023-10-31 11:20:32,9,10,5653,28184
2023-10-31 11:20:32,8,10,5653,28184
2023-10-31 11:20:33,9,10,5653,28184
2023-10-31 11:20:45,9,11,5653,28184
2023-10-31 11:21:07,9,10,5653,28184
2023-10-31 11:21:07,9,10,5653,28201
2023-10-31 11:21:09,9,10,5653,28261
2023-10-31 11:21:10,9,10,5653,28273
2023-10-31 11:21:12,9,10,5653,28292
2023-10-31 11:21:14,9,10,5653,28302
2023-10-31 11:21:16,9,10,5653,28315
2023-10-31 11:21:19,9,10,5653,28325
2023-10-31 11:21:21,9,10,5653,28341
2023-10-31 11:21:22,9,10,5653,28359
2023-10-31 11:21:24,9,10,5833,28559
2023-10-31 11:21:28,9,10,5833,28574
2023-10-31 11:22:38,9,10,6083,28824
2023-10-31 11:22:39,9,11,6083,28824
2023-10-31 11:22:39,10,11,6083,28824
2023-10-31 11:22:39,9,11,6083,28977
2023-10-31 11:22:42,10,11,6083,28977
2023-10-31 11:22:53,10,11,6333,29227
2023-10-31 11:23:45,9,11,6333,29227
2023-10-31 11:23:45,10,11,6333,29227
2023-10-31 11:24:07,10,12,6333,29227
2023-10-31 11:24:07,11,12,6333,29227
2023-10-31 11:25:03,10,12,6333,29227
2023-10-31 11:25:24,10,11,6333,29227
2023-10-31 11:25:24,9,11,6333,29227
2023-10-31 11:25:24,10,11,6333,29227
2023-10-31 11:25:30,9,10,6353,29247
2023-10-31 11:25:30,8,10,6353,29247
2023-10-31 11:25:30,9,10,6353,29247
2023-10-31 11:25:58,9,10,6413,29429
2023-10-31 11:26:03,8,10,6413,29429
2023-10-31 11:26:09,9,10,6413,29429
2023-10-31 11:26:34,8,10,6533,29662
2023-10-31 11:26:34,9,10,6533,29662
2023-10-31 11:26:36,8,10,6533,29662
2023-10-31 11:26:37,8,9,6533,29662
2023-10-31 11:27:38,8,10,6533,29662
2023-10-31 11:28:08,8,9,6533,29662
2023-10-31 11:28:40,8,10,6533,29662
2023-10-31 11:29:11,9,10,6533,29662
2023-10-31 11:29:27,9,11,6533,29682
2023-10-31 11:29:28,10,11,6533,29682
2023-10-31 11:29:37,10,12,6533,29682
2023-10-31 11:29:37,11,12,6533,29682
2023-10-31 11:29:45,11,12,6783,29932
2023-10-31 11:29:46,11,13,6783,29932
2023-10-31 11:29:46,12,13,6783,29932
2023-10-31 11:29:51,12,13,6983,30182
2023-10-31 11:29:55,12,14,6983,30182
2023-10-31 11:29:59,12,13,6983,30182
2023-10-31 11:30:08,12,14,6983,30182
2023-10-31 11:30:09,13,14,6983,30182
2023-10-31 11:30:16,13,15,6983,30222
2023-10-31 11:30:17,13,14,6983,30222
2023-10-31 11:31:09,13,15,6983,30222
2023-10-31 11:31:09,13,14,6983,30222
2023-10-31 11:32:05,12,14,6983,30222
2023-10-31 11:32:05,12,13,6983,30222
2023-10-31 11:32:21,11,13,6783,30462
2023-10-31 11:32:22,11,12,6783,30462
2023-10-31 11:32:33,10,12,6783,30462
2023-10-31 11:32:33,10,11,6783,30462
2023-10-31 11:33:33,10,12,6783,30462
2023-10-31 11:33:36,10,11,6783,30462
2023-10-31 11:33:37,10,12,6783,30462
2023-10-31 11:33:39,11,12,6783,30462
2023-10-31 11:33:44,10,12,6783,30462
2023-10-31 11:33:56,10,11,6783,30462
2023-10-31 11:34:02,9,11,6783,30462
2023-10-31 11:34:18,9,10,6783,30462
2023-10-31 11:34:18,9,10,6783,30472
2023-10-31 11:34:25,9,10,6783,30485
2023-10-31 11:34:42,9,10,6783,30565
2023-10-31 11:34:55,8,10,6783,30565
2023-10-31 11:35:08,8,9,6783,30565
2023-10-31 11:35:08,8,9,6783,30625
2023-10-31 11:36:02,8,10,6783,30625
2023-10-31 11:36:03,8,11,6783,30625
2023-10-31 11:36:03,9,11,6783,30625
2023-10-31 11:36:05,9,10,6783,30625
2023-10-31 11:36:05,9,11,6783,30625
2023-10-31 11:36:06,9,10,6783,30625
2023-10-31 11:36:51,9,11,6783,30625
2023-10-31 11:36:55,10,11,6783,30625
2023-10-31 11:37:04,9,11,6783,30625
2023-10-31 11:37:04,10,11,6783,30625
2023-10-31 11:37:05,9,11,6783,30625
2023-10-31 11:37:05,10,11,6783,30625
2023-10-31 11:38:23,9,11,6783,30625
2023-10-31 11:38:23,10,11,6783,30625
2023-10-31 11:39:22,9,11,6803,30645
2023-10-31 11:39:22,8,11,6803,30645
2023-10-31 11:39:22,8,10,6803,30645
2023-10-31 11:39:26,9,10,6803,30645
2023-10-31 11:39:37,8,10,6803,30645
2023-10-31 11:39:38,9,10,6803,30645
2023-10-31 11:40:20,9,11,6803,30645
2023-10-31 11:40:57,9,10,6803,30645
2023-10-31 11:40:59,8,10,6803,30645
2023-10-31 11:41:07,9,10,6803,30645
2023-10-31 11:41:16,9,11,6803,30645
2023-10-31 11:41:23,10,11,6803,30645
2023-10-31 11:41:25,9,11,6803,30645
2023-10-31 11:41:28,10,11,6803,30645
2023-10-31 11:41:29,9,11,6803,30645
2023-10-31 11:41:32,10,11,6803,30645
2023-10-31 11:42:02,10,12,6803,30645
2023-10-31 11:42:03,11,12,6803,30645
2023-10-31 11:42:15,11,13,6803,30665
2023-10-31 11:42:28,12,13,6803,30665
2023-10-31 11:42:32,12,13,7053,30915
2023-10-31 11:42:43,12,14,7053,30935
2023-10-31 11:42:50,12,13,7053,30935
2023-10-31 11:42:51,12,14,7053,30935
2023-10-31 11:42:53,13,14,7053,30935
2023-10-31 11:42:56,13,15,7253,31135
2023-10-31 11:42:57,13,14,7253,31135
2023-10-31 11:43:21,12,14,7253,31135
2023-10-31 11:43:21,12,13,7253,31135
2023-10-31 11:43:22,12,14,7253,31135
2023-10-31 11:43:35,12,13,7253,31135
2023-10-31 11:44:08,11,13,7253,31135
2023-10-31 11:45:14,12,13,7253,31135
2023-10-31 11:46:14,11,13,7253,31135
2023-10-31 11:46:14,12,13,7253,31135
2023-10-31 11:46:42,13,14,7233,31155
2023-10-31 11:47:01,12,14,7233,31155
2023-10-31 11:47:18,12,13,7233,31155
2023-10-31 11:47:19,12,14,7233,31155
2023-10-31 11:47:21,13,14,7233,31155
2023-10-31 11:47:25,13,15,7233,31155
2023-10-31 11:47:34,14,15,7233,31155
2023-10-31 11:48:08,13,15,7233,31155
2023-10-31 11:48:08,13,14,7233,31155
2023-10-31 11:48:24,12,14,7233,31155
2023-10-31 11:48:38,12,13,7233,31155
2023-10-31 11:48:42,12,14,7233,31155
2023-10-31 11:48:43,12,13,7233,31155
2023-10-31 11:48:45,11,13,7233,31155
2023-10-31 11:48:59,12,13,7233,31155
2023-10-31 11:49:27,11,13,7233,31155
2023-10-31 11:49:35,12,13,7233,31155
2023-10-31 11:49:36,11,13,7233,31155
2023-10-31 11:49:37,12,13,7233,31155
2023-10-31 11:49:45,12,14,7233,31155
2023-10-31 11:49:52,13,14,7233,31155
2023-10-31 11:49:57,12,14,7233,31155
2023-10-31 11:50:25,12,13,7233,31155
2023-10-31 11:50:25,12,14,7233,31155
2023-10-31 11:50:26,12,13,7233,31155
2023-10-31 11:50:46,11,13,7233,31155
2023-10-31 11:50:51,12,13,7233,31155
2023-10-31 11:51:02,12,14,7233,31155
2023-10-31 11:51:03,13,14,7233,31155
2023-10-31 11:51:37,12,14,7233,31155
2023-10-31 11:51:41,12,13,7233,31155
2023-10-31 11:52:02,11,13,7233,31155
2023-10-31 11:52:03,12,13,7233,31155
2023-10-31 11:52:04,11,13,7233,31155
2023-10-31 11:52:13,12,13,7233,31155
2023-10-31 11:52:53,11,13,7233,31155
2023-10-31 11:53:32,11,12,7233,31155
2023-10-31 11:53:37,11,13,7233,31155
2023-10-31 11:53:39,11,12,7233,31155
2023-10-31 11:53:45,11,13,7233,31155
2023-10-31 11:53:45,11,12,7233,31155
2023-10-31 11:53:46,11,13,7233,31155
2023-10-31 11:53:46,11,12,7233,31155
2023-10-31 11:54:32,11,13,7233,31155
2023-10-31 11:54:32,12,13,7233,31155
2023-10-31 11:55:06,11,13,7233,31175
2023-10-31 11:55:20,11,12,7233,31175
2023-10-31 11:55:43,11,12,7253,31195
2023-10-31 11:55:45,10,12,7253,31195
2023-10-31 11:55:46,10,11,7253,31195
2023-10-31 11:55:58,9,11,7333,31275
2023-10-31 11:56:00,9,12,7333,31275
2023-10-31 11:56:00,9,11,7333,31275
2023-10-31 11:56:37,9,11,7333,31335
2023-10-31 11:56:37,9,10,7333,31335
2023-10-31 11:57:14,9,10,7333,31355
2023-10-31 11:57:15,8,10,7213,31475
2023-10-31 11:57:38,8,9,7213,31475
2023-10-31 11:58:14,7,9,7213,31475
2023-10-31 11:58:27,7,8,7213,31475
2023-10-31 11:58:42,6,8,7213,31475
2023-10-31 11:59:10,7,8,7213,31475
2023-10-31 11:59:15,6,8,7079,31609
2023-10-31 11:59:15,7,8,7079,31609
2023-10-31 11:59:22,7,8,7079,31624
2023-10-31 11:59:23,6,8,6980,31723
2023-10-31 11:59:25,6,7,6980,31723
2023-10-31 11:59:52,6,7,7040,31783
2023-10-31 11:59:55,6,7,7040,31823
2023-10-31 11:59:57,6,7,7160,31943
2023-10-31 12:00:07,6,7,7161,31944
2023-10-31 12:00:10,5,7,7161,31973
2023-10-31 12:00:15,5,7,7162,31974
2023-10-31 12:00:21,6,7,7162,31974
2023-10-31 12:00:21,5,7,7162,31974
2023-10-31 12:01:07,5,6,7162,31974
2023-10-31 12:01:43,5,6,7202,32014
2023-10-31 12:01:45,5,7,7202,32014
2023-10-31 12:01:45,6,7,7202,32014
2023-10-31 12:01:45,6,7,7202,32264
2023-10-31 12:01:47,5,7,7227,32492
2023-10-31 12:01:47,6,7,7227,32492
2023-10-31 12:01:57,5,7,7227,32492
2023-10-31 12:01:57,6,7,7227,32492
2023-10-31 12:02:00,6,7,7227,32632
2023-10-31 12:02:02,5,7,7427,32836
2023-10-31 12:02:02,6,7,7427,32836
2023-10-31 12:02:15,6,8,7427,32836
2023-10-31 12:02:43,6,7,7427,32836
2023-10-31 12:04:44,6,7,7527,32936
2023-10-31 12:05:03,6,8,7527,32936
2023-10-31 12:05:07,7,8,7527,32936
2023-10-31 12:05:10,7,8,7547,32956
2023-10-31 12:05:11,7,8,7797,33206
2023-10-31 12:05:30,6,8,7797,33206
2023-10-31 12:05:30,7,8,7797,33206
2023-10-31 12:05:55,6,8,7797,33206
2023-10-31 12:06:23,7,8,7797,33206
2023-10-31 12:07:14,6,8,7797,33206
2023-10-31 12:09:15,7,8,7797,33206
2023-10-31 12:09:51,6,8,7797,33206
2023-10-31 12:12:18,6,7,7797,33206
2023-10-31 12:12:28,5,7,7797,33206
2023-10-31 12:12:43,6,7,7797,33206
2023-10-31 12:12:44,5,7,7797,33206
2023-10-31 12:12:44,6,7,7797,33206
2023-10-31 12:12:48,6,8,7797,33206
2023-10-31 12:13:03,7,8,7797,33206
2023-10-31 12:14:05,7,9,7797,33206
2023-10-31 12:14:09,8,9,7797,33206
2023-10-31 12:14:10,7,9,7797,33206
2023-10-31 12:14:12,8,9,7797,33206
2023-10-31 12:14:13,7,9,7797,33206
2023-10-31 12:14:15,8,9,7797,33206
2023-10-31 12:14:21,8,9,7997,33456
2023-10-31 12:14:22,8,10,7997,33456
2023-10-31 12:14:36,9,10,7997,33456
2023-10-31 12:14:41,9,11,7997,33456
2023-10-31 12:14:48,10,11,7997,33456
2023-10-31 12:14:58,10,11,8245,33706
2023-10-31 12:15:48,9,11,8245,33706
2023-10-31 12:15:49,10,11,8245,33706
2023-10-31 12:16:40,10,11,8245,33766
2023-10-31 12:16:40,10,11,8495,34016
2023-10-31 12:16:41,10,11,8495,34076
2023-10-31 12:16:41,10,11,8745,34326
2023-10-31 12:16:42,10,11,8745,34586
2023-10-31 12:16:43,10,11,8745,34646
2023-10-31 12:16:44,10,11,8995,34896
2023-10-31 12:16:44,10,11,8995,34956
2023-10-31 12:16:45,10,11,8995,35016
2023-10-31 12:16:46,10,11,8995,35216
2023-10-31 12:16:46,10,11,9245,35466
2023-10-31 12:16:51,10,12,9385,35606
2023-10-31 12:16:51,11,12,9385,35606
2023-10-31 12:16:52,10,12,9385,35606
2023-10-31 12:16:59,11,12,9385,35606
2023-10-31 12:17:39,11,12,9585,35806
2023-10-31 12:17:41,11,13,9585,35806
2023-10-31 12:17:44,11,12,9585,35806
2023-10-31 12:18:07,11,13,9585,35806
2023-10-31 12:18:08,11,12,9585,35806
2023-10-31 12:18:44,10,12,9585,35806
2023-10-31 12:18:49,10,11,9585,35806
2023-10-31 12:19:05,9,11,9585,35806
2023-10-31 12:20:06,10,11,9585,35806
2023-10-31 12:20:26,10,11,9645,35866
2023-10-31 12:21:06,9,11,9645,35866
2023-10-31 12:21:06,10,11,9645,35866
2023-10-31 12:21:20,10,11,9705,35926
2023-10-31 12:21:42,10,12,9705,35926
2023-10-31 12:21:53,10,11,9705,35926
2023-10-31 12:21:53,10,12,9705,35926
2023-10-31 12:21:54,10,11,9705,35926
2023-10-31 12:22:07,9,11,9705,35926
2023-10-31 12:22:30,9,10,9705,35926
2023-10-31 12:22:30,8,10,9705,35926
2023-10-31 12:22:30,9,10,9705,35926
2023-10-31 12:23:02,9,11,9705,35926
2023-10-31 12:23:28,9,10,9705,35926
2023-10-31 12:23:29,8,10,9705,35926
2023-10-31 12:23:29,9,10,9705,35926
2023-10-31 12:23:49,8,10,9725,35946
2023-10-31 12:24:15,8,9,9725,35946
2023-10-31 12:24:37,8,9,9515,36156
2023-10-31 12:25:20,8,10,9515,36156
2023-10-31 12:26:16,7,10,9515,36156
2023-10-31 12:26:16,7,9,9515,36156
2023-10-31 12:26:17,8,9,9515,36156
2023-10-31 12:26:52,8,9,9575,36216
2023-10-31 12:26:52,7,9,9575,36216
2023-10-31 12:26:56,7,8,9575,36216
2023-10-31 12:27:24,6,8,9635,36276
2023-10-31 12:28:01,7,8,9635,36276
2023-10-31 12:28:02,7,8,9695,36336
2023-10-31 12:28:10,7,8,9755,36494
2023-10-31 12:28:13,6,8,9755,36553
2023-10-31 12:28:13,7,8,9755,36553
2023-10-31 12:28:42,6,8,9755,36553
2023-10-31 12:28:44,7,8,9755,36553
2023-10-31 12:28:45,6,8,9755,36553
2023-10-31 12:28:45,7,8,9755,36553
2023-10-31 12:28:57,6,8,9755,36553
2023-10-31 12:28:59,7,8,9755,36553
2023-10-31 12:29:02,6,8,9755,36553
2023-10-31 12:29:03,7,8,9755,36553
2023-10-31 12:29:58,6,8,9755,36553
2023-10-31 12:30:14,6,7,9755,36553
2023-10-31 12:30:40,5,7,9755,36553
2023-10-31 12:31:26,5,6,9755,36553
2023-10-31 12:31:59,5,6,9755,36613
2023-10-31 12:32:00,4,6,9755,36613
2023-10-31 12:32:04,4,5,9755,36613
2023-10-31 12:32:04,4,6,9755,36613
2023-10-31 12:32:04,4,5,9755,36613
2023-10-31 12:32:08,4,5,9815,36673
2023-10-31 12:32:10,4,5,9815,36813
2023-10-31 12:32:11,3,5,9865,36863
2023-10-31 12:32:17,3,4,9865,36863
2023-10-31 12:32:18,3,5,9865,36863
2023-10-31 12:32:18,3,4,9865,36863
2023-10-31 12:33:18,3,5,9865,36863
2023-10-31 12:33:19,3,4,9865,36863
2023-10-31 12:33:31,3,4,9905,36903
2023-10-31 12:34:01,3,5,9905,36903
2023-10-31 12:34:20,4,5,9905,36903
2023-10-31 12:34:21,3,5,9905,36903
2023-10-31 12:34:21,4,5,9905,36903
2023-10-31 12:35:03,3,5,9905,36903
2023-10-31 12:35:03,4,5,9905,36903
2023-10-31 12:35:42,4,6,9905,36903
2023-10-31 12:35:42,5,6,9905,36903
2023-10-31 12:35:48,5,6,9968,37103
2023-10-31 12:35:51,5,6,10105,37353
2023-10-31 12:35:52,5,6,10105,37393
2023-10-31 12:35:53,5,6,10305,37593
2023-10-31 12:36:02,5,6,10485,37773
2023-10-31 12:36:03,5,7,10505,37793
2023-10-31 12:36:04,6,7,10505,37793
2023-10-31 12:36:11,6,7,10525,37813
2023-10-31 12:36:13,6,7,10775,38063
2023-10-31 12:36:17,6,8,10775,38063
2023-10-31 12:36:19,7,8,10775,38063
2023-10-31 12:36:19,7,9,10975,38263
2023-10-31 12:36:30,8,9,10975,38263
2023-10-31 12:36:30,8,9,11225,38513
2023-10-31 12:36:37,8,10,11425,38713
2023-10-31 12:36:39,9,10,11425,38713
2023-10-31 12:36:42,9,11,11611,38899
2023-10-31 12:36:44,9,10,11611,38899
2023-10-31 12:36:53,8,10,11611,38899
2023-10-31 12:37:01,8,9,11611,38899
2023-10-31 12:37:02,8,10,11611,38899
2023-10-31 12:37:04,8,9,11611,38899
2023-10-31 12:37:13,8,9,11811,39099
2023-10-31 12:37:13,8,10,11811,39099
2023-10-31 12:37:13,8,9,11811,39099
2023-10-31 12:37:22,8,9,11811,39231
2023-10-31 12:37:22,8,9,11811,39363
2023-10-31 12:37:34,7,9,11811,39363
2023-10-31 12:37:49,7,8,11811,39363
2023-10-31 12:37:54,7,9,11811,39363
2023-10-31 12:37:55,7,8,11811,39363
2023-10-31 12:38:04,7,8,11561,39613
2023-10-31 12:38:05,5,8,11561,39639
2023-10-31 12:38:09,6,8,11561,39639
2023-10-31 12:38:09,6,7,11561,39639
2023-10-31 12:38:11,5,7,11561,39639
2023-10-31 12:38:38,5,7,11311,39889
2023-10-31 12:38:39,5,6,11311,39889
2023-10-31 12:38:44,5,6,11061,40139
2023-10-31 12:38:45,5,6,10811,40389
2023-10-31 12:38:47,5,6,10561,40639
2023-10-31 12:38:48,5,6,10311,40889
2023-10-31 12:38:49,5,6,10061,41139
2023-10-31 12:38:54,5,6,9811,41389
2023-10-31 12:38:59,5,6,9811,41449
2023-10-31 12:39:00,5,6,9811,41629
2023-10-31 12:39:08,4,6,9811,41639
2023-10-31 12:39:11,4,5,9811,41639
2023-10-31 12:39:20,4,5,9811,41662
2023-10-31 12:39:42,4,5,9811,41722
2023-10-31 12:39:43,4,5,9811,41762
2023-10-31 12:39:45,3,5,9811,41762
2023-10-31 12:40:58,3,5,9871,41822
2023-10-31 12:41:01,4,5,9871,41822
2023-10-31 12:41:05,3,5,9871,42101
2023-10-31 12:41:53,3,5,10212,42442
2023-10-31 12:41:54,3,5,10271,42802
2023-10-31 12:41:55,3,4,10271,42802
2023-10-31 12:42:48,2,4,10271,42802
2023-10-31 12:42:49,2,3,10271,42802
2023-10-31 12:53:10,3,4,10331,42862
2023-10-31 12:53:35,3,4,10431,42962
2023-10-31 12:57:51,2,4,10471,43002
2023-10-31 12:58:30,2,3,10471,43002
2023-10-31 12:58:31,2,4,10471,43002
2023-10-31 12:58:31,3,4,10471,43002
2023-10-31 12:58:40,2,3,10471,43120
2023-10-31 12:59:28,2,4,10471,43120
2023-10-31 12:59:28,2,3,10471,43120
2023-10-31 12:59:32,2,4,10471,43120
2023-10-31 12:59:34,2,3,10471,43120
2023-10-31 13:21:33,1,3,10471,43120
2023-10-31 13:38:53,1,2,10471,43120
2023-10-31 13:42:37,1,2,10497,43146
2023-10-31 13:42:46,1,2,10635,43284
2023-10-31 13:55:03,1,2,10963,43612
2023-10-31 13:55:03,1,2,11263,43912
2023-10-31 13:55:03,1,2,11485,44134
2023-10-31 13:59:02,1,2,11685,44334
2023-10-31 13:59:04,0,2,11971,44620
2023-10-31 15:31:19,0,1,11971,44620
