datetime,bid,ask,open_interest,volume
2023-02-27 09:30:22,40,59,876,1734
2023-02-27 09:31:04,48,59,876,1734
2023-02-27 09:31:04,48,57,876,1734
2023-02-27 09:31:04,48,54,876,1734
2023-02-27 09:31:07,48,54,905,1834
2023-02-27 09:31:08,50,54,905,1834
2023-02-27 09:31:10,50,53,905,1834
2023-02-27 09:31:10,48,53,905,1834
2023-02-27 09:31:30,48,52,905,1834
2023-02-27 09:31:32,48,51,905,1834
2023-02-27 09:31:33,45,51,1005,1934
2023-02-27 09:31:38,46,51,1005,1934
2023-02-27 09:31:38,46,52,1005,1934
2023-02-27 09:31:59,45,52,1005,1934
2023-02-27 09:31:59,45,53,1005,1934
2023-02-27 09:31:59,45,51,1005,1934
2023-02-27 09:32:08,45,50,1005,1934
2023-02-27 09:32:14,44,50,1005,1934
2023-02-27 09:32:25,45,50,1005,1934
2023-02-27 09:32:27,46,50,1005,1934
2023-02-27 09:32:33,47,50,1005,1934
2023-02-27 09:32:40,46,50,1005,1934
2023-02-27 09:33:07,45,50,1005,1934
2023-02-27 09:33:20,46,50,1005,1934
2023-02-27 09:33:26,47,50,1005,1934
2023-02-27 09:33:33,46,50,1005,1934
2023-02-27 09:33:52,47,50,1005,1934
2023-02-27 09:34:09,47,53,1005,1934
2023-02-27 09:34:09,47,52,1005,1934
2023-02-27 09:34:14,46,52,1005,1934
2023-02-27 09:34:23,45,52,1005,1934
2023-02-27 09:34:23,45,51,1005,1934
2023-02-27 09:34:36,44,51,1005,1934
2023-02-27 09:34:36,44,50,1005,1934
2023-02-27 09:34:45,44,49,1005,1934
2023-02-27 09:34:46,43,49,1005,1934
2023-02-27 09:34:51,43,48,1005,1934
2023-02-27 09:34:52,42,48,1005,1934
2023-02-27 09:34:55,42,49,1005,1934
2023-02-27 09:34:55,41,49,1005,1934
2023-02-27 09:34:55,41,47,1005,1934
2023-02-27 09:35:11,41,46,1005,1934
2023-02-27 09:35:16,43,46,1005,1934
2023-02-27 09:35:22,40,46,1005,1934
2023-02-27 09:35:23,41,46,1005,1934
2023-02-27 09:35:32,40,46,1005,1934
2023-02-27 09:35:32,44,46,1005,1934
2023-02-27 09:35:49,40,46,1005,1934
2023-02-27 09:35:49,42,46,1005,1934
2023-02-27 09:35:58,40,46,1005,1934
2023-02-27 09:36:17,42,46,1005,1934
2023-02-27 09:36:21,40,46,1005,1934
2023-02-27 09:36:21,44,46,1005,1934
2023-02-27 09:37:00,44,46,1007,1936
2023-02-27 09:37:02,40,46,1007,1936
2023-02-27 09:37:02,46,52,1016,1945
2023-02-27 09:37:03,46,49,1016,1945
2023-02-27 09:37:17,44,49,1016,1945
2023-02-27 09:37:21,44,46,1016,1945
2023-02-27 09:37:29,44,48,1016,1945
2023-02-27 09:37:29,44,46,1016,1945
2023-02-27 09:37:37,44,48,1016,1945
2023-02-27 09:37:38,44,46,1016,1945
2023-02-27 09:37:47,44,48,1016,1945
2023-02-27 09:37:47,44,46,1016,1945
2023-02-27 09:37:55,44,48,1016,1945
2023-02-27 09:37:55,44,46,1016,1945
2023-02-27 09:38:15,44,47,1016,1945
2023-02-27 09:38:15,44,46,1016,1945
2023-02-27 09:38:31,44,49,1016,1945
2023-02-27 09:38:31,44,45,1016,1945
2023-02-27 09:38:45,43,45,1016,1945
2023-02-27 09:38:51,43,44,1016,1945
2023-02-27 09:39:18,40,44,1016,1945
2023-02-27 09:39:18,40,45,1016,1945
2023-02-27 09:39:19,41,45,1016,1945
2023-02-27 09:39:19,41,44,1016,1945
2023-02-27 09:39:29,41,43,1016,1945
2023-02-27 09:39:29,40,43,1016,1945
2023-02-27 09:39:29,41,43,1016,1945
2023-02-27 09:39:50,40,43,1016,1945
2023-02-27 09:40:22,40,45,1016,1945
2023-02-27 09:40:22,40,44,1016,1945
2023-02-27 09:40:37,40,45,1016,1945
2023-02-27 09:40:38,41,45,1016,1945
2023-02-27 09:40:38,41,44,1016,1945
2023-02-27 09:40:42,42,44,1016,1945
2023-02-27 09:40:43,41,44,1016,1945
2023-02-27 09:40:43,41,44,1157,2086
2023-02-27 09:40:46,40,44,1157,2086
2023-02-27 09:40:47,42,44,1157,2086
2023-02-27 09:40:54,40,44,1157,2086
2023-02-27 09:40:54,40,48,1157,2086
2023-02-27 09:40:55,43,48,1157,2086
2023-02-27 09:40:55,43,45,1157,2086
2023-02-27 09:41:21,41,45,1157,2086
2023-02-27 09:41:21,41,47,1157,2086
2023-02-27 09:41:21,43,47,1157,2086
2023-02-27 09:41:21,43,45,1157,2086
2023-02-27 09:41:35,41,45,1157,2086
2023-02-27 09:41:36,41,47,1157,2086
2023-02-27 09:41:36,43,47,1157,2086
2023-02-27 09:41:36,43,46,1157,2086
2023-02-27 09:41:44,40,46,1157,2086
2023-02-27 09:41:44,41,46,1157,2086
2023-02-27 09:41:44,43,46,1157,2086
2023-02-27 09:41:44,43,45,1157,2086
2023-02-27 09:41:49,43,44,1157,2086
2023-02-27 09:41:54,40,44,1157,2086
2023-02-27 09:41:55,42,44,1157,2086
2023-02-27 09:42:26,40,44,1157,2086
2023-02-27 09:42:26,40,47,1157,2086
2023-02-27 09:42:26,42,47,1157,2086
2023-02-27 09:42:26,42,45,1157,2086
2023-02-27 09:42:34,42,47,1157,2086
2023-02-27 09:42:34,42,45,1157,2086
2023-02-27 09:42:43,40,45,1157,2086
2023-02-27 09:42:43,40,48,1157,2086
2023-02-27 09:42:44,41,48,1157,2086
2023-02-27 09:42:44,43,48,1157,2086
2023-02-27 09:42:44,43,47,1157,2086
2023-02-27 09:42:44,43,45,1157,2086
2023-02-27 09:43:19,40,45,1157,2086
2023-02-27 09:43:19,40,47,1157,2086
2023-02-27 09:43:19,40,48,1157,2086
2023-02-27 09:43:20,42,48,1157,2086
2023-02-27 09:43:20,44,48,1157,2086
2023-02-27 09:43:20,44,46,1157,2086
2023-02-27 09:43:31,42,46,1157,2086
2023-02-27 09:43:31,42,49,1157,2086
2023-02-27 09:43:32,44,49,1157,2086
2023-02-27 09:43:32,44,47,1157,2086
2023-02-27 09:44:01,40,47,1157,2086
2023-02-27 09:44:01,41,47,1157,2086
2023-02-27 09:44:01,43,47,1157,2086
2023-02-27 09:44:01,43,46,1157,2086
2023-02-27 09:44:25,41,46,1157,2086
2023-02-27 09:44:25,41,48,1157,2086
2023-02-27 09:44:25,41,49,1157,2086
2023-02-27 09:44:25,43,49,1157,2086
2023-02-27 09:44:25,43,45,1157,2086
2023-02-27 09:44:41,40,45,1157,2086
2023-02-27 09:44:41,41,45,1157,2086
2023-02-27 09:44:41,43,45,1157,2086
2023-02-27 09:44:42,43,44,1157,2086
2023-02-27 09:44:53,43,45,1157,2086
2023-02-27 09:44:54,43,44,1157,2086
2023-02-27 09:44:55,40,44,1157,2086
2023-02-27 09:44:55,42,44,1157,2086
2023-02-27 09:45:02,42,43,1157,2086
2023-02-27 09:45:03,40,42,1106,2137
2023-02-27 09:45:13,41,42,1106,2137
2023-02-27 09:45:32,41,43,1106,2137
2023-02-27 09:45:35,41,42,1106,2137
2023-02-27 09:45:47,41,43,1106,2137
2023-02-27 09:46:14,41,42,1106,2137
2023-02-27 09:46:24,41,43,1106,2137
2023-02-27 09:46:28,41,42,1106,2137
2023-02-27 09:46:52,41,43,1106,2137
2023-02-27 09:46:54,41,42,1106,2137
2023-02-27 09:46:56,41,43,1106,2137
2023-02-27 09:47:19,41,44,1163,2194
2023-02-27 09:47:24,40,44,1163,2194
2023-02-27 09:47:24,42,44,1163,2194
2023-02-27 09:48:14,42,46,1217,2248
2023-02-27 09:48:21,44,46,1217,2248
2023-02-27 09:48:25,44,47,1217,2248
2023-02-27 09:48:25,44,46,1217,2248
2023-02-27 09:48:30,44,45,1217,2248
2023-02-27 09:48:35,43,44,1217,2268
2023-02-27 09:48:40,41,44,1217,2268
2023-02-27 09:48:40,43,44,1217,2268
2023-02-27 09:48:42,43,44,1214,2271
2023-02-27 09:48:48,43,45,1214,2271
2023-02-27 09:48:48,43,44,1214,2271
2023-02-27 09:49:01,40,44,1214,2271
2023-02-27 09:49:01,41,44,1214,2271
2023-02-27 09:49:04,41,43,1214,2271
2023-02-27 09:49:07,41,44,1214,2271
2023-02-27 09:49:14,41,43,1214,2271
2023-02-27 09:49:15,41,44,1214,2271
2023-02-27 09:49:18,40,44,1214,2271
2023-02-27 09:49:18,42,44,1214,2271
2023-02-27 09:49:25,42,43,1214,2271
2023-02-27 09:49:38,42,44,1214,2271
2023-02-27 09:50:29,43,44,1214,2271
2023-02-27 09:50:34,43,45,1214,2271
2023-02-27 09:50:39,44,45,1214,2271
2023-02-27 09:50:50,44,45,1217,2274
2023-02-27 09:50:51,44,48,1217,2274
2023-02-27 09:50:51,44,46,1217,2274
2023-02-27 09:51:04,44,48,1217,2274
2023-02-27 09:51:04,44,47,1217,2274
2023-02-27 09:51:31,45,47,1217,2274
2023-02-27 09:51:33,45,48,1217,2274
2023-02-27 09:51:33,45,47,1217,2274
2023-02-27 09:52:20,45,48,1217,2274
2023-02-27 09:52:21,45,47,1217,2274
2023-02-27 09:52:24,46,47,1217,2274
2023-02-27 09:52:33,46,49,1217,2274
2023-02-27 09:52:34,46,47,1217,2274
2023-02-27 09:52:43,46,50,1217,2274
2023-02-27 09:52:44,46,48,1217,2274
2023-02-27 09:52:55,46,50,1217,2274
2023-02-27 09:52:56,46,48,1217,2274
2023-02-27 09:53:01,46,48,1288,2345
2023-02-27 09:53:07,46,51,1288,2345
2023-02-27 09:53:07,46,48,1288,2345
2023-02-27 09:53:19,46,50,1288,2345
2023-02-27 09:53:19,46,52,1288,2345
2023-02-27 09:53:19,47,52,1288,2345
2023-02-27 09:53:19,47,49,1288,2345
2023-02-27 09:53:33,46,49,1288,2345
2023-02-27 09:53:33,46,52,1288,2345
2023-02-27 09:53:33,47,52,1288,2345
2023-02-27 09:53:33,47,50,1288,2345
2023-02-27 09:53:51,45,50,1288,2345
2023-02-27 09:53:51,40,50,1288,2345
2023-02-27 09:53:51,40,52,1288,2345
2023-02-27 09:53:51,43,52,1288,2345
2023-02-27 09:53:51,47,52,1288,2345
2023-02-27 09:53:52,47,51,1288,2345
2023-02-27 09:53:52,47,49,1288,2345
2023-02-27 09:54:30,45,49,1288,2345
2023-02-27 09:54:30,40,49,1288,2345
2023-02-27 09:54:31,40,50,1288,2345
2023-02-27 09:54:31,46,50,1288,2345
2023-02-27 09:54:31,46,49,1288,2345
2023-02-27 09:54:36,47,49,1288,2345
2023-02-27 09:54:51,47,50,1288,2345
2023-02-27 09:54:52,47,48,1288,2345
2023-02-27 09:55:19,47,50,1288,2345
2023-02-27 09:55:19,47,51,1288,2345
2023-02-27 09:55:20,47,49,1288,2345
2023-02-27 09:55:30,47,51,1288,2345
2023-02-27 09:55:30,47,49,1288,2345
2023-02-27 09:55:38,45,49,1288,2345
2023-02-27 09:55:38,45,51,1288,2345
2023-02-27 09:55:38,47,51,1288,2345
2023-02-27 09:55:38,47,49,1288,2345
2023-02-27 09:55:46,45,49,1288,2345
2023-02-27 09:55:46,45,52,1288,2345
2023-02-27 09:55:47,47,52,1288,2345
2023-02-27 09:55:47,47,50,1288,2345
2023-02-27 09:55:54,41,50,1288,2345
2023-02-27 09:55:54,41,52,1288,2345
2023-02-27 09:55:54,44,52,1288,2345
2023-02-27 09:55:54,46,52,1288,2345
2023-02-27 09:55:54,48,52,1288,2345
2023-02-27 09:55:54,48,50,1288,2345
2023-02-27 09:56:20,46,50,1288,2345
2023-02-27 09:56:20,46,52,1288,2345
2023-02-27 09:56:20,48,52,1288,2345
2023-02-27 09:56:20,48,51,1288,2345
2023-02-27 09:56:28,46,51,1288,2345
2023-02-27 09:56:28,40,51,1288,2345
2023-02-27 09:56:28,40,52,1288,2345
2023-02-27 09:56:28,45,52,1288,2345
2023-02-27 09:56:28,47,52,1288,2345
2023-02-27 09:56:28,47,50,1288,2345
2023-02-27 09:56:39,48,50,1288,2345
2023-02-27 09:56:47,48,52,1288,2345
2023-02-27 09:56:47,48,50,1288,2345
2023-02-27 09:56:52,48,52,1288,2345
2023-02-27 09:56:53,48,51,1288,2345
2023-02-27 09:57:16,48,52,1288,2345
2023-02-27 09:57:16,49,52,1288,2345
2023-02-27 09:57:16,49,51,1288,2345
2023-02-27 09:57:29,48,51,1288,2345
2023-02-27 09:57:29,48,52,1288,2345
2023-02-27 09:57:29,49,52,1288,2345
2023-02-27 09:57:54,47,52,1288,2345
2023-02-27 09:57:54,45,52,1288,2345
2023-02-27 09:57:54,42,52,1288,2345
2023-02-27 09:57:54,49,52,1288,2345
2023-02-27 09:57:54,49,51,1288,2345
2023-02-27 09:58:12,47,51,1288,2345
2023-02-27 09:58:12,47,52,1288,2345
2023-02-27 09:58:12,49,52,1288,2345
2023-02-27 09:58:20,45,52,1288,2345
2023-02-27 09:58:20,44,52,1288,2345
2023-02-27 09:58:20,47,52,1288,2345
2023-02-27 09:58:20,49,52,1288,2345
2023-02-27 09:58:20,51,52,1288,2345
2023-02-27 09:58:29,49,52,1288,2345
2023-02-27 09:58:29,51,52,1288,2345
2023-02-27 09:58:44,49,52,1288,2345
2023-02-27 09:58:44,51,52,1288,2345
2023-02-27 09:59:16,49,52,1288,2345
2023-02-27 09:59:16,47,52,1288,2345
2023-02-27 09:59:16,45,52,1288,2345
2023-02-27 09:59:16,50,52,1288,2345
2023-02-27 09:59:16,52,59,1286,2347
2023-02-27 09:59:16,52,55,1286,2347
2023-02-27 09:59:27,47,55,1286,2347
2023-02-27 09:59:27,48,55,1286,2347
2023-02-27 09:59:27,51,55,1286,2347
2023-02-27 09:59:27,53,55,1286,2347
2023-02-27 09:59:41,51,55,1286,2347
2023-02-27 09:59:41,48,55,1286,2347
2023-02-27 09:59:41,50,55,1286,2347
2023-02-27 09:59:41,52,55,1286,2347
2023-02-27 09:59:51,40,55,1286,2347
2023-02-27 09:59:51,40,59,1286,2347
2023-02-27 09:59:51,40,58,1286,2347
2023-02-27 09:59:51,40,59,1286,2347
2023-02-27 09:59:51,49,59,1286,2347
2023-02-27 09:59:51,53,59,1286,2347
2023-02-27 09:59:51,53,57,1286,2347
2023-02-27 09:59:51,53,55,1286,2347
2023-02-27 10:00:20,40,55,1286,2347
2023-02-27 10:00:20,40,57,1286,2347
2023-02-27 10:00:20,52,57,1286,2347
2023-02-27 10:00:20,52,55,1286,2347
2023-02-27 10:00:33,50,55,1286,2347
2023-02-27 10:00:33,48,55,1286,2347
2023-02-27 10:00:33,51,55,1286,2347
2023-02-27 10:00:33,53,55,1286,2347
2023-02-27 10:00:42,51,55,1286,2347
2023-02-27 10:00:42,20,55,1286,2347
2023-02-27 10:00:42,20,57,1286,2347
2023-02-27 10:00:42,20,59,1286,2347
2023-02-27 10:00:42,20,58,1286,2347
2023-02-27 10:00:42,52,58,1286,2347
2023-02-27 10:00:42,52,56,1286,2347
2023-02-27 10:00:42,52,54,1286,2347
2023-02-27 10:00:50,54,56,1342,2403
2023-02-27 10:00:53,54,58,1342,2403
2023-02-27 10:00:53,54,59,1342,2403
2023-02-27 10:00:54,54,56,1342,2403
2023-02-27 10:00:54,54,56,1565,2626
2023-02-27 10:01:04,54,59,1565,2626
2023-02-27 10:01:04,54,55,1565,2626
2023-02-27 10:01:30,54,57,1565,2626
2023-02-27 10:01:30,54,55,1565,2626
2023-02-27 10:01:52,54,57,1565,2626
2023-02-27 10:01:52,54,59,1565,2626
2023-02-27 10:01:53,54,55,1565,2626
2023-02-27 10:02:19,55,57,1799,2860
2023-02-27 10:02:25,55,57,1974,3035
2023-02-27 10:02:31,55,57,2091,3152
2023-02-27 10:02:37,55,59,2091,3152
2023-02-27 10:02:37,55,58,2091,3152
2023-02-27 10:02:37,55,56,2091,3152
2023-02-27 10:02:43,55,59,2091,3152
2023-02-27 10:02:43,55,57,2091,3152
2023-02-27 10:02:43,54,55,2140,3201
2023-02-27 10:02:51,54,59,2140,3201
2023-02-27 10:02:51,54,58,2140,3201
2023-02-27 10:02:51,54,56,2140,3201
2023-02-27 10:02:54,53,56,2140,3201
2023-02-27 10:03:01,56,58,2433,3494
2023-02-27 10:03:05,56,59,2433,3494
2023-02-27 10:03:05,56,57,2433,3494
2023-02-27 10:03:19,56,59,2433,3494
2023-02-27 10:03:19,56,57,2433,3494
2023-02-27 10:03:32,56,59,2433,3494
2023-02-27 10:03:33,56,58,2433,3494
2023-02-27 10:03:42,56,59,2433,3494
2023-02-27 10:03:43,56,58,2433,3494
2023-02-27 10:03:49,58,59,2486,3547
2023-02-27 10:03:57,58,59,2487,3548
2023-02-27 10:05:09,58,59,2487,3770
2023-02-27 10:05:33,58,59,2487,3824
2023-02-27 10:05:43,59,63,2487,3869
2023-02-27 10:05:43,59,61,2487,3869
2023-02-27 10:05:52,58,61,2487,3869
2023-02-27 10:05:52,58,66,2487,3869
2023-02-27 10:05:52,59,66,2487,3869
2023-02-27 10:05:52,59,63,2487,3869
2023-02-27 10:05:52,59,61,2487,3869
2023-02-27 10:06:18,58,61,2487,3869
2023-02-27 10:06:19,58,63,2487,3869
2023-02-27 10:06:19,58,67,2487,3869
2023-02-27 10:06:19,58,66,2487,3869
2023-02-27 10:06:19,58,67,2487,3869
2023-02-27 10:06:19,59,67,2487,3869
2023-02-27 10:06:19,59,65,2487,3869
2023-02-27 10:06:19,59,61,2487,3869
2023-02-27 10:06:28,58,61,2487,3869
2023-02-27 10:06:28,58,63,2487,3869
2023-02-27 10:06:28,58,61,2487,3869
2023-02-27 10:06:49,58,65,2487,3869
2023-02-27 10:06:50,58,60,2487,3869
2023-02-27 10:07:34,58,66,2487,3869
2023-02-27 10:07:34,58,65,2487,3869
2023-02-27 10:07:34,58,61,2487,3869
2023-02-27 10:07:54,58,63,2487,3869
2023-02-27 10:07:54,58,66,2487,3869
2023-02-27 10:07:54,58,60,2487,3869
2023-02-27 10:08:24,58,64,2487,3869
2023-02-27 10:08:24,58,67,2487,3869
2023-02-27 10:08:25,59,67,2487,3869
2023-02-27 10:08:25,59,65,2487,3869
2023-02-27 10:08:25,59,63,2487,3869
2023-02-27 10:08:25,59,61,2487,3869
2023-02-27 10:08:45,58,61,2487,3869
2023-02-27 10:08:45,58,63,2487,3869
2023-02-27 10:08:46,58,70,2487,3869
2023-02-27 10:08:46,60,70,2487,3869
2023-02-27 10:08:46,60,64,2487,3869
2023-02-27 10:08:46,60,62,2487,3869
2023-02-27 10:09:06,60,64,2487,3869
2023-02-27 10:09:06,60,66,2487,3869
2023-02-27 10:09:06,60,71,2487,3869
2023-02-27 10:09:07,60,62,2487,3869
2023-02-27 10:09:27,58,62,2487,3869
2023-02-27 10:09:28,58,64,2487,3869
2023-02-27 10:09:28,58,72,2487,3869
2023-02-27 10:09:28,60,72,2487,3869
2023-02-27 10:09:28,62,72,2487,3869
2023-02-27 10:09:28,62,66,2487,3869
2023-02-27 10:09:28,62,64,2487,3869
2023-02-27 10:09:52,60,64,2487,3869
2023-02-27 10:09:52,58,64,2487,3869
2023-02-27 10:09:52,58,66,2487,3869
2023-02-27 10:09:52,58,72,2487,3869
2023-02-27 10:09:52,59,72,2487,3869
2023-02-27 10:09:52,61,72,2487,3869
2023-02-27 10:09:52,61,68,2487,3869
2023-02-27 10:09:52,61,64,2487,3869
2023-02-27 10:10:35,59,64,2487,3869
2023-02-27 10:10:35,59,71,2487,3869
2023-02-27 10:10:35,59,70,2487,3869
2023-02-27 10:10:35,61,70,2487,3869
2023-02-27 10:10:35,61,65,2487,3869
2023-02-27 10:10:35,61,63,2487,3869
2023-02-27 10:10:59,59,63,2487,3869
2023-02-27 10:10:59,58,63,2487,3869
2023-02-27 10:10:59,58,67,2487,3869
2023-02-27 10:10:59,58,71,2487,3869
2023-02-27 10:10:59,61,71,2487,3869
2023-02-27 10:10:59,61,65,2487,3869
2023-02-27 10:10:59,61,63,2487,3869
2023-02-27 10:11:19,58,63,2487,3869
2023-02-27 10:11:19,58,70,2487,3869
2023-02-27 10:11:19,58,69,2487,3869
2023-02-27 10:11:20,58,70,2487,3869
2023-02-27 10:11:20,60,70,2487,3869
2023-02-27 10:11:20,60,66,2487,3869
2023-02-27 10:11:20,60,64,2487,3869
2023-02-27 10:11:20,60,62,2487,3869
2023-02-27 10:11:32,58,62,2487,3869
2023-02-27 10:11:32,58,71,2487,3869
2023-02-27 10:11:32,58,70,2487,3869
2023-02-27 10:11:32,60,70,2487,3869
2023-02-27 10:11:32,60,65,2487,3869
2023-02-27 10:11:32,60,63,2487,3869
2023-02-27 10:11:54,58,63,2487,3869
2023-02-27 10:11:54,58,65,2487,3869
2023-02-27 10:11:54,58,69,2487,3869
2023-02-27 10:11:54,60,69,2487,3869
2023-02-27 10:11:54,60,66,2487,3869
2023-02-27 10:11:54,60,64,2487,3869
2023-02-27 10:11:54,60,62,2487,3869
2023-02-27 10:12:17,58,62,2487,3869
2023-02-27 10:12:17,58,64,2487,3869
2023-02-27 10:12:17,58,66,2487,3869
2023-02-27 10:12:17,58,71,2487,3869
2023-02-27 10:12:17,60,71,2487,3869
2023-02-27 10:12:18,60,67,2487,3869
2023-02-27 10:12:18,60,65,2487,3869
2023-02-27 10:12:18,60,63,2487,3869
2023-02-27 10:12:39,58,63,2487,3869
2023-02-27 10:12:39,58,65,2487,3869
2023-02-27 10:12:39,58,70,2487,3869
2023-02-27 10:12:39,60,70,2487,3869
2023-02-27 10:12:39,60,64,2487,3869
2023-02-27 10:12:39,60,62,2487,3869
2023-02-27 10:13:23,58,62,2487,3869
2023-02-27 10:13:23,58,64,2487,3869
2023-02-27 10:13:23,60,64,2487,3869
2023-02-27 10:13:23,60,62,2487,3869
2023-02-27 10:13:29,58,62,2487,3869
2023-02-27 10:13:29,58,64,2487,3869
2023-02-27 10:13:29,58,66,2487,3869
2023-02-27 10:13:29,58,71,2487,3869
2023-02-27 10:13:30,60,71,2487,3869
2023-02-27 10:13:30,60,67,2487,3869
2023-02-27 10:13:30,60,63,2487,3869
2023-02-27 10:13:46,60,65,2487,3869
2023-02-27 10:13:46,60,63,2487,3869
2023-02-27 10:13:53,58,63,2487,3869
2023-02-27 10:13:53,58,65,2487,3869
2023-02-27 10:13:53,58,69,2487,3869
2023-02-27 10:13:54,60,69,2487,3869
2023-02-27 10:13:54,60,64,2487,3869
2023-02-27 10:13:54,60,62,2487,3869
2023-02-27 10:14:28,58,62,2487,3869
2023-02-27 10:14:28,58,64,2487,3869
2023-02-27 10:14:29,60,64,2487,3869
2023-02-27 10:14:29,60,62,2487,3869
2023-02-27 10:14:46,58,62,2487,3869
2023-02-27 10:14:46,60,62,2487,3869
2023-02-27 10:14:52,60,64,2487,3869
2023-02-27 10:14:52,60,62,2487,3869
2023-02-27 10:15:19,58,62,2487,3869
2023-02-27 10:15:19,58,66,2487,3869
2023-02-27 10:15:19,58,70,2487,3869
2023-02-27 10:15:20,60,70,2487,3869
2023-02-27 10:15:20,60,63,2487,3869
2023-02-27 10:15:36,58,63,2487,3869
2023-02-27 10:15:36,58,65,2487,3869
2023-02-27 10:15:36,60,65,2487,3869
2023-02-27 10:15:36,60,63,2487,3869
2023-02-27 10:15:44,58,63,2487,3869
2023-02-27 10:15:44,58,70,2487,3869
2023-02-27 10:15:44,60,70,2487,3869
2023-02-27 10:15:44,60,62,2487,3869
2023-02-27 10:15:55,60,70,2487,3869
2023-02-27 10:15:55,60,65,2487,3869
2023-02-27 10:15:55,60,63,2487,3869
2023-02-27 10:16:18,58,63,2487,3869
2023-02-27 10:16:18,58,65,2487,3869
2023-02-27 10:16:18,60,65,2487,3869
2023-02-27 10:16:18,60,63,2487,3869
2023-02-27 10:16:31,58,63,2487,3869
2023-02-27 10:16:31,58,65,2487,3869
2023-02-27 10:16:31,58,70,2487,3869
2023-02-27 10:16:31,60,70,2487,3869
2023-02-27 10:16:31,60,63,2487,3869
2023-02-27 10:16:50,60,65,2487,3869
2023-02-27 10:16:50,60,63,2487,3869
2023-02-27 10:17:19,58,63,2487,3869
2023-02-27 10:17:19,58,67,2487,3869
2023-02-27 10:17:19,58,71,2487,3869
2023-02-27 10:17:19,58,70,2487,3869
2023-02-27 10:17:19,59,70,2487,3869
2023-02-27 10:17:19,61,70,2487,3869
2023-02-27 10:17:19,61,71,2487,3869
2023-02-27 10:17:19,61,65,2487,3869
2023-02-27 10:17:19,61,63,2487,3869
2023-02-27 10:17:28,59,63,2487,3869
2023-02-27 10:17:29,61,63,2487,3869
2023-02-27 10:17:45,59,63,2487,3869
2023-02-27 10:17:45,59,70,2487,3869
2023-02-27 10:17:45,61,70,2487,3869
2023-02-27 10:17:45,61,68,2487,3869
2023-02-27 10:17:45,61,64,2487,3869
2023-02-27 10:17:51,59,64,2487,3869
2023-02-27 10:17:51,59,70,2487,3869
2023-02-27 10:17:51,61,70,2487,3869
2023-02-27 10:17:51,61,67,2487,3869
2023-02-27 10:17:51,61,65,2487,3869
2023-02-27 10:17:51,61,63,2487,3869
2023-02-27 10:18:19,59,63,2487,3869
2023-02-27 10:18:19,59,65,2487,3869
2023-02-27 10:18:19,61,65,2487,3869
2023-02-27 10:18:19,61,63,2487,3869
2023-02-27 10:18:26,59,63,2487,3869
2023-02-27 10:18:26,59,67,2487,3869
2023-02-27 10:18:26,59,71,2487,3869
2023-02-27 10:18:26,61,71,2487,3869
2023-02-27 10:18:26,61,64,2487,3869
2023-02-27 10:18:41,59,64,2487,3869
2023-02-27 10:18:41,58,64,2487,3869
2023-02-27 10:18:42,58,66,2487,3869
2023-02-27 10:18:42,58,71,2487,3869
2023-02-27 10:18:42,58,70,2487,3869
2023-02-27 10:18:42,58,71,2487,3869
2023-02-27 10:18:42,61,71,2487,3869
2023-02-27 10:18:42,61,68,2487,3869
2023-02-27 10:18:42,61,64,2487,3869
2023-02-27 10:18:50,61,68,2487,3869
2023-02-27 10:18:50,61,71,2487,3869
2023-02-27 10:18:51,61,70,2487,3869
2023-02-27 10:18:51,61,66,2487,3869
2023-02-27 10:18:51,61,64,2487,3869
2023-02-27 10:19:19,59,64,2487,3869
2023-02-27 10:19:19,58,64,2487,3869
2023-02-27 10:19:20,58,66,2487,3869
2023-02-27 10:19:20,60,66,2487,3869
2023-02-27 10:19:20,62,66,2487,3869
2023-02-27 10:19:20,62,64,2487,3869
2023-02-27 10:19:35,60,64,2487,3869
2023-02-27 10:19:35,60,66,2487,3869
2023-02-27 10:19:36,62,66,2487,3869
2023-02-27 10:19:36,62,64,2487,3869
2023-02-27 10:19:55,60,64,2487,3869
2023-02-27 10:19:55,60,66,2487,3869
2023-02-27 10:19:55,62,66,2487,3869
2023-02-27 10:19:55,62,64,2487,3869
2023-02-27 10:20:34,60,64,2487,3869
2023-02-27 10:20:34,60,66,2487,3869
2023-02-27 10:20:34,62,66,2487,3869
2023-02-27 10:20:34,62,64,2487,3869
2023-02-27 10:20:41,60,64,2487,3869
2023-02-27 10:20:41,60,66,2487,3869
2023-02-27 10:20:41,62,66,2487,3869
2023-02-27 10:20:41,62,64,2487,3869
2023-02-27 10:20:53,58,64,2487,3869
2023-02-27 10:20:53,58,70,2487,3869
2023-02-27 10:20:53,58,69,2487,3869
2023-02-27 10:20:53,61,69,2487,3869
2023-02-27 10:20:53,61,63,2487,3869
2023-02-27 10:21:21,61,65,2487,3869
2023-02-27 10:21:21,61,70,2487,3869
2023-02-27 10:21:21,61,69,2487,3869
2023-02-27 10:21:21,61,66,2487,3869
2023-02-27 10:21:21,61,64,2487,3869
2023-02-27 10:21:35,61,68,2487,3869
2023-02-27 10:21:35,61,67,2487,3869
2023-02-27 10:21:35,61,63,2487,3869
2023-02-27 10:21:44,59,63,2487,3869
2023-02-27 10:21:44,59,65,2487,3869
2023-02-27 10:21:44,61,65,2487,3869
2023-02-27 10:21:44,61,63,2487,3869
2023-02-27 10:21:58,58,63,2487,3869
2023-02-27 10:21:58,58,65,2487,3869
2023-02-27 10:21:58,60,65,2487,3869
2023-02-27 10:21:58,60,63,2487,3869
2023-02-27 10:22:19,58,63,2487,3869
2023-02-27 10:22:19,58,65,2487,3869
2023-02-27 10:22:19,58,69,2487,3869
2023-02-27 10:22:20,60,69,2487,3869
2023-02-27 10:22:20,60,66,2487,3869
2023-02-27 10:22:20,60,62,2487,3869
2023-02-27 10:22:35,58,62,2487,3869
2023-02-27 10:22:35,58,64,2487,3869
2023-02-27 10:22:35,58,69,2487,3869
2023-02-27 10:22:35,60,69,2487,3869
2023-02-27 10:22:35,60,65,2487,3869
2023-02-27 10:22:35,60,63,2487,3869
2023-02-27 10:22:40,58,63,2487,3869
2023-02-27 10:22:40,60,63,2487,3869
2023-02-27 10:23:29,58,63,2487,3869
2023-02-27 10:23:29,58,67,2487,3869
2023-02-27 10:23:29,58,68,2487,3869
2023-02-27 10:23:29,59,68,2487,3869
2023-02-27 10:23:29,61,68,2487,3869
2023-02-27 10:23:29,61,64,2487,3869
2023-02-27 10:23:43,61,66,2487,3869
2023-02-27 10:23:44,61,64,2487,3869
2023-02-27 10:23:50,58,64,2487,3869
2023-02-27 10:23:50,58,66,2487,3869
2023-02-27 10:23:50,60,66,2487,3869
2023-02-27 10:23:50,62,66,2487,3869
2023-02-27 10:23:50,62,64,2487,3869
2023-02-27 10:24:18,20,64,2487,3869
2023-02-27 10:24:18,20,66,2487,3869
2023-02-27 10:24:18,59,66,2487,3869
2023-02-27 10:24:18,61,66,2487,3869
2023-02-27 10:24:18,61,64,2487,3869
2023-02-27 10:24:29,56,64,2487,3869
2023-02-27 10:24:29,20,64,2487,3869
2023-02-27 10:24:29,20,66,2487,3869
2023-02-27 10:24:29,62,66,2487,3869
2023-02-27 10:24:29,62,64,2487,3869
2023-02-27 10:24:47,62,66,2487,3869
2023-02-27 10:24:47,62,64,2487,3869
2023-02-27 10:24:54,60,64,2487,3869
2023-02-27 10:24:54,20,64,2487,3869
2023-02-27 10:24:54,20,68,2487,3869
2023-02-27 10:24:54,20,69,2487,3869
2023-02-27 10:24:54,57,69,2487,3869
2023-02-27 10:24:54,62,69,2487,3869
2023-02-27 10:24:54,62,68,2487,3869
2023-02-27 10:24:54,62,66,2487,3869
2023-02-27 10:24:54,62,64,2487,3869
2023-02-27 10:25:20,60,64,2487,3869
2023-02-27 10:25:20,57,64,2487,3869
2023-02-27 10:25:20,20,64,2487,3869
2023-02-27 10:25:20,20,66,2487,3869
2023-02-27 10:25:20,20,70,2487,3869
2023-02-27 10:25:21,63,70,2487,3869
2023-02-27 10:25:21,63,67,2487,3869
2023-02-27 10:25:21,63,65,2487,3869
2023-02-27 10:25:34,61,65,2487,3869
2023-02-27 10:25:34,63,65,2487,3869
2023-02-27 10:25:41,61,65,2487,3869
2023-02-27 10:25:41,63,65,2487,3869
2023-02-27 10:25:51,61,65,2487,3869
2023-02-27 10:25:51,20,65,2487,3869
2023-02-27 10:25:51,20,69,2487,3869
2023-02-27 10:25:51,20,70,2487,3869
2023-02-27 10:25:51,63,70,2487,3869
2023-02-27 10:25:51,63,67,2487,3869
2023-02-27 10:25:51,63,65,2487,3869
2023-02-27 10:26:17,61,65,2487,3869
2023-02-27 10:26:17,61,67,2487,3869
2023-02-27 10:26:18,63,67,2487,3869
2023-02-27 10:26:18,63,65,2487,3869
2023-02-27 10:26:34,61,65,2487,3869
2023-02-27 10:26:34,61,67,2487,3869
2023-02-27 10:26:34,61,69,2487,3869
2023-02-27 10:26:34,61,71,2487,3869
2023-02-27 10:26:34,61,68,2487,3869
2023-02-27 10:26:34,63,68,2487,3869
2023-02-27 10:26:34,63,70,2487,3869
2023-02-27 10:26:34,63,66,2487,3869
2023-02-27 10:26:40,20,66,2487,3869
2023-02-27 10:26:40,20,68,2487,3869
2023-02-27 10:26:40,62,68,2487,3869
2023-02-27 10:26:40,64,68,2487,3869
2023-02-27 10:26:40,64,66,2487,3869
2023-02-27 10:26:51,64,68,2487,3869
2023-02-27 10:26:51,64,66,2487,3869
2023-02-27 10:27:20,62,66,2487,3869
2023-02-27 10:27:20,64,66,2487,3869
2023-02-27 10:27:29,20,66,2487,3869
2023-02-27 10:27:29,20,68,2487,3869
2023-02-27 10:27:29,20,70,2487,3869
2023-02-27 10:27:29,20,71,2487,3869
2023-02-27 10:27:29,60,71,2487,3869
2023-02-27 10:27:29,62,71,2487,3869
2023-02-27 10:27:29,62,70,2487,3869
2023-02-27 10:27:29,64,70,2487,3869
2023-02-27 10:27:29,64,67,2487,3869
2023-02-27 10:27:44,62,67,2487,3869
2023-02-27 10:27:44,62,71,2487,3869
2023-02-27 10:27:44,64,71,2487,3869
2023-02-27 10:27:44,64,70,2487,3869
2023-02-27 10:27:44,64,68,2487,3869
2023-02-27 10:27:44,64,66,2487,3869
2023-02-27 10:27:54,62,66,2487,3869
2023-02-27 10:27:54,62,68,2487,3869
2023-02-27 10:27:54,64,68,2487,3869
2023-02-27 10:27:54,64,66,2487,3869
2023-02-27 10:28:20,20,66,2487,3869
2023-02-27 10:28:20,20,68,2487,3869
2023-02-27 10:28:20,59,68,2487,3869
2023-02-27 10:28:20,61,68,2487,3869
2023-02-27 10:28:20,63,68,2487,3869
2023-02-27 10:28:20,63,66,2487,3869
2023-02-27 10:28:33,20,66,2487,3869
2023-02-27 10:28:33,20,68,2487,3869
2023-02-27 10:28:33,62,68,2487,3869
2023-02-27 10:28:33,64,68,2487,3869
2023-02-27 10:28:33,64,66,2487,3869
2023-02-27 10:28:35,62,64,2487,3925
2023-02-27 10:28:42,60,66,2487,3925
2023-02-27 10:28:42,20,66,2487,3925
2023-02-27 10:28:42,20,68,2487,3925
2023-02-27 10:28:43,63,68,2487,3925
2023-02-27 10:28:43,63,66,2487,3925
2023-02-27 10:28:59,61,66,2487,3925
2023-02-27 10:28:59,20,66,2487,3925
2023-02-27 10:28:59,20,68,2487,3925
2023-02-27 10:28:59,64,68,2487,3925
2023-02-27 10:28:59,64,66,2487,3925
2023-02-27 10:29:07,62,64,2487,3981
2023-02-27 10:29:11,62,66,2487,3981
2023-02-27 10:29:14,20,66,2487,3981
2023-02-27 10:29:14,20,68,2487,3981
2023-02-27 10:29:14,63,68,2487,3981
2023-02-27 10:29:14,63,66,2487,3981
2023-02-27 10:29:31,61,66,2487,3981
2023-02-27 10:29:31,61,70,2487,3981
2023-02-27 10:29:31,61,69,2487,3981
2023-02-27 10:29:31,63,69,2487,3981
2023-02-27 10:29:31,63,67,2487,3981
2023-02-27 10:29:31,63,65,2487,3981
2023-02-27 10:29:52,20,65,2487,3981
2023-02-27 10:29:52,20,67,2487,3981
2023-02-27 10:29:52,20,69,2487,3981
2023-02-27 10:29:52,20,68,2487,3981
2023-02-27 10:29:52,20,69,2487,3981
2023-02-27 10:29:52,57,69,2487,3981
2023-02-27 10:29:52,62,69,2487,3981
2023-02-27 10:29:52,62,68,2487,3981
2023-02-27 10:29:52,62,64,2487,3981
2023-02-27 10:30:01,62,64,2384,4084
2023-02-27 10:30:07,60,64,2384,4084
2023-02-27 10:30:07,60,66,2384,4084
2023-02-27 10:30:08,62,66,2384,4084
2023-02-27 10:30:08,62,64,2384,4084
2023-02-27 10:30:17,60,64,2384,4084
2023-02-27 10:30:17,20,64,2384,4084
2023-02-27 10:30:17,20,68,2384,4084
2023-02-27 10:30:17,56,68,2384,4084
2023-02-27 10:30:17,61,68,2384,4084
2023-02-27 10:30:17,61,67,2384,4084
2023-02-27 10:30:17,61,63,2384,4084
2023-02-27 10:30:27,20,63,2384,4084
2023-02-27 10:30:27,59,63,2384,4084
2023-02-27 10:30:27,61,63,2384,4084
2023-02-27 10:30:42,59,63,2384,4084
2023-02-27 10:30:42,59,65,2384,4084
2023-02-27 10:30:42,61,65,2384,4084
2023-02-27 10:30:42,61,63,2384,4084
2023-02-27 10:30:56,59,63,2384,4193
2023-02-27 10:30:59,56,63,2384,4193
2023-02-27 10:30:59,20,63,2384,4193
2023-02-27 10:30:59,20,65,2384,4193
2023-02-27 10:30:59,20,66,2384,4193
2023-02-27 10:30:59,20,64,2384,4193
2023-02-27 10:30:59,20,66,2384,4193
2023-02-27 10:30:59,60,66,2384,4193
2023-02-27 10:30:59,60,63,2384,4193
2023-02-27 10:31:11,63,65,2616,4425
2023-02-27 10:31:11,63,64,2616,4425
2023-02-27 10:31:13,63,64,2716,4525
2023-02-27 10:31:15,63,64,2832,4641
2023-02-27 10:31:15,63,65,2832,4641
2023-02-27 10:31:16,63,65,2932,4741
2023-02-27 10:31:20,63,65,3032,4841
2023-02-27 10:31:24,63,65,3132,4941
2023-02-27 10:31:28,63,65,3232,5041
2023-02-27 10:31:28,63,67,3232,5041
2023-02-27 10:31:29,63,67,3343,5152
2023-02-27 10:31:29,63,66,3343,5152
2023-02-27 10:31:29,63,64,3343,5152
2023-02-27 10:31:33,60,63,3384,5193
2023-02-27 10:31:40,60,62,3384,5193
2023-02-27 10:31:54,62,64,3495,5304
2023-02-27 10:31:55,62,68,3495,5304
2023-02-27 10:31:56,62,68,3670,5479
2023-02-27 10:31:56,62,66,3670,5479
2023-02-27 10:31:56,62,64,3670,5479
2023-02-27 10:32:12,62,66,3670,5479
2023-02-27 10:32:12,62,68,3670,5479
2023-02-27 10:32:12,62,65,3670,5479
2023-02-27 10:32:12,62,63,3670,5479
2023-02-27 10:32:32,62,69,3670,5479
2023-02-27 10:32:32,62,65,3670,5479
2023-02-27 10:32:35,63,65,3670,5479
2023-02-27 10:32:47,63,67,3670,5479
2023-02-27 10:32:47,63,65,3670,5479
2023-02-27 10:33:03,63,69,3670,5479
2023-02-27 10:33:03,63,67,3670,5479
2023-02-27 10:33:03,63,65,3670,5479
2023-02-27 10:33:15,62,65,3670,5479
2023-02-27 10:33:28,60,65,3670,5479
2023-02-27 10:33:28,20,65,3670,5479
2023-02-27 10:33:28,20,67,3670,5479
2023-02-27 10:33:28,61,67,3670,5479
2023-02-27 10:33:29,61,63,3670,5479
2023-02-27 10:33:44,61,65,3670,5479
2023-02-27 10:33:44,61,63,3670,5479
2023-02-27 10:34:02,56,63,3670,5479
2023-02-27 10:34:02,20,63,3670,5479
2023-02-27 10:34:02,20,65,3670,5479
2023-02-27 10:34:03,56,65,3670,5479
2023-02-27 10:34:03,60,65,3670,5479
2023-02-27 10:34:03,60,63,3670,5479
2023-02-27 10:34:16,57,63,3670,5479
2023-02-27 10:34:16,57,64,3670,5479
2023-02-27 10:34:16,60,64,3670,5479
2023-02-27 10:34:16,60,62,3670,5479
2023-02-27 10:34:30,57,62,3670,5479
2023-02-27 10:34:30,20,62,3670,5479
2023-02-27 10:34:30,20,64,3670,5479
2023-02-27 10:34:30,20,65,3670,5479
2023-02-27 10:34:30,56,65,3670,5479
2023-02-27 10:34:30,59,65,3670,5479
2023-02-27 10:34:30,59,61,3670,5479
2023-02-27 10:34:43,56,61,3670,5479
2023-02-27 10:34:43,56,65,3670,5479
2023-02-27 10:34:43,57,65,3670,5479
2023-02-27 10:34:43,60,65,3670,5479
2023-02-27 10:34:43,60,64,3670,5479
2023-02-27 10:34:43,60,62,3670,5479
2023-02-27 10:34:58,57,62,3670,5479
2023-02-27 10:34:58,57,64,3670,5479
2023-02-27 10:34:58,57,65,3670,5479
2023-02-27 10:34:58,60,65,3670,5479
2023-02-27 10:34:58,60,63,3670,5479
2023-02-27 10:35:21,57,63,3670,5479
2023-02-27 10:35:21,56,63,3670,5479
2023-02-27 10:35:21,56,65,3670,5479
2023-02-27 10:35:21,59,65,3670,5479
2023-02-27 10:35:21,59,64,3670,5479
2023-02-27 10:35:21,59,62,3670,5479
2023-02-27 10:35:32,59,65,3670,5479
2023-02-27 10:35:32,59,64,3670,5479
2023-02-27 10:35:32,59,62,3670,5479
2023-02-27 10:35:40,56,62,3670,5479
2023-02-27 10:35:40,56,64,3670,5479
2023-02-27 10:35:40,57,64,3670,5479
2023-02-27 10:35:40,60,64,3670,5479
2023-02-27 10:35:40,60,62,3670,5479
2023-02-27 10:35:55,20,62,3670,5479
2023-02-27 10:35:55,20,63,3670,5479
2023-02-27 10:35:56,56,63,3670,5479
2023-02-27 10:35:56,57,63,3670,5479
2023-02-27 10:35:56,57,61,3670,5479
2023-02-27 10:36:05,58,61,3670,5479
2023-02-27 10:36:14,58,59,3670,5479
2023-02-27 10:36:16,57,59,3470,5679
2023-02-27 10:36:16,56,59,3320,5829
2023-02-27 10:36:17,56,57,3320,5829
2023-02-27 10:36:17,56,57,3320,5929
2023-02-27 10:36:20,56,58,3320,5929
2023-02-27 10:36:22,56,58,3320,6029
2023-02-27 10:36:24,56,59,3320,6029
2023-02-27 10:36:26,56,59,3320,6129
2023-02-27 10:36:27,56,58,3320,6129
2023-02-27 10:36:28,54,58,3320,6129
2023-02-27 10:36:28,53,58,3320,6129
2023-02-27 10:36:29,53,57,3320,6129
2023-02-27 10:36:29,53,57,3431,6240
2023-02-27 10:36:29,53,55,3431,6240
2023-02-27 10:36:45,53,56,3431,6240
2023-02-27 10:36:45,53,55,3431,6240
2023-02-27 10:37:01,52,55,3520,6329
2023-02-27 10:37:03,50,55,3520,6329
2023-02-27 10:37:03,50,56,3520,6329
2023-02-27 10:37:04,53,56,3520,6329
2023-02-27 10:37:04,53,55,3520,6329
2023-02-27 10:37:05,53,54,3520,6329
2023-02-27 10:37:07,51,53,3520,6356
2023-02-27 10:37:10,49,50,3609,6722
2023-02-27 10:37:15,49,50,3520,6811
2023-02-27 10:37:20,47,49,3542,6833
2023-02-27 10:37:28,48,49,3542,6833
2023-02-27 10:37:32,48,50,3542,6833
2023-02-27 10:37:46,47,50,3542,6833
2023-02-27 10:37:46,47,49,3542,6833
2023-02-27 10:38:05,45,49,3542,6833
2023-02-27 10:38:05,45,50,3542,6833
2023-02-27 10:38:05,41,50,3542,6833
2023-02-27 10:38:06,43,50,3542,6833
2023-02-27 10:38:06,47,50,3542,6833
2023-02-27 10:38:06,47,49,3542,6833
2023-02-27 10:38:06,47,48,3542,6833
2023-02-27 10:38:13,45,47,3433,6942
2023-02-27 10:38:21,43,47,3433,6942
2023-02-27 10:38:22,43,45,3433,6942
2023-02-27 10:38:29,43,45,3542,7051
2023-02-27 10:38:38,43,49,3542,7051
2023-02-27 10:38:38,43,46,3542,7051
2023-02-27 10:38:38,43,44,3542,7051
2023-02-27 10:38:40,43,44,3542,7151
2023-02-27 10:38:42,45,46,3579,7188
2023-02-27 10:38:54,45,50,3579,7188
2023-02-27 10:38:54,45,48,3579,7188
2023-02-27 10:38:54,45,46,3579,7188
2023-02-27 10:39:00,45,48,3687,7296
2023-02-27 10:39:07,45,50,3687,7296
2023-02-27 10:39:07,45,47,3687,7296
2023-02-27 10:39:20,45,49,3687,7296
2023-02-27 10:39:20,45,50,3687,7296
2023-02-27 10:39:20,46,50,3687,7296
2023-02-27 10:39:20,46,48,3687,7296
2023-02-27 10:39:30,45,48,3687,7296
2023-02-27 10:39:30,45,50,3687,7296
2023-02-27 10:39:30,46,50,3687,7296
2023-02-27 10:39:31,46,48,3687,7296
2023-02-27 10:39:40,45,48,3687,7296
2023-02-27 10:39:40,45,50,3687,7296
2023-02-27 10:39:40,46,50,3687,7296
2023-02-27 10:39:40,46,49,3687,7296
2023-02-27 10:39:56,45,49,3687,7296
2023-02-27 10:39:56,45,50,3687,7296
2023-02-27 10:39:56,46,50,3687,7296
2023-02-27 10:39:56,46,48,3687,7296
2023-02-27 10:40:07,44,45,3631,7461
2023-02-27 10:40:16,44,45,3596,7496
2023-02-27 10:40:17,42,44,3596,8018
2023-02-27 10:40:22,42,45,3596,8018
2023-02-27 10:40:22,42,46,3596,8018
2023-02-27 10:40:32,41,46,3596,8018
2023-02-27 10:40:32,41,45,3596,8018
2023-02-27 10:40:32,41,44,3596,8018
2023-02-27 10:40:44,42,44,3596,8018
2023-02-27 10:40:58,42,45,3596,8018
2023-02-27 10:40:58,42,47,3596,8018
2023-02-27 10:40:59,42,44,3596,8018
2023-02-27 10:41:37,42,45,3596,8018
2023-02-27 10:41:37,42,44,3596,8018
2023-02-27 10:41:42,43,44,3596,8018
2023-02-27 10:41:52,43,45,3596,8133
2023-02-27 10:41:53,43,49,3596,8133
2023-02-27 10:41:53,43,44,3596,8133
2023-02-27 10:42:02,43,46,3828,8365
2023-02-27 10:42:06,43,48,3828,8365
2023-02-27 10:42:06,43,49,3828,8365
2023-02-27 10:42:06,43,45,3828,8365
2023-02-27 10:42:20,42,45,3828,8365
2023-02-27 10:42:20,42,47,3828,8365
2023-02-27 10:42:20,42,48,3828,8365
2023-02-27 10:42:20,42,45,3828,8365
2023-02-27 10:42:22,43,45,3828,8365
2023-02-27 10:42:31,44,45,3828,8365
2023-02-27 10:42:33,43,45,3828,8365
2023-02-27 10:42:34,43,47,3828,8365
2023-02-27 10:42:34,43,45,3828,8365
2023-02-27 10:43:00,43,45,3848,8385
2023-02-27 10:43:07,42,45,3848,8385
2023-02-27 10:43:07,42,46,3848,8385
2023-02-27 10:43:07,42,45,3848,8385
2023-02-27 10:43:20,41,45,3848,8385
2023-02-27 10:43:20,41,46,3848,8385
2023-02-27 10:43:20,41,44,3848,8385
2023-02-27 10:43:31,39,44,3848,8385
2023-02-27 10:43:31,38,44,3848,8385
2023-02-27 10:43:31,38,46,3848,8385
2023-02-27 10:43:31,38,43,3848,8385
2023-02-27 10:43:31,40,43,3848,8385
2023-02-27 10:43:31,42,43,3848,8385
2023-02-27 10:43:46,40,43,3687,8546
2023-02-27 10:43:47,38,43,3687,8546
2023-02-27 10:43:47,38,41,3687,8546
2023-02-27 10:43:48,39,41,3687,8546
2023-02-27 10:43:49,38,41,3687,8546
2023-02-27 10:43:50,39,41,3687,8546
2023-02-27 10:43:54,38,41,3687,8546
2023-02-27 10:43:55,39,41,3687,8546
2023-02-27 10:44:01,40,41,3687,8546
2023-02-27 10:44:02,40,44,3687,8546
2023-02-27 10:44:02,40,41,3687,8546
2023-02-27 10:44:09,40,41,3802,8661
2023-02-27 10:44:10,41,44,3802,8683
2023-02-27 10:44:21,40,44,3802,8683
2023-02-27 10:44:22,42,44,3802,8683
2023-02-27 10:44:22,42,46,3802,8683
2023-02-27 10:44:22,42,44,3802,8683
2023-02-27 10:44:37,42,46,3802,8683
2023-02-27 10:44:37,42,45,3802,8683
2023-02-27 10:44:50,42,46,3802,8683
2023-02-27 10:44:50,44,46,3802,8683
2023-02-27 10:45:14,44,48,3802,8683
2023-02-27 10:45:14,44,47,3802,8683
2023-02-27 10:45:21,44,48,3802,8683
2023-02-27 10:45:21,44,49,3802,8683
2023-02-27 10:45:21,46,49,3802,8683
2023-02-27 10:45:21,46,48,3802,8683
2023-02-27 10:45:31,44,48,3802,8683
2023-02-27 10:45:31,46,48,3802,8683
2023-02-27 10:45:46,46,47,3802,8683
2023-02-27 10:45:51,44,47,3802,8683
2023-02-27 10:45:51,45,47,3802,8683
2023-02-27 10:46:05,45,48,3802,8683
2023-02-27 10:46:18,45,46,3802,8683
2023-02-27 10:46:18,42,46,3802,8683
2023-02-27 10:46:19,46,48,3687,8798
2023-02-27 10:46:32,44,46,3687,8855
2023-02-27 10:46:37,41,46,3687,8855
2023-02-27 10:46:38,42,46,3687,8855
2023-02-27 10:46:38,44,46,3687,8855
2023-02-27 10:46:39,44,46,3687,8998
2023-02-27 10:46:46,44,47,3687,8998
2023-02-27 10:46:47,42,47,3687,8998
2023-02-27 10:46:47,41,47,3687,8998
2023-02-27 10:46:47,42,47,3687,8998
2023-02-27 10:46:47,42,44,3687,8998
2023-02-27 10:46:55,41,44,3687,8998
2023-02-27 10:46:55,41,46,3687,8998
2023-02-27 10:46:55,41,47,3687,8998
2023-02-27 10:46:55,41,44,3687,8998
2023-02-27 10:47:01,42,44,3687,8998
2023-02-27 10:47:03,43,44,3687,8998
2023-02-27 10:47:15,43,45,3687,8998
2023-02-27 10:47:15,43,47,3687,8998
2023-02-27 10:47:15,43,49,3687,8998
2023-02-27 10:47:15,43,44,3687,8998
2023-02-27 10:47:22,41,44,3687,8998
2023-02-27 10:47:22,42,44,3687,8998
2023-02-27 10:47:22,42,44,3687,9198
2023-02-27 10:47:26,41,44,3687,9198
2023-02-27 10:47:32,42,44,3687,9198
2023-02-27 10:47:42,41,44,3687,9198
2023-02-27 10:47:42,41,46,3687,9198
2023-02-27 10:47:42,42,46,3687,9198
2023-02-27 10:47:42,42,44,3687,9198
2023-02-27 10:48:34,40,44,3687,9198
2023-02-27 10:48:34,40,46,3687,9198
2023-02-27 10:48:34,42,46,3687,9198
2023-02-27 10:48:34,42,44,3687,9198
2023-02-27 10:48:44,41,44,3687,9198
2023-02-27 10:48:44,41,46,3687,9198
2023-02-27 10:48:44,42,46,3687,9198
2023-02-27 10:48:44,42,44,3687,9198
2023-02-27 10:49:00,41,44,3687,9198
2023-02-27 10:49:00,41,46,3687,9198
2023-02-27 10:49:00,42,46,3687,9198
2023-02-27 10:49:00,42,45,3687,9198
2023-02-27 10:49:19,43,45,3687,9198
2023-02-27 10:49:19,43,47,3687,9198
2023-02-27 10:49:19,43,48,3687,9198
2023-02-27 10:49:20,43,49,3687,9198
2023-02-27 10:49:20,43,48,3687,9198
2023-02-27 10:49:20,43,46,3687,9198
2023-02-27 10:49:30,43,48,3687,9198
2023-02-27 10:49:31,44,48,3687,9198
2023-02-27 10:49:31,44,46,3687,9198
2023-02-27 10:50:19,43,46,3687,9198
2023-02-27 10:50:19,43,48,3687,9198
2023-02-27 10:50:20,44,48,3687,9198
2023-02-27 10:50:20,44,47,3687,9198
2023-02-27 10:50:33,44,46,3687,9198
2023-02-27 10:50:33,42,46,3687,9198
2023-02-27 10:50:33,41,46,3687,9198
2023-02-27 10:50:34,43,46,3687,9198
2023-02-27 10:50:34,45,46,3687,9198
2023-02-27 10:50:35,45,46,3687,9212
2023-02-27 10:50:42,41,46,3687,9212
2023-02-27 10:50:42,41,44,3687,9212
2023-02-27 10:50:43,42,44,3687,9212
2023-02-27 10:50:46,43,44,3687,9212
2023-02-27 10:50:48,42,44,3687,9212
2023-02-27 10:50:52,43,44,3687,9212
2023-02-27 10:50:54,42,44,3687,9212
2023-02-27 10:50:56,43,44,3687,9212
2023-02-27 10:50:57,43,46,3687,9212
2023-02-27 10:50:57,43,44,3687,9212
2023-02-27 10:50:57,45,46,3779,9304
2023-02-27 10:51:02,45,46,3836,9361
2023-02-27 10:51:09,45,46,4067,9592
2023-02-27 10:51:09,45,46,4081,9606
2023-02-27 10:51:17,45,47,4081,9606
2023-02-27 10:51:20,45,46,4095,9620
2023-02-27 10:51:21,42,46,4095,9620
2023-02-27 10:51:21,42,44,4095,9620
2023-02-27 10:51:33,43,44,4095,9620
2023-02-27 10:51:35,43,46,4280,9805
2023-02-27 10:51:38,43,44,4280,9805
2023-02-27 10:51:48,43,44,4280,9904
2023-02-27 10:51:56,43,49,4280,9904
2023-02-27 10:51:56,43,47,4280,9904
2023-02-27 10:51:56,43,45,4280,9904
2023-02-27 10:52:25,41,45,4280,9904
2023-02-27 10:52:25,41,46,4280,9904
2023-02-27 10:52:26,42,46,4280,9904
2023-02-27 10:52:26,44,46,4280,9904
2023-02-27 10:52:56,41,46,4280,9904
2023-02-27 10:52:56,41,47,4280,9904
2023-02-27 10:52:56,45,47,4280,9904
2023-02-27 10:53:18,43,47,4280,9904
2023-02-27 10:53:18,43,48,4280,9904
2023-02-27 10:53:19,45,48,4280,9904
2023-02-27 10:53:19,45,47,4280,9904
2023-02-27 10:53:48,44,47,4280,9904
2023-02-27 10:53:48,44,49,4280,9904
2023-02-27 10:53:48,46,49,4280,9904
2023-02-27 10:54:21,44,49,4280,9904
2023-02-27 10:54:22,46,49,4280,9904
2023-02-27 10:54:22,46,48,4280,9904
2023-02-27 10:54:27,44,48,4280,9904
2023-02-27 10:54:27,44,49,4280,9904
2023-02-27 10:54:27,46,49,4280,9904
2023-02-27 10:54:27,46,48,4280,9904
2023-02-27 10:54:39,44,48,4280,9904
2023-02-27 10:54:39,44,49,4280,9904
2023-02-27 10:54:39,46,49,4280,9904
2023-02-27 10:54:41,46,48,4280,9904
2023-02-27 10:54:50,46,49,4280,9904
2023-02-27 10:54:54,43,49,4280,9904
2023-02-27 10:54:54,45,49,4280,9904
2023-02-27 10:54:54,45,48,4280,9904
2023-02-27 10:55:06,45,48,4280,10104
2023-02-27 10:55:08,45,47,4280,10104
2023-02-27 10:55:13,43,47,4280,10104
2023-02-27 10:55:14,45,47,4280,10104
2023-02-27 10:55:15,45,46,4280,10104
2023-02-27 10:55:15,43,46,4224,10160
2023-02-27 10:55:19,40,46,4224,10160
2023-02-27 10:55:19,42,46,4224,10160
2023-02-27 10:55:19,44,46,4224,10160
2023-02-27 10:55:27,42,46,4224,10160
2023-02-27 10:55:27,40,46,4224,10160
2023-02-27 10:55:28,42,46,4224,10160
2023-02-27 10:55:28,42,44,4224,10160
2023-02-27 10:55:35,40,44,4224,10160
2023-02-27 10:55:35,40,46,4224,10160
2023-02-27 10:55:35,41,46,4224,10160
2023-02-27 10:55:35,41,44,4224,10160
2023-02-27 10:55:42,40,44,4224,10160
2023-02-27 10:55:42,40,46,4224,10160
2023-02-27 10:55:42,41,46,4224,10160
2023-02-27 10:55:42,41,45,4224,10160
2023-02-27 10:55:42,41,44,4224,10160
2023-02-27 10:55:57,39,44,4224,10160
2023-02-27 10:55:57,39,45,4224,10160
2023-02-27 10:55:57,41,45,4224,10160
2023-02-27 10:55:57,41,44,4224,10160
2023-02-27 10:56:04,41,43,4224,10160
2023-02-27 10:56:18,41,44,4224,10160
2023-02-27 10:56:23,39,44,4224,10160
2023-02-27 10:56:23,38,44,4224,10160
2023-02-27 10:56:23,38,40,4224,10160
2023-02-27 10:56:24,37,40,4224,10160
2023-02-27 10:56:39,37,43,4224,10160
2023-02-27 10:56:39,37,40,4224,10160
2023-02-27 10:56:41,38,40,4224,10160
2023-02-27 10:56:50,37,40,4224,10160
2023-02-27 10:56:54,37,44,4224,10160
2023-02-27 10:56:54,38,44,4224,10160
2023-02-27 10:56:54,38,41,4224,10160
2023-02-27 10:57:18,39,41,4224,10160
2023-02-27 10:57:20,39,43,4224,10160
2023-02-27 10:57:20,39,40,4224,10160
2023-02-27 10:57:31,39,43,4224,10160
2023-02-27 10:57:32,37,39,4225,10161
2023-02-27 10:57:43,37,41,4225,10161
2023-02-27 10:57:43,37,44,4225,10161
2023-02-27 10:57:44,38,44,4225,10161
2023-02-27 10:57:44,38,40,4225,10161
2023-02-27 10:57:48,37,40,4225,10161
2023-02-27 10:57:54,38,40,4225,10161
2023-02-27 10:58:00,38,44,4225,10161
2023-02-27 10:58:00,38,41,4225,10161
2023-02-27 10:58:02,39,41,4225,10161
2023-02-27 10:58:19,38,41,4225,10161
2023-02-27 10:58:20,38,41,4225,10161
2023-02-27 10:58:20,38,41,4225,10361
2023-02-27 10:58:20,39,41,4225,10361
2023-02-27 10:58:26,39,45,4225,10361
2023-02-27 10:58:26,39,44,4225,10361
2023-02-27 10:58:26,39,43,4225,10361
2023-02-27 10:58:26,40,43,4225,10361
2023-02-27 10:58:33,40,44,4447,10583
2023-02-27 10:58:34,41,44,4447,10583
2023-02-27 10:58:42,41,47,4447,10583
2023-02-27 10:58:42,40,47,4447,10583
2023-02-27 10:58:42,42,47,4447,10583
2023-02-27 10:58:42,42,46,4447,10583
2023-02-27 10:58:42,42,44,4447,10583
2023-02-27 10:58:53,41,44,4447,10583
2023-02-27 10:58:53,41,46,4447,10583
2023-02-27 10:58:53,41,47,4447,10583
2023-02-27 10:58:53,43,47,4447,10583
2023-02-27 10:58:53,43,45,4447,10583
2023-02-27 10:59:17,42,45,4447,10583
2023-02-27 10:59:17,42,47,4447,10583
2023-02-27 10:59:17,44,47,4447,10583
2023-02-27 10:59:33,42,47,4447,10583
2023-02-27 10:59:33,44,47,4447,10583
2023-02-27 10:59:39,42,47,4447,10583
2023-02-27 10:59:39,44,47,4447,10583
2023-02-27 10:59:39,44,46,4447,10583
2023-02-27 10:59:56,44,47,4447,10583
2023-02-27 10:59:56,44,46,4447,10583
2023-02-27 11:00:31,44,48,4447,10583
2023-02-27 11:00:31,44,49,4447,10583
2023-02-27 11:00:31,46,49,4447,10583
2023-02-27 11:00:49,45,49,4447,10583
2023-02-27 11:00:49,45,50,4447,10583
2023-02-27 11:00:49,47,50,4447,10583
2023-02-27 11:00:49,47,49,4447,10583
2023-02-27 11:00:57,45,49,4447,10583
2023-02-27 11:00:57,45,50,4447,10583
2023-02-27 11:00:57,47,50,4447,10583
2023-02-27 11:01:35,46,50,4447,10583
2023-02-27 11:01:35,46,51,4447,10583
2023-02-27 11:01:35,48,51,4447,10583
2023-02-27 11:01:35,48,50,4447,10583
2023-02-27 11:01:43,46,50,4447,10583
2023-02-27 11:01:43,46,51,4447,10583
2023-02-27 11:01:43,48,51,4447,10583
2023-02-27 11:01:43,48,50,4447,10583
2023-02-27 11:01:48,48,49,4447,10583
2023-02-27 11:01:52,48,50,4447,10583
2023-02-27 11:01:53,48,49,4447,10583
2023-02-27 11:01:58,48,50,4447,10583
2023-02-27 11:01:59,43,50,4447,10583
2023-02-27 11:01:59,44,50,4447,10583
2023-02-27 11:01:59,46,50,4447,10583
2023-02-27 11:01:59,46,49,4447,10583
2023-02-27 11:02:21,44,49,4447,10583
2023-02-27 11:02:21,44,50,4447,10583
2023-02-27 11:02:21,46,50,4447,10583
2023-02-27 11:02:21,46,48,4447,10583
2023-02-27 11:02:32,44,48,4447,10583
2023-02-27 11:02:32,44,49,4447,10583
2023-02-27 11:02:32,46,49,4447,10583
2023-02-27 11:02:39,43,49,4447,10583
2023-02-27 11:02:40,44,49,4447,10583
2023-02-27 11:02:40,46,49,4447,10583
2023-02-27 11:02:40,46,48,4447,10583
2023-02-27 11:02:59,43,48,4447,10583
2023-02-27 11:02:59,45,48,4447,10583
2023-02-27 11:03:00,45,47,4447,10583
2023-02-27 11:03:28,43,47,4447,10583
2023-02-27 11:03:28,43,49,4447,10583
2023-02-27 11:03:28,46,49,4447,10583
2023-02-27 11:03:28,46,48,4447,10583
2023-02-27 11:03:45,45,48,4447,10583
2023-02-27 11:03:45,45,50,4447,10583
2023-02-27 11:03:45,46,50,4447,10583
2023-02-27 11:03:46,46,49,4447,10583
2023-02-27 11:04:04,45,49,4447,10583
2023-02-27 11:04:04,45,50,4447,10583
2023-02-27 11:04:04,47,50,4447,10583
2023-02-27 11:04:04,47,49,4447,10583
2023-02-27 11:04:17,47,50,4562,10698
2023-02-27 11:04:29,45,50,4447,10813
2023-02-27 11:04:37,45,49,4447,10813
2023-02-27 11:04:39,44,49,4447,10813
2023-02-27 11:04:39,46,49,4447,10813
2023-02-27 11:04:39,46,48,4447,10813
2023-02-27 11:04:55,43,48,4447,10813
2023-02-27 11:04:55,44,48,4447,10813
2023-02-27 11:04:55,44,47,4447,10813
2023-02-27 11:05:21,44,49,4447,10813
2023-02-27 11:05:21,44,50,4447,10813
2023-02-27 11:05:22,46,50,4447,10813
2023-02-27 11:05:22,46,48,4447,10813
2023-02-27 11:05:33,44,48,4447,10813
2023-02-27 11:05:33,44,50,4447,10813
2023-02-27 11:05:34,46,50,4447,10813
2023-02-27 11:05:34,46,48,4447,10813
2023-02-27 11:05:46,45,48,4447,10813
2023-02-27 11:05:46,45,50,4447,10813
2023-02-27 11:05:46,45,51,4447,10813
2023-02-27 11:05:47,47,51,4447,10813
2023-02-27 11:05:47,47,49,4447,10813
2023-02-27 11:06:03,46,49,4447,10813
2023-02-27 11:06:03,46,51,4447,10813
2023-02-27 11:06:03,47,51,4447,10813
2023-02-27 11:06:03,47,49,4447,10813
2023-02-27 11:06:07,47,51,4562,10928
2023-02-27 11:06:07,47,50,4562,10928
2023-02-27 11:06:19,46,50,4562,10928
2023-02-27 11:06:19,48,50,4562,10928
2023-02-27 11:06:19,48,51,4562,10928
2023-02-27 11:06:19,48,50,4562,10928
2023-02-27 11:06:33,46,50,4562,10928
2023-02-27 11:06:33,48,50,4562,10928
2023-02-27 11:07:02,45,50,4562,10928
2023-02-27 11:07:02,45,51,4562,10928
2023-02-27 11:07:02,46,51,4562,10928
2023-02-27 11:07:02,46,50,4562,10928
2023-02-27 11:07:02,46,48,4562,10928
2023-02-27 11:07:25,46,51,4562,10928
2023-02-27 11:07:25,48,51,4562,10928
2023-02-27 11:07:25,48,50,4562,10928
2023-02-27 11:07:36,48,51,4562,10928
2023-02-27 11:07:36,48,50,4562,10928
2023-02-27 11:07:44,47,50,4562,10928
2023-02-27 11:07:44,47,52,4562,10928
2023-02-27 11:07:44,48,52,4562,10928
2023-02-27 11:07:44,48,50,4562,10928
2023-02-27 11:07:56,47,50,4562,10928
2023-02-27 11:07:56,47,52,4562,10928
2023-02-27 11:07:56,49,52,4562,10928
2023-02-27 11:07:56,49,51,4562,10928
2023-02-27 11:08:22,47,51,4562,10928
2023-02-27 11:08:22,47,52,4562,10928
2023-02-27 11:08:22,48,52,4562,10928
2023-02-27 11:08:22,48,50,4562,10928
2023-02-27 11:08:42,46,50,4562,10928
2023-02-27 11:08:42,46,51,4562,10928
2023-02-27 11:08:42,47,51,4562,10928
2023-02-27 11:08:42,47,50,4562,10928
2023-02-27 11:08:45,47,49,4562,10928
2023-02-27 11:08:57,46,49,4562,10928
2023-02-27 11:08:58,48,49,4562,10928
2023-02-27 11:08:59,48,49,4562,10938
2023-02-27 11:09:07,48,51,4562,10938
2023-02-27 11:09:11,46,51,4562,10938
2023-02-27 11:09:12,48,51,4562,10938
2023-02-27 11:09:23,46,51,4562,10938
2023-02-27 11:09:23,48,51,4562,10938
2023-02-27 11:09:23,48,50,4562,10938
2023-02-27 11:09:36,46,50,4562,10938
2023-02-27 11:09:36,46,51,4562,10938
2023-02-27 11:09:36,48,51,4562,10938
2023-02-27 11:09:36,48,50,4562,10938
2023-02-27 11:09:46,46,50,4562,10938
2023-02-27 11:09:46,46,51,4562,10938
2023-02-27 11:09:46,47,51,4562,10938
2023-02-27 11:09:46,47,50,4562,10938
2023-02-27 11:09:59,46,50,4562,10938
2023-02-27 11:09:59,46,51,4562,10938
2023-02-27 11:09:59,48,51,4562,10938
2023-02-27 11:09:59,48,50,4562,10938
2023-02-27 11:10:19,48,52,4562,10938
2023-02-27 11:10:19,49,52,4562,10938
2023-02-27 11:10:19,49,51,4562,10938
2023-02-27 11:10:36,48,51,4562,10938
2023-02-27 11:10:36,48,52,4562,10938
2023-02-27 11:10:36,50,52,4562,10938
2023-02-27 11:10:46,48,52,4562,10938
2023-02-27 11:10:46,49,52,4562,10938
2023-02-27 11:10:46,49,51,4562,10938
2023-02-27 11:10:54,48,51,4562,10938
2023-02-27 11:10:54,48,52,4562,10938
2023-02-27 11:10:54,50,52,4562,10938
2023-02-27 11:11:09,50,52,4562,10976
2023-02-27 11:11:11,50,51,4562,10976
2023-02-27 11:11:11,48,51,4562,10995
2023-02-27 11:11:14,47,51,4562,10995
2023-02-27 11:11:14,49,51,4562,10995
2023-02-27 11:11:22,47,51,4562,10995
2023-02-27 11:11:22,49,51,4562,10995
2023-02-27 11:11:29,49,51,4562,11030
2023-02-27 11:11:29,47,49,4562,11108
2023-02-27 11:11:33,48,49,4562,11108
2023-02-27 11:11:42,46,49,4562,11108
2023-02-27 11:11:43,47,49,4562,11108
2023-02-27 11:11:45,47,50,4562,11108
2023-02-27 11:12:04,45,50,4562,11108
2023-02-27 11:12:04,47,50,4562,11108
2023-02-27 11:12:04,47,49,4562,11108
2023-02-27 11:12:18,45,49,4562,11108
2023-02-27 11:12:19,46,49,4562,11108
2023-02-27 11:12:19,46,48,4562,11108
2023-02-27 11:12:40,46,48,4562,11139
2023-02-27 11:12:41,46,49,4562,11139
2023-02-27 11:12:41,46,48,4562,11139
2023-02-27 11:12:45,46,48,4562,11180
2023-02-27 11:12:45,46,48,4562,11213
2023-02-27 11:12:45,46,47,4562,11213
2023-02-27 11:12:59,44,45,4563,11278
2023-02-27 11:13:00,42,45,4563,11278
2023-02-27 11:13:00,40,45,4563,11278
2023-02-27 11:13:01,44,45,4563,11278
2023-02-27 11:13:01,44,45,4563,11413
2023-02-27 11:13:02,44,45,4563,11513
2023-02-27 11:13:06,42,44,4563,11550
2023-02-27 11:13:14,42,45,4563,11550
2023-02-27 11:13:17,40,45,4563,11550
2023-02-27 11:13:17,39,45,4563,11550
2023-02-27 11:13:17,41,45,4563,11550
2023-02-27 11:13:17,43,45,4563,11550
2023-02-27 11:13:20,43,44,4563,11550
2023-02-27 11:13:27,43,45,4563,11550
2023-02-27 11:13:27,43,46,4563,11550
2023-02-27 11:13:29,40,46,4563,11550
2023-02-27 11:13:29,40,47,4563,11550
2023-02-27 11:13:29,40,46,4563,11550
2023-02-27 11:13:29,40,44,4563,11550
2023-02-27 11:13:29,40,43,4563,11550
2023-02-27 11:13:42,40,44,4563,11550
2023-02-27 11:13:42,40,43,4563,11550
2023-02-27 11:14:00,36,43,4563,11550
2023-02-27 11:14:00,39,43,4563,11550
2023-02-27 11:14:08,39,41,4563,11550
2023-02-27 11:14:16,37,41,4563,11550
2023-02-27 11:14:16,35,41,4563,11550
2023-02-27 11:14:16,35,37,4563,11550
2023-02-27 11:14:17,35,37,4563,11581
2023-02-27 11:14:19,35,37,4563,11623
2023-02-27 11:14:20,35,39,4563,11644
2023-02-27 11:14:21,36,39,4563,11644
2023-02-27 11:14:26,36,41,4563,11644
2023-02-27 11:14:26,36,40,4563,11644
2023-02-27 11:14:26,36,38,4563,11644
2023-02-27 11:14:39,36,40,4563,11644
2023-02-27 11:14:39,36,38,4563,11644
2023-02-27 11:14:40,37,38,4563,11644
2023-02-27 11:14:41,36,38,4563,11644
2023-02-27 11:14:53,36,40,4563,11644
2023-02-27 11:14:53,36,41,4563,11644
2023-02-27 11:14:53,37,41,4563,11644
2023-02-27 11:14:53,37,39,4563,11644
2023-02-27 11:15:24,34,39,4563,11644
2023-02-27 11:15:24,34,37,4563,11644
2023-02-27 11:15:34,33,37,4563,11644
2023-02-27 11:15:34,33,39,4563,11644
2023-02-27 11:15:34,35,39,4563,11644
2023-02-27 11:15:34,35,37,4563,11644
2023-02-27 11:15:45,33,37,4563,11644
2023-02-27 11:15:45,33,39,4563,11644
2023-02-27 11:15:45,33,38,4563,11644
2023-02-27 11:15:45,33,36,4563,11644
2023-02-27 11:15:47,34,36,4563,11644
2023-02-27 11:15:58,34,38,4563,11644
2023-02-27 11:15:58,34,39,4563,11644
2023-02-27 11:15:59,34,36,4563,11644
2023-02-27 11:16:33,34,36,4563,11682
2023-02-27 11:16:33,34,36,4563,11713
2023-02-27 11:16:34,34,36,4563,11744
2023-02-27 11:16:37,36,38,4574,11755
2023-02-27 11:16:39,36,39,4574,11755
2023-02-27 11:16:39,36,37,4574,11755
2023-02-27 11:16:50,36,39,4913,12094
2023-02-27 11:16:55,36,38,4913,12094
2023-02-27 11:17:11,37,38,4913,12094
2023-02-27 11:17:16,37,41,4913,12094
2023-02-27 11:17:17,38,41,4913,12094
2023-02-27 11:17:28,38,43,4913,12094
2023-02-27 11:17:28,39,43,4913,12094
2023-02-27 11:17:35,39,42,4913,12094
2023-02-27 11:18:02,39,41,4913,12094
2023-02-27 11:18:26,39,42,4913,12094
2023-02-27 11:18:27,40,42,4913,12094
2023-02-27 11:18:39,38,42,4913,12094
2023-02-27 11:18:39,39,42,4913,12094
2023-02-27 11:18:51,38,42,4913,12094
2023-02-27 11:18:51,39,42,4913,12094
2023-02-27 11:18:51,39,41,4913,12094
2023-02-27 11:18:57,39,40,4913,12094
2023-02-27 11:19:22,36,40,4913,12094
2023-02-27 11:19:22,37,40,4913,12094
2023-02-27 11:19:32,35,40,4913,12094
2023-02-27 11:19:32,37,40,4913,12094
2023-02-27 11:19:42,35,40,4913,12094
2023-02-27 11:19:42,36,40,4913,12094
2023-02-27 11:19:42,36,39,4913,12094
2023-02-27 11:19:48,36,38,4913,12094
2023-02-27 11:20:00,34,38,4913,12094
2023-02-27 11:20:00,33,38,4913,12094
2023-02-27 11:20:01,36,38,4913,12094
2023-02-27 11:20:34,34,38,4913,12094
2023-02-27 11:20:34,34,40,4913,12094
2023-02-27 11:20:34,35,40,4913,12094
2023-02-27 11:20:34,35,37,4913,12094
2023-02-27 11:20:44,35,39,4913,12094
2023-02-27 11:20:44,37,39,4913,12094
2023-02-27 11:21:03,35,39,4913,12094
2023-02-27 11:21:04,36,39,4913,12094
2023-02-27 11:21:04,36,38,4913,12094
2023-02-27 11:21:18,35,38,4913,12094
2023-02-27 11:21:18,35,39,4913,12094
2023-02-27 11:21:18,37,39,4913,12094
2023-02-27 11:21:39,37,38,4913,12094
2023-02-27 11:21:55,35,38,4913,12094
2023-02-27 11:21:55,33,38,4913,12094
2023-02-27 11:21:55,35,38,4913,12094
2023-02-27 11:22:21,34,38,4913,12094
2023-02-27 11:22:22,35,38,4913,12094
2023-02-27 11:22:31,34,38,4913,12094
2023-02-27 11:22:31,36,38,4913,12094
2023-02-27 11:22:58,34,38,4913,12094
2023-02-27 11:22:58,36,38,4913,12094
2023-02-27 11:23:00,36,37,4913,12094
2023-02-27 11:23:22,36,38,4913,12094
2023-02-27 11:23:27,34,38,4913,12094
2023-02-27 11:23:27,35,38,4913,12094
2023-02-27 11:23:27,35,37,4913,12094
2023-02-27 11:23:40,35,38,4913,12094
2023-02-27 11:23:41,36,38,4913,12094
2023-02-27 11:23:42,36,39,4913,12094
2023-02-27 11:23:55,36,38,4913,12094
2023-02-27 11:24:04,35,38,4913,12094
2023-02-27 11:24:04,37,38,4913,12094
2023-02-27 11:24:40,35,38,4913,12094
2023-02-27 11:24:40,36,38,4913,12094
2023-02-27 11:24:48,36,37,4913,12094
2023-02-27 11:24:54,36,38,4913,12094
2023-02-27 11:24:56,36,38,4913,12152
2023-02-27 11:24:57,34,38,4913,12152
2023-02-27 11:24:57,36,38,4913,12152
2023-02-27 11:24:57,34,38,4913,12210
2023-02-27 11:24:58,34,36,4913,12210
2023-02-27 11:25:03,34,37,4913,12210
2023-02-27 11:25:11,32,37,4913,12210
2023-02-27 11:25:11,31,37,4913,12210
2023-02-27 11:25:11,35,37,4913,12210
2023-02-27 11:25:14,35,37,4913,12258
2023-02-27 11:25:24,31,37,4913,12258
2023-02-27 11:25:24,30,37,4913,12258
2023-02-27 11:25:24,32,37,4913,12258
2023-02-27 11:25:24,32,35,4913,12258
2023-02-27 11:25:36,30,35,4913,12258
2023-02-27 11:25:36,30,37,4913,12258
2023-02-27 11:25:36,32,37,4913,12258
2023-02-27 11:25:36,32,35,4913,12258
2023-02-27 11:25:50,31,35,4913,12258
2023-02-27 11:25:50,31,36,4913,12258
2023-02-27 11:25:50,33,36,4913,12258
2023-02-27 11:25:50,33,35,4913,12258
2023-02-27 11:26:01,31,35,4913,12258
2023-02-27 11:26:01,31,36,4913,12258
2023-02-27 11:26:02,32,36,4913,12258
2023-02-27 11:26:02,32,35,4913,12258
2023-02-27 11:26:13,32,34,4913,12258
2023-02-27 11:26:17,30,34,4913,12258
2023-02-27 11:26:17,32,34,4913,12258
2023-02-27 11:26:33,30,34,4913,12258
2023-02-27 11:26:33,30,36,4913,12258
2023-02-27 11:26:33,31,36,4913,12258
2023-02-27 11:26:33,31,33,4913,12258
2023-02-27 11:26:39,31,35,4913,12258
2023-02-27 11:26:39,31,36,4913,12258
2023-02-27 11:26:40,32,36,4913,12258
2023-02-27 11:26:40,32,34,4913,12258
2023-02-27 11:26:51,31,34,4913,12258
2023-02-27 11:26:51,31,36,4913,12258
2023-02-27 11:26:51,32,36,4913,12258
2023-02-27 11:26:51,32,35,4913,12258
2023-02-27 11:27:23,30,35,4913,12258
2023-02-27 11:27:23,30,36,4913,12258
2023-02-27 11:27:23,32,36,4913,12258
2023-02-27 11:27:23,32,34,4913,12258
2023-02-27 11:27:29,30,34,4913,12258
2023-02-27 11:27:29,30,36,4913,12258
2023-02-27 11:27:29,32,36,4913,12258
2023-02-27 11:27:29,32,34,4913,12258
2023-02-27 11:27:41,32,36,4913,12258
2023-02-27 11:27:41,32,34,4913,12258
2023-02-27 11:27:46,32,34,5019,12364
2023-02-27 11:27:49,32,36,5019,12375
2023-02-27 11:27:50,31,36,5019,12375
2023-02-27 11:27:50,31,37,5019,12375
2023-02-27 11:27:50,32,37,5019,12375
2023-02-27 11:27:50,32,35,5019,12375
2023-02-27 11:27:57,33,35,5019,12375
2023-02-27 11:28:03,33,35,5019,12411
2023-02-27 11:28:11,33,37,5019,12411
2023-02-27 11:28:11,33,35,5019,12411
2023-02-27 11:28:28,33,38,5019,12411
2023-02-27 11:28:29,35,38,5019,12411
2023-02-27 11:28:29,35,37,5019,12411
2023-02-27 11:28:45,33,37,5019,12411
2023-02-27 11:28:45,32,37,5019,12411
2023-02-27 11:28:45,32,38,5019,12411
2023-02-27 11:28:45,34,38,5019,12411
2023-02-27 11:28:45,34,36,5019,12411
2023-02-27 11:29:01,32,36,5019,12411
2023-02-27 11:29:01,32,38,5019,12411
2023-02-27 11:29:02,34,38,5019,12411
2023-02-27 11:29:02,34,36,5019,12411
2023-02-27 11:29:17,34,36,5019,12451
2023-02-27 11:29:18,34,36,5019,12483
2023-02-27 11:29:20,32,36,5019,12483
2023-02-27 11:29:20,34,36,5019,12483
2023-02-27 11:29:28,30,36,5019,12483
2023-02-27 11:29:28,31,36,5019,12483
2023-02-27 11:29:28,33,36,5019,12483
2023-02-27 11:29:29,33,35,5019,12483
2023-02-27 11:29:39,31,35,5019,12483
2023-02-27 11:29:39,31,36,5019,12483
2023-02-27 11:29:39,33,36,5019,12483
2023-02-27 11:29:39,33,35,5019,12483
2023-02-27 11:30:26,32,35,5019,12483
2023-02-27 11:30:26,32,37,5019,12483
2023-02-27 11:30:26,34,37,5019,12483
2023-02-27 11:30:26,34,36,5019,12483
2023-02-27 11:30:36,34,38,5019,12483
2023-02-27 11:30:36,34,36,5019,12483
2023-02-27 11:30:50,32,36,5019,12483
2023-02-27 11:30:50,32,38,5019,12483
2023-02-27 11:30:50,32,39,5019,12483
2023-02-27 11:30:50,33,39,5019,12483
2023-02-27 11:30:50,35,39,5019,12483
2023-02-27 11:30:50,35,38,5019,12483
2023-02-27 11:30:58,35,37,5019,12483
2023-02-27 11:31:02,30,37,5019,12483
2023-02-27 11:31:03,34,37,5019,12483
2023-02-27 11:31:03,34,36,5019,12483
2023-02-27 11:31:04,34,36,5019,12531
2023-02-27 11:31:04,34,36,5019,12570
2023-02-27 11:31:04,34,36,5019,12601
2023-02-27 11:31:05,34,35,5019,12601
2023-02-27 11:31:09,34,35,5019,12641
2023-02-27 11:31:09,34,35,5019,12673
2023-02-27 11:31:22,32,34,5019,12703
2023-02-27 11:31:23,28,34,5019,12703
2023-02-27 11:31:23,31,34,5019,12703
2023-02-27 11:31:23,31,33,5019,12703
2023-02-27 11:31:39,28,33,5019,12703
2023-02-27 11:31:40,30,33,5019,12703
2023-02-27 11:31:40,30,32,5019,12703
2023-02-27 11:31:40,30,31,5019,12703
2023-02-27 11:31:43,30,32,5169,12853
2023-02-27 11:31:55,28,32,5169,12853
2023-02-27 11:31:55,28,34,5169,12853
2023-02-27 11:31:55,28,36,5169,12853
2023-02-27 11:31:55,28,31,5169,12853
2023-02-27 11:32:23,27,28,4787,13235
2023-02-27 11:32:23,26,28,4787,13235
2023-02-27 11:32:24,26,28,4724,13298
2023-02-27 11:32:24,26,28,4674,13348
2023-02-27 11:32:25,27,28,4674,13348
2023-02-27 11:32:25,27,28,4634,13388
2023-02-27 11:32:25,27,28,4594,13428
2023-02-27 11:32:25,27,28,4562,13460
2023-02-27 11:32:27,27,28,4523,13499
2023-02-27 11:32:27,27,28,4492,13530
2023-02-27 11:32:28,27,28,4461,13561
2023-02-27 11:32:32,27,28,4461,13761
2023-02-27 11:32:45,25,28,4461,13761
2023-02-27 11:32:45,27,28,4461,13761
2023-02-27 11:32:59,25,28,4461,13761
2023-02-27 11:32:59,25,27,4461,13761
2023-02-27 11:32:59,26,27,4461,13761
2023-02-27 11:33:04,26,28,4461,13761
2023-02-27 11:33:06,26,28,4461,13764
2023-02-27 11:33:23,26,27,4461,13764
2023-02-27 11:33:31,24,27,4461,13764
2023-02-27 11:33:32,25,27,4461,13764
2023-02-27 11:33:44,25,27,4371,13854
2023-02-27 11:33:48,24,27,4371,13854
2023-02-27 11:33:48,24,25,4371,13854
2023-02-27 11:33:50,23,25,4371,13854
2023-02-27 11:34:05,23,27,4371,13854
2023-02-27 11:34:05,23,25,4371,13854
2023-02-27 11:34:15,24,25,4371,13854
2023-02-27 11:34:19,24,27,4371,13854
2023-02-27 11:34:19,24,25,4371,13854
2023-02-27 11:34:22,23,25,4371,13854
2023-02-27 11:34:24,24,25,4371,13854
2023-02-27 11:34:36,24,27,4371,13854
2023-02-27 11:34:37,24,25,4371,13854
2023-02-27 11:34:45,23,25,4371,13854
2023-02-27 11:34:46,24,25,4371,13854
2023-02-27 11:34:49,24,27,4371,13854
2023-02-27 11:34:49,24,25,4371,13854
2023-02-27 11:35:13,23,25,4371,13854
2023-02-27 11:35:15,24,25,4371,13854
2023-02-27 11:35:24,25,27,4371,13912
2023-02-27 11:35:32,25,28,4371,13912
2023-02-27 11:35:32,25,26,4371,13912
2023-02-27 11:35:41,25,26,4371,13962
2023-02-27 11:35:43,25,26,4571,14162
2023-02-27 11:35:46,25,29,4571,14162
2023-02-27 11:35:47,25,27,4571,14162
2023-02-27 11:35:56,25,29,4571,14162
2023-02-27 11:35:56,25,28,4571,14162
2023-02-27 11:36:13,27,28,4571,14162
2023-02-27 11:36:15,25,28,4571,14162
2023-02-27 11:36:17,27,28,4571,14162
2023-02-27 11:36:21,27,29,4571,14162
2023-02-27 11:36:33,27,30,4571,14162
2023-02-27 11:36:33,27,29,4571,14162
2023-02-27 11:36:48,27,31,4571,14162
2023-02-27 11:36:48,27,29,4571,14162
2023-02-27 11:37:00,27,31,4571,14162
2023-02-27 11:37:00,28,31,4571,14162
2023-02-27 11:37:00,28,30,4571,14162
2023-02-27 11:37:13,28,32,4571,14162
2023-02-27 11:37:14,28,30,4571,14162
2023-02-27 11:37:17,29,30,4571,14162
2023-02-27 11:37:21,28,30,4571,14162
2023-02-27 11:38:22,28,30,4571,14192
2023-02-27 11:38:22,28,29,4571,14192
2023-02-27 11:38:30,27,28,4571,14218
2023-02-27 11:38:33,27,29,4571,14218
2023-02-27 11:38:43,25,27,4354,14435
2023-02-27 11:38:48,25,27,4322,14467
2023-02-27 11:38:53,25,27,4146,14643
2023-02-27 11:38:57,25,27,4046,14743
2023-02-27 11:39:02,26,27,4046,14743
2023-02-27 11:39:16,24,27,4046,14743
2023-02-27 11:39:16,25,27,4046,14743
2023-02-27 11:39:21,25,27,4001,14788
2023-02-27 11:39:21,25,27,3984,14824
2023-02-27 11:39:29,25,27,3884,14924
2023-02-27 11:39:30,25,27,3884,14962
2023-02-27 11:39:31,25,27,3884,14992
2023-02-27 11:39:31,25,27,3884,15022
2023-02-27 11:39:32,25,27,3830,15076
2023-02-27 11:39:33,25,29,3830,15076
2023-02-27 11:39:33,27,29,3830,15076
2023-02-27 11:39:43,26,29,3830,15076
2023-02-27 11:39:43,26,30,3830,15076
2023-02-27 11:39:43,27,30,3830,15076
2023-02-27 11:39:44,27,28,3830,15076
2023-02-27 11:39:52,27,30,3830,15076
2023-02-27 11:39:58,27,29,3830,15076
2023-02-27 11:40:24,26,29,3830,15076
2023-02-27 11:40:24,27,29,3830,15076
2023-02-27 11:40:31,26,29,3830,15076
2023-02-27 11:40:32,27,29,3830,15076
2023-02-27 11:40:41,26,29,3830,15076
2023-02-27 11:40:41,28,29,3830,15076
2023-02-27 11:40:55,26,29,3830,15076
2023-02-27 11:40:55,27,29,3830,15076
2023-02-27 11:41:19,28,29,3830,15076
2023-02-27 11:41:24,28,30,3830,15076
2023-02-27 11:41:32,27,30,3830,15076
2023-02-27 11:41:32,27,32,3830,15076
2023-02-27 11:41:32,28,32,3830,15076
2023-02-27 11:41:32,28,30,3830,15076
2023-02-27 11:41:39,28,29,3830,15076
2023-02-27 11:41:44,28,29,3799,15107
2023-02-27 11:41:47,26,29,3799,15107
2023-02-27 11:41:48,28,29,3799,15107
2023-02-27 11:41:53,26,29,3799,15107
2023-02-27 11:41:53,25,29,3799,15107
2023-02-27 11:41:53,26,29,3799,15107
2023-02-27 11:42:05,26,29,3799,15110
2023-02-27 11:42:08,26,31,4078,15389
2023-02-27 11:42:14,27,31,4078,15389
2023-02-27 11:42:17,27,29,4078,15389
2023-02-27 11:42:32,27,31,4245,15556
2023-02-27 11:42:35,28,31,4245,15556
2023-02-27 11:42:35,28,30,4245,15556
2023-02-27 11:43:25,26,30,4245,15556
2023-02-27 11:43:25,26,31,4245,15556
2023-02-27 11:43:25,28,31,4245,15556
2023-02-27 11:43:25,28,30,4245,15556
2023-02-27 11:43:32,26,30,4245,15556
2023-02-27 11:43:32,26,31,4245,15556
2023-02-27 11:43:32,28,31,4245,15556
2023-02-27 11:43:32,28,30,4245,15556
2023-02-27 11:43:42,26,30,4245,15556
2023-02-27 11:43:42,26,31,4245,15556
2023-02-27 11:43:42,28,31,4245,15556
2023-02-27 11:43:42,28,30,4245,15556
2023-02-27 11:44:20,26,30,4245,15556
2023-02-27 11:44:20,26,31,4245,15556
2023-02-27 11:44:20,26,29,4245,15556
2023-02-27 11:44:51,26,31,4245,15556
2023-02-27 11:44:51,26,28,4245,15556
2023-02-27 11:44:56,26,28,4245,15656
2023-02-27 11:44:57,26,31,4245,15656
2023-02-27 11:44:57,27,31,4245,15656
2023-02-27 11:44:57,27,29,4245,15656
2023-02-27 11:45:05,25,29,4245,15656
2023-02-27 11:45:05,25,31,4245,15656
2023-02-27 11:45:05,27,31,4245,15656
2023-02-27 11:45:05,27,29,4245,15656
2023-02-27 11:45:22,25,29,4245,15656
2023-02-27 11:45:22,25,30,4245,15656
2023-02-27 11:45:22,26,30,4245,15656
2023-02-27 11:45:22,26,28,4245,15656
2023-02-27 11:45:29,25,28,4245,15656
2023-02-27 11:45:29,25,30,4245,15656
2023-02-27 11:45:29,27,30,4245,15656
2023-02-27 11:45:29,27,29,4245,15656
2023-02-27 11:45:38,26,29,4245,15656
2023-02-27 11:45:38,26,30,4245,15656
2023-02-27 11:45:38,27,30,4245,15656
2023-02-27 11:45:38,27,29,4245,15656
2023-02-27 11:45:51,26,29,4245,15656
2023-02-27 11:45:51,26,30,4245,15656
2023-02-27 11:45:51,27,30,4245,15656
2023-02-27 11:45:51,27,29,4245,15656
2023-02-27 11:46:27,26,29,4245,15656
2023-02-27 11:46:27,26,31,4245,15656
2023-02-27 11:46:27,27,31,4245,15656
2023-02-27 11:46:27,27,29,4245,15656
2023-02-27 11:46:40,26,29,4245,15656
2023-02-27 11:46:40,26,30,4245,15656
2023-02-27 11:46:40,27,30,4245,15656
2023-02-27 11:46:40,27,29,4245,15656
2023-02-27 11:46:52,26,29,4245,15656
2023-02-27 11:46:52,26,30,4245,15656
2023-02-27 11:46:52,27,30,4245,15656
2023-02-27 11:46:52,27,29,4245,15656
2023-02-27 11:47:20,27,31,4245,15656
2023-02-27 11:47:20,27,30,4245,15656
2023-02-27 11:47:29,27,31,4245,15656
2023-02-27 11:47:29,28,31,4245,15656
2023-02-27 11:47:29,28,30,4245,15656
2023-02-27 11:47:39,27,30,4245,15656
2023-02-27 11:47:39,28,30,4245,15656
2023-02-27 11:47:51,27,30,4245,15656
2023-02-27 11:47:51,27,31,4245,15656
2023-02-27 11:47:51,28,31,4245,15656
2023-02-27 11:47:51,28,30,4245,15656
2023-02-27 11:48:09,28,30,4245,15756
2023-02-27 11:48:14,30,32,4245,15773
2023-02-27 11:48:17,30,31,4245,15773
2023-02-27 11:48:26,28,32,4245,15773
2023-02-27 11:48:26,28,31,4245,15773
2023-02-27 11:48:34,29,31,4245,15773
2023-02-27 11:48:36,29,33,4245,15773
2023-02-27 11:48:37,29,31,4245,15773
2023-02-27 11:48:44,29,33,4245,15773
2023-02-27 11:48:44,29,31,4245,15773
2023-02-27 11:48:54,29,33,4300,15828
2023-02-27 11:48:55,29,31,4300,15828
2023-02-27 11:49:08,29,33,4300,15828
2023-02-27 11:49:08,29,31,4300,15828
2023-02-27 11:49:23,28,31,4300,15828
2023-02-27 11:49:25,28,33,4300,15828
2023-02-27 11:49:25,28,32,4300,15828
2023-02-27 11:49:34,28,33,4300,15828
2023-02-27 11:49:34,28,31,4300,15828
2023-02-27 11:49:45,28,33,4300,15828
2023-02-27 11:49:45,28,31,4300,15828
2023-02-27 11:49:55,28,33,4358,15886
2023-02-27 11:49:58,28,32,4358,15886
2023-02-27 11:50:10,28,33,4358,15886
2023-02-27 11:50:10,28,32,4358,15886
2023-02-27 11:50:24,28,33,4358,15886
2023-02-27 11:50:24,28,31,4358,15886
2023-02-27 11:50:38,27,31,4358,15886
2023-02-27 11:50:38,28,31,4358,15886
2023-02-27 11:50:55,27,31,4358,15886
2023-02-27 11:50:55,28,31,4358,15886
2023-02-27 11:50:55,28,30,4358,15886
2023-02-27 11:51:20,27,30,4358,15886
2023-02-27 11:51:20,27,32,4358,15886
2023-02-27 11:51:20,27,33,4358,15886
2023-02-27 11:51:20,28,33,4358,15886
2023-02-27 11:51:20,28,31,4358,15886
2023-02-27 11:51:31,28,33,4358,15886
2023-02-27 11:51:31,28,31,4358,15886
2023-02-27 11:51:41,28,33,4358,15886
2023-02-27 11:51:42,28,31,4358,15886
2023-02-27 11:51:56,28,32,4358,15886
2023-02-27 11:52:22,27,32,4358,15886
2023-02-27 11:52:23,28,32,4358,15886
2023-02-27 11:52:23,28,31,4358,15886
2023-02-27 11:52:26,28,29,4358,15886
2023-02-27 11:52:28,28,29,4325,15919
2023-02-27 11:52:35,28,31,4325,15919
2023-02-27 11:52:35,26,31,4325,15919
2023-02-27 11:52:35,28,31,4325,15919
2023-02-27 11:52:42,25,31,4325,15919
2023-02-27 11:52:42,27,31,4325,15919
2023-02-27 11:52:42,27,29,4325,15919
2023-02-27 11:52:58,26,29,4325,15919
2023-02-27 11:52:58,26,31,4325,15919
2023-02-27 11:52:58,27,31,4325,15919
2023-02-27 11:52:59,27,29,4325,15919
2023-02-27 11:53:20,27,31,4325,15919
2023-02-27 11:53:20,27,32,4325,15919
2023-02-27 11:53:20,28,32,4325,15919
2023-02-27 11:53:20,28,30,4325,15919
2023-02-27 11:53:28,28,30,4325,16006
2023-02-27 11:53:32,27,30,4325,16006
2023-02-27 11:53:32,27,32,4325,16006
2023-02-27 11:53:32,28,32,4325,16006
2023-02-27 11:53:32,28,30,4325,16006
2023-02-27 11:53:45,27,30,4325,16006
2023-02-27 11:53:45,27,32,4325,16006
2023-02-27 11:53:45,28,32,4325,16006
2023-02-27 11:53:45,28,30,4325,16006
2023-02-27 11:54:05,28,32,4325,16006
2023-02-27 11:54:06,28,30,4325,16006
2023-02-27 11:54:08,28,30,4357,16038
2023-02-27 11:54:14,30,32,4357,16064
2023-02-27 11:54:21,28,32,4357,16064
2023-02-27 11:54:21,28,33,4357,16064
2023-02-27 11:54:21,28,31,4357,16064
2023-02-27 11:54:34,27,31,4357,16064
2023-02-27 11:54:34,27,32,4357,16064
2023-02-27 11:54:34,28,32,4357,16064
2023-02-27 11:54:34,28,31,4357,16064
2023-02-27 11:54:45,27,31,4357,16064
2023-02-27 11:54:45,27,32,4357,16064
2023-02-27 11:54:45,28,32,4357,16064
2023-02-27 11:54:45,28,30,4357,16064
2023-02-27 11:55:00,27,30,4357,16064
2023-02-27 11:55:00,27,31,4357,16064
2023-02-27 11:55:01,28,31,4357,16064
2023-02-27 11:55:01,28,30,4357,16064
2023-02-27 11:55:24,26,30,4357,16064
2023-02-27 11:55:24,27,30,4357,16064
2023-02-27 11:55:24,27,29,4357,16064
2023-02-27 11:55:34,25,29,4357,16064
2023-02-27 11:55:34,25,30,4357,16064
2023-02-27 11:55:34,27,30,4357,16064
2023-02-27 11:55:34,27,29,4357,16064
2023-02-27 11:55:54,26,29,4357,16064
2023-02-27 11:55:54,27,29,4357,16064
2023-02-27 11:56:29,27,32,4357,16064
2023-02-27 11:56:29,28,32,4357,16064
2023-02-27 11:56:29,28,31,4357,16064
2023-02-27 11:56:44,28,32,4357,16064
2023-02-27 11:56:44,28,31,4357,16064
2023-02-27 11:57:08,28,32,4357,16064
2023-02-27 11:57:08,28,31,4357,16064
2023-02-27 11:57:26,28,32,4357,16064
2023-02-27 11:57:45,28,31,4357,16064
2023-02-27 11:58:07,28,32,4357,16064
2023-02-27 11:58:32,28,32,4357,16069
2023-02-27 11:58:35,30,32,4357,16069
2023-02-27 11:59:01,30,32,4321,16105
2023-02-27 11:59:07,28,32,4321,16105
2023-02-27 11:59:07,27,32,4321,16105
2023-02-27 11:59:07,28,32,4321,16105
2023-02-27 11:59:20,27,32,4321,16105
2023-02-27 11:59:21,28,32,4321,16105
2023-02-27 11:59:21,28,31,4321,16105
2023-02-27 11:59:31,27,31,4321,16105
2023-02-27 11:59:31,27,32,4321,16105
2023-02-27 11:59:31,28,32,4321,16105
2023-02-27 11:59:31,28,31,4321,16105
2023-02-27 11:59:52,27,31,4321,16105
2023-02-27 11:59:52,27,32,4321,16105
2023-02-27 11:59:53,28,32,4321,16105
2023-02-27 11:59:53,28,31,4321,16105
2023-02-27 12:00:34,27,31,4321,16105
2023-02-27 12:00:34,27,32,4321,16105
2023-02-27 12:00:34,28,32,4321,16105
2023-02-27 12:00:34,28,31,4321,16105
2023-02-27 12:00:37,28,29,4321,16105
2023-02-27 12:00:41,26,29,4321,16105
2023-02-27 12:00:41,28,29,4321,16105
2023-02-27 12:00:43,28,30,4321,16105
2023-02-27 12:00:52,25,30,4321,16105
2023-02-27 12:00:52,25,32,4321,16105
2023-02-27 12:00:53,27,32,4321,16105
2023-02-27 12:00:53,27,29,4321,16105
2023-02-27 12:01:03,28,29,4321,16105
2023-02-27 12:01:04,28,31,4321,16105
2023-02-27 12:01:04,28,29,4321,16105
2023-02-27 12:01:05,28,29,4360,16144
2023-02-27 12:01:06,28,29,4391,16175
2023-02-27 12:01:10,29,31,4391,16271
2023-02-27 12:01:13,27,31,4391,16271
2023-02-27 12:01:18,27,32,4391,16271
2023-02-27 12:01:18,27,30,4391,16271
2023-02-27 12:01:29,26,30,4391,16271
2023-02-27 12:01:29,26,32,4391,16271
2023-02-27 12:01:29,27,32,4391,16271
2023-02-27 12:01:29,27,29,4391,16271
2023-02-27 12:01:43,25,29,4391,16271
2023-02-27 12:01:43,25,31,4391,16271
2023-02-27 12:01:43,27,31,4391,16271
2023-02-27 12:01:43,27,30,4391,16271
2023-02-27 12:01:56,27,29,4391,16271
2023-02-27 12:02:02,25,29,4391,16271
2023-02-27 12:02:02,27,29,4391,16271
2023-02-27 12:02:14,27,28,4391,16271
2023-02-27 12:02:16,27,28,4391,16313
2023-02-27 12:02:28,23,28,4391,16313
2023-02-27 12:02:28,23,25,4391,16313
2023-02-27 12:02:36,23,25,4391,16355
2023-02-27 12:02:45,23,27,4391,16355
2023-02-27 12:02:45,23,26,4391,16355
2023-02-27 12:02:57,23,28,4391,16355
2023-02-27 12:02:57,23,29,4391,16355
2023-02-27 12:02:57,24,29,4391,16355
2023-02-27 12:02:57,24,28,4391,16355
2023-02-27 12:02:57,24,26,4391,16355
2023-02-27 12:03:06,24,26,4391,16455
2023-02-27 12:03:07,24,28,4405,16469
2023-02-27 12:03:20,24,29,4405,16469
2023-02-27 12:03:20,26,29,4405,16469
2023-02-27 12:03:21,26,28,4405,16469
2023-02-27 12:03:33,23,28,4405,16469
2023-02-27 12:03:33,25,28,4405,16469
2023-02-27 12:03:48,23,28,4405,16469
2023-02-27 12:03:48,24,28,4405,16469
2023-02-27 12:03:49,24,27,4405,16469
2023-02-27 12:04:09,24,29,4405,16469
2023-02-27 12:04:09,25,29,4405,16469
2023-02-27 12:04:09,25,27,4405,16469
2023-02-27 12:04:30,24,27,4405,16469
2023-02-27 12:04:30,24,28,4405,16469
2023-02-27 12:04:32,26,28,4405,16469
2023-02-27 12:04:41,24,28,4405,16469
2023-02-27 12:04:41,26,28,4405,16469
2023-02-27 12:04:58,24,28,4405,16469
2023-02-27 12:04:59,25,28,4405,16469
2023-02-27 12:04:59,25,27,4405,16469
2023-02-27 12:05:07,25,27,4425,16489
2023-02-27 12:05:11,25,28,4425,16489
2023-02-27 12:05:11,25,27,4425,16489
2023-02-27 12:05:21,22,27,4425,16489
2023-02-27 12:05:21,24,27,4425,16489
2023-02-27 12:05:22,24,26,4425,16489
2023-02-27 12:05:34,22,26,4425,16489
2023-02-27 12:05:34,23,26,4425,16489
2023-02-27 12:05:42,22,26,4425,16489
2023-02-27 12:05:43,23,26,4425,16489
2023-02-27 12:05:59,21,26,4425,16489
2023-02-27 12:05:59,23,26,4425,16489
2023-02-27 12:06:00,23,25,4425,16489
2023-02-27 12:07:04,23,25,4425,16519
2023-02-27 12:07:20,21,25,4425,16519
2023-02-27 12:07:20,21,26,4425,16519
2023-02-27 12:07:20,23,26,4425,16519
2023-02-27 12:07:20,23,25,4425,16519
2023-02-27 12:07:30,24,25,4425,16519
2023-02-27 12:07:32,24,27,4425,16519
2023-02-27 12:07:32,24,28,4425,16519
2023-02-27 12:07:32,24,26,4425,16519
2023-02-27 12:07:33,25,26,4425,16519
2023-02-27 12:07:39,25,28,4425,16519
2023-02-27 12:07:39,24,28,4425,16519
2023-02-27 12:07:39,25,28,4425,16519
2023-02-27 12:07:39,25,27,4425,16519
2023-02-27 12:07:53,24,27,4425,16519
2023-02-27 12:07:53,24,28,4425,16519
2023-02-27 12:07:53,25,28,4425,16519
2023-02-27 12:07:53,25,27,4425,16519
2023-02-27 12:08:21,23,27,4425,16519
2023-02-27 12:08:21,23,28,4425,16519
2023-02-27 12:08:21,25,28,4425,16519
2023-02-27 12:08:27,22,28,4425,16519
2023-02-27 12:08:28,24,28,4425,16519
2023-02-27 12:08:28,24,26,4425,16519
2023-02-27 12:08:42,22,26,4425,16519
2023-02-27 12:08:42,21,26,4425,16519
2023-02-27 12:08:43,23,26,4425,16519
2023-02-27 12:09:26,23,27,4425,16519
2023-02-27 12:09:26,24,27,4425,16519
2023-02-27 12:09:26,24,26,4425,16519
2023-02-27 12:09:37,22,26,4425,16519
2023-02-27 12:09:37,22,27,4425,16519
2023-02-27 12:09:37,24,27,4425,16519
2023-02-27 12:09:37,24,26,4425,16519
2023-02-27 12:09:38,24,26,4425,16577
2023-02-27 12:09:49,22,26,4425,16577
2023-02-27 12:09:49,21,26,4425,16577
2023-02-27 12:09:49,20,26,4425,16577
2023-02-27 12:09:50,22,26,4425,16577
2023-02-27 12:09:50,22,24,4425,16577
2023-02-27 12:10:19,20,24,4425,16577
2023-02-27 12:10:19,20,25,4425,16577
2023-02-27 12:10:19,22,25,4425,16577
2023-02-27 12:10:19,22,24,4425,16577
2023-02-27 12:10:29,23,24,4425,16577
2023-02-27 12:10:32,23,27,4425,16577
2023-02-27 12:10:32,23,25,4425,16577
2023-02-27 12:10:56,23,24,4425,16577
2023-02-27 12:10:58,21,24,4425,16577
2023-02-27 12:10:58,23,24,4425,16577
2023-02-27 12:11:04,23,25,4425,16625
2023-02-27 12:11:13,23,24,4425,16625
2023-02-27 12:11:13,23,24,4427,16627
2023-02-27 12:11:23,23,24,4427,16637
2023-02-27 12:11:27,21,24,4427,16637
2023-02-27 12:11:28,21,23,4427,16637
2023-02-27 12:11:38,20,23,4427,16639
2023-02-27 12:11:40,20,24,4427,16639
2023-02-27 12:11:40,21,24,4427,16639
2023-02-27 12:11:40,21,23,4427,16639
2023-02-27 12:11:55,21,25,4427,16639
2023-02-27 12:11:56,21,23,4427,16639
2023-02-27 12:12:22,20,23,4427,16639
2023-02-27 12:12:22,20,25,4427,16639
2023-02-27 12:12:23,20,23,4427,16639
2023-02-27 12:12:37,20,24,4427,16639
2023-02-27 12:12:37,20,23,4427,16639
2023-02-27 12:12:51,20,24,4427,16639
2023-02-27 12:12:51,21,24,4427,16639
2023-02-27 12:12:51,21,23,4427,16639
2023-02-27 12:13:05,20,23,4427,16639
2023-02-27 12:13:05,20,26,4427,16639
2023-02-27 12:13:06,20,25,4427,16639
2023-02-27 12:13:06,20,23,4427,16639
2023-02-27 12:13:08,20,23,4474,16686
2023-02-27 12:13:08,20,23,4522,16734
2023-02-27 12:13:08,20,23,4559,16771
2023-02-27 12:13:11,21,23,4559,16771
2023-02-27 12:13:15,21,23,4559,16871
2023-02-27 12:13:17,21,25,4559,16871
2023-02-27 12:13:17,21,27,4559,16871
2023-02-27 12:13:17,23,27,4559,16871
2023-02-27 12:13:17,23,25,4559,16871
2023-02-27 12:13:34,23,27,4559,16871
2023-02-27 12:13:34,23,25,4559,16871
2023-02-27 12:13:42,23,25,4559,16971
2023-02-27 12:13:47,23,25,4559,17071
2023-02-27 12:13:48,23,27,4559,17071
2023-02-27 12:13:48,23,28,4559,17071
2023-02-27 12:13:48,24,28,4559,17071
2023-02-27 12:13:48,24,26,4559,17071
2023-02-27 12:14:01,24,26,4559,17171
2023-02-27 12:14:06,26,28,4559,17174
2023-02-27 12:14:12,24,28,4559,17174
2023-02-27 12:14:12,24,29,4559,17174
2023-02-27 12:14:12,25,29,4559,17174
2023-02-27 12:14:12,25,27,4559,17174
2023-02-27 12:14:25,26,27,4559,17174
2023-02-27 12:14:36,25,27,4559,17174
2023-02-27 12:14:36,24,27,4559,17174
2023-02-27 12:14:36,24,29,4559,17174
2023-02-27 12:14:37,25,29,4559,17174
2023-02-27 12:14:37,25,28,4559,17174
2023-02-27 12:14:48,24,28,4559,17174
2023-02-27 12:14:48,24,29,4559,17174
2023-02-27 12:14:48,26,29,4559,17174
2023-02-27 12:14:55,26,29,4559,17184
2023-02-27 12:14:57,26,28,4559,17184
2023-02-27 12:15:02,24,28,4559,17184
2023-02-27 12:15:02,26,28,4559,17184
2023-02-27 12:15:12,26,28,4559,17194
2023-02-27 12:15:27,24,28,4559,17194
2023-02-27 12:15:27,26,28,4559,17194
2023-02-27 12:15:35,26,29,4559,17194
2023-02-27 12:15:40,25,29,4559,17194
2023-02-27 12:15:40,27,29,4559,17194
2023-02-27 12:15:53,25,29,4559,17194
2023-02-27 12:15:53,25,31,4559,17194
2023-02-27 12:15:53,24,31,4559,17194
2023-02-27 12:15:53,25,31,4559,17194
2023-02-27 12:15:53,27,31,4559,17194
2023-02-27 12:15:53,27,29,4559,17194
2023-02-27 12:16:05,27,29,4559,17203
2023-02-27 12:16:18,24,29,4559,17203
2023-02-27 12:16:18,24,30,4559,17203
2023-02-27 12:16:18,26,30,4559,17203
2023-02-27 12:16:18,26,29,4559,17203
2023-02-27 12:16:28,26,28,4559,17203
2023-02-27 12:16:30,24,28,4559,17203
2023-02-27 12:16:30,26,28,4559,17203
2023-02-27 12:16:41,24,28,4559,17203
2023-02-27 12:16:41,26,28,4559,17203
2023-02-27 12:16:59,24,28,4559,17203
2023-02-27 12:16:59,24,30,4559,17203
2023-02-27 12:16:59,26,30,4559,17203
2023-02-27 12:16:59,26,28,4559,17203
2023-02-27 12:17:19,26,27,4559,17203
2023-02-27 12:17:20,26,28,4559,17203
2023-02-27 12:17:26,24,28,4559,17203
2023-02-27 12:17:26,24,30,4559,17203
2023-02-27 12:17:26,26,30,4559,17203
2023-02-27 12:17:26,26,28,4559,17203
2023-02-27 12:17:42,24,28,4559,17203
2023-02-27 12:17:42,23,28,4559,17203
2023-02-27 12:17:42,23,29,4559,17203
2023-02-27 12:17:42,25,29,4559,17203
2023-02-27 12:17:42,25,28,4559,17203
2023-02-27 12:17:44,25,27,4559,17203
2023-02-27 12:17:52,25,28,4559,17203
2023-02-27 12:17:53,23,28,4559,17203
2023-02-27 12:17:53,23,29,4559,17203
2023-02-27 12:17:53,25,29,4559,17203
2023-02-27 12:17:53,25,28,4559,17203
2023-02-27 12:18:04,25,28,4559,17213
2023-02-27 12:18:08,23,28,4559,17213
2023-02-27 12:18:08,23,29,4559,17213
2023-02-27 12:18:08,25,29,4559,17213
2023-02-27 12:18:08,25,28,4559,17213
2023-02-27 12:18:21,23,28,4559,17213
2023-02-27 12:18:21,25,28,4559,17213
2023-02-27 12:18:37,23,28,4559,17213
2023-02-27 12:18:37,25,28,4559,17213
2023-02-27 12:18:38,25,27,4559,17213
2023-02-27 12:18:50,25,28,4559,17213
2023-02-27 12:19:01,23,28,4559,17213
2023-02-27 12:19:01,25,28,4559,17213
2023-02-27 12:19:01,25,27,4559,17213
2023-02-27 12:19:27,23,27,4559,17213
2023-02-27 12:19:27,23,29,4559,17213
2023-02-27 12:19:27,26,29,4559,17213
2023-02-27 12:19:27,26,28,4559,17213
2023-02-27 12:19:57,24,28,4559,17213
2023-02-27 12:19:57,23,28,4559,17213
2023-02-27 12:19:58,26,28,4559,17213
2023-02-27 12:20:04,26,28,4511,17261
2023-02-27 12:20:10,24,28,4511,17261
2023-02-27 12:20:10,23,28,4511,17261
2023-02-27 12:20:10,25,28,4511,17261
2023-02-27 12:20:25,22,28,4511,17261
2023-02-27 12:20:26,24,28,4511,17261
2023-02-27 12:20:26,24,27,4511,17261
2023-02-27 12:20:30,24,26,4511,17261
2023-02-27 12:20:39,22,26,4511,17261
2023-02-27 12:20:39,24,26,4511,17261
2023-02-27 12:20:52,21,26,4511,17261
2023-02-27 12:20:53,23,26,4511,17261
2023-02-27 12:20:53,23,25,4511,17261
2023-02-27 12:21:17,21,25,4511,17261
2023-02-27 12:21:17,20,25,4511,17261
2023-02-27 12:21:17,22,25,4511,17261
2023-02-27 12:21:17,22,24,4511,17261
2023-02-27 12:21:40,20,24,4511,17261
2023-02-27 12:21:41,21,24,4511,17261
2023-02-27 12:21:41,21,23,4511,17261
2023-02-27 12:21:57,21,23,4511,17271
2023-02-27 12:22:03,20,23,4511,17271
2023-02-27 12:22:03,20,24,4511,17271
2023-02-27 12:22:03,20,22,4511,17271
2023-02-27 12:22:23,20,22,4511,17296
2023-02-27 12:22:23,20,22,4511,17321
2023-02-27 12:22:24,20,22,4511,17346
2023-02-27 12:22:35,20,22,4521,17356
2023-02-27 12:22:42,20,21,4521,17356
2023-02-27 12:22:56,19,21,4536,17371
2023-02-27 12:22:58,19,22,4536,17371
2023-02-27 12:22:58,19,20,4536,17371
2023-02-27 12:23:01,19,20,4572,17407
2023-02-27 12:23:05,19,22,4589,17424
2023-02-27 12:23:06,19,22,4592,17427
2023-02-27 12:23:10,19,23,4592,17427
2023-02-27 12:23:11,19,21,4592,17427
2023-02-27 12:23:11,19,21,4622,17457
2023-02-27 12:23:25,19,23,4622,17457
2023-02-27 12:23:25,21,23,4622,17457
2023-02-27 12:23:38,19,23,4622,17457
2023-02-27 12:23:38,20,23,4622,17457
2023-02-27 12:23:38,20,22,4622,17457
2023-02-27 12:23:56,19,22,4622,17457
2023-02-27 12:23:56,19,24,4622,17457
2023-02-27 12:23:56,20,24,4622,17457
2023-02-27 12:23:57,20,22,4622,17457
2023-02-27 12:24:04,20,22,4640,17557
2023-02-27 12:24:16,20,24,4640,17557
2023-02-27 12:24:16,20,22,4640,17557
2023-02-27 12:24:26,20,24,4756,17673
2023-02-27 12:24:28,21,24,4756,17673
2023-02-27 12:24:28,21,23,4756,17673
2023-02-27 12:24:38,19,23,4756,17673
2023-02-27 12:24:38,21,23,4756,17673
2023-02-27 12:24:55,19,23,4756,17673
2023-02-27 12:24:56,21,23,4756,17673
2023-02-27 12:25:12,21,23,4756,17683
2023-02-27 12:25:20,20,23,4756,17683
2023-02-27 12:25:20,20,24,4756,17683
2023-02-27 12:25:20,22,24,4756,17683
2023-02-27 12:25:36,20,24,4756,17683
2023-02-27 12:25:36,20,26,4756,17683
2023-02-27 12:25:36,22,26,4756,17683
2023-02-27 12:25:36,22,24,4756,17683
2023-02-27 12:25:46,21,24,4756,17683
2023-02-27 12:25:46,21,26,4756,17683
2023-02-27 12:25:46,23,26,4756,17683
2023-02-27 12:25:46,23,25,4756,17683
2023-02-27 12:25:53,23,25,4756,17693
2023-02-27 12:26:05,21,25,4756,17693
2023-02-27 12:26:05,21,26,4756,17693
2023-02-27 12:26:05,23,26,4756,17693
2023-02-27 12:26:05,23,25,4756,17693
2023-02-27 12:26:15,23,25,4756,17703
2023-02-27 12:26:18,21,25,4756,17703
2023-02-27 12:26:18,21,26,4756,17703
2023-02-27 12:26:18,23,26,4756,17703
2023-02-27 12:26:19,23,25,4756,17703
2023-02-27 12:26:28,21,25,4756,17703
2023-02-27 12:26:28,21,26,4756,17703
2023-02-27 12:26:29,24,26,4756,17703
2023-02-27 12:26:42,22,26,4756,17703
2023-02-27 12:26:42,24,26,4756,17703
2023-02-27 12:26:55,21,26,4756,17703
2023-02-27 12:26:55,23,26,4756,17703
2023-02-27 12:27:06,23,25,4756,17703
2023-02-27 12:27:17,20,25,4756,17703
2023-02-27 12:27:17,22,25,4756,17703
2023-02-27 12:27:26,20,25,4756,17703
2023-02-27 12:27:26,22,25,4756,17703
2023-02-27 12:27:40,20,25,4756,17703
2023-02-27 12:27:40,23,25,4756,17703
2023-02-27 12:27:49,21,25,4756,17703
2023-02-27 12:27:49,21,26,4756,17703
2023-02-27 12:27:49,24,26,4756,17703
2023-02-27 12:28:00,24,25,4756,17703
2023-02-27 12:28:07,24,26,4756,17703
2023-02-27 12:28:19,22,26,4756,17703
2023-02-27 12:28:19,21,26,4756,17703
2023-02-27 12:28:20,23,26,4756,17703
2023-02-27 12:28:20,23,25,4756,17703
2023-02-27 12:28:31,22,25,4756,17703
2023-02-27 12:28:31,22,27,4756,17703
2023-02-27 12:28:32,23,27,4756,17703
2023-02-27 12:28:32,23,26,4756,17703
2023-02-27 12:28:43,22,26,4756,17703
2023-02-27 12:28:43,22,28,4756,17703
2023-02-27 12:28:43,24,28,4756,17703
2023-02-27 12:28:43,24,26,4756,17703
2023-02-27 12:28:54,23,26,4756,17703
2023-02-27 12:28:54,23,27,4756,17703
2023-02-27 12:28:54,24,27,4756,17703
2023-02-27 12:29:16,23,27,4756,17703
2023-02-27 12:29:17,23,29,4756,17703
2023-02-27 12:29:17,24,29,4756,17703
2023-02-27 12:29:17,26,29,4756,17703
2023-02-27 12:29:17,26,28,4756,17703
2023-02-27 12:29:33,25,28,4756,17703
2023-02-27 12:29:33,26,28,4756,17703
2023-02-27 12:29:53,25,28,4756,17703
2023-02-27 12:29:53,26,28,4756,17703
2023-02-27 12:30:20,25,28,4756,17703
2023-02-27 12:30:20,25,29,4756,17703
2023-02-27 12:30:20,26,29,4756,17703
2023-02-27 12:30:38,25,29,4756,17703
2023-02-27 12:30:38,25,31,4756,17703
2023-02-27 12:30:38,27,31,4756,17703
2023-02-27 12:30:38,27,29,4756,17703
2023-02-27 12:31:05,28,29,4756,17703
2023-02-27 12:31:12,28,29,4731,17728
2023-02-27 12:31:24,26,29,4731,17728
2023-02-27 12:31:24,28,29,4731,17728
2023-02-27 12:31:33,28,30,4731,17753
2023-02-27 12:31:39,30,34,4706,17778
2023-02-27 12:31:39,30,32,4706,17778
2023-02-27 12:31:52,29,32,4706,17778
2023-02-27 12:31:52,29,34,4706,17778
2023-02-27 12:31:52,29,35,4706,17778
2023-02-27 12:31:52,29,34,4706,17778
2023-02-27 12:31:52,30,34,4706,17778
2023-02-27 12:31:52,30,35,4706,17778
2023-02-27 12:31:52,30,33,4706,17778
2023-02-27 12:32:05,30,33,4681,17803
2023-02-27 12:32:21,30,35,4681,17803
2023-02-27 12:32:21,30,36,4681,17803
2023-02-27 12:32:21,32,36,4681,17803
2023-02-27 12:32:21,32,34,4681,17803
2023-02-27 12:32:31,32,36,4681,17803
2023-02-27 12:32:32,32,34,4681,17803
2023-02-27 12:32:42,32,39,4681,17803
2023-02-27 12:32:42,33,39,4681,17803
2023-02-27 12:32:42,33,37,4681,17803
2023-02-27 12:32:42,33,35,4681,17803
2023-02-27 12:33:27,32,35,4681,17803
2023-02-27 12:33:27,32,36,4681,17803
2023-02-27 12:33:27,33,36,4681,17803
2023-02-27 12:33:38,32,36,4681,17803
2023-02-27 12:33:38,33,36,4681,17803
2023-02-27 12:33:41,33,36,4645,17839
2023-02-27 12:33:47,33,35,4645,17839
2023-02-27 12:33:59,32,35,4645,17839
2023-02-27 12:34:00,33,35,4645,17839
2023-02-27 12:34:05,33,35,4645,17848
2023-02-27 12:34:14,33,34,4645,17848
2023-02-27 12:34:18,33,34,4588,17905
2023-02-27 12:34:18,31,33,4587,17906
2023-02-27 12:34:33,31,34,4587,17906
2023-02-27 12:34:33,30,34,4587,17906
2023-02-27 12:34:33,32,34,4587,17906
2023-02-27 12:34:42,32,34,4553,17940
2023-02-27 12:34:42,32,33,4553,17940
2023-02-27 12:34:45,30,32,4530,17963
2023-02-27 12:34:46,29,32,4530,17963
2023-02-27 12:34:46,31,32,4530,17963
2023-02-27 12:34:48,31,33,4530,17963
2023-02-27 12:35:00,31,34,4530,17963
2023-02-27 12:35:00,29,34,4530,17963
2023-02-27 12:35:01,30,34,4530,17963
2023-02-27 12:35:01,30,33,4530,17963
2023-02-27 12:35:21,30,35,4530,17963
2023-02-27 12:35:22,31,35,4530,17963
2023-02-27 12:35:22,31,34,4530,17963
2023-02-27 12:35:31,30,34,4530,17963
2023-02-27 12:35:31,30,35,4530,17963
2023-02-27 12:35:32,31,35,4530,17963
2023-02-27 12:35:32,31,33,4530,17963
2023-02-27 12:35:41,30,33,4530,17963
2023-02-27 12:35:41,30,35,4530,17963
2023-02-27 12:35:41,31,35,4530,17963
2023-02-27 12:35:41,31,33,4530,17963
2023-02-27 12:36:08,32,33,4530,17963
2023-02-27 12:36:09,32,33,4569,18002
2023-02-27 12:36:10,32,35,4586,18019
2023-02-27 12:36:10,33,35,4586,18019
2023-02-27 12:36:17,32,35,4586,18019
2023-02-27 12:36:21,32,36,4586,18019
2023-02-27 12:36:21,32,34,4586,18019
2023-02-27 12:36:34,32,36,4586,18019
2023-02-27 12:36:34,32,34,4586,18019
2023-02-27 12:36:43,31,34,4586,18019
2023-02-27 12:36:43,31,35,4586,18019
2023-02-27 12:36:43,32,35,4586,18019
2023-02-27 12:36:55,30,35,4586,18019
2023-02-27 12:36:55,32,35,4586,18019
2023-02-27 12:36:55,32,34,4586,18019
2023-02-27 12:37:22,30,34,4586,18019
2023-02-27 12:37:23,31,34,4586,18019
2023-02-27 12:37:23,31,33,4586,18019
2023-02-27 12:37:37,30,33,4586,18019
2023-02-27 12:37:37,30,34,4586,18019
2023-02-27 12:37:38,31,34,4586,18019
2023-02-27 12:38:16,30,34,4586,18019
2023-02-27 12:38:16,30,35,4586,18019
2023-02-27 12:38:16,32,35,4586,18019
2023-02-27 12:38:16,32,34,4586,18019
2023-02-27 12:38:30,32,35,4586,18019
2023-02-27 12:38:30,32,34,4586,18019
2023-02-27 12:38:41,31,34,4586,18019
2023-02-27 12:38:41,31,35,4586,18019
2023-02-27 12:38:41,32,35,4586,18019
2023-02-27 12:38:41,32,34,4586,18019
2023-02-27 12:39:19,31,34,4586,18019
2023-02-27 12:39:19,31,35,4586,18019
2023-02-27 12:39:19,32,35,4586,18019
2023-02-27 12:39:19,32,34,4586,18019
2023-02-27 12:39:31,30,34,4586,18019
2023-02-27 12:39:31,30,35,4586,18019
2023-02-27 12:39:31,32,35,4586,18019
2023-02-27 12:39:31,32,34,4586,18019
2023-02-27 12:39:42,30,34,4586,18019
2023-02-27 12:39:42,30,35,4586,18019
2023-02-27 12:39:42,31,35,4586,18019
2023-02-27 12:39:42,31,33,4586,18019
2023-02-27 12:39:54,30,33,4586,18019
2023-02-27 12:39:54,30,34,4586,18019
2023-02-27 12:39:54,31,34,4586,18019
2023-02-27 12:39:54,31,33,4586,18019
2023-02-27 12:40:23,30,33,4586,18019
2023-02-27 12:40:23,30,34,4586,18019
2023-02-27 12:40:23,31,34,4586,18019
2023-02-27 12:40:33,29,34,4586,18019
2023-02-27 12:40:33,31,34,4586,18019
2023-02-27 12:40:34,31,33,4586,18019
2023-02-27 12:41:06,28,33,4586,18019
2023-02-27 12:41:06,30,33,4586,18019
2023-02-27 12:41:06,30,32,4586,18019
2023-02-27 12:41:24,28,32,4586,18019
2023-02-27 12:41:24,27,32,4586,18019
2023-02-27 12:41:24,28,32,4586,18019
2023-02-27 12:41:37,27,32,4586,18019
2023-02-27 12:41:37,28,32,4586,18019
2023-02-27 12:41:37,28,31,4586,18019
2023-02-27 12:41:47,27,31,4586,18019
2023-02-27 12:41:47,27,32,4586,18019
2023-02-27 12:41:47,28,32,4586,18019
2023-02-27 12:41:47,28,31,4586,18019
2023-02-27 12:41:56,27,31,4586,18019
2023-02-27 12:41:56,27,32,4586,18019
2023-02-27 12:41:56,28,32,4586,18019
2023-02-27 12:41:56,28,31,4586,18019
2023-02-27 12:42:19,27,31,4586,18019
2023-02-27 12:42:19,28,31,4586,18019
2023-02-27 12:42:31,27,31,4586,18019
2023-02-27 12:42:31,28,31,4586,18019
2023-02-27 12:42:38,28,30,4586,18019
2023-02-27 12:42:55,26,30,4586,18019
2023-02-27 12:42:55,26,31,4586,18019
2023-02-27 12:42:55,28,31,4586,18019
2023-02-27 12:42:55,28,30,4586,18019
2023-02-27 12:43:19,28,31,4586,18019
2023-02-27 12:43:32,27,31,4586,18019
2023-02-27 12:43:32,26,31,4586,18019
2023-02-27 12:43:32,27,31,4586,18019
2023-02-27 12:43:32,27,30,4586,18019
2023-02-27 12:43:40,26,30,4586,18019
2023-02-27 12:43:41,27,30,4586,18019
2023-02-27 12:43:41,27,29,4586,18019
2023-02-27 12:43:53,26,29,4586,18019
2023-02-27 12:43:53,26,30,4586,18019
2023-02-27 12:43:53,27,30,4586,18019
2023-02-27 12:44:20,25,30,4586,18019
2023-02-27 12:44:21,27,30,4586,18019
2023-02-27 12:44:21,27,29,4586,18019
2023-02-27 12:44:30,26,29,4586,18019
2023-02-27 12:44:30,26,30,4586,18019
2023-02-27 12:44:32,28,30,4586,18019
2023-02-27 12:44:54,26,30,4586,18019
2023-02-27 12:44:54,27,30,4586,18019
2023-02-27 12:45:02,28,30,4586,18019
2023-02-27 12:45:30,28,32,4586,18019
2023-02-27 12:45:30,28,31,4586,18019
2023-02-27 12:45:47,28,32,4586,18019
2023-02-27 12:45:47,28,31,4586,18019
2023-02-27 12:46:17,27,31,4586,18019
2023-02-27 12:46:17,28,31,4586,18019
2023-02-27 12:46:30,27,31,4586,18019
2023-02-27 12:46:30,27,32,4586,18019
2023-02-27 12:46:31,28,32,4586,18019
2023-02-27 12:46:31,28,31,4586,18019
2023-02-27 12:46:45,28,32,4586,18019
2023-02-27 12:46:55,28,33,4586,18019
2023-02-27 12:46:55,28,32,4586,18019
2023-02-27 12:46:58,29,32,4586,18019
2023-02-27 12:47:17,29,33,4586,18019
2023-02-27 12:47:17,29,32,4586,18019
2023-02-27 12:47:25,28,32,4586,18019
2023-02-27 12:47:29,27,32,4586,18019
2023-02-27 12:47:29,28,32,4586,18019
2023-02-27 12:47:39,27,32,4586,18019
2023-02-27 12:47:39,27,33,4586,18019
2023-02-27 12:47:39,28,33,4586,18019
2023-02-27 12:47:39,28,31,4586,18019
2023-02-27 12:47:50,28,33,4586,18019
2023-02-27 12:47:50,30,33,4586,18019
2023-02-27 12:47:50,30,32,4586,18019
2023-02-27 12:48:27,30,35,4586,18019
2023-02-27 12:48:27,31,35,4586,18019
2023-02-27 12:48:27,31,33,4586,18019
2023-02-27 12:48:41,30,33,4586,18019
2023-02-27 12:48:41,30,36,4586,18019
2023-02-27 12:48:41,30,35,4586,18019
2023-02-27 12:48:42,30,36,4586,18019
2023-02-27 12:48:42,32,36,4586,18019
2023-02-27 12:48:42,32,34,4586,18019
2023-02-27 12:48:53,30,34,4586,18019
2023-02-27 12:48:53,30,35,4586,18019
2023-02-27 12:48:53,31,35,4586,18019
2023-02-27 12:48:54,31,34,4586,18019
2023-02-27 12:49:16,30,34,4586,18019
2023-02-27 12:49:17,30,35,4586,18019
2023-02-27 12:49:17,31,35,4586,18019
2023-02-27 12:49:17,31,33,4586,18019
2023-02-27 12:49:26,31,33,4637,18070
2023-02-27 12:49:27,32,33,4637,18070
2023-02-27 12:49:30,32,37,4637,18070
2023-02-27 12:49:30,32,36,4637,18070
2023-02-27 12:49:30,32,37,4637,18070
2023-02-27 12:49:30,32,36,4637,18070
2023-02-27 12:49:30,32,34,4637,18070
2023-02-27 12:49:40,33,34,4637,18070
2023-02-27 12:49:51,32,34,4637,18070
2023-02-27 12:49:51,31,34,4637,18070
2023-02-27 12:49:51,30,34,4637,18070
2023-02-27 12:49:51,30,36,4637,18070
2023-02-27 12:49:51,32,36,4637,18070
2023-02-27 12:49:51,32,34,4637,18070
2023-02-27 12:50:21,31,34,4637,18070
2023-02-27 12:50:21,31,36,4637,18070
2023-02-27 12:50:21,31,37,4637,18070
2023-02-27 12:50:21,32,37,4637,18070
2023-02-27 12:50:21,32,35,4637,18070
2023-02-27 12:50:29,33,35,4637,18070
2023-02-27 12:50:33,33,37,4637,18070
2023-02-27 12:50:33,33,36,4637,18070
2023-02-27 12:50:33,33,34,4637,18070
2023-02-27 12:50:34,33,34,4678,18111
2023-02-27 12:50:36,33,36,4694,18127
2023-02-27 12:50:36,34,36,4694,18127
2023-02-27 12:50:39,33,36,4694,18127
2023-02-27 12:50:39,33,38,4694,18127
2023-02-27 12:50:39,33,37,4694,18127
2023-02-27 12:50:39,33,35,4694,18127
2023-02-27 12:50:47,33,38,4694,18127
2023-02-27 12:50:47,34,38,4694,18127
2023-02-27 12:50:47,34,36,4694,18127
2023-02-27 12:51:16,34,38,4694,18127
2023-02-27 12:51:17,33,38,4694,18127
2023-02-27 12:51:17,35,38,4694,18127
2023-02-27 12:51:21,35,37,4694,18127
2023-02-27 12:51:38,33,37,4694,18127
2023-02-27 12:51:38,35,37,4694,18127
2023-02-27 12:51:48,35,37,4646,18175
2023-02-27 12:51:48,33,37,4646,18175
2023-02-27 12:51:48,31,37,4646,18175
2023-02-27 12:51:49,34,37,4646,18175
2023-02-27 12:51:49,34,36,4646,18175
2023-02-27 12:51:49,34,36,4614,18207
2023-02-27 12:51:57,34,36,4575,18246
2023-02-27 12:51:58,34,36,4544,18277
2023-02-27 12:51:59,34,36,4528,18322
2023-02-27 12:52:00,32,34,4528,18347
2023-02-27 12:52:02,30,34,4528,18347
2023-02-27 12:52:02,31,34,4528,18347
2023-02-27 12:52:02,33,34,4528,18347
2023-02-27 12:52:04,33,34,4528,18414
2023-02-27 12:52:06,33,35,4528,18467
2023-02-27 12:52:08,33,35,4528,18510
2023-02-27 12:52:08,33,35,4528,18541
2023-02-27 12:52:12,31,35,4528,18541
2023-02-27 12:52:12,33,35,4528,18541
2023-02-27 12:52:26,32,35,4528,18541
2023-02-27 12:52:26,32,37,4528,18541
2023-02-27 12:52:26,32,35,4528,18541
2023-02-27 12:52:26,32,33,4528,18541
2023-02-27 12:52:27,32,33,4528,18600
2023-02-27 12:52:27,32,33,4528,18647
2023-02-27 12:52:28,32,33,4528,18685
2023-02-27 12:52:28,32,35,4528,18697
2023-02-27 12:52:38,32,37,4528,18697
2023-02-27 12:52:38,32,36,4528,18697
2023-02-27 12:52:38,32,34,4528,18697
2023-02-27 12:52:40,31,34,4528,18697
2023-02-27 12:52:50,31,35,4528,18697
2023-02-27 12:52:51,31,34,4528,18697
2023-02-27 12:52:58,31,35,4528,18697
2023-02-27 12:52:59,31,33,4528,18697
2023-02-27 12:53:22,29,33,4528,18697
2023-02-27 12:53:22,29,34,4528,18697
2023-02-27 12:53:22,29,32,4528,18697
2023-02-27 12:53:25,28,32,4528,18697
2023-02-27 12:53:34,27,32,4528,18697
2023-02-27 12:53:34,27,33,4528,18697
2023-02-27 12:53:34,28,33,4528,18697
2023-02-27 12:53:34,28,31,4528,18697
2023-02-27 12:53:43,28,31,4528,18702
2023-02-27 12:53:49,28,33,4528,18702
2023-02-27 12:53:49,28,30,4528,18702
2023-02-27 12:53:55,28,30,4528,18738
2023-02-27 12:54:05,28,30,4528,18777
2023-02-27 12:54:05,28,30,4542,18808
2023-02-27 12:54:07,28,30,4577,18843
2023-02-27 12:54:08,29,30,4577,18843
2023-02-27 12:54:12,29,32,4577,18843
2023-02-27 12:54:12,29,30,4577,18843
2023-02-27 12:54:17,29,32,4577,18843
2023-02-27 12:54:17,29,33,4577,18843
2023-02-27 12:54:18,29,32,4577,18843
2023-02-27 12:54:29,29,33,4577,18843
2023-02-27 12:54:29,29,32,4577,18843
2023-02-27 12:54:55,29,34,4577,18843
2023-02-27 12:54:55,30,34,4577,18843
2023-02-27 12:54:55,30,32,4577,18843
2023-02-27 12:55:17,30,34,4577,18843
2023-02-27 12:55:17,30,35,4577,18843
2023-02-27 12:55:17,32,35,4577,18843
2023-02-27 12:55:17,32,37,4577,18843
2023-02-27 12:55:17,32,34,4577,18843
2023-02-27 12:55:22,31,34,4577,18843
2023-02-27 12:55:28,32,34,4577,18843
2023-02-27 12:55:34,32,34,4585,18851
2023-02-27 12:55:37,32,36,4585,18851
2023-02-27 12:55:38,32,35,4585,18851
2023-02-27 12:55:51,30,35,4585,18851
2023-02-27 12:55:51,30,36,4585,18851
2023-02-27 12:55:51,31,36,4585,18851
2023-02-27 12:55:51,33,36,4585,18851
2023-02-27 12:55:51,33,35,4585,18851
2023-02-27 12:56:30,33,36,4585,18851
2023-02-27 12:56:30,33,35,4585,18851
2023-02-27 12:56:45,32,35,4585,18851
2023-02-27 12:56:45,32,36,4585,18851
2023-02-27 12:56:45,33,36,4585,18851
2023-02-27 12:56:45,33,35,4585,18851
2023-02-27 12:56:58,32,35,4585,18851
2023-02-27 12:56:58,33,35,4585,18851
2023-02-27 12:57:19,32,35,4585,18851
2023-02-27 12:57:19,32,36,4585,18851
