datetime,bid,ask,open_interest,volume
2023-12-28 09:30:00,50,54,80,109
2023-12-28 09:30:00,48,54,80,109
2023-12-28 09:30:01,48,58,80,109
2023-12-28 09:30:01,48,100,80,109
2023-12-28 09:33:14,64,100,80,109
2023-12-28 09:33:14,66,100,80,109
2023-12-28 09:33:14,66,72,80,109
2023-12-28 09:33:14,66,68,80,109
2023-12-28 09:34:01,66,100,80,109
2023-12-28 09:34:01,48,100,80,109
2023-12-28 09:34:01,61,100,80,109
2023-12-28 09:34:01,63,100,80,109
2023-12-28 09:34:01,65,100,80,109
2023-12-28 09:34:01,65,68,80,109
2023-12-28 09:34:01,65,66,80,109
2023-12-28 09:34:24,65,100,80,109
2023-12-28 09:34:24,48,100,80,109
2023-12-28 09:34:24,63,100,80,109
2023-12-28 09:34:24,63,69,80,109
2023-12-28 09:34:24,63,67,80,109
2023-12-28 09:34:24,63,65,80,109
2023-12-28 09:34:44,63,100,80,109
2023-12-28 09:34:44,48,100,80,109
2023-12-28 09:34:44,57,100,80,109
2023-12-28 09:34:44,60,100,80,109
2023-12-28 09:34:44,62,100,80,109
2023-12-28 09:34:44,62,68,80,109
2023-12-28 09:34:44,62,66,80,109
2023-12-28 09:34:44,62,64,80,109
2023-12-28 09:34:53,48,64,80,109
2023-12-28 09:34:53,48,100,80,109
2023-12-28 09:34:53,59,100,80,109
2023-12-28 09:34:53,61,100,80,109
2023-12-28 09:34:53,63,100,80,109
2023-12-28 09:34:53,63,65,80,109
2023-12-28 09:34:58,48,65,80,109
2023-12-28 09:34:58,48,100,80,109
2023-12-28 09:34:58,62,100,80,109
2023-12-28 09:34:58,64,100,80,109
2023-12-28 09:34:58,64,70,80,109
2023-12-28 09:34:58,64,68,80,109
2023-12-28 09:34:58,64,66,80,109
2023-12-28 09:35:29,48,66,80,109
2023-12-28 09:35:29,48,100,80,109
2023-12-28 09:35:29,61,100,80,109
2023-12-28 09:35:29,63,100,80,109
2023-12-28 09:35:29,65,100,80,109
2023-12-28 09:35:29,65,72,80,109
2023-12-28 09:35:29,65,67,80,109
2023-12-28 09:36:29,65,100,80,109
2023-12-28 09:36:30,64,100,80,109
2023-12-28 09:36:30,66,100,80,109
2023-12-28 09:36:30,66,70,80,109
2023-12-28 09:36:30,66,68,80,109
2023-12-28 09:37:30,64,68,80,109
2023-12-28 09:37:31,64,100,80,109
2023-12-28 09:37:31,66,100,80,109
2023-12-28 09:37:31,66,70,80,109
2023-12-28 09:37:31,66,68,80,109
2023-12-28 09:38:31,66,72,80,109
2023-12-28 09:38:31,65,100,80,109
2023-12-28 09:38:31,67,100,80,109
2023-12-28 09:38:31,67,70,80,109
2023-12-28 09:38:31,67,68,80,109
2023-12-28 09:39:31,65,68,80,109
2023-12-28 09:39:32,65,100,80,109
2023-12-28 09:39:32,67,100,80,109
2023-12-28 09:39:32,67,72,80,109
2023-12-28 09:39:32,67,69,80,109
2023-12-28 09:40:26,48,69,80,109
2023-12-28 09:40:26,48,100,80,109
2023-12-28 09:40:26,68,100,80,109
2023-12-28 09:40:26,68,72,80,109
2023-12-28 09:40:26,68,70,80,109
2023-12-28 09:40:37,48,70,80,109
2023-12-28 09:40:37,48,100,80,109
2023-12-28 09:40:37,66,100,80,109
2023-12-28 09:40:37,68,100,80,109
2023-12-28 09:40:37,70,100,80,109
2023-12-28 09:40:37,70,72,80,109
2023-12-28 09:40:59,70,100,80,109
2023-12-28 09:40:59,48,100,80,109
2023-12-28 09:40:59,68,100,80,109
2023-12-28 09:40:59,68,70,80,109
2023-12-28 09:41:44,68,100,80,109
2023-12-28 09:41:44,48,100,80,109
2023-12-28 09:41:44,65,100,80,109
2023-12-28 09:41:44,67,100,80,109
2023-12-28 09:41:44,67,69,80,109
2023-12-28 09:42:44,48,69,80,109
2023-12-28 09:42:45,64,100,80,109
2023-12-28 09:42:45,66,100,80,109
2023-12-28 09:42:45,66,70,80,109
2023-12-28 09:42:45,66,68,80,109
2023-12-28 09:43:45,66,70,80,109
2023-12-28 09:43:46,67,100,80,109
2023-12-28 09:43:46,67,68,80,109
2023-12-28 09:43:51,67,100,80,109
2023-12-28 09:43:51,48,100,80,109
2023-12-28 09:43:51,65,100,80,109
2023-12-28 09:43:51,65,67,80,109
2023-12-28 09:43:59,65,100,80,109
2023-12-28 09:43:59,48,100,80,109
2023-12-28 09:43:59,62,100,80,109
2023-12-28 09:43:59,64,100,80,109
2023-12-28 09:43:59,64,70,80,109
2023-12-28 09:43:59,64,68,80,109
2023-12-28 09:43:59,64,66,80,109
2023-12-28 09:44:31,64,100,80,109
2023-12-28 09:44:31,48,100,80,109
2023-12-28 09:44:31,60,100,80,109
2023-12-28 09:44:31,62,100,80,109
2023-12-28 09:44:31,62,64,80,109
2023-12-28 09:44:36,62,100,80,109
2023-12-28 09:44:36,48,100,80,109
2023-12-28 09:44:36,61,100,80,109
2023-12-28 09:44:36,61,63,80,109
2023-12-28 09:44:43,48,63,80,109
2023-12-28 09:44:43,48,100,80,109
2023-12-28 09:44:43,62,100,80,109
2023-12-28 09:44:43,62,64,80,109
2023-12-28 09:45:09,62,100,80,109
2023-12-28 09:45:09,48,100,80,109
2023-12-28 09:45:09,59,100,80,109
2023-12-28 09:45:09,61,100,80,109
2023-12-28 09:45:09,61,65,80,109
2023-12-28 09:45:09,61,63,80,109
2023-12-28 09:45:39,48,63,80,109
2023-12-28 09:45:39,48,100,80,109
2023-12-28 09:45:39,62,100,80,109
2023-12-28 09:45:39,62,64,80,109
2023-12-28 09:46:09,48,64,80,109
2023-12-28 09:46:09,48,100,80,109
2023-12-28 09:46:09,60,100,80,109
2023-12-28 09:46:09,62,100,80,109
2023-12-28 09:46:09,64,100,80,109
2023-12-28 09:46:09,64,66,80,109
2023-12-28 09:47:09,62,66,80,109
2023-12-28 09:47:10,61,100,80,109
2023-12-28 09:47:10,65,100,80,109
2023-12-28 09:47:10,65,72,80,109
2023-12-28 09:47:10,65,69,80,109
2023-12-28 09:47:10,65,67,80,109
2023-12-28 09:47:45,65,100,80,109
2023-12-28 09:47:45,48,100,80,109
2023-12-28 09:47:45,60,100,80,109
2023-12-28 09:47:45,64,100,80,109
2023-12-28 09:47:45,64,70,80,109
2023-12-28 09:47:45,64,66,80,109
2023-12-28 09:48:45,60,66,80,109
2023-12-28 09:48:46,65,100,80,109
2023-12-28 09:48:46,65,70,80,109
2023-12-28 09:48:46,65,68,80,109
2023-12-28 09:48:46,65,66,80,109
2023-12-28 09:49:13,65,100,80,109
2023-12-28 09:49:13,48,100,80,109
2023-12-28 09:49:13,61,100,80,109
2023-12-28 09:49:13,63,100,80,109
2023-12-28 09:49:13,63,69,80,109
2023-12-28 09:49:13,63,65,80,109
2023-12-28 09:49:45,48,65,80,109
2023-12-28 09:49:45,48,100,80,109
2023-12-28 09:49:45,60,100,80,109
2023-12-28 09:49:45,62,100,80,109
2023-12-28 09:49:45,64,100,80,109
2023-12-28 09:49:45,64,68,80,109
2023-12-28 09:49:45,64,66,80,109
2023-12-28 09:50:15,64,100,80,109
2023-12-28 09:50:15,48,100,80,109
2023-12-28 09:50:15,61,100,80,109
2023-12-28 09:50:15,63,100,80,109
2023-12-28 09:50:15,63,65,80,109
2023-12-28 09:50:32,48,65,80,109
2023-12-28 09:50:32,48,100,80,109
2023-12-28 09:50:32,63,100,80,109
2023-12-28 09:50:32,65,100,80,109
2023-12-28 09:50:32,65,68,80,109
2023-12-28 09:50:32,65,66,80,109
2023-12-28 09:51:33,65,68,80,109
2023-12-28 09:51:33,60,100,80,109
2023-12-28 09:51:33,62,100,80,109
2023-12-28 09:51:33,64,100,80,109
2023-12-28 09:51:33,64,66,80,109
2023-12-28 09:52:33,48,66,80,109
2023-12-28 09:52:34,61,100,80,109
2023-12-28 09:52:34,63,100,80,109
2023-12-28 09:52:34,65,100,80,109
2023-12-28 09:52:34,65,66,80,109
2023-12-28 09:52:43,65,68,90,119
2023-12-28 09:53:11,48,68,90,119
2023-12-28 09:53:11,48,100,90,119
2023-12-28 09:53:11,66,100,90,119
2023-12-28 09:53:11,66,70,90,119
2023-12-28 09:53:11,66,68,90,119
2023-12-28 09:53:54,66,100,90,119
2023-12-28 09:53:54,48,100,90,119
2023-12-28 09:53:54,62,100,90,119
2023-12-28 09:53:54,64,100,90,119
2023-12-28 09:53:54,64,70,90,119
2023-12-28 09:53:54,64,66,90,119
2023-12-28 09:54:10,48,66,90,119
2023-12-28 09:54:10,48,100,90,119
2023-12-28 09:54:10,62,100,90,119
2023-12-28 09:54:10,66,100,90,119
2023-12-28 09:54:10,66,67,90,119
2023-12-28 09:54:13,66,69,100,129
2023-12-28 09:54:20,48,69,100,129
2023-12-28 09:54:20,48,100,100,129
2023-12-28 09:54:20,67,100,100,129
2023-12-28 09:54:20,67,73,100,129
2023-12-28 09:54:20,67,69,100,129
2023-12-28 09:55:20,48,69,100,129
2023-12-28 09:55:21,63,100,100,129
2023-12-28 09:55:21,65,100,100,129
2023-12-28 09:55:21,67,100,100,129
2023-12-28 09:55:21,67,72,100,129
2023-12-28 09:55:21,67,69,100,129
2023-12-28 09:55:27,67,72,120,149
2023-12-28 09:56:21,65,72,120,149
2023-12-28 09:56:22,66,100,120,149
2023-12-28 09:56:22,68,100,120,149
2023-12-28 09:56:22,68,72,120,149
2023-12-28 09:56:22,68,70,120,149
2023-12-28 09:57:22,66,70,120,149
2023-12-28 09:57:23,64,100,120,149
2023-12-28 09:57:23,66,100,120,149
2023-12-28 09:57:23,68,100,120,149
2023-12-28 09:57:23,68,70,120,149
2023-12-28 09:57:51,68,72,180,209
2023-12-28 09:57:52,68,100,180,209
2023-12-28 09:57:52,60,100,180,209
2023-12-28 09:57:52,65,100,180,209
2023-12-28 09:57:52,67,100,180,209
2023-12-28 09:57:52,69,100,180,209
2023-12-28 09:57:52,69,73,180,209
2023-12-28 09:57:52,69,72,180,209
2023-12-28 09:58:27,69,100,180,209
2023-12-28 09:58:27,60,100,180,209
2023-12-28 09:58:27,64,100,180,209
2023-12-28 09:58:27,66,100,180,209
2023-12-28 09:58:27,68,100,180,209
2023-12-28 09:58:27,68,72,180,209
2023-12-28 09:58:27,68,69,180,209
2023-12-28 09:59:27,66,69,180,209
2023-12-28 09:59:28,68,100,180,209
2023-12-28 09:59:28,68,74,180,209
2023-12-28 09:59:28,68,72,180,209
2023-12-28 09:59:28,68,70,180,209
2023-12-28 10:00:28,66,70,180,209
2023-12-28 10:00:29,68,100,180,209
2023-12-28 10:00:29,68,72,180,209
2023-12-28 10:00:29,68,70,180,209
2023-12-28 10:01:04,68,100,180,209
2023-12-28 10:01:04,60,100,180,209
2023-12-28 10:01:04,65,100,180,209
2023-12-28 10:01:04,67,100,180,209
2023-12-28 10:01:04,67,72,180,209
2023-12-28 10:01:04,67,69,180,209
2023-12-28 10:01:49,60,69,180,209
2023-12-28 10:01:49,60,100,180,209
2023-12-28 10:01:49,68,100,180,209
2023-12-28 10:01:49,68,74,180,209
2023-12-28 10:01:49,68,70,180,209
2023-12-28 10:02:49,68,72,180,209
2023-12-28 10:02:50,67,100,180,209
2023-12-28 10:02:50,67,69,180,209
2023-12-28 10:03:50,65,69,180,209
2023-12-28 10:03:51,64,100,180,209
2023-12-28 10:03:51,68,100,180,209
2023-12-28 10:03:51,68,72,180,209
2023-12-28 10:03:51,68,70,180,209
2023-12-28 10:04:24,68,100,180,209
2023-12-28 10:04:24,60,100,180,209
2023-12-28 10:04:24,65,100,180,209
2023-12-28 10:04:24,67,100,180,209
2023-12-28 10:04:24,67,72,180,209
2023-12-28 10:04:24,67,69,180,209
2023-12-28 10:04:50,67,100,180,209
2023-12-28 10:04:50,60,100,180,209
2023-12-28 10:04:50,66,100,180,209
2023-12-28 10:04:50,66,72,180,209
2023-12-28 10:04:50,66,69,180,209
2023-12-28 10:04:50,66,67,180,209
2023-12-28 10:05:04,66,100,180,209
2023-12-28 10:05:04,64,100,180,209
2023-12-28 10:05:04,60,100,180,209
2023-12-28 10:05:04,64,100,180,209
2023-12-28 10:05:04,64,68,180,209
2023-12-28 10:05:04,64,66,180,209
2023-12-28 10:05:23,64,100,180,209
2023-12-28 10:05:23,60,100,180,209
2023-12-28 10:05:23,61,100,180,209
2023-12-28 10:05:23,63,100,180,209
2023-12-28 10:05:23,63,65,180,209
2023-12-28 10:05:30,63,100,180,209
2023-12-28 10:05:30,60,100,180,209
2023-12-28 10:05:30,61,100,180,209
2023-12-28 10:05:30,61,67,180,209
2023-12-28 10:05:30,61,65,180,209
2023-12-28 10:05:30,61,63,180,209
2023-12-28 10:05:56,60,63,180,209
2023-12-28 10:05:56,60,100,180,209
2023-12-28 10:05:56,63,100,180,209
2023-12-28 10:05:56,63,68,180,209
2023-12-28 10:05:56,63,66,180,209
2023-12-28 10:05:56,63,64,180,209
2023-12-28 10:06:40,63,100,180,209
2023-12-28 10:06:40,60,100,180,209
2023-12-28 10:06:40,61,100,180,209
2023-12-28 10:06:40,61,67,180,209
2023-12-28 10:06:40,61,63,180,209
2023-12-28 10:07:25,60,63,180,209
2023-12-28 10:07:25,60,100,180,209
2023-12-28 10:07:25,61,100,180,209
2023-12-28 10:07:25,63,100,180,209
2023-12-28 10:07:25,63,66,180,209
2023-12-28 10:07:25,63,64,180,209
2023-12-28 10:07:28,60,64,180,209
2023-12-28 10:07:28,60,100,180,209
2023-12-28 10:07:28,64,100,180,209
2023-12-28 10:07:28,64,66,180,209
2023-12-28 10:08:28,64,68,180,209
2023-12-28 10:08:29,62,100,180,209
2023-12-28 10:08:29,64,100,180,209
2023-12-28 10:08:29,64,66,180,209
2023-12-28 10:09:29,60,66,180,209
2023-12-28 10:09:30,64,100,180,209
2023-12-28 10:09:30,64,70,180,209
2023-12-28 10:09:30,64,68,180,209
2023-12-28 10:09:30,64,66,180,209
2023-12-28 10:10:30,64,100,180,209
2023-12-28 10:10:30,60,100,180,209
2023-12-28 10:10:30,64,100,180,209
2023-12-28 10:10:30,64,69,180,209
2023-12-28 10:10:30,64,67,180,209
2023-12-28 10:10:30,64,65,180,209
2023-12-28 10:11:22,64,100,180,209
2023-12-28 10:11:22,60,100,180,209
2023-12-28 10:11:22,62,100,180,209
2023-12-28 10:11:22,62,68,180,209
2023-12-28 10:11:22,62,64,180,209
2023-12-28 10:12:04,60,64,180,209
2023-12-28 10:12:04,60,100,180,209
2023-12-28 10:12:04,64,100,180,209
2023-12-28 10:12:04,64,70,180,209
2023-12-28 10:12:04,64,66,180,209
2023-12-28 10:12:51,60,66,180,209
2023-12-28 10:12:51,60,100,180,209
2023-12-28 10:12:51,62,100,180,209
2023-12-28 10:12:51,66,100,180,209
2023-12-28 10:12:51,66,69,180,209
2023-12-28 10:12:51,66,67,180,209
2023-12-28 10:13:22,66,100,180,209
2023-12-28 10:13:22,64,100,180,209
2023-12-28 10:13:22,60,100,180,209
2023-12-28 10:13:22,64,100,180,209
2023-12-28 10:13:22,64,68,180,209
2023-12-28 10:13:22,64,66,180,209
2023-12-28 10:13:51,64,100,180,209
2023-12-28 10:13:51,60,100,180,209
2023-12-28 10:13:51,61,100,180,209
2023-12-28 10:13:51,63,100,180,209
2023-12-28 10:13:51,63,67,180,209
2023-12-28 10:13:51,63,65,180,209
2023-12-28 10:14:04,60,65,180,209
2023-12-28 10:14:04,60,100,180,209
2023-12-28 10:14:04,62,100,180,209
2023-12-28 10:14:04,64,100,180,209
2023-12-28 10:14:04,64,68,180,209
2023-12-28 10:14:04,64,66,180,209
2023-12-28 10:14:16,64,100,180,209
2023-12-28 10:14:16,60,100,180,209
2023-12-28 10:14:16,60,72,180,209
2023-12-28 10:14:16,60,70,180,209
2023-12-28 10:14:16,60,68,180,209
2023-12-28 10:15:10,60,100,180,209
2023-12-28 10:15:10,63,100,180,209
2023-12-28 10:15:10,63,65,180,209
2023-12-28 10:15:25,60,65,180,209
2023-12-28 10:15:25,60,100,180,209
2023-12-28 10:15:25,65,100,180,209
2023-12-28 10:15:25,65,72,180,209
2023-12-28 10:15:25,65,67,180,209
2023-12-28 10:15:34,60,67,180,209
2023-12-28 10:15:34,60,100,180,209
2023-12-28 10:15:34,66,100,180,209
2023-12-28 10:15:34,66,70,180,209
2023-12-28 10:15:34,66,68,180,209
2023-12-28 10:16:34,66,100,180,209
2023-12-28 10:16:35,62,100,180,209
2023-12-28 10:16:35,66,100,180,209
2023-12-28 10:16:35,66,69,180,209
2023-12-28 10:16:35,66,67,180,209
2023-12-28 10:17:16,66,100,180,209
2023-12-28 10:17:16,60,100,180,209
2023-12-28 10:17:16,62,100,180,209
2023-12-28 10:17:16,64,100,180,209
2023-12-28 10:17:16,64,66,180,209
2023-12-28 10:17:33,60,66,180,209
2023-12-28 10:17:33,60,100,180,209
2023-12-28 10:17:33,66,100,180,209
2023-12-28 10:17:33,66,68,180,209
2023-12-28 10:18:33,66,70,180,209
2023-12-28 10:18:34,65,100,180,209
2023-12-28 10:18:34,65,69,180,209
2023-12-28 10:18:34,65,67,180,209
2023-12-28 10:19:22,65,100,180,209
2023-12-28 10:19:22,60,100,180,209
2023-12-28 10:19:22,64,100,180,209
2023-12-28 10:19:22,64,67,180,209
2023-12-28 10:19:22,64,65,180,209
2023-12-28 10:20:05,60,65,180,209
2023-12-28 10:20:05,60,100,180,209
2023-12-28 10:20:05,65,100,180,209
2023-12-28 10:20:05,65,69,180,209
2023-12-28 10:20:05,65,67,180,209
2023-12-28 10:21:02,60,67,180,209
2023-12-28 10:21:02,60,100,180,209
2023-12-28 10:21:02,62,100,180,209
2023-12-28 10:21:02,64,100,180,209
2023-12-28 10:21:02,66,100,180,209
2023-12-28 10:21:02,66,68,180,209
2023-12-28 10:21:46,60,68,180,209
2023-12-28 10:21:46,60,100,180,209
2023-12-28 10:21:46,64,100,180,209
2023-12-28 10:21:46,66,100,180,209
2023-12-28 10:21:46,68,100,180,209
2023-12-28 10:21:46,68,69,180,209
2023-12-28 10:22:46,60,69,180,209
2023-12-28 10:22:47,63,100,180,209
2023-12-28 10:22:47,67,100,180,209
2023-12-28 10:22:47,67,73,180,209
2023-12-28 10:22:47,67,69,180,209
2023-12-28 10:23:47,65,69,180,209
2023-12-28 10:23:48,63,100,180,209
2023-12-28 10:23:48,65,100,180,209
2023-12-28 10:23:48,67,100,180,209
2023-12-28 10:23:48,67,73,180,209
2023-12-28 10:23:48,67,69,180,209
2023-12-28 10:24:48,65,69,180,209
2023-12-28 10:24:49,65,100,180,209
2023-12-28 10:24:49,67,100,180,209
2023-12-28 10:24:49,67,72,180,209
2023-12-28 10:24:49,67,69,180,209
2023-12-28 10:25:26,60,69,180,209
2023-12-28 10:25:26,60,100,180,209
2023-12-28 10:25:26,69,100,180,209
2023-12-28 10:25:26,69,70,180,209
2023-12-28 10:25:42,69,72,190,219
2023-12-28 10:25:43,60,72,190,219
2023-12-28 10:25:43,60,100,190,219
2023-12-28 10:25:43,66,100,190,219
2023-12-28 10:25:43,68,100,190,219
2023-12-28 10:25:43,70,100,190,219
2023-12-28 10:25:43,70,74,190,219
2023-12-28 10:25:43,70,72,190,219
2023-12-28 10:26:43,70,74,190,219
2023-12-28 10:26:44,68,100,190,219
2023-12-28 10:26:44,70,100,190,219
2023-12-28 10:26:44,70,74,190,219
2023-12-28 10:26:44,70,72,190,219
2023-12-28 10:27:44,70,74,190,219
2023-12-28 10:27:45,69,100,190,219
2023-12-28 10:27:45,69,73,190,219
2023-12-28 10:27:45,69,72,190,219
2023-12-28 10:28:07,60,72,190,219
2023-12-28 10:28:07,60,100,190,219
2023-12-28 10:28:07,69,100,190,219
2023-12-28 10:28:07,71,100,190,219
2023-12-28 10:28:07,71,73,190,219
2023-12-28 10:29:07,67,73,190,219
2023-12-28 10:29:08,69,100,190,219
2023-12-28 10:29:08,71,100,190,219
2023-12-28 10:29:08,71,75,190,219
2023-12-28 10:29:08,71,73,190,219
2023-12-28 10:30:08,71,75,190,219
2023-12-28 10:30:09,72,100,190,219
2023-12-28 10:30:09,72,77,190,219
2023-12-28 10:30:09,72,74,190,219
2023-12-28 10:30:43,72,76,240,269
2023-12-28 10:31:09,72,77,240,269
2023-12-28 10:31:10,72,100,240,269
2023-12-28 10:31:10,72,74,240,269
2023-12-28 10:32:10,70,74,240,269
2023-12-28 10:32:11,70,100,240,269
2023-12-28 10:32:11,72,100,240,269
2023-12-28 10:32:11,72,76,240,269
2023-12-28 10:32:11,72,75,240,269
2023-12-28 10:32:11,72,73,240,269
2023-12-28 10:32:38,72,75,250,279
2023-12-28 10:32:39,60,75,250,279
2023-12-28 10:32:39,60,100,250,279
2023-12-28 10:32:39,71,100,250,279
2023-12-28 10:32:39,73,100,250,279
2023-12-28 10:32:39,73,77,250,279
2023-12-28 10:32:39,73,75,250,279
2023-12-28 10:33:01,60,75,250,279
2023-12-28 10:33:01,60,100,250,279
2023-12-28 10:33:01,72,100,250,279
2023-12-28 10:33:01,74,100,250,279
2023-12-28 10:33:01,74,76,250,279
2023-12-28 10:34:01,74,78,250,279
2023-12-28 10:34:02,70,100,250,279
2023-12-28 10:34:02,72,100,250,279
2023-12-28 10:34:02,74,100,250,279
2023-12-28 10:34:02,74,76,250,279
2023-12-28 10:35:02,74,100,250,279
2023-12-28 10:35:03,69,100,250,279
2023-12-28 10:35:03,71,100,250,279
2023-12-28 10:35:03,73,100,250,279
2023-12-28 10:35:03,73,77,250,279
2023-12-28 10:35:03,73,75,250,279
2023-12-28 10:36:03,71,75,250,279
2023-12-28 10:36:04,73,100,250,279
2023-12-28 10:36:04,73,78,250,279
2023-12-28 10:36:04,73,75,250,279
2023-12-28 10:37:04,69,75,250,279
2023-12-28 10:37:05,74,100,250,279
2023-12-28 10:37:05,74,75,250,279
2023-12-28 10:38:05,74,77,250,279
2023-12-28 10:38:06,73,100,250,279
2023-12-28 10:38:06,73,78,250,279
2023-12-28 10:38:06,73,75,250,279
2023-12-28 10:39:06,73,78,250,279
2023-12-28 10:39:07,71,100,250,279
2023-12-28 10:39:07,73,100,250,279
2023-12-28 10:39:07,73,75,250,279
2023-12-28 10:40:07,69,75,250,279
2023-12-28 10:40:08,70,100,250,279
2023-12-28 10:40:08,72,100,250,279
2023-12-28 10:40:08,72,76,250,279
2023-12-28 10:40:08,72,74,250,279
2023-12-28 10:40:18,60,74,250,279
2023-12-28 10:40:18,60,76,250,279
2023-12-28 10:40:18,60,100,250,279
2023-12-28 10:40:18,67,100,250,279
2023-12-28 10:40:18,71,100,250,279
2023-12-28 10:40:18,71,81,250,279
2023-12-28 10:41:18,71,83,250,279
2023-12-28 10:41:19,73,100,250,279
2023-12-28 10:41:19,75,100,250,279
2023-12-28 10:41:19,75,77,250,279
2023-12-28 10:41:51,75,100,250,279
2023-12-28 10:41:51,60,100,250,279
2023-12-28 10:41:51,71,100,250,279
2023-12-28 10:41:51,73,100,250,279
2023-12-28 10:41:51,73,77,250,279
2023-12-28 10:41:51,73,75,250,279
2023-12-28 10:42:51,71,75,250,279
2023-12-28 10:42:52,69,100,250,279
2023-12-28 10:42:52,73,100,250,279
2023-12-28 10:42:52,73,78,250,279
2023-12-28 10:42:52,73,75,250,279
2023-12-28 10:43:12,73,100,250,279
2023-12-28 10:43:12,60,100,250,279
2023-12-28 10:43:12,69,100,250,279
2023-12-28 10:43:12,71,100,250,279
2023-12-28 10:43:12,71,76,250,279
2023-12-28 10:43:12,71,73,250,279
2023-12-28 10:43:54,71,75,270,299
2023-12-28 10:44:03,60,75,270,299
2023-12-28 10:44:03,60,100,270,299
2023-12-28 10:44:03,69,100,270,299
2023-12-28 10:44:03,71,100,270,299
2023-12-28 10:44:03,73,100,270,299
2023-12-28 10:44:03,73,77,270,299
2023-12-28 10:44:03,73,75,270,299
2023-12-28 10:44:32,60,75,270,299
2023-12-28 10:44:32,60,100,270,299
2023-12-28 10:44:32,70,100,270,299
2023-12-28 10:44:32,74,100,270,299
2023-12-28 10:44:32,74,79,270,299
2023-12-28 10:44:32,74,76,270,299
2023-12-28 10:44:46,74,79,461,490
2023-12-28 10:44:55,74,100,461,490
2023-12-28 10:44:55,60,100,461,490
2023-12-28 10:44:55,73,100,461,490
2023-12-28 10:44:55,73,77,461,490
2023-12-28 10:44:55,73,75,461,490
2023-12-28 10:45:55,71,75,461,490
2023-12-28 10:45:56,68,100,461,490
2023-12-28 10:45:56,70,100,461,490
2023-12-28 10:45:56,72,100,461,490
2023-12-28 10:45:56,72,74,461,490
2023-12-28 10:46:15,60,74,461,490
2023-12-28 10:46:15,60,100,461,490
2023-12-28 10:46:15,71,100,461,490
2023-12-28 10:46:15,73,100,461,490
2023-12-28 10:46:15,73,78,461,490
2023-12-28 10:46:15,73,75,461,490
2023-12-28 10:47:06,73,75,461,493
2023-12-28 10:47:15,73,78,461,493
2023-12-28 10:47:16,74,100,461,493
2023-12-28 10:47:16,74,79,461,493
2023-12-28 10:47:16,74,76,461,493
2023-12-28 10:48:16,72,76,461,493
2023-12-28 10:48:16,74,100,461,493
2023-12-28 10:48:16,76,100,461,493
2023-12-28 10:48:16,76,77,461,493
2023-12-28 10:48:57,60,77,461,493
2023-12-28 10:48:57,60,100,461,493
2023-12-28 10:48:57,73,100,461,493
2023-12-28 10:48:57,75,100,461,493
2023-12-28 10:48:57,77,100,461,493
2023-12-28 10:48:57,77,81,461,493
2023-12-28 10:48:57,77,79,461,493
2023-12-28 10:49:23,60,79,461,493
2023-12-28 10:49:23,60,100,461,493
2023-12-28 10:49:23,78,100,461,493
2023-12-28 10:49:23,78,83,461,493
2023-12-28 10:49:23,78,82,461,493
2023-12-28 10:49:23,78,80,461,493
2023-12-28 10:49:46,60,80,461,493
2023-12-28 10:49:46,60,100,461,493
2023-12-28 10:49:46,80,100,461,493
2023-12-28 10:49:46,80,85,461,493
2023-12-28 10:49:46,80,82,461,493
2023-12-28 10:49:47,80,100,461,493
2023-12-28 10:49:47,60,100,461,493
2023-12-28 10:49:47,76,100,461,493
2023-12-28 10:49:47,77,100,461,493
2023-12-28 10:49:47,79,100,461,493
2023-12-28 10:49:47,79,82,461,493
2023-12-28 10:49:47,79,80,461,493
2023-12-28 10:50:28,79,100,461,493
2023-12-28 10:50:28,60,100,461,493
2023-12-28 10:50:28,77,100,461,493
2023-12-28 10:50:28,77,82,461,493
2023-12-28 10:50:28,77,81,461,493
2023-12-28 10:50:28,77,79,461,493
2023-12-28 10:51:28,77,81,461,493
2023-12-28 10:51:29,76,100,461,493
2023-12-28 10:51:29,78,100,461,493
2023-12-28 10:51:29,78,80,461,493
2023-12-28 10:52:29,76,80,461,493
2023-12-28 10:52:30,77,100,461,493
2023-12-28 10:52:30,77,82,461,493
2023-12-28 10:52:30,77,81,461,493
2023-12-28 10:52:30,77,79,461,493
2023-12-28 10:53:30,77,81,461,493
2023-12-28 10:53:31,78,100,461,493
2023-12-28 10:53:31,78,79,461,493
2023-12-28 10:54:05,78,100,461,493
2023-12-28 10:54:05,60,100,461,493
2023-12-28 10:54:05,74,100,461,493
2023-12-28 10:54:05,76,100,461,493
2023-12-28 10:54:05,76,78,461,493
2023-12-28 10:54:24,76,100,461,493
2023-12-28 10:54:24,60,100,461,493
2023-12-28 10:54:24,75,100,461,493
2023-12-28 10:54:24,75,79,461,493
2023-12-28 10:54:24,75,76,461,493
2023-12-28 10:55:17,60,76,461,493
2023-12-28 10:55:17,60,100,461,493
2023-12-28 10:55:17,73,100,461,493
2023-12-28 10:55:17,76,100,461,493
2023-12-28 10:55:17,76,80,461,493
2023-12-28 10:55:17,76,78,461,493
2023-12-28 10:55:59,76,100,461,493
2023-12-28 10:55:59,60,100,461,493
2023-12-28 10:55:59,75,100,461,493
2023-12-28 10:55:59,75,79,461,493
2023-12-28 10:55:59,75,78,461,493
2023-12-28 10:55:59,75,76,461,493
2023-12-28 10:56:16,75,100,461,493
2023-12-28 10:56:16,60,100,461,493
2023-12-28 10:56:16,69,100,461,493
2023-12-28 10:56:16,71,100,461,493
2023-12-28 10:56:16,73,100,461,493
2023-12-28 10:56:16,73,75,461,493
2023-12-28 10:56:28,73,100,461,493
2023-12-28 10:56:28,71,100,461,493
2023-12-28 10:56:28,60,100,461,493
2023-12-28 10:56:28,67,100,461,493
2023-12-28 10:56:28,67,81,461,493
2023-12-28 10:56:28,67,77,461,493
2023-12-28 10:56:30,67,100,461,493
2023-12-28 10:56:30,60,100,461,493
2023-12-28 10:56:30,68,100,461,493
2023-12-28 10:56:30,70,100,461,493
2023-12-28 10:56:30,70,73,461,493
2023-12-28 10:56:30,70,72,461,493
2023-12-28 10:57:01,70,100,461,493
2023-12-28 10:57:01,60,100,461,493
2023-12-28 10:57:01,64,100,461,493
2023-12-28 10:57:01,66,100,461,493
2023-12-28 10:57:01,68,100,461,493
2023-12-28 10:57:01,68,74,461,493
2023-12-28 10:57:01,68,72,461,493
2023-12-28 10:57:01,68,70,461,493
2023-12-28 10:57:10,60,70,461,493
2023-12-28 10:57:10,60,100,461,493
2023-12-28 10:57:10,68,100,461,493
2023-12-28 10:57:10,70,100,461,493
2023-12-28 10:57:10,70,75,461,493
2023-12-28 10:57:10,70,72,461,493
2023-12-28 10:58:10,70,74,461,493
2023-12-28 10:58:11,66,100,461,493
2023-12-28 10:58:11,68,100,461,493
2023-12-28 10:58:11,70,100,461,493
2023-12-28 10:58:11,70,75,461,493
2023-12-28 10:58:11,70,74,461,493
2023-12-28 10:58:11,70,72,461,493
2023-12-28 10:58:23,60,72,461,493
2023-12-28 10:58:23,60,100,461,493
2023-12-28 10:58:23,67,100,461,493
2023-12-28 10:58:23,71,100,461,493
2023-12-28 10:58:23,71,73,461,493
2023-12-28 10:58:46,71,100,461,493
2023-12-28 10:58:46,60,100,461,493
2023-12-28 10:58:46,66,100,461,493
2023-12-28 10:58:46,68,100,461,493
2023-12-28 10:58:46,70,100,461,493
2023-12-28 10:58:46,70,74,461,493
2023-12-28 10:58:46,70,72,461,493
2023-12-28 10:59:46,60,72,461,493
2023-12-28 10:59:47,65,72,461,493
2023-12-28 10:59:47,67,72,461,493
2023-12-28 10:59:47,69,72,461,493
2023-12-28 11:00:47,60,72,461,493
2023-12-28 11:00:47,65,72,461,493
2023-12-28 11:00:47,67,72,461,493
2023-12-28 11:00:47,69,72,461,493
2023-12-28 11:01:27,60,72,461,493
2023-12-28 11:01:27,69,72,461,493
2023-12-28 11:01:27,71,72,461,493
2023-12-28 11:01:49,60,72,461,493
2023-12-28 11:01:49,69,72,461,493
2023-12-28 11:02:49,60,72,461,493
2023-12-28 11:02:50,67,72,461,493
2023-12-28 11:02:50,69,72,461,493
2023-12-28 11:02:50,69,70,461,493
2023-12-28 11:03:06,69,72,461,493
2023-12-28 11:03:06,60,72,461,493
2023-12-28 11:03:06,67,72,461,493
2023-12-28 11:03:06,67,69,461,493
2023-12-28 11:03:49,67,72,491,523
2023-12-28 11:04:06,65,72,491,523
2023-12-28 11:04:07,63,72,491,523
2023-12-28 11:04:07,65,72,491,523
2023-12-28 11:04:07,67,72,491,523
2023-12-28 11:04:07,67,69,491,523
2023-12-28 11:05:07,67,72,491,523
2023-12-28 11:05:08,66,72,491,523
2023-12-28 11:05:08,68,72,491,523
2023-12-28 11:05:08,68,70,491,523
2023-12-28 11:05:31,60,70,491,523
2023-12-28 11:05:31,60,72,491,523
2023-12-28 11:05:31,69,72,491,523
2023-12-28 11:06:13,60,72,491,523
2023-12-28 11:06:13,68,72,491,523
2023-12-28 11:06:13,68,70,491,523
2023-12-28 11:07:02,68,72,541,573
2023-12-28 11:07:03,60,72,541,573
2023-12-28 11:07:03,65,72,541,573
2023-12-28 11:07:03,67,72,541,573
2023-12-28 11:07:03,69,72,541,573
2023-12-28 11:07:34,67,72,491,623
2023-12-28 11:07:35,60,72,491,623
2023-12-28 11:07:35,66,72,491,623
2023-12-28 11:07:35,68,72,491,623
2023-12-28 11:07:35,68,70,491,623
2023-12-28 11:07:35,68,72,491,623
2023-12-28 11:07:35,66,72,491,623
2023-12-28 11:07:35,60,72,491,623
2023-12-28 11:07:35,61,72,491,623
2023-12-28 11:07:41,60,72,491,623
2023-12-28 11:07:41,67,72,491,623
2023-12-28 11:07:41,67,69,491,623
2023-12-28 11:08:17,65,69,461,653
2023-12-28 11:08:22,65,72,461,653
2023-12-28 11:08:22,60,72,461,653
2023-12-28 11:08:22,66,72,461,653
2023-12-28 11:08:22,66,69,461,653
2023-12-28 11:08:22,66,67,461,653
2023-12-28 11:08:33,66,72,461,653
2023-12-28 11:08:33,64,72,461,653
2023-12-28 11:08:33,60,72,461,653
2023-12-28 11:08:33,64,72,461,653
2023-12-28 11:08:33,64,68,461,653
2023-12-28 11:08:33,64,66,461,653
2023-12-28 11:08:37,62,66,431,683
2023-12-28 11:09:31,60,66,431,683
2023-12-28 11:09:31,60,72,431,683
2023-12-28 11:09:31,61,72,431,683
2023-12-28 11:09:31,63,72,431,683
2023-12-28 11:09:31,65,72,431,683
2023-12-28 11:09:31,65,67,431,683
2023-12-28 11:09:40,65,69,451,703
2023-12-28 11:09:47,60,69,451,703
2023-12-28 11:09:47,60,72,451,703
2023-12-28 11:09:47,63,72,451,703
2023-12-28 11:09:47,67,72,451,703
2023-12-28 11:09:47,67,69,451,703
2023-12-28 11:10:47,67,72,451,703
2023-12-28 11:10:48,66,72,451,703
2023-12-28 11:10:48,68,72,451,703
2023-12-28 11:10:48,68,70,451,703
2023-12-28 11:11:06,68,72,491,743
2023-12-28 11:11:20,60,72,491,743
2023-12-28 11:11:20,65,72,491,743
2023-12-28 11:11:20,67,72,491,743
2023-12-28 11:11:20,69,72,491,743
2023-12-28 11:12:20,67,72,491,743
2023-12-28 11:12:21,67,72,491,743
2023-12-28 11:12:21,69,72,491,743
2023-12-28 11:12:55,60,72,491,743
2023-12-28 11:12:55,64,72,491,743
2023-12-28 11:12:55,66,72,491,743
2023-12-28 11:12:55,68,72,491,743
2023-12-28 11:12:55,68,69,491,743
2023-12-28 11:13:41,66,69,481,753
2023-12-28 11:13:55,60,69,481,753
2023-12-28 11:13:56,65,72,481,753
2023-12-28 11:13:56,67,72,481,753
2023-12-28 11:13:56,67,69,481,753
2023-12-28 11:14:00,65,69,461,773
2023-12-28 11:14:55,60,69,461,773
2023-12-28 11:14:55,60,72,461,773
2023-12-28 11:14:55,64,72,461,773
2023-12-28 11:14:55,68,72,461,773
2023-12-28 11:14:55,68,70,461,773
2023-12-28 11:15:20,68,72,461,773
2023-12-28 11:15:20,60,72,461,773
2023-12-28 11:15:20,67,72,461,773
2023-12-28 11:15:20,67,69,461,773
2023-12-28 11:15:28,65,69,431,803
2023-12-28 11:15:32,65,72,431,803
2023-12-28 11:15:32,60,72,431,803
2023-12-28 11:15:32,62,72,431,803
2023-12-28 11:15:32,66,72,431,803
2023-12-28 11:15:32,66,69,431,803
2023-12-28 11:15:32,66,67,431,803
2023-12-28 11:15:45,66,69,441,813
2023-12-28 11:16:05,60,69,441,813
2023-12-28 11:16:05,60,72,441,813
2023-12-28 11:16:05,65,72,441,813
2023-12-28 11:16:05,67,72,441,813
2023-12-28 11:16:05,67,69,441,813
2023-12-28 11:16:18,65,69,411,843
2023-12-28 11:16:31,65,72,411,843
2023-12-28 11:16:31,60,72,411,843
2023-12-28 11:16:31,62,72,411,843
2023-12-28 11:16:31,64,72,411,843
2023-12-28 11:16:31,66,72,411,843
2023-12-28 11:16:31,66,70,411,843
2023-12-28 11:16:31,66,68,411,843
2023-12-28 11:16:43,64,68,391,863
2023-12-28 11:17:31,64,70,391,863
2023-12-28 11:17:32,61,72,391,863
2023-12-28 11:17:32,63,72,391,863
2023-12-28 11:17:32,65,72,391,863
2023-12-28 11:17:32,65,67,391,863
2023-12-28 11:18:09,65,69,451,923
2023-12-28 11:18:10,65,72,451,923
2023-12-28 11:18:10,60,72,451,923
2023-12-28 11:18:10,66,72,451,923
2023-12-28 11:18:10,66,68,451,923
2023-12-28 11:18:14,64,68,421,953
2023-12-28 11:18:20,64,72,421,953
2023-12-28 11:18:20,60,72,421,953
2023-12-28 11:18:20,65,72,421,953
2023-12-28 11:18:20,65,70,421,953
2023-12-28 11:18:20,65,66,421,953
2023-12-28 11:18:25,63,66,411,963
2023-12-28 11:19:09,63,72,411,963
2023-12-28 11:19:09,60,72,411,963
2023-12-28 11:19:09,61,72,411,963
2023-12-28 11:19:09,63,72,411,963
2023-12-28 11:19:09,63,67,411,963
2023-12-28 11:19:09,63,65,411,963
2023-12-28 11:19:20,63,72,411,963
2023-12-28 11:19:20,60,72,411,963
2023-12-28 11:19:20,62,72,411,963
2023-12-28 11:19:20,62,64,411,963
2023-12-28 11:19:28,60,64,381,993
2023-12-28 11:19:37,60,72,381,993
2023-12-28 11:19:37,61,72,381,993
2023-12-28 11:19:37,61,67,381,993
2023-12-28 11:19:37,61,65,381,993
2023-12-28 11:19:37,61,63,381,993
2023-12-28 11:19:40,60,63,371,1003
2023-12-28 11:19:47,60,72,371,1003
2023-12-28 11:19:47,60,65,371,1003
2023-12-28 11:19:47,60,63,371,1003
2023-12-28 11:19:47,60,61,371,1003
2023-12-28 11:20:01,59,61,371,1004
2023-12-28 11:20:04,56,61,321,1054
2023-12-28 11:20:15,55,61,321,1054
2023-12-28 11:20:15,55,72,321,1054
2023-12-28 11:20:15,56,72,321,1054
2023-12-28 11:20:15,57,72,321,1054
2023-12-28 11:20:15,57,60,321,1054
2023-12-28 11:20:33,55,60,321,1054
2023-12-28 11:20:33,55,72,321,1054
2023-12-28 11:20:33,57,72,321,1054
2023-12-28 11:20:33,60,72,321,1054
2023-12-28 11:20:33,60,63,321,1054
2023-12-28 11:20:33,60,61,321,1054
2023-12-28 11:20:38,55,61,321,1054
2023-12-28 11:20:38,55,72,321,1054
2023-12-28 11:20:38,59,72,321,1054
2023-12-28 11:20:38,61,72,321,1054
2023-12-28 11:20:38,61,67,321,1054
2023-12-28 11:20:38,61,65,321,1054
2023-12-28 11:20:38,61,63,321,1054
2023-12-28 11:20:51,55,63,321,1054
2023-12-28 11:20:51,55,72,321,1054
2023-12-28 11:20:51,62,72,321,1054
2023-12-28 11:20:51,62,68,321,1054
2023-12-28 11:20:51,62,66,321,1054
2023-12-28 11:20:51,62,64,321,1054
2023-12-28 11:21:01,62,66,351,1084
2023-12-28 11:21:10,55,66,351,1084
2023-12-28 11:21:10,55,72,351,1084
2023-12-28 11:21:10,59,72,351,1084
2023-12-28 11:21:10,61,72,351,1084
2023-12-28 11:21:10,63,72,351,1084
2023-12-28 11:21:10,63,69,351,1084
2023-12-28 11:21:10,63,65,351,1084
2023-12-28 11:21:12,63,67,371,1104
2023-12-28 11:21:48,55,67,371,1104
2023-12-28 11:21:48,55,72,371,1104
2023-12-28 11:21:48,65,72,371,1104
2023-12-28 11:21:48,65,67,371,1104
2023-12-28 11:22:03,65,69,431,1164
2023-12-28 11:22:24,62,69,431,1164
2023-12-28 11:22:24,62,72,431,1164
2023-12-28 11:22:24,64,72,431,1164
2023-12-28 11:22:24,66,72,431,1164
2023-12-28 11:22:24,66,68,431,1164
2023-12-28 11:22:37,66,70,461,1194
2023-12-28 11:23:11,66,72,461,1194
2023-12-28 11:23:11,62,72,461,1194
2023-12-28 11:23:11,63,72,461,1194
2023-12-28 11:23:11,65,72,461,1194
2023-12-28 11:23:11,65,69,461,1194
2023-12-28 11:23:11,65,67,461,1194
2023-12-28 11:23:32,63,67,431,1224
2023-12-28 11:23:32,63,72,431,1224
2023-12-28 11:23:32,62,72,431,1224
2023-12-28 11:23:32,64,72,431,1224
2023-12-28 11:23:32,64,69,431,1224
2023-12-28 11:23:32,64,67,431,1224
2023-12-28 11:23:32,64,65,431,1224
2023-12-28 11:23:39,62,65,421,1234
2023-12-28 11:24:24,62,72,421,1234
2023-12-28 11:24:24,62,68,421,1234
2023-12-28 11:24:24,62,64,421,1234
2023-12-28 11:25:14,62,72,421,1234
2023-12-28 11:25:14,62,65,421,1234
2023-12-28 11:25:14,62,63,421,1234
2023-12-28 11:25:25,61,63,421,1235
2023-12-28 11:26:14,61,65,421,1235
2023-12-28 11:26:15,61,72,421,1235
2023-12-28 11:26:15,61,63,421,1235
2023-12-28 11:26:23,60,63,381,1275
2023-12-28 11:26:54,59,63,381,1276
2023-12-28 11:26:55,59,72,381,1276
2023-12-28 11:26:55,55,72,381,1276
2023-12-28 11:26:55,56,72,381,1276
2023-12-28 11:26:55,60,72,381,1276
2023-12-28 11:26:55,60,64,381,1276
2023-12-28 11:26:55,60,62,381,1276
2023-12-28 11:26:57,57,62,371,1286
2023-12-28 11:27:15,55,62,371,1286
2023-12-28 11:27:15,55,72,371,1286
2023-12-28 11:27:15,61,72,371,1286
2023-12-28 11:27:15,61,65,371,1286
2023-12-28 11:27:15,61,63,371,1286
2023-12-28 11:27:51,55,63,371,1286
2023-12-28 11:27:51,55,72,371,1286
2023-12-28 11:27:51,59,72,371,1286
2023-12-28 11:27:51,61,72,371,1286
2023-12-28 11:27:51,63,72,371,1286
2023-12-28 11:27:51,63,66,371,1286
2023-12-28 11:27:51,63,64,371,1286
2023-12-28 11:27:53,63,66,381,1296
2023-12-28 11:28:10,55,66,381,1296
2023-12-28 11:28:10,55,72,381,1296
2023-12-28 11:28:10,60,72,381,1296
2023-12-28 11:28:10,62,72,381,1296
2023-12-28 11:28:10,64,72,381,1296
2023-12-28 11:28:10,64,68,381,1296
2023-12-28 11:28:10,64,66,381,1296
2023-12-28 11:29:10,64,70,381,1296
2023-12-28 11:29:11,62,72,381,1296
2023-12-28 11:29:11,64,72,381,1296
2023-12-28 11:29:11,64,66,381,1296
2023-12-28 11:30:11,64,72,381,1296
2023-12-28 11:30:11,64,72,381,1296
2023-12-28 11:30:11,64,70,381,1296
2023-12-28 11:30:11,64,66,381,1296
2023-12-28 11:31:07,64,72,381,1296
2023-12-28 11:31:07,61,72,381,1296
2023-12-28 11:31:07,63,72,381,1296
2023-12-28 11:31:07,63,67,381,1296
2023-12-28 11:31:07,63,65,381,1296
2023-12-28 11:31:10,61,65,351,1326
2023-12-28 11:31:45,61,67,391,1366
2023-12-28 11:31:52,61,72,391,1366
2023-12-28 11:31:52,62,72,391,1366
2023-12-28 11:31:52,64,72,391,1366
2023-12-28 11:31:52,64,66,391,1366
2023-12-28 11:32:38,64,68,421,1396
2023-12-28 11:32:39,61,68,421,1396
2023-12-28 11:32:39,61,72,421,1396
2023-12-28 11:32:39,62,72,421,1396
2023-12-28 11:32:39,66,72,421,1396
2023-12-28 11:32:39,66,68,421,1396
2023-12-28 11:32:48,61,68,421,1396
2023-12-28 11:32:48,61,72,421,1396
2023-12-28 11:32:48,65,72,421,1396
2023-12-28 11:32:48,67,72,421,1396
2023-12-28 11:32:48,67,69,421,1396
2023-12-28 11:33:35,65,69,381,1436
2023-12-28 11:33:39,65,72,381,1436
2023-12-28 11:33:39,61,72,381,1436
2023-12-28 11:33:39,62,72,381,1436
2023-12-28 11:33:39,66,72,381,1436
2023-12-28 11:33:39,66,70,381,1436
2023-12-28 11:33:39,66,68,381,1436
2023-12-28 11:34:39,66,70,381,1436
2023-12-28 11:34:40,63,72,381,1436
2023-12-28 11:34:40,65,72,381,1436
2023-12-28 11:34:40,65,69,381,1436
2023-12-28 11:34:40,65,67,381,1436
2023-12-28 11:34:41,63,67,331,1486
2023-12-28 11:34:51,61,67,331,1486
2023-12-28 11:34:51,61,72,331,1486
2023-12-28 11:34:51,62,72,331,1486
2023-12-28 11:34:51,64,72,331,1486
2023-12-28 11:34:51,64,70,331,1486
2023-12-28 11:34:51,64,68,331,1486
2023-12-28 11:34:51,64,66,331,1486
2023-12-28 11:35:03,64,72,331,1486
2023-12-28 11:35:03,61,72,331,1486
2023-12-28 11:35:03,63,72,331,1486
2023-12-28 11:35:03,63,69,331,1486
2023-12-28 11:35:03,63,67,331,1486
2023-12-28 11:35:03,63,65,331,1486
2023-12-28 11:35:16,61,65,311,1506
2023-12-28 11:36:03,61,72,311,1506
2023-12-28 11:36:04,62,72,311,1506
2023-12-28 11:36:04,62,66,311,1506
2023-12-28 11:36:04,62,64,311,1506
2023-12-28 11:36:11,62,66,351,1546
2023-12-28 11:36:17,61,66,351,1546
2023-12-28 11:36:17,61,72,351,1546
2023-12-28 11:36:17,63,72,351,1546
2023-12-28 11:36:17,63,69,351,1546
2023-12-28 11:36:17,63,67,351,1546
2023-12-28 11:36:17,63,65,351,1546
2023-12-28 11:37:01,63,67,381,1576
2023-12-28 11:37:17,61,67,381,1576
2023-12-28 11:37:18,62,72,381,1576
2023-12-28 11:37:18,64,72,381,1576
2023-12-28 11:37:18,64,70,381,1576
2023-12-28 11:37:18,64,66,381,1576
2023-12-28 11:37:30,62,66,351,1606
2023-12-28 11:37:46,62,72,351,1606
2023-12-28 11:37:46,61,72,351,1606
2023-12-28 11:37:46,63,72,351,1606
2023-12-28 11:37:46,63,64,351,1606
2023-12-28 11:37:55,63,66,361,1616
2023-12-28 11:38:28,61,66,361,1616
2023-12-28 11:38:28,61,72,361,1616
2023-12-28 11:38:28,62,72,361,1616
2023-12-28 11:38:28,64,72,361,1616
2023-12-28 11:38:28,64,68,361,1616
2023-12-28 11:38:28,64,66,361,1616
2023-12-28 11:38:35,64,68,411,1666
2023-12-28 11:39:09,62,68,391,1686
2023-12-28 11:39:28,62,72,391,1686
2023-12-28 11:39:29,63,72,391,1686
2023-12-28 11:39:29,63,65,391,1686
2023-12-28 11:39:37,63,67,441,1736
2023-12-28 11:39:43,61,67,441,1736
2023-12-28 11:39:43,61,72,441,1736
2023-12-28 11:39:43,62,72,441,1736
2023-12-28 11:39:43,64,72,441,1736
2023-12-28 11:39:43,64,66,441,1736
2023-12-28 11:40:05,61,66,441,1736
2023-12-28 11:40:05,61,72,441,1736
2023-12-28 11:40:05,64,72,441,1736
2023-12-28 11:40:05,66,72,441,1736
2023-12-28 11:40:05,66,70,441,1736
2023-12-28 11:40:05,66,68,441,1736
2023-12-28 11:40:27,64,68,421,1756
2023-12-28 11:41:05,64,70,421,1756
2023-12-28 11:41:06,65,72,421,1756
2023-12-28 11:41:06,65,67,421,1756
2023-12-28 11:41:43,65,69,441,1776
2023-12-28 11:41:46,61,69,441,1776
2023-12-28 11:41:46,61,72,441,1776
2023-12-28 11:41:46,67,72,441,1776
2023-12-28 11:41:46,67,68,441,1776
2023-12-28 11:41:48,67,70,451,1786
2023-12-28 11:42:06,61,70,451,1786
2023-12-28 11:42:06,61,72,451,1786
2023-12-28 11:42:06,66,72,451,1786
2023-12-28 11:42:06,68,72,451,1786
2023-12-28 11:42:06,68,70,451,1786
2023-12-28 11:42:22,68,72,511,1846
2023-12-28 11:43:06,66,72,511,1846
2023-12-28 11:43:07,64,72,511,1846
2023-12-28 11:43:07,66,72,511,1846
2023-12-28 11:43:07,68,72,511,1846
2023-12-28 11:43:07,68,70,511,1846
2023-12-28 11:43:33,68,72,531,1866
2023-12-28 11:44:04,61,72,531,1866
2023-12-28 11:44:04,70,72,531,1866
2023-12-28 11:45:03,68,72,521,1876
2023-12-28 11:45:04,61,72,521,1876
2023-12-28 11:45:05,69,72,521,1876
2023-12-28 11:45:05,69,70,521,1876
2023-12-28 11:46:05,69,72,521,1876
2023-12-28 11:46:06,68,72,521,1876
2023-12-28 11:46:06,68,70,521,1876
2023-12-28 11:46:29,66,70,461,1936
2023-12-28 11:46:33,66,72,461,1936
2023-12-28 11:46:33,61,72,461,1936
2023-12-28 11:46:33,65,72,461,1936
2023-12-28 11:46:33,67,72,461,1936
2023-12-28 11:46:33,67,69,461,1936
2023-12-28 11:47:18,67,72,501,1976
2023-12-28 11:47:33,65,72,501,1976
2023-12-28 11:47:34,66,72,501,1976
2023-12-28 11:47:34,68,72,501,1976
2023-12-28 11:47:34,68,70,501,1976
2023-12-28 11:48:20,66,70,481,1996
2023-12-28 11:48:34,64,70,481,1996
2023-12-28 11:48:35,63,72,481,1996
2023-12-28 11:48:35,65,72,481,1996
2023-12-28 11:48:35,67,72,481,1996
2023-12-28 11:48:35,67,69,481,1996
2023-12-28 11:49:14,61,69,481,1996
2023-12-28 11:49:14,61,72,481,1996
2023-12-28 11:49:14,65,72,481,1996
2023-12-28 11:49:14,67,72,481,1996
2023-12-28 11:49:14,69,72,481,1996
2023-12-28 11:49:14,69,70,481,1996
2023-12-28 11:49:29,69,72,491,2006
2023-12-28 11:50:14,61,72,491,2006
2023-12-28 11:50:15,64,72,491,2006
2023-12-28 11:50:15,66,72,491,2006
2023-12-28 11:50:15,68,72,491,2006
2023-12-28 11:50:15,68,70,491,2006
2023-12-28 11:51:11,61,70,491,2006
2023-12-28 11:51:11,61,72,491,2006
2023-12-28 11:51:11,68,72,491,2006
2023-12-28 11:51:11,70,72,491,2006
2023-12-28 11:52:11,68,72,491,2006
2023-12-28 11:52:12,67,72,491,2006
2023-12-28 11:52:12,69,72,491,2006
2023-12-28 11:52:32,61,72,491,2006
2023-12-28 11:52:32,66,72,491,2006
2023-12-28 11:52:32,68,72,491,2006
2023-12-28 11:52:32,68,70,491,2006
2023-12-28 11:53:20,61,70,491,2006
2023-12-28 11:53:20,61,72,491,2006
2023-12-28 11:53:20,67,72,491,2006
2023-12-28 11:53:20,69,72,491,2006
2023-12-28 11:54:08,61,72,491,2006
2023-12-28 11:54:08,64,72,491,2006
2023-12-28 11:54:08,68,72,491,2006
2023-12-28 11:54:08,68,70,491,2006
2023-12-28 11:55:09,66,70,491,2006
2023-12-28 11:55:09,69,72,491,2006
2023-12-28 11:55:09,69,70,491,2006
2023-12-28 11:56:09,69,72,491,2006
2023-12-28 11:56:09,68,72,491,2006
2023-12-28 11:56:09,68,70,491,2006
2023-12-28 11:57:05,68,72,531,2046
2023-12-28 11:57:09,66,72,531,2046
2023-12-28 11:57:10,69,72,531,2046
2023-12-28 11:57:32,67,72,491,2086
2023-12-28 11:57:34,65,72,491,2086
2023-12-28 11:57:34,68,72,491,2086
2023-12-28 11:57:34,68,70,491,2086
2023-12-28 11:58:10,66,70,471,2106
2023-12-28 11:58:14,66,72,471,2106
2023-12-28 11:58:14,65,72,471,2106
2023-12-28 11:58:14,66,72,471,2106
2023-12-28 11:58:14,66,70,471,2106
2023-12-28 11:58:14,66,68,471,2106
2023-12-28 11:58:16,65,68,431,2146
2023-12-28 11:59:15,65,72,431,2146
2023-12-28 11:59:15,66,72,431,2146
2023-12-28 11:59:15,66,68,431,2146
2023-12-28 12:00:15,65,68,431,2146
2023-12-28 12:00:16,65,69,431,2146
2023-12-28 12:00:16,65,67,431,2146
2023-12-28 12:00:25,63,67,411,2167
2023-12-28 12:01:02,61,67,411,2167
2023-12-28 12:01:02,61,72,411,2167
2023-12-28 12:01:02,66,72,411,2167
2023-12-28 12:01:02,66,68,411,2167
2023-12-28 12:01:11,61,68,411,2167
2023-12-28 12:01:11,61,72,411,2167
2023-12-28 12:01:11,66,72,411,2167
2023-12-28 12:01:11,68,72,411,2167
2023-12-28 12:01:11,68,70,411,2167
2023-12-28 12:01:22,61,70,411,2167
2023-12-28 12:01:22,61,72,411,2167
2023-12-28 12:01:22,65,72,411,2167
2023-12-28 12:01:22,69,72,411,2167
2023-12-28 12:02:15,61,72,411,2167
2023-12-28 12:02:15,66,72,411,2167
2023-12-28 12:02:15,68,72,411,2167
2023-12-28 12:02:15,70,72,411,2167
2023-12-28 12:02:21,70,72,661,2417
2023-12-28 12:02:35,61,72,661,2417
2023-12-28 12:02:35,70,72,661,2417
2023-12-28 12:02:35,70,72,661,2427
2023-12-28 12:02:37,70,72,911,2677
2023-12-28 12:02:41,70,73,1106,2872
2023-12-28 12:03:07,70,75,1126,2892
2023-12-28 12:03:35,70,77,1126,2892
2023-12-28 12:03:36,71,100,1126,2892
2023-12-28 12:03:36,71,76,1126,2892
2023-12-28 12:03:36,71,73,1126,2892
2023-12-28 12:04:36,61,73,1126,2892
2023-12-28 12:04:37,72,100,1126,2892
2023-12-28 12:04:37,72,76,1126,2892
2023-12-28 12:04:37,72,75,1126,2892
2023-12-28 12:04:37,72,73,1126,2892
2023-12-28 12:05:25,72,75,1136,2902
2023-12-28 12:05:37,72,76,1136,2902
2023-12-28 12:05:37,72,100,1136,2902
2023-12-28 12:05:37,72,76,1136,2902
2023-12-28 12:05:37,72,74,1136,2902
2023-12-28 12:06:12,72,76,1156,2922
2023-12-28 12:06:32,61,76,1156,2922
2023-12-28 12:06:32,61,100,1156,2922
2023-12-28 12:06:32,70,100,1156,2922
2023-12-28 12:06:32,72,100,1156,2922
2023-12-28 12:06:32,74,100,1156,2922
2023-12-28 12:06:32,74,78,1156,2922
2023-12-28 12:06:32,74,76,1156,2922
2023-12-28 12:07:32,74,78,1156,2922
2023-12-28 12:07:33,72,100,1156,2922
2023-12-28 12:07:33,74,100,1156,2922
2023-12-28 12:07:33,74,76,1156,2922
2023-12-28 12:08:33,70,76,1156,2922
2023-12-28 12:08:34,72,100,1156,2922
2023-12-28 12:08:34,74,100,1156,2922
2023-12-28 12:08:34,74,76,1156,2922
2023-12-28 12:09:33,74,100,1156,2922
2023-12-28 12:09:33,61,100,1156,2922
2023-12-28 12:09:33,73,100,1156,2922
2023-12-28 12:09:33,73,77,1156,2922
2023-12-28 12:09:33,73,75,1156,2922
2023-12-28 12:10:33,73,77,1156,2922
2023-12-28 12:10:34,72,100,1156,2922
2023-12-28 12:10:34,74,100,1156,2922
2023-12-28 12:10:34,74,77,1156,2922
2023-12-28 12:10:34,74,75,1156,2922
2023-12-28 12:11:34,74,100,1156,2922
2023-12-28 12:11:34,61,100,1156,2922
2023-12-28 12:11:34,73,100,1156,2922
2023-12-28 12:11:34,73,78,1156,2922
2023-12-28 12:11:34,73,77,1156,2922
2023-12-28 12:11:34,73,75,1156,2922
2023-12-28 12:12:34,71,75,1156,2922
2023-12-28 12:12:35,69,100,1156,2922
2023-12-28 12:12:35,71,100,1156,2922
2023-12-28 12:12:35,73,100,1156,2922
2023-12-28 12:12:35,73,77,1156,2922
2023-12-28 12:12:35,73,75,1156,2922
2023-12-28 12:13:18,73,100,1156,2922
2023-12-28 12:13:18,61,100,1156,2922
2023-12-28 12:13:18,68,100,1156,2922
2023-12-28 12:13:18,72,100,1156,2922
2023-12-28 12:13:18,72,73,1156,2922
2023-12-28 12:13:53,72,100,1156,2922
2023-12-28 12:13:53,61,100,1156,2922
2023-12-28 12:13:53,68,100,1156,2922
2023-12-28 12:13:53,70,100,1156,2922
2023-12-28 12:13:53,70,74,1156,2922
2023-12-28 12:13:53,70,72,1156,2922
2023-12-28 12:14:49,70,100,1156,2922
2023-12-28 12:14:49,61,100,1156,2922
2023-12-28 12:14:49,65,100,1156,2922
2023-12-28 12:14:49,69,100,1156,2922
2023-12-28 12:14:49,69,75,1156,2922
2023-12-28 12:14:49,69,72,1156,2922
2023-12-28 12:15:12,61,72,1156,2922
2023-12-28 12:15:12,61,100,1156,2922
2023-12-28 12:15:12,68,100,1156,2922
2023-12-28 12:15:12,70,100,1156,2922
2023-12-28 12:15:12,70,72,1156,2922
2023-12-28 12:15:58,70,74,1176,2942
2023-12-28 12:16:12,66,74,1176,2942
2023-12-28 12:16:13,71,100,1176,2942
2023-12-28 12:16:13,71,76,1176,2942
2023-12-28 12:16:13,71,75,1176,2942
2023-12-28 12:16:13,71,73,1176,2942
2023-12-28 12:17:13,71,100,1176,2942
2023-12-28 12:17:14,67,100,1176,2942
2023-12-28 12:17:14,71,100,1176,2942
2023-12-28 12:17:14,71,76,1176,2942
2023-12-28 12:17:14,71,73,1176,2942
2023-12-28 12:18:14,61,73,1176,2942
2023-12-28 12:18:14,71,100,1176,2942
2023-12-28 12:18:14,71,76,1176,2942
2023-12-28 12:18:14,71,75,1176,2942
2023-12-28 12:18:14,71,73,1176,2942
2023-12-28 12:18:54,61,73,1176,2942
2023-12-28 12:18:54,61,100,1176,2942
2023-12-28 12:18:54,68,100,1176,2942
2023-12-28 12:18:54,70,100,1176,2942
2023-12-28 12:18:54,72,100,1176,2942
2023-12-28 12:18:54,72,77,1176,2942
2023-12-28 12:18:54,72,74,1176,2942
2023-12-28 12:19:23,72,100,1176,2942
2023-12-28 12:19:23,61,100,1176,2942
2023-12-28 12:19:23,67,100,1176,2942
2023-12-28 12:19:23,69,100,1176,2942
2023-12-28 12:19:23,71,100,1176,2942
2023-12-28 12:19:23,71,73,1176,2942
2023-12-28 12:20:23,71,75,1176,2942
2023-12-28 12:20:24,69,100,1176,2942
2023-12-28 12:20:24,71,100,1176,2942
2023-12-28 12:20:24,71,73,1176,2942
2023-12-28 12:21:24,69,73,1176,2942
2023-12-28 12:21:25,67,100,1176,2942
2023-12-28 12:21:25,71,100,1176,2942
2023-12-28 12:21:25,71,75,1176,2942
2023-12-28 12:21:25,71,73,1176,2942
2023-12-28 12:22:25,71,100,1176,2942
2023-12-28 12:22:26,67,100,1176,2942
2023-12-28 12:22:26,71,100,1176,2942
2023-12-28 12:22:26,71,75,1176,2942
2023-12-28 12:22:26,71,73,1176,2942
2023-12-28 12:23:01,71,100,1176,2942
2023-12-28 12:23:01,61,100,1176,2942
2023-12-28 12:23:01,69,100,1176,2942
2023-12-28 12:23:01,69,72,1176,2942
2023-12-28 12:23:43,69,100,1176,2942
2023-12-28 12:23:43,61,100,1176,2942
2023-12-28 12:23:43,68,100,1176,2942
2023-12-28 12:23:43,68,72,1176,2942
2023-12-28 12:23:43,68,70,1176,2942
2023-12-28 12:24:17,61,70,1176,2942
2023-12-28 12:24:17,61,100,1176,2942
2023-12-28 12:24:17,70,100,1176,2942
2023-12-28 12:24:17,70,73,1176,2942
2023-12-28 12:24:17,70,72,1176,2942
2023-12-28 12:25:17,70,75,1176,2942
2023-12-28 12:25:18,67,100,1176,2942
2023-12-28 12:25:18,69,100,1176,2942
2023-12-28 12:25:18,71,100,1176,2942
2023-12-28 12:25:18,71,75,1176,2942
2023-12-28 12:25:18,71,74,1176,2942
2023-12-28 12:25:18,71,72,1176,2942
2023-12-28 12:25:26,71,74,1186,2952
2023-12-28 12:26:18,71,75,1186,2952
2023-12-28 12:26:19,66,100,1186,2952
2023-12-28 12:26:19,70,100,1186,2952
2023-12-28 12:26:19,70,76,1186,2952
2023-12-28 12:26:19,70,74,1186,2952
2023-12-28 12:26:19,70,72,1186,2952
2023-12-28 12:27:19,70,74,1186,2952
2023-12-28 12:27:20,66,100,1186,2952
2023-12-28 12:27:20,70,100,1186,2952
2023-12-28 12:27:20,70,72,1186,2952
2023-12-28 12:28:02,70,100,1186,2952
2023-12-28 12:28:02,61,100,1186,2952
2023-12-28 12:28:02,64,100,1186,2952
2023-12-28 12:28:02,68,100,1186,2952
2023-12-28 12:28:02,68,74,1186,2952
2023-12-28 12:28:02,68,70,1186,2952
2023-12-28 12:28:38,68,72,1206,2972
2023-12-28 12:28:42,61,72,1206,2972
2023-12-28 12:28:42,61,100,1206,2972
2023-12-28 12:28:42,70,100,1206,2972
2023-12-28 12:28:42,70,75,1206,2972
2023-12-28 12:28:42,70,72,1206,2972
2023-12-28 12:28:59,68,72,1196,2982
2023-12-28 12:29:40,68,100,1196,2982
2023-12-28 12:29:40,61,100,1196,2982
2023-12-28 12:29:40,68,100,1196,2982
2023-12-28 12:29:40,68,70,1196,2982
2023-12-28 12:30:40,68,72,1196,2982
2023-12-28 12:30:41,65,100,1196,2982
2023-12-28 12:30:41,67,100,1196,2982
2023-12-28 12:30:41,69,100,1196,2982
2023-12-28 12:30:41,69,73,1196,2982
2023-12-28 12:30:41,69,72,1196,2982
2023-12-28 12:30:52,61,72,1196,2982
2023-12-28 12:30:52,61,100,1196,2982
2023-12-28 12:30:52,70,100,1196,2982
2023-12-28 12:30:52,70,72,1196,2982
2023-12-28 12:31:52,68,72,1196,2982
2023-12-28 12:31:53,67,100,1196,2982
2023-12-28 12:31:53,71,100,1196,2982
2023-12-28 12:31:53,71,74,1196,2982
2023-12-28 12:31:53,71,72,1196,2982
2023-12-28 12:32:09,61,72,1196,2982
2023-12-28 12:32:09,61,100,1196,2982
2023-12-28 12:32:09,70,100,1196,2982
2023-12-28 12:32:09,72,100,1196,2982
2023-12-28 12:32:09,72,77,1196,2982
2023-12-28 12:32:09,72,74,1196,2982
2023-12-28 12:32:32,61,74,1196,2982
2023-12-28 12:32:32,61,100,1196,2982
2023-12-28 12:32:32,69,100,1196,2982
2023-12-28 12:32:32,73,100,1196,2982
2023-12-28 12:32:32,73,77,1196,2982
2023-12-28 12:32:32,73,75,1196,2982
2023-12-28 12:33:32,61,75,1196,2982
2023-12-28 12:33:33,70,100,1196,2982
2023-12-28 12:33:33,72,100,1196,2982
2023-12-28 12:33:33,72,76,1196,2982
2023-12-28 12:33:33,72,74,1196,2982
2023-12-28 12:34:32,61,74,1196,2982
2023-12-28 12:34:32,61,100,1196,2982
2023-12-28 12:34:32,74,100,1196,2982
2023-12-28 12:34:32,74,79,1196,2982
2023-12-28 12:34:32,74,78,1196,2982
2023-12-28 12:34:32,74,76,1196,2982
2023-12-28 12:35:32,74,78,1196,2982
2023-12-28 12:35:33,69,100,1196,2982
2023-12-28 12:35:33,71,100,1196,2982
2023-12-28 12:35:33,73,100,1196,2982
2023-12-28 12:35:33,73,77,1196,2982
2023-12-28 12:35:33,73,75,1196,2982
2023-12-28 12:36:04,61,75,1196,2982
2023-12-28 12:36:04,61,100,1196,2982
2023-12-28 12:36:04,74,100,1196,2982
2023-12-28 12:36:04,74,76,1196,2982
2023-12-28 12:37:04,61,76,1196,2982
2023-12-28 12:37:05,70,100,1196,2982
2023-12-28 12:37:05,72,100,1196,2982
2023-12-28 12:37:05,74,100,1196,2982
2023-12-28 12:37:05,74,76,1196,2982
2023-12-28 12:38:05,74,100,1196,2982
2023-12-28 12:38:06,70,100,1196,2982
2023-12-28 12:38:06,74,100,1196,2982
2023-12-28 12:38:06,74,78,1196,2982
2023-12-28 12:38:06,74,75,1196,2982
2023-12-28 12:39:06,72,75,1196,2982
2023-12-28 12:39:07,74,100,1196,2982
2023-12-28 12:39:07,74,79,1196,2982
2023-12-28 12:39:07,74,78,1196,2982
2023-12-28 12:39:07,74,76,1196,2982
2023-12-28 12:40:07,72,76,1196,2982
2023-12-28 12:40:07,75,100,1196,2982
2023-12-28 12:40:07,75,76,1196,2982
2023-12-28 12:41:07,61,76,1196,2982
2023-12-28 12:41:08,72,100,1196,2982
2023-12-28 12:41:08,74,100,1196,2982
2023-12-28 12:41:08,74,78,1196,2982
2023-12-28 12:41:08,74,76,1196,2982
2023-12-28 12:42:08,72,76,1196,2982
2023-12-28 12:42:08,73,100,1196,2982
2023-12-28 12:42:08,75,100,1196,2982
2023-12-28 12:42:08,75,76,1196,2982
2023-12-28 12:42:50,61,76,1196,2982
2023-12-28 12:42:50,61,100,1196,2982
2023-12-28 12:42:50,76,100,1196,2982
2023-12-28 12:42:50,76,81,1196,2982
2023-12-28 12:42:50,76,78,1196,2982
2023-12-28 12:43:50,76,80,1196,2982
2023-12-28 12:43:51,74,100,1196,2982
2023-12-28 12:43:51,76,100,1196,2982
2023-12-28 12:43:51,76,78,1196,2982
2023-12-28 12:44:51,76,100,1196,2982
2023-12-28 12:44:51,72,100,1196,2982
2023-12-28 12:44:51,76,100,1196,2982
2023-12-28 12:44:51,76,81,1196,2982
2023-12-28 12:44:51,76,78,1196,2982
2023-12-28 12:45:22,61,78,1196,2982
2023-12-28 12:45:22,61,100,1196,2982
2023-12-28 12:45:22,75,100,1196,2982
2023-12-28 12:45:22,76,100,1196,2982
2023-12-28 12:45:22,78,100,1196,2982
2023-12-28 12:45:22,78,79,1196,2982
2023-12-28 12:46:19,61,79,1196,2982
2023-12-28 12:46:19,61,100,1196,2982
2023-12-28 12:46:19,77,100,1196,2982
2023-12-28 12:46:19,79,100,1196,2982
2023-12-28 12:46:19,79,83,1196,2982
2023-12-28 12:46:19,79,81,1196,2982
2023-12-28 12:47:03,79,100,1196,2982
2023-12-28 12:47:03,61,100,1196,2982
2023-12-28 12:47:03,75,100,1196,2982
2023-12-28 12:47:03,76,100,1196,2982
2023-12-28 12:47:03,78,100,1196,2982
2023-12-28 12:47:03,78,81,1196,2982
2023-12-28 12:47:03,78,79,1196,2982
2023-12-28 12:48:03,78,81,1196,2982
2023-12-28 12:48:04,76,100,1196,2982
2023-12-28 12:48:04,78,100,1196,2982
2023-12-28 12:48:04,78,79,1196,2982
2023-12-28 12:48:40,78,100,1196,2982
2023-12-28 12:48:40,61,100,1196,2982
2023-12-28 12:48:40,76,100,1196,2982
2023-12-28 12:48:40,76,78,1196,2982
2023-12-28 12:49:33,76,100,1196,2982
2023-12-28 12:49:33,61,100,1196,2982
2023-12-28 12:49:33,75,100,1196,2982
2023-12-28 12:49:33,75,80,1196,2982
2023-12-28 12:49:33,75,79,1196,2982
2023-12-28 12:49:33,75,77,1196,2982
2023-12-28 12:50:31,61,77,1196,2982
2023-12-28 12:50:31,61,100,1196,2982
2023-12-28 12:50:31,74,100,1196,2982
2023-12-28 12:50:31,76,100,1196,2982
2023-12-28 12:50:31,76,78,1196,2982
2023-12-28 12:51:11,76,80,1246,3032
2023-12-28 12:51:31,74,80,1246,3032
2023-12-28 12:51:32,77,100,1246,3032
2023-12-28 12:51:32,77,81,1246,3032
2023-12-28 12:51:32,77,79,1246,3032
2023-12-28 12:51:52,61,79,1246,3032
2023-12-28 12:51:52,61,100,1246,3032
2023-12-28 12:51:52,78,100,1246,3032
2023-12-28 12:51:52,78,80,1246,3032
2023-12-28 12:52:52,78,82,1246,3032
2023-12-28 12:52:53,78,100,1246,3032
2023-12-28 12:52:53,78,82,1246,3032
2023-12-28 12:52:53,78,80,1246,3032
2023-12-28 12:53:53,75,80,1246,3032
2023-12-28 12:53:53,76,100,1246,3032
2023-12-28 12:53:53,79,100,1246,3032
2023-12-28 12:53:53,79,84,1246,3032
2023-12-28 12:53:53,79,81,1246,3032
2023-12-28 12:54:53,79,100,1246,3032
2023-12-28 12:54:54,77,100,1246,3032
2023-12-28 12:54:54,79,100,1246,3032
2023-12-28 12:54:54,79,83,1246,3032
2023-12-28 12:54:54,79,81,1246,3032
2023-12-28 12:55:04,61,81,1246,3032
2023-12-28 12:55:04,61,100,1246,3032
2023-12-28 12:55:04,77,100,1246,3032
2023-12-28 12:55:04,80,100,1246,3032
2023-12-28 12:55:04,80,85,1246,3032
2023-12-28 12:55:04,80,82,1246,3032
2023-12-28 12:55:52,61,82,1246,3032
2023-12-28 12:55:52,61,100,1246,3032
2023-12-28 12:55:52,80,100,1246,3032
2023-12-28 12:55:52,82,100,1246,3032
2023-12-28 12:55:52,82,83,1246,3032
2023-12-28 12:56:18,82,100,1246,3032
2023-12-28 12:56:18,61,100,1246,3032
2023-12-28 12:56:18,80,100,1246,3032
2023-12-28 12:56:18,80,85,1246,3032
2023-12-28 12:56:18,80,84,1246,3032
2023-12-28 12:56:18,80,82,1246,3032
2023-12-28 12:57:18,80,85,1246,3032
2023-12-28 12:57:19,80,100,1246,3032
2023-12-28 12:57:19,80,81,1246,3032
2023-12-28 12:58:19,78,81,1246,3032
2023-12-28 12:58:20,77,100,1246,3032
2023-12-28 12:58:20,78,100,1246,3032
2023-12-28 12:58:20,80,100,1246,3032
2023-12-28 12:58:20,80,83,1246,3032
2023-12-28 12:58:20,80,81,1246,3032
2023-12-28 12:59:03,80,100,1246,3032
2023-12-28 12:59:03,61,100,1246,3032
2023-12-28 12:59:03,75,100,1246,3032
2023-12-28 12:59:03,76,100,1246,3032
2023-12-28 12:59:03,78,100,1246,3032
2023-12-28 12:59:03,78,82,1246,3032
2023-12-28 12:59:03,78,80,1246,3032
2023-12-28 13:00:03,75,80,1246,3032
2023-12-28 13:00:04,75,100,1246,3032
2023-12-28 13:00:04,78,100,1246,3032
2023-12-28 13:00:04,78,80,1246,3032
2023-12-28 13:00:49,78,82,1276,3062
2023-12-28 13:00:52,61,82,1276,3062
2023-12-28 13:00:52,61,100,1276,3062
2023-12-28 13:00:52,77,100,1276,3062
2023-12-28 13:00:52,80,100,1276,3062
2023-12-28 13:00:52,80,81,1276,3062
2023-12-28 13:01:48,80,100,1276,3062
2023-12-28 13:01:48,61,100,1276,3062
2023-12-28 13:01:48,76,100,1276,3062
2023-12-28 13:01:48,78,100,1276,3062
2023-12-28 13:01:48,78,82,1276,3062
2023-12-28 13:01:48,78,80,1276,3062
2023-12-28 13:01:48,78,100,1276,3062
2023-12-28 13:01:48,76,100,1276,3062
2023-12-28 13:01:48,61,100,1276,3062
2023-12-28 13:01:48,67,100,1276,3062
2023-12-28 13:01:48,69,100,1276,3062
2023-12-28 13:01:48,71,100,1276,3062
2023-12-28 13:01:48,71,81,1276,3062
2023-12-28 13:01:49,71,100,1276,3062
2023-12-28 13:01:49,61,100,1276,3062
2023-12-28 13:01:49,74,100,1276,3062
2023-12-28 13:01:49,74,78,1276,3062
2023-12-28 13:01:49,74,76,1276,3062
2023-12-28 13:01:52,74,100,1276,3062
2023-12-28 13:01:52,72,100,1276,3062
2023-12-28 13:01:52,61,100,1276,3062
2023-12-28 13:01:52,68,100,1276,3062
2023-12-28 13:01:52,70,100,1276,3062
2023-12-28 13:01:52,72,100,1276,3062
2023-12-28 13:01:52,72,77,1276,3062
2023-12-28 13:01:52,72,74,1276,3062
2023-12-28 13:01:56,61,74,1276,3062
2023-12-28 13:01:56,61,100,1276,3062
2023-12-28 13:01:56,71,100,1276,3062
2023-12-28 13:01:56,73,100,1276,3062
2023-12-28 13:01:56,73,78,1276,3062
2023-12-28 13:01:56,73,75,1276,3062
2023-12-28 13:02:09,73,100,1276,3062
2023-12-28 13:02:09,61,100,1276,3062
2023-12-28 13:02:09,72,100,1276,3062
2023-12-28 13:02:09,72,74,1276,3062
2023-12-28 13:02:35,72,100,1276,3062
2023-12-28 13:02:35,70,100,1276,3062
2023-12-28 13:02:35,61,100,1276,3062
2023-12-28 13:02:35,65,100,1276,3062
2023-12-28 13:02:35,65,77,1276,3062
2023-12-28 13:02:35,65,75,1276,3062
2023-12-28 13:02:39,65,100,1276,3062
2023-12-28 13:02:39,61,100,1276,3062
2023-12-28 13:02:39,67,100,1276,3062
2023-12-28 13:02:39,67,69,1276,3062
2023-12-28 13:02:40,67,100,1276,3062
2023-12-28 13:02:40,61,100,1276,3062
2023-12-28 13:02:40,62,100,1276,3062
2023-12-28 13:02:40,64,100,1276,3062
2023-12-28 13:02:40,66,100,1276,3062
2023-12-28 13:02:40,66,70,1276,3062
2023-12-28 13:02:40,66,68,1276,3062
2023-12-28 13:02:42,64,68,1236,3102
2023-12-28 13:02:43,64,100,1236,3102
2023-12-28 13:02:43,61,100,1236,3102
2023-12-28 13:02:43,62,100,1236,3102
2023-12-28 13:02:43,64,100,1236,3102
2023-12-28 13:02:43,64,68,1236,3102
2023-12-28 13:02:43,64,66,1236,3102
2023-12-28 13:02:49,61,66,1236,3102
2023-12-28 13:02:49,61,100,1236,3102
2023-12-28 13:02:49,66,100,1236,3102
2023-12-28 13:02:49,66,68,1236,3102
2023-12-28 13:02:50,66,100,1236,3102
2023-12-28 13:02:50,61,100,1236,3102
2023-12-28 13:02:50,64,100,1236,3102
2023-12-28 13:02:50,64,70,1236,3102
2023-12-28 13:02:50,64,68,1236,3102
2023-12-28 13:02:50,64,66,1236,3102
2023-12-28 13:02:54,62,66,1196,3142
2023-12-28 13:03:15,61,66,1196,3142
2023-12-28 13:03:15,61,100,1196,3142
2023-12-28 13:03:15,62,100,1196,3142
2023-12-28 13:03:15,64,100,1196,3142
2023-12-28 13:03:15,66,100,1196,3142
2023-12-28 13:03:15,66,70,1196,3142
2023-12-28 13:03:15,66,68,1196,3142
2023-12-28 13:03:22,64,68,1166,3172
2023-12-28 13:03:35,64,100,1166,3172
2023-12-28 13:03:35,61,100,1166,3172
2023-12-28 13:03:35,63,100,1166,3172
2023-12-28 13:03:35,65,100,1166,3172
2023-12-28 13:03:35,65,66,1166,3172
2023-12-28 13:03:45,65,100,1166,3172
2023-12-28 13:03:45,61,100,1166,3172
2023-12-28 13:03:45,63,100,1166,3172
2023-12-28 13:03:45,63,69,1166,3172
2023-12-28 13:03:45,63,67,1166,3172
2023-12-28 13:03:45,63,65,1166,3172
2023-12-28 13:03:49,63,100,1166,3172
2023-12-28 13:03:49,61,100,1166,3172
2023-12-28 13:03:49,62,100,1166,3172
2023-12-28 13:03:49,62,64,1166,3172
2023-12-28 13:03:50,62,100,1166,3172
2023-12-28 13:03:50,61,100,1166,3172
2023-12-28 13:03:50,61,66,1166,3172
2023-12-28 13:03:50,61,64,1166,3172
2023-12-28 13:03:50,61,62,1166,3172
2023-12-28 13:03:54,61,100,1166,3172
2023-12-28 13:03:54,58,60,1167,3173
2023-12-28 13:04:01,58,100,1167,3173
2023-12-28 13:04:01,60,100,1167,3173
2023-12-28 13:04:01,60,64,1167,3173
2023-12-28 13:04:01,60,62,1167,3173
2023-12-28 13:04:15,58,62,1147,3193
2023-12-28 13:04:26,58,100,1147,3193
2023-12-28 13:04:26,61,100,1147,3193
2023-12-28 13:04:26,61,65,1147,3193
2023-12-28 13:04:26,61,63,1147,3193
2023-12-28 13:04:35,58,63,1147,3193
2023-12-28 13:04:35,58,100,1147,3193
2023-12-28 13:04:35,59,100,1147,3193
2023-12-28 13:04:35,61,100,1147,3193
2023-12-28 13:04:35,63,100,1147,3193
2023-12-28 13:04:35,63,64,1147,3193
2023-12-28 13:04:39,58,64,1147,3193
2023-12-28 13:04:39,58,100,1147,3193
2023-12-28 13:04:39,62,100,1147,3193
2023-12-28 13:04:39,64,100,1147,3193
2023-12-28 13:04:39,64,68,1147,3193
2023-12-28 13:04:39,64,66,1147,3193
2023-12-28 13:04:59,58,66,1147,3193
2023-12-28 13:04:59,58,100,1147,3193
2023-12-28 13:04:59,65,100,1147,3193
2023-12-28 13:04:59,65,67,1147,3193
2023-12-28 13:05:06,63,67,1097,3243
2023-12-28 13:05:09,63,100,1097,3243
2023-12-28 13:05:09,58,100,1097,3243
2023-12-28 13:05:09,62,100,1097,3243
2023-12-28 13:05:09,64,100,1097,3243
2023-12-28 13:05:09,64,68,1097,3243
2023-12-28 13:05:09,64,66,1097,3243
2023-12-28 13:05:12,64,100,1097,3243
2023-12-28 13:05:12,58,100,1097,3243
2023-12-28 13:05:12,62,100,1097,3243
2023-12-28 13:05:12,62,68,1097,3243
2023-12-28 13:05:12,62,66,1097,3243
2023-12-28 13:05:12,62,64,1097,3243
2023-12-28 13:05:14,60,64,1037,3303
2023-12-28 13:05:40,60,100,1037,3303
2023-12-28 13:05:40,58,100,1037,3303
2023-12-28 13:05:40,59,100,1037,3303
2023-12-28 13:05:40,61,100,1037,3303
2023-12-28 13:05:40,61,63,1037,3303
2023-12-28 13:05:44,61,100,1037,3303
2023-12-28 13:05:44,58,100,1037,3303
2023-12-28 13:05:44,59,100,1037,3303
2023-12-28 13:05:44,59,65,1037,3303
2023-12-28 13:05:44,59,61,1037,3303
2023-12-28 13:05:48,58,61,987,3353
2023-12-28 13:06:06,58,100,987,3353
2023-12-28 13:06:06,58,63,987,3353
2023-12-28 13:06:06,58,61,987,3353
2023-12-28 13:06:06,58,59,987,3353
2023-12-28 13:06:07,57,59,987,3354
2023-12-28 13:06:10,56,59,977,3364
2023-12-28 13:06:10,56,100,977,3364
2023-12-28 13:06:10,55,100,977,3364
2023-12-28 13:06:10,56,100,977,3364
2023-12-28 13:06:10,56,62,977,3364
2023-12-28 13:06:10,56,58,977,3364
2023-12-28 13:06:15,56,100,977,3364
2023-12-28 13:06:15,55,100,977,3364
2023-12-28 13:06:15,55,56,977,3364
2023-12-28 13:06:27,53,56,967,3375
2023-12-28 13:06:44,48,56,967,3375
2023-12-28 13:06:44,48,100,967,3375
2023-12-28 13:06:44,54,100,967,3375
2023-12-28 13:06:44,56,100,967,3375
2023-12-28 13:06:44,56,58,967,3375
2023-12-28 13:06:58,48,58,967,3375
2023-12-28 13:06:58,48,100,967,3375
2023-12-28 13:06:58,54,100,967,3375
2023-12-28 13:06:58,54,66,967,3375
2023-12-28 13:06:58,54,64,967,3375
2023-12-28 13:07:14,48,64,967,3375
2023-12-28 13:07:14,48,100,967,3375
2023-12-28 13:07:14,51,100,967,3375
2023-12-28 13:07:14,54,100,967,3375
2023-12-28 13:07:14,56,100,967,3375
2023-12-28 13:07:14,56,70,967,3375
2023-12-28 13:07:14,56,66,967,3375
2023-12-28 13:07:41,48,66,967,3375
2023-12-28 13:07:41,48,100,967,3375
2023-12-28 13:07:41,62,100,967,3375
2023-12-28 13:07:41,62,64,967,3375
2023-12-28 13:08:38,48,64,967,3375
2023-12-28 13:08:38,48,100,967,3375
2023-12-28 13:08:38,61,100,967,3375
2023-12-28 13:08:38,63,100,967,3375
2023-12-28 13:08:38,63,69,967,3375
2023-12-28 13:08:38,63,65,967,3375
2023-12-28 13:08:45,63,67,987,3395
2023-12-28 13:08:47,61,67,987,3395
2023-12-28 13:08:47,61,100,987,3395
2023-12-28 13:08:47,65,100,987,3395
2023-12-28 13:08:47,65,68,987,3395
2023-12-28 13:08:47,65,66,987,3395
2023-12-28 13:08:57,65,68,997,3405
2023-12-28 13:09:18,61,68,997,3405
2023-12-28 13:09:18,61,100,997,3405
2023-12-28 13:09:18,64,100,997,3405
2023-12-28 13:09:18,66,100,997,3405
2023-12-28 13:09:18,66,68,997,3405
2023-12-28 13:09:27,66,70,1037,3445
2023-12-28 13:09:35,61,70,1037,3445
2023-12-28 13:09:35,61,100,1037,3445
2023-12-28 13:09:35,63,100,1037,3445
2023-12-28 13:09:35,67,100,1037,3445
2023-12-28 13:09:35,67,72,1037,3445
2023-12-28 13:09:35,67,69,1037,3445
2023-12-28 13:09:38,61,69,1037,3445
2023-12-28 13:09:38,61,100,1037,3445
2023-12-28 13:09:38,65,100,1037,3445
2023-12-28 13:09:38,65,80,1037,3445
2023-12-28 13:09:38,65,78,1037,3445
2023-12-28 13:09:38,65,76,1037,3445
2023-12-28 13:09:53,61,76,1037,3445
2023-12-28 13:09:53,61,100,1037,3445
2023-12-28 13:09:53,67,100,1037,3445
2023-12-28 13:09:53,71,100,1037,3445
2023-12-28 13:09:53,71,77,1037,3445
2023-12-28 13:09:53,71,73,1037,3445
2023-12-28 13:10:12,71,75,1097,3505
2023-12-28 13:10:13,61,75,1097,3505
2023-12-28 13:10:13,61,100,1097,3505
2023-12-28 13:10:13,72,100,1097,3505
2023-12-28 13:10:13,72,76,1097,3505
2023-12-28 13:10:13,72,74,1097,3505
2023-12-28 13:10:18,61,74,1097,3505
2023-12-28 13:10:18,61,100,1097,3505
2023-12-28 13:10:18,73,100,1097,3505
2023-12-28 13:10:18,73,77,1097,3505
2023-12-28 13:10:18,73,75,1097,3505
2023-12-28 13:10:19,73,77,1117,3525
2023-12-28 13:11:02,73,100,1117,3525
2023-12-28 13:11:02,61,100,1117,3525
2023-12-28 13:11:02,72,100,1117,3525
2023-12-28 13:11:02,72,74,1117,3525
2023-12-28 13:11:54,70,74,1087,3555
2023-12-28 13:11:54,70,100,1087,3555
2023-12-28 13:11:54,61,100,1087,3555
2023-12-28 13:11:54,71,100,1087,3555
2023-12-28 13:11:54,71,76,1087,3555
2023-12-28 13:11:54,71,74,1087,3555
2023-12-28 13:11:54,71,72,1087,3555
2023-12-28 13:12:19,69,72,1077,3565
2023-12-28 13:12:19,69,100,1077,3565
2023-12-28 13:12:19,61,100,1077,3565
2023-12-28 13:12:19,62,100,1077,3565
2023-12-28 13:12:19,64,100,1077,3565
2023-12-28 13:12:19,64,75,1077,3565
2023-12-28 13:12:24,64,100,1077,3565
2023-12-28 13:12:24,61,100,1077,3565
2023-12-28 13:12:24,65,100,1077,3565
2023-12-28 13:12:24,67,100,1077,3565
2023-12-28 13:12:24,67,69,1077,3565
2023-12-28 13:12:28,65,69,1047,3595
2023-12-28 13:12:36,65,100,1047,3595
2023-12-28 13:12:36,61,100,1047,3595
2023-12-28 13:12:36,64,100,1047,3595
2023-12-28 13:12:36,66,100,1047,3595
2023-12-28 13:12:36,66,72,1047,3595
2023-12-28 13:12:36,66,68,1047,3595
2023-12-28 13:12:49,61,68,1047,3595
2023-12-28 13:12:49,61,100,1047,3595
2023-12-28 13:12:49,65,100,1047,3595
2023-12-28 13:12:49,67,100,1047,3595
2023-12-28 13:12:49,67,72,1047,3595
2023-12-28 13:12:49,67,69,1047,3595
2023-12-28 13:12:58,61,69,1047,3595
2023-12-28 13:12:58,61,100,1047,3595
2023-12-28 13:12:58,68,100,1047,3595
2023-12-28 13:12:58,68,70,1047,3595
2023-12-28 13:13:03,68,72,1077,3625
2023-12-28 13:13:05,61,72,1077,3625
2023-12-28 13:13:05,61,100,1077,3625
2023-12-28 13:13:05,68,100,1077,3625
2023-12-28 13:13:05,70,100,1077,3625
2023-12-28 13:13:05,70,72,1077,3625
2023-12-28 13:13:28,61,72,1077,3625
2023-12-28 13:13:28,61,100,1077,3625
2023-12-28 13:13:28,67,100,1077,3625
2023-12-28 13:13:28,69,100,1077,3625
2023-12-28 13:13:28,71,100,1077,3625
2023-12-28 13:13:28,71,76,1077,3625
2023-12-28 13:13:28,71,75,1077,3625
2023-12-28 13:13:28,71,73,1077,3625
2023-12-28 13:13:56,71,100,1077,3625
2023-12-28 13:13:56,61,100,1077,3625
2023-12-28 13:13:56,66,100,1077,3625
2023-12-28 13:13:56,68,100,1077,3625
2023-12-28 13:13:56,70,100,1077,3625
2023-12-28 13:13:56,70,74,1077,3625
2023-12-28 13:13:56,70,72,1077,3625
2023-12-28 13:14:40,70,100,1077,3625
2023-12-28 13:14:40,61,100,1077,3625
2023-12-28 13:14:40,69,100,1077,3625
2023-12-28 13:14:40,69,74,1077,3625
2023-12-28 13:14:40,69,72,1077,3625
2023-12-28 13:14:40,69,70,1077,3625
2023-12-28 13:15:28,69,72,1087,3635
2023-12-28 13:15:32,61,72,1087,3635
2023-12-28 13:15:32,61,100,1087,3635
2023-12-28 13:15:32,70,100,1087,3635
2023-12-28 13:15:32,70,76,1087,3635
2023-12-28 13:15:32,70,74,1087,3635
2023-12-28 13:15:32,70,72,1087,3635
2023-12-28 13:16:32,61,72,1087,3635
2023-12-28 13:16:33,70,100,1087,3635
2023-12-28 13:16:33,70,72,1087,3635
2023-12-28 13:16:52,70,74,1147,3695
2023-12-28 13:17:00,70,100,1147,3695
2023-12-28 13:17:00,61,100,1147,3695
2023-12-28 13:17:00,71,100,1147,3695
2023-12-28 13:17:00,71,77,1147,3695
2023-12-28 13:17:00,71,75,1147,3695
2023-12-28 13:17:00,71,73,1147,3695
2023-12-28 13:17:03,71,75,1197,3745
2023-12-28 13:17:16,71,100,1197,3745
2023-12-28 13:17:16,61,100,1197,3745
2023-12-28 13:17:16,66,100,1197,3745
2023-12-28 13:17:16,68,100,1197,3745
2023-12-28 13:17:16,70,100,1197,3745
2023-12-28 13:17:16,70,72,1197,3745
2023-12-28 13:18:16,68,72,1197,3745
2023-12-28 13:18:17,71,100,1197,3745
2023-12-28 13:18:17,71,77,1197,3745
2023-12-28 13:18:17,71,75,1197,3745
2023-12-28 13:18:17,71,73,1197,3745
2023-12-28 13:18:23,61,73,1197,3745
2023-12-28 13:18:23,61,100,1197,3745
2023-12-28 13:18:23,68,100,1197,3745
2023-12-28 13:18:23,70,100,1197,3745
2023-12-28 13:18:23,72,100,1197,3745
2023-12-28 13:18:23,72,77,1197,3745
2023-12-28 13:18:23,72,76,1197,3745
2023-12-28 13:18:23,72,74,1197,3745
2023-12-28 13:18:53,61,74,1197,3745
2023-12-28 13:18:53,61,100,1197,3745
2023-12-28 13:18:53,71,100,1197,3745
2023-12-28 13:18:53,73,100,1197,3745
2023-12-28 13:18:53,73,75,1197,3745
2023-12-28 13:19:01,73,77,1217,3765
2023-12-28 13:19:14,61,77,1217,3765
2023-12-28 13:19:14,61,100,1217,3765
2023-12-28 13:19:14,71,100,1217,3765
2023-12-28 13:19:14,73,100,1217,3765
2023-12-28 13:19:14,75,100,1217,3765
2023-12-28 13:19:14,75,76,1217,3765
2023-12-28 13:19:19,75,78,1227,3775
2023-12-28 13:19:31,61,78,1227,3775
2023-12-28 13:19:31,61,100,1227,3775
2023-12-28 13:19:31,76,100,1227,3775
2023-12-28 13:19:31,76,81,1227,3775
2023-12-28 13:19:31,76,80,1227,3775
2023-12-28 13:19:31,76,78,1227,3775
2023-12-28 13:20:29,65,78,1227,3775
2023-12-28 13:20:29,65,100,1227,3775
2023-12-28 13:20:29,74,100,1227,3775
2023-12-28 13:20:29,75,100,1227,3775
2023-12-28 13:20:29,77,100,1227,3775
2023-12-28 13:20:29,77,82,1227,3775
2023-12-28 13:20:29,77,81,1227,3775
2023-12-28 13:20:29,77,79,1227,3775
2023-12-28 13:20:58,77,100,1227,3775
2023-12-28 13:20:58,65,100,1227,3775
2023-12-28 13:20:58,74,100,1227,3775
2023-12-28 13:20:58,76,100,1227,3775
2023-12-28 13:20:58,76,78,1227,3775
2023-12-28 13:21:58,72,78,1227,3775
2023-12-28 13:21:59,75,100,1227,3775
2023-12-28 13:21:59,75,79,1227,3775
2023-12-28 13:21:59,75,77,1227,3775
2023-12-28 13:22:33,65,77,1227,3775
2023-12-28 13:22:33,65,100,1227,3775
2023-12-28 13:22:33,74,100,1227,3775
2023-12-28 13:22:33,77,100,1227,3775
2023-12-28 13:22:33,77,81,1227,3775
2023-12-28 13:22:33,77,79,1227,3775
2023-12-28 13:22:58,77,81,1297,3845
2023-12-28 13:23:05,65,81,1297,3845
2023-12-28 13:23:05,65,100,1297,3845
2023-12-28 13:23:05,76,100,1297,3845
2023-12-28 13:23:05,78,100,1297,3845
2023-12-28 13:23:05,78,82,1297,3845
2023-12-28 13:23:05,78,80,1297,3845
2023-12-28 13:23:48,78,100,1297,3845
2023-12-28 13:23:48,65,100,1297,3845
2023-12-28 13:23:48,77,100,1297,3845
2023-12-28 13:23:48,77,79,1297,3845
2023-12-28 13:23:56,75,79,1217,3925
2023-12-28 13:24:27,65,79,1217,3925
2023-12-28 13:24:27,65,100,1217,3925
2023-12-28 13:24:27,78,100,1217,3925
2023-12-28 13:24:27,78,80,1217,3925
2023-12-28 13:25:27,78,100,1217,3925
2023-12-28 13:25:28,78,100,1217,3925
2023-12-28 13:25:28,78,81,1217,3925
2023-12-28 13:25:28,78,79,1217,3925
2023-12-28 13:25:37,78,100,1217,3925
2023-12-28 13:25:37,65,100,1217,3925
2023-12-28 13:25:37,76,100,1217,3925
2023-12-28 13:25:37,76,80,1217,3925
2023-12-28 13:25:37,76,78,1217,3925
2023-12-28 13:25:59,65,78,1217,3925
2023-12-28 13:25:59,65,100,1217,3925
2023-12-28 13:25:59,75,100,1217,3925
2023-12-28 13:25:59,78,100,1217,3925
2023-12-28 13:25:59,78,82,1217,3925
2023-12-28 13:25:59,78,79,1217,3925
2023-12-28 13:26:29,78,100,1217,3925
2023-12-28 13:26:29,65,100,1217,3925
2023-12-28 13:26:29,74,100,1217,3925
2023-12-28 13:26:29,76,100,1217,3925
2023-12-28 13:26:29,76,78,1217,3925
2023-12-28 13:27:00,74,78,1217,3995
2023-12-28 13:27:29,72,78,1217,3995
2023-12-28 13:27:30,76,100,1217,3995
2023-12-28 13:27:30,76,78,1217,3995
2023-12-28 13:27:44,76,100,1217,3995
2023-12-28 13:27:44,65,100,1217,3995
2023-12-28 13:27:44,75,100,1217,3995
2023-12-28 13:27:44,75,79,1217,3995
2023-12-28 13:27:44,75,78,1217,3995
2023-12-28 13:27:44,75,76,1217,3995
2023-12-28 13:28:13,75,78,1227,4005
2023-12-28 13:28:44,73,78,1227,4005
2023-12-28 13:28:45,76,100,1227,4005
2023-12-28 13:28:45,76,81,1227,4005
2023-12-28 13:28:45,76,80,1227,4005
2023-12-28 13:28:45,76,78,1227,4005
2023-12-28 13:29:07,76,100,1227,4005
2023-12-28 13:29:07,70,100,1227,4005
2023-12-28 13:29:07,72,100,1227,4005
2023-12-28 13:29:07,74,100,1227,4005
2023-12-28 13:29:07,74,78,1227,4005
2023-12-28 13:29:07,74,76,1227,4005
2023-12-28 13:29:43,74,100,1227,4005
2023-12-28 13:29:43,70,100,1227,4005
2023-12-28 13:29:43,73,100,1227,4005
2023-12-28 13:29:43,73,78,1227,4005
2023-12-28 13:29:43,73,75,1227,4005
2023-12-28 13:30:04,70,75,1227,4005
2023-12-28 13:30:04,70,100,1227,4005
2023-12-28 13:30:04,71,100,1227,4005
2023-12-28 13:30:04,75,100,1227,4005
2023-12-28 13:30:04,75,78,1227,4005
2023-12-28 13:30:04,75,76,1227,4005
2023-12-28 13:30:40,70,76,1227,4005
2023-12-28 13:30:40,70,100,1227,4005
2023-12-28 13:30:40,74,100,1227,4005
2023-12-28 13:30:40,76,100,1227,4005
2023-12-28 13:30:40,76,81,1227,4005
2023-12-28 13:30:40,76,80,1227,4005
2023-12-28 13:30:40,76,78,1227,4005
2023-12-28 13:30:57,76,80,1287,4065
2023-12-28 13:31:09,70,80,1287,4065
2023-12-28 13:31:09,70,100,1287,4065
2023-12-28 13:31:09,74,100,1287,4065
2023-12-28 13:31:09,77,100,1287,4065
2023-12-28 13:31:09,77,81,1287,4065
2023-12-28 13:31:09,77,79,1287,4065
2023-12-28 13:31:19,77,100,1287,4065
2023-12-28 13:31:19,70,100,1287,4065
2023-12-28 13:31:19,74,100,1287,4065
2023-12-28 13:31:19,76,100,1287,4065
2023-12-28 13:31:19,76,81,1287,4065
2023-12-28 13:31:19,76,80,1287,4065
2023-12-28 13:31:19,76,78,1287,4065
2023-12-28 13:31:41,70,78,1287,4065
2023-12-28 13:31:41,70,100,1287,4065
2023-12-28 13:31:41,75,100,1287,4065
2023-12-28 13:31:41,77,100,1287,4065
2023-12-28 13:31:41,77,82,1287,4065
2023-12-28 13:31:41,77,79,1287,4065
2023-12-28 13:32:41,73,79,1287,4065
2023-12-28 13:32:42,78,100,1287,4065
2023-12-28 13:32:42,78,81,1287,4065
2023-12-28 13:32:42,78,79,1287,4065
2023-12-28 13:33:42,76,79,1287,4065
2023-12-28 13:33:43,76,100,1287,4065
2023-12-28 13:33:43,79,100,1287,4065
2023-12-28 13:33:43,79,83,1287,4065
2023-12-28 13:33:43,79,80,1287,4065
2023-12-28 13:34:43,77,80,1287,4065
2023-12-28 13:34:44,75,100,1287,4065
2023-12-28 13:34:44,78,100,1287,4065
2023-12-28 13:34:44,78,82,1287,4065
2023-12-28 13:34:44,78,80,1287,4065
2023-12-28 13:35:21,78,80,1287,4087
2023-12-28 13:35:44,78,100,1287,4087
2023-12-28 13:35:45,78,100,1287,4087
2023-12-28 13:35:45,78,83,1287,4087
2023-12-28 13:35:45,78,82,1287,4087
2023-12-28 13:35:45,78,80,1287,4087
2023-12-28 13:36:45,78,82,1287,4087
2023-12-28 13:36:46,75,100,1287,4087
2023-12-28 13:36:46,78,100,1287,4087
2023-12-28 13:36:46,78,80,1287,4087
2023-12-28 13:36:51,70,80,1287,4087
2023-12-28 13:36:51,70,100,1287,4087
2023-12-28 13:36:51,80,100,1287,4087
2023-12-28 13:36:51,80,84,1287,4087
2023-12-28 13:36:51,80,82,1287,4087
2023-12-28 13:36:55,70,82,1287,4087
2023-12-28 13:36:55,70,100,1287,4087
2023-12-28 13:36:55,79,100,1287,4087
2023-12-28 13:36:55,81,100,1287,4087
2023-12-28 13:36:55,81,84,1287,4087
2023-12-28 13:36:55,81,83,1287,4087
2023-12-28 13:37:05,70,83,1287,4087
2023-12-28 13:37:05,70,100,1287,4087
2023-12-28 13:37:05,81,100,1287,4087
2023-12-28 13:37:05,83,100,1287,4087
2023-12-28 13:37:05,83,87,1287,4087
2023-12-28 13:37:05,83,85,1287,4087
2023-12-28 13:37:05,83,84,1287,4087
2023-12-28 13:37:07,70,84,1287,4087
2023-12-28 13:37:07,70,85,1287,4087
2023-12-28 13:37:07,70,100,1287,4087
2023-12-28 13:37:07,81,100,1287,4087
2023-12-28 13:37:07,82,100,1287,4087
2023-12-28 13:37:07,84,100,1287,4087
2023-12-28 13:37:07,84,87,1287,4087
2023-12-28 13:37:07,84,86,1287,4087
2023-12-28 13:37:10,70,86,1287,4087
2023-12-28 13:37:10,70,87,1287,4087
2023-12-28 13:37:10,70,88,1287,4087
2023-12-28 13:37:10,70,100,1287,4087
2023-12-28 13:37:10,79,100,1287,4087
2023-12-28 13:37:10,82,100,1287,4087
2023-12-28 13:37:10,82,94,1287,4087
2023-12-28 13:37:10,82,93,1287,4087
2023-12-28 13:37:12,82,100,1287,4087
2023-12-28 13:37:12,70,100,1287,4087
2023-12-28 13:37:12,85,100,1287,4087
2023-12-28 13:37:12,85,89,1287,4087
2023-12-28 13:37:12,85,88,1287,4087
2023-12-28 13:37:12,85,87,1287,4087
2023-12-28 13:37:39,85,100,1287,4087
2023-12-28 13:37:39,70,100,1287,4087
2023-12-28 13:37:39,81,100,1287,4087
2023-12-28 13:37:39,84,100,1287,4087
2023-12-28 13:37:39,84,87,1287,4087
2023-12-28 13:37:39,84,86,1287,4087
2023-12-28 13:37:48,84,100,1287,4087
2023-12-28 13:37:48,70,100,1287,4087
2023-12-28 13:37:48,80,100,1287,4087
2023-12-28 13:37:48,81,100,1287,4087
2023-12-28 13:37:48,83,100,1287,4087
2023-12-28 13:37:48,83,87,1287,4087
2023-12-28 13:37:48,83,85,1287,4087
2023-12-28 13:38:08,83,100,1287,4087
2023-12-28 13:38:08,70,100,1287,4087
2023-12-28 13:38:08,79,100,1287,4087
2023-12-28 13:38:08,82,100,1287,4087
2023-12-28 13:38:08,82,86,1287,4087
2023-12-28 13:38:08,82,85,1287,4087
2023-12-28 13:38:08,82,83,1287,4087
2023-12-28 13:38:49,82,85,1317,4117
2023-12-28 13:39:08,82,86,1317,4117
2023-12-28 13:39:09,82,100,1317,4117
2023-12-28 13:39:09,82,85,1317,4117
2023-12-28 13:39:09,82,84,1317,4117
2023-12-28 13:40:02,82,100,1317,4117
2023-12-28 13:40:02,70,100,1317,4117
2023-12-28 13:40:02,79,100,1317,4117
2023-12-28 13:40:02,81,100,1317,4117
2023-12-28 13:40:02,81,85,1317,4117
2023-12-28 13:40:02,81,82,1317,4117
2023-12-28 13:40:09,81,100,1317,4117
2023-12-28 13:40:09,70,100,1317,4117
2023-12-28 13:40:09,79,100,1317,4117
2023-12-28 13:40:09,79,81,1317,4117
2023-12-28 13:40:10,79,100,1317,4117
2023-12-28 13:40:10,70,100,1317,4117
2023-12-28 13:40:10,75,100,1317,4117
2023-12-28 13:40:10,77,100,1317,4117
2023-12-28 13:40:10,77,82,1317,4117
2023-12-28 13:40:10,77,81,1317,4117
2023-12-28 13:40:10,77,79,1317,4117
2023-12-28 13:40:18,77,100,1317,4117
2023-12-28 13:40:18,70,100,1317,4117
2023-12-28 13:40:18,72,100,1317,4117
2023-12-28 13:40:18,76,100,1317,4117
2023-12-28 13:40:18,76,79,1317,4117
2023-12-28 13:40:18,76,77,1317,4117
2023-12-28 13:40:43,70,77,1317,4117
2023-12-28 13:40:43,70,100,1317,4117
2023-12-28 13:40:43,75,100,1317,4117
2023-12-28 13:40:43,77,100,1317,4117
2023-12-28 13:40:43,77,82,1317,4117
2023-12-28 13:40:43,77,79,1317,4117
2023-12-28 13:40:51,70,79,1317,4117
2023-12-28 13:40:51,70,100,1317,4117
2023-12-28 13:40:51,76,100,1317,4117
2023-12-28 13:40:51,78,100,1317,4117
2023-12-28 13:40:51,78,82,1317,4117
2023-12-28 13:40:51,78,80,1317,4117
2023-12-28 13:41:02,78,100,1317,4117
2023-12-28 13:41:02,70,100,1317,4117
2023-12-28 13:41:02,77,100,1317,4117
2023-12-28 13:41:02,77,79,1317,4117
2023-12-28 13:41:49,77,100,1317,4117
2023-12-28 13:41:49,70,100,1317,4117
2023-12-28 13:41:49,76,100,1317,4117
2023-12-28 13:41:49,76,80,1317,4117
2023-12-28 13:41:49,76,79,1317,4117
2023-12-28 13:41:49,76,77,1317,4117
2023-12-28 13:41:59,74,77,1297,4137
2023-12-28 13:42:00,74,100,1297,4137
2023-12-28 13:42:00,70,100,1297,4137
2023-12-28 13:42:00,74,100,1297,4137
2023-12-28 13:42:00,74,78,1297,4137
2023-12-28 13:42:00,74,76,1297,4137
2023-12-28 13:42:24,70,76,1297,4137
2023-12-28 13:42:24,70,100,1297,4137
2023-12-28 13:42:24,76,100,1297,4137
2023-12-28 13:42:24,76,81,1297,4137
2023-12-28 13:42:24,76,80,1297,4137
2023-12-28 13:42:24,76,78,1297,4137
2023-12-28 13:42:49,70,78,1297,4137
2023-12-28 13:42:49,70,100,1297,4137
2023-12-28 13:42:49,77,100,1297,4137
2023-12-28 13:42:49,77,82,1297,4137
2023-12-28 13:42:49,77,81,1297,4137
2023-12-28 13:42:49,77,79,1297,4137
2023-12-28 13:42:53,70,79,1297,4137
2023-12-28 13:42:53,70,100,1297,4137
2023-12-28 13:42:53,76,100,1297,4137
2023-12-28 13:42:53,78,100,1297,4137
2023-12-28 13:42:53,78,83,1297,4137
2023-12-28 13:42:53,78,80,1297,4137
2023-12-28 13:43:53,78,100,1297,4137
2023-12-28 13:43:54,78,100,1297,4137
2023-12-28 13:43:54,78,81,1297,4137
2023-12-28 13:43:54,78,79,1297,4137
2023-12-28 13:44:54,78,81,1297,4137
2023-12-28 13:44:55,77,100,1297,4137
2023-12-28 13:44:55,77,79,1297,4137
2023-12-28 13:45:31,75,79,1247,4187
2023-12-28 13:45:48,75,100,1247,4187
2023-12-28 13:45:48,70,100,1247,4187
2023-12-28 13:45:48,74,100,1247,4187
2023-12-28 13:45:48,76,100,1247,4187
2023-12-28 13:45:48,76,81,1247,4187
2023-12-28 13:45:48,76,78,1247,4187
2023-12-28 13:46:27,76,100,1247,4187
2023-12-28 13:46:27,70,100,1247,4187
2023-12-28 13:46:27,74,100,1247,4187
2023-12-28 13:46:27,74,79,1247,4187
2023-12-28 13:46:27,74,78,1247,4187
2023-12-28 13:46:27,74,76,1247,4187
2023-12-28 13:46:32,74,100,1247,4187
2023-12-28 13:46:32,70,100,1247,4187
2023-12-28 13:46:32,73,100,1247,4187
2023-12-28 13:46:32,73,78,1247,4187
2023-12-28 13:46:32,73,77,1247,4187
2023-12-28 13:46:32,73,75,1247,4187
2023-12-28 13:46:37,70,75,1247,4187
2023-12-28 13:46:37,70,100,1247,4187
2023-12-28 13:46:37,74,100,1247,4187
2023-12-28 13:46:37,74,78,1247,4187
2023-12-28 13:46:37,74,76,1247,4187
2023-12-28 13:46:43,70,76,1247,4187
2023-12-28 13:46:43,70,100,1247,4187
2023-12-28 13:46:43,76,100,1247,4187
2023-12-28 13:46:43,76,79,1247,4187
2023-12-28 13:46:43,76,77,1247,4187
2023-12-28 13:47:19,76,100,1247,4187
2023-12-28 13:47:19,70,100,1247,4187
2023-12-28 13:47:19,74,100,1247,4187
2023-12-28 13:47:19,74,78,1247,4187
2023-12-28 13:47:19,74,76,1247,4187
2023-12-28 13:48:19,72,76,1247,4187
2023-12-28 13:48:20,74,100,1247,4187
2023-12-28 13:48:20,74,78,1247,4187
2023-12-28 13:48:20,74,75,1247,4187
2023-12-28 13:49:03,72,75,1227,4207
2023-12-28 13:49:05,72,100,1227,4207
2023-12-28 13:49:05,70,100,1227,4207
2023-12-28 13:49:05,72,100,1227,4207
2023-12-28 13:49:05,72,77,1227,4207
2023-12-28 13:49:05,72,74,1227,4207
2023-12-28 13:49:46,72,76,1257,4237
2023-12-28 13:49:52,70,76,1257,4237
2023-12-28 13:49:52,70,100,1257,4237
2023-12-28 13:49:52,72,100,1257,4237
2023-12-28 13:49:52,74,100,1257,4237
2023-12-28 13:49:52,74,77,1257,4237
2023-12-28 13:49:52,74,75,1257,4237
2023-12-28 13:50:05,74,77,1267,4247
2023-12-28 13:50:14,70,77,1267,4247
2023-12-28 13:50:14,70,100,1267,4247
2023-12-28 13:50:14,71,100,1267,4247
2023-12-28 13:50:14,75,100,1267,4247
2023-12-28 13:50:14,75,77,1267,4247
2023-12-28 13:50:19,70,77,1267,4247
2023-12-28 13:50:19,70,100,1267,4247
2023-12-28 13:50:19,74,100,1267,4247
2023-12-28 13:50:19,76,100,1267,4247
2023-12-28 13:50:19,76,80,1267,4247
2023-12-28 13:50:19,76,78,1267,4247
2023-12-28 13:51:19,76,100,1267,4247
2023-12-28 13:51:20,74,100,1267,4247
2023-12-28 13:51:20,77,100,1267,4247
2023-12-28 13:51:20,77,80,1267,4247
2023-12-28 13:51:20,77,78,1267,4247
2023-12-28 13:51:46,77,80,1277,4257
2023-12-28 13:52:20,77,81,1277,4257
2023-12-28 13:52:21,77,100,1277,4257
2023-12-28 13:52:21,77,82,1277,4257
2023-12-28 13:52:21,77,81,1277,4257
2023-12-28 13:52:21,77,79,1277,4257
2023-12-28 13:52:42,77,81,1307,4287
2023-12-28 13:53:21,70,81,1307,4287
2023-12-28 13:53:21,76,100,1307,4287
2023-12-28 13:53:21,78,100,1307,4287
2023-12-28 13:53:21,78,83,1307,4287
2023-12-28 13:53:21,78,82,1307,4287
2023-12-28 13:53:21,78,80,1307,4287
2023-12-28 13:53:29,78,82,1337,4317
2023-12-28 13:53:33,70,82,1337,4317
2023-12-28 13:53:33,70,100,1337,4317
2023-12-28 13:53:33,77,100,1337,4317
2023-12-28 13:53:33,78,100,1337,4317
2023-12-28 13:53:33,80,100,1337,4317
2023-12-28 13:53:33,80,85,1337,4317
2023-12-28 13:53:33,80,82,1337,4317
2023-12-28 13:54:07,70,82,1337,4317
2023-12-28 13:54:07,70,100,1337,4317
2023-12-28 13:54:07,79,100,1337,4317
2023-12-28 13:54:07,81,100,1337,4317
2023-12-28 13:54:07,81,83,1337,4317
2023-12-28 13:54:57,81,100,1337,4317
2023-12-28 13:54:57,70,100,1337,4317
2023-12-28 13:54:57,78,100,1337,4317
2023-12-28 13:54:57,80,100,1337,4317
2023-12-28 13:54:57,80,82,1337,4317
2023-12-28 13:55:06,80,100,1337,4317
2023-12-28 13:55:06,78,100,1337,4317
2023-12-28 13:55:06,70,100,1337,4317
2023-12-28 13:55:06,73,100,1337,4317
2023-12-28 13:55:06,73,87,1337,4317
2023-12-28 13:55:06,73,86,1337,4317
2023-12-28 13:55:06,73,84,1337,4317
2023-12-28 13:55:19,73,100,1337,4317
2023-12-28 13:55:19,70,100,1337,4317
2023-12-28 13:55:19,74,100,1337,4317
2023-12-28 13:55:19,76,100,1337,4317
2023-12-28 13:55:19,76,80,1337,4317
2023-12-28 13:55:19,76,78,1337,4317
2023-12-28 13:56:19,76,80,1337,4317
2023-12-28 13:56:20,73,100,1337,4317
2023-12-28 13:56:20,75,100,1337,4317
2023-12-28 13:56:20,75,77,1337,4317
2023-12-28 13:56:41,75,100,1337,4317
2023-12-28 13:56:41,70,100,1337,4317
2023-12-28 13:56:41,72,100,1337,4317
2023-12-28 13:56:41,74,100,1337,4317
2023-12-28 13:56:41,74,76,1337,4317
2023-12-28 13:57:13,70,76,1337,4317
2023-12-28 13:57:13,70,100,1337,4317
2023-12-28 13:57:13,71,100,1337,4317
2023-12-28 13:57:13,73,100,1337,4317
2023-12-28 13:57:13,75,100,1337,4317
2023-12-28 13:57:13,75,79,1337,4317
2023-12-28 13:57:13,75,77,1337,4317
2023-12-28 13:58:13,75,80,1337,4317
2023-12-28 13:58:14,75,100,1337,4317
2023-12-28 13:58:14,75,79,1337,4317
2023-12-28 13:58:14,75,77,1337,4317
2023-12-28 13:59:12,70,77,1337,4317
2023-12-28 13:59:12,70,100,1337,4317
2023-12-28 13:59:12,76,100,1337,4317
2023-12-28 13:59:12,76,78,1337,4317
2023-12-28 14:00:12,76,80,1337,4317
2023-12-28 14:00:13,72,100,1337,4317
2023-12-28 14:00:13,74,100,1337,4317
2023-12-28 14:00:13,76,100,1337,4317
2023-12-28 14:00:13,76,81,1337,4317
2023-12-28 14:00:13,76,78,1337,4317
2023-12-28 14:00:27,70,78,1337,4317
2023-12-28 14:00:27,70,100,1337,4317
2023-12-28 14:00:27,75,100,1337,4317
2023-12-28 14:00:27,77,100,1337,4317
2023-12-28 14:00:27,77,81,1337,4317
2023-12-28 14:00:27,77,79,1337,4317
2023-12-28 14:00:35,70,79,1337,4317
2023-12-28 14:00:35,70,100,1337,4317
2023-12-28 14:00:35,76,100,1337,4317
2023-12-28 14:00:35,78,100,1337,4317
2023-12-28 14:00:35,78,82,1337,4317
2023-12-28 14:00:35,78,80,1337,4317
2023-12-28 14:01:02,78,100,1337,4317
2023-12-28 14:01:02,70,100,1337,4317
2023-12-28 14:01:02,74,100,1337,4317
2023-12-28 14:01:02,77,100,1337,4317
2023-12-28 14:01:02,77,81,1337,4317
2023-12-28 14:01:02,77,79,1337,4317
2023-12-28 14:01:55,70,79,1337,4317
2023-12-28 14:01:55,70,100,1337,4317
2023-12-28 14:01:55,78,100,1337,4317
2023-12-28 14:01:55,78,82,1337,4317
2023-12-28 14:01:55,78,80,1337,4317
2023-12-28 14:02:55,78,100,1337,4317
2023-12-28 14:02:56,76,100,1337,4317
2023-12-28 14:02:56,78,100,1337,4317
2023-12-28 14:02:56,78,83,1337,4317
2023-12-28 14:02:56,78,80,1337,4317
2023-12-28 14:03:50,70,80,1337,4317
2023-12-28 14:03:50,70,100,1337,4317
2023-12-28 14:03:50,78,100,1337,4317
2023-12-28 14:03:50,80,100,1337,4317
2023-12-28 14:03:50,80,84,1337,4317
2023-12-28 14:03:50,80,82,1337,4317
2023-12-28 14:04:15,70,82,1337,4317
2023-12-28 14:04:15,70,100,1337,4317
2023-12-28 14:04:15,81,100,1337,4317
2023-12-28 14:04:15,81,83,1337,4317
2023-12-28 14:04:53,70,83,1337,4317
2023-12-28 14:04:53,70,100,1337,4317
2023-12-28 14:04:53,79,100,1337,4317
2023-12-28 14:04:53,80,100,1337,4317
2023-12-28 14:04:53,82,100,1337,4317
2023-12-28 14:04:53,82,84,1337,4317
2023-12-28 14:05:25,82,100,1337,4317
2023-12-28 14:05:25,70,100,1337,4317
2023-12-28 14:05:25,78,100,1337,4317
2023-12-28 14:05:25,79,100,1337,4317
2023-12-28 14:05:25,81,100,1337,4317
2023-12-28 14:05:25,81,83,1337,4317
2023-12-28 14:06:25,79,83,1337,4317
2023-12-28 14:06:26,82,100,1337,4317
2023-12-28 14:06:26,82,86,1337,4317
2023-12-28 14:06:26,82,85,1337,4317
2023-12-28 14:06:26,82,83,1337,4317
2023-12-28 14:06:35,82,85,1347,4327
2023-12-28 14:07:26,82,100,1347,4327
2023-12-28 14:07:26,70,100,1347,4327
2023-12-28 14:07:26,79,100,1347,4327
2023-12-28 14:07:26,81,100,1347,4327
2023-12-28 14:07:26,81,86,1347,4327
2023-12-28 14:07:26,81,83,1347,4327
2023-12-28 14:08:26,79,83,1347,4327
2023-12-28 14:08:27,80,100,1347,4327
2023-12-28 14:08:27,82,100,1347,4327
2023-12-28 14:08:27,82,86,1347,4327
2023-12-28 14:08:27,82,85,1347,4327
2023-12-28 14:08:27,82,83,1347,4327
2023-12-28 14:08:40,82,85,1357,4337
2023-12-28 14:09:18,80,85,1327,4367
2023-12-28 14:09:26,80,100,1327,4367
2023-12-28 14:09:26,70,100,1327,4367
2023-12-28 14:09:26,77,100,1327,4367
2023-12-28 14:09:26,80,100,1327,4367
2023-12-28 14:09:26,80,85,1327,4367
2023-12-28 14:09:26,80,82,1327,4367
2023-12-28 14:09:51,80,84,1357,4397
2023-12-28 14:10:09,70,84,1357,4397
2023-12-28 14:10:09,70,100,1357,4397
2023-12-28 14:10:09,80,100,1357,4397
2023-12-28 14:10:09,82,100,1357,4397
2023-12-28 14:10:09,82,86,1357,4397
2023-12-28 14:10:09,82,83,1357,4397
2023-12-28 14:11:05,82,85,1367,4407
2023-12-28 14:11:09,80,85,1367,4407
2023-12-28 14:11:10,82,100,1367,4407
2023-12-28 14:11:10,82,86,1367,4407
2023-12-28 14:11:10,82,84,1367,4407
2023-12-28 14:11:56,70,84,1367,4407
2023-12-28 14:11:56,70,85,1367,4407
2023-12-28 14:11:56,70,100,1367,4407
2023-12-28 14:11:56,81,100,1367,4407
2023-12-28 14:11:56,84,100,1367,4407
2023-12-28 14:11:56,84,88,1367,4407
2023-12-28 14:11:56,84,87,1367,4407
2023-12-28 14:11:56,84,86,1367,4407
2023-12-28 14:12:19,70,86,1367,4407
2023-12-28 14:12:19,70,100,1367,4407
2023-12-28 14:12:19,86,100,1367,4407
2023-12-28 14:12:19,86,89,1367,4407
2023-12-28 14:12:19,86,87,1367,4407
2023-12-28 14:12:27,70,87,1367,4407
2023-12-28 14:12:27,70,88,1367,4407
2023-12-28 14:12:27,70,100,1367,4407
2023-12-28 14:12:27,87,100,1367,4407
2023-12-28 14:12:27,87,91,1367,4407
2023-12-28 14:12:27,87,90,1367,4407
2023-12-28 14:12:27,87,89,1367,4407
2023-12-28 14:12:29,87,100,1367,4407
2023-12-28 14:12:29,86,100,1367,4407
2023-12-28 14:12:29,70,100,1367,4407
2023-12-28 14:12:29,85,100,1367,4407
2023-12-28 14:12:29,86,100,1367,4407
2023-12-28 14:12:29,86,88,1367,4407
2023-12-28 14:12:29,86,87,1367,4407
2023-12-28 14:12:30,70,87,1367,4407
2023-12-28 14:12:30,70,88,1367,4407
2023-12-28 14:12:30,70,100,1367,4407
2023-12-28 14:12:30,85,100,1367,4407
2023-12-28 14:12:30,86,100,1367,4407
2023-12-28 14:12:30,87,100,1367,4407
2023-12-28 14:12:30,87,91,1367,4407
2023-12-28 14:12:30,87,89,1367,4407
2023-12-28 14:13:30,87,90,1367,4407
2023-12-28 14:13:30,85,100,1367,4407
2023-12-28 14:13:30,86,100,1367,4407
2023-12-28 14:13:30,86,88,1367,4407
2023-12-28 14:13:30,86,87,1367,4407
2023-12-28 14:13:42,85,87,1347,4427
2023-12-28 14:14:30,83,87,1347,4427
2023-12-28 14:14:31,85,100,1347,4427
2023-12-28 14:14:31,85,87,1347,4427
2023-12-28 14:15:31,84,87,1347,4427
2023-12-28 14:15:31,83,100,1347,4427
2023-12-28 14:15:31,84,100,1347,4427
2023-12-28 14:15:31,86,100,1347,4427
2023-12-28 14:15:31,86,90,1347,4427
2023-12-28 14:15:31,86,89,1347,4427
2023-12-28 14:15:31,86,88,1347,4427
2023-12-28 14:15:50,70,88,1347,4427
2023-12-28 14:15:50,70,100,1347,4427
2023-12-28 14:15:50,87,100,1347,4427
2023-12-28 14:15:50,88,100,1347,4427
2023-12-28 14:15:50,88,89,1347,4427
2023-12-28 14:16:31,87,89,1337,4437
2023-12-28 14:16:50,70,89,1337,4437
2023-12-28 14:16:51,87,100,1337,4437
2023-12-28 14:16:51,87,89,1337,4437
2023-12-28 14:17:51,87,90,1337,4437
2023-12-28 14:17:52,87,100,1337,4437
2023-12-28 14:17:52,87,89,1337,4437
2023-12-28 14:17:52,87,88,1337,4437
2023-12-28 14:18:52,85,88,1337,4437
2023-12-28 14:18:53,86,100,1337,4437
2023-12-28 14:18:53,87,100,1337,4437
2023-12-28 14:18:53,87,91,1337,4437
2023-12-28 14:18:53,87,90,1337,4437
2023-12-28 14:18:53,87,89,1337,4437
2023-12-28 14:19:27,86,89,1297,4477
2023-12-28 14:19:46,86,100,1297,4477
2023-12-28 14:19:46,70,100,1297,4477
2023-12-28 14:19:46,82,100,1297,4477
2023-12-28 14:19:46,85,100,1297,4477
2023-12-28 14:19:46,85,89,1297,4477
2023-12-28 14:19:46,85,87,1297,4477
2023-12-28 14:20:22,85,100,1297,4477
2023-12-28 14:20:22,70,100,1297,4477
2023-12-28 14:20:22,82,100,1297,4477
2023-12-28 14:20:22,84,100,1297,4477
2023-12-28 14:20:22,84,87,1297,4477
2023-12-28 14:20:22,84,86,1297,4477
2023-12-28 14:20:51,84,100,1297,4477
2023-12-28 14:20:51,70,100,1297,4477
2023-12-28 14:20:51,80,100,1297,4477
2023-12-28 14:20:51,83,100,1297,4477
2023-12-28 14:20:51,83,85,1297,4477
2023-12-28 14:21:45,70,85,1297,4477
2023-12-28 14:21:45,70,100,1297,4477
2023-12-28 14:21:45,82,100,1297,4477
2023-12-28 14:21:45,84,100,1297,4477
2023-12-28 14:21:45,84,86,1297,4477
2023-12-28 14:22:38,70,86,1297,4477
2023-12-28 14:22:38,70,100,1297,4477
2023-12-28 14:22:38,83,100,1297,4477
2023-12-28 14:22:38,85,100,1297,4477
2023-12-28 14:22:38,86,100,1297,4477
2023-12-28 14:22:38,86,87,1297,4477
2023-12-28 14:23:38,70,87,1297,4477
2023-12-28 14:23:39,85,100,1297,4477
2023-12-28 14:23:39,85,87,1297,4477
2023-12-28 14:24:16,70,87,1297,4477
2023-12-28 14:24:16,70,88,1297,4477
2023-12-28 14:24:16,70,100,1297,4477
2023-12-28 14:24:16,86,100,1297,4477
2023-12-28 14:24:16,87,100,1297,4477
2023-12-28 14:24:16,87,90,1297,4477
2023-12-28 14:24:16,87,88,1297,4477
2023-12-28 14:25:09,86,88,1297,4507
2023-12-28 14:25:16,70,88,1297,4507
2023-12-28 14:25:17,83,100,1297,4507
2023-12-28 14:25:17,86,100,1297,4507
2023-12-28 14:25:17,86,90,1297,4507
2023-12-28 14:25:17,86,88,1297,4507
2023-12-28 14:26:10,86,88,1308,4518
2023-12-28 14:26:17,85,88,1308,4518
2023-12-28 14:26:18,85,100,1308,4518
2023-12-28 14:26:18,86,100,1308,4518
2023-12-28 14:26:18,87,100,1308,4518
2023-12-28 14:26:18,87,89,1308,4518
2023-12-28 14:27:18,87,90,1308,4518
2023-12-28 14:27:19,87,100,1308,4518
2023-12-28 14:27:19,87,90,1308,4518
2023-12-28 14:27:19,87,89,1308,4518
2023-12-28 14:27:37,87,88,1308,4518
2023-12-28 14:27:51,87,89,1346,4556
2023-12-28 14:27:52,70,89,1346,4556
2023-12-28 14:27:52,70,90,1346,4556
2023-12-28 14:27:52,70,100,1346,4556
2023-12-28 14:27:52,89,100,1346,4556
2023-12-28 14:27:52,89,91,1346,4556
2023-12-28 14:27:52,89,90,1346,4556
2023-12-28 14:28:31,88,90,1306,4596
2023-12-28 14:28:34,88,100,1306,4596
2023-12-28 14:28:34,70,100,1306,4596
2023-12-28 14:28:34,86,100,1306,4596
2023-12-28 14:28:34,87,100,1306,4596
2023-12-28 14:28:34,87,90,1306,4596
2023-12-28 14:28:34,87,89,1306,4596
2023-12-28 14:29:20,87,89,1317,4607
2023-12-28 14:29:34,70,89,1317,4607
2023-12-28 14:29:35,87,100,1317,4607
2023-12-28 14:29:35,87,90,1317,4607
2023-12-28 14:29:35,87,89,1317,4607
2023-12-28 14:30:35,70,89,1317,4607
2023-12-28 14:30:36,87,100,1317,4607
2023-12-28 14:30:36,88,100,1317,4607
2023-12-28 14:30:36,88,92,1317,4607
2023-12-28 14:30:36,88,91,1317,4607
2023-12-28 14:30:36,88,90,1317,4607
2023-12-28 14:31:14,70,90,1317,4607
2023-12-28 14:31:14,70,100,1317,4607
2023-12-28 14:31:14,88,100,1317,4607
2023-12-28 14:31:14,89,100,1317,4607
2023-12-28 14:31:14,90,100,1317,4607
2023-12-28 14:31:14,90,93,1317,4607
2023-12-28 14:31:14,90,92,1317,4607
2023-12-28 14:31:14,90,91,1317,4607
2023-12-28 14:32:14,89,91,1317,4607
2023-12-28 14:32:15,88,100,1317,4607
2023-12-28 14:32:15,89,100,1317,4607
2023-12-28 14:32:15,89,93,1317,4607
2023-12-28 14:32:15,89,92,1317,4607
2023-12-28 14:32:15,89,91,1317,4607
2023-12-28 14:33:15,87,91,1317,4607
2023-12-28 14:33:16,88,100,1317,4607
2023-12-28 14:33:16,89,100,1317,4607
2023-12-28 14:33:16,89,90,1317,4607
2023-12-28 14:33:19,88,90,1277,4647
2023-12-28 14:33:21,88,100,1277,4647
2023-12-28 14:33:21,70,100,1277,4647
2023-12-28 14:33:21,85,100,1277,4647
2023-12-28 14:33:21,87,100,1277,4647
2023-12-28 14:33:21,87,91,1277,4647
2023-12-28 14:33:21,87,90,1277,4647
2023-12-28 14:33:21,87,89,1277,4647
2023-12-28 14:33:31,87,100,1277,4647
2023-12-28 14:33:31,86,100,1277,4647
2023-12-28 14:33:31,70,100,1277,4647
2023-12-28 14:33:31,79,100,1277,4647
2023-12-28 14:33:31,81,100,1277,4647
2023-12-28 14:33:31,81,91,1277,4647
2023-12-28 14:33:55,81,100,1277,4647
2023-12-28 14:33:55,70,100,1277,4647
2023-12-28 14:33:55,81,100,1277,4647
2023-12-28 14:33:55,82,100,1277,4647
2023-12-28 14:33:55,84,100,1277,4647
2023-12-28 14:33:55,84,86,1277,4647
2023-12-28 14:34:05,82,86,1227,4697
2023-12-28 14:34:20,70,86,1227,4697
2023-12-28 14:34:20,70,100,1227,4697
2023-12-28 14:34:20,85,100,1227,4697
2023-12-28 14:34:20,85,89,1227,4697
2023-12-28 14:34:20,85,88,1227,4697
2023-12-28 14:34:20,85,87,1227,4697
2023-12-28 14:35:20,70,87,1227,4697
2023-12-28 14:35:21,85,87,1227,4697
2023-12-28 14:35:21,86,87,1227,4697
2023-12-28 14:36:01,70,87,1227,4697
2023-12-28 14:36:01,70,87,1227,4707
2023-12-28 14:36:01,87,100,1227,4797
2023-12-28 14:36:01,87,91,1227,4797
2023-12-28 14:36:01,87,90,1227,4797
2023-12-28 14:36:01,87,89,1227,4797
2023-12-28 14:36:43,87,100,1227,4797
2023-12-28 14:36:43,70,100,1227,4797
2023-12-28 14:36:43,85,100,1227,4797
2023-12-28 14:36:43,86,100,1227,4797
2023-12-28 14:36:43,86,89,1227,4797
2023-12-28 14:36:43,86,88,1227,4797
2023-12-28 14:37:36,70,88,1227,4797
2023-12-28 14:37:36,70,100,1227,4797
2023-12-28 14:37:36,82,100,1227,4797
2023-12-28 14:37:36,83,100,1227,4797
2023-12-28 14:37:36,85,100,1227,4797
2023-12-28 14:37:36,85,94,1227,4797
2023-12-28 14:37:36,85,93,1227,4797
2023-12-28 14:37:36,85,92,1227,4797
2023-12-28 14:37:40,70,92,1227,4797
2023-12-28 14:37:40,70,100,1227,4797
2023-12-28 14:37:40,83,100,1227,4797
2023-12-28 14:37:40,86,100,1227,4797
2023-12-28 14:37:40,86,95,1227,4797
2023-12-28 14:37:40,86,94,1227,4797
2023-12-28 14:38:00,70,94,1227,4797
2023-12-28 14:38:00,70,100,1227,4797
2023-12-28 14:38:00,84,100,1227,4797
2023-12-28 14:38:00,87,100,1227,4797
2023-12-28 14:38:00,87,96,1227,4797
2023-12-28 14:38:00,87,95,1227,4797
2023-12-28 14:38:04,87,100,1227,4797
2023-12-28 14:38:04,70,100,1227,4797
2023-12-28 14:38:04,84,100,1227,4797
2023-12-28 14:38:04,86,100,1227,4797
2023-12-28 14:38:04,86,94,1227,4797
2023-12-28 14:38:51,86,100,1227,4797
2023-12-28 14:38:51,70,100,1227,4797
2023-12-28 14:38:51,83,100,1227,4797
2023-12-28 14:38:51,85,100,1227,4797
2023-12-28 14:38:51,85,94,1227,4797
2023-12-28 14:38:51,85,93,1227,4797
2023-12-28 14:38:51,85,92,1227,4797
2023-12-28 14:39:08,85,100,1227,4797
2023-12-28 14:39:08,70,100,1227,4797
2023-12-28 14:39:08,83,100,1227,4797
2023-12-28 14:39:08,83,93,1227,4797
2023-12-28 14:39:08,83,91,1227,4797
2023-12-28 14:39:31,83,100,1227,4797
2023-12-28 14:39:31,70,100,1227,4797
2023-12-28 14:39:31,79,100,1227,4797
2023-12-28 14:39:31,80,100,1227,4797
2023-12-28 14:39:31,82,100,1227,4797
2023-12-28 14:39:31,82,92,1227,4797
2023-12-28 14:39:31,82,90,1227,4797
2023-12-28 14:40:00,70,90,1227,4797
2023-12-28 14:40:00,70,100,1227,4797
2023-12-28 14:40:00,80,100,1227,4797
2023-12-28 14:40:00,81,100,1227,4797
2023-12-28 14:40:00,83,100,1227,4797
2023-12-28 14:40:00,83,92,1227,4797
2023-12-28 14:40:00,83,91,1227,4797
2023-12-28 14:40:59,70,91,1227,4797
2023-12-28 14:40:59,70,100,1227,4797
2023-12-28 14:40:59,82,100,1227,4797
2023-12-28 14:40:59,85,100,1227,4797
2023-12-28 14:40:59,85,93,1227,4797
2023-12-28 14:40:59,85,92,1227,4797
2023-12-28 14:41:59,85,93,1227,4797
2023-12-28 14:42:00,85,100,1227,4797
2023-12-28 14:42:00,85,92,1227,4797
2023-12-28 14:42:35,85,100,1227,4797
2023-12-28 14:42:35,70,100,1227,4797
2023-12-28 14:42:35,80,100,1227,4797
2023-12-28 14:42:35,83,100,1227,4797
2023-12-28 14:42:35,83,93,1227,4797
2023-12-28 14:42:35,83,91,1227,4797
2023-12-28 14:43:16,83,100,1227,4797
2023-12-28 14:43:16,70,100,1227,4797
2023-12-28 14:43:16,80,100,1227,4797
2023-12-28 14:43:16,82,100,1227,4797
2023-12-28 14:43:16,82,89,1227,4797
2023-12-28 14:44:06,70,89,1227,4797
2023-12-28 14:44:06,70,100,1227,4797
2023-12-28 14:44:06,80,100,1227,4797
