datetime,bid,ask,open_interest,volume
2023-05-03 09:30:01,22,23,4099,6613
2023-05-03 09:35:17,22,23,4299,6813
2023-05-03 09:35:19,21,22,4299,6827
2023-05-03 09:35:19,21,23,4299,6827
2023-05-03 09:35:20,21,23,4499,7027
2023-05-03 09:35:21,21,23,4699,7227
2023-05-03 09:35:22,21,23,4899,7427
2023-05-03 09:35:23,21,23,5099,7627
2023-05-03 09:35:24,20,23,5299,7827
2023-05-03 09:35:25,21,23,5299,7827
2023-05-03 09:35:27,20,21,5299,7841
2023-05-03 09:35:27,20,23,5299,7841
2023-05-03 09:35:28,20,23,5499,8041
2023-05-03 09:35:29,20,23,5699,8241
2023-05-03 09:35:42,20,23,5849,8391
2023-05-03 09:35:47,21,23,5849,8391
2023-05-03 09:35:49,20,21,5849,8393
2023-05-03 09:35:49,20,23,5849,8393
2023-05-03 09:36:06,21,23,5849,8393
2023-05-03 09:36:19,20,21,5849,8395
2023-05-03 09:36:19,20,23,5849,8395
2023-05-03 09:36:26,21,23,5849,8395
2023-05-03 09:36:28,20,21,5849,8397
2023-05-03 09:36:28,20,23,5849,8397
2023-05-03 09:36:49,21,23,5849,8397
2023-05-03 09:36:52,20,21,5849,8399
2023-05-03 09:36:52,20,23,5849,8399
2023-05-03 09:37:01,20,23,5854,8404
2023-05-03 09:37:04,20,23,6054,8604
2023-05-03 09:37:04,20,22,6054,8604
2023-05-03 09:37:18,20,23,6054,8804
2023-05-03 09:37:20,21,23,6054,8804
2023-05-03 09:37:38,20,21,6054,8806
2023-05-03 09:37:38,20,23,6054,8806
2023-05-03 09:37:45,21,23,6054,8806
2023-05-03 09:37:52,20,21,6054,8808
2023-05-03 09:37:52,20,23,6054,8808
2023-05-03 09:37:54,20,23,6059,8813
2023-05-03 09:38:08,21,23,6059,8813
2023-05-03 09:38:15,20,21,6059,8815
2023-05-03 09:38:15,20,23,6059,8815
2023-05-03 09:38:29,21,23,6059,8815
2023-05-03 09:38:44,20,21,6059,8817
2023-05-03 09:38:44,20,23,6059,8817
2023-05-03 09:38:48,21,23,6059,8817
2023-05-03 09:39:15,20,21,6059,8819
2023-05-03 09:39:15,20,23,6059,8819
2023-05-03 09:39:33,21,23,6059,8819
2023-05-03 09:39:38,20,21,6059,8821
2023-05-03 09:39:38,20,23,6059,8821
2023-05-03 09:39:52,21,23,6059,8821
2023-05-03 09:40:04,20,21,6059,8823
2023-05-03 09:40:04,20,23,6059,8823
2023-05-03 09:40:11,21,23,6059,8823
2023-05-03 09:40:17,20,21,6059,8825
2023-05-03 09:40:17,20,23,6059,8825
2023-05-03 09:40:33,21,23,6059,8825
2023-05-03 09:40:40,20,21,6059,8827
2023-05-03 09:40:40,20,23,6059,8827
2023-05-03 09:40:57,21,23,6059,8827
2023-05-03 09:41:16,20,21,6059,8829
2023-05-03 09:41:16,20,23,6059,8829
2023-05-03 09:41:18,21,23,6059,8829
2023-05-03 09:41:37,20,21,6059,8831
2023-05-03 09:41:37,20,23,6059,8831
2023-05-03 09:42:02,21,23,6059,8831
2023-05-03 09:42:42,20,21,6059,8833
2023-05-03 09:42:42,20,23,6059,8833
2023-05-03 09:42:46,21,23,6059,8833
2023-05-03 09:42:47,20,21,6059,8835
2023-05-03 09:42:47,20,23,6059,8835
2023-05-03 09:43:09,21,23,6059,8835
2023-05-03 09:43:09,20,21,6059,8837
2023-05-03 09:43:09,20,23,6059,8837
2023-05-03 09:43:30,21,23,6059,8837
2023-05-03 09:43:30,20,21,6059,8839
2023-05-03 09:43:30,20,23,6059,8839
2023-05-03 09:43:51,21,23,6059,8839
2023-05-03 09:43:59,20,21,6059,8841
2023-05-03 09:43:59,20,23,6059,8841
2023-05-03 09:44:08,21,23,6059,8841
2023-05-03 09:44:16,20,21,6059,8843
2023-05-03 09:44:16,20,23,6059,8843
2023-05-03 09:44:30,21,23,6059,8843
2023-05-03 09:44:31,20,21,6059,8845
2023-05-03 09:44:31,20,23,6059,8845
2023-05-03 09:44:49,21,23,6059,8845
2023-05-03 09:45:03,20,21,6059,8847
2023-05-03 09:45:03,20,23,6059,8847
2023-05-03 09:45:08,20,23,6259,9047
2023-05-03 09:45:08,20,22,6259,9047
2023-05-03 09:45:10,21,22,6259,9047
2023-05-03 09:49:07,22,23,6263,9051
2023-05-03 09:50:26,21,22,6257,9153
2023-05-03 09:50:27,21,23,6257,9153
2023-05-03 09:51:07,21,22,6257,9153
2023-05-03 09:53:03,21,23,6362,9458
2023-05-03 09:54:04,21,22,6362,9458
2023-05-03 09:54:07,21,23,6362,9458
2023-05-03 09:54:20,21,22,6362,9458
2023-05-03 09:54:22,21,23,6362,9458
2023-05-03 09:54:26,21,22,6362,9458
2023-05-03 09:54:31,21,23,6362,9458
2023-05-03 09:54:32,21,22,6362,9458
2023-05-03 09:54:33,21,23,6362,9458
2023-05-03 09:54:43,21,22,6362,9458
2023-05-03 10:07:12,21,22,6366,9483
2023-05-03 10:08:47,21,22,6356,9493
2023-05-03 10:09:21,21,22,6354,9495
2023-05-03 10:09:52,21,22,6352,9497
2023-05-03 10:10:23,21,22,6350,9499
2023-05-03 10:16:29,21,22,6348,9521
2023-05-03 10:18:57,20,21,6723,9898
2023-05-03 10:19:28,20,21,6728,9903
2023-05-03 10:20:52,20,21,6803,9978
2023-05-03 10:21:25,20,21,6878,10053
2023-05-03 10:21:56,20,21,6953,10128
2023-05-03 10:23:00,20,21,7028,10203
2023-05-03 10:25:37,20,21,7103,10278
2023-05-03 10:29:21,19,20,8153,11337
2023-05-03 10:29:21,18,20,8153,11337
2023-05-03 10:29:40,19,20,8153,11337
2023-05-03 10:29:46,19,20,8228,11412
2023-05-03 10:29:53,18,19,8248,11449
2023-05-03 10:30:18,18,19,8323,11524
2023-05-03 10:30:51,18,19,8398,11599
2023-05-03 10:31:19,18,19,8398,11799
2023-05-03 10:31:23,19,20,8611,12016
2023-05-03 10:31:44,19,20,8861,12266
2023-05-03 10:31:51,18,19,8866,12271
2023-05-03 10:31:56,19,20,8869,12278
2023-05-03 10:35:42,19,21,8869,12667
2023-05-03 10:36:00,20,21,8869,12667
2023-05-03 10:36:17,19,20,9100,12898
2023-05-03 10:38:46,19,20,9145,12943
2023-05-03 10:41:10,19,21,9145,12947
2023-05-03 10:43:26,20,21,9145,12947
2023-05-03 10:44:32,20,21,9145,12953
2023-05-03 10:45:33,20,21,9145,12959
2023-05-03 10:45:51,19,20,9247,13061
2023-05-03 10:45:51,19,21,9247,13061
2023-05-03 10:46:33,19,20,9247,13061
2023-05-03 10:49:28,19,21,9247,13665
2023-05-03 10:49:33,20,21,9247,13665
2023-05-03 10:49:37,19,20,9247,13667
2023-05-03 10:50:42,20,21,9247,13671
2023-05-03 10:52:05,20,21,9293,13721
2023-05-03 10:54:18,20,21,9483,13921
2023-05-03 10:54:46,19,20,9483,13923
2023-05-03 11:14:15,19,20,9487,13927
2023-05-03 11:14:15,19,20,9491,13931
2023-05-03 11:14:16,19,20,9521,13961
2023-05-03 11:14:18,19,20,9551,13991
2023-05-03 11:24:11,19,20,9351,14191
2023-05-03 11:24:32,20,21,9351,14193
2023-05-03 11:25:40,20,21,9551,14393
2023-05-03 11:26:33,19,21,9551,14393
2023-05-03 11:26:35,19,20,9551,14393
2023-05-03 11:29:41,20,21,9551,14397
2023-05-03 11:29:41,19,21,9647,14493
2023-05-03 11:30:45,19,20,9647,14493
2023-05-03 11:30:45,19,20,9823,14669
2023-05-03 11:30:54,19,20,9951,14797
2023-05-03 11:32:00,19,20,9951,14802
2023-05-03 11:33:44,19,20,10043,14894
2023-05-03 11:33:44,19,20,10135,14986
2023-05-03 11:34:52,19,20,10186,15037
2023-05-03 11:37:26,19,20,9986,15237
2023-05-03 11:37:27,19,20,9786,15437
2023-05-03 11:37:29,20,21,9782,15441
2023-05-03 11:37:29,19,21,9782,15441
2023-05-03 11:37:30,19,21,9782,15641
2023-05-03 11:37:30,20,21,9782,15641
2023-05-03 11:37:31,20,21,9782,15841
2023-05-03 11:37:38,20,21,9782,16041
2023-05-03 11:41:56,19,21,9782,16041
2023-05-03 11:41:59,20,21,9782,16041
2023-05-03 11:43:00,20,21,9782,16047
2023-05-03 11:43:59,20,21,9782,16049
2023-05-03 11:44:42,19,20,10084,16351
2023-05-03 11:47:42,19,20,10089,16356
2023-05-03 11:48:07,19,20,10189,16456
2023-05-03 11:52:12,19,20,10289,16556
2023-05-03 11:53:17,19,20,10389,16656
2023-05-03 11:56:20,19,20,10489,16756
2023-05-03 11:57:21,19,20,10589,16856
2023-05-03 11:59:29,19,20,10589,17056
2023-05-03 11:59:30,19,20,10579,17256
2023-05-03 11:59:31,19,20,10379,17456
2023-05-03 11:59:32,20,21,10285,17550
2023-05-03 11:59:32,19,21,10285,17550
2023-05-03 11:59:45,20,21,10285,17550
2023-05-03 12:00:24,19,21,10285,17550
2023-05-03 12:00:26,20,21,10285,17550
2023-05-03 12:02:47,19,20,10791,18056
2023-05-03 12:03:01,19,20,11763,19028
2023-05-03 12:05:32,19,20,11863,19128
2023-05-03 12:07:35,19,20,11863,19228
2023-05-03 12:07:36,19,20,11863,19328
2023-05-03 12:07:37,19,20,11863,19428
2023-05-03 12:07:38,19,20,11863,19528
2023-05-03 12:07:39,19,20,11839,19628
2023-05-03 12:07:40,19,20,11839,19728
2023-05-03 12:07:41,19,20,11839,19828
2023-05-03 12:07:43,20,21,11839,19854
2023-05-03 12:07:43,20,21,11839,19856
2023-05-03 12:08:37,20,21,11839,19864
2023-05-03 12:09:36,19,21,11839,19864
2023-05-03 12:09:39,20,21,11839,19864
2023-05-03 12:10:42,20,21,11839,19866
2023-05-03 12:15:36,20,21,11839,19873
2023-05-03 12:32:03,20,21,11839,19874
2023-05-03 12:32:15,20,21,11839,20174
2023-05-03 12:33:10,21,22,11839,20178
2023-05-03 12:34:10,20,22,11839,20178
2023-05-03 12:34:11,21,22,11839,20178
2023-05-03 12:35:12,21,22,11839,20192
2023-05-03 12:36:20,21,22,11839,20196
2023-05-03 12:37:19,21,22,11839,20200
2023-05-03 12:38:19,21,22,11839,20204
2023-05-03 12:39:07,21,22,11839,20205
2023-05-03 12:39:18,20,22,11839,20205
2023-05-03 12:39:20,21,22,11839,20205
2023-05-03 12:40:21,21,22,11839,20209
2023-05-03 12:42:13,20,21,12143,20513
2023-05-03 12:45:28,20,21,12143,20515
2023-05-03 12:56:31,20,21,12178,20550
2023-05-03 12:56:31,20,21,12213,20585
2023-05-03 12:56:39,19,20,12213,20585
2023-05-03 12:56:43,20,21,12213,20587
2023-05-03 13:00:10,20,21,12213,20787
2023-05-03 13:00:11,20,21,12335,20987
2023-05-03 13:00:13,20,21,12535,21187
2023-05-03 13:01:02,20,21,12581,21233
2023-05-03 13:05:24,20,21,12709,21361
2023-05-03 13:14:06,20,21,12801,21453
2023-05-03 13:14:45,20,21,12802,21454
2023-05-03 13:17:03,20,21,12803,21455
2023-05-03 13:19:45,20,21,12808,21460
2023-05-03 13:21:13,20,21,12984,21636
2023-05-03 13:23:17,20,21,13158,21810
2023-05-03 13:24:10,20,21,13198,21850
2023-05-03 13:24:18,20,21,13284,21936
2023-05-03 13:27:24,20,21,13368,22020
2023-05-03 13:28:26,20,21,13383,22035
2023-05-03 13:30:28,20,21,13466,22118
2023-05-03 13:33:31,20,21,13547,22199
2023-05-03 13:35:36,20,21,13623,22275
2023-05-03 13:36:39,20,21,13702,22354
2023-05-03 13:36:39,20,23,13855,22876
2023-05-03 13:36:39,21,23,13855,22876
2023-05-03 13:36:40,22,23,13855,22876
2023-05-03 13:36:40,21,23,13855,22886
2023-05-03 13:36:42,21,22,13855,22886
2023-05-03 13:36:44,20,22,13859,22900
2023-05-03 13:37:40,21,22,13859,22900
2023-05-03 13:39:44,21,22,13902,22943
2023-05-03 13:40:09,20,22,13902,22943
2023-05-03 13:40:46,21,22,13902,22943
2023-05-03 13:40:46,21,22,13975,23016
2023-05-03 13:41:47,21,22,14128,23169
2023-05-03 13:43:49,21,22,14173,23214
2023-05-03 13:44:20,21,22,14363,23404
2023-05-03 13:44:49,21,22,14513,23554
2023-05-03 13:49:12,21,22,14513,23664
2023-05-03 13:53:59,21,22,14513,23690
2023-05-03 13:55:00,21,22,14513,23694
2023-05-03 13:56:02,20,21,14513,23698
2023-05-03 13:58:07,19,20,14513,23743
2023-05-03 13:58:08,20,21,14513,23748
2023-05-03 13:58:11,19,21,14513,23748
2023-05-03 13:58:18,13,21,14513,23748
2023-05-03 13:58:45,15,21,14513,23748
2023-05-03 13:59:17,21,22,14513,23761
2023-05-03 13:59:17,15,22,14513,23761
2023-05-03 13:59:33,22,23,14513,23845
2023-05-03 13:59:33,15,23,14513,23845
2023-05-03 13:59:34,15,23,14513,24045
2023-05-03 13:59:35,15,24,14513,24045
2023-05-03 13:59:35,21,24,14513,24045
2023-05-03 13:59:35,21,24,14514,24046
2023-05-03 14:00:11,21,24,14514,24246
2023-05-03 14:00:13,21,24,14514,24446
2023-05-03 14:00:14,21,24,14514,24646
2023-05-03 14:00:15,21,24,14514,24846
2023-05-03 14:00:16,24,25,14514,24848
2023-05-03 14:00:16,21,25,14514,24848
2023-05-03 14:00:17,21,25,14514,25048
2023-05-03 14:00:18,21,25,14514,25248
2023-05-03 14:00:21,21,24,14514,25248
2023-05-03 14:00:21,22,24,14514,25248
2023-05-03 14:00:28,22,25,14514,25248
2023-05-03 14:00:52,22,24,14514,25448
2023-05-03 14:00:52,22,23,14514,25448
2023-05-03 14:01:01,21,23,14514,25648
2023-05-03 14:01:02,22,23,14514,25648
2023-05-03 14:01:02,23,24,14515,25649
2023-05-03 14:01:02,22,23,14515,25848
2023-05-03 14:01:02,22,24,14515,25848
2023-05-03 14:01:06,22,24,14515,26048
2023-05-03 14:02:05,22,25,14515,26048
2023-05-03 14:02:13,22,24,14515,26048
2023-05-03 14:02:26,22,24,14715,26248
2023-05-03 14:02:29,23,24,14715,26248
2023-05-03 14:03:16,22,24,14715,26448
2023-05-03 14:03:20,22,24,14715,26648
2023-05-03 14:03:25,22,23,14715,26648
2023-05-03 14:04:37,22,23,14715,26848
2023-05-03 14:04:50,22,24,14715,26848
2023-05-03 14:05:28,22,24,14715,26848
2023-05-03 14:05:31,22,24,14915,27048
2023-05-03 14:05:35,22,24,14931,27064
2023-05-03 14:05:35,24,25,15015,27148
2023-05-03 14:05:35,22,25,15015,27148
2023-05-03 14:06:31,23,25,15015,27148
2023-05-03 14:07:41,23,24,15015,27148
2023-05-03 14:09:44,24,25,15015,27152
2023-05-03 14:09:44,23,25,15015,27152
2023-05-03 14:10:40,24,25,15015,27152
2023-05-03 14:11:02,23,24,15014,27161
2023-05-03 14:11:02,23,25,15014,27161
2023-05-03 14:15:17,23,25,15014,27361
2023-05-03 14:15:19,24,25,15014,27361
2023-05-03 14:17:23,24,25,15014,27561
2023-05-03 14:19:00,24,25,15212,27761
2023-05-03 14:23:22,25,26,15314,27867
2023-05-03 14:23:22,24,26,15314,27867
2023-05-03 14:23:22,24,25,15314,27867
2023-05-03 14:23:34,23,24,15321,27875
2023-05-03 14:23:38,23,25,15521,28075
2023-05-03 14:23:42,24,25,15521,28075
2023-05-03 14:23:53,23,24,15522,28076
2023-05-03 14:24:31,23,26,15714,28476
2023-05-03 14:24:31,24,26,15714,28476
2023-05-03 14:24:32,23,26,15904,28667
2023-05-03 14:24:32,23,25,15904,28667
2023-05-03 14:24:38,23,26,15904,28667
2023-05-03 14:24:39,23,25,15904,28667
2023-05-03 14:24:51,24,25,15904,28667
2023-05-03 14:25:11,24,26,15904,29067
2023-05-03 14:25:33,25,26,15904,29067
2023-05-03 14:25:34,24,25,15904,29071
2023-05-03 14:25:34,24,26,15904,29071
2023-05-03 14:25:52,25,26,15904,29071
2023-05-03 14:26:19,24,25,15904,29073
2023-05-03 14:26:53,23,24,15904,29076
2023-05-03 14:26:53,23,25,15904,29076
2023-05-03 14:27:06,24,25,15904,29076
2023-05-03 14:27:29,23,24,15904,29078
2023-05-03 14:27:29,23,25,15904,29078
2023-05-03 14:27:30,24,25,15904,29078
2023-05-03 14:27:31,23,24,15904,29080
2023-05-03 14:27:31,23,25,15904,29080
2023-05-03 14:27:35,23,25,15904,29280
2023-05-03 14:27:44,23,25,15904,29480
2023-05-03 14:27:45,22,25,15904,29480
2023-05-03 14:27:52,23,25,15904,29480
2023-05-03 14:27:54,22,25,15904,29520
2023-05-03 14:27:54,23,25,15904,29520
2023-05-03 14:28:14,23,24,15904,29520
2023-05-03 14:28:25,23,25,15904,29933
2023-05-03 14:28:26,23,26,15904,29933
2023-05-03 14:28:41,23,26,15904,30133
2023-05-03 14:28:55,24,26,15904,30133
2023-05-03 14:28:59,24,26,15904,30243
2023-05-03 14:29:00,23,26,15904,30243
2023-05-03 14:29:03,24,26,15904,30243
2023-05-03 14:29:07,24,26,15904,30543
2023-05-03 14:29:25,24,26,15904,30636
2023-05-03 14:29:26,25,26,15904,30636
2023-05-03 14:29:29,24,25,15904,30641
2023-05-03 14:29:29,24,26,15904,30641
2023-05-03 14:29:56,25,26,15904,30641
2023-05-03 14:29:57,24,25,15904,30643
2023-05-03 14:29:57,24,26,15904,30643
2023-05-03 14:29:58,24,26,15904,30843
2023-05-03 14:30:02,24,26,15904,31047
2023-05-03 14:30:05,24,26,15904,31247
2023-05-03 14:30:22,24,25,15904,31247
2023-05-03 14:30:36,24,27,15904,31470
2023-05-03 14:30:36,25,27,15904,31470
2023-05-03 14:30:47,25,26,15904,31470
2023-05-03 14:31:17,24,25,15904,31495
2023-05-03 14:31:17,24,26,15904,31495
2023-05-03 14:31:17,25,26,15904,31495
2023-05-03 14:31:18,24,25,15904,31657
2023-05-03 14:31:18,24,26,15904,31657
2023-05-03 14:31:18,25,26,15904,31657
2023-05-03 14:31:41,25,27,15904,32130
2023-05-03 14:31:43,26,27,15904,32130
2023-05-03 14:31:58,25,26,15904,32141
2023-05-03 14:31:58,25,27,15904,32141
2023-05-03 14:32:05,26,27,15904,32141
2023-05-03 14:32:28,25,26,15904,32152
2023-05-03 14:32:28,25,27,15904,32152
2023-05-03 14:32:37,25,26,15904,32152
2023-05-03 14:32:50,25,26,15904,32153
2023-05-03 14:33:26,26,27,15904,32171
2023-05-03 14:33:26,25,27,15904,32171
2023-05-03 14:33:35,25,28,15904,32671
2023-05-03 14:33:35,26,28,15904,32671
2023-05-03 14:33:51,27,28,15904,32671
2023-05-03 14:34:00,27,28,16042,33071
2023-05-03 14:34:24,28,29,16115,33148
2023-05-03 14:34:24,27,29,16115,33148
2023-05-03 14:34:31,27,29,16115,33339
2023-05-03 14:34:32,27,29,16315,33539
2023-05-03 14:34:34,28,29,16315,33539
2023-05-03 14:35:03,28,30,16709,33939
2023-05-03 14:35:04,29,30,16709,33939
2023-05-03 14:35:05,28,29,16689,33959
2023-05-03 14:35:05,28,30,16689,33959
2023-05-03 14:35:20,29,30,16689,33959
2023-05-03 14:35:23,29,30,16497,34159
2023-05-03 14:35:24,28,30,16497,34159
2023-05-03 14:35:25,28,30,16597,34259
2023-05-03 14:35:26,29,30,16597,34259
2023-05-03 14:35:29,29,30,16597,34363
2023-05-03 14:35:30,28,30,16597,34363
2023-05-03 14:35:31,28,29,16597,34363
2023-05-03 14:36:02,28,29,16592,34368
2023-05-03 14:36:03,28,29,16592,34373
2023-05-03 14:36:04,28,29,16592,34378
2023-05-03 14:36:05,28,29,16592,34383
2023-05-03 14:36:06,28,29,16592,34388
2023-05-03 14:36:07,28,29,16592,34393
2023-05-03 14:36:08,28,29,16592,34398
2023-05-03 14:36:09,28,29,16592,34403
2023-05-03 14:36:10,28,29,16592,34408
2023-05-03 14:36:11,28,29,16592,34413
2023-05-03 14:36:12,28,29,16592,34418
2023-05-03 14:36:14,28,29,16592,34423
2023-05-03 14:36:30,27,29,15892,35454
2023-05-03 14:36:47,27,30,15906,35472
2023-05-03 14:36:48,28,30,15906,35472
2023-05-03 14:36:51,26,30,15886,36111
2023-05-03 14:36:52,26,29,15886,36111
2023-05-03 14:37:11,26,28,15886,36111
2023-05-03 14:37:12,28,29,15886,36119
2023-05-03 14:37:12,26,29,15886,36119
2023-05-03 14:37:13,26,28,15886,36119
2023-05-03 14:37:26,26,28,15886,36943
2023-05-03 14:37:27,26,27,15886,36943
2023-05-03 14:37:32,27,28,15886,36965
2023-05-03 14:37:32,26,28,15886,36965
2023-05-03 14:37:41,26,28,15886,37165
2023-05-03 14:37:53,26,28,15886,37365
2023-05-03 14:37:53,26,29,15886,37365
2023-05-03 14:37:53,27,29,15886,37365
2023-05-03 14:37:56,28,29,15886,37365
2023-05-03 14:38:14,28,29,15886,37565
2023-05-03 14:38:50,27,28,15886,37571
2023-05-03 14:38:50,27,29,15886,37571
2023-05-03 14:38:51,28,29,15886,37571
2023-05-03 14:38:58,27,28,15886,37577
2023-05-03 14:38:58,27,29,15886,37577
2023-05-03 14:39:16,25,29,15886,38383
2023-05-03 14:39:16,25,28,15886,38383
2023-05-03 14:39:16,25,27,15886,38383
2023-05-03 14:39:18,27,28,15886,38403
2023-05-03 14:39:28,25,28,15886,38403
2023-05-03 14:39:28,25,27,15886,38403
2023-05-03 14:39:29,27,28,15886,38405
2023-05-03 14:39:34,25,28,15886,38405
2023-05-03 14:39:49,26,28,15886,38405
2023-05-03 14:39:50,26,28,15886,38605
2023-05-03 14:39:50,25,28,15886,38605
2023-05-03 14:39:50,26,28,15886,38605
2023-05-03 14:39:50,26,29,15886,38605
2023-05-03 14:39:54,26,28,15886,38605
2023-05-03 14:40:07,28,29,15886,38608
2023-05-03 14:40:07,26,29,15886,38608
2023-05-03 14:40:10,26,29,15886,38611
2023-05-03 14:40:21,26,29,15886,38811
2023-05-03 14:40:22,26,29,15886,39011
2023-05-03 14:40:22,26,28,15886,39011
2023-05-03 14:40:23,26,27,15886,39011
2023-05-03 14:40:37,25,26,15886,39026
2023-05-03 14:40:38,25,27,15886,39026
2023-05-03 14:40:40,25,26,15886,39026
2023-05-03 14:40:41,25,26,15886,39030
2023-05-03 14:40:42,24,26,15886,39030
2023-05-03 14:40:42,24,25,15886,39030
2023-05-03 14:40:53,24,25,15886,39230
2023-05-03 14:40:54,23,25,15886,39230
2023-05-03 14:40:54,24,25,15886,39230
2023-05-03 14:40:56,23,25,15886,39430
2023-05-03 14:40:59,25,26,15886,39457
2023-05-03 14:41:04,24,26,15886,39457
2023-05-03 14:41:04,25,26,15886,39457
2023-05-03 14:41:10,24,25,15886,39459
2023-05-03 14:41:12,24,26,15886,39459
2023-05-03 14:41:17,25,26,15886,39459
2023-05-03 14:41:20,24,26,15886,39459
2023-05-03 14:41:20,25,26,15886,39459
2023-05-03 14:41:45,26,27,15886,39469
2023-05-03 14:41:47,26,27,15886,39669
2023-05-03 14:42:05,27,28,15886,39675
2023-05-03 14:42:05,26,28,15886,39675
2023-05-03 14:42:05,26,27,15886,39675
2023-05-03 14:42:19,26,28,15886,39675
2023-05-03 14:42:48,27,28,15886,39675
2023-05-03 14:42:49,27,29,15886,39679
2023-05-03 14:42:56,27,30,15886,39679
2023-05-03 14:42:57,28,30,15886,39679
2023-05-03 14:43:07,29,30,15886,39679
2023-05-03 14:43:21,29,31,15906,39703
2023-05-03 14:43:42,30,31,15906,39703
2023-05-03 14:43:57,30,31,15926,39736
2023-05-03 14:44:11,30,31,15930,39740
2023-05-03 14:44:12,30,31,15950,39760
2023-05-03 14:44:18,30,31,15950,39761
2023-05-03 14:44:59,30,31,15950,39783
2023-05-03 14:45:14,30,31,15950,39983
2023-05-03 14:45:45,29,30,15930,40040
2023-05-03 14:45:46,29,31,15930,40040
2023-05-03 14:46:16,30,31,15930,40040
2023-05-03 14:46:35,29,30,15930,40042
2023-05-03 14:46:35,29,31,15930,40042
2023-05-03 14:46:36,29,30,15930,40042
2023-05-03 14:47:10,30,31,15930,40046
2023-05-03 14:47:10,31,32,15930,40050
2023-05-03 14:47:18,31,32,15930,40068
2023-05-03 14:47:33,32,33,15714,40304
2023-05-03 14:47:34,32,33,15514,40504
2023-05-03 14:48:17,32,33,15314,40704
2023-05-03 14:48:48,33,34,14702,41336
2023-05-03 14:49:00,33,34,14502,41536
2023-05-03 14:50:17,32,34,14508,42074
2023-05-03 14:50:19,32,34,14066,42606
2023-05-03 14:50:19,33,34,14066,42606
2023-05-03 14:50:42,33,34,14514,43144
2023-05-03 14:50:51,34,35,14510,43686
2023-05-03 14:51:16,34,35,14310,43886
2023-05-03 14:51:46,34,35,14310,44079
2023-05-03 14:52:01,34,35,14330,44279
2023-05-03 14:52:03,34,35,14330,44479
2023-05-03 14:52:07,34,35,14462,44679
2023-05-03 14:52:07,35,36,14482,44703
2023-05-03 14:52:09,34,35,14482,44759
2023-05-03 14:52:11,34,35,14445,44796
2023-05-03 14:52:14,35,36,14445,44800
2023-05-03 14:52:14,34,36,14445,44800
2023-05-03 14:52:18,34,35,14445,44800
2023-05-03 14:52:18,34,35,14445,45020
2023-05-03 14:52:28,33,34,14425,45053
2023-05-03 14:52:45,34,35,14425,45055
2023-05-03 14:52:45,33,35,14425,45055
2023-05-03 14:52:50,34,35,14425,45055
2023-05-03 14:52:52,34,35,14425,45062
2023-05-03 14:53:04,35,36,14425,45214
2023-05-03 14:53:04,34,36,14425,45214
2023-05-03 14:53:07,34,35,14425,45214
2023-05-03 14:53:09,35,36,14351,45288
2023-05-03 14:53:15,35,36,14551,45488
2023-05-03 14:54:51,36,37,14547,45492
2023-05-03 14:55:31,36,37,14547,45505
2023-05-03 14:55:36,37,38,14547,45505
2023-05-03 14:55:37,36,37,14547,45507
2023-05-03 14:55:51,37,38,14545,45509
2023-05-03 14:55:54,37,38,14510,45544
2023-05-03 14:56:03,37,38,14514,45548
2023-05-03 14:56:03,36,38,14514,45548
2023-05-03 14:56:04,36,37,14514,45548
2023-05-03 14:56:20,35,36,14521,45555
2023-05-03 14:56:38,35,36,14331,45755
2023-05-03 14:56:39,34,36,14199,45955
2023-05-03 14:57:00,35,36,14199,45955
2023-05-03 14:57:05,36,37,14199,45959
2023-05-03 14:57:15,37,38,14195,45963
2023-05-03 14:57:37,37,38,14323,46163
2023-05-03 14:57:51,38,39,14323,46167
2023-05-03 14:57:51,37,39,14323,46167
2023-05-03 14:57:52,37,39,14523,46367
2023-05-03 14:57:54,38,39,14523,46367
2023-05-03 14:59:11,37,38,14523,46373
2023-05-03 14:59:11,37,39,14523,46373
2023-05-03 14:59:12,38,39,14523,46373
2023-05-03 14:59:25,39,40,14517,46379
2023-05-03 14:59:45,39,40,14332,46566
2023-05-03 14:59:47,38,39,14332,46571
2023-05-03 14:59:47,38,40,14332,46571
2023-05-03 14:59:51,39,40,14332,46571
2023-05-03 14:59:55,38,39,14332,46579
2023-05-03 14:59:55,38,40,14332,46579
2023-05-03 15:00:14,39,40,14332,46579
2023-05-03 15:00:15,38,39,14332,46581
2023-05-03 15:00:15,38,40,14332,46581
2023-05-03 15:00:19,37,40,14132,46782
2023-05-03 15:00:23,38,40,14132,46782
2023-05-03 15:00:26,38,40,14024,46982
2023-05-03 15:00:43,39,40,14024,46982
2023-05-03 15:00:59,38,39,14024,46984
2023-05-03 15:00:59,38,40,14024,46984
2023-05-03 15:00:59,38,39,14024,46984
2023-05-03 15:02:09,39,40,14024,46988
2023-05-03 15:02:14,39,40,14076,47040
2023-05-03 15:02:48,39,42,14322,47475
2023-05-03 15:02:48,40,42,14322,47475
2023-05-03 15:03:03,40,41,14322,47475
2023-05-03 15:03:22,40,41,14322,47495
2023-05-03 15:03:30,40,42,14718,47895
2023-05-03 15:03:30,41,42,14718,47895
2023-05-03 15:03:33,41,42,14718,47915
2023-05-03 15:03:34,41,42,14687,47946
2023-05-03 15:03:50,41,43,14848,48111
2023-05-03 15:04:05,42,43,14848,48111
2023-05-03 15:04:21,42,43,14848,48118
2023-05-03 15:04:44,41,42,14848,48124
2023-05-03 15:04:44,41,43,14848,48124
2023-05-03 15:04:54,42,43,14848,48124
2023-05-03 15:05:02,42,43,14848,48125
2023-05-03 15:05:41,41,42,14848,48140
2023-05-03 15:05:42,41,43,14848,48140
2023-05-03 15:05:43,41,42,14848,48140
2023-05-03 15:05:45,40,41,14828,48173
2023-05-03 15:05:45,40,42,14828,48173
2023-05-03 15:05:45,40,41,14828,48173
2023-05-03 15:05:45,39,41,14840,48185
2023-05-03 15:05:47,38,39,14760,48265
2023-05-03 15:05:47,38,41,14760,48265
2023-05-03 15:05:49,39,41,14760,48265
2023-05-03 15:05:50,38,39,14760,48282
2023-05-03 15:05:50,38,41,14760,48282
2023-05-03 15:05:52,38,40,14760,48282
2023-05-03 15:05:56,38,40,14560,48482
2023-05-03 15:06:06,39,40,14560,48482
2023-05-03 15:06:09,39,40,14360,48682
2023-05-03 15:06:19,40,41,14339,48703
2023-05-03 15:06:20,41,42,14335,48707
2023-05-03 15:06:26,42,43,14335,48727
2023-05-03 15:06:28,42,43,14325,48737
2023-05-03 15:06:28,41,43,14325,48737
2023-05-03 15:06:44,42,43,14325,48737
2023-05-03 15:06:47,43,44,14322,48760
2023-05-03 15:06:55,44,45,14342,48782
2023-05-03 15:06:55,44,45,14342,48786
2023-05-03 15:07:13,44,45,14542,48986
2023-05-03 15:07:18,45,46,14540,48988
2023-05-03 15:07:31,45,46,14511,49017
2023-05-03 15:07:37,45,46,14510,49018
2023-05-03 15:07:39,45,46,14710,49218
2023-05-03 15:07:41,45,46,14710,49238
2023-05-03 15:07:42,44,45,14710,49242
2023-05-03 15:07:45,43,45,14115,50110
2023-05-03 15:07:48,43,44,14115,50110
2023-05-03 15:07:53,44,45,14135,50133
2023-05-03 15:07:53,43,45,14135,50133
2023-05-03 15:08:00,45,46,14155,50241
2023-05-03 15:08:00,43,46,14155,50241
2023-05-03 15:08:01,43,45,14155,50241
2023-05-03 15:08:17,45,46,14175,50265
2023-05-03 15:08:17,43,46,14175,50265
2023-05-03 15:08:18,43,45,14175,50265
2023-05-03 15:08:35,44,45,14175,50265
2023-05-03 15:08:54,43,44,14175,50276
2023-05-03 15:08:57,43,45,14175,50276
2023-05-03 15:08:58,42,43,14095,50366
2023-05-03 15:08:58,42,45,14095,50366
2023-05-03 15:08:58,43,45,14095,50366
2023-05-03 15:08:58,43,44,14095,50366
2023-05-03 15:09:14,42,43,14095,50367
2023-05-03 15:09:18,41,43,14075,50389
2023-05-03 15:09:19,41,42,14075,50389
2023-05-03 15:09:31,42,43,14075,50391
2023-05-03 15:09:31,41,43,14075,50391
2023-05-03 15:09:41,41,43,14075,50591
2023-05-03 15:09:41,42,43,14075,50591
2023-05-03 15:09:47,42,45,14240,50840
2023-05-03 15:09:47,43,45,14240,50840
2023-05-03 15:09:58,43,44,14240,50840
2023-05-03 15:10:08,41,44,14075,51282
2023-05-03 15:10:09,41,43,14075,51282
2023-05-03 15:10:09,41,43,14075,51283
2023-05-03 15:10:10,41,42,14075,51283
2023-05-03 15:10:15,41,43,14075,51460
2023-05-03 15:10:17,41,44,14075,51460
2023-05-03 15:10:17,41,43,14075,51460
2023-05-03 15:10:19,41,42,14075,51460
2023-05-03 15:10:32,39,42,14055,51904
2023-05-03 15:10:32,39,41,14055,51904
2023-05-03 15:10:33,39,40,14055,51904
2023-05-03 15:10:33,38,39,14055,51924
2023-05-03 15:10:34,38,40,14055,51924
2023-05-03 15:10:34,38,39,14055,51924
2023-05-03 15:10:35,37,39,14055,51924
2023-05-03 15:10:35,38,39,14055,51924
2023-05-03 15:10:57,37,38,14055,51968
2023-05-03 15:10:57,36,38,14055,51968
2023-05-03 15:11:01,36,38,14055,51988
2023-05-03 15:11:01,35,38,14055,51988
2023-05-03 15:11:01,35,37,14055,51988
2023-05-03 15:11:01,35,37,14065,51998
2023-05-03 15:11:01,35,38,14065,51998
2023-05-03 15:11:01,35,38,14075,52008
2023-05-03 15:11:03,36,38,14075,52008
2023-05-03 15:11:06,36,37,14075,52008
2023-05-03 15:11:06,36,37,14075,52028
2023-05-03 15:11:12,35,36,14075,52050
2023-05-03 15:11:12,35,36,14075,52070
2023-05-03 15:11:13,35,36,14075,52090
2023-05-03 15:11:13,35,37,14075,52090
2023-05-03 15:11:14,36,37,14075,52090
2023-05-03 15:11:17,36,38,14075,52090
2023-05-03 15:11:18,36,37,14075,52090
2023-05-03 15:11:22,35,36,14075,52114
2023-05-03 15:11:23,34,36,14075,52114
2023-05-03 15:11:26,34,36,14075,52290
2023-05-03 15:11:26,35,36,14075,52290
2023-05-03 15:11:27,35,37,14075,52290
2023-05-03 15:11:34,35,36,14075,52290
2023-05-03 15:11:39,35,37,14075,52290
2023-05-03 15:11:41,36,37,14075,52290
2023-05-03 15:11:43,37,38,14075,52297
2023-05-03 15:11:50,36,38,14075,52297
2023-05-03 15:11:53,37,38,14075,52297
2023-05-03 15:11:54,38,39,14075,52349
2023-05-03 15:11:55,39,40,14075,52451
2023-05-03 15:11:56,38,40,14075,52451
2023-05-03 15:11:56,39,40,14075,52451
2023-05-03 15:12:07,40,41,14075,52513
2023-05-03 15:12:21,39,40,14075,52537
2023-05-03 15:12:23,39,41,14427,53164
2023-05-03 15:12:27,38,41,14427,53186
2023-05-03 15:12:27,38,40,14427,53186
2023-05-03 15:12:41,38,39,14427,53186
2023-05-03 15:12:46,37,39,14449,53208
2023-05-03 15:12:51,37,40,14449,53208
2023-05-03 15:12:51,37,39,14449,53208
2023-05-03 15:12:54,37,40,14449,53208
2023-05-03 15:12:58,37,39,14449,53208
2023-05-03 15:13:05,37,38,14449,53208
2023-05-03 15:13:10,37,38,14373,53304
2023-05-03 15:13:12,36,37,14377,53308
2023-05-03 15:13:14,35,37,14377,53308
2023-05-03 15:13:15,36,37,14377,53308
2023-05-03 15:13:20,36,38,14377,53313
2023-05-03 15:13:23,37,38,14377,53313
2023-05-03 15:13:26,36,38,14377,53313
2023-05-03 15:13:26,36,39,14577,53545
2023-05-03 15:13:26,36,38,14577,53545
2023-05-03 15:13:28,36,37,14577,53545
2023-05-03 15:13:32,36,39,14577,53551
2023-05-03 15:13:32,36,40,14577,53551
2023-05-03 15:13:32,36,38,14577,53551
2023-05-03 15:13:32,36,39,14577,53551
2023-05-03 15:13:32,37,39,14577,53551
2023-05-03 15:13:38,38,39,14577,53551
2023-05-03 15:13:41,39,40,14569,53559
2023-05-03 15:13:42,40,41,14569,53600
2023-05-03 15:13:52,40,42,14569,53622
2023-05-03 15:14:01,40,41,14569,53622
2023-05-03 15:14:04,40,41,14579,53632
2023-05-03 15:14:13,40,41,14779,53832
2023-05-03 15:14:15,39,40,14779,53834
2023-05-03 15:14:20,39,41,14779,53834
2023-05-03 15:14:20,39,41,14605,54034
2023-05-03 15:14:20,39,40,14605,54034
2023-05-03 15:14:44,38,40,14609,54038
2023-05-03 15:14:44,38,39,14609,54038
2023-05-03 15:14:45,38,39,14629,54218
2023-05-03 15:14:48,37,39,14629,54218
2023-05-03 15:14:54,38,39,14629,54218
2023-05-03 15:14:55,37,39,14629,54218
2023-05-03 15:15:01,37,38,14629,54218
2023-05-03 15:15:01,37,39,14829,54418
2023-05-03 15:15:05,37,38,14829,54418
2023-05-03 15:15:09,36,38,14853,54442
2023-05-03 15:15:11,36,37,14853,54442
2023-05-03 15:15:11,35,37,14873,54462
2023-05-03 15:15:16,35,38,14873,54462
2023-05-03 15:15:16,36,38,14873,54462
2023-05-03 15:15:17,36,37,14873,54462
2023-05-03 15:15:20,35,37,14873,54462
2023-05-03 15:15:22,35,37,14873,54462
2023-05-03 15:15:28,37,38,14873,54467
2023-05-03 15:15:29,37,38,14873,54567
2023-05-03 15:15:30,35,37,14873,54662
2023-05-03 15:15:31,35,37,14873,54664
2023-05-03 15:15:38,35,37,14867,54670
2023-05-03 15:15:42,35,37,14873,55070
2023-05-03 15:15:42,35,36,14873,55070
2023-05-03 15:15:45,35,37,14873,55070
2023-05-03 15:15:47,35,36,14873,55070
2023-05-03 15:15:50,35,36,14877,55074
2023-05-03 15:15:50,34,35,14891,55088
2023-05-03 15:15:50,34,35,14911,55108
2023-05-03 15:15:51,33,35,14931,55128
2023-05-03 15:15:52,33,34,14931,55128
2023-05-03 15:15:52,32,34,14951,55148
2023-05-03 15:15:52,32,33,14951,55148
2023-05-03 15:15:53,32,34,14971,55168
2023-05-03 15:15:54,33,34,14971,55168
2023-05-03 15:15:54,32,34,14991,55188
2023-05-03 15:16:05,33,34,14991,55188
2023-05-03 15:16:05,33,34,15011,55208
2023-05-03 15:16:06,33,34,14936,55308
2023-05-03 15:16:10,32,34,14936,55308
2023-05-03 15:16:11,33,34,14936,55308
2023-05-03 15:16:15,34,35,14935,55309
2023-05-03 15:16:16,35,36,14915,55329
2023-05-03 15:16:18,36,37,14893,55351
2023-05-03 15:16:19,37,38,14893,55465
2023-05-03 15:16:29,37,38,14893,55520
2023-05-03 15:16:29,37,39,14893,55520
2023-05-03 15:16:30,37,38,14893,55520
2023-05-03 15:16:44,36,37,14918,55545
2023-05-03 15:16:45,35,37,14918,55545
2023-05-03 15:16:45,36,37,14918,55545
2023-05-03 15:16:51,36,38,14918,55545
2023-05-03 15:17:03,37,38,14918,55545
2023-05-03 15:17:03,38,39,14893,55570
2023-05-03 15:17:03,39,40,14872,55607
2023-05-03 15:17:03,39,40,14860,55807
2023-05-03 15:17:08,41,42,14860,55829
2023-05-03 15:17:17,40,42,14860,55829
2023-05-03 15:17:17,41,42,14860,55829
2023-05-03 15:17:33,40,41,14860,55833
2023-05-03 15:17:35,40,42,14860,55833
2023-05-03 15:17:40,41,42,14860,55833
2023-05-03 15:17:43,42,43,14860,55841
2023-05-03 15:17:43,41,43,14860,55841
2023-05-03 15:17:54,42,43,14860,55841
2023-05-03 15:17:54,43,44,14880,55866
2023-05-03 15:17:58,43,45,14880,55872
2023-05-03 15:17:59,42,45,14880,55872
2023-05-03 15:17:59,42,44,14880,55872
2023-05-03 15:18:02,41,44,14880,55872
2023-05-03 15:18:03,43,44,14880,55872
2023-05-03 15:18:03,41,43,14880,55874
2023-05-03 15:18:13,41,44,14880,56074
2023-05-03 15:18:17,41,43,14880,56074
2023-05-03 15:18:17,41,44,14880,56074
2023-05-03 15:18:17,42,44,14880,56074
2023-05-03 15:18:21,41,44,14880,56074
2023-05-03 15:18:24,41,43,14880,56074
2023-05-03 15:18:25,41,43,14880,56213
2023-05-03 15:18:27,42,43,14880,56213
2023-05-03 15:19:03,40,43,14960,56313
2023-05-03 15:19:03,40,42,14960,56313
2023-05-03 15:19:16,40,41,14960,56313
2023-05-03 15:19:18,40,42,14960,56313
2023-05-03 15:19:19,40,41,14960,56313
2023-05-03 15:19:28,41,42,14960,56325
2023-05-03 15:20:00,40,41,14960,56329
2023-05-03 15:20:04,39,41,14970,56339
2023-05-03 15:20:05,39,40,14970,56339
2023-05-03 15:20:05,38,39,14972,56341
2023-05-03 15:20:07,37,39,14972,56341
2023-05-03 15:20:10,36,39,14972,56341
2023-05-03 15:20:10,36,38,14972,56341
2023-05-03 15:20:11,36,37,14972,56341
2023-05-03 15:20:11,35,37,14972,56341
2023-05-03 15:20:12,35,37,14972,56343
2023-05-03 15:20:21,35,36,14972,56343
2023-05-03 15:20:23,32,35,14972,56345
2023-05-03 15:20:24,32,34,14972,56345
2023-05-03 15:20:34,32,35,14972,56345
2023-05-03 15:20:36,33,35,14972,56345
2023-05-03 15:20:36,33,36,14972,56345
2023-05-03 15:20:37,33,37,14972,56345
2023-05-03 15:20:38,33,36,14972,56345
2023-05-03 15:20:40,33,37,14972,56345
2023-05-03 15:20:40,34,37,14972,56345
2023-05-03 15:20:44,34,37,14972,56345
2023-05-03 15:20:44,33,37,14972,56345
2023-05-03 15:20:46,34,37,14972,56345
2023-05-03 15:20:47,34,36,14972,56345
2023-05-03 15:20:57,33,36,14972,56345
2023-05-03 15:21:00,33,37,14972,56547
2023-05-03 15:21:00,33,36,14972,56547
2023-05-03 15:21:03,33,37,14972,56547
2023-05-03 15:21:10,33,36,14972,56547
2023-05-03 15:21:12,33,35,14972,56547
2023-05-03 15:21:29,33,35,15053,56663
2023-05-03 15:21:33,33,34,15053,56663
2023-05-03 15:21:35,32,33,15053,56667
2023-05-03 15:21:35,32,34,15053,56667
2023-05-03 15:21:35,32,33,15053,56667
2023-05-03 15:21:36,31,32,15053,56671
2023-05-03 15:21:36,31,33,15053,56671
2023-05-03 15:21:36,31,32,15053,56671
2023-05-03 15:21:37,30,31,15048,56821
2023-05-03 15:21:37,30,32,15048,56821
2023-05-03 15:21:43,30,33,15048,56821
2023-05-03 15:21:46,30,32,15048,56821
2023-05-03 15:21:47,30,32,14967,57021
2023-05-03 15:21:48,29,30,14967,57023
2023-05-03 15:21:48,29,32,14967,57023
2023-05-03 15:21:51,29,31,14967,57023
2023-05-03 15:21:52,28,31,14967,57023
2023-05-03 15:21:57,28,30,14967,57023
2023-05-03 15:21:59,28,30,14967,57223
2023-05-03 15:22:01,27,28,14967,57225
2023-05-03 15:22:01,27,30,14967,57225
2023-05-03 15:22:04,27,30,14967,57425
2023-05-03 15:22:05,27,29,14967,57425
2023-05-03 15:22:05,26,29,14967,57625
2023-05-03 15:22:07,27,29,14967,57625
2023-05-03 15:22:08,27,28,14967,57625
2023-05-03 15:22:10,26,27,14967,57627
2023-05-03 15:22:10,25,27,14967,57627
2023-05-03 15:22:12,24,27,14967,57627
2023-05-03 15:22:18,24,27,14967,57635
2023-05-03 15:22:19,25,27,14967,57635
2023-05-03 15:22:25,26,27,14967,57635
2023-05-03 15:22:25,28,29,14967,57638
2023-05-03 15:22:26,28,29,14967,57838
2023-05-03 15:22:28,26,29,14967,58038
2023-05-03 15:22:28,26,30,14967,58038
2023-05-03 15:22:29,27,31,14967,58038
2023-05-03 15:22:29,28,31,14967,58038
2023-05-03 15:22:30,27,31,14967,58038
2023-05-03 15:22:30,27,29,14967,58038
2023-05-03 15:22:31,29,30,14967,58044
2023-05-03 15:22:38,27,30,14967,58044
2023-05-03 15:22:40,27,31,14967,58044
2023-05-03 15:22:40,27,30,14967,58044
2023-05-03 15:22:47,27,31,14966,58045
2023-05-03 15:22:47,27,30,14966,58045
2023-05-03 15:22:48,27,31,14966,58045
2023-05-03 15:22:53,28,31,14966,58045
2023-05-03 15:22:56,28,32,14966,58045
2023-05-03 15:22:57,28,30,14966,58045
2023-05-03 15:22:58,30,32,14966,58047
2023-05-03 15:22:59,30,34,14966,58047
2023-05-03 15:23:01,31,34,14966,58047
2023-05-03 15:23:01,31,35,14966,58047
2023-05-03 15:23:03,33,35,14966,58047
2023-05-03 15:23:04,34,35,14966,58047
2023-05-03 15:23:05,35,37,14966,58050
2023-05-03 15:23:07,35,37,14966,58053
2023-05-03 15:23:12,35,36,14966,58053
2023-05-03 15:23:12,35,37,14966,58053
2023-05-03 15:23:15,36,37,14966,58053
2023-05-03 15:23:18,37,38,14966,58054
2023-05-03 15:23:21,36,38,14966,58054
2023-05-03 15:23:22,36,38,14966,58154
2023-05-03 15:23:22,36,38,14867,58253
2023-05-03 15:23:22,38,39,14867,58257
2023-05-03 15:23:22,36,39,14867,58257
2023-05-03 15:23:23,36,39,14967,58357
2023-05-03 15:23:24,36,39,15014,58557
2023-05-03 15:23:24,39,40,15014,58604
2023-05-03 15:23:39,40,41,15014,58615
2023-05-03 15:23:42,41,42,15014,58631
2023-05-03 15:23:49,43,44,15014,58738
2023-05-03 15:23:51,43,45,15014,58757
2023-05-03 15:23:56,43,45,15014,58758
2023-05-03 15:24:15,44,45,15014,58758
2023-05-03 15:24:25,43,44,15014,58760
2023-05-03 15:24:27,43,45,15014,58760
2023-05-03 15:24:38,41,42,15014,58981
2023-05-03 15:24:40,41,42,15014,59081
2023-05-03 15:24:53,42,44,15014,59083
2023-05-03 15:24:53,42,43,15014,59083
2023-05-03 15:24:53,41,43,15014,59083
2023-05-03 15:24:58,41,44,15014,59083
2023-05-03 15:24:58,41,43,15014,59083
2023-05-03 15:25:02,43,44,15014,59087
2023-05-03 15:25:07,44,45,15014,59090
2023-05-03 15:25:07,43,45,15014,59090
2023-05-03 15:25:23,44,45,15014,59090
2023-05-03 15:25:29,44,45,15025,59101
2023-05-03 15:25:29,45,46,15025,59105
2023-05-03 15:25:33,46,47,15025,59113
2023-05-03 15:25:39,47,48,15025,59118
2023-05-03 15:25:39,46,48,15025,59118
2023-05-03 15:25:51,46,47,15025,59118
2023-05-03 15:26:06,45,46,15025,59121
2023-05-03 15:26:06,43,44,15025,59329
2023-05-03 15:26:07,44,46,15025,59332
2023-05-03 15:26:07,43,46,15025,59332
2023-05-03 15:26:07,43,45,15025,59332
2023-05-03 15:26:12,43,46,15025,59332
2023-05-03 15:26:17,44,46,15025,59332
2023-05-03 15:26:19,44,46,15025,59335
2023-05-03 15:26:35,44,45,15025,59335
2023-05-03 15:27:00,45,46,15025,59342
2023-05-03 15:27:05,44,45,15025,59347
2023-05-03 15:27:05,43,44,15025,59352
2023-05-03 15:27:11,44,46,15025,59353
2023-05-03 15:27:15,43,46,15025,59353
2023-05-03 15:27:21,43,45,15025,59353
2023-05-03 15:27:34,43,44,15025,59353
2023-05-03 15:27:44,43,45,15025,59353
2023-05-03 15:27:47,43,44,15025,59353
2023-05-03 15:28:02,44,45,15025,59356
2023-05-03 15:28:02,43,45,15025,59356
2023-05-03 15:28:03,44,45,15025,59356
2023-05-03 15:28:07,42,43,15025,59366
2023-05-03 15:28:08,42,43,15025,59466
2023-05-03 15:28:09,39,41,15025,59472
2023-05-03 15:28:10,39,41,15025,59572
2023-05-03 15:28:11,38,41,15025,59572
2023-05-03 15:28:12,38,40,15025,59572
2023-05-03 15:28:13,38,41,15025,59572
2023-05-03 15:28:13,39,41,15025,59572
2023-05-03 15:28:21,39,40,15025,59572
2023-05-03 15:28:26,37,39,15025,59574
2023-05-03 15:28:27,35,38,15025,59574
2023-05-03 15:28:32,35,37,15025,59574
2023-05-03 15:28:42,35,37,15025,59578
2023-05-03 15:28:42,35,36,15025,59578
2023-05-03 15:28:43,34,36,15025,59778
2023-05-03 15:28:43,31,36,15025,59778
2023-05-03 15:28:44,30,36,15025,59778
2023-05-03 15:28:44,30,33,15025,59778
2023-05-03 15:28:46,30,32,15025,59778
2023-05-03 15:28:47,30,33,15025,59978
2023-05-03 15:28:57,30,33,15025,59998
2023-05-03 15:29:01,30,32,15025,59998
2023-05-03 15:29:04,29,30,15025,60000
2023-05-03 15:29:04,29,32,15025,60000
2023-05-03 15:29:05,29,30,15025,60000
2023-05-03 15:29:05,27,30,15025,60000
2023-05-03 15:29:07,27,29,15025,60000
2023-05-03 15:29:07,26,29,15025,60000
2023-05-03 15:29:08,26,28,15025,60000
2023-05-03 15:29:09,26,27,15025,60000
2023-05-03 15:29:12,24,25,15025,60004
2023-05-03 15:29:12,23,25,15025,60004
2023-05-03 15:29:16,22,25,15025,60004
2023-05-03 15:29:16,22,24,15025,60004
2023-05-03 15:29:17,21,24,15025,60004
2023-05-03 15:29:19,21,25,15025,60004
2023-05-03 15:29:20,21,24,15025,60004
2023-05-03 15:29:26,22,24,15025,60004
2023-05-03 15:29:27,21,24,15025,60004
2023-05-03 15:29:35,21,23,15025,60004
2023-05-03 15:29:45,22,23,15025,60004
2023-05-03 15:29:48,23,24,15025,60006
2023-05-03 15:29:52,23,26,15025,60006
2023-05-03 15:29:52,21,26,15025,60006
2023-05-03 15:29:52,23,26,15025,60006
2023-05-03 15:29:59,23,25,15025,60006
2023-05-03 15:29:59,23,24,15025,60006
2023-05-03 15:30:01,21,24,15025,60012
2023-05-03 15:30:01,20,23,15025,60012
2023-05-03 15:30:01,19,23,15025,60012
2023-05-03 15:30:05,19,23,15025,60012
2023-05-03 15:30:06,19,24,15025,60012
2023-05-03 15:30:07,20,24,15025,60012
2023-05-03 15:30:11,20,23,15025,60012
2023-05-03 15:30:12,20,22,15025,60012
2023-05-03 15:30:18,19,22,15029,60016
2023-05-03 15:30:19,19,21,15029,60016
2023-05-03 15:30:38,20,21,15029,60016
2023-05-03 15:30:41,19,21,15029,60016
2023-05-03 15:31:06,20,21,15029,60016
2023-05-03 15:31:07,21,22,15029,60026
2023-05-03 15:31:10,21,23,15029,60026
2023-05-03 15:31:11,21,26,15029,60026
2023-05-03 15:31:11,21,24,15029,60026
2023-05-03 15:31:12,20,24,15029,60026
2023-05-03 15:31:12,21,24,15029,60026
2023-05-03 15:31:12,21,23,15029,60026
2023-05-03 15:31:15,21,24,15029,60026
2023-05-03 15:31:16,24,25,15029,60226
2023-05-03 15:31:16,21,25,15029,60426
2023-05-03 15:31:19,21,23,15029,60426
2023-05-03 15:31:27,21,22,15029,60426
2023-05-03 15:31:28,19,22,15031,60428
2023-05-03 15:31:30,19,21,15031,60428
2023-05-03 15:31:31,19,22,15031,60428
2023-05-03 15:31:36,19,21,15031,60428
2023-05-03 15:31:44,19,22,15031,60428
2023-05-03 15:31:48,19,24,15195,60831
2023-05-03 15:31:48,20,24,15195,60831
2023-05-03 15:31:53,19,24,15235,61035
2023-05-03 15:31:53,19,23,15235,61035
2023-05-03 15:31:57,18,22,15235,61235
2023-05-03 15:31:58,18,21,15235,61235
2023-05-03 15:31:59,18,20,15235,61235
2023-05-03 15:32:11,17,18,15235,61239
2023-05-03 15:32:11,17,20,15235,61239
2023-05-03 15:32:12,17,19,15235,61239
2023-05-03 15:32:19,17,18,15235,61239
2023-05-03 15:32:20,16,17,15235,61241
2023-05-03 15:32:20,16,18,15235,61241
2023-05-03 15:32:23,16,17,15235,61241
2023-05-03 15:32:24,15,16,15235,61243
2023-05-03 15:32:24,15,17,15235,61243
2023-05-03 15:32:27,15,18,15235,61243
2023-05-03 15:32:33,15,17,15235,61243
2023-05-03 15:32:36,16,17,15235,61243
2023-05-03 15:32:38,15,17,15235,61243
2023-05-03 15:32:47,15,20,15599,61863
2023-05-03 15:32:47,16,20,15599,61863
2023-05-03 15:32:50,16,20,15465,62063
2023-05-03 15:32:51,16,19,15465,62063
2023-05-03 15:32:52,15,19,15465,62063
2023-05-03 15:32:53,15,18,15465,62063
2023-05-03 15:32:55,15,17,15465,62063
2023-05-03 15:33:01,15,18,15467,62069
2023-05-03 15:33:03,15,17,15467,62069
2023-05-03 15:33:05,15,17,15667,62269
2023-05-03 15:33:08,15,17,15692,62294
2023-05-03 15:33:21,14,15,15721,62323
2023-05-03 15:33:21,14,17,15721,62323
2023-05-03 15:33:35,15,17,15721,62323
2023-05-03 15:33:36,16,17,15721,62323
2023-05-03 15:33:38,15,17,15755,62523
2023-05-03 15:33:46,15,17,15955,62723
2023-05-03 15:33:47,14,15,15959,62727
2023-05-03 15:33:47,14,17,15959,62727
2023-05-03 15:33:56,14,16,15959,62727
2023-05-03 15:34:00,13,14,15959,62729
2023-05-03 15:34:01,12,13,16109,62879
2023-05-03 15:34:01,12,14,16109,62879
2023-05-03 15:34:01,11,14,16109,62879
2023-05-03 15:34:03,11,13,16109,62879
2023-05-03 15:34:05,10,13,16109,62879
2023-05-03 15:34:10,10,12,16109,62879
2023-05-03 15:34:15,11,12,16109,62879
2023-05-03 15:34:16,11,12,16109,62934
2023-05-03 15:34:20,11,15,16109,62934
2023-05-03 15:34:21,11,14,16109,62934
2023-05-03 15:34:28,11,15,16109,62934
2023-05-03 15:34:29,12,15,16109,62934
2023-05-03 15:34:29,13,15,16109,62934
2023-05-03 15:34:30,14,15,16109,62934
2023-05-03 15:34:33,13,15,16109,62934
2023-05-03 15:34:33,13,17,16098,62945
2023-05-03 15:34:35,13,16,16098,62945
2023-05-03 15:34:35,14,16,16098,62945
2023-05-03 15:34:36,13,16,16098,62945
2023-05-03 15:34:37,14,16,16098,62945
2023-05-03 15:34:37,14,18,16086,62957
2023-05-03 15:34:45,15,18,16086,62957
2023-05-03 15:34:46,15,17,16086,62957
2023-05-03 15:34:48,15,16,16086,62957
2023-05-03 15:34:54,15,17,16086,62957
2023-05-03 15:34:57,15,18,16086,62957
2023-05-03 15:34:57,15,17,16086,62957
2023-05-03 15:34:59,15,18,16086,62957
2023-05-03 15:34:59,15,17,16086,62957
2023-05-03 15:35:03,17,18,16080,62963
2023-05-03 15:35:03,15,18,16080,62963
2023-05-03 15:35:04,16,18,16080,62963
2023-05-03 15:35:07,16,19,16080,63018
2023-05-03 15:35:07,15,19,16080,63018
2023-05-03 15:35:08,16,19,16080,63018
2023-05-03 15:35:16,16,18,16080,63018
2023-05-03 15:35:22,16,19,16080,63018
2023-05-03 15:35:26,16,18,16080,63018
2023-05-03 15:35:32,16,17,16080,63018
2023-05-03 15:35:42,16,18,16080,63018
2023-05-03 15:35:43,16,19,16080,63018
2023-05-03 15:35:48,16,18,16080,63018
2023-05-03 15:35:50,16,17,16080,63018
2023-05-03 15:36:09,18,19,16080,63022
2023-05-03 15:36:14,16,19,16080,63022
2023-05-03 15:36:15,16,20,16080,63022
2023-05-03 15:36:15,18,20,16080,63022
2023-05-03 15:36:17,18,19,16080,63022
2023-05-03 15:36:23,16,19,16084,63026
2023-05-03 15:36:24,16,18,16084,63026
2023-05-03 15:36:31,17,18,16084,63026
2023-05-03 15:36:37,16,18,16084,63026
2023-05-03 15:36:37,16,20,16084,63026
2023-05-03 15:36:38,17,20,16084,63026
2023-05-03 15:36:40,17,21,16084,63026
2023-05-03 15:36:41,17,20,16084,63026
2023-05-03 15:36:46,17,19,16084,63026
2023-05-03 15:36:48,16,17,16094,63036
2023-05-03 15:36:48,16,19,16094,63036
2023-05-03 15:36:48,16,20,16094,63036
2023-05-03 15:36:50,16,19,16094,63036
2023-05-03 15:36:53,16,20,16094,63036
2023-05-03 15:36:54,17,20,16094,63036
2023-05-03 15:36:54,17,19,16094,63036
2023-05-03 15:37:01,18,19,16094,63036
2023-05-03 15:37:05,17,19,16094,63036
2023-05-03 15:37:15,16,19,16105,63047
2023-05-03 15:37:16,16,18,16105,63047
2023-05-03 15:37:29,16,18,16105,63048
2023-05-03 15:37:29,16,18,16136,63079
2023-05-03 15:37:29,16,18,16136,63079
2023-05-03 15:37:29,16,17,16136,63079
2023-05-03 15:37:31,15,17,16136,63079
2023-05-03 15:37:33,15,17,16136,63082
2023-05-03 15:37:36,15,16,16136,63082
2023-05-03 15:37:36,15,16,16187,63133
2023-05-03 15:37:36,15,17,16187,63133
2023-05-03 15:37:39,16,17,16187,63133
2023-05-03 15:38:13,15,17,16189,63135
2023-05-03 15:38:37,16,17,16189,63135
2023-05-03 15:38:48,15,17,16189,63135
2023-05-03 15:38:52,16,17,16189,63135
2023-05-03 15:38:53,15,17,16189,63135
2023-05-03 15:38:54,16,17,16189,63135
2023-05-03 15:38:56,16,18,16189,63135
2023-05-03 15:39:16,15,18,16193,63139
2023-05-03 15:39:19,15,17,16193,63139
2023-05-03 15:39:42,15,16,16193,63139
2023-05-03 15:39:54,15,16,16193,63339
2023-05-03 15:40:01,13,15,16193,63359
2023-05-03 15:40:01,13,14,16193,63359
2023-05-03 15:40:07,13,14,16193,63379
2023-05-03 15:40:09,10,13,16273,63459
2023-05-03 15:40:09,10,14,16273,63459
2023-05-03 15:40:11,13,14,16273,63459
2023-05-03 15:40:11,10,13,16273,63463
2023-05-03 15:40:12,10,12,16273,63463
2023-05-03 15:40:22,10,11,16273,63463
2023-05-03 15:40:24,8,10,16360,63565
2023-05-03 15:40:25,8,11,16360,63565
2023-05-03 15:40:35,8,10,16360,63565
2023-05-03 15:40:45,8,10,16360,63602
2023-05-03 15:40:57,8,9,16360,63602
2023-05-03 15:40:58,8,9,16360,63621
2023-05-03 15:41:08,9,10,16358,63623
2023-05-03 15:41:08,8,10,16358,63623
2023-05-03 15:41:10,8,10,16356,63823
2023-05-03 15:41:11,8,10,16355,64023
2023-05-03 15:41:12,8,11,16355,64023
2023-05-03 15:41:12,10,11,16355,64023
2023-05-03 15:41:12,8,11,16355,64023
2023-05-03 15:41:15,9,11,16355,64023
2023-05-03 15:41:26,8,11,16355,64023
2023-05-03 15:41:29,8,10,16355,64023
2023-05-03 15:41:30,8,10,16356,64024
2023-05-03 15:41:33,9,10,16356,64024
2023-05-03 15:41:36,8,10,16356,64024
2023-05-03 15:41:39,9,10,16356,64024
2023-05-03 15:41:41,9,10,16256,64124
2023-05-03 15:41:43,8,10,16256,64124
2023-05-03 15:41:47,9,10,16256,64124
2023-05-03 15:41:47,10,11,16254,64126
2023-05-03 15:41:49,11,12,16253,64127
2023-05-03 15:41:49,10,12,16253,64127
2023-05-03 15:41:50,12,14,16252,64128
2023-05-03 15:41:50,10,14,16252,64128
2023-05-03 15:41:50,10,13,16252,64128
2023-05-03 15:41:52,10,12,16252,64128
2023-05-03 15:41:52,12,13,16251,64129
2023-05-03 15:41:52,10,13,16251,64129
2023-05-03 15:42:05,10,12,16251,64129
2023-05-03 15:42:08,10,11,16251,64129
2023-05-03 15:42:10,8,10,16251,64133
2023-05-03 15:42:14,8,9,16251,64133
2023-05-03 15:42:22,8,11,16251,64133
2023-05-03 15:42:26,7,8,16051,64430
2023-05-03 15:42:28,8,10,16048,64433
2023-05-03 15:42:28,8,11,16048,64433
2023-05-03 15:42:36,8,10,16048,64433
2023-05-03 15:42:40,9,10,16048,64433
2023-05-03 15:42:58,8,9,16048,64435
2023-05-03 15:42:59,9,10,16005,64478
2023-05-03 15:42:59,9,11,16005,64478
2023-05-03 15:43:02,11,12,15996,64487
2023-05-03 15:43:05,12,14,15986,64497
2023-05-03 15:43:05,12,15,15986,64497
2023-05-03 15:43:23,12,14,15986,64497
2023-05-03 15:43:34,13,14,15986,64497
2023-05-03 15:43:48,12,13,15990,64501
2023-05-03 15:43:49,12,14,15990,64501
2023-05-03 15:44:02,13,14,15990,64501
2023-05-03 15:44:14,13,15,15990,64501
2023-05-03 15:44:19,13,15,16073,64701
2023-05-03 15:44:20,12,13,16077,64705
2023-05-03 15:44:20,12,15,16077,64705
2023-05-03 15:44:22,12,14,16077,64705
2023-05-03 15:44:28,12,15,16077,64705
2023-05-03 15:44:31,13,15,16077,64705
2023-05-03 15:44:32,15,16,16077,64714
2023-05-03 15:44:43,13,15,16079,64716
2023-05-03 15:44:43,13,16,16079,64716
2023-05-03 15:44:47,13,15,16079,64716
2023-05-03 15:44:54,11,13,16081,64718
2023-05-03 15:44:55,11,15,16081,64718
2023-05-03 15:44:56,11,14,16081,64718
2023-05-03 15:44:59,9,14,16281,64918
2023-05-03 15:44:59,11,14,16281,64918
2023-05-03 15:45:00,11,13,16281,64918
2023-05-03 15:45:08,9,13,16281,64918
2023-05-03 15:45:14,10,13,16281,64918
2023-05-03 15:45:21,11,13,16281,64918
2023-05-03 15:45:21,12,13,16281,64918
2023-05-03 15:45:22,13,16,16281,64921
2023-05-03 15:45:22,13,16,16281,64921
2023-05-03 15:45:24,13,18,16281,64921
2023-05-03 15:45:24,13,17,16281,64921
2023-05-03 15:45:30,13,16,16281,64921
2023-05-03 15:45:34,13,15,16281,64921
2023-05-03 15:45:50,13,14,16281,64921
2023-05-03 15:45:52,12,13,16285,64925
2023-05-03 15:45:52,12,14,16285,64925
2023-05-03 15:45:57,12,13,16285,64925
2023-05-03 15:45:59,9,12,16289,64929
2023-05-03 15:45:59,9,13,16289,64929
2023-05-03 15:46:03,9,12,16289,64929
2023-05-03 15:46:03,9,11,16289,64929
2023-05-03 15:46:17,9,10,16289,64929
2023-05-03 15:46:21,7,9,16289,64931
2023-05-03 15:46:28,7,8,16289,64931
2023-05-03 15:46:29,7,9,16289,64931
2023-05-03 15:46:30,7,8,16289,64931
2023-05-03 15:46:33,7,9,16289,64931
2023-05-03 15:46:36,7,8,16289,64931
2023-05-03 15:46:41,7,9,16289,64931
2023-05-03 15:46:42,7,8,16289,64931
2023-05-03 15:46:50,7,8,16289,65131
2023-05-03 15:46:51,7,8,16335,65177
2023-05-03 15:46:51,5,7,16343,65185
2023-05-03 15:47:02,6,7,16343,65185
2023-05-03 15:47:07,5,7,16343,65185
2023-05-03 15:47:11,5,6,16343,65185
2023-05-03 15:47:35,4,5,16343,65589
2023-05-03 15:47:41,4,5,16343,65789
2023-05-03 15:47:54,4,5,16343,65989
2023-05-03 15:47:55,5,6,16343,66162
2023-05-03 15:47:56,4,6,16343,66162
2023-05-03 15:47:58,6,7,16341,66164
2023-05-03 15:47:58,4,7,16341,66164
2023-05-03 15:47:59,5,7,16341,66164
2023-05-03 15:48:07,7,9,16341,66210
2023-05-03 15:48:07,5,9,16341,66210
2023-05-03 15:48:07,5,8,16341,66210
2023-05-03 15:48:07,5,6,16341,66210
2023-05-03 15:48:08,6,8,16337,66214
2023-05-03 15:48:08,5,8,16337,66214
2023-05-03 15:48:08,5,7,16337,66214
2023-05-03 15:48:19,7,9,16336,66215
2023-05-03 15:48:19,5,9,16336,66215
2023-05-03 15:48:21,5,8,16336,66215
2023-05-03 15:48:22,5,9,16136,66415
2023-05-03 15:48:23,6,9,16136,66415
2023-05-03 15:48:29,6,8,16136,66415
2023-05-03 15:48:42,6,7,16136,66415
2023-05-03 15:48:42,5,6,16136,66419
2023-05-03 15:49:01,4,5,16136,66423
2023-05-03 15:49:06,3,4,16136,66427
2023-05-03 15:49:07,3,5,16136,66427
2023-05-03 15:49:10,3,4,16136,66427
2023-05-03 15:49:12,3,5,16136,66427
2023-05-03 15:49:18,3,5,16136,66428
2023-05-03 15:49:20,3,4,16136,66428
2023-05-03 15:49:30,3,4,15936,66628
2023-05-03 15:49:50,2,3,16472,67164
2023-05-03 15:50:11,2,3,16672,67364
2023-05-03 15:50:14,2,3,16872,67564
2023-05-03 15:50:33,3,4,16936,67634
2023-05-03 15:50:37,2,4,16936,67634
2023-05-03 15:51:13,1,4,17340,68038
2023-05-03 15:51:13,1,3,17340,68038
2023-05-03 15:51:16,1,2,17340,68038
2023-05-03 15:51:29,2,3,17340,68040
2023-05-03 15:51:30,1,3,17340,68040
2023-05-03 15:52:03,1,4,17335,68245
2023-05-03 15:52:12,1,4,17332,68248
2023-05-03 15:52:15,1,5,17332,68451
2023-05-03 15:52:17,1,4,17332,68451
2023-05-03 15:52:18,2,4,17332,68451
2023-05-03 15:52:25,2,3,17332,68451
2023-05-03 15:52:28,1,3,17332,68451
2023-05-03 15:52:47,1,2,17332,68451
2023-05-03 15:53:01,1,3,17332,68451
2023-05-03 15:53:10,1,2,17332,68451
2023-05-03 15:53:19,1,2,17532,68651
2023-05-03 15:53:32,1,2,17562,68681
2023-05-03 15:53:43,1,3,17562,68681
2023-05-03 15:53:56,1,2,17562,68681
2023-05-03 15:54:27,1,2,17562,68881
2023-05-03 15:55:00,1,2,17612,68931
2023-05-03 15:55:04,1,2,17612,69131
2023-05-03 15:55:05,0,1,17936,69955
2023-05-03 15:55:51,0,1,18196,70620
