datetime,bid,ask,open_interest,volume
2023-12-07 09:30:01,0,35,257,257
2023-12-07 09:30:01,0,37,257,257
2023-12-07 09:30:01,0,46,257,257
2023-12-07 09:30:25,9,46,257,257
2023-12-07 09:30:45,24,46,257,257
2023-12-07 09:30:45,26,46,257,257
2023-12-07 09:30:45,26,37,257,257
2023-12-07 09:31:00,26,35,257,257
2023-12-07 09:31:00,30,35,257,257
2023-12-07 09:31:00,31,33,257,257
2023-12-07 09:31:01,30,33,257,257
2023-12-07 09:31:04,30,32,257,257
2023-12-07 09:31:16,29,32,257,257
2023-12-07 09:31:34,30,32,257,257
2023-12-07 09:31:52,29,32,257,257
2023-12-07 09:32:02,29,31,257,257
2023-12-07 09:32:04,28,31,257,257
2023-12-07 09:32:04,28,30,257,257
2023-12-07 09:32:35,28,29,257,257
2023-12-07 09:32:46,28,30,257,257
2023-12-07 09:32:47,28,29,257,257
2023-12-07 09:32:48,28,30,257,257
2023-12-07 09:32:49,28,29,257,257
2023-12-07 09:32:54,28,29,317,317
2023-12-07 09:32:58,27,29,317,317
2023-12-07 09:33:04,27,30,317,317
2023-12-07 09:33:34,27,29,317,317
2023-12-07 09:34:06,27,28,317,317
2023-12-07 09:34:34,26,28,317,317
2023-12-07 09:34:38,26,27,317,317
2023-12-07 09:34:40,26,27,377,377
2023-12-07 09:34:41,25,27,377,377
2023-12-07 09:35:26,26,27,377,377
2023-12-07 09:35:29,26,28,377,377
2023-12-07 09:35:49,27,28,377,377
2023-12-07 09:35:49,27,29,377,377
2023-12-07 09:36:02,26,29,377,377
2023-12-07 09:36:08,26,28,377,377
2023-12-07 09:36:16,25,28,377,377
2023-12-07 09:36:17,25,27,377,377
2023-12-07 09:36:49,25,28,377,377
2023-12-07 09:36:49,26,28,377,377
2023-12-07 09:36:51,26,29,377,377
2023-12-07 09:36:53,26,28,377,377
2023-12-07 09:36:54,26,29,377,377
2023-12-07 09:36:57,27,29,377,377
2023-12-07 09:37:53,26,29,377,377
2023-12-07 09:37:55,26,28,377,377
2023-12-07 09:38:01,26,27,377,377
2023-12-07 09:38:01,25,27,377,377
2023-12-07 09:38:01,25,26,377,377
2023-12-07 09:38:02,25,27,377,377
2023-12-07 09:38:09,25,26,377,377
2023-12-07 09:38:12,24,26,377,377
2023-12-07 09:38:15,24,25,377,377
2023-12-07 09:38:23,23,25,377,377
2023-12-07 09:38:25,23,24,377,377
2023-12-07 09:38:31,22,24,377,377
2023-12-07 09:38:40,22,23,377,377
2023-12-07 09:38:40,22,24,377,377
2023-12-07 09:38:40,22,23,377,377
2023-12-07 09:38:58,22,23,377,627
2023-12-07 09:39:00,22,24,377,627
2023-12-07 09:39:01,22,23,377,627
2023-12-07 09:39:02,23,24,500,750
2023-12-07 09:39:02,23,25,500,750
2023-12-07 09:39:03,23,26,500,750
2023-12-07 09:39:05,24,26,500,750
2023-12-07 09:39:08,23,26,500,750
2023-12-07 09:39:10,23,25,500,750
2023-12-07 09:39:31,23,26,500,750
2023-12-07 09:39:35,24,26,500,750
2023-12-07 09:39:40,23,26,500,750
2023-12-07 09:39:44,23,25,500,750
2023-12-07 09:39:48,23,26,500,750
2023-12-07 09:39:51,24,26,500,750
2023-12-07 09:40:19,25,26,500,750
2023-12-07 09:40:22,25,27,500,750
2023-12-07 09:40:24,26,27,500,750
2023-12-07 09:40:26,26,28,500,750
2023-12-07 09:41:35,26,27,500,750
2023-12-07 09:41:37,26,28,500,750
2023-12-07 09:42:39,27,28,500,750
2023-12-07 09:42:45,27,29,500,750
2023-12-07 09:43:03,28,29,500,750
2023-12-07 09:43:39,27,29,500,750
2023-12-07 09:43:56,26,29,500,750
2023-12-07 09:44:03,26,28,500,750
2023-12-07 09:44:18,26,29,500,750
2023-12-07 09:44:23,27,29,500,750
2023-12-07 09:44:58,26,29,500,750
2023-12-07 09:44:58,27,29,500,750
2023-12-07 09:45:00,26,29,500,750
2023-12-07 09:45:08,27,29,500,750
2023-12-07 09:45:35,28,29,500,750
2023-12-07 09:45:35,27,29,577,827
2023-12-07 09:45:36,28,29,577,827
2023-12-07 09:45:38,28,30,577,827
2023-12-07 09:46:55,29,30,577,827
2023-12-07 09:46:57,29,31,577,827
2023-12-07 09:46:59,30,31,577,827
2023-12-07 09:47:03,30,32,650,1227
2023-12-07 09:47:42,31,32,650,1227
2023-12-07 09:47:42,30,32,770,1427
2023-12-07 09:47:48,30,32,850,1627
2023-12-07 09:47:49,31,32,850,1627
2023-12-07 09:47:52,30,32,970,1827
2023-12-07 09:48:01,31,32,970,1827
2023-12-07 09:48:29,30,32,970,1827
2023-12-07 09:48:38,31,32,970,1827
2023-12-07 09:48:52,31,33,1050,2027
2023-12-07 09:49:06,32,33,1050,2027
2023-12-07 09:49:09,32,33,1150,2207
2023-12-07 09:49:12,32,34,1150,2207
2023-12-07 09:49:52,32,34,1605,2762
2023-12-07 09:49:55,32,35,2050,3207
2023-12-07 09:49:56,33,35,2050,3207
2023-12-07 09:50:12,33,35,2050,3407
2023-12-07 09:50:15,34,35,2050,3407
2023-12-07 09:50:16,34,35,2050,3587
2023-12-07 09:50:26,34,36,2050,3587
2023-12-07 09:52:07,34,35,2050,3587
2023-12-07 09:52:17,34,36,2050,3587
2023-12-07 09:52:27,34,35,2050,3587
2023-12-07 09:52:34,33,35,2050,3587
2023-12-07 09:52:43,32,35,2050,3587
2023-12-07 09:52:47,32,34,2050,3587
2023-12-07 09:53:12,32,35,2050,3587
2023-12-07 09:53:12,33,35,2050,3587
2023-12-07 09:53:30,33,36,2050,3587
2023-12-07 09:53:31,34,36,2050,3587
2023-12-07 09:53:50,33,36,2050,3587
2023-12-07 09:53:53,34,36,2050,3587
2023-12-07 09:55:33,35,36,2050,3587
2023-12-07 09:55:38,34,36,2050,3587
2023-12-07 09:55:44,35,36,2050,3587
2023-12-07 09:55:53,34,36,2050,3587
2023-12-07 09:56:07,35,36,2050,3587
2023-12-07 09:56:09,35,36,2220,3757
2023-12-07 09:56:11,34,36,2220,3757
2023-12-07 09:56:24,34,35,2220,3757
2023-12-07 09:56:26,33,35,2220,3757
2023-12-07 09:56:43,33,34,2220,3757
2023-12-07 09:56:57,32,34,2220,3757
2023-12-07 09:57:06,32,35,2220,3757
2023-12-07 09:57:06,32,33,2220,3757
2023-12-07 09:57:21,32,33,2220,3817
2023-12-07 09:57:55,32,34,2220,3817
2023-12-07 09:58:10,33,34,2220,3817
2023-12-07 09:58:16,32,34,2220,3817
2023-12-07 09:58:35,33,34,2220,3817
2023-12-07 09:58:36,32,34,2220,3817
2023-12-07 09:58:39,33,34,2220,3817
2023-12-07 09:58:46,32,34,2220,3817
2023-12-07 09:58:49,32,35,2220,3817
2023-12-07 09:58:49,32,33,2220,3817
2023-12-07 09:59:01,32,34,2220,3817
2023-12-07 09:59:04,32,33,2220,3817
2023-12-07 09:59:07,32,34,2220,3817
2023-12-07 09:59:12,33,34,2220,3817
2023-12-07 09:59:22,33,35,2220,3987
2023-12-07 09:59:28,32,35,2220,3987
2023-12-07 09:59:31,33,35,2220,3987
2023-12-07 10:00:00,34,35,2220,3987
2023-12-07 10:00:00,34,36,2220,3987
2023-12-07 10:00:49,34,35,2220,3987
2023-12-07 10:00:50,33,35,2220,3987
2023-12-07 10:01:09,33,36,2220,3987
2023-12-07 10:01:22,33,35,2220,3987
2023-12-07 10:01:30,33,36,2220,3987
2023-12-07 10:01:31,33,35,2220,3987
2023-12-07 10:01:32,33,36,2220,3987
2023-12-07 10:02:05,33,35,2220,3987
2023-12-07 10:02:13,32,35,2220,3987
2023-12-07 10:02:15,33,35,2220,3987
2023-12-07 10:02:17,32,35,2220,3987
2023-12-07 10:02:18,33,35,2220,3987
2023-12-07 10:03:01,34,35,2220,3987
2023-12-07 10:03:01,34,36,2220,3987
2023-12-07 10:04:06,34,35,2220,3987
2023-12-07 10:04:11,34,36,2220,3987
2023-12-07 10:04:29,34,35,2220,3987
2023-12-07 10:04:33,34,36,2220,3987
2023-12-07 10:04:44,34,35,2220,3987
2023-12-07 10:04:50,33,35,2220,3987
2023-12-07 10:04:54,32,35,2220,3987
2023-12-07 10:04:58,33,35,2220,3987
2023-12-07 10:05:01,33,36,2220,3987
2023-12-07 10:05:27,33,35,2220,3987
2023-12-07 10:05:38,32,35,2220,3987
2023-12-07 10:05:46,32,35,2220,3987
2023-12-07 10:05:52,32,34,2220,3987
2023-12-07 10:06:17,32,33,2220,3987
2023-12-07 10:06:18,31,33,2220,3987
2023-12-07 10:06:22,31,33,2220,3995
2023-12-07 10:06:57,31,34,2220,3995
2023-12-07 10:06:57,32,34,2220,3995
2023-12-07 10:06:59,32,35,2220,3995
2023-12-07 10:06:59,33,35,2220,3995
2023-12-07 10:07:35,32,35,2220,3995
2023-12-07 10:07:36,32,34,2220,3995
2023-12-07 10:07:44,32,35,2220,3995
2023-12-07 10:08:06,32,34,2220,3995
2023-12-07 10:08:17,31,34,2220,3995
2023-12-07 10:08:21,32,34,2220,3995
2023-12-07 10:08:24,31,34,2220,3995
2023-12-07 10:08:30,31,33,2220,3995
2023-12-07 10:08:42,31,32,2220,3995
2023-12-07 10:08:58,31,33,2220,3995
2023-12-07 10:09:00,31,34,2220,3995
2023-12-07 10:09:00,31,34,2020,4195
2023-12-07 10:09:01,31,33,2020,4195
2023-12-07 10:09:09,31,34,2020,4195
2023-12-07 10:09:10,31,33,2020,4195
2023-12-07 10:09:11,32,33,2020,4195
2023-12-07 10:09:12,31,33,2020,4195
2023-12-07 10:09:12,32,33,2020,4195
2023-12-07 10:09:13,32,33,2020,4227
2023-12-07 10:09:13,32,34,2020,4227
2023-12-07 10:09:26,32,35,2020,4227
2023-12-07 10:09:30,33,35,2020,4227
2023-12-07 10:09:34,34,35,2020,4227
2023-12-07 10:09:55,33,35,2020,4227
2023-12-07 10:10:22,34,35,2020,4227
2023-12-07 10:10:26,34,36,2420,4627
2023-12-07 10:10:35,34,35,2420,4627
2023-12-07 10:10:41,33,35,2420,4627
2023-12-07 10:10:43,33,36,2420,4627
2023-12-07 10:10:48,33,35,2420,4627
2023-12-07 10:10:51,33,34,2420,4627
2023-12-07 10:10:51,32,34,2420,4627
2023-12-07 10:11:04,31,34,2420,4627
2023-12-07 10:11:05,31,33,2420,4627
2023-12-07 10:11:08,31,33,2430,4637
2023-12-07 10:11:08,32,33,2430,4637
2023-12-07 10:11:11,31,33,2430,4637
2023-12-07 10:11:14,31,32,2430,4637
2023-12-07 10:11:14,31,32,2430,4754
2023-12-07 10:11:16,31,32,2430,4807
2023-12-07 10:11:16,31,33,2430,4807
2023-12-07 10:11:16,31,32,2430,4807
2023-12-07 10:11:18,31,32,2430,4905
2023-12-07 10:11:18,31,33,2430,4905
2023-12-07 10:11:19,31,33,2430,4971
2023-12-07 10:11:21,31,33,2430,4997
2023-12-07 10:11:22,31,32,2430,4997
2023-12-07 10:11:28,31,33,2430,4997
2023-12-07 10:11:29,31,32,2430,4997
2023-12-07 10:11:30,31,32,2430,5137
2023-12-07 10:11:37,31,33,2430,5137
2023-12-07 10:11:40,31,32,2430,5137
2023-12-07 10:11:43,31,32,2430,5197
2023-12-07 10:11:44,30,32,2430,5197
2023-12-07 10:11:51,30,31,2430,5197
2023-12-07 10:11:53,30,32,2430,5197
2023-12-07 10:11:53,29,32,2328,5607
2023-12-07 10:11:54,29,31,2328,5607
2023-12-07 10:12:11,29,30,2328,5607
2023-12-07 10:12:18,29,30,2337,5616
2023-12-07 10:12:19,29,30,2467,5746
2023-12-07 10:12:20,28,30,2467,5746
2023-12-07 10:12:33,28,29,2467,5746
2023-12-07 10:12:35,27,29,2467,5746
2023-12-07 10:12:51,27,28,2467,5746
2023-12-07 10:12:52,27,29,2467,5746
2023-12-07 10:12:52,27,28,2467,5746
2023-12-07 10:12:59,27,29,2467,5746
2023-12-07 10:13:11,27,28,2467,5746
2023-12-07 10:13:15,27,28,2567,5846
2023-12-07 10:13:16,26,28,2667,5946
2023-12-07 10:13:32,26,29,2667,6146
2023-12-07 10:13:32,26,28,2667,6146
2023-12-07 10:13:33,26,29,2667,6146
2023-12-07 10:13:45,26,28,2667,6146
2023-12-07 10:13:58,26,27,2667,6146
2023-12-07 10:13:59,26,28,2814,6293
2023-12-07 10:14:01,26,27,2814,6293
2023-12-07 10:14:04,26,28,2993,6472
2023-12-07 10:14:04,26,27,2993,6472
2023-12-07 10:14:06,26,28,2993,6472
2023-12-07 10:14:06,26,27,2993,6472
2023-12-07 10:14:10,26,28,3179,6658
2023-12-07 10:14:10,26,27,3179,6658
2023-12-07 10:14:11,26,28,3378,6857
2023-12-07 10:14:11,26,27,3378,6857
2023-12-07 10:14:13,26,28,3540,7019
2023-12-07 10:14:14,26,27,3540,7019
2023-12-07 10:14:14,26,28,3540,7019
2023-12-07 10:14:14,26,27,3540,7019
2023-12-07 10:14:16,26,28,3650,7129
2023-12-07 10:14:24,26,27,3650,7129
2023-12-07 10:14:26,26,28,3650,7129
2023-12-07 10:14:27,26,27,3650,7129
2023-12-07 10:14:28,25,27,3750,7229
2023-12-07 10:14:39,25,28,3750,7229
2023-12-07 10:14:42,25,27,3750,7229
2023-12-07 10:14:43,25,28,3750,7229
2023-12-07 10:14:43,25,27,3750,7229
2023-12-07 10:14:46,25,28,3750,7229
2023-12-07 10:14:48,25,27,3750,7229
2023-12-07 10:14:58,25,28,3750,7229
2023-12-07 10:14:58,25,27,3750,7229
2023-12-07 10:15:01,25,26,3750,7229
2023-12-07 10:15:23,24,26,3750,7229
2023-12-07 10:15:23,24,26,3930,7409
2023-12-07 10:15:24,24,25,3930,7409
2023-12-07 10:15:25,24,25,4050,7529
2023-12-07 10:15:26,23,25,4050,7529
2023-12-07 10:15:42,23,24,4050,7529
2023-12-07 10:16:01,22,24,4050,7529
2023-12-07 10:16:01,22,23,4050,7529
2023-12-07 10:16:15,22,24,4050,7529
2023-12-07 10:16:20,22,23,4050,7529
2023-12-07 10:16:20,22,24,4050,7529
2023-12-07 10:16:21,22,23,4050,7529
2023-12-07 10:16:28,22,24,4050,7529
2023-12-07 10:16:28,22,23,4050,7529
2023-12-07 10:16:29,22,24,4050,7529
2023-12-07 10:16:30,22,25,4050,7529
2023-12-07 10:16:32,23,25,4050,7529
2023-12-07 10:16:45,22,25,4050,7529
2023-12-07 10:16:45,22,24,4050,7529
2023-12-07 10:17:04,22,23,4050,7529
2023-12-07 10:17:05,22,24,4050,7529
2023-12-07 10:17:05,22,23,4050,7529
2023-12-07 10:17:06,22,24,4050,7529
2023-12-07 10:17:06,22,23,4050,7529
2023-12-07 10:17:12,22,24,4050,7529
2023-12-07 10:17:12,22,23,4050,7529
2023-12-07 10:17:13,22,24,4050,7529
2023-12-07 10:17:13,22,23,4050,7529
2023-12-07 10:17:27,22,24,4050,7529
2023-12-07 10:17:37,23,24,4050,7529
2023-12-07 10:17:37,23,24,4550,8029
2023-12-07 10:17:39,23,24,4750,8229
2023-12-07 10:17:40,23,24,5250,8729
2023-12-07 10:17:46,23,24,5750,9229
2023-12-07 10:17:50,23,26,6050,9529
2023-12-07 10:18:04,23,25,6050,9529
2023-12-07 10:18:06,24,25,6050,9529
2023-12-07 10:18:08,24,26,6050,9529
2023-12-07 10:18:11,24,25,6050,9529
2023-12-07 10:18:14,24,26,6050,9529
2023-12-07 10:18:17,24,25,6050,9529
2023-12-07 10:18:31,23,25,6050,9529
2023-12-07 10:18:44,22,25,6050,9529
2023-12-07 10:18:44,23,25,6050,9529
2023-12-07 10:18:59,23,26,6050,9529
2023-12-07 10:19:00,24,26,6050,9529
2023-12-07 10:19:15,23,26,6050,9529
2023-12-07 10:19:28,24,26,6050,9529
2023-12-07 10:19:49,24,25,6050,9529
2023-12-07 10:19:49,24,25,6171,9650
2023-12-07 10:19:49,24,26,6171,9650
2023-12-07 10:19:50,23,26,6171,9650
2023-12-07 10:19:50,23,25,6171,9650
2023-12-07 10:20:07,22,25,6171,9650
2023-12-07 10:20:07,22,24,6171,9650
2023-12-07 10:20:14,22,25,6171,9650
2023-12-07 10:20:15,23,25,6171,9650
2023-12-07 10:20:15,23,26,6171,9650
2023-12-07 10:20:17,24,26,6171,9650
2023-12-07 10:20:20,23,26,6171,9650
2023-12-07 10:20:20,23,25,6171,9650
2023-12-07 10:20:29,22,25,6171,9650
2023-12-07 10:20:40,22,24,6171,9650
2023-12-07 10:20:57,22,24,6326,9805
2023-12-07 10:20:57,22,23,6326,9805
2023-12-07 10:21:01,22,23,6446,9925
2023-12-07 10:21:07,21,23,6626,10105
2023-12-07 10:21:28,21,22,6626,10105
2023-12-07 10:21:37,21,22,6791,10270
2023-12-07 10:21:38,20,22,6791,10270
2023-12-07 10:21:42,20,21,6791,10270
2023-12-07 10:21:42,19,21,6791,10270
2023-12-07 10:21:42,19,20,6791,10270
2023-12-07 10:21:42,18,20,6791,10270
2023-12-07 10:21:43,18,21,6791,10270
2023-12-07 10:21:43,18,20,6791,10270
2023-12-07 10:22:00,18,19,6791,10270
2023-12-07 10:22:11,18,20,6791,10325
2023-12-07 10:22:14,18,19,6791,10325
2023-12-07 10:22:27,18,19,7124,10658
2023-12-07 10:22:29,17,19,7186,10720
2023-12-07 10:22:32,16,19,7186,10720
2023-12-07 10:22:33,16,18,7186,10720
2023-12-07 10:22:39,17,18,7186,10720
2023-12-07 10:22:39,17,19,7186,10720
2023-12-07 10:22:56,17,18,7186,10720
2023-12-07 10:23:10,17,19,7186,10720
2023-12-07 10:23:22,17,20,7186,10965
2023-12-07 10:23:23,18,20,7186,10965
2023-12-07 10:23:31,17,20,7186,10965
2023-12-07 10:23:39,17,19,7186,10965
2023-12-07 10:23:40,18,19,7186,10965
2023-12-07 10:23:41,17,19,7186,10965
2023-12-07 10:24:36,17,18,7186,10965
2023-12-07 10:24:57,16,18,7286,11065
2023-12-07 10:25:20,16,19,7286,11065
2023-12-07 10:25:21,16,18,7286,11065
2023-12-07 10:25:27,17,18,7286,11065
2023-12-07 10:25:28,17,19,7286,11065
2023-12-07 10:25:34,17,19,7371,11150
2023-12-07 10:25:37,17,20,7371,11550
2023-12-07 10:25:40,18,20,7371,11550
2023-12-07 10:25:41,18,21,7371,11550
2023-12-07 10:25:41,18,20,7371,11550
2023-12-07 10:25:42,18,21,7371,11750
2023-12-07 10:25:44,18,20,7371,11750
2023-12-07 10:25:45,18,21,7371,11750
2023-12-07 10:25:46,18,20,7371,11750
2023-12-07 10:26:01,17,20,7371,11750
2023-12-07 10:26:11,18,20,7371,11750
2023-12-07 10:26:12,18,20,7493,11872
2023-12-07 10:26:12,18,19,7493,11872
2023-12-07 10:26:13,17,19,7493,11872
2023-12-07 10:26:17,17,20,7493,11872
2023-12-07 10:26:24,18,20,7493,11872
2023-12-07 10:26:25,18,21,7493,11872
2023-12-07 10:26:36,18,20,7493,11872
2023-12-07 10:26:42,18,20,7611,11990
2023-12-07 10:26:43,18,20,7730,12109
2023-12-07 10:26:44,17,20,7730,12109
2023-12-07 10:26:48,17,19,7730,12109
2023-12-07 10:26:53,17,20,7730,12346
2023-12-07 10:26:59,18,20,7730,12346
2023-12-07 10:26:59,18,19,7730,12346
2023-12-07 10:27:01,17,19,7730,12346
2023-12-07 10:27:28,17,20,7730,12346
2023-12-07 10:27:32,18,20,7730,12346
2023-12-07 10:27:32,18,21,7730,12346
2023-12-07 10:27:38,18,20,7730,12346
2023-12-07 10:27:40,17,20,7730,12346
2023-12-07 10:27:45,18,20,7730,12346
2023-12-07 10:27:52,17,20,7730,12346
2023-12-07 10:27:52,18,20,7730,12346
2023-12-07 10:27:52,17,20,7730,12346
2023-12-07 10:27:56,18,20,7730,12346
2023-12-07 10:28:03,17,20,7730,12346
2023-12-07 10:28:03,18,20,7730,12346
2023-12-07 10:28:05,18,19,7730,12346
2023-12-07 10:28:40,17,19,7790,12406
2023-12-07 10:28:42,17,19,7850,12466
2023-12-07 10:28:42,17,18,7850,12466
2023-12-07 10:28:43,16,18,7850,12466
2023-12-07 10:28:52,16,18,7989,12605
2023-12-07 10:28:54,16,18,8128,12744
2023-12-07 10:28:56,16,18,8200,12829
2023-12-07 10:29:05,16,17,8200,12829
2023-12-07 10:29:06,16,18,8200,12829
2023-12-07 10:29:10,16,17,8200,12829
2023-12-07 10:29:12,15,17,8200,12829
2023-12-07 10:29:21,16,17,8200,12829
2023-12-07 10:29:23,16,18,8200,13229
2023-12-07 10:29:28,15,18,8200,13229
2023-12-07 10:29:30,15,17,8200,13229
2023-12-07 10:29:38,15,18,8200,13229
2023-12-07 10:29:42,16,18,8200,13229
2023-12-07 10:29:52,15,18,8200,13229
2023-12-07 10:29:52,16,18,8200,13229
2023-12-07 10:29:53,15,18,8200,13229
2023-12-07 10:29:55,15,17,8200,13229
2023-12-07 10:29:55,16,17,8200,13229
2023-12-07 10:29:56,15,17,8200,13229
2023-12-07 10:30:10,15,18,8200,13229
2023-12-07 10:30:10,15,17,8200,13229
2023-12-07 10:30:10,15,18,8200,13229
2023-12-07 10:30:10,16,18,8200,13229
2023-12-07 10:30:11,15,18,8200,13229
2023-12-07 10:30:11,15,17,8200,13229
2023-12-07 10:30:21,16,17,8200,13229
2023-12-07 10:30:21,16,18,8200,13229
2023-12-07 10:30:23,15,18,8200,13229
2023-12-07 10:30:24,16,18,8200,13229
2023-12-07 10:30:26,16,18,8200,13289
2023-12-07 10:30:32,16,17,8200,13289
2023-12-07 10:30:37,16,18,8200,13289
2023-12-07 10:30:39,16,17,8200,13289
2023-12-07 10:30:43,16,18,8200,13289
2023-12-07 10:30:44,16,17,8200,13289
2023-12-07 10:30:46,16,17,8200,13305
2023-12-07 10:30:48,16,17,8200,13321
2023-12-07 10:30:50,16,17,8200,13337
2023-12-07 10:30:52,16,17,8200,13415
2023-12-07 10:30:54,16,17,8200,13489
2023-12-07 10:30:56,16,17,8200,13607
2023-12-07 10:30:58,16,17,8200,13704
2023-12-07 10:31:10,16,17,8000,13904
2023-12-07 10:31:11,16,17,7800,14104
2023-12-07 10:31:12,16,17,7300,14604
2023-12-07 10:31:15,16,17,6800,15104
2023-12-07 10:31:33,16,18,6800,15104
2023-12-07 10:31:46,16,19,6800,15104
2023-12-07 10:31:57,17,19,6800,15104
2023-12-07 10:32:08,17,20,6800,15104
2023-12-07 10:32:11,17,19,6800,15104
2023-12-07 10:32:14,17,20,6800,15104
2023-12-07 10:32:16,18,20,6800,15104
2023-12-07 10:32:16,18,20,6920,15224
2023-12-07 10:32:21,18,19,6920,15224
2023-12-07 10:32:23,17,19,6920,15224
2023-12-07 10:32:43,17,18,6920,15224
2023-12-07 10:33:14,16,18,6920,15224
2023-12-07 10:33:16,16,18,7065,15424
2023-12-07 10:33:20,16,17,7065,15424
2023-12-07 10:33:27,16,18,7065,15424
2023-12-07 10:33:31,16,17,7065,15424
2023-12-07 10:33:36,16,18,7065,15424
2023-12-07 10:33:49,17,18,7065,15424
2023-12-07 10:33:50,17,18,7235,15594
2023-12-07 10:33:51,16,18,7235,15594
2023-12-07 10:33:52,16,19,7235,15659
2023-12-07 10:33:59,17,19,7235,15659
2023-12-07 10:34:04,16,19,7235,15659
2023-12-07 10:34:04,16,18,7235,15659
2023-12-07 10:34:09,16,19,7235,15659
2023-12-07 10:34:10,17,19,7235,15659
2023-12-07 10:34:11,16,19,7235,15659
2023-12-07 10:34:12,16,18,7235,15659
2023-12-07 10:34:13,17,18,7235,15659
2023-12-07 10:34:13,17,19,7235,15659
2023-12-07 10:34:17,16,19,7235,15659
2023-12-07 10:34:18,17,19,7235,15659
2023-12-07 10:34:18,17,18,7235,15659
2023-12-07 10:34:19,16,18,7235,15659
2023-12-07 10:34:19,17,18,7235,15659
2023-12-07 10:34:30,16,18,7235,15659
2023-12-07 10:34:44,16,19,7235,15659
2023-12-07 10:34:51,17,19,7235,15659
2023-12-07 10:35:06,16,19,7235,15659
2023-12-07 10:35:12,16,18,7235,15659
2023-12-07 10:35:20,16,19,7235,15659
2023-12-07 10:35:21,16,18,7235,15659
2023-12-07 10:36:05,16,17,7235,15659
2023-12-07 10:36:06,16,18,7235,15659
2023-12-07 10:36:06,16,17,7235,15659
2023-12-07 10:36:09,16,17,7080,15814
2023-12-07 10:36:11,15,17,7050,15844
2023-12-07 10:36:25,15,16,7050,15844
2023-12-07 10:36:33,15,16,7110,15904
2023-12-07 10:36:35,15,16,7230,16024
2023-12-07 10:36:39,14,15,7230,16094
2023-12-07 10:37:44,14,16,7230,16224
2023-12-07 10:38:13,14,15,7230,16224
2023-12-07 10:38:14,14,16,7230,16224
2023-12-07 10:38:14,14,15,7230,16224
2023-12-07 10:38:15,14,16,7230,16224
2023-12-07 10:39:11,14,15,7230,16224
2023-12-07 10:39:24,14,15,7290,16284
2023-12-07 10:39:58,13,15,7290,16324
2023-12-07 10:40:01,13,14,7290,16324
2023-12-07 10:40:02,13,15,7290,16324
2023-12-07 10:40:06,13,14,7290,16324
2023-12-07 10:40:07,13,15,7290,16324
2023-12-07 10:40:09,13,14,7290,16324
2023-12-07 10:40:17,13,15,7290,16324
2023-12-07 10:40:38,13,16,7290,16324
2023-12-07 10:40:39,14,16,7290,16324
2023-12-07 10:40:39,15,16,7290,16324
2023-12-07 10:40:39,15,17,7290,16324
2023-12-07 10:40:40,15,18,7290,16324
2023-12-07 10:40:40,15,17,7290,16324
2023-12-07 10:40:41,15,18,7290,16324
2023-12-07 10:40:43,15,17,7290,16324
2023-12-07 10:40:44,15,18,7290,16324
2023-12-07 10:41:01,15,17,7290,16324
2023-12-07 10:41:16,15,18,7290,16324
2023-12-07 10:41:18,16,18,7290,16324
2023-12-07 10:41:41,15,18,7290,16324
2023-12-07 10:41:43,15,17,7290,16324
2023-12-07 10:41:47,16,17,7290,16324
2023-12-07 10:41:47,16,18,7290,16324
2023-12-07 10:41:50,16,17,7290,16324
2023-12-07 10:41:51,16,18,7290,16324
2023-12-07 10:42:05,15,18,7290,16324
2023-12-07 10:42:09,15,17,7290,16324
2023-12-07 10:42:15,15,18,7290,16324
2023-12-07 10:42:27,16,18,7290,16324
2023-12-07 10:42:32,15,18,7290,16324
2023-12-07 10:42:37,16,18,7290,16324
2023-12-07 10:42:37,16,17,7290,16324
2023-12-07 10:42:40,15,17,7290,16324
2023-12-07 10:42:59,15,16,7290,16324
2023-12-07 10:42:59,15,17,7290,16324
2023-12-07 10:43:02,15,16,7290,16324
2023-12-07 10:43:04,15,17,7290,16324
2023-12-07 10:43:07,15,16,7290,16324
2023-12-07 10:43:08,15,17,7290,16324
2023-12-07 10:43:08,15,16,7290,16324
2023-12-07 10:43:09,15,17,7422,16456
2023-12-07 10:43:09,15,18,7422,16456
2023-12-07 10:43:09,15,17,7422,16456
2023-12-07 10:43:26,16,17,7422,16456
2023-12-07 10:43:26,16,18,7422,16456
2023-12-07 10:43:34,15,18,7422,16456
2023-12-07 10:43:34,15,17,7422,16456
2023-12-07 10:44:10,15,16,7422,16456
2023-12-07 10:44:25,15,17,7422,16456
2023-12-07 10:44:26,15,16,7422,16456
2023-12-07 10:44:27,15,17,7422,16456
2023-12-07 10:44:27,15,16,7422,16456
2023-12-07 10:44:37,15,17,7422,16456
2023-12-07 10:45:00,15,16,7422,16456
2023-12-07 10:45:04,15,17,7422,16456
2023-12-07 10:45:39,15,16,7422,16456
2023-12-07 10:45:39,15,17,7422,16456
2023-12-07 10:45:40,15,16,7422,16456
2023-12-07 10:45:44,15,17,7422,16456
2023-12-07 10:45:44,15,16,7422,16456
2023-12-07 10:45:48,14,16,7422,16456
2023-12-07 10:46:31,14,17,7422,16456
2023-12-07 10:46:34,15,17,7422,16456
2023-12-07 10:46:43,14,17,7422,16456
2023-12-07 10:46:43,15,17,7422,16456
2023-12-07 10:46:46,14,17,7422,16456
2023-12-07 10:46:46,15,17,7422,16456
2023-12-07 10:46:47,14,17,7422,16456
2023-12-07 10:46:48,15,17,7422,16456
2023-12-07 10:46:50,14,17,7422,16456
2023-12-07 10:47:04,14,16,7422,16456
2023-12-07 10:47:07,14,17,7422,16456
2023-12-07 10:47:08,14,16,7422,16456
2023-12-07 10:47:09,14,17,7422,16456
2023-12-07 10:47:09,14,16,7422,16456
2023-12-07 10:47:09,15,16,7422,16456
2023-12-07 10:47:11,14,16,7422,16456
2023-12-07 10:47:17,15,16,7422,16456
2023-12-07 10:47:21,14,16,7422,16456
2023-12-07 10:47:23,15,16,7422,16456
2023-12-07 10:47:24,15,17,7422,16456
2023-12-07 10:47:25,14,17,7422,16456
2023-12-07 10:47:25,15,17,7422,16456
2023-12-07 10:47:29,15,16,7422,16456
2023-12-07 10:47:46,14,16,7422,16456
2023-12-07 10:47:46,15,16,7422,16456
2023-12-07 10:47:47,14,16,7422,16456
2023-12-07 10:47:49,15,16,7422,16456
2023-12-07 10:47:52,15,17,7422,16456
2023-12-07 10:48:00,15,16,7422,16456
2023-12-07 10:48:01,14,16,7422,16456
2023-12-07 10:48:14,14,17,7422,16456
2023-12-07 10:48:18,14,16,7422,16456
2023-12-07 10:48:44,14,15,7422,16456
2023-12-07 10:49:18,13,15,7422,16456
2023-12-07 10:49:18,14,15,7422,16456
2023-12-07 10:49:40,13,15,7422,16456
2023-12-07 10:49:51,14,15,7422,16456
2023-12-07 10:50:39,14,15,7922,16956
2023-12-07 10:50:50,13,15,7922,16956
2023-12-07 10:51:28,14,15,7922,16956
2023-12-07 10:51:28,13,15,7922,16956
2023-12-07 10:51:29,14,15,7922,16956
2023-12-07 10:51:29,13,14,7922,17068
2023-12-07 10:51:32,13,14,8122,17268
2023-12-07 10:51:32,13,14,8622,17768
2023-12-07 10:51:34,13,14,8822,17968
2023-12-07 10:51:38,13,14,9022,18168
2023-12-07 10:51:38,13,14,9522,18668
2023-12-07 10:51:38,13,16,9522,18668
2023-12-07 10:51:38,14,16,9522,18668
2023-12-07 10:51:49,15,16,9522,18668
2023-12-07 10:51:58,14,16,9522,18668
2023-12-07 10:51:58,15,16,9522,18668
2023-12-07 10:52:09,14,16,9522,18668
2023-12-07 10:52:12,15,16,9522,18668
2023-12-07 10:52:13,14,16,9522,18668
2023-12-07 10:52:17,15,16,9522,18668
2023-12-07 10:52:26,14,16,9522,18668
2023-12-07 10:52:28,14,15,9522,18668
2023-12-07 10:52:56,13,15,9522,18668
2023-12-07 10:53:12,14,15,9522,18668
2023-12-07 10:53:13,13,15,9522,18668
2023-12-07 10:53:18,14,15,9522,18668
2023-12-07 10:54:05,14,16,9522,18668
2023-12-07 10:54:17,14,15,9522,18668
2023-12-07 10:54:20,14,16,9522,18668
2023-12-07 10:54:22,15,16,9522,18668
2023-12-07 10:54:38,15,17,9522,18668
2023-12-07 10:54:41,16,17,9522,18668
2023-12-07 10:54:42,15,17,9522,18668
2023-12-07 10:54:42,16,17,9522,18668
2023-12-07 10:54:43,15,17,9522,18668
2023-12-07 10:54:49,15,16,9522,18668
2023-12-07 10:54:52,14,16,9522,18668
2023-12-07 10:54:56,15,16,9522,18668
2023-12-07 10:54:59,15,17,9522,18668
2023-12-07 10:55:12,16,17,9522,18668
2023-12-07 10:55:13,15,17,9522,18668
2023-12-07 10:55:13,16,17,9522,18668
2023-12-07 10:55:14,16,18,9522,18668
2023-12-07 10:55:23,16,17,9522,18668
2023-12-07 10:55:24,16,18,9522,18668
2023-12-07 10:55:26,16,17,9522,18668
2023-12-07 10:55:28,16,18,9522,18668
2023-12-07 10:55:30,16,17,9522,18668
2023-12-07 10:55:35,15,17,9522,18668
2023-12-07 10:55:35,16,17,9522,18668
2023-12-07 10:55:35,15,17,9522,18668
2023-12-07 10:55:51,16,17,9522,18668
2023-12-07 10:56:10,16,18,9522,18668
2023-12-07 10:56:25,16,17,9522,18668
2023-12-07 10:56:32,16,18,9522,18668
2023-12-07 10:56:34,16,17,9522,18668
2023-12-07 10:56:49,16,18,9522,18668
2023-12-07 10:57:07,17,18,9522,18668
2023-12-07 10:57:18,16,18,9522,18668
2023-12-07 10:57:22,16,17,9522,18668
2023-12-07 10:57:31,15,17,9522,18668
2023-12-07 10:57:31,16,17,9522,18668
2023-12-07 10:57:34,15,17,9522,18668
2023-12-07 10:57:35,15,16,9522,18668
2023-12-07 10:57:35,14,16,9522,18668
2023-12-07 10:57:45,14,17,9522,18668
2023-12-07 10:57:48,15,17,9522,18668
2023-12-07 10:57:53,15,18,9522,18668
2023-12-07 10:57:54,16,18,9522,18668
2023-12-07 10:57:54,16,18,9522,18722
2023-12-07 10:58:07,16,17,9522,18722
2023-12-07 10:58:08,16,18,9522,18922
2023-12-07 10:58:24,17,18,9522,18922
2023-12-07 10:58:40,16,18,9522,18922
2023-12-07 10:58:51,16,17,9522,18922
2023-12-07 10:58:51,15,17,9522,18922
2023-12-07 10:58:52,16,17,9522,18922
2023-12-07 10:58:52,15,17,9522,18922
2023-12-07 10:59:02,14,17,9522,18922
2023-12-07 10:59:02,14,16,9522,18922
2023-12-07 10:59:22,14,15,9522,18922
2023-12-07 10:59:29,14,16,9522,18922
2023-12-07 10:59:30,15,16,9522,18922
2023-12-07 10:59:32,14,16,9522,18922
2023-12-07 10:59:37,15,16,9522,18922
2023-12-07 10:59:38,14,16,9522,18922
2023-12-07 10:59:43,15,16,9522,18922
2023-12-07 10:59:45,14,15,9522,19111
2023-12-07 11:00:05,13,14,9360,19273
2023-12-07 11:00:06,13,15,9360,19273
2023-12-07 11:00:22,14,15,9360,19273
2023-12-07 11:00:29,13,15,9360,19273
2023-12-07 11:00:29,14,15,9360,19273
2023-12-07 11:00:33,13,15,9360,19273
2023-12-07 11:00:34,14,15,9360,19273
2023-12-07 11:00:35,13,15,9360,19273
2023-12-07 11:00:36,14,15,9360,19273
2023-12-07 11:01:11,13,15,9360,19273
2023-12-07 11:01:39,14,15,9360,19273
2023-12-07 11:01:54,13,15,9360,19273
2023-12-07 11:01:54,14,15,9360,19273
2023-12-07 11:02:05,14,16,9360,19273
2023-12-07 11:02:08,14,15,9360,19273
2023-12-07 11:02:16,14,16,9360,19273
2023-12-07 11:02:22,14,15,9360,19273
2023-12-07 11:02:35,14,16,9360,19273
2023-12-07 11:02:37,15,16,9360,19273
2023-12-07 11:02:38,13,14,9860,19972
2023-12-07 11:02:40,13,14,10360,20472
2023-12-07 11:02:42,13,14,10860,20972
2023-12-07 11:02:45,13,16,11161,21273
2023-12-07 11:02:45,14,16,11161,21273
2023-12-07 11:02:45,15,16,11161,21273
2023-12-07 11:02:46,14,16,11161,21273
2023-12-07 11:02:53,15,16,11161,21273
2023-12-07 11:03:34,15,17,11161,21273
2023-12-07 11:03:38,14,17,11161,21273
2023-12-07 11:03:41,14,16,11161,21273
2023-12-07 11:03:45,15,16,11161,21273
2023-12-07 11:03:45,15,17,11161,21273
2023-12-07 11:04:18,16,17,11161,21273
2023-12-07 11:04:28,15,17,11161,21273
2023-12-07 11:04:33,16,17,11161,21273
2023-12-07 11:04:33,15,17,11161,21273
2023-12-07 11:04:33,16,17,11161,21273
2023-12-07 11:04:43,15,17,11161,21273
2023-12-07 11:04:43,15,16,11161,21273
2023-12-07 11:04:54,14,16,11161,21273
2023-12-07 11:05:05,15,16,11161,21273
2023-12-07 11:05:16,14,16,11161,21273
2023-12-07 11:05:17,15,16,11161,21273
2023-12-07 11:05:30,14,16,11161,21273
2023-12-07 11:05:34,15,16,11161,21273
2023-12-07 11:05:38,14,16,11161,21273
2023-12-07 11:05:44,15,16,11161,21273
2023-12-07 11:05:45,14,16,11161,21273
2023-12-07 11:05:47,14,15,11161,21273
2023-12-07 11:05:49,14,16,11161,21273
2023-12-07 11:05:55,15,16,11161,21273
2023-12-07 11:05:56,14,16,11161,21273
2023-12-07 11:05:56,15,16,11161,21273
2023-12-07 11:05:57,14,16,11161,21273
2023-12-07 11:05:57,14,15,11161,21273
2023-12-07 11:06:06,13,15,11161,21273
2023-12-07 11:06:23,14,15,11161,21273
2023-12-07 11:06:56,13,15,11161,21273
2023-12-07 11:06:56,14,15,11161,21273
2023-12-07 11:07:25,13,15,11161,21273
2023-12-07 11:07:25,14,15,11161,21273
2023-12-07 11:07:31,13,15,11161,21273
2023-12-07 11:07:31,13,14,11161,21273
2023-12-07 11:07:57,12,14,11161,21273
2023-12-07 11:07:57,13,14,11161,21273
2023-12-07 11:08:07,13,15,11161,21273
2023-12-07 11:08:07,14,15,11161,21273
2023-12-07 11:08:37,13,15,11161,21273
2023-12-07 11:08:37,13,14,11161,21273
2023-12-07 11:08:42,12,14,11161,21273
2023-12-07 11:08:42,13,14,11161,21273
2023-12-07 11:08:47,12,14,11161,21273
2023-12-07 11:08:47,12,13,11161,21273
2023-12-07 11:09:22,12,13,11161,21473
2023-12-07 11:10:15,11,12,11047,21637
2023-12-07 11:10:41,11,13,11047,21637
2023-12-07 11:10:41,12,13,11047,21637
2023-12-07 11:10:41,11,13,11047,21769
2023-12-07 11:10:41,12,13,11047,21769
2023-12-07 11:10:45,11,13,11047,21933
2023-12-07 11:10:45,12,13,11047,21933
2023-12-07 11:10:46,11,13,11047,21933
2023-12-07 11:10:47,11,14,11047,21933
2023-12-07 11:10:48,12,14,11047,21933
2023-12-07 11:10:51,11,14,11047,21933
2023-12-07 11:11:02,12,14,11047,21933
2023-12-07 11:11:26,13,14,11047,21933
2023-12-07 11:11:29,12,14,11047,21933
2023-12-07 11:11:29,13,14,11047,21933
2023-12-07 11:11:33,13,15,11047,22133
2023-12-07 11:11:33,14,15,11047,22133
2023-12-07 11:11:48,13,15,11047,22133
2023-12-07 11:11:48,14,15,11047,22133
2023-12-07 11:11:50,13,15,11047,22133
2023-12-07 11:11:51,14,15,11047,22133
2023-12-07 11:12:01,14,16,11047,22133
2023-12-07 11:12:21,15,16,11047,22133
2023-12-07 11:12:21,14,16,11047,22133
2023-12-07 11:12:21,15,16,11047,22133
2023-12-07 11:12:39,15,16,11147,22633
2023-12-07 11:12:40,15,17,11147,22633
2023-12-07 11:12:46,16,17,11147,22633
2023-12-07 11:12:47,16,18,11147,22633
2023-12-07 11:12:50,17,19,11147,22633
2023-12-07 11:12:53,18,19,11147,22633
2023-12-07 11:12:53,18,20,11347,23033
2023-12-07 11:13:07,18,19,11347,23033
2023-12-07 11:13:12,18,20,11347,23033
2023-12-07 11:13:13,18,19,11347,23033
2023-12-07 11:13:16,18,20,11347,23033
2023-12-07 11:13:17,18,19,11347,23033
2023-12-07 11:13:20,18,20,11347,23033
2023-12-07 11:13:20,18,19,11347,23033
2023-12-07 11:13:21,18,20,11347,23033
2023-12-07 11:13:21,18,19,11347,23033
2023-12-07 11:13:25,18,20,11347,23033
2023-12-07 11:13:25,18,19,11347,23033
2023-12-07 11:13:26,18,20,11347,23033
2023-12-07 11:13:40,18,19,11347,23033
2023-12-07 11:14:22,18,20,11347,23033
2023-12-07 11:14:24,19,20,11347,23033
2023-12-07 11:14:26,19,21,11347,23033
2023-12-07 11:14:38,20,21,11347,23033
2023-12-07 11:14:39,20,23,11347,23033
2023-12-07 11:14:42,21,23,11347,23033
2023-12-07 11:14:50,20,23,11347,23033
2023-12-07 11:15:00,21,23,11347,23033
2023-12-07 11:15:01,21,22,11347,23033
2023-12-07 11:15:04,21,23,11347,23033
2023-12-07 11:15:14,21,23,11347,23093
2023-12-07 11:15:19,21,22,11347,23093
2023-12-07 11:15:30,22,23,11347,23215
2023-12-07 11:15:30,21,23,11347,23293
2023-12-07 11:15:30,21,22,11347,23293
2023-12-07 11:15:31,22,23,11454,23440
2023-12-07 11:15:31,21,23,11507,23493
2023-12-07 11:15:32,22,23,11507,23493
2023-12-07 11:15:32,22,24,11507,23493
2023-12-07 11:15:36,23,24,11507,23493
2023-12-07 11:15:37,23,25,11507,23493
2023-12-07 11:15:49,23,24,11507,23493
2023-12-07 11:15:51,23,25,11683,23669
2023-12-07 11:15:51,23,24,11683,23669
2023-12-07 11:15:52,23,25,11683,23669
2023-12-07 11:15:55,23,24,11683,23669
2023-12-07 11:15:55,23,25,11855,23841
2023-12-07 11:15:56,23,24,11855,23841
2023-12-07 11:15:57,23,25,11963,23949
2023-12-07 11:15:57,23,24,11963,23949
2023-12-07 11:15:58,24,25,12116,24102
2023-12-07 11:15:59,23,25,12116,24102
2023-12-07 11:15:59,23,24,12116,24102
2023-12-07 11:16:00,23,25,12279,24265
2023-12-07 11:16:00,23,24,12279,24265
2023-12-07 11:16:01,23,25,12408,24394
2023-12-07 11:16:01,23,24,12408,24394
2023-12-07 11:16:03,23,25,12530,24516
2023-12-07 11:16:03,23,24,12530,24516
2023-12-07 11:16:05,24,25,12719,24705
2023-12-07 11:16:07,23,25,12719,24705
2023-12-07 11:16:07,23,24,12719,24705
2023-12-07 11:16:09,23,25,12871,24857
2023-12-07 11:16:10,24,25,12871,24857
2023-12-07 11:16:11,24,26,13184,25170
2023-12-07 11:16:14,25,26,13184,25170
2023-12-07 11:16:14,25,27,13184,25170
2023-12-07 11:16:18,26,27,13184,25170
2023-12-07 11:16:24,26,28,13184,25170
2023-12-07 11:16:31,25,28,13184,25170
2023-12-07 11:16:31,25,27,13184,25170
2023-12-07 11:16:49,25,28,13184,25170
2023-12-07 11:17:00,26,28,13184,25170
2023-12-07 11:17:22,25,28,13184,25170
2023-12-07 11:17:24,26,28,13184,25170
2023-12-07 11:17:33,27,28,13184,25170
2023-12-07 11:17:34,27,29,13184,25170
2023-12-07 11:17:35,28,29,13184,25170
2023-12-07 11:17:35,28,30,13184,25170
2023-12-07 11:17:35,28,30,13247,25233
2023-12-07 11:17:36,29,30,13247,25233
2023-12-07 11:17:51,28,30,13247,25233
2023-12-07 11:17:53,29,30,13247,25233
2023-12-07 11:17:54,28,30,13247,25233
2023-12-07 11:18:04,28,31,13247,25233
2023-12-07 11:18:04,28,29,13247,25233
2023-12-07 11:18:12,28,31,13247,25233
2023-12-07 11:18:12,28,30,13247,25233
2023-12-07 11:18:25,29,30,13247,25233
2023-12-07 11:18:41,29,32,13247,25233
2023-12-07 11:18:41,30,32,13247,25233
2023-12-07 11:18:41,30,31,13247,25233
2023-12-07 11:19:21,30,32,13247,25233
2023-12-07 11:19:23,31,32,13247,25233
2023-12-07 11:19:24,31,33,13247,25233
2023-12-07 11:19:24,32,33,13247,25233
2023-12-07 11:19:25,32,34,13247,25233
2023-12-07 11:19:25,33,34,13247,25233
2023-12-07 11:19:25,33,34,13358,25344
2023-12-07 11:19:43,32,34,13358,25344
2023-12-07 11:19:43,32,33,13358,25344
2023-12-07 11:19:45,31,33,13358,25344
2023-12-07 11:19:48,31,34,13358,25344
2023-12-07 11:19:48,31,32,13358,25344
2023-12-07 11:19:50,31,34,13358,25344
2023-12-07 11:19:50,31,33,13358,25344
2023-12-07 11:19:52,31,34,13358,25344
2023-12-07 11:19:52,31,32,13358,25344
2023-12-07 11:20:02,30,32,13358,25344
2023-12-07 11:20:03,30,33,13358,25344
2023-12-07 11:20:03,30,31,13358,25344
2023-12-07 11:20:20,30,33,13358,25344
2023-12-07 11:20:20,30,32,13358,25344
2023-12-07 11:20:40,31,32,13358,25344
2023-12-07 11:20:50,30,32,13358,25344
2023-12-07 11:20:58,30,31,13358,25344
2023-12-07 11:21:55,30,32,13358,25344
2023-12-07 11:22:01,30,33,13358,25344
2023-12-07 11:22:01,30,32,13358,25344
2023-12-07 11:22:01,30,31,13358,25344
2023-12-07 11:22:38,30,32,13358,25344
2023-12-07 11:22:38,30,33,13358,25344
2023-12-07 11:22:38,30,32,13358,25344
2023-12-07 11:22:48,30,33,13358,25344
2023-12-07 11:22:48,30,32,13358,25344
2023-12-07 11:22:48,30,31,13358,25344
2023-12-07 11:23:27,29,31,13358,25344
2023-12-07 11:23:27,29,30,13358,25344
2023-12-07 11:24:11,29,31,13358,25344
2023-12-07 11:24:16,30,31,13358,25344
2023-12-07 11:24:37,29,31,13358,25344
2023-12-07 11:24:39,29,31,13358,25544
2023-12-07 11:24:59,28,31,13358,25544
2023-12-07 11:24:59,28,30,13358,25544
2023-12-07 11:25:08,28,31,13358,25544
2023-12-07 11:25:08,28,30,13358,25544
2023-12-07 11:25:08,28,29,13358,25544
2023-12-07 11:25:24,27,29,13358,25544
2023-12-07 11:25:25,27,28,13358,25544
2023-12-07 11:25:34,26,28,13358,25544
2023-12-07 11:25:43,26,29,13358,25544
2023-12-07 11:25:44,26,28,13358,25544
2023-12-07 11:25:44,26,29,13358,25544
2023-12-07 11:25:44,27,29,13358,25544
2023-12-07 11:25:44,27,30,13358,25544
2023-12-07 11:25:44,27,29,13358,25544
2023-12-07 11:25:48,27,28,13358,25544
2023-12-07 11:25:49,26,28,13358,25544
2023-12-07 11:26:05,26,27,13358,25544
2023-12-07 11:26:06,26,28,13358,25544
2023-12-07 11:26:13,26,27,13358,25544
2023-12-07 11:26:16,26,28,13358,25544
2023-12-07 11:26:23,26,27,13358,25544
2023-12-07 11:26:41,25,27,13358,25544
2023-12-07 11:26:41,25,26,13358,25544
2023-12-07 11:26:46,25,26,13554,25740
2023-12-07 11:26:46,24,25,13558,25744
2023-12-07 11:26:46,24,26,13558,25744
2023-12-07 11:26:47,24,25,13558,25744
2023-12-07 11:26:48,23,25,13558,25744
2023-12-07 11:27:41,23,24,13558,25744
2023-12-07 11:27:56,22,24,13558,25744
2023-12-07 11:28:05,22,23,13558,25744
2023-12-07 11:28:07,22,24,13558,25744
2023-12-07 11:28:21,22,23,13558,25744
2023-12-07 11:28:24,22,24,13558,25744
2023-12-07 11:28:48,23,24,13558,25744
2023-12-07 11:28:50,23,25,13558,25744
2023-12-07 11:28:58,23,24,13558,25744
2023-12-07 11:29:00,22,24,13558,25744
2023-12-07 11:29:19,22,23,13558,25744
2023-12-07 11:29:21,22,24,13558,25744
2023-12-07 11:29:33,22,23,13558,25744
2023-12-07 11:29:35,22,24,13558,25744
2023-12-07 11:29:40,22,23,13558,25744
2023-12-07 11:29:51,21,23,13558,25744
2023-12-07 11:30:04,21,22,13558,25744
2023-12-07 11:30:07,21,23,13558,25744
2023-12-07 11:30:08,21,22,13558,25744
2023-12-07 11:30:11,20,22,13558,25744
2023-12-07 11:30:18,20,23,13558,25744
2023-12-07 11:30:18,21,23,13558,25744
2023-12-07 11:30:19,21,22,13558,25744
2023-12-07 11:30:23,20,22,13558,25744
2023-12-07 11:30:51,20,21,13558,25744
2023-12-07 11:30:54,19,21,13558,25744
2023-12-07 11:30:58,19,20,13558,25744
2023-12-07 11:30:59,18,20,13558,25744
2023-12-07 11:31:12,19,20,13558,25744
2023-12-07 11:31:15,19,21,13558,25744
2023-12-07 11:31:24,19,20,13558,25744
2023-12-07 11:31:32,18,20,13558,25744
2023-12-07 11:31:32,19,20,13558,25744
2023-12-07 11:31:39,18,20,13558,25744
2023-12-07 11:31:52,18,19,13558,25744
2023-12-07 11:31:54,17,19,13558,25744
2023-12-07 11:32:05,17,18,13558,25744
2023-12-07 11:32:06,16,18,13558,25744
2023-12-07 11:32:23,17,18,13558,25744
2023-12-07 11:32:47,16,18,13558,25744
2023-12-07 11:32:47,17,18,13558,25744
2023-12-07 11:32:49,16,18,13558,25744
2023-12-07 11:32:54,16,17,13558,25744
2023-12-07 11:32:54,15,17,13558,25744
2023-12-07 11:33:12,15,16,13558,25744
2023-12-07 11:33:26,14,16,13558,25744
2023-12-07 11:33:26,15,16,13558,25744
2023-12-07 11:33:29,14,16,13558,25744
2023-12-07 11:33:29,15,16,13558,25744
2023-12-07 11:33:31,15,16,13358,25944
2023-12-07 11:33:31,14,16,13358,25944
2023-12-07 11:33:31,14,15,13358,25944
2023-12-07 11:33:33,14,16,13358,25944
2023-12-07 11:33:33,15,16,13358,25944
2023-12-07 11:33:36,14,16,13358,25944
2023-12-07 11:33:36,14,15,13358,25944
2023-12-07 11:33:43,13,15,13358,25944
2023-12-07 11:33:45,13,14,13358,25944
2023-12-07 11:33:58,12,14,13358,25944
2023-12-07 11:34:01,12,13,13358,25944
2023-12-07 11:34:01,13,14,13295,26007
2023-12-07 11:34:01,12,14,13295,26007
2023-12-07 11:34:05,12,13,13295,26007
2023-12-07 11:34:08,11,13,13295,26007
2023-12-07 11:34:15,12,13,13295,26007
2023-12-07 11:34:23,11,13,13295,26121
2023-12-07 11:34:23,12,13,13295,26121
2023-12-07 11:34:30,11,13,13295,26121
2023-12-07 11:34:30,12,13,13295,26121
2023-12-07 11:34:31,11,13,13295,26121
2023-12-07 11:34:31,12,13,13295,26121
2023-12-07 11:34:32,12,13,13295,26241
2023-12-07 11:34:32,12,13,13295,26361
2023-12-07 11:34:33,11,13,13295,26512
2023-12-07 11:34:33,12,13,13295,26512
2023-12-07 11:34:40,12,13,13295,26668
2023-12-07 11:34:42,12,13,13295,26803
2023-12-07 11:34:44,12,13,13295,26933
2023-12-07 11:34:46,12,13,13295,26993
2023-12-07 11:34:48,12,13,13295,27100
2023-12-07 11:34:50,12,13,13295,27167
2023-12-07 11:35:43,12,14,13295,27167
2023-12-07 11:35:43,13,14,13295,27167
2023-12-07 11:35:43,13,14,13295,27211
2023-12-07 11:35:44,12,13,13183,27323
2023-12-07 11:35:59,11,13,13183,27323
2023-12-07 11:35:59,12,13,13183,27323
2023-12-07 11:36:41,11,12,13009,27497
2023-12-07 11:36:42,11,13,13009,27497
2023-12-07 11:36:43,11,12,13009,27497
2023-12-07 11:36:53,10,12,13009,27497
2023-12-07 11:36:59,11,12,13009,27497
2023-12-07 11:37:17,10,12,13009,27497
2023-12-07 11:37:17,11,12,13009,27497
2023-12-07 11:37:20,10,12,13009,27497
2023-12-07 11:37:21,11,12,13009,27497
2023-12-07 11:37:38,10,12,13009,27497
2023-12-07 11:37:39,10,11,13009,27497
2023-12-07 11:37:55,9,11,13009,27497
2023-12-07 11:37:55,10,11,13009,27497
2023-12-07 11:37:58,9,11,13009,27497
2023-12-07 11:37:58,10,11,13009,27497
2023-12-07 11:38:49,9,10,12875,27631
2023-12-07 11:38:50,9,11,12875,27631
2023-12-07 11:38:53,10,11,12875,27631
2023-12-07 11:39:14,9,11,12875,27631
2023-12-07 11:39:14,10,11,12875,27631
2023-12-07 11:39:39,9,11,12875,27631
2023-12-07 11:39:40,9,10,12875,27631
2023-12-07 11:39:53,9,10,12875,27831
2023-12-07 11:39:55,8,10,12875,27881
2023-12-07 11:40:00,8,9,12875,27881
2023-12-07 11:40:03,7,9,12875,27881
2023-12-07 11:40:17,7,8,12875,27881
2023-12-07 11:40:22,6,8,12875,27881
2023-12-07 11:40:22,7,8,12875,27881
2023-12-07 11:40:25,7,9,12875,27881
2023-12-07 11:40:25,8,9,12875,27881
2023-12-07 11:40:29,7,9,12875,27881
2023-12-07 11:40:33,8,9,12875,27881
2023-12-07 11:40:36,7,9,12875,27881
2023-12-07 11:40:36,8,9,12875,27881
2023-12-07 11:41:03,7,9,12875,27881
2023-12-07 11:41:03,8,9,12875,27881
2023-12-07 11:41:22,8,10,12875,27881
2023-12-07 11:41:22,9,10,12875,27881
2023-12-07 11:42:06,8,9,12715,28041
2023-12-07 11:42:07,8,10,12715,28041
2023-12-07 11:42:08,9,10,12715,28041
2023-12-07 11:42:09,8,9,12682,28175
2023-12-07 11:42:10,8,10,12682,28175
2023-12-07 11:42:16,7,10,12682,28175
2023-12-07 11:42:16,8,10,12682,28175
2023-12-07 11:42:20,9,10,12682,28175
2023-12-07 11:42:21,8,10,12682,28175
2023-12-07 11:42:24,9,10,12682,28175
2023-12-07 11:42:25,8,10,12682,28175
2023-12-07 11:42:28,9,10,12682,28175
2023-12-07 11:43:18,8,10,12682,28175
2023-12-07 11:43:18,9,10,12682,28175
2023-12-07 11:43:22,9,11,12682,28175
2023-12-07 11:43:36,9,10,12682,28175
2023-12-07 11:43:55,9,11,12682,28175
2023-12-07 11:44:10,8,11,12682,28175
2023-12-07 11:44:10,9,11,12682,28175
2023-12-07 11:44:11,10,11,12682,28175
2023-12-07 11:44:12,9,11,12682,28175
2023-12-07 11:44:12,10,11,12682,28175
2023-12-07 11:44:12,9,11,12682,28299
2023-12-07 11:44:13,10,11,12682,28299
2023-12-07 11:44:14,10,11,12697,28415
2023-12-07 11:44:15,9,11,12697,28415
2023-12-07 11:44:15,9,11,12697,28415
2023-12-07 11:44:15,10,11,12697,28415
2023-12-07 11:44:20,9,11,12697,28415
2023-12-07 11:44:22,9,10,12697,28415
2023-12-07 11:44:30,8,10,12697,28415
2023-12-07 11:44:30,9,10,12697,28415
2023-12-07 11:44:50,7,10,12697,28415
2023-12-07 11:44:50,8,10,12697,28415
2023-12-07 11:44:50,9,10,12697,28415
2023-12-07 11:44:51,8,10,12697,28415
2023-12-07 11:44:52,8,9,12697,28415
2023-12-07 11:44:58,8,10,12697,28415
2023-12-07 11:45:03,8,9,12697,28415
2023-12-07 11:45:11,7,9,12697,28415
2023-12-07 11:45:24,7,10,12697,28415
2023-12-07 11:45:25,7,9,12697,28415
2023-12-07 11:45:30,8,9,12697,28415
2023-12-07 11:46:05,7,9,12697,28415
2023-12-07 11:46:20,7,8,12697,28415
2023-12-07 11:46:39,7,8,12897,28615
2023-12-07 11:46:40,6,8,12897,28615
2023-12-07 11:46:46,6,7,12897,28615
2023-12-07 11:47:16,6,8,12897,28615
2023-12-07 11:47:16,7,8,12897,28615
2023-12-07 11:47:16,7,8,13007,28725
2023-12-07 11:47:20,7,8,13009,28727
2023-12-07 11:48:12,6,8,13009,28727
2023-12-07 11:48:12,7,8,13009,28727
2023-12-07 11:48:25,6,8,13009,28727
2023-12-07 11:48:25,7,8,13009,28727
2023-12-07 11:48:37,6,8,13009,28727
2023-12-07 11:48:37,7,8,13009,28727
2023-12-07 11:49:19,6,8,13009,28727
2023-12-07 11:49:19,7,8,13009,28727
2023-12-07 11:49:22,6,8,13009,28727
2023-12-07 11:49:22,7,8,13009,28727
2023-12-07 11:49:33,6,8,13009,28727
2023-12-07 11:49:33,7,8,13009,28727
2023-12-07 11:49:43,6,8,13009,28727
2023-12-07 11:49:43,7,8,13009,28727
2023-12-07 11:50:30,6,8,13009,28727
2023-12-07 11:50:30,7,8,13009,28727
2023-12-07 11:50:56,7,9,13409,29127
2023-12-07 11:52:13,6,9,13409,29127
2023-12-07 11:52:13,7,9,13409,29127
2023-12-07 11:52:16,8,9,13409,29127
2023-12-07 11:52:16,8,9,13469,29187
2023-12-07 11:52:16,7,9,13469,29187
2023-12-07 11:52:17,8,9,13469,29187
2023-12-07 11:52:18,7,9,13469,29187
2023-12-07 11:52:18,8,9,13469,29187
2023-12-07 11:52:22,7,9,13469,29187
2023-12-07 11:52:31,8,9,13469,29187
2023-12-07 11:52:31,7,9,13469,29187
2023-12-07 11:52:47,6,9,13469,29187
2023-12-07 11:52:47,7,9,13469,29187
2023-12-07 11:53:04,6,9,13469,29187
2023-12-07 11:53:10,6,8,13469,29187
2023-12-07 11:53:21,6,7,13469,29187
2023-12-07 11:56:29,6,8,13469,29187
2023-12-07 11:56:29,7,8,13469,29187
2023-12-07 11:56:29,7,8,13529,29247
2023-12-07 11:56:57,6,8,13529,29247
2023-12-07 11:56:58,7,8,13529,29247
2023-12-07 11:57:50,6,8,13529,29247
2023-12-07 11:57:50,7,8,13529,29247
2023-12-07 11:57:52,6,8,13529,29247
2023-12-07 11:58:11,6,7,13529,29247
2023-12-07 11:59:16,6,7,13729,29447
2023-12-07 12:00:00,6,7,13731,29449
2023-12-07 12:00:01,5,6,13899,29617
2023-12-07 12:00:02,5,7,13899,29617
2023-12-07 12:00:02,6,7,13899,29617
2023-12-07 12:00:03,5,6,14067,29785
2023-12-07 12:00:08,5,6,14067,29787
2023-12-07 12:00:19,5,6,14067,29847
2023-12-07 12:00:40,5,7,14067,29847
2023-12-07 12:00:40,6,7,14067,29847
2023-12-07 12:02:22,5,7,14067,29847
2023-12-07 12:02:22,6,7,14067,29847
2023-12-07 12:03:37,6,8,14067,29847
2023-12-07 12:03:41,7,8,14067,29847
2023-12-07 12:03:41,7,8,14128,29908
2023-12-07 12:03:41,6,8,14128,29908
2023-12-07 12:03:43,7,8,14128,29908
2023-12-07 12:03:44,6,8,14128,29908
2023-12-07 12:03:44,7,8,14128,29908
2023-12-07 12:04:10,6,8,14128,29908
2023-12-07 12:05:22,7,8,14128,29908
2023-12-07 12:05:50,7,8,14328,30108
2023-12-07 12:06:06,7,8,14448,30228
2023-12-07 12:06:15,6,8,14448,30228
2023-12-07 12:06:18,7,8,14448,30228
2023-12-07 12:06:20,6,8,14448,30228
2023-12-07 12:06:41,5,8,14448,30228
2023-12-07 12:06:43,6,8,14448,30228
2023-12-07 12:06:56,6,7,14448,30228
2023-12-07 12:07:00,5,7,14448,30228
2023-12-07 12:07:00,6,7,14448,30228
2023-12-07 12:07:17,5,7,14448,30228
2023-12-07 12:07:17,6,7,14448,30228
2023-12-07 12:07:53,5,7,14448,30228
2023-12-07 12:07:53,6,7,14448,30228
2023-12-07 12:08:14,5,6,14641,30421
2023-12-07 12:13:40,5,6,14641,30621
2023-12-07 12:13:41,5,6,14641,31021
2023-12-07 12:14:45,5,6,14641,31156
2023-12-07 12:16:37,4,5,14766,31281
2023-12-07 12:16:38,4,6,14766,31281
2023-12-07 12:16:38,5,6,14766,31281
2023-12-07 12:16:40,4,5,14872,31387
2023-12-07 12:16:41,4,6,14872,31387
2023-12-07 12:16:44,4,5,14872,31387
2023-12-07 12:17:02,4,5,15113,31628
2023-12-07 12:17:09,4,5,15301,31816
2023-12-07 12:17:20,4,5,15490,32005
2023-12-07 12:17:21,3,5,15490,32005
2023-12-07 12:17:21,4,5,15490,32005
2023-12-07 12:17:25,3,5,15490,32005
2023-12-07 12:17:25,4,5,15490,32005
2023-12-07 12:17:26,3,5,15490,32005
2023-12-07 12:17:26,4,5,15490,32005
2023-12-07 12:17:28,4,5,15614,32129
2023-12-07 12:17:29,3,5,15614,32129
2023-12-07 12:17:29,4,5,15614,32129
2023-12-07 12:18:13,3,5,15614,32129
2023-12-07 12:18:13,4,5,15614,32129
2023-12-07 12:18:15,3,5,15614,32129
2023-12-07 12:18:15,4,5,15614,32129
2023-12-07 12:18:17,3,5,15614,32129
2023-12-07 12:18:22,3,4,15614,32129
2023-12-07 12:19:09,3,4,15745,32260
2023-12-07 12:19:11,3,4,15869,32384
2023-12-07 12:19:47,3,4,15989,32504
2023-12-07 12:19:49,3,4,16013,32528
2023-12-07 12:20:08,3,4,16114,32648
2023-12-07 12:20:12,2,4,16114,32648
2023-12-07 12:20:14,3,4,16114,32648
2023-12-07 12:20:16,2,4,16114,32648
2023-12-07 12:22:17,3,4,16114,32648
2023-12-07 12:22:17,2,4,16233,32767
2023-12-07 12:22:17,3,4,16233,32767
2023-12-07 12:22:18,3,4,16252,32786
2023-12-07 12:22:20,2,4,16381,32915
2023-12-07 12:22:20,3,4,16381,32915
2023-12-07 12:22:27,2,4,16497,33031
2023-12-07 12:22:27,3,4,16497,33031
2023-12-07 12:22:36,2,4,16497,33031
2023-12-07 12:22:36,3,4,16497,33031
2023-12-07 12:24:59,2,4,16497,33031
2023-12-07 12:24:59,3,4,16497,33031
2023-12-07 12:26:15,2,4,16497,33031
2023-12-07 12:26:15,3,4,16497,33031
2023-12-07 12:26:24,2,4,16497,33031
2023-12-07 12:26:25,3,4,16497,33031
2023-12-07 12:26:58,2,4,16497,33031
2023-12-07 12:26:58,3,4,16497,33031
2023-12-07 12:27:00,2,4,16497,33031
2023-12-07 12:28:20,3,4,16497,33031
2023-12-07 12:28:39,2,4,16497,33031
2023-12-07 12:28:42,3,4,16497,33031
2023-12-07 12:29:04,2,4,16497,33031
2023-12-07 12:29:04,3,4,16497,33031
2023-12-07 12:29:14,2,4,16497,33031
2023-12-07 12:33:54,2,3,16497,33031
2023-12-07 12:35:26,2,4,16497,33031
2023-12-07 12:35:26,3,4,16497,33031
2023-12-07 12:36:57,2,4,16497,33031
2023-12-07 12:36:57,3,4,16497,33031
2023-12-07 12:37:36,2,4,16497,33031
2023-12-07 12:37:54,3,4,16497,33031
2023-12-07 12:39:02,3,4,16525,33059
2023-12-07 12:39:05,2,4,16525,33059
2023-12-07 12:39:05,3,4,16525,33059
2023-12-07 12:39:09,2,4,16525,33059
2023-12-07 12:39:09,3,4,16525,33059
2023-12-07 12:40:28,2,4,16525,33059
2023-12-07 12:40:30,3,4,16525,33059
2023-12-07 12:40:43,2,4,16525,33059
2023-12-07 12:40:43,3,4,16525,33059
2023-12-07 12:43:31,3,5,16525,33059
2023-12-07 12:43:31,4,5,16525,33059
2023-12-07 12:43:43,3,5,16525,33059
2023-12-07 12:43:43,4,5,16525,33059
2023-12-07 12:43:58,3,5,16525,33059
2023-12-07 12:44:06,3,4,16525,33059
2023-12-07 12:44:11,2,4,16525,33059
2023-12-07 12:44:11,3,4,16525,33059
2023-12-07 12:44:27,2,4,16525,33059
2023-12-07 12:44:27,3,4,16525,33059
2023-12-07 12:44:47,3,5,16525,33059
2023-12-07 12:45:06,4,5,16525,33059
2023-12-07 12:45:58,3,5,16525,33059
2023-12-07 12:46:06,2,5,16525,33059
2023-12-07 12:46:06,3,5,16525,33059
2023-12-07 12:46:12,3,4,16525,33059
2023-12-07 12:46:20,2,4,16525,33059
2023-12-07 12:46:21,3,4,16525,33059
2023-12-07 12:46:53,2,4,16525,33059
2023-12-07 12:46:53,3,4,16525,33059
2023-12-07 12:47:07,2,4,16525,33059
2023-12-07 12:47:07,3,4,16525,33059
2023-12-07 12:47:16,2,4,16525,33059
2023-12-07 12:47:16,3,4,16525,33059
2023-12-07 12:47:25,2,4,16525,33059
2023-12-07 12:47:25,3,4,16525,33059
2023-12-07 12:47:34,2,4,16525,33059
2023-12-07 12:47:34,3,4,16525,33059
2023-12-07 12:47:51,3,4,16725,33259
2023-12-07 12:47:56,3,5,16725,33259
2023-12-07 12:48:38,2,5,16725,33259
2023-12-07 12:48:38,3,5,16725,33259
2023-12-07 12:48:43,3,4,16725,33259
2023-12-07 12:48:52,3,5,16725,33259
2023-12-07 12:49:20,2,5,16725,33259
2023-12-07 12:49:20,3,5,16725,33259
2023-12-07 12:49:37,3,4,16725,33259
2023-12-07 12:50:17,2,4,16725,33259
2023-12-07 12:50:17,3,4,16725,33259
2023-12-07 12:50:56,2,4,16725,33259
2023-12-07 12:50:58,3,4,16725,33259
2023-12-07 12:50:59,2,4,16725,33259
2023-12-07 12:50:59,3,4,16725,33259
2023-12-07 12:51:00,3,5,16725,33259
2023-12-07 12:51:00,2,5,16725,33259
2023-12-07 12:51:03,3,5,16725,33259
2023-12-07 12:51:05,2,5,16725,33259
2023-12-07 12:51:05,3,5,16725,33259
2023-12-07 12:51:49,4,5,16725,33259
2023-12-07 12:51:50,3,5,16725,33259
2023-12-07 12:51:51,4,5,16725,33259
2023-12-07 12:52:00,3,5,16725,33259
2023-12-07 12:52:00,2,5,16725,33259
2023-12-07 12:52:00,4,5,16725,33259
2023-12-07 12:52:00,3,5,16725,33259
2023-12-07 12:52:00,4,5,16725,33259
2023-12-07 12:52:13,3,5,16725,33259
2023-12-07 12:52:14,4,5,16725,33259
2023-12-07 12:52:19,3,5,16725,33259
2023-12-07 12:52:19,4,5,16725,33259
2023-12-07 12:52:21,3,5,16725,33259
2023-12-07 12:52:44,2,5,16725,33259
2023-12-07 12:52:44,3,5,16725,33259
2023-12-07 12:52:48,3,4,16725,33259
2023-12-07 12:52:50,3,5,16725,33259
2023-12-07 12:53:11,3,4,16725,33259
2023-12-07 12:53:13,3,5,16725,33259
2023-12-07 12:53:42,3,4,16725,33259
2023-12-07 12:53:56,2,4,16725,33259
2023-12-07 12:53:56,3,4,16725,33259
2023-12-07 12:54:23,2,4,16725,33259
2023-12-07 12:59:33,3,4,16725,33259
2023-12-07 12:59:43,2,4,16725,33259
2023-12-07 12:59:44,3,4,16725,33259
2023-12-07 13:00:04,2,4,16725,33259
2023-12-07 13:00:27,3,4,16725,33259
2023-12-07 13:00:28,2,4,16725,33259
2023-12-07 13:00:50,3,4,16725,33259
2023-12-07 13:00:51,2,4,16725,33259
2023-12-07 13:00:52,3,4,16725,33259
2023-12-07 13:00:52,2,4,16725,33259
2023-12-07 13:00:53,3,4,16725,33259
2023-12-07 13:00:53,2,4,16725,33259
2023-12-07 13:01:38,2,3,16725,33259
2023-12-07 13:06:33,2,3,16925,33459
2023-12-07 13:17:43,2,3,16925,33484
2023-12-07 13:20:52,2,4,16925,33484
2023-12-07 13:20:52,3,4,16925,33484
2023-12-07 13:20:58,2,4,16925,33484
2023-12-07 13:20:58,3,4,16925,33484
2023-12-07 13:21:30,2,4,16925,33484
2023-12-07 13:21:30,3,4,16925,33484
2023-12-07 13:22:11,2,4,16925,33484
2023-12-07 13:22:11,3,4,16925,33484
2023-12-07 13:23:11,2,3,17395,33954
2023-12-07 13:28:39,2,3,17395,34142
2023-12-07 13:28:46,2,3,17395,34279
2023-12-07 13:28:53,2,3,17395,34396
2023-12-07 13:28:56,2,3,17395,34518
2023-12-07 13:35:57,2,3,17395,34718
2023-12-07 13:36:09,2,3,17395,34905
2023-12-07 13:36:13,2,3,17395,35105
2023-12-07 13:42:02,1,3,17395,35105
2023-12-07 13:53:04,1,2,17395,35105
2023-12-07 14:09:01,0,2,17395,35105
2023-12-07 14:09:10,1,2,17395,35105
2023-12-07 14:13:07,1,2,17507,35217
2023-12-07 14:13:13,1,2,17614,35324
2023-12-07 14:13:18,1,2,17679,35389
2023-12-07 14:13:20,1,2,17767,35477
2023-12-07 14:13:22,1,2,17859,35569
2023-12-07 14:15:42,1,2,17919,35629
2023-12-07 14:16:33,1,2,18028,35738
2023-12-07 14:17:12,1,2,18119,35829
2023-12-07 14:18:24,1,2,18175,35885
2023-12-07 14:18:37,1,2,18203,35913
2023-12-07 14:18:50,1,2,18258,35968
2023-12-07 14:18:57,1,2,18318,36028
2023-12-07 14:18:59,1,2,18447,36157
2023-12-07 14:19:03,1,2,18647,36357
2023-12-07 14:19:10,1,2,18793,36503
2023-12-07 14:21:19,1,2,18841,36551
2023-12-07 14:21:27,0,2,18895,36605
2023-12-07 14:33:46,0,1,18895,36605
2023-12-07 14:45:53,1,2,18905,36615
2023-12-07 14:47:57,0,2,19895,37605
2023-12-07 15:17:44,1,2,19895,37605
2023-12-07 15:17:44,1,2,20065,37775
2023-12-07 15:17:58,0,1,20095,37805
